4042 6198
276 341 394 402 633

1328 341 1734 403 COMMENT.
1783 341 1862 402 IN
1907 341 2305 404 CANTICUM
2351 338 2658 401 CANTIC.

3568 339 3687 398 634

276 470 513 542 Τοιαύτη
573 469 678 546 γὰρ
728 471 794 540 ἦν
851 473 886 541 ἡ
939 471 1380 545 παρακαλίσασα,
1412 473 1486 536 ὡς
1519 474 1594 548 μή
1643 493 1909 550 παρακουε

2036 478 2180 540 erat,
2232 491 2358 546 quze
2412 473 2778 547 precabatur,
2831 472 2897 526 ut
2971 468 3189 543 despici
3251 486 3366 525 non
3426 469 3682 536 deberet,

275 562 485 630 σθῆναι.
518 561 674 618 Ὅθεν
707 560 1037 635 ποιούμενος
1068 562 1204 638 πρὸς
1238 561 1405 632 αὐτὴν
1462 565 1561 633 τὴν
1611 563 1918 638 ἀπόκρισιν,

277 652 456 728 φασίν·
519 648 797 720 Εἰσῆλθον
830 651 904 711 εἰς
959 651 1136 720 κῆπόν
1200 673 1325 724 μου,
1387 649 1593 731 ἀδελφή
1634 674 1737 726 μου
1782 651 1919 724 νύμ-

275 761 368 818 ιρη.
395 737 643 810 Δηλαδῆ,
675 741 772 797 "Ov
805 739 938 809 αὐτοὶ,
960 740 1350 815 κατεφύτευσας
1376 739 1775 806 διδασκαλικῶς
1801 747 1919 804 ταῖς

275 828 428 901 ἐμαῖς
487 828 760 891 ὲντολαῖς’
823 827 870 883 δ’
926 831 1000 883 ὧν
1054 827 1297 906 ἰδιώχθη
1363 831 1458 904 μὲν
1508 831 1779 907 ὁχειμὼν
1813 835 1917 885 τῶν

273 920 481 985 παθῶν,
542 913 760 980 ἔπνευςε
790 915 848 972 δὲ
881 940 984 992 μου
1021 919 1080 974 τὸ
1140 920 1399 994 πανάγιον
1430 923 1668 993 Πνεῦμα,
1716 919 1804 974 καὶ
1855 920 1921 974 τὰ

272 1005 320 1061 ἂν
352 1011 428 1078 τῷ
456 1007 694 1080 τοιούτῳ
723 1010 887 1080 κήπῳ
935 1009 1074 1086 φυτὰ
1130 1006 1381 1084 ἤνεγκεν,
1441 1011 1529 1063 οἷα
1589 1010 1731 1085 μύρα
1787 1030 1920 1063 παν-

267 1100 385 1150 τοῖα
433 1095 564 1158 τοὺς
615 1100 722 1150 τῶν
774 1097 976 1172 ἀρετῶν
1025 1095 1252 1174 λόγους·
1306 1099 1421 1152 καθ’
1483 1097 1575 1162 οῧς
1622 1098 1710 1153 καὶ
1760 1098 1920 1160 αὐτὸς

269 1182 528 1254 ιῖσῆλθον
560 1184 611 1239 ἐν
643 1187 820 1259 τούτῳ
848 1184 928 1258 τῷ
956 1188 1141 1259 κήπῳ,
1178 1187 1228 1240 ὲν
1283 1188 1328 1259 ᾧ
1356 1188 1424 1242 τὰ
1459 1185 1564 1259 ἐμὰ
1613 1187 1919 1261 θελήματα,

267 1273 484 1350 αἰἇγιαί
541 1294 646 1346 μου
695 1273 913 1330 ξντολαί
964 1275 1354 1352 ἐφυτεύθησαν·
1409 1273 1742 1352 δρεψάμενος
1784 1275 1920 1330 πάν-

265 1383 371 1424 τως
425 1362 520 1417 τὸν
581 1362 781 1418 τούτου
830 1365 1061 1439 καρπὸν,
1111 1364 1172 1426 ὅς
1205 1363 1347 1420 ἔστιν
1383 1367 1417 1434 ἡ
1462 1369 1572 1420 τῶν
1619 1364 1922 1440 εἰρημένων

271 1449 505 1506 ὶντολῶν
562 1451 804 1522 ποίησις.
861 1451 1102 1531 Ἀδελιρή
1160 1475 1285 1528 μου,
1319 1458 1415 1509 106
1444 1455 1580 1510 κατά
1601 1453 1755 1532 φύσιν
1795 1456 1923 1508 Υἱοῦ

267 1544 358 1595 106
389 1545 529 1597 θεοῦ
557 1542 648 1596 καὶ
679 1544 909 1617 Πατρὸς,
961 1543 1036 1607 ὡς
1084 1548 1317 1598 ποιοῦσα
1363 1544 1426 1598 τὸ
1458 1542 1676 1617 θὲλημα
1705 1543 1900 1599 τούτου

270 1629 354 1684 καὶ
383 1631 763 1702 υἱοθετηθεῖσα
795 1631 946 1705 αύτῷ
973 1632 1109 1688 κατᾶ
1157 1633 1341 1709 χάριν·
1399 1634 1489 1688 καὶ
1548 1633 1733 1711 νύμφη
1795 1613 1924 1716 μους

269 1719 338 1782 ὡς
376 1717 723 1788 κολληθεῖσά
772 1743 866 1794 μοι
933 1719 1001 1776 δι’
1051 1721 1265 1798 ἀγάπης
1312 1721 1402 1777 καὶ
1462 1727 1675 1796 πνεῦμα
1733 1720 1787 1778 ἓν
1841 1745 1924 1799 γε·

265 1807 484 1880 νομίνη.
551 1808 828 1865 Εἰσελθὼν
882 1808 941 1864 δὲ
999 1809 1051 1866 ἐν
1102 1815 1182 1883 τῷ
1241 1811 1517 1886 εἰρημένῳ
1572 1814 1736 1884 κήπῳ
1795 1833 1920 1885 μου,

275 1897 571 1972 Ἐτρύγησα
626 1898 866 1974 σμύρναν
900 1901 1034 1972 μετᾶ
1090 1899 1394 1977 ἀρωμάτων
1455 1919 1582 1974 μουο
1643 1900 1790 1971 ἤτοι,
1822 1902 1918 1971 τήν

278 1989 366 2039 106
421 1991 684 2062 σαρκικοῦ
743 1991 1095 2065 φρονήματος
1151 1994 1258 2043 τῶν
1321 1990 1775 2063 μαθητευομὲνων
1836 2012 1918 2046 σοι

277 2074 535 2149 νὲκρωσιν
569 2076 704 2147 μετὰ
749 2080 858 2130 τῶν
911 2076 1193 2150 ἐπομὲνων
1239 2079 1405 2146 ταύτη
1435 2079 1658 2154 ἀρετῶν.
1721 2081 1789 2137 Οἱ
1817 2081 1918 2156 γὰρ

277 2162 422 2236 σαρκῖ
491 2162 584 2218 καὶ
636 2164 830 2238 κόσμῳ
877 2167 1238 2241 νικρώσαντες
1290 2168 1352 2222 τὸ
1411 2168 1692 2243 φρόνημα,
1751 2169 1917 2224 Ilvati-

282 2272 398 2322 ματι
444 2256 612 2307 10610
673 2258 916 2323 ζητοῦσι,
973 2256 1062 2310 καὶ
1117 2257 1486 2334 προσφέρουσι
1520 2262 1634 2330 Θεῷ
1674 2257 1762 2312 οἷά
1799 2279 1920 2314 τινα

275 2340 470 2415 καρπὸν
500 2341 826 2414 ἀρωμάτων,
885 2342 1121 2400 ἐντολῶν
1155 2345 1317 2400 αύτοῦ
1363 2347 1608 2417 ποίησιν
1669 2347 1794 2422 περὶ
1849 2349 1916 2417 ἧς

277 2449 448 2505 φησιν·
513 2432 750 2509 Ἕφαγον
806 2430 965 2508 ἄρτον
1003 2455 1107 2506 μου
1169 2435 1303 2507 μετὰ
1335 2435 1559 2507 μέλιτός
1593 2456 1720 2509 μου·
1765 2435 1914 2492 ἒπιον

276 2517 407 2571 οἶνόν
458 2540 567 2590 μου
621 2521 754 2592 μετὰ
799 2518 1070 2595 γάλακτός
1124 2543 1249 2595 μου.
1304 2525 1410 2580 Καῖ
1435 2521 1596 2600 ἄρτος
1626 2525 1721 2598 μὶν
1753 2525 1916 2580 αὐτοῦ

275 2603 402 2660 ἔστιν
434 2607 519 2676 δν,
553 2608 628 2669 ὡς
656 2608 1039 2682 προλὲλεκται,
1100 2611 1257 2674 αὐτὸς
1289 2609 1597 2683 δεδήλωκεν
1645 2613 1695 2668 ἑν
1741 2615 1914 2690 Εύαγ·

276 2693 474 2769 γελίοις
524 2697 714 2764 εἰπὼν,
784 2698 864 2752 ὅτι
927 2701 1089 2773 Ἐμὸν
1144 2701 1342 2777 βρῶμά
1398 2702 1506 2757 ἐστι
1539 2703 1601 2758 τὸ
1631 2710 1807 2758 ποιεῖν
1851 2705 1916 2760 τὸ

277 2783 483 2858 θελημα
539 2791 636 2841 106
698 2788 908 2863 Πατρός
959 2809 1083 2862 μου³
1147 2789 1272 2863 μέλι
1332 2789 1407 2862 δὶ,
1440 2793 1507 2847 τὰ
1550 2790 1916 2868 γλυκαίνοντα

274 2873 356 2927 τὸν
384 2878 553 2928 ταῦτα
604 2878 949 2953 προφέροντα
996 2877 1261 2954 λάρυγγα,
1310 2881 1428 2935 θεῖα
1481 2880 1678 2936 τούτου
1728 2882 1910 2958 λόγια·

278 2962 410 3026 οἶνος
437 2960 519 3031 δὲ,
578 2965 615 3034 ἡ
673 2964 960 3035 ἐκστατικὴ
1003 2973 1102 3037 τῆς
1141 2969 1276 3022 κατὰ
1308 2968 1465 3047 φύσιν
1516 2971 1759 3034 θεώσεως
1805 2973 1912 3048 χά-

278 3069 374 3123 ρις,
421 3052 514 3106 καὶ
547 3050 690 3128 γάλα
719 3056 754 3124 ἡ
787 3051 993 3126 ἄδηλος
1023 3054 1288 3128 ἀπλότης.
1325 3059 1527 3113 Λοιπὸν
1559 3057 1608 3114 ἐν
1642 3063 1728 3123 αἷς
1757 3059 1914 3123 οὗτος

278 3133 359 3192 διὰ
403 3143 516 3194 τῶν
569 3140 738 3214 ἁγίων
806 3142 972 3198 αὐτοῦ
1040 3144 1276 3200 ἰντολῶν
1337 3146 1636 3224 εἰσέρχεται
1683 3153 1910 3225 ψυχαῖς,

2033 565 2425 629 Quamobrem
2483 562 2564 617 illi
2626 561 2986 633 respondens
3040 577 3052 615 :
3118 560 3280 625 Veni,
3351 559 3564 630 inquit,
3624 561 3683 616 in

2030 654 2250 709 hortum
2272 669 2474 722 meum,
2503 668 2659 708 soror
2687 667 2827 717 mea,
2848 665 3066 722 sponsa.
3093 648 3273 712 Quem
3298 651 3358 702 tu
3403 647 3683 703 nimirum

2035 743 2446 798 mandatorum
2481 758 2745 797 meorum
2771 740 3035 795 doctrina
3074 736 3406 802 consevisti,
3470 736 3684 807 quibus

2031 832 2539 904 perturbationum
2567 829 2816 903 procella
2845 830 3117 884 discussa
3139 830 3248 882 est.
3275 825 3451 880 Flavii
3486 829 3683 881 autem

2031 926 2272 977 sanctus
2303 921 2557 993 Spiritus
2583 923 2833 987 meus,et
2863 918 3072 990 planta
3106 917 3279 971 istius
3311 915 3462 970 horti
3503 915 3680 970 veluti

2031 1016 2332 1082 unguenta
2388 1010 2568 1074 varia,
2627 1010 2912 1062 virtutum
2975 1005 3232 1060 rationes
3288 1003 3679 1076 protulerunt,

2031 1115 2301 1172 perquas
2358 1113 2463 1170 ego
2516 1113 2748 1168 quoque
2807 1097 2863 1150 in
2897 1095 3054 1149 hunc
3086 1093 3322 1148 hortum
3377 1093 3683 1163 ingressus

2031 1205 2186 1253 sum,
2244 1187 2302 1242 in
2362 1204 2476 1258 quo
2525 1187 2859 1242 voluntates
2912 1200 3072 1251 meae,
3130 1187 3334 1238 sancta
3390 1186 3684 1253 praecepta

2032 1293 2160 1334 mea
2219 1276 2482 1348 plantata
2536 1280 2696 1332 sunt.
2758 1274 2948 1344 Hujus
2978 1289 3084 1344 ego
3117 1273 3372 1326 fructum
3439 1270 3680 1325 omnino

2032 1368 2317 1441 decerpsi.
2379 1369 2486 1433 Qui
2543 1384 2682 1423 sane
2738 1368 2960 1424 fructus
3013 1366 3278 1438 ipsorum
3337 1367 3427 1420 est
3471 1378 3681 1435 prisce-

2034 1463 2264 1530 ptorum
2325 1458 2671 1513 observatio.
2733 1457 2906 1513 Soror
2947 1471 3092 1524 mea,
3154 1454 3255 1526 qui
3287 1457 3496 1509 natura
3546 1468 3678 1507 sum

2035 1546 2219 1602 Filius
2262 1546 2357 1602 Dei
2391 1552 2446 1604 et
2479 1546 2690 1613 Patris,
2717 1545 2932 1618 quippe
2954 1561 3080 1616 quae
3110 1544 3239 1613 ejus
3269 1543 3679 1612 obtemperans

2032 1635 2342 1707 voluntati,
2373 1640 2430 1691 et
2477 1636 2527 1691 ei
2578 1651 2680 1706 per
2727 1633 2980 1707 gratiam
3009 1649 3109 1702 pro
3141 1631 3258 1686 tilia
3286 1646 3349 1686 es
3371 1631 3670 1702 adoptata.

2034 1725 2247 1796 Sponsa
2313 1741 2475 1794 mea,
2541 1728 2742 1796 utpote
2799 1722 2944 1777 mihi
2993 1738 3096 1794 per
3150 1719 3494 1777 cbaritatem
3549 1735 3680 1774 con-

2026 1815 2257 1886 juncta,
2289 1820 2465 1886 atque
2491 1831 2647 1869 unus
2678 1812 2882 1868 eil‘ecta
2903 1811 3168 1884 spiritus.
3219 1810 3524 1882 Ingressus
3573 1825 3676 1864 au-

2030 1908 2151 1959 tem
2210 1906 2268 1957 in
2321 1903 2554 1959 hortum
2646 1917 2867 1972 meum,
2925 1900 3131 1956 messui
3189 1897 3482 1970 myrrham
3553 1913 3678 1952 cum

2030 1993 2376 2064 aromatiqus
2406 1993 2545 2047 meis
2570 2011 2593 2058 ;
2621 2006 2827 2062 nempe
2878 1987 3134 2045 carnalis
3164 2004 3375 2044 sensus
3412 1986 3676 2058 discipu-

2030 2081 2218 2137 larum
2273 2086 2512 2136 tuarum
2564 2079 3071 2135 mortificationem
3131 2093 3262 2132 cum
3355 2074 3676 2131 virtutibus

2030 2189 2157 2244 qua
2179 2171 2338 2228 illam
2372 2175 2832 2242 consequuntur.
2865 2169 2971 2236 Qui
2995 2169 3151 2224 enim
3175 2166 3334 2224 carni
3366 2171 3424 2222 et
3455 2165 3674 2221 mundo

2028 2278 2264 2318 sensum
2293 2261 2811 2328 mortificaverunt,
2845 2274 2974 2314 eum
3019 2255 3265 2329 Spiritui
3297 2253 3668 2319 dicant,De0-

2027 2367 2140 2423 que
2161 2351 2332 2406 veluti
2367 2351 2683 2423 quemdam
2717 2352 3045 2404 aromatum
3097 2347 3372 2410 fructum,
3419 2358 3669 2413 precep-

2025 2445 2217 2496 torum
2252 2441 2504 2495 offerunt
2549 2437 3053 2495 observationem:
3117 2436 3188 2490 de
3243 2450 3380 2506 qua,
3435 2430 3664 2498 comedi,

2026 2530 2240 2601 inquit,
2269 2546 2467 2601 panem
2510 2545 2696 2584 meum
2751 2544 2877 2582 cum
2930 2526 3092 2582 melle
3145 2539 3264 2579 meo
3293 2540 3305 2578 :
3335 2521 3449 2578 bibi
3476 2522 3668 2575 vinum

2023 2637 2200 2675 meum
2231 2636 2355 2674 cum
2385 2621 2524 2675 lacte
2578 2634 2714 2674 meo.
2774 2619 2851 2672 Ac
2910 2615 3079 2688 panis
3128 2613 3362 2684 quidem
3395 2611 3522 2680 ejus
3580 2613 3672 2664 est

2023 2709 2350 2782 ille,quem,
2386 2714 2451 2764 ut
2479 2711 2652 2763 antea
2682 2708 2903 2762 dictum
2955 2708 3064 2770 est,
3122 2703 3249 2774 ipse
3299 2699 3620 2756 declaravit
3653 2713 3665 2752 :

2024 2799 2190 2865 Meus,
2222 2798 2502 2869 inquiens
2527 2797 2585 2851 in
2621 2795 3004 2867 Evangelicis,
3036 2793 3187 2849 cibus
3215 2797 3316 2859 est,
3348 2792 3411 2846 ut
3465 2791 3668 2859 faciam

2021 2890 2357 2944 voluntatem
2416 2889 2603 2942 Patris
2654 2888 2766 2941 mei
2783 2886 2846 2936 ⁸³.
2895 2883 3022 2946 Mel,
3053 2885 3248 2938 autem
3307 2883 3445 2936 sunt
3475 2877 3670 2932 divina

2023 2979 2148 3048 ejus
2179 2977 2432 3050 eloquia,
2483 2993 2608 3046 qua:
2646 2974 2910 3046 linguam
2942 2989 2976 3027 a
3030 2988 3145 3040 qua
3188 2967 3664 3042 pronuntiantur,

2022 3066 2332 3122 dulcedine
2363 3065 2742 3137 perfundunt.
2773 3063 2989 3117 Vinum
3015 3075 3149 3115 vero
3188 3065 3278 3114 est
3302 3057 3491 3129 gratia
3520 3055 3667 3110 divi-

2023 3154 2226 3210 nitatis
2255 3153 2576 3225 elargitrix,
2611 3169 2738 3223 quas
2761 3151 2817 3206 id
2841 3151 2990 3221 quod
3026 3147 3292 3206 naturale
3319 3152 3428 3216 est,
3486 3159 3668 3215 supra

272 3225 351 3280 καὶ
396 3227 582 3304 τρέφει
633 3231 728 3302 μὲν
770 3232 987 3302 ταύτας,
1038 3233 1112 3296 ὡς
1161 3234 1309 3309 ἄρτῳ
1361 3237 1494 3308 μετὰ
1541 3237 1782 3310 μέλιτος,
1839 3242 1907 3313 τῇ

2023 3247 2291 3300 naturam
2327 3241 2690 3296 extollit.Lac
2720 3243 2912 3294 autem
2936 3243 3024 3294 est
3053 3238 3169 3294 doli
3201 3252 3408 3308 expers
3437 3232 3665 3303 simpli-

274 3315 423 3402 ἀρετῇ
477 3317 616 3389 μετὰ
660 3319 930 3394 γνώσεως·
991 3322 1196 3392 ποτίζει
1241 3320 1298 3378 δὲ
1322 3327 1410 3379 οἶα
1441 3325 1586 3380 οἶνον
1638 3328 1772 3399 μετά
1811 3328 1913 3402 γά-

272 3399 482 3469 λακτος,
543 3408 643 3475 τήν
699 3411 837 3464 κατᾶ
885 3410 1044 3486 χάριν
1106 3414 1317 3480 θέωσιν,
1370 3416 1504 3487 μετὰ
1556 3423 1657 3485 τῆς
1707 3399 1910 3472 ἀδόλου

273 3492 590 3565 ἁπλότητος·
652 3499 752 3566 τὴν
808 3499 1016 3554 τούτων
1075 3501 1346 3576 σωτηρίαν
1407 3504 1568 3568 αὐτὸς
1597 3504 1762 3559 οῗονεί
1789 3527 1910 3560 τινα

274 3581 419 3654 ἄρτον
494 3585 628 3656 μετά
689 3587 910 3658 μέλιτος
961 3588 1165 3657 ἐσθίει,
1215 3593 1302 3645 καὶ
1365 3591 1529 3646 οἷονεί
1587 3615 1707 3648 τινα
1763 3595 1904 3649 οἶνον

275 3671 396 3740 μετά
437 3674 714 3746 γάλακτος
768 3677 932 3733 πίνει.
991 3681 1145 3734 ’Ὁθεν
1205 3681 1338 3753 πρὸς
1405 3681 1494 3743 06';
1530 3683 1799 3750 εἰσῆλθεν,
1832 3685 1906 3746 ὡς

274 3757 497 3846 εἴρηται,
558 3764 647 3817 καὶ
702 3764 995 3841 οἷκητήρια
1041 3767 1267 3830 τούτους
1325 3769 1376 3823 ἐν
1438 3771 1576 3846 ἀγίῳ
1636 3773 1906 3845 Πνεύματι

273 3845 448 3903 ὶαυτοῦ
520 3848 761 3923 ἐποίησε,
835 3855 985 3932 φησί·
1055 3858 1279 3933 Φάγετε,
1355 3859 1408 3913 0i.
1483 3845 1718 3930 πλησίον
1778 3884 1902 3934 μου,

272 3935 351 3989 καὶ
394 3940 569 4010 πίετε,
629 3941 715 3996 καὶ
802 3943 1126 4016 μεθύσθητε,
1195 3944 1423 4026 ἀδελφοί
1495 3970 1619 4018 μου.
1683 3953 1902 4026 Ἥγουν,

274 4027 594 4103 Στραφᾷκτες
632 4031 742 4116 ,μὲν
794 4033 846 4085 οἱ
912 4033 1319 4110 ἀπαλλαγέντες
1382 4040 1590 4110 παθῶν,
1619 4040 1708 4093 καὶ
1761 4039 1906 4116 ἐγγί-

273 4117 442 4204 σαντὲς
486 4137 591 4204 μοι
624 4115 712 4173 διὰ
753 4123 1141 4194 καθαρωτάτης
1179 4127 1570 4200 μεταγνώσεως
1614 4132 1682 4200 τῇ
1715 4129 1901 4204 ἀρετῇ·

271 4201 406 4258 πίετι
478 4203 538 4260 δὲ
585 4207 674 4262 τὸν
726 4208 1036 4266 ἐκστατικὸν
1092 4220 1192 4282 τῆς
1259 4216 1504 4278 θεώσεως
1568 4219 1710 4271 οἶνον
1753 4201 1904 4290 μετὰ

268 4296 358 4359 τῆς
388 4294 524 4369 πρός
557 4317 622 4368 με
652 4295 853 4352 ἀδόλου
885 4299 1133 4364 πίστεως.
1186 4303 1272 4357 καὶ
1307 4304 1411 4359 ἀπὸ
1455 4310 1563 4360 τῶν
1611 4306 1746 4361 κατὰ
1798 4307 1902 4384 φύ-

272 4385 508 4472 σινλπρὸς
540 4386 606 4439 τὰ
639 4386 768 4462 ὑπὲρ
824 4387 982 4463 φύσιν
1035 4392 1357 4462 μετάστητε,
1410 4394 1500 4455 οὕς
1550 4396 1683 4450 κατᾶ
1740 4399 1903 4472 χάριν

269 4469 315 4521 ἐν
343 4469 480 4546 ἁγίῳ
535 4476 805 4548 Πνεύματι
855 4478 1145 4550 υἱοθὲτησα
1187 4487 1267 4553 τῷ
1299 4479 1421 4555 ἰδίῳ
1480 4486 1670 4560 Ηατρί⁶
1721 4469 1901 4542 Ταύτα

2021 3333 2188 3388 citas.
2221 3333 2486 3403 Sponsus
2516 3330 2700 3401 igitur
2729 3329 2787 3382 in
2849 3344 2996 3399 quas
3018 3343 3123 3398 per
3151 3331 3354 3380 sancta
3384 3324 3667 3376 mandata

2019 3439 2150 3486 sua,
2181 3421 2410 3476 animas
2441 3419 2788 3488 ingreditur,
2813 3433 2911 3472 eas
2942 3421 3065 3471 tum
3101 3414 3286 3469 nutrit
3313 3411 3481 3484 quasi
3515 3425 3664 3480 pane

2019 3511 2271 3582 quodam
2304 3525 2436 3563 cum
2471 3506 2663 3575 melle,
2707 3506 2918 3560 virtute
2949 3520 3082 3559 cum
3115 3501 3474 3572 cognitione:
3533 3504 3661 3552 tum

2018 3604 2198 3671 potat,
2233 3597 2398 3668 quasi
2433 3596 2565 3650 vino
2597 3611 2730 3650 cum
2773 3594 2942 3658 lacte,
2977 3607 3252 3648 concessa
3280 3606 3381 3660 per
3409 3588 3659 3658 gratiam

2015 3687 2339 3752 divinitate,
2370 3703 2503 3741 cum
2537 3689 2758 3740 remota
2779 3701 2811 3738 a
2841 3683 2973 3737 dolo
3007 3680 3404 3753 simplicitate.
3440 3682 3658 3730 Horum

2013 3795 2146 3835 vero
2178 3777 2426 3832 salutem
2449 3782 2729 3846 tanquam
2755 3789 2966 3846 panem
2990 3771 3305 3842 quemdam
3327 3782 3464 3822 cum
3489 3763 3660 3819 melle

2017 3869 2140 3940 ipse
2172 3867 2443 3935 comedit,
2476 3882 2539 3920 ac
2570 3863 2744 3919 veluti
2777 3863 2978 3917 vinum
3011 3861 3307 3932 quoddam
3339 3873 3474 3913 cum
3513 3854 3660 3908 lacte

2011 3957 2180 4013 bibit.
2215 3959 2418 4026 Itaque
2450 3955 2519 4008 ad
2557 3969 2726 4024 quos,
2760 3957 2827 4007 ut
2855 3952 3136 4014 diximus,
3185 3949 3490 4019 ingressus
3545 3949 3656 4007 est,

2012 4062 2281 4117 quosque
2309 4043 2607 4099 domicilia
2640 4043 2821 4096 suain
2855 4040 3074 4112 Spiritu
3101 4042 3304 4093 sancto
3329 4033 3656 4099 constituit,

2014 4134 2166 4205 ipsos
2190 4134 2398 4188 invitat
2428 4134 2495 4186 ad
2531 4132 2686 4186 hunc
2719 4131 2955 4185 modum
2981 4146 2993 4184 :
3023 4127 3309 4192 Comedite,
3365 4121 3660 4194 propinqui

2012 4225 2141 4287 mei,
2175 4227 2224 4277 et
2294 4222 2480 4288 bibite,
2540 4223 2590 4275 ei
2645 4220 3038 4286 inebriamini,
3091 4221 3302 4285 fratres
3343 4213 3491 4268 mei:
3554 4209 3654 4280 qui

2011 4312 2279 4367 videlicet
2309 4309 2569 4366 conversi
2605 4309 2767 4370 estis,
2799 4312 2855 4362 et
2892 4306 3028 4360 vitia
3086 4301 3408 4376 repulistis,
3465 4305 3523 4355 et
3581 4298 3652 4352 ad

2013 4417 2127 4469 me,
2158 4402 2429 4454 virtutem
2464 4414 2598 4453 cum
2650 4413 2795 4468 pura
2853 4395 3180 4460 cognitione
3226 4391 3507 4453 colentes,
3560 4403 3653 4442 ac-

2011 4489 2294 4545 cessistis.
2331 4489 2512 4542 Bibite
2545 4495 2737 4540 autem
2797 4483 3275 4555 obstupefaciens
3330 4478 3654 4534 divinitatis

266 4563 380 4662 γοῦν
401 4561 491 4616 διὰ
515 4564 610 4624 τὰς
659 4566 1030 4640 παρακλήσεις
1058 4576 1158 4639 τῆς
1207 4569 1423 4649 νύμφης
1474 4574 1610 4648 πρὸς
1666 4575 1762 4636 τὰς
1797 4597 1896 4648 μα-

2020 4579 2207 4635 vinum
2242 4595 2372 4633 cum
2407 4576 2522 4631 doli
2556 4580 2787 4648 experte
2818 4590 2953 4645 erga
2984 4589 3076 4627 me
3109 4573 3256 4627 ﬁde:
3292 4574 3349 4625 et
3403 4569 3475 4623 ab
3535 4564 3654 4620 illis

267 4646 617 4736 θητευομὲνας
676 4653 960 4728 εἰρηκότος
1016 4662 1113 4712 106
1162 4660 1436 4736 νυμφίου,
1488 4661 1618 4730 αὕτη
1677 4646 1895 4725 ταύταις

268 4734 445 4808 ἑαυτήν
497 4745 799 4815 ποιουμένη
853 4743 1195 4823 παράδειγμα
1248 4753 1345 4804 106
1401 4755 1520 4812 πῶς
1575 4751 1896 4807 ἀκούσονται

263 4830 352 4892 τῆς
400 4836 588 4906 φωνῆς
663 4837 760 4887 τοῦ
817 4834 1056 4912 νυμφίου
1114 4837 1308 4909 αὐτῆς,
1366 4839 1454 4893 καὶ
1515 4839 1894 4896 είσοικίσονται

261 4918 459 4987 τοῦτον,
520 4919 699 4996 φησίν
756 4923 895 4998 Ἐγὼ
949 4923 1213 4996 καθεύδω,
1275 4927 1430 5006 φησί,
1486 4929 1575 4984 καὶ
1634 4927 1897 5004 ἡκαρδία

263 5022 358 5093 μου
437 5009 719 5083 ἀγρυπνεῖ,
806 5014 956 5086 φωνὴ
1027 5010 1325 5089 ἀδελφιδοῦ
1383 5031 1487 5090 μου
1542 5016 1746 5093 κρούει,
1807 5019 1894 5073 ἐπὶ

257 5091 346 5160 τὴν
415 5096 597 5171 θύραν.
678 5099 781 5156 Καὶ
846 5099 1093 5165 καθεύδω
1142 5104 1235 5176 μὲν
1296 5107 1431 5180 πρὸς
1476 5105 1542 5160 τὰ
1581 5091 1734 5176 -ἡδέα
1787 5113 1895 5162 τῶν

259 5186 547 5257 παρόντων,
621 5187 707 5242 ἐπὶ
765 5189 983 5252 τούτοις
1034 5196 1102 5266 τῇ
1153 5193 1314 5269 ἀργίᾳ
1372 5196 1552 5272 ὥσπερ
1612 5198 1890 5253 ὑπνουσῶν

263 5290 355 5374 μου
380 5279 514 5374 ὶτῶν
536 5276 881 5374 αἰσθήσεων.
913 5285 1182 5357 Γρηγορεῖ
1212 5281 1268 5337 δὲ
1302 5305 1407 5356 μου
1459 5286 1486 5339 ὁ
1517 5291 1660 5354 νοῦς,
1695 5286 1781 5341 ἶνα
1814 5289 1888 5360 μὴ

256 5357 438 5464 fabri?
484 5362 648 5464 λόγον
681 5367 857 5442 Λόγος
893 5368 1068 5464 ἐλθὼν
1102 5371 1303 5447 εὑρήσῃ
1333 5373 1490 5428 αὐτὸν
1526 5357 1888 5451 ῥᾳθυμοῦντα·

272 5448 332 5500 Εν
358 5453 436 5513 οἷς
496 5451 553 5508 δὶ
608 5462 897 5530 γρηγορεῖ,
941 5458 1124 5514 ἀκούει
1175 5467 1273 5530 τῆς
1303 5461 1468 5518 αὐτοῦ
1524 5470 1620 5520 106
1675 5465 1890 5541 ἀγαπη-

321 5663 364 5699 ⁸³
390 5665 553 5726 Joan.
587 5687 664 5728 ιν.
700 5670 787 5728 ⁸34.

2007 4685 2136 4740 quae
2167 4666 2459 4722 naturalia
2488 4670 2648 4735 sunt,
2709 4665 2777 4718 ad
2828 4681 2895 4718 ea
2925 4680 3052 4734 quae
3086 4665 3306 4717 naturae
3349 4659 3649 4731 praestant,

2005 4755 2450 4812 transferimini.
2511 4757 2666 4821 Quos
2713 4769 2849 4824 ergo
2895 4769 2997 4824 per
3053 4749 3395 4823 gratiamin
3447 4749 3648 4803 sancto

2005 4846 2225 4917 Spiritu
2285 4846 2434 4901 filios
2489 4843 2762 4916 adoptavi
2825 4843 2977 4897 Patri
3031 4858 3176 4897 meo.
3262 4841 3394 4894 Hice
3472 4839 3654 4908 igitur

2004 4953 2263 5008 sponsus
2294 4951 2426 4991 cum
2461 4951 2562 5007 per
2609 4950 2841 5005 sponsas
2901 4930 3344 4986 adhortationes
3401 4929 3474 4984 ad
3523 4929 3652 4998 ejus

2005 5024 2326 5097 discipulas
2356 5023 2755 5093 dixisset,ipsa
2778 5037 2840 5077 se
2861 5021 2981 5076 illis
3001 5019 3332 5090 exemplum
3358 5018 3648 5090 praebens,

2003 5131 2119 5184 quo
2151 5114 2322 5170 modo
2353 5113 2556 5168 audire
2583 5113 2832 5167 debeant
2859 5125 3054 5166 vocem
3086 5109 3286 5182 sponsi
3335 5107 3449 5174 sui,
3483 5123 3648 5163 eum-

2003 5221 2116 5276 que
2145 5203 2204 5258 in
2238 5204 2477 5259 domum
2513 5201 2922 5256 introducere:
2963 5201 3091 5267 Ego,
3136 5199 3352 5270 inquit,
3411 5197 3644 5266 dormio,

2001 5298 2054 5348 et
2081 5309 2173 5350 cor
2227 5310 2410 5348 meum
2463 5291 2679 5360 vigilat,
2729 5305 2836 5345 v0.1:
2889 5291 3105 5360 nepotis
3159 5289 3271 5342 mei
3324 5288 3509 5359 pulsat
3569 5287 3651 5343 ad

2001 5385 2222 5438 ostium.
2249 5382 2317 5438 Et
2373 5381 2601 5437 dormio
2633 5380 2866 5452 quidem
2911 5380 2982 5434 ad
3026 5396 3094 5435 ea
3124 5395 3250 5450 quae
3282 5377 3340 5432 in
3374 5378 3484 5432 hac
3530 5379 3647 5432 vita

1997 5472 2258 5541 jucunda
2289 5471 2579 5536 videntur,
2611 5485 2743 5525 cum
2791 5486 3002 5524 sensus
3033 5468 3146 5524 mei
3175 5467 3344 5539 quasi
3377 5483 3478 5540 per
3507 5481 3646 5520 con-
