  <div class='ocr_page' id='page_1' title='image "/cluster/home/n/w/nwhite01/storage/ocr_20150623/122/hvd.32044073502460/331.png"; bbox 0 0 4042 6198; ppageno 0'>
   <div class='ocr_carea' id='block_1_1' title="bbox 337 306 455 370">
    <p class='ocr_par' dir='ltr' id='par_1_1' title="bbox 337 306 455 370">
     <span class='ocr_line' id='line_1_1' title="bbox 337 306 455 370; baseline -0.008 -1"><span class='ocrx_word' id='word_1_1' title='bbox 337 306 455 370; x_wconf 80' lang='grc'>635</span> 
     </span>
    </p>
   </div>
   <div class='ocr_carea' id='block_1_2' title="bbox 1665 305 2409 369">
    <p class='ocr_par' dir='ltr' id='par_1_2' title="bbox 1665 305 2409 369">
     <span class='ocr_line' id='line_1_2' title="bbox 1665 305 2409 369; baseline 0.003 -2"><span class='ocrx_word' id='word_1_2' title='bbox 1665 305 2092 367; x_wconf 78' lang='lat' dir='ltr'>MICHAELIS</span> <span class='ocrx_word' id='word_1_3' title='bbox 2134 306 2409 369; x_wconf 86' lang='lat' dir='ltr'>PSELLI</span> 
     </span>
    </p>
   </div>
   <div class='ocr_carea' id='block_1_3' title="bbox 3614 311 3738 373">
    <p class='ocr_par' dir='ltr' id='par_1_3' title="bbox 3614 311 3738 373">
     <span class='ocr_line' id='line_1_3' title="bbox 3614 311 3738 373; baseline -0.04 1"><span class='ocrx_word' id='word_1_4' title='bbox 3614 311 3738 373; x_wconf 76' lang='lat'>636</span> 
     </span>
    </p>
   </div>
   <div class='ocr_carea' id='block_1_4' title="bbox 332 438 1997 518">
    <p class='ocr_par' dir='ltr' id='par_1_4' title="bbox 332 438 1981 513">
     <span class='ocr_line' id='line_1_4' title="bbox 332 438 1981 513; baseline -0.002 -16"><span class='ocrx_word' id='word_1_5' title='bbox 332 444 621 512; x_wconf 83' lang='lat' dir='ltr'>temptum</span> <span class='ocrx_word' id='word_1_6' title='bbox 655 440 920 513; x_wconf 89' lang='lat' dir='ltr'>ipsorum</span> <span class='ocrx_word' id='word_1_7' title='bbox 956 440 1132 513; x_wconf 83' lang='lat' dir='ltr'>sopiti</span> <span class='ocrx_word' id='word_1_8' title='bbox 1160 440 1299 496; x_wconf 79' lang='lat' dir='ltr'>sint.</span> <span class='ocrx_word' id='word_1_9' title='bbox 1333 438 1546 511; x_wconf 81' lang='lat' dir='ltr'>Vigilat</span> <span class='ocrx_word' id='word_1_10' title='bbox 1584 443 1781 494; x_wconf 89' lang='lat' dir='ltr'>autem</span> <span class='ocrx_word' id='word_1_11' title='bbox 1816 454 1981 493; x_wconf 90' lang='lat' dir='ltr'>mens</span> 
     </span>
    </p>
   </div>
   <div class='ocr_carea' id='block_1_5' title="bbox 2116 438 3751 518">
    <p class='ocr_par' dir='ltr' id='par_1_5' title="bbox 2116 438 3751 518">
     <span class='ocr_line' id='line_1_5' title="bbox 2116 438 3751 518; baseline 0.003 -28"><span class='ocrx_word' id='word_1_12' title='bbox 2116 440 2191 491; x_wconf 77' lang='grc' dir='ltr'>τοῦ</span> <span class='ocrx_word' id='word_1_13' title='bbox 2227 460 2327 510; x_wconf 84' lang='grc' dir='ltr'>μου</span> <span class='ocrx_word' id='word_1_14' title='bbox 2360 445 2545 518; x_wconf 75' lang='grc' dir='ltr'>φωνῆς</span> <span class='ocrx_word' id='word_1_15' title='bbox 2574 438 2870 515; x_wconf 80' lang='grc' dir='ltr'>κροόοντος</span> <span class='ocrx_word' id='word_1_16' title='bbox 2901 438 2983 495; x_wconf 68' lang='grc' dir='ltr'>ὶπ’</span> <span class='ocrx_word' id='word_1_17' title='bbox 3041 438 3223 496; x_wconf 75' lang='grc' dir='ltr'>αὐτόν.</span> <span class='ocrx_word' id='word_1_18' title='bbox 3280 440 3358 495; x_wconf 83' lang='grc' dir='ltr'>Δι’</span> <span class='ocrx_word' id='word_1_19' title='bbox 3411 440 3473 495; x_wconf 80' lang='grc' dir='ltr'>οῦ</span> <span class='ocrx_word' id='word_1_20' title='bbox 3526 440 3602 503; x_wconf 83' lang='grc' dir='ltr'>ὡς</span> <span class='ocrx_word' id='word_1_21' title='bbox 3660 438 3751 495; x_wconf 77' lang='grc' dir='ltr'>διά</span> 
     </span>
    </p>
   </div>
   <div class='ocr_carea' id='block_1_6' title="bbox 334 527 1975 599">
    <p class='ocr_par' dir='ltr' id='par_1_6' title="bbox 334 527 1975 599">
     <span class='ocr_line' id='line_1_6' title="bbox 334 527 1975 599; baseline -0.002 -14"><span class='ocrx_word' id='word_1_22' title='bbox 334 546 480 597; x_wconf 89' lang='lat' dir='ltr'>mea,</span> <span class='ocrx_word' id='word_1_23' title='bbox 517 547 585 586; x_wconf 89' lang='lat' dir='ltr'>ne</span> <span class='ocrx_word' id='word_1_24' title='bbox 617 546 873 599; x_wconf 87' lang='lat' dir='ltr'>sponsus</span> <span class='ocrx_word' id='word_1_25' title='bbox 906 544 1071 584; x_wconf 85' lang='lat' dir='ltr'>meus</span> <span class='ocrx_word' id='word_1_26' title='bbox 1104 533 1385 593; x_wconf 79' lang='lat' dir='ltr'>Verbum,</span> <span class='ocrx_word' id='word_1_27' title='bbox 1421 528 1610 583; x_wconf 81' lang='lat' dir='ltr'><strong>verbis</strong></span> <span class='ocrx_word' id='word_1_28' title='bbox 1658 527 1975 598; x_wconf 86' lang='lat' dir='ltr'>inexplica-</span> 
     </span>
    </p>
   </div>
   <div class='ocr_carea' id='block_1_7' title="bbox 2084 527 3444 605">
    <p class='ocr_par' dir='ltr' id='par_1_7' title="bbox 2084 527 3444 605">
     <span class='ocr_line' id='line_1_7' title="bbox 2084 527 3444 605; baseline 0.016 -26"><span class='ocrx_word' id='word_1_29' title='bbox 2084 547 2229 588; x_wconf 88' lang='grc' dir='ltr'>τινος</span> <span class='ocrx_word' id='word_1_30' title='bbox 2263 528 2424 603; x_wconf 71' lang='grc' dir='ltr'>θύρας</span> <span class='ocrx_word' id='word_1_31' title='bbox 2457 527 2614 590; x_wconf 73' lang='grc' dir='ltr'>οὗτος</span> <span class='ocrx_word' id='word_1_32' title='bbox 2646 528 2949 604; x_wconf 69' lang='grc' dir='ltr'>εἰσέρχεται</span> <span class='ocrx_word' id='word_1_33' title='bbox 2998 529 3073 592; x_wconf 67' lang='grc' dir='ltr'>εἷς</span> <span class='ocrx_word' id='word_1_34' title='bbox 3102 532 3199 597; x_wconf 62' lang='grc' dir='ltr'>τήν</span> <span class='ocrx_word' id='word_1_35' title='bbox 3235 531 3444 605; x_wconf 68' lang='grc' dir='ltr'>ψυχήν·</span> 
     </span>
    </p>
   </div>
   <div class='ocr_carea' id='block_1_8' title="bbox 334 617 3754 692">
    <p class='ocr_par' dir='ltr' id='par_1_8' title="bbox 334 617 3754 692">
     <span class='ocr_line' id='line_1_8' title="bbox 334 617 3754 692; baseline 0.001 -20"><span class='ocrx_word' id='word_1_36' title='bbox 334 618 473 683; x_wconf 90' lang='lat' dir='ltr'>bile,</span> <span class='ocrx_word' id='word_1_37' title='bbox 502 620 761 685; x_wconf 91' lang='lat' dir='ltr'>veniens,</span> <span class='ocrx_word' id='word_1_38' title='bbox 791 619 1048 673; x_wconf 85' lang='lat' dir='ltr'>inveniat</span> <span class='ocrx_word' id='word_1_39' title='bbox 1099 636 1225 673; x_wconf 87' lang='lat' dir='ltr'>eam</span> <span class='ocrx_word' id='word_1_40' title='bbox 1269 618 1705 673; x_wconf 80' lang='lat' dir='ltr'>dormitantem.</span> <span class='ocrx_word' id='word_1_41' title='bbox 1743 619 1804 672; x_wconf 91' lang='lat' dir='ltr'>In</span> <span class='ocrx_word' id='word_1_42' title='bbox 1838 617 2053 687; x_wconf 87' lang='lat' dir='ltr'>quibus</span> <span class='ocrx_word' id='word_1_43' title='bbox 2095 622 2289 673; x_wconf 89' lang='lat' dir='ltr'>autem</span> <span class='ocrx_word' id='word_1_44' title='bbox 2363 637 2530 675; x_wconf 88' lang='lat' dir='ltr'>mens</span> <span class='ocrx_word' id='word_1_45' title='bbox 2587 620 2809 692; x_wconf 79' lang='lat' dir='ltr'>vigilat,</span> <span class='ocrx_word' id='word_1_46' title='bbox 2870 620 3037 675; x_wconf 82' lang='lat' dir='ltr'>audit</span> <span class='ocrx_word' id='word_1_47' title='bbox 3090 637 3288 675; x_wconf 87' lang='lat' dir='ltr'>vocem</span> <span class='ocrx_word' id='word_1_48' title='bbox 3350 620 3548 676; x_wconf 91' lang='lat' dir='ltr'>dilecti</span> <span class='ocrx_word' id='word_1_49' title='bbox 3637 621 3754 678; x_wconf 85' lang='lat' dir='ltr'>mei</span> 
     </span>
    </p>
   </div>
   <div class='ocr_carea' id='block_1_9' title="bbox 337 706 3104 781">
    <p class='ocr_par' dir='ltr' id='par_1_9' title="bbox 337 706 3104 781">
     <span class='ocr_line' id='line_1_9' title="bbox 337 706 3104 781; baseline 0.001 -20"><span class='ocrx_word' id='word_1_50' title='bbox 337 707 635 761; x_wconf 84' lang='lat' dir='ltr'>Pulsantis</span> <span class='ocrx_word' id='word_1_51' title='bbox 667 708 736 761; x_wconf 86' lang='lat' dir='ltr'>ad</span> <span class='ocrx_word' id='word_1_52' title='bbox 772 723 924 771; x_wconf 90' lang='lat' dir='ltr'>eam,</span> <span class='ocrx_word' id='word_1_53' title='bbox 958 723 1059 778; x_wconf 90' lang='lat' dir='ltr'>per</span> <span class='ocrx_word' id='word_1_54' title='bbox 1089 723 1264 779; x_wconf 85' lang='lat' dir='ltr'>quam</span> <span class='ocrx_word' id='word_1_55' title='bbox 1302 711 1585 777; x_wconf 88' lang='lat' dir='ltr'>tanquam</span> <span class='ocrx_word' id='word_1_56' title='bbox 1621 722 1720 777; x_wconf 91' lang='lat' dir='ltr'>per</span> <span class='ocrx_word' id='word_1_57' title='bbox 1742 706 1991 775; x_wconf 84' lang='lat' dir='ltr'>januam</span> <span class='ocrx_word' id='word_1_58' title='bbox 2025 709 2340 778; x_wconf 81' lang='lat' dir='ltr'>quamdam</span> <span class='ocrx_word' id='word_1_59' title='bbox 2370 708 2429 763; x_wconf 90' lang='lat' dir='ltr'>in</span> <span class='ocrx_word' id='word_1_60' title='bbox 2462 706 2717 763; x_wconf 89' lang='lat' dir='ltr'>animam</span> <span class='ocrx_word' id='word_1_61' title='bbox 2749 709 3104 781; x_wconf 81' lang='lat' dir='ltr'>ingreditur,</span> 
     </span>
    </p>
   </div>
   <div class='ocr_carea' id='block_1_10' title="bbox 1074 814 1268 868">
    <p class='ocr_par' dir='ltr' id='par_1_10' title="bbox 1074 814 1268 868">
     <span class='ocr_line' id='line_1_10' title="bbox 1074 814 1268 868; baseline 0 -1"><span class='ocrx_word' id='word_1_62' title='bbox 1074 814 1268 868; x_wconf 76' lang='lat' dir='ltr'>Pselli.</span> 
     </span>
    </p>
   </div>
   <div class='ocr_carea' id='block_1_11' title="bbox 414 902 1994 973">
    <p class='ocr_par' dir='ltr' id='par_1_11' title="bbox 414 902 1994 973">
     <span class='ocr_line' id='line_1_11' title="bbox 414 902 1994 973; baseline -0.002 -15"><span class='ocrx_word' id='word_1_63' title='bbox 414 904 523 958; x_wconf 87' lang='lat' dir='ltr'>Sed</span> <span class='ocrx_word' id='word_1_64' title='bbox 584 919 813 973; x_wconf 74' lang='lat' dir='ltr'>sponsae</span> <span class='ocrx_word' id='word_1_65' title='bbox 870 903 1107 958; x_wconf 83' lang='lat' dir='ltr'>Cantica</span> <span class='ocrx_word' id='word_1_66' title='bbox 1165 919 1401 958; x_wconf 84' lang='lat' dir='ltr'>rursum</span> <span class='ocrx_word' id='word_1_67' title='bbox 1466 902 1801 956; x_wconf 82' lang='lat' dir='ltr'>audiamus.</span> <span class='ocrx_word' id='word_1_68' title='bbox 1884 903 1994 957; x_wconf 73' lang='lat' dir='ltr'>V0.2:</span> 
     </span>
    </p>
   </div>
   <div class='ocr_carea' id='block_1_12' title="bbox 338 992 1993 1062">
    <p class='ocr_par' dir='ltr' id='par_1_12' title="bbox 338 992 1993 1062">
     <span class='ocr_line' id='line_1_12' title="bbox 338 992 1993 1062; baseline -0.001 -17"><span class='ocrx_word' id='word_1_69' title='bbox 338 992 653 1046; x_wconf 72' lang='lat' dir='ltr'>consobrini</span> <span class='ocrx_word' id='word_1_70' title='bbox 680 992 789 1045; x_wconf 81' lang='lat' dir='ltr'>mei</span> <span class='ocrx_word' id='word_1_71' title='bbox 823 992 1007 1061; x_wconf 78' lang='lat' dir='ltr'>pulsat</span> <span class='ocrx_word' id='word_1_72' title='bbox 1063 993 1136 1046; x_wconf 84' lang='lat' dir='ltr'>ad</span> <span class='ocrx_word' id='word_1_73' title='bbox 1182 994 1400 1047; x_wconf 76' lang='lat' dir='ltr'>ostium.</span> <span class='ocrx_word' id='word_1_74' title='bbox 1443 992 1609 1062; x_wconf 79' lang='lat' dir='ltr'>Aperi</span> <span class='ocrx_word' id='word_1_75' title='bbox 1638 992 1796 1057; x_wconf 82' lang='lat' dir='ltr'>mihi,</span> <span class='ocrx_word' id='word_1_76' title='bbox 1839 1006 1993 1046; x_wconf 86' lang='lat' dir='ltr'>soror</span> 
     </span>
    </p>
   </div>
   <div class='ocr_carea' id='block_1_13' title="bbox 336 1080 1990 1151">
    <p class='ocr_par' dir='ltr' id='par_1_13' title="bbox 336 1080 1990 1151">
     <span class='ocr_line' id='line_1_13' title="bbox 336 1080 1990 1151; baseline 0 -16"><span class='ocrx_word' id='word_1_77' title='bbox 336 1097 479 1149; x_wconf 84' lang='lat' dir='ltr'>mea,</span> <span class='ocrx_word' id='word_1_78' title='bbox 531 1080 719 1150; x_wconf 87' lang='lat' dir='ltr'>inquit</span> <span class='ocrx_word' id='word_1_79' title='bbox 760 1096 1014 1151; x_wconf 89' lang='lat' dir='ltr'>sponsus</span> <span class='ocrx_word' id='word_1_80' title='bbox 1067 1097 1231 1135; x_wconf 90' lang='lat' dir='ltr'>meus</span> <span class='ocrx_word' id='word_1_81' title='bbox 1285 1080 1479 1135; x_wconf 87' lang='lat' dir='ltr'>media</span> <span class='ocrx_word' id='word_1_82' title='bbox 1534 1080 1603 1135; x_wconf 89' lang='lat' dir='ltr'>de</span> <span class='ocrx_word' id='word_1_83' title='bbox 1668 1083 1836 1135; x_wconf 90' lang='lat' dir='ltr'>nocte</span> <span class='ocrx_word' id='word_1_84' title='bbox 1897 1096 1990 1135; x_wconf 91' lang='lat' dir='ltr'>ve-</span> 
     </span>
    </p>
   </div>
   <div class='ocr_carea' id='block_1_14' title="bbox 336 1168 1991 1240">
    <p class='ocr_par' dir='ltr' id='par_1_14' title="bbox 336 1168 1991 1240">
     <span class='ocr_line' id='line_1_14' title="bbox 336 1168 1991 1240; baseline 0 -18"><span class='ocrx_word' id='word_1_85' title='bbox 336 1169 524 1222; x_wconf 89' lang='lat' dir='ltr'>niens.</span> <span class='ocrx_word' id='word_1_86' title='bbox 558 1168 761 1222; x_wconf 83' lang='lat' dir='ltr'>Cordis</span> <span class='ocrx_word' id='word_1_87' title='bbox 790 1170 1007 1223; x_wconf 82' lang='lat' dir='ltr'>ostium</span> <span class='ocrx_word' id='word_1_88' title='bbox 1053 1170 1214 1235; x_wconf 88' lang='lat' dir='ltr'>mihi,</span> <span class='ocrx_word' id='word_1_89' title='bbox 1270 1170 1485 1240; x_wconf 84' lang='lat' dir='ltr'>inquit,</span> <span class='ocrx_word' id='word_1_90' title='bbox 1537 1170 1874 1240; x_wconf 85' lang='lat' dir='ltr'>patefacito,</span> <span class='ocrx_word' id='word_1_91' title='bbox 1926 1174 1991 1222; x_wconf 93' lang='lat' dir='ltr'>ut</span> 
     </span>
    </p>
   </div>
   <div class='ocr_carea' id='block_1_15' title="bbox 334 1256 1989 1313">
    <p class='ocr_par' dir='ltr' id='par_1_15' title="bbox 334 1256 1989 1313">
     <span class='ocr_line' id='line_1_15' title="bbox 334 1256 1989 1313; baseline 0.001 -2"><span class='ocrx_word' id='word_1_92' title='bbox 334 1257 393 1311; x_wconf 93' lang='lat' dir='ltr'>in</span> <span class='ocrx_word' id='word_1_93' title='bbox 452 1264 507 1311; x_wconf 91' lang='lat' dir='ltr'>te</span> <span class='ocrx_word' id='word_1_94' title='bbox 558 1256 924 1311; x_wconf 86' lang='lat' dir='ltr'>mansionem</span> <span class='ocrx_word' id='word_1_95' title='bbox 987 1259 1193 1313; x_wconf 78' lang='lat' dir='ltr'>faciam</span> <span class='ocrx_word' id='word_1_96' title='bbox 1254 1275 1387 1313; x_wconf 92' lang='lat' dir='ltr'>cum</span> <span class='ocrx_word' id='word_1_97' title='bbox 1464 1259 1629 1313; x_wconf 82' lang='lat' dir='ltr'>Patre</span> <span class='ocrx_word' id='word_1_98' title='bbox 1690 1274 1817 1313; x_wconf 90' lang='lat' dir='ltr'>meo</span> <span class='ocrx_word' id='word_1_99' title='bbox 1871 1258 1915 1292; x_wconf 69' lang='grc'><strong>⁵⁸</strong></span> <span class='ocrx_word' id='word_1_100' title='bbox 1975 1273 1989 1313; x_wconf 91' lang='lat'><strong>:</strong></span> 
     </span>
    </p>
   </div>
   <div class='ocr_carea' id='block_1_16' title="bbox 334 1345 1989 1419">
    <p class='ocr_par' dir='ltr' id='par_1_16' title="bbox 334 1345 1989 1419">
     <span class='ocr_line' id='line_1_16' title="bbox 334 1345 1989 1419; baseline 0.001 -20"><span class='ocrx_word' id='word_1_101' title='bbox 334 1345 652 1401; x_wconf 72' lang='lat' dir='ltr'>virtutibus</span> <span class='ocrx_word' id='word_1_102' title='bbox 702 1346 857 1401; x_wconf 86' lang='lat' dir='ltr'>enim</span> <span class='ocrx_word' id='word_1_103' title='bbox 910 1347 1166 1417; x_wconf 80' lang='lat' dir='ltr'>profecto</span> <span class='ocrx_word' id='word_1_104' title='bbox 1228 1348 1371 1401; x_wconf 90' lang='lat' dir='ltr'>mihi</span> <span class='ocrx_word' id='word_1_105' title='bbox 1439 1348 1772 1419; x_wconf 90' lang='lat' dir='ltr'>propinqua</span> <span class='ocrx_word' id='word_1_106' title='bbox 1817 1348 1989 1402; x_wconf 79' lang='lat' dir='ltr'>lecta.</span> 
     </span>
    </p>
   </div>
   <div class='ocr_carea' id='block_1_17' title="bbox 335 1435 1991 1507">
    <p class='ocr_par' dir='ltr' id='par_1_17' title="bbox 335 1435 1991 1507">
     <span class='ocr_line' id='line_1_17' title="bbox 335 1435 1991 1507; baseline 0.001 -17"><span class='ocrx_word' id='word_1_107' title='bbox 335 1452 419 1490; x_wconf 90' lang='lat' dir='ltr'>es.</span> <span class='ocrx_word' id='word_1_108' title='bbox 482 1435 644 1499; x_wconf 85' lang='lat' dir='ltr'>Quod</span> <span class='ocrx_word' id='word_1_109' title='bbox 694 1436 741 1489; x_wconf 89' lang='lat' dir='ltr'>si</span> <span class='ocrx_word' id='word_1_110' title='bbox 801 1437 1102 1507; x_wconf 91' lang='lat' dir='ltr'>aperueris</span> <span class='ocrx_word' id='word_1_111' title='bbox 1160 1436 1323 1505; x_wconf 89' lang='lat' dir='ltr'>mihi,</span> <span class='ocrx_word' id='word_1_112' title='bbox 1376 1437 1523 1491; x_wconf 83' lang='lat' dir='ltr'>dabo</span> <span class='ocrx_word' id='word_1_113' title='bbox 1592 1436 1698 1491; x_wconf 77' lang='lat' dir='ltr'>tibi</span> <span class='ocrx_word' id='word_1_114' title='bbox 1774 1452 1991 1491; x_wconf 86' lang='lat' dir='ltr'>munus</span> 
     </span>
    </p>
   </div>
   <div class='ocr_carea' id='block_1_18' title="bbox 338 1526 1992 1596">
    <p class='ocr_par' dir='ltr' id='par_1_18' title="bbox 338 1526 1992 1596">
     <span class='ocr_line' id='line_1_18' title="bbox 338 1526 1992 1596; baseline 0 -17"><span class='ocrx_word' id='word_1_115' title='bbox 338 1540 643 1594; x_wconf 85' lang='lat' dir='ltr'>magnum,</span> <span class='ocrx_word' id='word_1_116' title='bbox 677 1539 864 1579; x_wconf 84' lang='lat' dir='ltr'>rorem</span> <span class='ocrx_word' id='word_1_117' title='bbox 910 1526 1107 1594; x_wconf 74' lang='lat' dir='ltr'>capitis</span> <span class='ocrx_word' id='word_1_118' title='bbox 1139 1526 1267 1591; x_wconf 81' lang='lat' dir='ltr'>mei,</span> <span class='ocrx_word' id='word_1_119' title='bbox 1292 1530 1339 1579; x_wconf 83' lang='lat' dir='ltr'>et</span> <span class='ocrx_word' id='word_1_120' title='bbox 1369 1527 1761 1581; x_wconf 83' lang='lat' dir='ltr'>cincinnarum</span> <span class='ocrx_word' id='word_1_121' title='bbox 1789 1529 1992 1596; x_wconf 77' lang='lat' dir='ltr'>guttas:</span> 
     </span>
    </p>
   </div>
   <div class='ocr_carea' id='block_1_19' title="bbox 336 1612 1990 1683">
    <p class='ocr_par' dir='ltr' id='par_1_19' title="bbox 336 1612 1990 1683">
     <span class='ocr_line' id='line_1_19' title="bbox 336 1612 1990 1683; baseline -0.001 -15"><span class='ocrx_word' id='word_1_122' title='bbox 336 1613 445 1668; x_wconf 91' lang='lat' dir='ltr'>hoc</span> <span class='ocrx_word' id='word_1_123' title='bbox 476 1617 566 1667; x_wconf 89' lang='lat' dir='ltr'>est</span> <span class='ocrx_word' id='word_1_124' title='bbox 597 1612 814 1683; x_wconf 86' lang='lat' dir='ltr'>largiar</span> <span class='ocrx_word' id='word_1_125' title='bbox 848 1614 951 1667; x_wconf 82' lang='lat' dir='ltr'>tibi</span> <span class='ocrx_word' id='word_1_126' title='bbox 1004 1614 1402 1669; x_wconf 90' lang='lat' dir='ltr'>curandorum</span> <span class='ocrx_word' id='word_1_127' title='bbox 1458 1613 1766 1669; x_wconf 86' lang='lat' dir='ltr'>hominum</span> <span class='ocrx_word' id='word_1_128' title='bbox 1804 1613 1990 1668; x_wconf 86' lang='lat' dir='ltr'>facul-</span> 
     </span>
    </p>
   </div>
   <div class='ocr_carea' id='block_1_20' title="bbox 333 1700 1874 1759">
    <p class='ocr_par' dir='ltr' id='par_1_20' title="bbox 333 1700 1874 1759">
     <span class='ocr_line' id='line_1_20' title="bbox 333 1700 1874 1759; baseline 0.001 -2"><span class='ocrx_word' id='word_1_129' title='bbox 333 1705 537 1757; x_wconf 87' lang='lat' dir='ltr'>tatem.</span> <span class='ocrx_word' id='word_1_130' title='bbox 574 1702 687 1757; x_wconf 83' lang='lat' dir='ltr'>Ros</span> <span class='ocrx_word' id='word_1_131' title='bbox 720 1701 875 1757; x_wconf 85' lang='lat' dir='ltr'>enim</span> <span class='ocrx_word' id='word_1_132' title='bbox 900 1718 1067 1758; x_wconf 90' lang='lat' dir='ltr'>meus</span> <span class='ocrx_word' id='word_1_133' title='bbox 1096 1706 1186 1759; x_wconf 91' lang='lat' dir='ltr'>est</span> <span class='ocrx_word' id='word_1_134' title='bbox 1216 1701 1523 1758; x_wconf 84' lang='lat' dir='ltr'>hominum</span> <span class='ocrx_word' id='word_1_135' title='bbox 1562 1700 1874 1758; x_wconf 88' lang='lat' dir='ltr'>medicina.</span> 
     </span>
    </p>
   </div>
   <div class='ocr_carea' id='block_1_21' title="bbox 932 1991 1399 2045">
    <p class='ocr_par' dir='ltr' id='par_1_21' title="bbox 932 1991 1399 2045">
     <span class='ocr_line' id='line_1_21' title="bbox 932 1991 1399 2045; baseline 0 0"><span class='ocrx_word' id='word_1_136' title='bbox 932 1991 1118 2045; x_wconf 80' lang='lat' dir='ltr'>Trium</span> <span class='ocrx_word' id='word_1_137' title='bbox 1150 1992 1399 2045; x_wconf 77' lang='lat' dir='ltr'>Patrum.</span> 
     </span>
    </p>
   </div>
   <div class='ocr_carea' id='block_1_22' title="bbox 415 2077 2001 2151">
    <p class='ocr_par' dir='ltr' id='par_1_22' title="bbox 415 2077 2001 2151">
     <span class='ocr_line' id='line_1_22' title="bbox 415 2077 2001 2151; baseline -0.002 -17"><span class='ocrx_word' id='word_1_138' title='bbox 415 2081 556 2135; x_wconf 79' lang='lat' dir='ltr'>Talis</span> <span class='ocrx_word' id='word_1_139' title='bbox 604 2087 789 2135; x_wconf 78' lang='lat' dir='ltr'>autem</span> <span class='ocrx_word' id='word_1_140' title='bbox 845 2085 924 2135; x_wconf 81' lang='lat' dir='ltr'>est</span> <span class='ocrx_word' id='word_1_141' title='bbox 980 2080 1056 2134; x_wconf 87' lang='lat' dir='ltr'>ad</span> <span class='ocrx_word' id='word_1_142' title='bbox 1112 2095 1199 2134; x_wconf 80' lang='lat' dir='ltr'>me</span> <span class='ocrx_word' id='word_1_143' title='bbox 1255 2094 1361 2134; x_wconf 69' lang='lat' dir='ltr'>vox</span> <span class='ocrx_word' id='word_1_144' title='bbox 1406 2080 1591 2151; x_wconf 80' lang='lat' dir='ltr'>sponsi</span> <span class='ocrx_word' id='word_1_145' title='bbox 1618 2079 1775 2133; x_wconf 80' lang='lat' dir='ltr'>mei:</span> <span class='ocrx_word' id='word_1_146' title='bbox 1838 2077 2001 2148; x_wconf 81' lang='lat' dir='ltr'>Aperi</span> 
     </span>
    </p>
   </div>
   <div class='ocr_carea' id='block_1_23' title="bbox 341 2168 1996 2240">
    <p class='ocr_par' dir='ltr' id='par_1_23' title="bbox 341 2168 1996 2240">
     <span class='ocr_line' id='line_1_23' title="bbox 341 2168 1996 2240; baseline -0.002 -16"><span class='ocrx_word' id='word_1_147' title='bbox 341 2170 503 2239; x_wconf 80' lang='lat' dir='ltr'>mihi,</span> <span class='ocrx_word' id='word_1_148' title='bbox 561 2185 717 2225; x_wconf 80' lang='lat' dir='ltr'>soror</span> <span class='ocrx_word' id='word_1_149' title='bbox 768 2184 908 2233; x_wconf 74' lang='lat' dir='ltr'>mea,</span> <span class='ocrx_word' id='word_1_150' title='bbox 965 2172 1286 2240; x_wconf 82' lang='lat' dir='ltr'>propinqua</span> <span class='ocrx_word' id='word_1_151' title='bbox 1342 2185 1483 2235; x_wconf 77' lang='lat' dir='ltr'>mea,</span> <span class='ocrx_word' id='word_1_152' title='bbox 1542 2168 1791 2224; x_wconf 86' lang='lat' dir='ltr'>columba</span> <span class='ocrx_word' id='word_1_153' title='bbox 1854 2182 1996 2231; x_wconf 85' lang='lat' dir='ltr'>mea,</span> 
     </span>
    </p>
   </div>
   <div class='ocr_carea' id='block_1_24' title="bbox 342 2262 769 2330">
    <p class='ocr_par' dir='ltr' id='par_1_24' title="bbox 342 2262 769 2330">
     <span class='ocr_line' id='line_1_24' title="bbox 342 2262 769 2330; baseline -0.005 -15"><span class='ocrx_word' id='word_1_154' title='bbox 342 2262 595 2330; x_wconf 76' lang='lat' dir='ltr'>per/ecta</span> <span class='ocrx_word' id='word_1_155' title='bbox 626 2276 769 2315; x_wconf 86' lang='lat' dir='ltr'>mea.</span> 
     </span>
    </p>
   </div>
   <div class='ocr_carea' id='block_1_25' title="bbox 412 2346 1997 2420">
    <p class='ocr_par' dir='ltr' id='par_1_25' title="bbox 412 2346 1997 2420">
     <span class='ocr_line' id='line_1_25' title="bbox 412 2346 1997 2420; baseline -0.001 -17"><span class='ocrx_word' id='word_1_156' title='bbox 412 2350 583 2419; x_wconf 79' lang='lat' dir='ltr'>Aperi</span> <span class='ocrx_word' id='word_1_157' title='bbox 618 2348 763 2403; x_wconf 89' lang='lat' dir='ltr'>mihi</span> <span class='ocrx_word' id='word_1_158' title='bbox 824 2352 1080 2404; x_wconf 87' lang='lat' dir='ltr'>mentem</span> <span class='ocrx_word' id='word_1_159' title='bbox 1127 2354 1313 2414; x_wconf 88' lang='lat' dir='ltr'>tuam,</span> <span class='ocrx_word' id='word_1_160' title='bbox 1367 2352 1431 2402; x_wconf 91' lang='lat' dir='ltr'>ut</span> <span class='ocrx_word' id='word_1_161' title='bbox 1468 2364 1575 2420; x_wconf 86' lang='lat' dir='ltr'>ego</span> <span class='ocrx_word' id='word_1_162' title='bbox 1600 2346 1701 2419; x_wconf 90' lang='lat' dir='ltr'>qui</span> <span class='ocrx_word' id='word_1_163' title='bbox 1734 2362 1997 2416; x_wconf 86' lang='lat' dir='ltr'>compre-</span> 
     </span>
    </p>
   </div>
   <div class='ocr_carea' id='block_1_26' title="bbox 346 2436 2000 2509">
    <p class='ocr_par' dir='ltr' id='par_1_26' title="bbox 346 2436 2000 2509">
     <span class='ocr_line' id='line_1_26' title="bbox 346 2436 2000 2509; baseline -0.002 -18"><span class='ocrx_word' id='word_1_164' title='bbox 346 2436 523 2493; x_wconf 88' lang='lat' dir='ltr'>hendi</span> <span class='ocrx_word' id='word_1_165' title='bbox 558 2454 800 2507; x_wconf 81' lang='lat' dir='ltr'>nequeo,</span> <span class='ocrx_word' id='word_1_166' title='bbox 830 2454 931 2509; x_wconf 90' lang='lat' dir='ltr'>per</span> <span class='ocrx_word' id='word_1_167' title='bbox 959 2437 1126 2492; x_wconf 90' lang='lat' dir='ltr'>illam</span> <span class='ocrx_word' id='word_1_168' title='bbox 1160 2439 1215 2491; x_wconf 91' lang='lat' dir='ltr'>in</span> <span class='ocrx_word' id='word_1_169' title='bbox 1250 2441 1305 2491; x_wconf 89' lang='lat' dir='ltr'>te</span> <span class='ocrx_word' id='word_1_170' title='bbox 1337 2436 2000 2506; x_wconf 78' lang='lat' dir='ltr'>comprehendar,$oror</span> 
     </span>
    </p>
   </div>
   <div class='ocr_carea' id='block_1_27' title="bbox 338 2524 2001 2597">
    <p class='ocr_par' dir='ltr' id='par_1_27' title="bbox 338 2524 2001 2597">
     <span class='ocr_line' id='line_1_27' title="bbox 338 2524 2001 2597; baseline -0.001 -18"><span class='ocrx_word' id='word_1_171' title='bbox 338 2542 479 2591; x_wconf 75' lang='lat' dir='ltr'>mea,</span> <span class='ocrx_word' id='word_1_172' title='bbox 518 2532 813 2597; x_wconf 84' lang='lat' dir='ltr'>quatenus</span> <span class='ocrx_word' id='word_1_173' title='bbox 865 2525 1009 2581; x_wconf 85' lang='lat' dir='ltr'>facis</span> <span class='ocrx_word' id='word_1_174' title='bbox 1068 2526 1422 2581; x_wconf 84' lang='lat' dir='ltr'>voluntatem</span> <span class='ocrx_word' id='word_1_175' title='bbox 1474 2526 1662 2579; x_wconf 79' lang='lat' dir='ltr'>Patris</span> <span class='ocrx_word' id='word_1_176' title='bbox 1694 2524 2001 2579; x_wconf 78' lang='lat' dir='ltr'>meizPro-</span> 
     </span>
    </p>
   </div>
   <div class='ocr_carea' id='block_1_28' title="bbox 340 2612 1997 2686">
    <p class='ocr_par' dir='ltr' id='par_1_28' title="bbox 340 2612 1997 2686">
     <span class='ocr_line' id='line_1_28' title="bbox 340 2612 1997 2686; baseline -0.002 -17"><span class='ocrx_word' id='word_1_177' title='bbox 340 2618 550 2685; x_wconf 81' lang='lat' dir='ltr'>pinqua</span> <span class='ocrx_word' id='word_1_178' title='bbox 582 2632 721 2680; x_wconf 76' lang='lat' dir='ltr'>mea,</span> <span class='ocrx_word' id='word_1_179' title='bbox 746 2618 868 2686; x_wconf 88' lang='lat' dir='ltr'>jam</span> <span class='ocrx_word' id='word_1_180' title='bbox 905 2614 1057 2669; x_wconf 82' lang='lat' dir='ltr'>facta</span> <span class='ocrx_word' id='word_1_181' title='bbox 1089 2620 1325 2686; x_wconf 78' lang='lat' dir='ltr'>propter</span> <span class='ocrx_word' id='word_1_182' title='bbox 1384 2614 1601 2669; x_wconf 89' lang='lat' dir='ltr'>mentis</span> <span class='ocrx_word' id='word_1_183' title='bbox 1660 2612 1997 2682; x_wconf 78' lang='lat' dir='ltr'>tranquilli-</span> 
     </span>
    </p>
   </div>
   <div class='ocr_carea' id='block_1_29' title="bbox 345 2701 1998 2773">
    <p class='ocr_par' dir='ltr' id='par_1_29' title="bbox 345 2701 1998 2773">
     <span class='ocr_line' id='line_1_29' title="bbox 345 2701 1998 2773; baseline -0.002 -16"><span class='ocrx_word' id='word_1_184' title='bbox 345 2708 524 2757; x_wconf 87' lang='lat' dir='ltr'>tatem</span> <span class='ocrx_word' id='word_1_185' title='bbox 553 2720 565 2759; x_wconf 91' lang='lat'>:</span> <span class='ocrx_word' id='word_1_186' title='bbox 600 2704 861 2757; x_wconf 85' lang='lat' dir='ltr'>Columba</span> <span class='ocrx_word' id='word_1_187' title='bbox 924 2719 1065 2767; x_wconf 82' lang='lat' dir='ltr'>mea,</span> <span class='ocrx_word' id='word_1_188' title='bbox 1114 2707 1314 2773; x_wconf 87' lang='lat' dir='ltr'>utpote</span> <span class='ocrx_word' id='word_1_189' title='bbox 1371 2719 1497 2773; x_wconf 80' lang='lat' dir='ltr'>quae</span> <span class='ocrx_word' id='word_1_190' title='bbox 1529 2702 1716 2756; x_wconf 88' lang='lat' dir='ltr'>sancti</span> <span class='ocrx_word' id='word_1_191' title='bbox 1749 2701 1998 2772; x_wconf 87' lang='lat' dir='ltr'>Spiritus</span> 
     </span>
    </p>
   </div>
   <div class='ocr_carea' id='block_1_30' title="bbox 348 2791 2000 2863">
    <p class='ocr_par' dir='ltr' id='par_1_30' title="bbox 348 2791 2000 2863">
     <span class='ocr_line' id='line_1_30' title="bbox 348 2791 2000 2863; baseline -0.002 -17"><span class='ocrx_word' id='word_1_192' title='bbox 348 2793 458 2846; x_wconf 90' lang='lat' dir='ltr'>mei</span> <span class='ocrx_word' id='word_1_193' title='bbox 494 2808 741 2847; x_wconf 88' lang='lat' dir='ltr'>munera</span> <span class='ocrx_word' id='word_1_194' title='bbox 781 2792 1097 2861; x_wconf 89' lang='lat' dir='ltr'>acceperis,</span> <span class='ocrx_word' id='word_1_195' title='bbox 1146 2793 1359 2861; x_wconf 90' lang='lat' dir='ltr'>quibus</span> <span class='ocrx_word' id='word_1_196' title='bbox 1418 2798 1692 2863; x_wconf 82' lang='lat' dir='ltr'>tanquam</span> <span class='ocrx_word' id='word_1_197' title='bbox 1728 2791 1837 2844; x_wconf 71' lang='lat' dir='ltr'>alis</span> <span class='ocrx_word' id='word_1_198' title='bbox 1897 2806 2000 2860; x_wconf 90' lang='lat' dir='ltr'>per</span> 
     </span>
    </p>
   </div>
   <div class='ocr_carea' id='block_1_31' title="bbox 346 2880 1996 2947">
    <p class='ocr_par' dir='ltr' id='par_1_31' title="bbox 346 2880 1996 2947">
     <span class='ocr_line' id='line_1_31' title="bbox 346 2880 1996 2947; baseline -0.002 -12"><span class='ocrx_word' id='word_1_199' title='bbox 346 2881 708 2935; x_wconf 76' lang='lat' dir='ltr'>affectionem</span> <span class='ocrx_word' id='word_1_200' title='bbox 764 2882 834 2935; x_wconf 93' lang='lat' dir='ltr'>ab</span> <span class='ocrx_word' id='word_1_201' title='bbox 896 2882 1171 2935; x_wconf 88' lang='lat' dir='ltr'>omnibus</span> <span class='ocrx_word' id='word_1_202' title='bbox 1209 2882 1455 2935; x_wconf 88' lang='lat' dir='ltr'>terrenis</span> <span class='ocrx_word' id='word_1_203' title='bbox 1504 2881 1679 2936; x_wconf 82' lang='lat' dir='ltr'>rebus</span> <span class='ocrx_word' id='word_1_204' title='bbox 1732 2880 1996 2947; x_wconf 91' lang='lat' dir='ltr'>avolasti,</span> 
     </span>
    </p>
   </div>
   <div class='ocr_carea' id='block_1_32' title="bbox 347 2969 1997 3041">
    <p class='ocr_par' dir='ltr' id='par_1_32' title="bbox 347 2969 1997 3041">
     <span class='ocr_line' id='line_1_32' title="bbox 347 2969 1997 3041; baseline 0 -18"><span class='ocrx_word' id='word_1_205' title='bbox 347 2975 521 3041; x_wconf 86' lang='lat' dir='ltr'>atque</span> <span class='ocrx_word' id='word_1_206' title='bbox 555 2971 610 3024; x_wconf 91' lang='lat' dir='ltr'>in</span> <span class='ocrx_word' id='word_1_207' title='bbox 646 2985 738 3024; x_wconf 91' lang='lat' dir='ltr'>me</span> <span class='ocrx_word' id='word_1_208' title='bbox 771 2970 842 3024; x_wconf 91' lang='lat' dir='ltr'>ab</span> <span class='ocrx_word' id='word_1_209' title='bbox 871 2972 1032 3025; x_wconf 90' lang='lat' dir='ltr'>omni</span> <span class='ocrx_word' id='word_1_210' title='bbox 1059 2972 1304 3025; x_wconf 89' lang='lat' dir='ltr'>materia</span> <span class='ocrx_word' id='word_1_211' title='bbox 1336 2976 1556 3026; x_wconf 89' lang='lat' dir='ltr'>remoto</span> <span class='ocrx_word' id='word_1_212' title='bbox 1589 2975 1767 3041; x_wconf 90' lang='lat' dir='ltr'>atque</span> <span class='ocrx_word' id='word_1_213' title='bbox 1796 2969 1997 3024; x_wconf 80' lang='lat' dir='ltr'>ineffa-</span> 
     </span>
    </p>
   </div>
   <div class='ocr_carea' id='block_1_33' title="bbox 345 3058 1998 3131">
    <p class='ocr_par' dir='ltr' id='par_1_33' title="bbox 345 3058 1998 3131">
     <span class='ocr_line' id='line_1_33' title="bbox 345 3058 1998 3131; baseline -0.001 -18"><span class='ocrx_word' id='word_1_214' title='bbox 345 3058 450 3113; x_wconf 90' lang='lat' dir='ltr'>bili</span> <span class='ocrx_word' id='word_1_215' title='bbox 482 3063 538 3113; x_wconf 89' lang='lat' dir='ltr'>et</span> <span class='ocrx_word' id='word_1_216' title='bbox 564 3061 777 3114; x_wconf 88' lang='lat' dir='ltr'>mentis</span> <span class='ocrx_word' id='word_1_217' title='bbox 804 3064 1038 3131; x_wconf 89' lang='lat' dir='ltr'>captum</span> <span class='ocrx_word' id='word_1_218' title='bbox 1072 3060 1385 3115; x_wconf 85' lang='lat' dir='ltr'>excedente</span> <span class='ocrx_word' id='word_1_219' title='bbox 1431 3059 1840 3131; x_wconf 86' lang='lat' dir='ltr'>conquievisti.</span> <span class='ocrx_word' id='word_1_220' title='bbox 1897 3060 1998 3113; x_wconf 84' lang='lat' dir='ltr'>At-</span> 
     </span>
    </p>
   </div>
   <div class='ocr_carea' id='block_1_34' title="bbox 350 3149 2001 3220">
    <p class='ocr_par' dir='ltr' id='par_1_34' title="bbox 350 3149 2001 3220">
     <span class='ocr_line' id='line_1_34' title="bbox 350 3149 2001 3220; baseline 0 -17"><span class='ocrx_word' id='word_1_221' title='bbox 350 3164 464 3220; x_wconf 91' lang='lat' dir='ltr'>que</span> <span class='ocrx_word' id='word_1_222' title='bbox 521 3149 599 3203; x_wconf 90' lang='lat' dir='ltr'>ita</span> <span class='ocrx_word' id='word_1_223' title='bbox 650 3151 892 3220; x_wconf 78' lang='lat' dir='ltr'>perfecta</span> <span class='ocrx_word' id='word_1_224' title='bbox 939 3165 1085 3215; x_wconf 80' lang='lat' dir='ltr'>mea,</span> <span class='ocrx_word' id='word_1_225' title='bbox 1147 3153 1211 3204; x_wconf 91' lang='lat' dir='ltr'>ut</span> <span class='ocrx_word' id='word_1_226' title='bbox 1268 3166 1372 3219; x_wconf 90' lang='lat' dir='ltr'>per</span> <span class='ocrx_word' id='word_1_227' title='bbox 1420 3149 1706 3203; x_wconf 88' lang='lat' dir='ltr'>actionem</span> <span class='ocrx_word' id='word_1_228' title='bbox 1749 3152 2001 3220; x_wconf 87' lang='lat' dir='ltr'>purgata</span> 
     </span>
    </p>
   </div>
   <div class='ocr_carea' id='block_1_35' title="bbox 2800 812 3045 871">
    <p class='ocr_par' dir='ltr' id='par_1_35' title="bbox 2800 812 3045 871">
     <span class='ocr_line' id='line_1_35' title="bbox 2800 812 3045 871; baseline 0.012 -3"><span class='ocrx_word' id='word_1_229' title='bbox 2800 812 3045 871; x_wconf 76' lang='grc' dir='ltr'>Ψελλοῦ.</span> 
     </span>
    </p>
   </div>
   <div class='ocr_carea' id='block_1_36' title="bbox 2173 900 3749 981">
    <p class='ocr_par' dir='ltr' id='par_1_36' title="bbox 2173 900 3749 981">
     <span class='ocr_line' id='line_1_36' title="bbox 2173 900 3749 981; baseline 0.001 -24"><span class='ocrx_word' id='word_1_230' title='bbox 2173 900 2331 957; x_wconf 81' lang='grc' dir='ltr'>Ἀλλ’</span> <span class='ocrx_word' id='word_1_231' title='bbox 2363 901 2514 966; x_wconf 76' lang='grc' dir='ltr'>αὖθις</span> <span class='ocrx_word' id='word_1_232' title='bbox 2548 902 2903 976; x_wconf 84' lang='grc' dir='ltr'>ἁκουσώμεθα</span> <span class='ocrx_word' id='word_1_233' title='bbox 2930 902 3031 970; x_wconf 74' lang='grc' dir='ltr'>τῆς</span> <span class='ocrx_word' id='word_1_234' title='bbox 3062 903 3279 981; x_wconf 76' lang='grc' dir='ltr'>νύμφης</span> <span class='ocrx_word' id='word_1_235' title='bbox 3302 908 3407 959; x_wconf 84' lang='grc' dir='ltr'>τῶν</span> <span class='ocrx_word' id='word_1_236' title='bbox 3438 905 3749 977; x_wconf 74' lang='grc' dir='ltr'>Ἀσμάτων·</span> 
     </span>
    </p>
   </div>
   <div class='ocr_carea' id='block_1_37' title="bbox 2175 989 3744 1067">
    <p class='ocr_par' dir='ltr' id='par_1_37' title="bbox 2175 989 3744 1067">
     <span class='ocr_line' id='line_1_37' title="bbox 2175 989 3744 1067; baseline -0.001 -21"><span class='ocrx_word' id='word_1_237' title='bbox 2175 991 2339 1060; x_wconf 83' lang='grc' dir='ltr'>Φωνή</span> <span class='ocrx_word' id='word_1_238' title='bbox 2395 992 2489 1046; x_wconf 84' lang='grc' dir='ltr'>τοῦ</span> <span class='ocrx_word' id='word_1_239' title='bbox 2548 989 2843 1067; x_wconf 73' lang='grc' dir='ltr'>ἀδελφιδοῦ</span> <span class='ocrx_word' id='word_1_240' title='bbox 2892 996 2997 1065; x_wconf 87' lang='grc' dir='ltr'>μοῦ</span> <span class='ocrx_word' id='word_1_241' title='bbox 3054 994 3240 1065; x_wconf 72' lang='grc' dir='ltr'>κρούει</span> <span class='ocrx_word' id='word_1_242' title='bbox 3290 991 3505 1061; x_wconf 79' lang='grc' dir='ltr'>ἐπὶτήν</span> <span class='ocrx_word' id='word_1_243' title='bbox 3558 992 3744 1067; x_wconf 75' lang='grc' dir='ltr'>θύραν·</span> 
     </span>
    </p>
   </div>
   <div class='ocr_carea' id='block_1_38' title="bbox 2102 1078 2893 1155">
    <p class='ocr_par' dir='ltr' id='par_1_38' title="bbox 2102 1078 2893 1155">
     <span class='ocr_line' id='line_1_38' title="bbox 2102 1078 2893 1155; baseline 0.001 -20"><span class='ocrx_word' id='word_1_244' title='bbox 2102 1080 2351 1150; x_wconf 74' lang='grc' dir='ltr'>’Ἃνοιξὸν</span> <span class='ocrx_word' id='word_1_245' title='bbox 2389 1102 2505 1152; x_wconf 87' lang='grc' dir='ltr'>μοι,</span> <span class='ocrx_word' id='word_1_246' title='bbox 2532 1078 2736 1155; x_wconf 81' lang='grc' dir='ltr'>ἀδελφή</span> <span class='ocrx_word' id='word_1_247' title='bbox 2768 1102 2893 1153; x_wconf 86' lang='grc' dir='ltr'>μου.</span> 
     </span>
    </p>
   </div>
   <div class='ocr_carea' id='block_1_39' title="bbox 2173 1168 3615 1248">
    <p class='ocr_par' dir='ltr' id='par_1_39' title="bbox 2173 1168 3615 1248">
     <span class='ocr_line' id='line_1_39' title="bbox 2173 1168 3615 1248; baseline 0.001 -25"><span class='ocrx_word' id='word_1_248' title='bbox 2173 1169 2345 1239; x_wconf 63' lang='grc' dir='ltr'>Φησὶ»</span> <span class='ocrx_word' id='word_1_249' title='bbox 2380 1168 2431 1223; x_wconf 76' lang='grc' dir='ltr'>ἐν</span> <span class='ocrx_word' id='word_1_250' title='bbox 2466 1170 2613 1242; x_wconf 63' lang='grc' dir='ltr'>μέσῳ</span> <span class='ocrx_word' id='word_1_251' title='bbox 2643 1177 2741 1239; x_wconf 84' lang='grc' dir='ltr'>τῆς</span> <span class='ocrx_word' id='word_1_252' title='bbox 2773 1171 2963 1232; x_wconf 83' lang='grc' dir='ltr'>νυκτὸς</span> <span class='ocrx_word' id='word_1_253' title='bbox 2993 1170 3065 1231; x_wconf 86' lang='grc' dir='ltr'>ὡς</span> <span class='ocrx_word' id='word_1_254' title='bbox 3098 1168 3263 1239; x_wconf 77' lang='grc' dir='ltr'>ἦλθεν</span> <span class='ocrx_word' id='word_1_255' title='bbox 3297 1171 3325 1225; x_wconf 98' lang='lat'>6</span> <span class='ocrx_word' id='word_1_256' title='bbox 3355 1169 3615 1248; x_wconf 75' lang='grc' dir='ltr'>νυμφίος,</span> 
     </span>
    </p>
   </div>
   <div class='ocr_carea' id='block_1_40' title="bbox 2100 1257 3501 1332">
    <p class='ocr_par' dir='ltr' id='par_1_40' title="bbox 2100 1257 3501 1332">
     <span class='ocr_line' id='line_1_40' title="bbox 2100 1257 3501 1332; baseline 0 -18"><span class='ocrx_word' id='word_1_257' title='bbox 2100 1260 2215 1327; x_wconf 68' lang='grc' dir='ltr'>Τὴν</span> <span class='ocrx_word' id='word_1_258' title='bbox 2249 1260 2409 1331; x_wconf 67' lang='grc' dir='ltr'>θύραν</span> <span class='ocrx_word' id='word_1_259' title='bbox 2442 1258 2797 1329; x_wconf 66' lang='grc' dir='ltr'>ἀναπάτασον,</span> <span class='ocrx_word' id='word_1_260' title='bbox 2832 1259 2966 1329; x_wconf 76' lang='grc' dir='ltr'>εἶπε,</span> <span class='ocrx_word' id='word_1_261' title='bbox 3006 1258 3097 1331; x_wconf 80' lang='grc' dir='ltr'>μοὶ</span> <span class='ocrx_word' id='word_1_262' title='bbox 3128 1266 3226 1328; x_wconf 76' lang='grc' dir='ltr'>τῆς</span> <span class='ocrx_word' id='word_1_263' title='bbox 3257 1257 3501 1332; x_wconf 81' lang='grc' dir='ltr'>καρδίας,</span> 
     </span>
    </p>
   </div>
   <div class='ocr_carea' id='block_1_41' title="bbox 2100 1346 3645 1423">
    <p class='ocr_par' dir='ltr' id='par_1_41' title="bbox 2100 1346 3645 1423">
     <span class='ocr_line' id='line_1_41' title="bbox 2100 1346 3645 1423; baseline 0.001 -21"><span class='ocrx_word' id='word_1_264' title='bbox 2100 1348 2190 1409; x_wconf 87' lang='grc' dir='ltr'>Ὡς</span> <span class='ocrx_word' id='word_1_265' title='bbox 2222 1346 2281 1402; x_wconf 74' lang='grc' dir='ltr'>ἂν</span> <span class='ocrx_word' id='word_1_266' title='bbox 2324 1347 2374 1402; x_wconf 70' lang='grc' dir='ltr'>ἐν</span> <span class='ocrx_word' id='word_1_267' title='bbox 2408 1348 2493 1402; x_wconf 84' lang='grc' dir='ltr'>σοὶ</span> <span class='ocrx_word' id='word_1_268' title='bbox 2523 1350 2844 1420; x_wconf 78' lang='grc' dir='ltr'>ποιήσωμαι</span> <span class='ocrx_word' id='word_1_269' title='bbox 2878 1349 3046 1420; x_wconf 67' lang='grc' dir='ltr'>μονὴν</span> <span class='ocrx_word' id='word_1_270' title='bbox 3081 1348 3172 1402; x_wconf 75' lang='grc' dir='ltr'>σὺν</span> <span class='ocrx_word' id='word_1_271' title='bbox 3203 1353 3282 1420; x_wconf 83' lang='grc' dir='ltr'>τῷ</span> <span class='ocrx_word' id='word_1_272' title='bbox 3312 1348 3482 1423; x_wconf 82' lang='grc' dir='ltr'>Πατρί</span> <span class='ocrx_word' id='word_1_273' title='bbox 3516 1370 3645 1422; x_wconf 85' lang='grc' dir='ltr'>μου.</span> 
     </span>
    </p>
   </div>
   <div class='ocr_carea' id='block_1_42' title="bbox 2102 1433 3534 1513">
    <p class='ocr_par' dir='ltr' id='par_1_42' title="bbox 2102 1433 3534 1513">
     <span class='ocr_line' id='line_1_42' title="bbox 2102 1433 3534 1513; baseline 0 -20"><span class='ocrx_word' id='word_1_274' title='bbox 2102 1439 2238 1499; x_wconf 85' lang='grc' dir='ltr'>Ταίς</span> <span class='ocrx_word' id='word_1_275' title='bbox 2270 1438 2482 1510; x_wconf 83' lang='grc' dir='ltr'>ἀρεταῖς</span> <span class='ocrx_word' id='word_1_276' title='bbox 2504 1437 2605 1513; x_wconf 73' lang='grc' dir='ltr'>γὰρ</span> <span class='ocrx_word' id='word_1_277' title='bbox 2636 1438 2877 1512; x_wconf 72' lang='grc' dir='ltr'>πέφυκας</span> <span class='ocrx_word' id='word_1_278' title='bbox 2906 1433 3076 1501; x_wconf 80' lang='grc' dir='ltr'>ὄντως</span> <span class='ocrx_word' id='word_1_279' title='bbox 3106 1438 3242 1510; x_wconf 81' lang='grc' dir='ltr'>ἐμοῦ</span> <span class='ocrx_word' id='word_1_280' title='bbox 3273 1439 3534 1508; x_wconf 74' lang='grc' dir='ltr'>πλησίον.</span> 
     </span>
    </p>
   </div>
   <div class='ocr_carea' id='block_1_43' title="bbox 2101 1524 3753 1603">
    <p class='ocr_par' dir='ltr' id='par_1_43' title="bbox 2101 1524 3753 1603">
     <span class='ocr_line' id='line_1_43' title="bbox 2101 1524 3753 1603; baseline 0.001 -23"><span class='ocrx_word' id='word_1_281' title='bbox 2101 1525 2163 1580; x_wconf 76' lang='lat' dir='ltr'>El</span> <span class='ocrx_word' id='word_1_282' title='bbox 2193 1530 2319 1601; x_wconf 84' lang='grc' dir='ltr'>γοῦν</span> <span class='ocrx_word' id='word_1_283' title='bbox 2353 1526 2580 1597; x_wconf 80' lang='grc' dir='ltr'>ἀνοίξεις</span> <span class='ocrx_word' id='word_1_284' title='bbox 2615 1547 2730 1598; x_wconf 88' lang='grc' dir='ltr'>μοι,</span> <span class='ocrx_word' id='word_1_285' title='bbox 2767 1527 2952 1603; x_wconf 71' lang='grc' dir='ltr'>φησὶν,</span> <span class='ocrx_word' id='word_1_286' title='bbox 2985 1524 3145 1581; x_wconf 84' lang='grc' dir='ltr'>δώσω</span> <span class='ocrx_word' id='word_1_287' title='bbox 3203 1548 3288 1581; x_wconf 88' lang='grc' dir='ltr'>σοι</span> <span class='ocrx_word' id='word_1_288' title='bbox 3342 1524 3515 1602; x_wconf 80' lang='grc' dir='ltr'>δῶρον</span> 
     </span>
    </p>
   </div>
   <div class='ocr_carea' id='block_1_44' title="bbox 2100 1613 3761 1693">
    <p class='ocr_par' dir='ltr' id='par_1_44' title="bbox 2100 1613 3761 1693">
     <span class='ocr_line' id='line_1_44' title="bbox 2100 1613 3761 1693; baseline 0.001 -25"><span class='ocrx_word' id='word_1_289' title='bbox 2100 1617 2207 1684; x_wconf 76' lang='grc' dir='ltr'>Τὴν</span> <span class='ocrx_word' id='word_1_290' title='bbox 2280 1613 2470 1686; x_wconf 70' lang='grc' dir='ltr'>δρόσον</span> <span class='ocrx_word' id='word_1_291' title='bbox 2561 1638 2665 1687; x_wconf 79' lang='grc' dir='ltr'>μου</span> <span class='ocrx_word' id='word_1_292' title='bbox 2748 1623 2845 1685; x_wconf 71' lang='grc' dir='ltr'>τῆς</span> <span class='ocrx_word' id='word_1_293' title='bbox 2920 1613 3165 1693; x_wconf 75' lang='grc' dir='ltr'>κεφαλῆς</span> <span class='ocrx_word' id='word_1_294' title='bbox 3226 1613 3463 1689; x_wconf 78' lang='grc' dir='ltr'>ψεκάδας</span> <span class='ocrx_word' id='word_1_295' title='bbox 3517 1636 3576 1670; x_wconf 85' lang='grc' dir='ltr'>τε</span> <span class='ocrx_word' id='word_1_296' title='bbox 3630 1616 3761 1690; x_wconf 83' lang='grc' dir='ltr'>βοσ-</span> 
     </span>
    </p>
   </div>
   <div class='ocr_carea' id='block_1_45' title="bbox 3482 1705 3755 1781">
    <p class='ocr_par' dir='ltr' id='par_1_45' title="bbox 3482 1705 3755 1781">
     <span class='ocr_line' id='line_1_45' title="bbox 3482 1705 3755 1781; baseline 0.004 -21"><span class='ocrx_word' id='word_1_297' title='bbox 3482 1705 3729 1781; x_wconf 77' lang='grc' dir='ltr'>[τρύχων</span> <span class='ocrx_word' id='word_1_298' title='bbox 3741 1748 3755 1761; x_wconf 93' lang='grc'><strong>.</strong></span> 
     </span>
    </p>
   </div>
   <div class='ocr_carea' id='block_1_46' title="bbox 2101 1791 3683 1869">
    <p class='ocr_par' dir='ltr' id='par_1_46' title="bbox 2101 1791 3683 1869">
     <span class='ocr_line' id='line_1_46' title="bbox 2101 1791 3683 1869; baseline -0.002 -18"><span class='ocrx_word' id='word_1_299' title='bbox 2101 1795 2320 1869; x_wconf 85' lang='grc' dir='ltr'>Ἥγουν,</span> <span class='ocrx_word' id='word_1_300' title='bbox 2356 1795 2567 1861; x_wconf 82' lang='grc' dir='ltr'>Ἰἀσεις,</span> <span class='ocrx_word' id='word_1_301' title='bbox 2600 1792 2835 1850; x_wconf 78' lang='grc' dir='ltr'>ἐκτελεῖν</span> <span class='ocrx_word' id='word_1_302' title='bbox 2866 1791 3025 1849; x_wconf 83' lang='grc' dir='ltr'>δώσω</span> <span class='ocrx_word' id='word_1_303' title='bbox 3059 1815 3143 1850; x_wconf 87' lang='grc' dir='ltr'>σοι</span> <span class='ocrx_word' id='word_1_304' title='bbox 3176 1794 3313 1866; x_wconf 86' lang='grc' dir='ltr'>πρὸς</span> <span class='ocrx_word' id='word_1_305' title='bbox 3345 1792 3683 1868; x_wconf 82' lang='grc' dir='ltr'>ἀνθρώπους’</span> 
     </span>
    </p>
   </div>
   <div class='ocr_carea' id='block_1_47' title="bbox 2561 1638 2665 1687">
    <p class='ocr_par' dir='ltr' id='par_1_47' title="bbox 2561 1638 2665 1687">
     <span class='ocr_line' id='line_1_47' title="bbox 2561 1638 2665 1687; baseline 0 -18"><span class='ocrx_word' id='word_1_306' title='bbox 2561 1639 2599 1687; x_wconf 77' lang='grc' dir='ltr'>μ</span> <span class='ocrx_word' id='word_1_307' title='bbox 2605 1638 2630 1669; x_wconf 69' lang='grc' dir='ltr'>ί)</span> <span class='ocrx_word' id='word_1_308' title='bbox 2638 1639 2665 1669; x_wconf 79' lang='grc'>”)</span> 
     </span>
    </p>
   </div>
   <div class='ocr_carea' id='block_1_48' title="bbox 2024 1881 3626 1959">
    <p class='ocr_par' dir='ltr' id='par_1_48' title="bbox 2024 1881 3626 1959">
     <span class='ocr_line' id='line_1_48' title="bbox 2024 1881 3626 1959; baseline 0.001 -21"><span class='ocrx_word' id='word_1_309' title='bbox 2024 1887 2070 1951; x_wconf 88' lang='grc' dir='ltr'><strong>Β</strong></span> <span class='ocrx_word' id='word_1_310' title='bbox 2102 1883 2262 1957; x_wconf 77' lang='grc' dir='ltr'>Ἰαμα</span> <span class='ocrx_word' id='word_1_311' title='bbox 2299 1883 2402 1959; x_wconf 78' lang='grc' dir='ltr'>γὰρ</span> <span class='ocrx_word' id='word_1_312' title='bbox 2429 1885 2462 1953; x_wconf 78' lang='grc' dir='ltr'>ἡ</span> <span class='ocrx_word' id='word_1_313' title='bbox 2498 1881 2689 1959; x_wconf 82' lang='grc' dir='ltr'>δρόσος</span> <span class='ocrx_word' id='word_1_314' title='bbox 2724 1905 2828 1956; x_wconf 87' lang='grc' dir='ltr'>μου</span> <span class='ocrx_word' id='word_1_315' title='bbox 2857 1883 3119 1958; x_wconf 79' lang='grc' dir='ltr'>τυγχάνει</span> <span class='ocrx_word' id='word_1_316' title='bbox 3149 1887 3265 1947; x_wconf 86' lang='grc' dir='ltr'>τοῖς</span> <span class='ocrx_word' id='word_1_317' title='bbox 3293 1881 3626 1958; x_wconf 77' lang='grc' dir='ltr'>ἀνθρώποις.</span> 
     </span>
    </p>
   </div>
   <div class='ocr_carea' id='block_1_49' title="bbox 2674 1988 3186 2066">
    <p class='ocr_par' dir='ltr' id='par_1_49' title="bbox 2674 1988 3186 2066">
     <span class='ocr_line' id='line_1_49' title="bbox 2674 1988 3186 2066; baseline 0.002 -22"><span class='ocrx_word' id='word_1_318' title='bbox 2674 1994 2791 2044; x_wconf 83' lang='grc' dir='ltr'>Τῶν</span> <span class='ocrx_word' id='word_1_319' title='bbox 2823 1992 2869 2064; x_wconf 83' lang='grc' dir='ltr'>γ’</span> <span class='ocrx_word' id='word_1_320' title='bbox 2910 1988 3161 2066; x_wconf 77' lang='grc' dir='ltr'>Πατὲρων</span> <span class='ocrx_word' id='word_1_321' title='bbox 3174 2031 3186 2045; x_wconf 93' lang='grc'><strong>.</strong></span> 
     </span>
    </p>
   </div>
   <div class='ocr_carea' id='block_1_50' title="bbox 2175 2075 3759 2155">
    <p class='ocr_par' dir='ltr' id='par_1_50' title="bbox 2175 2075 3759 2155">
     <span class='ocr_line' id='line_1_50' title="bbox 2175 2075 3759 2155; baseline -0.001 -23"><span class='ocrx_word' id='word_1_322' title='bbox 2175 2077 2407 2148; x_wconf 80' lang='grc' dir='ltr'>Τοιαύτη</span> <span class='ocrx_word' id='word_1_323' title='bbox 2468 2075 2524 2134; x_wconf 75' lang='grc' dir='ltr'>δὲ</span> <span class='ocrx_word' id='word_1_324' title='bbox 2582 2078 2724 2133; x_wconf 73' lang='grc' dir='ltr'>ἐστιν</span> <span class='ocrx_word' id='word_1_325' title='bbox 2777 2081 2811 2147; x_wconf 79' lang='grc' dir='ltr'>ἡ</span> <span class='ocrx_word' id='word_1_326' title='bbox 2872 2076 3013 2153; x_wconf 89' lang='grc' dir='ltr'>πρός</span> <span class='ocrx_word' id='word_1_327' title='bbox 3066 2098 3131 2149; x_wconf 87' lang='grc' dir='ltr'>με</span> <span class='ocrx_word' id='word_1_328' title='bbox 3182 2081 3279 2132; x_wconf 89' lang='grc' dir='ltr'>τοῦ</span> <span class='ocrx_word' id='word_1_329' title='bbox 3308 2076 3545 2152; x_wconf 75' lang='grc' dir='ltr'>νυμφίου</span> <span class='ocrx_word' id='word_1_330' title='bbox 3575 2079 3759 2155; x_wconf 80' lang='grc' dir='ltr'>φωνή’</span> 
     </span>
    </p>
   </div>
   <div class='ocr_carea' id='block_1_51' title="bbox 2106 2165 3764 2246">
    <p class='ocr_par' dir='ltr' id='par_1_51' title="bbox 2106 2165 3764 2246">
     <span class='ocr_line' id='line_1_51' title="bbox 2106 2165 3764 2246; baseline -0.003 -21"><span class='ocrx_word' id='word_1_331' title='bbox 2106 2168 2347 2241; x_wconf 79' lang='grc' dir='ltr'>Ἀνοιξόν</span> <span class='ocrx_word' id='word_1_332' title='bbox 2397 2190 2513 2240; x_wconf 86' lang='grc' dir='ltr'>μοι,</span> <span class='ocrx_word' id='word_1_333' title='bbox 2554 2167 2762 2246; x_wconf 81' lang='grc' dir='ltr'>ἀδελφή</span> <span class='ocrx_word' id='word_1_334' title='bbox 2804 2188 2933 2241; x_wconf 85' lang='grc' dir='ltr'>μου,</span> <span class='ocrx_word' id='word_1_335' title='bbox 2964 2168 2998 2236; x_wconf 79' lang='grc' dir='ltr'>ἠ</span> <span class='ocrx_word' id='word_1_336' title='bbox 3032 2165 3270 2237; x_wconf 88' lang='grc' dir='ltr'>πλησίον</span> <span class='ocrx_word' id='word_1_337' title='bbox 3306 2188 3431 2240; x_wconf 84' lang='grc' dir='ltr'>μου,</span> <span class='ocrx_word' id='word_1_338' title='bbox 3464 2167 3764 2242; x_wconf 83' lang='grc' dir='ltr'>περιστερά</span> 
     </span>
    </p>
   </div>
   <div class='ocr_carea' id='block_1_52' title="bbox 2113 2255 2614 2331">
    <p class='ocr_par' dir='ltr' id='par_1_52' title="bbox 2113 2255 2614 2331">
     <span class='ocr_line' id='line_1_52' title="bbox 2113 2255 2614 2331; baseline 0.002 -19"><span class='ocrx_word' id='word_1_339' title='bbox 2113 2278 2237 2331; x_wconf 83' lang='grc' dir='ltr'>μου,</span> <span class='ocrx_word' id='word_1_340' title='bbox 2270 2255 2454 2312; x_wconf 87' lang='grc' dir='ltr'>τελεία</span> <span class='ocrx_word' id='word_1_341' title='bbox 2488 2278 2614 2330; x_wconf 85' lang='grc' dir='ltr'>μου.</span> 
     </span>
    </p>
   </div>
   <div class='ocr_carea' id='block_1_53' title="bbox 2179 2340 3769 2419">
    <p class='ocr_par' dir='ltr' id='par_1_53' title="bbox 2179 2340 3769 2419">
     <span class='ocr_line' id='line_1_53' title="bbox 2179 2340 3769 2419; baseline -0.004 -17"><span class='ocrx_word' id='word_1_342' title='bbox 2179 2346 2429 2417; x_wconf 72' lang='grc' dir='ltr'>’Ἂνοιξον</span> <span class='ocrx_word' id='word_1_343' title='bbox 2489 2343 2547 2401; x_wconf 77' lang='grc' dir='ltr'><strong>δέ</strong></span> <span class='ocrx_word' id='word_1_344' title='bbox 2606 2367 2703 2418; x_wconf 85' lang='grc' dir='ltr'>μοι</span> <span class='ocrx_word' id='word_1_345' title='bbox 2760 2344 2851 2399; x_wconf 86' lang='grc' dir='ltr'>τὸν</span> <span class='ocrx_word' id='word_1_346' title='bbox 2884 2349 3031 2411; x_wconf 83' lang='grc' dir='ltr'>νοῦν,</span> <span class='ocrx_word' id='word_1_347' title='bbox 3060 2346 3153 2398; x_wconf 77' lang='grc' dir='ltr'>ἳνα</span> <span class='ocrx_word' id='word_1_348' title='bbox 3210 2344 3465 2419; x_wconf 84' lang='grc' dir='ltr'>χωρητός</span> <span class='ocrx_word' id='word_1_349' title='bbox 3526 2364 3612 2397; x_wconf 91' lang='grc' dir='ltr'>σοι</span> <span class='ocrx_word' id='word_1_350' title='bbox 3672 2340 3769 2397; x_wconf 80' lang='grc' dir='ltr'>διὰ</span> 
     </span>
    </p>
   </div>
   <div class='ocr_carea' id='block_1_54' title="bbox 2111 2431 3773 2511">
    <p class='ocr_par' dir='ltr' id='par_1_54' title="bbox 2111 2431 3773 2511">
     <span class='ocr_line' id='line_1_54' title="bbox 2111 2431 3773 2511; baseline -0.003 -21"><span class='ocrx_word' id='word_1_351' title='bbox 2111 2437 2277 2511; x_wconf 66' lang='grc' dir='ltr'>μέσου</span> <span class='ocrx_word' id='word_1_352' title='bbox 2330 2435 2496 2490; x_wconf 80' lang='grc' dir='ltr'>αὐτοῦ</span> <span class='ocrx_word' id='word_1_353' title='bbox 2556 2436 2583 2489; x_wconf 90' lang='lat'>6</span> <span class='ocrx_word' id='word_1_354' title='bbox 2617 2435 2909 2511; x_wconf 86' lang='grc' dir='ltr'>ἁχώρητος</span> <span class='ocrx_word' id='word_1_355' title='bbox 2944 2434 3210 2509; x_wconf 76' lang='grc' dir='ltr'>γένωμαι.</span> <span class='ocrx_word' id='word_1_356' title='bbox 3246 2431 3485 2509; x_wconf 77' lang='grc' dir='ltr'>Ἀδελφή</span> <span class='ocrx_word' id='word_1_357' title='bbox 3525 2440 3651 2505; x_wconf 80' lang='grc' dir='ltr'>μὸυ·</span> <span class='ocrx_word' id='word_1_358' title='bbox 3688 2432 3773 2493; x_wconf 85' lang='grc' dir='ltr'>ὡς</span> 
     </span>
    </p>
   </div>
   <div class='ocr_carea' id='block_1_55' title="bbox 2107 2521 3771 2599">
    <p class='ocr_par' dir='ltr' id='par_1_55' title="bbox 2107 2521 3771 2599">
     <span class='ocr_line' id='line_1_55' title="bbox 2107 2521 3771 2599; baseline -0.004 -19"><span class='ocrx_word' id='word_1_359' title='bbox 2107 2530 2343 2581; x_wconf 79' lang='grc' dir='ltr'>ποιοῦσα</span> <span class='ocrx_word' id='word_1_360' title='bbox 2388 2526 2451 2580; x_wconf 85' lang='grc' dir='ltr'>τὸ</span> <span class='ocrx_word' id='word_1_361' title='bbox 2508 2521 2728 2597; x_wconf 69' lang='grc' dir='ltr'>θέλημα</span> <span class='ocrx_word' id='word_1_362' title='bbox 2777 2528 2875 2579; x_wconf 90' lang='grc' dir='ltr'>τοῦ</span> <span class='ocrx_word' id='word_1_363' title='bbox 2930 2524 3139 2599; x_wconf 83' lang='grc' dir='ltr'>Πατρός</span> <span class='ocrx_word' id='word_1_364' title='bbox 3194 2544 3339 2595; x_wconf 87' lang='grc' dir='ltr'>μου,</span> <span class='ocrx_word' id='word_1_365' title='bbox 3395 2524 3458 2579; x_wconf 89' lang='grc' dir='ltr'>Ἡ</span> <span class='ocrx_word' id='word_1_366' title='bbox 3518 2521 3771 2592; x_wconf 80' lang='grc' dir='ltr'>πλησίον</span> 
     </span>
    </p>
   </div>
   <div class='ocr_carea' id='block_1_56' title="bbox 2112 2609 3770 2689">
    <p class='ocr_par' dir='ltr' id='par_1_56' title="bbox 2112 2609 3770 2689">
     <span class='ocr_line' id='line_1_56' title="bbox 2112 2609 3770 2689; baseline -0.004 -20"><span class='ocrx_word' id='word_1_367' title='bbox 2112 2635 2217 2687; x_wconf 88' lang='grc' dir='ltr'>μου</span> <span class='ocrx_word' id='word_1_368' title='bbox 2272 2612 2380 2684; x_wconf 71' lang='grc' dir='ltr'>ἤδη</span> <span class='ocrx_word' id='word_1_369' title='bbox 2439 2611 2701 2689; x_wconf 64' lang='grc' dir='ltr'>γενομένη</span> <span class='ocrx_word' id='word_1_370' title='bbox 2765 2610 2835 2668; x_wconf 86' lang='grc' dir='ltr'>δι’</span> <span class='ocrx_word' id='word_1_371' title='bbox 2890 2611 3189 2669; x_wconf 77' lang='grc' dir='ltr'>ἀπάθειαν.</span> <span class='ocrx_word' id='word_1_372' title='bbox 3268 2609 3562 2686; x_wconf 85' lang='grc' dir='ltr'>Περιστερά</span> <span class='ocrx_word' id='word_1_373' title='bbox 3633 2631 3770 2681; x_wconf 81' lang='grc' dir='ltr'>μου,</span> 
     </span>
    </p>
   </div>
   <div class='ocr_carea' id='block_1_57' title="bbox 2107 2698 3766 2778">
    <p class='ocr_par' dir='ltr' id='par_1_57' title="bbox 2107 2698 3766 2778">
     <span class='ocr_line' id='line_1_57' title="bbox 2107 2698 3766 2778; baseline -0.003 -21"><span class='ocrx_word' id='word_1_374' title='bbox 2107 2703 2182 2766; x_wconf 89' lang='grc' dir='ltr'>ὡς</span> <span class='ocrx_word' id='word_1_375' title='bbox 2231 2706 2297 2757; x_wconf 70' lang='grc' dir='ltr'>τὰ</span> <span class='ocrx_word' id='word_1_376' title='bbox 2345 2702 2658 2778; x_wconf 75' lang='grc' dir='ltr'>χαρίσματα</span> <span class='ocrx_word' id='word_1_377' title='bbox 2686 2706 2781 2756; x_wconf 84' lang='grc' dir='ltr'>τοῦ</span> <span class='ocrx_word' id='word_1_378' title='bbox 2829 2700 3094 2777; x_wconf 73' lang='grc' dir='ltr'>παναγίου</span> <span class='ocrx_word' id='word_1_379' title='bbox 3157 2721 3259 2772; x_wconf 88' lang='grc' dir='ltr'>μου</span> <span class='ocrx_word' id='word_1_380' title='bbox 3302 2699 3621 2772; x_wconf 75' lang='grc' dir='ltr'>Ιῖνεόματος</span> <span class='ocrx_word' id='word_1_381' title='bbox 3652 2698 3766 2753; x_wconf 85' lang='grc' dir='ltr'>λα-</span> 
     </span>
    </p>
   </div>
   <div class='ocr_carea' id='block_1_58' title="bbox 2109 2788 3769 2865">
    <p class='ocr_par' dir='ltr' id='par_1_58' title="bbox 2109 2788 3769 2865">
     <span class='ocr_line' id='line_1_58' title="bbox 2109 2788 3769 2865; baseline -0.002 -19"><span class='ocrx_word' id='word_1_382' title='bbox 2109 2788 2297 2858; x_wconf 80' lang='grc' dir='ltr'>ϐοῦσα,</span> <span class='ocrx_word' id='word_1_383' title='bbox 2361 2794 2449 2845; x_wconf 82' lang='grc' dir='ltr'>οἷα</span> <span class='ocrx_word' id='word_1_384' title='bbox 2519 2790 2789 2865; x_wconf 68' lang='grc' dir='ltr'>πτέρυγας</span> <span class='ocrx_word' id='word_1_385' title='bbox 2845 2794 3219 2865; x_wconf 61' lang='grc' dir='ltr'>έπεριστερᾶς·</span> <span class='ocrx_word' id='word_1_386' title='bbox 3279 2789 3369 2843; x_wconf 78' lang='grc' dir='ltr'>καὶ</span> <span class='ocrx_word' id='word_1_387' title='bbox 3437 2790 3769 2843; x_wconf 77' lang='grc' dir='ltr'>πετασθεῖσα</span> 
     </span>
    </p>
   </div>
   <div class='ocr_carea' id='block_1_59' title="bbox 2107 2876 3765 2955">
    <p class='ocr_par' dir='ltr' id='par_1_59' title="bbox 2107 2876 3765 2955">
     <span class='ocr_line' id='line_1_59' title="bbox 2107 2876 3765 2955; baseline -0.004 -18"><span class='ocrx_word' id='word_1_388' title='bbox 2107 2882 2243 2937; x_wconf 82' lang='grc' dir='ltr'>κατᾶ</span> <span class='ocrx_word' id='word_1_389' title='bbox 2284 2878 2517 2935; x_wconf 82' lang='grc' dir='ltr'>διάθεσιν</span> <span class='ocrx_word' id='word_1_390' title='bbox 2571 2879 2677 2933; x_wconf 81' lang='grc' dir='ltr'>ἀπὸ</span> <span class='ocrx_word' id='word_1_391' title='bbox 2727 2881 2942 2934; x_wconf 76' lang='grc' dir='ltr'>πάντων</span> <span class='ocrx_word' id='word_1_392' title='bbox 2968 2884 3075 2933; x_wconf 77' lang='grc' dir='ltr'>τῶν</span> <span class='ocrx_word' id='word_1_393' title='bbox 3102 2876 3329 2955; x_wconf 63' lang='grc' dir='ltr'>γηΐνων,</span> <span class='ocrx_word' id='word_1_394' title='bbox 3378 2877 3467 2932; x_wconf 80' lang='grc' dir='ltr'>καὶ</span> <span class='ocrx_word' id='word_1_395' title='bbox 3498 2877 3579 2932; x_wconf 82' lang='grc' dir='ltr'>ἐπ’</span> <span class='ocrx_word' id='word_1_396' title='bbox 3631 2876 3765 2950; x_wconf 69' lang='grc' dir='ltr'>ἐμοὶ</span> 
     </span>
    </p>
   </div>
   <div class='ocr_carea' id='block_1_60' title="bbox 2106 2966 3770 3045">
    <p class='ocr_par' dir='ltr' id='par_1_60' title="bbox 2106 2966 3770 3045">
     <span class='ocr_line' id='line_1_60' title="bbox 2106 2966 3770 3045; baseline -0.003 -19"><span class='ocrx_word' id='word_1_397' title='bbox 2106 2976 2185 3043; x_wconf 81' lang='grc' dir='ltr'>τῷ</span> <span class='ocrx_word' id='word_1_398' title='bbox 2239 2967 2414 3042; x_wconf 77' lang='grc' dir='ltr'>ἀΰλῳ,</span> <span class='ocrx_word' id='word_1_399' title='bbox 2478 2968 2700 3045; x_wconf 73' lang='grc' dir='ltr'>ἀρρήτῳ</span> <span class='ocrx_word' id='word_1_400' title='bbox 2762 2990 2820 3023; x_wconf 85' lang='grc' dir='ltr'>τε</span> <span class='ocrx_word' id='word_1_401' title='bbox 2869 2968 2958 3023; x_wconf 77' lang='grc' dir='ltr'>καὶ</span> <span class='ocrx_word' id='word_1_402' title='bbox 3009 2968 3139 3043; x_wconf 69' lang='grc' dir='ltr'>ὑπὲρ</span> <span class='ocrx_word' id='word_1_403' title='bbox 3198 2971 3321 3022; x_wconf 89' lang='grc' dir='ltr'>νοῦν</span> <span class='ocrx_word' id='word_1_404' title='bbox 3376 2966 3770 3021; x_wconf 71' lang='grc' dir='ltr'>καταπαύσασα</span> 
     </span>
    </p>
   </div>
   <div class='ocr_carea' id='block_1_61' title="bbox 2109 3054 3770 3134">
    <p class='ocr_par' dir='ltr' id='par_1_61' title="bbox 2109 3054 3770 3134">
     <span class='ocr_line' id='line_1_61' title="bbox 2109 3054 3770 3134; baseline -0.004 -18"><span class='ocrx_word' id='word_1_405' title='bbox 2109 3059 2282 3134; x_wconf 74' lang='grc' dir='ltr'>λόγῳο</span> <span class='ocrx_word' id='word_1_406' title='bbox 2329 3058 2606 3122; x_wconf 81' lang='grc' dir='ltr'>κάντεῦθεν</span> <span class='ocrx_word' id='word_1_407' title='bbox 2636 3056 2816 3113; x_wconf 89' lang='grc' dir='ltr'>τελεία</span> <span class='ocrx_word' id='word_1_408' title='bbox 2878 3078 3004 3131; x_wconf 90' lang='grc' dir='ltr'>μου,</span> <span class='ocrx_word' id='word_1_409' title='bbox 3045 3059 3119 3119; x_wconf 84' lang='grc' dir='ltr'>ὡς</span> <span class='ocrx_word' id='word_1_410' title='bbox 3149 3063 3472 3133; x_wconf 77' lang='grc' dir='ltr'>καθαρθεῖσα</span> <span class='ocrx_word' id='word_1_411' title='bbox 3504 3054 3593 3110; x_wconf 72' lang='grc' dir='ltr'>διὰ</span> <span class='ocrx_word' id='word_1_412' title='bbox 3622 3058 3770 3131; x_wconf 80' lang='grc' dir='ltr'>πρά-</span> 
     </span>
    </p>
   </div>
   <div class='ocr_carea' id='block_1_62' title="bbox 2110 3143 3763 3226">
    <p class='ocr_par' dir='ltr' id='par_1_62' title="bbox 2110 3143 3763 3226">
     <span class='ocr_line' id='line_1_62' title="bbox 2110 3143 3763 3226; baseline -0.003 -23"><span class='ocrx_word' id='word_1_413' title='bbox 2110 3149 2239 3219; x_wconf 79' lang='grc' dir='ltr'>ξεως</span> <span class='ocrx_word' id='word_1_414' title='bbox 2296 3148 2385 3203; x_wconf 77' lang='grc' dir='ltr'>καὶ</span> <span class='ocrx_word' id='word_1_415' title='bbox 2418 3152 2744 3226; x_wconf 85' lang='grc' dir='ltr'>φωτισθεῖσα</span> <span class='ocrx_word' id='word_1_416' title='bbox 2802 3143 2889 3201; x_wconf 75' lang='grc' dir='ltr'>διὰ</span> <span class='ocrx_word' id='word_1_417' title='bbox 2940 3147 3041 3216; x_wconf 82' lang='grc' dir='ltr'>τῆς</span> <span class='ocrx_word' id='word_1_418' title='bbox 3092 3145 3142 3200; x_wconf 80' lang='grc' dir='ltr'>ἐν</span> <span class='ocrx_word' id='word_1_419' title='bbox 3201 3146 3469 3218; x_wconf 64' lang='grc' dir='ltr'>πνεύματι</span> <span class='ocrx_word' id='word_1_420' title='bbox 3500 3144 3763 3219; x_wconf 87' lang='grc' dir='ltr'>θεωρίας,</span> 
     </span>
    </p>
   </div>
   <div class='ocr_carea' id='block_1_63' title="bbox 343 3234 1997 3324">
    <p class='ocr_par' dir='ltr' id='par_1_63' title="bbox 343 3236 1997 3310">
     <span class='ocr_line' id='line_1_63' title="bbox 343 3236 1997 3310; baseline -0.001 -17"><span class='ocrx_word' id='word_1_421' title='bbox 343 3243 399 3293; x_wconf 86' lang='lat' dir='ltr'>et</span> <span class='ocrx_word' id='word_1_422' title='bbox 430 3254 532 3310; x_wconf 91' lang='lat' dir='ltr'>per</span> <span class='ocrx_word' id='word_1_423' title='bbox 556 3239 1107 3308; x_wconf 86' lang='lat' dir='ltr'>contemplationem</span> <span class='ocrx_word' id='word_1_424' title='bbox 1168 3240 1227 3292; x_wconf 92' lang='lat' dir='ltr'>in</span> <span class='ocrx_word' id='word_1_425' title='bbox 1288 3239 1497 3310; x_wconf 83' lang='lat' dir='ltr'>spiritu</span> <span class='ocrx_word' id='word_1_426' title='bbox 1532 3236 1882 3305; x_wconf 86' lang='lat' dir='ltr'>illuminata,</span> <span class='ocrx_word' id='word_1_427' title='bbox 1942 3242 1997 3292; x_wconf 87' lang='lat' dir='ltr'>et</span> 
     </span>
    </p>
   </div>
   <div class='ocr_carea' id='block_1_64' title="bbox 2116 3234 3775 3324">
    <p class='ocr_par' dir='ltr' id='par_1_64' title="bbox 2116 3234 3775 3310">
     <span class='ocr_line' id='line_1_64' title="bbox 2116 3234 3775 3310; baseline -0.001 -17"><span class='ocrx_word' id='word_1_428' title='bbox 2116 3238 2198 3293; x_wconf 79' lang='grc' dir='ltr'>καὶ</span> <span class='ocrx_word' id='word_1_429' title='bbox 2278 3237 2632 3301; x_wconf 84' lang='grc' dir='ltr'>τελειωθεῖσα</span> <span class='ocrx_word' id='word_1_430' title='bbox 2717 3234 2805 3291; x_wconf 83' lang='grc' dir='ltr'>διὰ</span> <span class='ocrx_word' id='word_1_431' title='bbox 2886 3244 2986 3305; x_wconf 77' lang='grc' dir='ltr'>τῆς</span> <span class='ocrx_word' id='word_1_432' title='bbox 3059 3237 3194 3291; x_wconf 79' lang='grc' dir='ltr'>κατᾶ</span> <span class='ocrx_word' id='word_1_433' title='bbox 3273 3236 3432 3310; x_wconf 82' lang='grc' dir='ltr'>χάριν</span> <span class='ocrx_word' id='word_1_434' title='bbox 3493 3235 3775 3297; x_wconf 84' lang='grc' dir='ltr'>θεώσεως.</span> 
     </span>
    </p>
   </div>
   <div class='ocr_carea' id='block_1_65' title="bbox 346 3328 1997 3401">
    <p class='ocr_par' dir='ltr' id='par_1_65' title="bbox 346 3328 1997 3401">
     <span class='ocr_line' id='line_1_65' title="bbox 346 3328 1997 3401; baseline -0.001 -19"><span class='ocrx_word' id='word_1_435' title='bbox 346 3330 606 3384; x_wconf 84' lang='lat' dir='ltr'>numeris</span> <span class='ocrx_word' id='word_1_436' title='bbox 633 3331 907 3385; x_wconf 91' lang='lat' dir='ltr'>omnibus</span> <span class='ocrx_word' id='word_1_437' title='bbox 939 3346 1042 3401; x_wconf 89' lang='lat' dir='ltr'>per</span> <span class='ocrx_word' id='word_1_438' title='bbox 1071 3330 1397 3384; x_wconf 84' lang='lat' dir='ltr'>divinitatis</span> <span class='ocrx_word' id='word_1_439' title='bbox 1428 3331 1677 3401; x_wconf 82' lang='lat' dir='ltr'>gratiam</span> <span class='ocrx_word' id='word_1_440' title='bbox 1724 3328 1997 3400; x_wconf 86' lang='lat' dir='ltr'>expolita.</span> 
     </span>
    </p>
   </div>
   <div class='ocr_carea' id='block_1_66' title="bbox 347 3418 2001 3489">
    <p class='ocr_par' dir='ltr' id='par_1_66' title="bbox 347 3418 2001 3489">
     <span class='ocr_line' id='line_1_66' title="bbox 347 3418 2001 3489; baseline -0.002 -16"><span class='ocrx_word' id='word_1_441' title='bbox 347 3419 516 3489; x_wconf 80' lang='lat' dir='ltr'>Aperi</span> <span class='ocrx_word' id='word_1_442' title='bbox 546 3424 743 3474; x_wconf 86' lang='lat' dir='ltr'>autem</span> <span class='ocrx_word' id='word_1_443' title='bbox 790 3420 950 3485; x_wconf 83' lang='lat' dir='ltr'>mihi,</span> <span class='ocrx_word' id='word_1_444' title='bbox 1000 3421 1283 3489; x_wconf 81' lang='lat' dir='ltr'>quoniam,</span> <span class='ocrx_word' id='word_1_445' title='bbox 1332 3423 1397 3473; x_wconf 90' lang='lat' dir='ltr'>ut</span> <span class='ocrx_word' id='word_1_446' title='bbox 1447 3418 1668 3473; x_wconf 91' lang='lat' dir='ltr'>dictum</span> <span class='ocrx_word' id='word_1_447' title='bbox 1703 3426 1808 3486; x_wconf 77' lang='lat' dir='ltr'>est,</span> <span class='ocrx_word' id='word_1_448' title='bbox 1840 3420 2001 3488; x_wconf 73' lang='lat' dir='ltr'>caput</span> 
     </span>
    </p>
   </div>
   <div class='ocr_carea' id='block_1_67' title="bbox 347 3507 1996 3579">
    <p class='ocr_par' dir='ltr' id='par_1_67' title="bbox 347 3507 1996 3579">
     <span class='ocr_line' id='line_1_67' title="bbox 347 3507 1996 3579; baseline -0.001 -19"><span class='ocrx_word' id='word_1_449' title='bbox 347 3522 532 3561; x_wconf 89' lang='lat' dir='ltr'>meum</span> <span class='ocrx_word' id='word_1_450' title='bbox 562 3517 638 3562; x_wconf 84' lang='lat' dir='ltr'>est</span> <span class='ocrx_word' id='word_1_451' title='bbox 669 3509 899 3579; x_wconf 76' lang='lat' dir='ltr'>plenum</span> <span class='ocrx_word' id='word_1_452' title='bbox 930 3524 1077 3572; x_wconf 83' lang='lat' dir='ltr'>rore,</span> <span class='ocrx_word' id='word_1_453' title='bbox 1109 3512 1161 3562; x_wconf 82' lang='lat' dir='ltr'>et</span> <span class='ocrx_word' id='word_1_454' title='bbox 1191 3509 1443 3561; x_wconf 80' lang='lat' dir='ltr'>cincinni</span> <span class='ocrx_word' id='word_1_455' title='bbox 1463 3509 1572 3561; x_wconf 85' lang='lat' dir='ltr'>mei</span> <span class='ocrx_word' id='word_1_456' title='bbox 1598 3509 1765 3577; x_wconf 79' lang='lat' dir='ltr'>guttis</span> <span class='ocrx_word' id='word_1_457' title='bbox 1805 3507 1996 3561; x_wconf 75' lang='lat' dir='ltr'>noctis.</span> 
     </span>
    </p>
   </div>
   <div class='ocr_carea' id='block_1_68' title="bbox 352 3594 1998 3667">
    <p class='ocr_par' dir='ltr' id='par_1_68' title="bbox 352 3594 1998 3667">
     <span class='ocr_line' id='line_1_68' title="bbox 352 3594 1998 3667; baseline -0.001 -17"><span class='ocrx_word' id='word_1_458' title='bbox 352 3596 421 3651; x_wconf 85' lang='lat' dir='ltr'>Et</span> <span class='ocrx_word' id='word_1_459' title='bbox 469 3603 646 3667; x_wconf 87' lang='lat' dir='ltr'>caput</span> <span class='ocrx_word' id='word_1_460' title='bbox 693 3598 931 3667; x_wconf 89' lang='lat' dir='ltr'>quidem</span> <span class='ocrx_word' id='word_1_461' title='bbox 992 3596 1201 3667; x_wconf 89' lang='lat' dir='ltr'>ipsius,</span> <span class='ocrx_word' id='word_1_462' title='bbox 1264 3597 1417 3666; x_wconf 91' lang='lat' dir='ltr'>quod</span> <span class='ocrx_word' id='word_1_463' title='bbox 1468 3612 1570 3666; x_wconf 91' lang='lat' dir='ltr'>per</span> <span class='ocrx_word' id='word_1_464' title='bbox 1598 3594 1998 3650; x_wconf 86' lang='lat' dir='ltr'>excellentiam</span> 
     </span>
    </p>
   </div>
   <div class='ocr_carea' id='block_1_69' title="bbox 350 3684 1998 3756">
    <p class='ocr_par' dir='ltr' id='par_1_69' title="bbox 350 3684 1998 3756">
     <span class='ocr_line' id='line_1_69' title="bbox 350 3684 1998 3756; baseline -0.001 -17"><span class='ocrx_word' id='word_1_465' title='bbox 350 3686 594 3756; x_wconf 85' lang='lat' dir='ltr'>mystice</span> <span class='ocrx_word' id='word_1_466' title='bbox 626 3685 981 3739; x_wconf 86' lang='lat' dir='ltr'>declaratum</span> <span class='ocrx_word' id='word_1_467' title='bbox 1016 3689 1105 3739; x_wconf 91' lang='lat' dir='ltr'>est</span> <span class='ocrx_word' id='word_1_468' title='bbox 1128 3686 1571 3751; x_wconf 76' lang='lat' dir='ltr'>Verbum,Mens</span> <span class='ocrx_word' id='word_1_469' title='bbox 1602 3684 1704 3737; x_wconf 89' lang='lat' dir='ltr'>illa</span> <span class='ocrx_word' id='word_1_470' title='bbox 1734 3684 1998 3737; x_wconf 72' lang='lat' dir='ltr'>ineffabi-</span> 
     </span>
    </p>
   </div>
   <div class='ocr_carea' id='block_1_70' title="bbox 349 3771 2002 3843">
    <p class='ocr_par' dir='ltr' id='par_1_70' title="bbox 349 3771 2002 3843">
     <span class='ocr_line' id='line_1_70' title="bbox 349 3771 2002 3843; baseline -0.001 -17"><span class='ocrx_word' id='word_1_471' title='bbox 349 3772 420 3826; x_wconf 87' lang='lat' dir='ltr'>lis</span> <span class='ocrx_word' id='word_1_472' title='bbox 444 3791 569 3843; x_wconf 64' lang='lat' dir='ltr'>quae</span> <span class='ocrx_word' id='word_1_473' title='bbox 596 3774 849 3827; x_wconf 86' lang='lat' dir='ltr'>Verbum</span> <span class='ocrx_word' id='word_1_474' title='bbox 884 3773 1107 3843; x_wconf 83' lang='lat' dir='ltr'>genuit,</span> <span class='ocrx_word' id='word_1_475' title='bbox 1142 3788 1383 3842; x_wconf 74' lang='lat' dir='ltr'>quaeque</span> <span class='ocrx_word' id='word_1_476' title='bbox 1431 3789 1461 3825; x_wconf 92' lang='lat' dir='ltr'>a</span> <span class='ocrx_word' id='word_1_477' title='bbox 1494 3773 1667 3826; x_wconf 87' lang='lat' dir='ltr'>rebus</span> <span class='ocrx_word' id='word_1_478' title='bbox 1725 3771 2002 3825; x_wconf 89' lang='lat' dir='ltr'>omnibus</span> 
     </span>
    </p>
   </div>
   <div class='ocr_carea' id='block_1_71' title="bbox 348 3858 2002 3930">
    <p class='ocr_par' dir='ltr' id='par_1_71' title="bbox 348 3858 2002 3930">
     <span class='ocr_line' id='line_1_71' title="bbox 348 3858 2002 3930; baseline -0.001 -15"><span class='ocrx_word' id='word_1_479' title='bbox 348 3862 509 3915; x_wconf 90' lang='lat' dir='ltr'>omni</span> <span class='ocrx_word' id='word_1_480' title='bbox 541 3862 766 3915; x_wconf 87' lang='lat' dir='ltr'>ratione</span> <span class='ocrx_word' id='word_1_481' title='bbox 803 3862 1029 3915; x_wconf 84' lang='lat' dir='ltr'>inﬁnite</span> <span class='ocrx_word' id='word_1_482' title='bbox 1060 3862 1259 3914; x_wconf 88' lang='lat' dir='ltr'>distat.</span> <span class='ocrx_word' id='word_1_483' title='bbox 1297 3858 1581 3930; x_wconf 86' lang='lat' dir='ltr'>Impletur</span> <span class='ocrx_word' id='word_1_484' title='bbox 1610 3864 1828 3925; x_wconf 86' lang='lat' dir='ltr'>autem,</span> <span class='ocrx_word' id='word_1_485' title='bbox 1861 3860 2002 3913; x_wconf 92' lang='lat' dir='ltr'>dum</span> 
     </span>
    </p>
   </div>
   <div class='ocr_carea' id='block_1_72' title="bbox 351 3948 2005 4021">
    <p class='ocr_par' dir='ltr' id='par_1_72' title="bbox 351 3948 2005 4021">
     <span class='ocr_line' id='line_1_72' title="bbox 351 3948 2005 4021; baseline 0 -18"><span class='ocrx_word' id='word_1_486' title='bbox 351 3954 626 4020; x_wconf 86' lang='lat' dir='ltr'>tanquam</span> <span class='ocrx_word' id='word_1_487' title='bbox 660 3966 787 4005; x_wconf 91' lang='lat' dir='ltr'>rore</span> <span class='ocrx_word' id='word_1_488' title='bbox 814 3951 1129 4021; x_wconf 81' lang='lat' dir='ltr'>perfectam</span> <span class='ocrx_word' id='word_1_489' title='bbox 1156 3950 1416 4003; x_wconf 89' lang='lat' dir='ltr'>animam</span> <span class='ocrx_word' id='word_1_490' title='bbox 1440 3948 1643 4019; x_wconf 86' lang='lat' dir='ltr'>implet</span> <span class='ocrx_word' id='word_1_491' title='bbox 1675 3948 2005 4019; x_wconf 82' lang='lat' dir='ltr'>cognitione</span> 
     </span>
    </p>
   </div>
   <div class='ocr_carea' id='block_1_73' title="bbox 355 4037 2007 4109">
    <p class='ocr_par' dir='ltr' id='par_1_73' title="bbox 355 4037 2007 4109">
     <span class='ocr_line' id='line_1_73' title="bbox 355 4037 2007 4109; baseline -0.001 -15"><span class='ocrx_word' id='word_1_492' title='bbox 355 4056 475 4094; x_wconf 68' lang='lat' dir='ltr'>sum</span> <span class='ocrx_word' id='word_1_493' title='bbox 510 4039 832 4094; x_wconf 89' lang='lat' dir='ltr'>divinitatis</span> <span class='ocrx_word' id='word_1_494' title='bbox 866 4056 965 4109; x_wconf 91' lang='lat' dir='ltr'>per</span> <span class='ocrx_word' id='word_1_495' title='bbox 987 4038 1264 4093; x_wconf 89' lang='lat' dir='ltr'>terminos</span> <span class='ocrx_word' id='word_1_496' title='bbox 1292 4037 2007 4109; x_wconf 79' lang='lat' dir='ltr'>nbnegantes;cuiusmodi</span> 
     </span>
    </p>
   </div>
   <div class='ocr_carea' id='block_1_74' title="bbox 358 4126 2003 4199">
    <p class='ocr_par' dir='ltr' id='par_1_74' title="bbox 358 4126 2003 4199">
     <span class='ocr_line' id='line_1_74' title="bbox 358 4126 2003 4199; baseline -0.002 -16"><span class='ocrx_word' id='word_1_497' title='bbox 358 4132 519 4197; x_wconf 89' lang='lat' dir='ltr'>sunt,</span> <span class='ocrx_word' id='word_1_498' title='bbox 553 4126 1275 4199; x_wconf 80' lang='lat' dir='ltr'>supersubstantiale,sine</span> <span class='ocrx_word' id='word_1_499' title='bbox 1304 4127 2003 4199; x_wconf 88' lang='lat' dir='ltr'>principio,immensum,</span> 
     </span>
    </p>
   </div>
   <div class='ocr_carea' id='block_1_75' title="bbox 355 4217 2001 4287">
    <p class='ocr_par' dir='ltr' id='par_1_75' title="bbox 355 4217 2001 4287">
     <span class='ocr_line' id='line_1_75' title="bbox 355 4217 2001 4287; baseline -0.001 -15"><span class='ocrx_word' id='word_1_500' title='bbox 355 4218 650 4273; x_wconf 85' lang='lat' dir='ltr'>inﬁnitum</span> <span class='ocrx_word' id='word_1_501' title='bbox 696 4222 753 4272; x_wconf 90' lang='lat' dir='ltr'>et</span> <span class='ocrx_word' id='word_1_502' title='bbox 809 4217 904 4271; x_wconf 89' lang='lat' dir='ltr'>alii</span> <span class='ocrx_word' id='word_1_503' title='bbox 965 4217 1232 4287; x_wconf 81' lang='lat' dir='ltr'>ejusdem</span> <span class='ocrx_word' id='word_1_504' title='bbox 1293 4217 1544 4287; x_wconf 83' lang='lat' dir='ltr'>generis.</span> <span class='ocrx_word' id='word_1_505' title='bbox 1599 4218 1777 4287; x_wconf 83' lang='lat' dir='ltr'>Hujus</span> <span class='ocrx_word' id='word_1_506' title='bbox 1809 4222 2001 4271; x_wconf 88' lang='lat' dir='ltr'>autem</span> 
     </span>
    </p>
   </div>
   <div class='ocr_carea' id='block_1_76' title="bbox 352 4306 2005 4375">
    <p class='ocr_par' dir='ltr' id='par_1_76' title="bbox 352 4306 2005 4375">
     <span class='ocr_line' id='line_1_76' title="bbox 352 4306 2005 4375; baseline -0.001 -14"><span class='ocrx_word' id='word_1_507' title='bbox 352 4306 635 4374; x_wconf 88' lang='lat' dir='ltr'>cincinni,</span> <span class='ocrx_word' id='word_1_508' title='bbox 668 4322 731 4361; x_wconf 89' lang='lat' dir='ltr'>ex</span> <span class='ocrx_word' id='word_1_509' title='bbox 764 4323 829 4361; x_wconf 79' lang='lat' dir='ltr'>en</span> <span class='ocrx_word' id='word_1_510' title='bbox 862 4306 1050 4375; x_wconf 87' lang='lat' dir='ltr'>capite</span> <span class='ocrx_word' id='word_1_511' title='bbox 1083 4310 1222 4360; x_wconf 90' lang='lat' dir='ltr'>sunt</span> <span class='ocrx_word' id='word_1_512' title='bbox 1252 4306 1414 4360; x_wconf 65' lang='lat' dir='ltr'>bonas</span> <span class='ocrx_word' id='word_1_513' title='bbox 1440 4306 1625 4361; x_wconf 88' lang='lat' dir='ltr'>Patris</span> <span class='ocrx_word' id='word_1_514' title='bbox 1655 4306 2005 4370; x_wconf 86' lang='lat' dir='ltr'>voluntates,</span> 
     </span>
    </p>
   </div>
   <div class='ocr_carea' id='block_1_77' title="bbox 351 4395 2006 4467">
    <p class='ocr_par' dir='ltr' id='par_1_77' title="bbox 351 4395 2006 4467">
     <span class='ocr_line' id='line_1_77' title="bbox 351 4395 2006 4467; baseline -0.001 -17"><span class='ocrx_word' id='word_1_515' title='bbox 351 4395 411 4451; x_wconf 88' lang='lat' dir='ltr'>in</span> <span class='ocrx_word' id='word_1_516' title='bbox 443 4396 659 4467; x_wconf 91' lang='lat' dir='ltr'>Spiritu</span> <span class='ocrx_word' id='word_1_517' title='bbox 691 4400 894 4450; x_wconf 88' lang='lat' dir='ltr'>sancto</span> <span class='ocrx_word' id='word_1_518' title='bbox 921 4396 991 4450; x_wconf 90' lang='lat' dir='ltr'>ab</span> <span class='ocrx_word' id='word_1_519' title='bbox 1017 4395 1146 4467; x_wconf 90' lang='lat' dir='ltr'>ipso</span> <span class='ocrx_word' id='word_1_520' title='bbox 1174 4396 1484 4465; x_wconf 84' lang='lat' dir='ltr'>Unigenito</span> <span class='ocrx_word' id='word_1_521' title='bbox 1505 4397 1574 4449; x_wconf 89' lang='lat' dir='ltr'>ad</span> <span class='ocrx_word' id='word_1_522' title='bbox 1606 4396 1778 4449; x_wconf 82' lang='lat' dir='ltr'>finem</span> <span class='ocrx_word' id='word_1_523' title='bbox 1800 4396 2006 4466; x_wconf 85' lang='lat' dir='ltr'>perdu-</span> 
     </span>
    </p>
   </div>
   <div class='ocr_carea' id='block_1_78' title="bbox 352 4484 2005 4556">
    <p class='ocr_par' dir='ltr' id='par_1_78' title="bbox 352 4484 2005 4556">
     <span class='ocr_line' id='line_1_78' title="bbox 352 4484 2005 4556; baseline 0 -18"><span class='ocrx_word' id='word_1_524' title='bbox 352 4486 630 4547; x_wconf 78' lang='lat' dir='ltr'>ctre.Quae</span> <span class='ocrx_word' id='word_1_525' title='bbox 664 4485 897 4556; x_wconf 88' lang='lat' dir='ltr'>quidem</span> <span class='ocrx_word' id='word_1_526' title='bbox 933 4490 1218 4555; x_wconf 87' lang='lat' dir='ltr'>tanquam</span> <span class='ocrx_word' id='word_1_527' title='bbox 1262 4485 1444 4555; x_wconf 85' lang='lat' dir='ltr'>guttis</span> <span class='ocrx_word' id='word_1_528' title='bbox 1476 4484 1800 4551; x_wconf 88' lang='lat' dir='ltr'>nocturnis,</span> <span class='ocrx_word' id='word_1_529' title='bbox 1824 4484 2005 4555; x_wconf 72' lang='lat' dir='ltr'>plenas</span> 
     </span>
    </p>
   </div>
   <div class='ocr_carea' id='block_1_79' title="bbox 356 4573 2004 4643">
    <p class='ocr_par' dir='ltr' id='par_1_79' title="bbox 356 4573 2004 4643">
     <span class='ocr_line' id='line_1_79' title="bbox 356 4573 2004 4643; baseline -0.001 -15"><span class='ocrx_word' id='word_1_530' title='bbox 356 4574 751 4643; x_wconf 84' lang='lat' dir='ltr'>suntjudiciis</span> <span class='ocrx_word' id='word_1_531' title='bbox 781 4573 1015 4641; x_wconf 87' lang='lat' dir='ltr'>divinis,</span> <span class='ocrx_word' id='word_1_532' title='bbox 1066 4574 1219 4643; x_wconf 90' lang='lat' dir='ltr'>quod</span> <span class='ocrx_word' id='word_1_533' title='bbox 1256 4573 1668 4643; x_wconf 89' lang='lat' dir='ltr'>comprehendi</span> <span class='ocrx_word' id='word_1_534' title='bbox 1695 4576 2004 4643; x_wconf 89' lang='lat' dir='ltr'>nequeant,</span> 
     </span>
    </p>
   </div>
   <div class='ocr_carea' id='block_1_80' title="bbox 357 4662 2008 4733">
    <p class='ocr_par' dir='ltr' id='par_1_80' title="bbox 357 4662 2008 4733">
     <span class='ocr_line' id='line_1_80' title="bbox 357 4662 2008 4733; baseline -0.001 -17"><span class='ocrx_word' id='word_1_535' title='bbox 357 4662 1102 4733; x_wconf 84' lang='lat' dir='ltr'>impervestigabilibus.Ex</span> <span class='ocrx_word' id='word_1_536' title='bbox 1132 4678 1248 4733; x_wconf 92' lang='lat' dir='ltr'>quo</span> <span class='ocrx_word' id='word_1_537' title='bbox 1278 4663 1450 4716; x_wconf 76' lang='lat' dir='ltr'>nocti:</span> <span class='ocrx_word' id='word_1_538' title='bbox 1479 4666 1643 4733; x_wconf 69' lang='lat' dir='ltr'>guttae</span> <span class='ocrx_word' id='word_1_539' title='bbox 1675 4678 2008 4733; x_wconf 86' lang='lat' dir='ltr'>nuncupan-</span> 
     </span>
    </p>
   </div>
   <div class='ocr_carea' id='block_1_81' title="bbox 360 4751 2007 4823">
    <p class='ocr_par' dir='ltr' id='par_1_81' title="bbox 360 4751 2007 4823">
     <span class='ocr_line' id='line_1_81' title="bbox 360 4751 2007 4823; baseline 0.001 -19"><span class='ocrx_word' id='word_1_540' title='bbox 360 4755 477 4821; x_wconf 88' lang='lat' dir='ltr'>tur,</span> <span class='ocrx_word' id='word_1_541' title='bbox 512 4753 679 4821; x_wconf 90' lang='lat' dir='ltr'>quasi</span> <span class='ocrx_word' id='word_1_542' title='bbox 714 4752 927 4805; x_wconf 87' lang='lat' dir='ltr'>minuti</span> <span class='ocrx_word' id='word_1_543' title='bbox 962 4752 1201 4822; x_wconf 87' lang='lat' dir='ltr'>quidam</span> <span class='ocrx_word' id='word_1_544' title='bbox 1236 4767 1476 4822; x_wconf 88' lang='lat' dir='ltr'>vapores</span> <span class='ocrx_word' id='word_1_545' title='bbox 1509 4751 1863 4823; x_wconf 78' lang='lat' dir='ltr'>cognitionis</span> <span class='ocrx_word' id='word_1_546' title='bbox 1922 4752 2007 4805; x_wconf 91' lang='lat' dir='ltr'>in-</span> 
     </span>
    </p>
   </div>
   <div class='ocr_carea' id='block_1_82' title="bbox 359 4839 2009 4911">
    <p class='ocr_par' dir='ltr' id='par_1_82' title="bbox 359 4839 2009 4911">
     <span class='ocr_line' id='line_1_82' title="bbox 359 4839 2009 4911; baseline 0.001 -17"><span class='ocrx_word' id='word_1_547' title='bbox 359 4842 795 4911; x_wconf 70' lang='lat' dir='ltr'>comprehensaa</span> <span class='ocrx_word' id='word_1_548' title='bbox 830 4845 1004 4911; x_wconf 90' lang='lat' dir='ltr'>atque</span> <span class='ocrx_word' id='word_1_549' title='bbox 1035 4840 1344 4896; x_wconf 68' lang='lat' dir='ltr'>inaccessae</span> <span class='ocrx_word' id='word_1_550' title='bbox 1369 4839 1831 4895; x_wconf 88' lang='lat' dir='ltr'>divinitatis.Per</span> <span class='ocrx_word' id='word_1_551' title='bbox 1860 4856 2009 4911; x_wconf 89' lang='lat' dir='ltr'>quas</span> 
     </span>
    </p>
   </div>
   <div class='ocr_carea' id='block_1_83' title="bbox 362 4928 2009 5001">
    <p class='ocr_par' dir='ltr' id='par_1_83' title="bbox 362 4928 2009 5001">
     <span class='ocr_line' id='line_1_83' title="bbox 362 4928 2009 5001; baseline 0.001 -20"><span class='ocrx_word' id='word_1_552' title='bbox 362 4928 601 4999; x_wconf 89' lang='lat' dir='ltr'>quidem</span> <span class='ocrx_word' id='word_1_553' title='bbox 627 4928 887 5000; x_wconf 83' lang='lat' dir='ltr'>guttulas</span> <span class='ocrx_word' id='word_1_554' title='bbox 910 4929 1263 5001; x_wconf 81' lang='lat' dir='ltr'>cognitionis</span> <span class='ocrx_word' id='word_1_555' title='bbox 1279 4944 1445 4982; x_wconf 88' lang='lat' dir='ltr'>mens</span> <span class='ocrx_word' id='word_1_556' title='bbox 1462 4929 1670 4984; x_wconf 64' lang='lat' dir='ltr'>animae</span> <span class='ocrx_word' id='word_1_557' title='bbox 1686 4929 1799 4984; x_wconf 88' lang='lat' dir='ltr'>Deo</span> <span class='ocrx_word' id='word_1_558' title='bbox 1823 4928 2009 4983; x_wconf 88' lang='lat' dir='ltr'>Verbo</span> 
     </span>
    </p>
   </div>
   <div class='ocr_carea' id='block_1_84' title="bbox 359 5017 2009 5090">
    <p class='ocr_par' dir='ltr' id='par_1_84' title="bbox 359 5017 2009 5090">
     <span class='ocr_line' id='line_1_84' title="bbox 359 5017 2009 5090; baseline 0.001 -19"><span class='ocrx_word' id='word_1_559' title='bbox 359 5017 722 5089; x_wconf 60' lang='lat' dir='ltr'>desponsata</span> <span class='ocrx_word' id='word_1_560' title='bbox 754 5019 1040 5090; x_wconf 82' lang='lat' dir='ltr'>patefacta</span> <span class='ocrx_word' id='word_1_561' title='bbox 1071 5024 1127 5071; x_wconf 88' lang='lat' dir='ltr'>et</span> <span class='ocrx_word' id='word_1_562' title='bbox 1158 5021 1355 5087; x_wconf 87' lang='lat' dir='ltr'>aperta</span> <span class='ocrx_word' id='word_1_563' title='bbox 1386 5018 1580 5087; x_wconf 90' lang='lat' dir='ltr'>ipsum</span> <span class='ocrx_word' id='word_1_564' title='bbox 1606 5018 1925 5073; x_wconf 90' lang='lat' dir='ltr'>introducit</span> <span class='ocrx_word' id='word_1_565' title='bbox 1951 5017 2009 5072; x_wconf 90' lang='lat' dir='ltr'>in</span> 
     </span>
    </p>
   </div>
   <div class='ocr_carea' id='block_1_85' title="bbox 362 5106 2008 5178">
    <p class='ocr_par' dir='ltr' id='par_1_85' title="bbox 362 5106 2008 5178">
     <span class='ocr_line' id='line_1_85' title="bbox 362 5106 2008 5178; baseline 0 -17"><span class='ocrx_word' id='word_1_566' title='bbox 362 5108 599 5161; x_wconf 87' lang='lat' dir='ltr'>domum</span> <span class='ocrx_word' id='word_1_567' title='bbox 634 5108 1195 5178; x_wconf 86' lang='lat' dir='ltr'>suam.0uapropter</span> <span class='ocrx_word' id='word_1_568' title='bbox 1223 5110 1279 5159; x_wconf 92' lang='lat' dir='ltr'>et</span> <span class='ocrx_word' id='word_1_569' title='bbox 1308 5109 1585 5175; x_wconf 88' lang='lat' dir='ltr'>tanquam</span> <span class='ocrx_word' id='word_1_570' title='bbox 1608 5122 1786 5161; x_wconf 85' lang='lat' dir='ltr'>causa</span> <span class='ocrx_word' id='word_1_571' title='bbox 1816 5106 2008 5161; x_wconf 88' lang='lat' dir='ltr'>illius:</span> 
     </span>
    </p>
   </div>
   <div class='ocr_carea' id='block_1_86' title="bbox 362 5195 2012 5265">
    <p class='ocr_par' dir='ltr' id='par_1_86' title="bbox 362 5195 2012 5265">
     <span class='ocr_line' id='line_1_86' title="bbox 362 5195 2012 5265; baseline 0 -16"><span class='ocrx_word' id='word_1_572' title='bbox 362 5197 525 5265; x_wconf 85' lang='lat' dir='ltr'>Aperi</span> <span class='ocrx_word' id='word_1_573' title='bbox 544 5198 930 5250; x_wconf 81' lang='lat' dir='ltr'>mihizdictum</span> <span class='ocrx_word' id='word_1_574' title='bbox 965 5200 1072 5249; x_wconf 86' lang='lat' dir='ltr'>est:</span> <span class='ocrx_word' id='word_1_575' title='bbox 1108 5195 1247 5261; x_wconf 83' lang='lat' dir='ltr'>Quia</span> <span class='ocrx_word' id='word_1_576' title='bbox 1278 5202 1440 5263; x_wconf 74' lang='lat' dir='ltr'>caput</span> <span class='ocrx_word' id='word_1_577' title='bbox 1472 5209 1647 5247; x_wconf 85' lang='lat' dir='ltr'>meum</span> <span class='ocrx_word' id='word_1_578' title='bbox 1678 5196 1903 5265; x_wconf 76' lang='lat' dir='ltr'>plenum</span> <span class='ocrx_word' id='word_1_579' title='bbox 1936 5197 2012 5249; x_wconf 76' lang='lat' dir='ltr'>est</span> 
     </span>
    </p>
   </div>
   <div class='ocr_carea' id='block_1_87' title="bbox 362 5282 2014 5355">
    <p class='ocr_par' dir='ltr' id='par_1_87' title="bbox 362 5282 2014 5355">
     <span class='ocr_line' id='line_1_87' title="bbox 362 5282 2014 5355; baseline -0.003 -17"><span class='ocrx_word' id='word_1_580' title='bbox 362 5300 487 5339; x_wconf 83' lang='lat' dir='ltr'>rore</span> <span class='ocrx_word' id='word_1_581' title='bbox 515 5302 532 5344; x_wconf 89' lang='grc'><em>;</em></span> <span class='ocrx_word' id='word_1_582' title='bbox 560 5290 616 5339; x_wconf 89' lang='lat' dir='ltr'>et</span> <span class='ocrx_word' id='word_1_583' title='bbox 648 5302 773 5355; x_wconf 70' lang='lat' dir='ltr'>qua:</span> <span class='ocrx_word' id='word_1_584' title='bbox 807 5285 1469 5355; x_wconf 53' lang='lat' dir='ltr'>sequunturllmterum,</span> <span class='ocrx_word' id='word_1_585' title='bbox 1496 5298 1527 5334; x_wconf 95' lang='lat' dir='ltr'>o</span> <span class='ocrx_word' id='word_1_586' title='bbox 1552 5282 2014 5354; x_wconf 73' lang='lat' dir='ltr'>discipulae,quia</span> 
     </span>
    </p>
   </div>
   <div class='ocr_carea' id='block_1_88' title="bbox 365 5370 2011 5443">
    <p class='ocr_par' dir='ltr' id='par_1_88' title="bbox 365 5370 2011 5443">
     <span class='ocr_line' id='line_1_88' title="bbox 365 5370 2011 5443; baseline -0.001 -16"><span class='ocrx_word' id='word_1_587' title='bbox 365 5374 449 5427; x_wconf 88' lang='lat' dir='ltr'>sic</span> <span class='ocrx_word' id='word_1_588' title='bbox 468 5389 662 5429; x_wconf 88' lang='lat' dir='ltr'>vocem</span> <span class='ocrx_word' id='word_1_589' title='bbox 680 5374 881 5443; x_wconf 87' lang='lat' dir='ltr'>sponsi</span> <span class='ocrx_word' id='word_1_590' title='bbox 899 5372 1005 5426; x_wconf 91' lang='lat' dir='ltr'>mei</span> <span class='ocrx_word' id='word_1_591' title='bbox 1022 5370 1305 5437; x_wconf 84' lang='lat' dir='ltr'>audivi,et</span> <span class='ocrx_word' id='word_1_592' title='bbox 1327 5370 2011 5440; x_wconf 84' lang='lat' dir='ltr'>intelligibilemjanuam</span> 
     </span>
    </p>
   </div>
   <div class='ocr_carea' id='block_1_89' title="bbox 370 5456 2013 5533">
    <p class='ocr_par' dir='ltr' id='par_1_89' title="bbox 370 5456 2013 5533">
     <span class='ocr_line' id='line_1_89' title="bbox 370 5456 2013 5533; baseline -0.001 -17"><span class='ocrx_word' id='word_1_593' title='bbox 370 5477 558 5517; x_wconf 87' lang='lat' dir='ltr'>meam</span> <span class='ocrx_word' id='word_1_594' title='bbox 611 5462 873 5533; x_wconf 85' lang='lat' dir='ltr'>patefeci,</span> <span class='ocrx_word' id='word_1_595' title='bbox 918 5465 1091 5530; x_wconf 88' lang='lat' dir='ltr'>atque</span> <span class='ocrx_word' id='word_1_596' title='bbox 1146 5456 1395 5512; x_wconf 86' lang='lat' dir='ltr'>incolam</span> <span class='ocrx_word' id='word_1_597' title='bbox 1424 5459 1655 5528; x_wconf 84' lang='lat' dir='ltr'>possedi</span> <span class='ocrx_word' id='word_1_598' title='bbox 1685 5458 1878 5532; x_wconf 90' lang='lat' dir='ltr'>ipsum</span> <span class='ocrx_word' id='word_1_599' title='bbox 1913 5461 2013 5533; x_wconf 91' lang='lat' dir='ltr'>qui</span> 
     </span>
    </p>
   </div>
   <div class='ocr_carea' id='block_1_90' title="bbox 437 5643 1021 5715">
    <p class='ocr_par' dir='ltr' id='par_1_90' title="bbox 437 5643 1021 5715">
     <span class='ocr_line' id='line_1_90' title="bbox 437 5643 1021 5715; baseline -0.005 -15"><span class='ocrx_word' id='word_1_600' title='bbox 437 5645 481 5681; x_wconf 79' lang='lat'><strong>“</strong></span> <span class='ocrx_word' id='word_1_601' title='bbox 520 5644 721 5715; x_wconf 87' lang='lat' dir='ltr'>Jeoan,</span> <span class='ocrx_word' id='word_1_602' title='bbox 755 5643 899 5711; x_wconf 86' lang='lat' dir='ltr'><strong>XIV,</strong></span> <span class='ocrx_word' id='word_1_603' title='bbox 932 5643 1021 5697; x_wconf 83' lang='lat'>23.</span> 
     </span>
    </p>
   </div>
   <div class='ocr_carea' id='block_1_91' title="bbox 2109 3323 3763 3402">
    <p class='ocr_par' dir='ltr' id='par_1_91' title="bbox 2109 3323 3763 3402">
     <span class='ocr_line' id='line_1_91' title="bbox 2109 3323 3763 3402; baseline -0.002 -22"><span class='ocrx_word' id='word_1_604' title='bbox 2109 3328 2356 3397; x_wconf 76' lang='grc' dir='ltr'>’Ἁνοιξον</span> <span class='ocrx_word' id='word_1_605' title='bbox 2418 3324 2473 3381; x_wconf 74' lang='grc' dir='ltr'>δὲ</span> <span class='ocrx_word' id='word_1_606' title='bbox 2538 3348 2653 3399; x_wconf 87' lang='grc' dir='ltr'>μοι,</span> <span class='ocrx_word' id='word_1_607' title='bbox 2714 3327 2789 3388; x_wconf 85' lang='grc' dir='ltr'>ὡς</span> <span class='ocrx_word' id='word_1_608' title='bbox 2850 3323 3085 3401; x_wconf 76' lang='grc' dir='ltr'>εἷ’ρηται,</span> <span class='ocrx_word' id='word_1_609' title='bbox 3142 3326 3224 3379; x_wconf 80' lang='grc' dir='ltr'>δτι</span> <span class='ocrx_word' id='word_1_610' title='bbox 3373 3325 3583 3402; x_wconf 80' lang='grc' dir='ltr'>κεφαλή</span> <span class='ocrx_word' id='word_1_611' title='bbox 3652 3344 3763 3395; x_wconf 79' lang='grc' dir='ltr'>μου</span> 
     </span>
    </p>
   </div>
   <div class='ocr_carea' id='block_1_92' title="bbox 2110 3408 3769 3488">
    <p class='ocr_par' dir='ltr' id='par_1_92' title="bbox 2110 3408 3769 3488">
     <span class='ocr_line' id='line_1_92' title="bbox 2110 3408 3769 3488; baseline -0.003 -19"><span class='ocrx_word' id='word_1_612' title='bbox 2110 3413 2360 3483; x_wconf 75' lang='grc' dir='ltr'>ἐπλήσθη</span> <span class='ocrx_word' id='word_1_613' title='bbox 2423 3412 2656 3488; x_wconf 86' lang='grc' dir='ltr'>δρόσου,</span> <span class='ocrx_word' id='word_1_614' title='bbox 2736 3414 2825 3468; x_wconf 78' lang='grc' dir='ltr'>καὶ</span> <span class='ocrx_word' id='word_1_615' title='bbox 2884 3414 2935 3467; x_wconf 74' lang='grc' dir='ltr'>οἱ</span> <span class='ocrx_word' id='word_1_616' title='bbox 2990 3413 3288 3487; x_wconf 81' lang='grc' dir='ltr'>βόστρυχοί</span> <span class='ocrx_word' id='word_1_617' title='bbox 3353 3433 3457 3483; x_wconf 87' lang='grc' dir='ltr'>μου</span> <span class='ocrx_word' id='word_1_618' title='bbox 3511 3408 3769 3484; x_wconf 73' lang='grc' dir='ltr'>ψεκάδων</span> 
     </span>
    </p>
   </div>
   <div class='ocr_carea' id='block_1_93' title="bbox 2109 3500 3763 3579">
    <p class='ocr_par' dir='ltr' id='par_1_93' title="bbox 2109 3500 3763 3579">
     <span class='ocr_line' id='line_1_93' title="bbox 2109 3500 3763 3579; baseline -0.005 -20"><span class='ocrx_word' id='word_1_619' title='bbox 2109 3503 2341 3564; x_wconf 90' lang='grc' dir='ltr'>νυκτός.</span> <span class='ocrx_word' id='word_1_620' title='bbox 2400 3502 2506 3557; x_wconf 86' lang='grc' dir='ltr'>Καὶ</span> <span class='ocrx_word' id='word_1_621' title='bbox 2560 3502 2772 3579; x_wconf 82' lang='grc' dir='ltr'>κεφαλή</span> <span class='ocrx_word' id='word_1_622' title='bbox 2838 3503 2933 3574; x_wconf 82' lang='grc' dir='ltr'>μὲν</span> <span class='ocrx_word' id='word_1_623' title='bbox 2989 3501 3097 3556; x_wconf 79' lang='grc' dir='ltr'>ἐστι</span> <span class='ocrx_word' id='word_1_624' title='bbox 3148 3506 3245 3555; x_wconf 84' lang='grc' dir='ltr'>τοῦ</span> <span class='ocrx_word' id='word_1_625' title='bbox 3303 3501 3420 3563; x_wconf 80' lang='grc' dir='ltr'>καθ’</span> <span class='ocrx_word' id='word_1_626' title='bbox 3476 3500 3763 3574; x_wconf 66' lang='grc' dir='ltr'>ὑπεροχὴν</span> 
     </span>
    </p>
   </div>
   <div class='ocr_carea' id='block_1_94' title="bbox 2112 3588 3772 3669">
    <p class='ocr_par' dir='ltr' id='par_1_94' title="bbox 2112 3588 3772 3669">
     <span class='ocr_line' id='line_1_94' title="bbox 2112 3588 3772 3669; baseline -0.002 -23"><span class='ocrx_word' id='word_1_627' title='bbox 2112 3592 2387 3666; x_wconf 80' lang='grc' dir='ltr'>μυστικῶς</span> <span class='ocrx_word' id='word_1_628' title='bbox 2443 3590 2897 3669; x_wconf 78' lang='grc' dir='ltr'>ἀποπεφασμὲνου</span> <span class='ocrx_word' id='word_1_629' title='bbox 2958 3591 3159 3664; x_wconf 83' lang='grc' dir='ltr'>Λόγου,</span> <span class='ocrx_word' id='word_1_630' title='bbox 3221 3591 3249 3644; x_wconf 93' lang='lat'>6</span> <span class='ocrx_word' id='word_1_631' title='bbox 3304 3593 3496 3643; x_wconf 87' lang='grc' dir='ltr'>τοῦτον</span> <span class='ocrx_word' id='word_1_632' title='bbox 3526 3590 3648 3643; x_wconf 86' lang='grc' dir='ltr'>κατ’</span> <span class='ocrx_word' id='word_1_633' title='bbox 3679 3588 3772 3644; x_wconf 79' lang='grc' dir='ltr'>οὐ·</span> 
     </span>
    </p>
   </div>
   <div class='ocr_carea' id='block_1_95' title="bbox 2110 3677 3775 3755">
    <p class='ocr_par' dir='ltr' id='par_1_95' title="bbox 2110 3677 3775 3755">
     <span class='ocr_line' id='line_1_95' title="bbox 2110 3677 3775 3755; baseline -0.003 -19"><span class='ocrx_word' id='word_1_634' title='bbox 2110 3682 2228 3736; x_wconf 82' lang='grc' dir='ltr'>σίαν</span> <span class='ocrx_word' id='word_1_635' title='bbox 2288 3684 2510 3755; x_wconf 77' lang='grc' dir='ltr'>γεννῶν,</span> <span class='ocrx_word' id='word_1_636' title='bbox 2572 3680 2659 3733; x_wconf 75' lang='grc' dir='ltr'>κπιὶ</span> <span class='ocrx_word' id='word_1_637' title='bbox 2711 3679 2926 3733; x_wconf 84' lang='grc' dir='ltr'>πάντων</span> <span class='ocrx_word' id='word_1_638' title='bbox 2989 3679 3128 3734; x_wconf 83' lang='grc' dir='ltr'>κατὰ</span> <span class='ocrx_word' id='word_1_639' title='bbox 3158 3678 3324 3733; x_wconf 84' lang='grc' dir='ltr'>πάντα</span> <span class='ocrx_word' id='word_1_640' title='bbox 3378 3677 3581 3753; x_wconf 85' lang='grc' dir='ltr'>τρόπον</span> <span class='ocrx_word' id='word_1_641' title='bbox 3617 3678 3775 3733; x_wconf 80' lang='grc' dir='ltr'>ἀπεί-</span> 
     </span>
    </p>
   </div>
   <div class='ocr_carea' id='block_1_96' title="bbox 2111 3764 3778 3845">
    <p class='ocr_par' dir='ltr' id='par_1_96' title="bbox 2111 3764 3778 3845">
     <span class='ocr_line' id='line_1_96' title="bbox 2111 3764 3778 3845; baseline -0.002 -21"><span class='ocrx_word' id='word_1_642' title='bbox 2111 3790 2219 3845; x_wconf 85' lang='grc' dir='ltr'>ρως</span> <span class='ocrx_word' id='word_1_643' title='bbox 2250 3769 2610 3841; x_wconf 73' lang='grc' dir='ltr'>ὲξῳκισμὲνος</span> <span class='ocrx_word' id='word_1_644' title='bbox 2640 3767 2952 3843; x_wconf 67' lang='grc' dir='ltr'>ἀπόρῥητος</span> <span class='ocrx_word' id='word_1_645' title='bbox 2986 3772 3142 3828; x_wconf 82' lang='grc' dir='ltr'>Νοῦς’</span> <span class='ocrx_word' id='word_1_646' title='bbox 3204 3766 3263 3828; x_wconf 74' lang='grc' dir='ltr'>ὃς</span> <span class='ocrx_word' id='word_1_647' title='bbox 3320 3764 3632 3839; x_wconf 72' lang='grc' dir='ltr'>πληροῦται</span> <span class='ocrx_word' id='word_1_648' title='bbox 3696 3765 3778 3838; x_wconf 83' lang='grc' dir='ltr'>τῷ</span> 
     </span>
    </p>
   </div>
   <div class='ocr_carea' id='block_1_97' title="bbox 2111 3853 3775 3932">
    <p class='ocr_par' dir='ltr' id='par_1_97' title="bbox 2111 3853 3775 3932">
     <span class='ocr_line' id='line_1_97' title="bbox 2111 3853 3775 3932; baseline -0.002 -18"><span class='ocrx_word' id='word_1_649' title='bbox 2111 3858 2359 3932; x_wconf 75' lang='grc' dir='ltr'>πληροῦν</span> <span class='ocrx_word' id='word_1_650' title='bbox 2418 3858 2517 3925; x_wconf 71' lang='grc' dir='ltr'>τὴν</span> <span class='ocrx_word' id='word_1_651' title='bbox 2562 3856 2773 3912; x_wconf 88' lang='grc' dir='ltr'>τελείαν</span> <span class='ocrx_word' id='word_1_652' title='bbox 2802 3858 3009 3932; x_wconf 67' lang='grc' dir='ltr'>ψυχήν,</span> <span class='ocrx_word' id='word_1_653' title='bbox 3066 3859 3156 3911; x_wconf 80' lang='grc' dir='ltr'>οἷα</span> <span class='ocrx_word' id='word_1_654' title='bbox 3199 3853 3400 3931; x_wconf 85' lang='grc' dir='ltr'>δρόσου</span> <span class='ocrx_word' id='word_1_655' title='bbox 3429 3863 3529 3924; x_wconf 82' lang='grc' dir='ltr'>τῆς</span> <span class='ocrx_word' id='word_1_656' title='bbox 3557 3857 3775 3923; x_wconf 80' lang='grc' dir='ltr'>ἀποφα-</span> 
     </span>
    </p>
   </div>
   <div class='ocr_carea' id='block_1_98' title="bbox 2111 3946 3779 4024">
    <p class='ocr_par' dir='ltr' id='par_1_98' title="bbox 2111 3946 3779 4024">
     <span class='ocr_line' id='line_1_98' title="bbox 2111 3946 3779 4024; baseline -0.002 -19"><span class='ocrx_word' id='word_1_657' title='bbox 2111 3953 2266 4017; x_wconf 70' lang='grc' dir='ltr'>τικῆς</span> <span class='ocrx_word' id='word_1_658' title='bbox 2317 3947 2597 4024; x_wconf 77' lang='grc' dir='ltr'>θεολογίας</span> <span class='ocrx_word' id='word_1_659' title='bbox 2647 3954 2754 4003; x_wconf 81' lang='grc' dir='ltr'>τῶν</span> <span class='ocrx_word' id='word_1_660' title='bbox 2788 3949 2910 4023; x_wconf 77' lang='grc' dir='ltr'>περὶ</span> <span class='ocrx_word' id='word_1_661' title='bbox 2955 3947 3137 4002; x_wconf 76' lang='grc' dir='ltr'>αὐτόν’</span> <span class='ocrx_word' id='word_1_662' title='bbox 3200 3950 3329 4022; x_wconf 72' lang='grc' dir='ltr'>ἅπερ</span> <span class='ocrx_word' id='word_1_663' title='bbox 3381 3946 3483 4001; x_wconf 73' lang='grc' dir='ltr'>εἶσὶ</span> <span class='ocrx_word' id='word_1_664' title='bbox 3514 3946 3579 4001; x_wconf 88' lang='grc' dir='ltr'>τὸ</span> <span class='ocrx_word' id='word_1_665' title='bbox 3614 3948 3779 4023; x_wconf 80' lang='grc' dir='ltr'>ὑπερ·</span> 
     </span>
    </p>
   </div>
   <div class='ocr_carea' id='block_1_99' title="bbox 2114 4034 3776 4113">
    <p class='ocr_par' dir='ltr' id='par_1_99' title="bbox 2114 4034 3776 4113">
     <span class='ocr_line' id='line_1_99' title="bbox 2114 4034 3776 4113; baseline -0.004 -18"><span class='ocrx_word' id='word_1_666' title='bbox 2114 4038 2317 4106; x_wconf 75' lang='grc' dir='ltr'>οὖσιον,</span> <span class='ocrx_word' id='word_1_667' title='bbox 2375 4039 2436 4093; x_wconf 85' lang='grc' dir='ltr'>τὸ</span> <span class='ocrx_word' id='word_1_668' title='bbox 2496 4036 2754 4113; x_wconf 65' lang='grc' dir='ltr'>ἄναρχον,</span> <span class='ocrx_word' id='word_1_669' title='bbox 2814 4039 2876 4091; x_wconf 89' lang='grc' dir='ltr'>τὸ</span> <span class='ocrx_word' id='word_1_670' title='bbox 2937 4034 3182 4110; x_wconf 79' lang='grc' dir='ltr'>ἄπειρον,</span> <span class='ocrx_word' id='word_1_671' title='bbox 3242 4037 3304 4091; x_wconf 88' lang='grc' dir='ltr'>τὸ</span> <span class='ocrx_word' id='word_1_672' title='bbox 3364 4036 3645 4110; x_wconf 79' lang='grc' dir='ltr'>ἀόριστον,</span> <span class='ocrx_word' id='word_1_673' title='bbox 3681 4037 3776 4091; x_wconf 75' lang='grc' dir='ltr'>καὶ</span> 
     </span>
    </p>
   </div>
   <div class='ocr_carea' id='block_1_100' title="bbox 2114 4124 3779 4203">
    <p class='ocr_par' dir='ltr' id='par_1_100' title="bbox 2114 4124 3779 4203">
     <span class='ocr_line' id='line_1_100' title="bbox 2114 4124 3779 4203; baseline -0.002 -20"><span class='ocrx_word' id='word_1_674' title='bbox 2114 4129 2181 4183; x_wconf 82' lang='grc' dir='ltr'>τὰ</span> <span class='ocrx_word' id='word_1_675' title='bbox 2238 4127 2422 4200; x_wconf 78' lang='grc' dir='ltr'>ὅμοια·</span> <span class='ocrx_word' id='word_1_676' title='bbox 2488 4126 2785 4203; x_wconf 83' lang='grc' dir='ltr'>βόστρυχοι</span> <span class='ocrx_word' id='word_1_677' title='bbox 2846 4124 2901 4180; x_wconf 78' lang='grc' dir='ltr'>δὲ</span> <span class='ocrx_word' id='word_1_678' title='bbox 2942 4126 3137 4180; x_wconf 68' lang='grc' dir='ltr'>τούτου</span> <span class='ocrx_word' id='word_1_679' title='bbox 3196 4124 3255 4180; x_wconf 81' lang='grc' dir='ltr'>ἐκ</span> <span class='ocrx_word' id='word_1_680' title='bbox 3309 4128 3409 4191; x_wconf 83' lang='grc' dir='ltr'>τῆς</span> <span class='ocrx_word' id='word_1_681' title='bbox 3469 4125 3779 4200; x_wconf 71' lang='grc' dir='ltr'>εἰρημένης</span> 
     </span>
    </p>
   </div>
   <div class='ocr_carea' id='block_1_101' title="bbox 2116 4213 3781 4291">
    <p class='ocr_par' dir='ltr' id='par_1_101' title="bbox 2116 4213 3781 4291">
     <span class='ocr_line' id='line_1_101' title="bbox 2116 4213 3781 4291; baseline -0.002 -21"><span class='ocrx_word' id='word_1_682' title='bbox 2116 4218 2382 4291; x_wconf 82' lang='grc' dir='ltr'>φυόμενοι</span> <span class='ocrx_word' id='word_1_683' title='bbox 2437 4214 2701 4290; x_wconf 80' lang='grc' dir='ltr'>κεφαλῆς,</span> <span class='ocrx_word' id='word_1_684' title='bbox 2751 4216 2805 4269; x_wconf 72' lang='grc' dir='ltr'>αἱ</span> <span class='ocrx_word' id='word_1_685' title='bbox 2862 4214 2913 4269; x_wconf 72' lang='grc' dir='ltr'>ἐν</span> <span class='ocrx_word' id='word_1_686' title='bbox 2964 4214 3101 4289; x_wconf 84' lang='grc' dir='ltr'>ἁγίῳ</span> <span class='ocrx_word' id='word_1_687' title='bbox 3157 4213 3427 4287; x_wconf 83' lang='grc' dir='ltr'>Πνεύματι</span> <span class='ocrx_word' id='word_1_688' title='bbox 3465 4214 3555 4268; x_wconf 84' lang='grc' dir='ltr'>ὑπ’</span> <span class='ocrx_word' id='word_1_689' title='bbox 3607 4214 3781 4269; x_wconf 77' lang='grc' dir='ltr'>αὐτοῦ</span> 
     </span>
    </p>
   </div>
   <div class='ocr_carea' id='block_1_102' title="bbox 2112 4303 3776 4380">
    <p class='ocr_par' dir='ltr' id='par_1_102' title="bbox 2112 4303 3776 4380">
     <span class='ocr_line' id='line_1_102' title="bbox 2112 4303 3776 4380; baseline -0.001 -20"><span class='ocrx_word' id='word_1_690' title='bbox 2112 4310 2210 4360; x_wconf 90' lang='grc' dir='ltr'>τοῦ</span> <span class='ocrx_word' id='word_1_691' title='bbox 2288 4307 2629 4380; x_wconf 85' lang='grc' dir='ltr'>Μονογενοῦς</span> <span class='ocrx_word' id='word_1_692' title='bbox 2704 4303 2780 4367; x_wconf 80' lang='grc' dir='ltr'>είς</span> <span class='ocrx_word' id='word_1_693' title='bbox 2853 4304 3021 4378; x_wconf 69' lang='grc' dir='ltr'>πέρας</span> <span class='ocrx_word' id='word_1_694' title='bbox 3077 4303 3341 4378; x_wconf 75' lang='grc' dir='ltr'>ἀγόμεναι</span> <span class='ocrx_word' id='word_1_695' title='bbox 3399 4306 3496 4357; x_wconf 89' lang='grc' dir='ltr'>τοῦ</span> <span class='ocrx_word' id='word_1_696' title='bbox 3555 4304 3776 4378; x_wconf 78' lang='grc' dir='ltr'>Πατρὸς</span> 
     </span>
    </p>
   </div>
   <div class='ocr_carea' id='block_1_103' title="bbox 2115 4390 3785 4467">
    <p class='ocr_par' dir='ltr' id='par_1_103' title="bbox 2115 4390 3785 4467">
     <span class='ocr_line' id='line_1_103' title="bbox 2115 4390 3785 4467; baseline -0.002 -18"><span class='ocrx_word' id='word_1_697' title='bbox 2115 4392 2391 4450; x_wconf 79' lang='grc' dir='ltr'>εὐδοκίαι.</span> <span class='ocrx_word' id='word_1_698' title='bbox 2480 4396 2651 4465; x_wconf 68' lang='lat' dir='ltr'>&quot;Amp</span> <span class='ocrx_word' id='word_1_699' title='bbox 2720 4395 2809 4448; x_wconf 79' lang='grc' dir='ltr'>οἷα</span> <span class='ocrx_word' id='word_1_700' title='bbox 2885 4390 3131 4467; x_wconf 71' lang='grc' dir='ltr'>ψεκάδων</span> <span class='ocrx_word' id='word_1_701' title='bbox 3210 4393 3437 4459; x_wconf 79' lang='grc' dir='ltr'>νυκτὸς,</span> <span class='ocrx_word' id='word_1_702' title='bbox 3511 4396 3626 4446; x_wconf 75' lang='grc' dir='ltr'>τῶν</span> <span class='ocrx_word' id='word_1_703' title='bbox 3710 4391 3785 4448; x_wconf 86' lang='grc' dir='ltr'>δι’</span> 
     </span>
    </p>
   </div>
   <div class='ocr_carea' id='block_1_104' title="bbox 2116 4479 3781 4558">
    <p class='ocr_par' dir='ltr' id='par_1_104' title="bbox 2116 4479 3781 4558">
     <span class='ocr_line' id='line_1_104' title="bbox 2116 4479 3781 4558; baseline -0.001 -19"><span class='ocrx_word' id='word_1_704' title='bbox 2116 4482 2493 4557; x_wconf 80' lang='grc' dir='ltr'>ἀκαταληψίαν</span> <span class='ocrx_word' id='word_1_705' title='bbox 2555 4483 2977 4558; x_wconf 80' lang='grc' dir='ltr'>ἀνεξερευνήτων</span> <span class='ocrx_word' id='word_1_706' title='bbox 3050 4479 3391 4557; x_wconf 77' lang='grc' dir='ltr'>πληροῦνται</span> <span class='ocrx_word' id='word_1_707' title='bbox 3441 4481 3599 4545; x_wconf 80' lang='grc' dir='ltr'>θείων</span> <span class='ocrx_word' id='word_1_708' title='bbox 3651 4504 3781 4557; x_wconf 82' lang='grc' dir='ltr'>κρι-</span> 
     </span>
    </p>
   </div>
   <div class='ocr_carea' id='block_1_105' title="bbox 2120 4567 3783 4647">
    <p class='ocr_par' dir='ltr' id='par_1_105' title="bbox 2120 4567 3783 4647">
     <span class='ocr_line' id='line_1_105' title="bbox 2120 4567 3783 4647; baseline -0.002 -19"><span class='ocrx_word' id='word_1_709' title='bbox 2120 4573 2326 4647; x_wconf 80' lang='grc' dir='ltr'>μάτων.</span> <span class='ocrx_word' id='word_1_710' title='bbox 2392 4574 2545 4627; x_wconf 84' lang='grc' dir='ltr'>Ὅθεν</span> <span class='ocrx_word' id='word_1_711' title='bbox 2614 4577 2782 4627; x_wconf 85' lang='grc' dir='ltr'>ταῦτα</span> <span class='ocrx_word' id='word_1_712' title='bbox 2846 4573 2933 4627; x_wconf 81' lang='grc' dir='ltr'>καὶ</span> <span class='ocrx_word' id='word_1_713' title='bbox 3003 4571 3196 4634; x_wconf 90' lang='grc' dir='ltr'>νυκτὸς</span> <span class='ocrx_word' id='word_1_714' title='bbox 3254 4567 3480 4645; x_wconf 76' lang='grc' dir='ltr'>ψεκάδες</span> <span class='ocrx_word' id='word_1_715' title='bbox 3531 4568 3783 4647; x_wconf 68' lang='grc' dir='ltr'>ἐλέχθη-</span> 
     </span>
    </p>
   </div>
   <div class='ocr_carea' id='block_1_106' title="bbox 2115 4658 3784 4734">
    <p class='ocr_par' dir='ltr' id='par_1_106' title="bbox 2115 4658 3784 4734">
     <span class='ocr_line' id='line_1_106' title="bbox 2115 4658 3784 4734; baseline -0.001 -17"><span class='ocrx_word' id='word_1_716' title='bbox 2115 4684 2229 4730; x_wconf 89' lang='grc' dir='ltr'>σαν,</span> <span class='ocrx_word' id='word_1_717' title='bbox 2290 4662 2363 4723; x_wconf 81' lang='grc' dir='ltr'>ὠς</span> <span class='ocrx_word' id='word_1_718' title='bbox 2419 4658 2625 4725; x_wconf 82' lang='grc' dir='ltr'>νοτίδες</span> <span class='ocrx_word' id='word_1_719' title='bbox 2653 4662 2796 4723; x_wconf 72' lang='grc' dir='ltr'>τινὲς</span> <span class='ocrx_word' id='word_1_720' title='bbox 2846 4661 3096 4734; x_wconf 85' lang='grc' dir='ltr'>γνώσεως</span> <span class='ocrx_word' id='word_1_721' title='bbox 3139 4667 3238 4728; x_wconf 82' lang='grc' dir='ltr'>τῆς</span> <span class='ocrx_word' id='word_1_722' title='bbox 3290 4659 3411 4732; x_wconf 82' lang='grc' dir='ltr'>περὶ</span> <span class='ocrx_word' id='word_1_723' title='bbox 3462 4660 3592 4714; x_wconf 88' lang='grc' dir='ltr'>Θεὸν</span> <span class='ocrx_word' id='word_1_724' title='bbox 3643 4660 3784 4715; x_wconf 83' lang='grc' dir='ltr'>ἀκα-</span> 
     </span>
    </p>
   </div>
   <div class='ocr_carea' id='block_1_107' title="bbox 2114 4745 3783 4825">
    <p class='ocr_par' dir='ltr' id='par_1_107' title="bbox 2114 4745 3783 4825">
     <span class='ocr_line' id='line_1_107' title="bbox 2114 4745 3783 4825; baseline -0.001 -19"><span class='ocrx_word' id='word_1_725' title='bbox 2114 4750 2409 4824; x_wconf 82' lang='grc' dir='ltr'>ταληψίας·</span> <span class='ocrx_word' id='word_1_726' title='bbox 2481 4751 2598 4812; x_wconf 86' lang='grc' dir='ltr'>καθ’</span> <span class='ocrx_word' id='word_1_727' title='bbox 2674 4749 2735 4811; x_wconf 79' lang='grc' dir='ltr'>ἃς</span> <span class='ocrx_word' id='word_1_728' title='bbox 2803 4750 3057 4825; x_wconf 86' lang='grc' dir='ltr'>γνώσεως</span> <span class='ocrx_word' id='word_1_729' title='bbox 3115 4745 3331 4811; x_wconf 84' lang='grc' dir='ltr'>νοτίδας</span> <span class='ocrx_word' id='word_1_730' title='bbox 3390 4749 3417 4802; x_wconf 90' lang='lat'>6</span> <span class='ocrx_word' id='word_1_731' title='bbox 3484 4752 3611 4811; x_wconf 82' lang='grc' dir='ltr'>νοῦς</span> <span class='ocrx_word' id='word_1_732' title='bbox 3675 4758 3783 4819; x_wconf 81' lang='grc' dir='ltr'>τῆς</span> 
     </span>
    </p>
   </div>
   <div class='ocr_carea' id='block_1_108' title="bbox 2116 4836 3785 4912">
    <p class='ocr_par' dir='ltr' id='par_1_108' title="bbox 2116 4836 3785 4912">
     <span class='ocr_line' id='line_1_108' title="bbox 2116 4836 3785 4912; baseline -0.001 -17"><span class='ocrx_word' id='word_1_733' title='bbox 2116 4838 2509 4912; x_wconf 81' lang='grc' dir='ltr'>νυμφευθείσης</span> <span class='ocrx_word' id='word_1_734' title='bbox 2536 4843 2617 4910; x_wconf 79' lang='grc' dir='ltr'>τῷ</span> <span class='ocrx_word' id='word_1_735' title='bbox 2645 4842 2762 4910; x_wconf 84' lang='grc' dir='ltr'>Θεῷ</span> <span class='ocrx_word' id='word_1_736' title='bbox 2809 4836 2969 4911; x_wconf 81' lang='grc' dir='ltr'>Λόγῳ</span> <span class='ocrx_word' id='word_1_737' title='bbox 3017 4840 3204 4912; x_wconf 79' lang='grc' dir='ltr'>ψυχῆς</span> <span class='ocrx_word' id='word_1_738' title='bbox 3242 4836 3617 4911; x_wconf 81' lang='grc' dir='ltr'>ἀνοιγόμενος,</span> <span class='ocrx_word' id='word_1_739' title='bbox 3684 4838 3785 4893; x_wconf 77' lang='grc' dir='ltr'>αὖ·</span> 
     </span>
    </p>
   </div>
   <div class='ocr_carea' id='block_1_109' title="bbox 2117 4924 3786 5003">
    <p class='ocr_par' dir='ltr' id='par_1_109' title="bbox 2117 4924 3786 5003">
     <span class='ocr_line' id='line_1_109' title="bbox 2117 4924 3786 5003; baseline 0 -20"><span class='ocrx_word' id='word_1_740' title='bbox 2117 4928 2208 4983; x_wconf 87' lang='grc' dir='ltr'>τὸν</span> <span class='ocrx_word' id='word_1_741' title='bbox 2260 4926 2627 4996; x_wconf 69' lang='grc' dir='ltr'>εἷσοικίζεται.</span> <span class='ocrx_word' id='word_1_742' title='bbox 2689 4926 2885 5003; x_wconf 82' lang='grc' dir='ltr'>Διόπερ</span> <span class='ocrx_word' id='word_1_743' title='bbox 2939 4926 3030 4981; x_wconf 83' lang='grc' dir='ltr'>καὶ</span> <span class='ocrx_word' id='word_1_744' title='bbox 3084 4926 3159 4987; x_wconf 81' lang='grc' dir='ltr'>ὡς</span> <span class='ocrx_word' id='word_1_745' title='bbox 3202 4924 3347 4981; x_wconf 74' lang='grc' dir='ltr'>αἰτία</span> <span class='ocrx_word' id='word_1_746' title='bbox 3373 4928 3786 4999; x_wconf 77' lang='grc' dir='ltr'>τοῦ,“Ανοιξόν</span> 
     </span>
    </p>
   </div>
   <div class='ocr_carea' id='block_1_110' title="bbox 2124 5012 3785 5092">
    <p class='ocr_par' dir='ltr' id='par_1_110' title="bbox 2124 5012 3785 5092">
     <span class='ocr_line' id='line_1_110' title="bbox 2124 5012 3785 5092; baseline 0.001 -22"><span class='ocrx_word' id='word_1_747' title='bbox 2124 5037 2238 5089; x_wconf 87' lang='grc' dir='ltr'>μοι,</span> <span class='ocrx_word' id='word_1_748' title='bbox 2291 5016 2375 5084; x_wconf 87' lang='grc' dir='ltr'>τὸ,</span> <span class='ocrx_word' id='word_1_749' title='bbox 2428 5018 2553 5073; x_wconf 81' lang='grc' dir='ltr'>’Ότι</span> <span class='ocrx_word' id='word_1_750' title='bbox 2611 5017 2644 5085; x_wconf 79' lang='grc' dir='ltr'>ἡ</span> <span class='ocrx_word' id='word_1_751' title='bbox 2685 5014 2897 5092; x_wconf 77' lang='grc' dir='ltr'>κεφαλή</span> <span class='ocrx_word' id='word_1_752' title='bbox 2955 5036 3059 5088; x_wconf 85' lang='grc' dir='ltr'>μου</span> <span class='ocrx_word' id='word_1_753' title='bbox 3104 5013 3352 5085; x_wconf 78' lang='grc' dir='ltr'>ἐπλήσθη</span> <span class='ocrx_word' id='word_1_754' title='bbox 3414 5012 3635 5090; x_wconf 81' lang='grc' dir='ltr'>δρόσου,</span> <span class='ocrx_word' id='word_1_755' title='bbox 3691 5017 3785 5072; x_wconf 79' lang='grc' dir='ltr'>καὶ</span> 
     </span>
    </p>
   </div>
   <div class='ocr_carea' id='block_1_111' title="bbox 2119 5102 3789 5181">
    <p class='ocr_par' dir='ltr' id='par_1_111' title="bbox 2119 5102 3789 5181">
     <span class='ocr_line' id='line_1_111' title="bbox 2119 5102 3789 5181; baseline -0.003 -21"><span class='ocrx_word' id='word_1_756' title='bbox 2119 5104 2186 5160; x_wconf 82' lang='grc' dir='ltr'>τὰ</span> <span class='ocrx_word' id='word_1_757' title='bbox 2242 5104 2387 5175; x_wconf 70' lang='grc' dir='ltr'>ἑξῆς,</span> <span class='ocrx_word' id='word_1_758' title='bbox 2449 5102 2683 5181; x_wconf 70' lang='grc' dir='ltr'>εἴρηται.</span> <span class='ocrx_word' id='word_1_759' title='bbox 2746 5104 2895 5160; x_wconf 81' lang='grc' dir='ltr'>Ἐπεὶ</span> <span class='ocrx_word' id='word_1_760' title='bbox 2928 5102 2996 5171; x_wconf 82' lang='grc' dir='ltr'>δ’,</span> <span class='ocrx_word' id='word_1_761' title='bbox 3061 5103 3105 5158; x_wconf 86' lang='grc' dir='ltr'><strong>ὦ</strong></span> <span class='ocrx_word' id='word_1_762' title='bbox 3158 5105 3475 5177; x_wconf 75' lang='grc' dir='ltr'>μαθήτριαι,</span> <span class='ocrx_word' id='word_1_763' title='bbox 3510 5105 3659 5160; x_wconf 74' lang='grc' dir='ltr'>οὕτω</span> <span class='ocrx_word' id='word_1_764' title='bbox 3680 5110 3789 5177; x_wconf 75' lang='grc' dir='ltr'>τῆς</span> 
     </span>
    </p>
   </div>
   <div class='ocr_carea' id='block_1_112' title="bbox 2124 5191 3785 5268">
    <p class='ocr_par' dir='ltr' id='par_1_112' title="bbox 2124 5191 3785 5268">
     <span class='ocr_line' id='line_1_112' title="bbox 2124 5191 3785 5268; baseline 0.002 -21"><span class='ocrx_word' id='word_1_765' title='bbox 2124 5200 2309 5268; x_wconf 82' lang='grc' dir='ltr'>φωνῆς</span> <span class='ocrx_word' id='word_1_766' title='bbox 2370 5197 2466 5247; x_wconf 86' lang='grc' dir='ltr'>τοῦ</span> <span class='ocrx_word' id='word_1_767' title='bbox 2523 5194 2760 5268; x_wconf 87' lang='grc' dir='ltr'>νυμφίου</span> <span class='ocrx_word' id='word_1_768' title='bbox 2814 5215 2917 5266; x_wconf 88' lang='grc' dir='ltr'>μου</span> <span class='ocrx_word' id='word_1_769' title='bbox 2969 5191 3213 5262; x_wconf 74' lang='grc' dir='ltr'>ἤκουσα,</span> <span class='ocrx_word' id='word_1_770' title='bbox 3271 5192 3359 5247; x_wconf 83' lang='grc' dir='ltr'>καὶ</span> <span class='ocrx_word' id='word_1_771' title='bbox 3416 5194 3517 5261; x_wconf 76' lang='grc' dir='ltr'>τήν</span> <span class='ocrx_word' id='word_1_772' title='bbox 3579 5195 3785 5265; x_wconf 69' lang='grc' dir='ltr'>ἑαυτῆς</span> 
     </span>
    </p>
   </div>
   <div class='ocr_carea' id='block_1_113' title="bbox 2122 5279 3783 5355">
    <p class='ocr_par' dir='ltr' id='par_1_113' title="bbox 2122 5279 3783 5355">
     <span class='ocr_line' id='line_1_113' title="bbox 2122 5279 3783 5355; baseline 0.002 -19"><span class='ocrx_word' id='word_1_773' title='bbox 2122 5284 2327 5350; x_wconf 75' lang='grc' dir='ltr'>νοητὴν</span> <span class='ocrx_word' id='word_1_774' title='bbox 2360 5281 2541 5349; x_wconf 76' lang='grc' dir='ltr'>πύλην</span> <span class='ocrx_word' id='word_1_775' title='bbox 2565 5283 2795 5355; x_wconf 69' lang='grc' dir='ltr'>ἡνὲῳξα,</span> <span class='ocrx_word' id='word_1_776' title='bbox 2842 5282 2931 5336; x_wconf 87' lang='grc' dir='ltr'>καὶ</span> <span class='ocrx_word' id='word_1_777' title='bbox 2964 5279 3169 5336; x_wconf 84' lang='grc' dir='ltr'>ἔνοικον</span> <span class='ocrx_word' id='word_1_778' title='bbox 3230 5280 3544 5354; x_wconf 72' lang='grc' dir='ltr'>ἐκτησάμην</span> <span class='ocrx_word' id='word_1_779' title='bbox 3589 5282 3783 5351; x_wconf 70' lang='grc' dir='ltr'>αὗτὸν,</span> 
     </span>
    </p>
   </div>
   <div class='ocr_carea' id='block_1_114' title="bbox 2125 5366 3784 5447">
    <p class='ocr_par' dir='ltr' id='par_1_114' title="bbox 2125 5366 3784 5447">
     <span class='ocr_line' id='line_1_114' title="bbox 2125 5366 3784 5447; baseline 0.001 -22"><span class='ocrx_word' id='word_1_780' title='bbox 2125 5369 2183 5431; x_wconf 76' lang='grc' dir='ltr'>ὅς</span> <span class='ocrx_word' id='word_1_781' title='bbox 2256 5370 2663 5445; x_wconf 80' lang='grc' dir='ltr'>ἁναμαρτησίας</span> <span class='ocrx_word' id='word_1_782' title='bbox 2732 5370 2872 5426; x_wconf 65' lang='grc' dir='ltr'>ἐστὶν</span> <span class='ocrx_word' id='word_1_783' title='bbox 2950 5366 3178 5443; x_wconf 83' lang='grc' dir='ltr'>ἔνδυμα,</span> <span class='ocrx_word' id='word_1_784' title='bbox 3239 5369 3501 5447; x_wconf 88' lang='grc' dir='ltr'>πρότερον</span> <span class='ocrx_word' id='word_1_785' title='bbox 3560 5372 3784 5429; x_wconf 77' lang='grc' dir='ltr'>πάντων</span> 
     </span>
    </p>
   </div>
   <div class='ocr_carea' id='block_1_115' title="bbox 2126 5457 3783 5536">
    <p class='ocr_par' dir='ltr' id='par_1_115' title="bbox 2126 5457 3783 5536">
     <span class='ocr_line' id='line_1_115' title="bbox 2126 5457 3783 5536; baseline 0.002 -21"><span class='ocrx_word' id='word_1_786' title='bbox 2126 5457 2456 5533; x_wconf 74' lang='grc' dir='ltr'>ἐξεδυσάμην</span> <span class='ocrx_word' id='word_1_787' title='bbox 2516 5461 2606 5515; x_wconf 87' lang='grc' dir='ltr'>τὸν</span> <span class='ocrx_word' id='word_1_788' title='bbox 2665 5460 2876 5536; x_wconf 73' lang='grc' dir='ltr'>χιτῶνά</span> <span class='ocrx_word' id='word_1_789' title='bbox 2931 5481 3036 5534; x_wconf 88' lang='grc' dir='ltr'>μου</span> <span class='ocrx_word' id='word_1_790' title='bbox 3083 5463 3173 5515; x_wconf 87' lang='grc' dir='ltr'>τὸν</span> <span class='ocrx_word' id='word_1_791' title='bbox 3225 5458 3480 5528; x_wconf 84' lang='grc' dir='ltr'>παλαιὸν,</span> <span class='ocrx_word' id='word_1_792' title='bbox 3538 5463 3636 5517; x_wconf 86' lang='grc' dir='ltr'>τὸν</span> <span class='ocrx_word' id='word_1_793' title='bbox 3678 5470 3783 5533; x_wconf 82' lang='grc' dir='ltr'>τῆς</span> 
     </span>
    </p>
   </div>
  </div>
