3944 6210
194 359 305 421 637

1226 353 1634 418 COMMENT.
1679 353 1759 415 1N
1803 304 2202 415 oAN'noUn
2252 350 2562 413 CANTIC.

3438 384 3443 387 κ
3485 359 3605 420 638

198 490 484 568 ἁμαρτίας,
531 492 624 547 τὸν
710 490 771 546 ἐκ
848 497 949 562 τῆς
1000 484 1397 568 παραϐάσεως⁸
1447 486 1641 545 λοιπὸν
1720 494 1769 541 πί

2024 486 2304 542 nocentiae
2336 490 2426 543 est
2455 487 2898 553 indumentum,
2920 487 2983 544 in
3012 488 3221 561 primis
3249 490 3429 547 veteri
3475 509 3605 551 mea

193 579 481 655 ἐνδύσομαι
539 580 698 637 αὑτὸν
778 584 858 654 τῷ
939 585 1188 659 φωτεινῷ
1267 586 1369 649 τῆς
1441 579 1762 651 ἀναμαρτησ

2020 576 2175 632 rccati
2200 576 2399 632 tunica
2423 592 2599 648 quam
2615 593 2681 632 ex
2694 577 3165 650 transgressione
3178 582 3603 649 contraxeram,

198 670 531 727 ἀπελαθὲντα
586 667 889 744 ἐνδύματις
948 670 1234 745 Ενιψάμην
1302 667 1428 730 τοὺς
1485 664 1655 730 πόδας
1717 686 1843 739 μου,

200 761 372 834 ἄκρως
423 760 752 835 καθαρθεῖσα
780 764 859 832 τῷ
912 780 972 814 τε
1024 756 1242 835 λουτρῷ
1291 762 1388 813 τοῦ
1448 753 1842 834 βαπτίσματος,

194 848 274 905 καὶ
325 852 395 923 τῇ
455 853 552 904 τοῦ
610 849 876 925 παναγίω
942 847 1259 923 Πνεύματος
1331 845 1694 925 ἐπιφοιτήσει,
1752 844 1843 899 καὶ

200 942 261 1013 τῇ
287 943 396 993 τῶν
428 939 588 1002 θείων
640 937 877 994 ἐντολῶν
920 939 1173 1013 τηρήσει.
1206 938 1389 1005 Ὅθεν,
1441 939 1564 997 Πῶς
1620 932 1843 1008 μολυνῶ

207 1026 421 1097 αὖτοὺς,
452 1026 610 1104 ἴχνος
641 1024 899 1102 διξαμένη
930 1024 1246 1103 παραλὸγου
1277 1024 1603 1099 ἐπιθυμίας;

256 1202 629 1279 ’Βξεδυσάμην
683 1206 775 1260 τὸν
861 1206 1074 1282 χιτῶνά
1163 1224 1291 1279 μου,
1351 1208 1468 1266 πῶς
1549 1200 1842 1277 ἐνδύσομαι

189 1296 381 1365 cura»;
432 1295 743 1369 Ἐνιψάμην
799 1293 927 1357 τοὺς
988 1291 1160 1357 πόδας
1235 1315 1362 1368 μου,
1422 1297 1542 1356 πῶς
1619 1291 1841 1366 μολυνῶ

194 1383 386 1447 αύτούς
414 1403 429 1452 ;
918 1402 927 1409 '

882 1471 1132 1530 Ψελλοῦ.

254 1580 420 1657 Ἐγὼ,
451 1579 610 1659 φησὶ,
641 1581 731 1635 καὶ
763 1579 1043 1656 πρόπαλαι
1074 1581 1170 1644 τᾶς
1204 1578 1368 1656 θύρας
1402 1577 1586 1651 ἄνοιξά
1616 1597 1730 1634 σοι·

195 1672 262 1729 Τὸ
284 1670 393 1747 γὰρ
423 1677 527 1740 τῆς
558 1665 915 1746 παραϐάσεως
946 1668 1277 1743 ἐξεδυσεὶμην
1318 1668 1519 1745 πάχος,

195 1762 359 1833 Ὅπερ
391 1758 498 1815 οὐκ
527 1756 888 1833 ἱπενδύσομαι
920 1761 1144 1816 πώποτε
1176 1763 1510 1836 μεταγνοῦσα
1529 1778 1542 1792 ·

1954 682 2046 720 me
2093 665 2407 738 exspoliavi
2456 684 2469 722 :
2514 667 2817 730 Quomodo
2871 668 2995 737 jam
3064 666 3307 722 induam
3389 668 3602 741 ipsam,

1955 756 2268 829 splendido
2317 757 2622 830 depulsam
2655 756 3050 814 indumento?
3094 759 3229 814 Lavi
3250 758 3415 831 pedes
3462 777 3609 819 meo:

1955 846 2186 902 lavacro
2216 846 2619 919 baptismatis,
2654 851 2709 902 et
2740 847 2925 902 sancti
2950 846 3210 919 Spiritus
3241 842 3513 921 adventu,
3556 856 3613 908 et

1953 934 2289 991 divinorum
2318 935 2734 991 mandatorum
2749 936 3156 992 observatione
3178 936 3389 994 eximie
3409 955 3613 1012 purga-

1952 1027 2033 1080 ta:
2068 1024 2342 1093 Quomodo
2371 1023 2553 1096 igitur
2580 1025 3028 1097 illos,improbee
3059 1026 3401 1098 cupiditatis
3429 1030 3609 1084 vesti-

1952 1113 2049 1185 gia
2079 1128 2355 1184 sequens,
2390 1113 2739 1184 inquinabo?

2024 1203 2346 1274 Exspatiavi
2363 1202 2654 1257 metunica
2664 1202 3145 1274 mea,quomodum
3165 1204 3396 1260 induam
3416 1204 3611 1262 illam?

1949 1292 2087 1347 Lavi
2112 1291 2273 1364 pedes
2300 1306 2469 1363 meos,
2502 1291 2764 1363 quomodo
2793 1293 3096 1365 inquinabo
3123 1292 3251 1349 illo:
3269 1293 3297 1348 τ

2678 1470 2871 1528 Pselli.

2018 1577 2162 1649 Ego,
2189 1575 2404 1648 inquit,
2431 1578 2557 1648 jam
2587 1576 2816 1650 pridem
2840 1576 2994 1634 fores
3016 1578 3219 1651 aperui
3251 1577 3603 1637 tibi.Trans-

1949 1664 2272 1739 gressionis
2304 1664 2462 1721 enim
2486 1665 2939 1722 crassitudinem
2963 1667 3229 1737 exui,nec
3250 1669 3602 1726 sententiam

1952 1771 2215 1828 unquam
2240 1755 2501 1825 mutabo,
2535 1758 2601 1811 ut
2621 1771 2748 1812 eam
2781 1755 2994 1813 iterum
3028 1756 3603 1816 induam.Terrenas

199 1851 286 1908 Καὶ
320 1849 614 1924 μολυσμὸν
647 1848 919 1927 ἀπιρῥιψα
947 1855 1048 1920 τῆς
1078 1857 1181 1926 γῆς
1243 1847 1304 1905 ἐκ
1335 1852 1443 1904 τῶν
1493 1844 1680 1903 ποδῶν
1714 1867 1769 1921 μι

2020 1844 2201 1901 νειονεί
2261 1844 2466 1901 sordes
2513 1844 2765 1917 pedibus
2813 1846 2981 1935 meis,
3029 1861 3248 1919 eosque
3297 1845 3358 1904 in
3393 1847 3605 1906 salutis

200 1940 289 1997 Καὶ
316 1939 550 2003 τούτους
583 1938 953 2017 παρεσκεύασα
973 1940 1109 2016 πρὸς
1136 1933 1357 2015 τρίϐους
1386 1935 1660 2011 σωτηρίας
1681 1955 1693 1969 ·

198 2028 400 2103 Οῧσπερ
436 2029 615 2085 οὐκέτι
655 2028 880 2102 μολυνῶ
911 2034 1205 2106 στραφεῖσα
1234 2029 1340 2105 πρὸ
1369 2026 1633 2084 τούπίσω.

196 2118 411 2177 Τούτων
445 2120 519 2182 ὡς
546 2116 777 2189 ἤκουσεν
809 2118 978 2187 αὐτῆς
1005 2123 1114 2173 τῶν
1148 2116 1328 2193 λόγων
1356 2118 1384 2172 ὁ
1415 2113 1671 2194 νυμφίος,

193 2206 379 2264 Ἕνδον
412 2207 680 2279 ἠθέλησεν
712 2205 877 2277 αὐτῆς
903 2208 1083 2282 ὥσπερ
1115 2209 1549 2278 κατασκηνῶσαι·

194 2296 344 2353 Ἀλλ’
380 2294 571 2353 οὔκουν
593 2297 685 2353 τὸν
718 2295 1014 2373 ἁχώρητον
1041 2298 1108 2366 ἦν
1141 2295 1289 2352 δλωτ
1320 2300 1645 2372 χωρηθῆναι
1670 2312 1683 2326 ⁸

195 2388 381 2444 Ταῦτα
407 2386 497 2442 καὶ
527 2389 631 2462 γὰρ
664 2382 982 2461 ἐπλήρωσεν
1013 2388 1049 2456 ὴ
1082 2385 1207 2462 χεὶρ
1239 2386 1405 2441 αὐτοῦ
1435 2385 1523 2440 καὶ
1558 2382 1719 2459 μόνη,

191 2474 276 2539 Ὠς
359 2475 452 2532 ἀπ’
529 2473 696 2546 αὐτῆς
786 2480 975 2549 μαθεῖν
1057 2469 1169 2531 ἔστι
1252 2477 1352 2545 τῆς
1432 2473 1653 2552 νύμφης
1729 2475 1835 2527 τῶν

1428 2563 1763 2638 [ᾊσμάτων.

755 2658 873 2708 Τῶν
902 2672 943 2729 γ
977 2652 1230 2729 Πατὲρων
1243 2694 1256 2709 .

259 2757 585 2839 ,Αδελφιδάς
662 2781 769 2833 μου
822 2758 1105 2816 ἀπέστειλε
1163 2762 1325 2834 χεῖρα
1376 2757 1540 2814 αὐτοῦ
1587 2756 1694 2813 ἀπὸ
1742 2764 1839 2829 τῆς

190 2851 340 2922 ὀπῆς,
373 2849 464 2905 καὶ
503 2852 539 2921 ἡ
571 2848 758 2905 κοιλία
786 2871 891 2923 μου
923 2848 1160 2924 ἐθροήθη
1191 2848 1274 2903 ἄπ’
1303 2847 1482 2905 αὐτόν.

263 2940 424 3013 Ἐγὼ,
487 2939 644 3017 φησὶ,
695 2936 785 2993 καὶ
832 2935 1023 3009 ἤνοιξα
1078 2943 1249 2992 πᾶσαν
1308 2935 1445 3010 ἐμοῦ
1499 2936 1600 3006 τὴν
1652 2934 1838 3011 θύραν,

201 3027 324 3092 ὥσθ’
355 3024 712 3098 ὑποδέξασθαι
771 3026 999 3101 Χριστὸν
1056 3026 1145 3081 τὸν
1206 3024 1382 3102 Λόγον
1440 3025 1527 3080 καὶ
1589 3023 1839 3103 νυμφίον.

193 3114 342 3186 Πλὴν
402 3116 572 3191 μόλις
623 3114 972 3187 εἰσελήλυθεν
1026 3118 1062 3185 ἡ
1121 3116 1247 3191 χεὶρ
1305 3114 1469 3170 αὐτοῦ
1515 3112 1605 3169 καί
1664 3112 1831 3187 μόνη.

1954 1933 2196 1990 semitas
2219 1932 2425 2000 direxi,
2450 1949 2522 1989 ne
2552 1932 2670 1989 ullo
2697 1932 2963 2006 unquam
2994 1937 3255 2007 tempore
3301 1952 3392 1993 me
3448 1941 3603 1994 retro

1949 2026 2305 2091 convertam,
2339 2026 2405 2078 ut
2435 2022 2738 2095 inquinem
2771 2022 2925 2080 illos.
2958 2027 3089 2081 Haec
3146 2042 3380 2099 sponsae
3424 2027 3603 2084 verba

1948 2128 2205 2185 sponsus
2237 2128 2366 2168 cum
2400 2112 2684 2181 audisset,
2717 2112 2778 2168 in
2807 2112 3088 2171 interiore
3118 2115 3247 2186 ejus
3276 2114 3458 2173 veluti
3504 2120 3598 2173 ta-

1946 2200 2266 2257 bernaculo
2290 2199 2472 2257 voluit
2505 2201 2808 2272 habitare;
2844 2204 2947 2260 sed
2978 2203 3167 2276 illum,
3199 2208 3265 2261 ut
3295 2205 3397 2279 qui
3440 2223 3597 2263 com-

1948 2289 2231 2363 prehendi
2261 2306 2376 2346 non
2409 2293 2621 2363 potest,
2646 2289 2890 2347 minime
2947 2292 3234 2365 capiebat.
3288 2294 3407 2350 Hoc
3436 2295 3595 2352 enim

1948 2394 2127 2437 manu
2159 2379 2382 2452 sponsi,
2415 2395 2601 2451 eaque
2629 2378 2756 2435 sola
2785 2379 3162 2452 rapiebatur:
3200 2390 3263 2439 ut
3291 2400 3361 2440 ex
3405 2383 3597 2457 ipsius

1948 2485 2177 2542 sponsa
2208 2473 2381 2525 cantu
2415 2484 2735 2542 possumus
2764 2467 3112 2542 intelligere.

2542 2646 2728 2701 Trium
2750 2647 3009 2702 Patrum.

2019 2754 2192 2825 Nepos
2244 2768 2402 2809 meus
2458 2753 2611 2809 misit
2665 2770 2896 2809 manum
2940 2771 3101 2811 suam
3141 2771 3238 2828 per
3264 2756 3521 2828 foramen
3551 2758 3602 2812 et

1947 2846 2136 2899 venter
2165 2856 2317 2898 meus
2338 2843 2628 2898 intremuit
2654 2841 2726 2897 ad
2755 2845 2966 2899 tactum
2994 2843 3130 2915 ejus.

2021 2930 2147 2988 Etsi
2182 2935 2392 3003 totum,
2453 2930 2668 3003 inquit,
2718 2932 2937 2989 ostium
3000 2948 3197 2989 meum
3259 2933 3483 3007 aperui,
3532 2936 3598 2990 ut

1947 3020 2251 3077 Christum
2283 3020 2543 3076 Verbum
2574 3024 2632 3077 et
2664 3037 2950 3093 sponsum
2985 3038 3178 3079 meum
3213 3024 3597 3096 susciperem;

1948 3113 2147 3166 tamen
2178 3107 2271 3164 vix
2319 3124 2529 3164 manus
2559 3110 2711 3180 ejus,
2770 3127 2956 3182 eaque
3006 3109 3133 3167 sola
3162 3111 3433 3169 immissa
3490 3116 3598 3169 est.

185 3207 341 3264 Ὅθεν
421 3207 487 3261 τὸ
566 3204 790 3281 μὲγευος
875 3203 1040 3259 αὐτοῦ
1125 3203 1380 3280 μεγάλως
1462 3201 1769 3279 κατεπλάγη(

2020 3213 2154 3270 ique
2173 3196 2635 3268 magnitudinem
2661 3197 2850 3271 ipsius
2883 3216 3233 3272 magnopere
3255 3218 3389 3257 sum
3412 3202 3599 3257 admi-

191 3294 379 3357 Καλῶς
445 3295 845 3374 ἐφιλοσόφησεν
912 3295 948 3364 ἠ
1000 3294 1210 3370 καθαρὰ
1283 3294 1572 3370 παρθένος.
1611 3294 1675 3349 Ἦ
1727 3297 1833 3349 τῶν

184 3383 483 3460 ἀνθρώπων
514 3385 617 3460 γὰρ
665 3382 847 3461 φύσις,
887 3385 921 3453 ἡ
973 3384 1112 3438 πάνυ
1166 3383 1483 3460 βραχυτάτη
1526 3381 1649 3438 ὅσον
1705 3383 1841 3457 πρὸς

193 3472 345 3551 φύσιν
407 3474 596 3542 θεϊκήν
668 3477 765 3529 τοῖ’)
849 3474 1160 3546 θαυμαστοῦ
1243 3471 1503 3552 νυμφίου,
1563 3470 1701 3544 ὅλην
1774 3472 1838 3526 οὐ

184 3558 405 3617 δύναται
456 3566 683 3637 χωρεῖν,
735 3559 888 3640 φησὶ,
935 3560 1034 3628 τὴν
1074 3559 1361 3629 θειοτάτην
1418 3558 1597 3637 φύσιν,
1631 3557 1754 3613 ὅσον
1789 3555 1841 3612 ἒν

187 3652 534 3726 ὗπολήψεσιν
612 3649 702 3705 καὶ
779 3654 895 3711 ταῖς
977 3645 1306 3725 θεολογίαις.
1388 3647 1644 3720 Ἀνέστην
1732 3646 1839 3723 ἐγὼ

177 3739 386 3811 ἀνοῖξαι
475 3744 558 3812 τῷ
643 3735 919 3817 ἀδελφιδῷ
981 3756 1123 3811 μου⁶
1179 3738 1365 3814 χεῖρές
1439 3757 1543 3811 μου
1621 3734 1838 3808 ἕσταξαν

184 3829 423 3903 σμύρναν
458 3873 477 3900 ,
564 3825 824 3883 δάκτυλοί
922 3848 1027 3900 μου
1127 3825 1367 3904 σμύρναν
1458 3823 1647 3902 πλήρη
1752 3817 1839 3881 ἐπὶ

183 3924 374 3992 χεῖρας
457 3921 559 3973 τοῦ
633 3914 925 3993 κλείθρου.
980 3916 1157 3991 Ἐγὼ,
1217 3915 1419 3993 φησὶν,
1492 3916 1568 3978 ὡς
1652 3914 1842 3989 ἤνοιξα

189 4003 437 4076 δέξασθαι
494 4007 590 4062 τὸν
641 4005 897 4085 νυμφίον,
953 4006 1200 4067 κᾶκεῖνος
1250 4006 1316 4074 ἦν
1376 4005 1691 4081 ἀχώρητος,
1748 4003 1841 4059 ἆν-

190 4093 348 4167 ἐστην
376 4097 515 4172 πρὸς
557 4095 815 4151 ἐπίπονον
842 4094 930 4150 καὶ
980 4094 1250 4171 θειοτέραν
1296 4094 1466 4168 τάξιν,
1516 4092 1664 4156 ὅπως
1722 4098 1840 4156 τοῖς

184 4185 377 4250 πόνοις
413 4190 535 4249 τοῖς
582 4182 846 4249 πολλοῖς,
891 4184 1084 4259 σαρκός
1132 4205 1191 4239 τε
1220 4188 1289 4259 τῇ
1320 4183 1602 4259 νεκρώσει,
1634 4180 1841 4237 πλατύ⁸

182 4294 337 4349 τερον
392 4273 590 4348 ἀνοίξω
648 4296 752 4349 μου
798 4277 895 4329 τοῦ
949 4272 1217 4350 λογισμοῦ
1265 4273 1364 4341 τήν
1398 4270 1583 4348 θύραν,
1616 4272 1703 4326 καὶ
1750 4272 1842 4327 τὸν

182 4362 484 4439 ἆχώρητον
539 4364 605 4419 τὸ
670 4362 796 4439 πρὶν
874 4358 1196 4435 εἶσδὲξωμαι
1256 4360 1508 4437 νυμφίον.
1558 4361 1716 4418 ’Ὸθεν
1788 4362 1841 4415 αἱ

177 4453 363 4528 χεῖρές
403 4474 534 4526 μου,
560 4453 715 4531 φησὶ,
743 4451 875 4526 μετᾶ
902 4452 991 4506 καὶ
1020 4454 1128 4506 τῶν
1164 4448 1444 4507 δακτύλων
1480 4454 1592 4512 τοῖς
1648 4450 1840 4513 πόνοις

178 4542 423 4617 σμύρναν
466 4539 684 4613 ἔσταξαν
750 4541 945 4617 μέχρις
988 4538 1152 4594 αὐτοῦ
1199 4543 1295 4594 τοῦ
1343 4537 1630 4613 κλείθρου·
1680 4559 1836 4594 τουτ-

1948 3291 2093 3345 rata.
2124 3285 2400 3344 Praeclare
2430 3303 2575 3358 pura
2605 3287 2767 3360 virgo
2793 3288 3261 3362 philosophatur.
3284 3290 3600 3348 Hominum

1946 3377 2104 3433 enim
2125 3380 2336 3433 natura
2356 3375 2547 3432 minor
2564 3380 2857 3449 est,quam
2879 3383 2941 3433 ut
2970 3378 3228 3435 divinam
3269 3379 3601 3436 admirandi

1946 3465 2123 3522 Verbi
2158 3469 2428 3522 naturam
2454 3466 2728 3537 opinione
2758 3471 2862 3522 aut
2892 3466 3138 3524 scientia
3159 3473 3337 3540 queat
3367 3469 3595 3525 univer-

1950 3570 2078 3611 sam
2118 3553 2621 3626 comprehendere.
2676 3554 2915 3612 Surrexi
2968 3564 3030 3612 ut
3082 3559 3360 3629 aperirem
3414 3560 3604 3630 nepoti

1949 3660 2087 3701 meo.
2132 3645 2324 3699 Manus
2381 3658 2514 3699 meae
2537 3644 2890 3702 stillaverunt
2908 3646 3197 3718 myrrham
3229 3646 3430 3717 :digiiz
3488 3649 3602 3702 mei

1948 3733 2233 3806 myrrham
2255 3733 2487 3802 plenam
2510 3734 2569 3788 in
2592 3750 2790 3790 manus
2818 3736 3043 3801 pessuli.
3088 3740 3222 3808 Ego,
3284 3741 3350 3792 ut
3412 3752 3594 3809 spon-

1949 3838 2104 3891 sum,
2138 3821 2354 3894 inquit,
2376 3822 2727 3895 exciperem,
2751 3824 3053 3895 aperui.At
3074 3824 3171 3880 ille
3199 3823 3601 3897 penetralibus

1948 3912 2096 3969 meis
2131 3911 2261 3984 capi
2291 3928 2408 3967 non
2454 3916 2698 3984 poterat.
2732 3912 2969 3969 Surrexi
3028 3914 3099 3969 ad
3133 3912 3492 3971 laboriosum
3547 3919 3603 3971 et

1948 4000 2137 4074 magis
2164 3999 2430 4056 divinum
2459 4000 2822 4071 ordinem,ut
2855 4018 3029 4074 quem
3061 4006 3233 4058 antea
3255 4019 3463 4074 capere
3486 4019 3601 4059 non

1947 4088 2585 4164 potueram,lahoribus
2609 4090 2813 4147 multis
2845 4095 2902 4147 et
2929 4092 3125 4148 carnis
3158 4091 3603 4150 mortiﬁcatione

1946 4177 2212 4236 latiorem
2245 4178 2615 4251 cogitationis
2652 4184 2879 4252 portam
2906 4178 3283 4252 patefaciens,
3313 4197 3600 4254 sponsum

1947 4268 2530 4341 comprehenderem.
2563 4268 2728 4325 Unde
2759 4286 2970 4326 manus
3017 4286 3180 4341 meae,
3214 4270 3429 4343 inquit,
3462 4287 3595 4327 cum

1946 4357 2150 4431 digitis
2181 4356 2548 4414 continenter
2580 4357 2876 4431 myrrham
2908 4358 3274 4416 distillarunt
3295 4375 3477 4431 usque
3524 4358 3598 4415 ad

1948 4448 2280 4523 pessulum.
2316 4448 2466 4515 Quin
2499 4448 2671 4504 etiam
2724 4449 2979 4519 pessulis
3015 4451 3291 4507 omnibus
3344 4449 3601 4507 reductis

1950 4540 2102 4595 fores
2134 4538 2359 4610 aperui,
2393 4537 2449 4593 id
2483 4542 2595 4605 est,
2645 4539 2841 4595 carnis
2871 4556 3014 4596 mea:
3037 4538 3317 4596 membris
3350 4539 3596 4595 mortiﬁ-

177 4614 343 4700 ἐστιν,
382 4631 770 4707 Ἀπενέκρωσα
817 4614 884 4685 τὰ
936 4628 1077 4702 μέλη
1107 4634 1210 4699 τῆς
1261 4628 1457 4704 σαρκός
1509 4648 1635 4701 μου,
1668 4628 1769 4704 μὲχ

2020 4627 2329 4698 tis,animae
2357 4643 2568 4684 sensus
2597 4643 2801 4684 omnes
2832 4629 3102 4700 patefeci,
3134 4628 3319 4686 Pandi
3344 4638 3600 4701 [oresne—

171 4718 236 4773 ti
279 4718 519 4794 κλεῖθρα
584 4719 873 4792 σύμπαντα
924 4723 1027 4787 τῆς
1092 4716 1255 4791 θύρας
1317 4713 1507 4789 ἤνοιξά
1570 4738 1698 4791 μου,
1745 4716 1835 4772 καὶ

176 4806 349 4869 πάσας
450 4806 746 4863 ἀνεπέτασα
820 4806 912 4867 τὰς
989 4808 1176 4881 ψυχῆς
1257 4803 1555 4876 αἰσθήσεις.
1614 4805 1839 4877 Ἦνοιξα

171 4894 282 4969 ἐγὼ
325 4901 418 4970 τῷ
464 4893 746 4973 ἀδελφιδῷ
806 4916 936 4968 μου,
972 4892 1060 4949 καὶ
1113 4895 1140 4949 ὁ
1192 4890 1486 4972 ἀδελφιδός
1546 4916 1651 4968 μου
1709 4915 1841 4970 παρ-

169 4981 365 5054 ῆλθεν.
435 4982 608 5042 Ἀλλᾶ
661 4982 758 5038 κᾶν
817 4981 1031 5054 ἤνοιξα,
1078 4983 1267 5062 φησὶν,
1315 4982 1523 5048 ἁπάσας
1585 5004 1691 5058 μου
1744 4987 1841 5049 τὰς

169 5073 363 5148 θύρας,
421 5070 539 5128 οὐδ’
589 5071 764 5136 οὕτως
837 5071 904 5142 ἦν
966 5093 1059 5146 μοι
1120 5072 1374 5148 χωρητὸς
1432 5073 1460 5128 ὁ
1518 5071 1700 5149 Λόγος
1749 5074 1839 5129 καὶ

169 5165 442 5242 νυμφίος.
523 5163 692 5238 Ψυχή
788 5183 892 5234 μου
989 5158 1208 5234 ἐξῆλθεν
1282 5160 1333 5216 ἓν
1413 5160 1562 5239 λόγῳ
1653 5163 1837 5221 αὐτοῦ.

170 5252 326 5323 Εἶτα,
388 5252 581 5329 φησὶν,
631 5250 890 5326 ἁνύψωσα
945 5250 1035 5305 τὸν
1096 5254 1220 5305 νοῦν
1291 5252 1428 5326 πρὸς
1479 5251 1571 5307 τὸν
1631 5251 1841 5328 αἶ’θέρα,

168 5342 431 5395 ποθοῦσα
505 5337 776 5410 δήπουθεν
860 5344 1048 5413 μαθεῖν
1112 5340 1275 5417 σαφές
1332 5361 1383 5395 τι
1451 5341 1574 5416 περὶ
1622 5342 1837 5399 τούτου.

167 5428 336 5485 Ἀλλ’
390 5427 551 5500 ὅμως
607 5426 949 5503 ύψηλότερος
1007 5428 1097 5482 καὶ
1154 5432 1261 5483 τῶν
1331 5433 1503 5507 νεφῶν
1574 5430 1837 5505 ὑπῆρχεν.

166 5516 485 5593 Φησᾋγᾶρ
560 5517 671 5573 εἶτα
743 5519 969 5591 καθεξῆς
1020 5519 1055 5588 ἠ
1113 5517 1300 5594 νύμφη
1376 5519 1467 5574 καὶ
1534 5520 1836 5595 παρθένος·

166 5610 465 5681 ’Βζτςτησα
532 5607 721 5677 αύτὸν,
770 5608 861 5663 καὶ
938 5606 1047 5684 οὐχ
1123 5608 1275 5683 εὗρον
1350 5606 1536 5681 αὐτόν,
1612 5605 1840 5665 ἰκάλεσα

140 5684 332 5754 ιτέηδν
402 5695 498 5751 καὶ
548 5695 655 5773 οιχ
699 5697 977 5770 ὑπήκουσε
1031 5717 1156 5772 μου-
1203 5698 1302 5755 Καὶ
1351 5701 1471 5763 πῶς
1526 5695 1626 5775 γάρ
1694 5697 1839 5775 εὗρ’·

1944 4719 2059 4791 poti
2078 4721 2281 4773 meozat
2310 4717 2405 4773 ille
2433 4716 2812 4774 declinaverat
2843 4728 3004 4790 atque
3046 4719 3598 4785 transierat.Quam-

1946 4808 2034 4864 vis
2065 4808 2218 4862 fores
2249 4807 2799 4879 measpatel’ecerim
2860 4807 3186 4877 universas,
3219 4825 3336 4864 non
3393 4812 3594 4866 tamen

1944 4896 2200 4954 Verbum
2230 4899 2287 4951 et
2336 4912 2621 4968 sponsum
2654 4896 2817 4967 potui
2859 4896 3371 4969 comprehendere.
3399 4897 3603 4955 Anima

1948 5004 2070 5043 mea
2099 5001 2316 5055 egressa
2338 4989 2437 5052 est,
2461 4988 2523 5040 ut
2550 5001 2716 5057 nepos
2747 4986 2961 5042 locutus
2991 4990 3067 5042 est
3112 5002 3290 5044 meus.
3349 4989 3601 5044 Sustulit

1947 5079 2203 5133 mentem
2258 5090 2473 5145 meam,
2521 5074 2729 5146 inquit,
2763 5075 2835 5132 ad
2868 5074 3101 5147 omium,
3162 5079 3226 5132 ut
3282 5076 3353 5134 de
3390 5075 3601 5134 dilecto

1949 5182 2077 5222 meo
2108 5162 2329 5236 aliquid
2364 5164 2773 5238 intelligerem.
2807 5169 2882 5222 At
2909 5164 3007 5222 ille
3034 5164 3175 5222 ccslo
3230 5170 3353 5222 erat
3408 5165 3596 5222 subli-

1953 5254 2103 5310 mior
2160 5252 2362 5308 multo.
2397 5252 2486 5308 Sic
2513 5253 2667 5309 enim
2702 5253 2973 5325 deinceps
2996 5250 3258 5324 loquitur
3298 5269 3518 5325 sponsa
3546 5258 3602 5310 et

1949 5344 2148 5414 virgo:
2176 5343 2427 5411 οπωςιυὶ
2454 5350 2639 5400 etnon
2671 5345 2862 5399 inveni
2905 5342 3064 5397 illum
3093 5363 3107 5411 ;
3140 5344 3345 5411 vocavi,
3387 5344 3440 5398 el
3493 5358 3603 5400 non

1950 5430 2229 5505 respondit
2257 5433 2418 5488 mihi.
2480 5434 2818 5505 Ecquonam
2850 5434 3023 5489 modo
3069 5432 3313 5489 inveniri
3336 5449 3601 5506 compre-

1952 5522 2250 5593 hendique
2283 5522 2495 5593 poterit
2544 5522 2616 5592 is,
2667 5522 2767 5595 qui
2803 5522 2949 5578 nihil
2976 5526 3066 5579 est
3097 5538 3298 5579 eorum
3334 5539 3461 5596 qua:
3502 5538 3599 5578 co-

1950 5613 2215 5687 gnitione
2244 5611 2672 5684 percipiuntur,
2704 5630 2821 5669 non
2854 5612 3100 5685 species,
3122 5628 3239 5669 non
3268 5611 3601 5685 ﬂgura,non

1949 5702 2135 5771 locus,
2164 5717 2278 5757 non
2314 5702 2614 5773 quantitas
2642 5701 2670 5757 ‘I
2702 5704 3038 5760 invenerunt
3084 5717 3170 5760 me
3196 5700 3449 5759 custodes
3504 5700 3602 5772 qui
