4042 6198
368 307 487 368 639

1714 303 2131 365 MlCHAELlS
2176 304 2448 365 PSELLI

3661 307 3791 367 640

362 443 710 497 circumeunt
748 442 1066 496 civitatem:
1110 449 1503 512 percusserunt
1557 456 1663 506 me,
1696 439 2019 494 vulnerave-

2140 436 2356 506 θήσεται
2409 435 2500 490 καὶ
2556 436 2953 510 κρατηθήσεταί
3010 457 3116 491 που
3173 434 3320 498 ὅστις
3378 434 3530 491 οὐδὲν
3586 457 3637 492 τι
3683 438 3794 493 πί-

364 535 497 586 runt
527 546 630 585 me.
664 530 707 585 Ο
741 529 1197 599 pulcherrimam
1230 528 1471 601 virginis
1495 527 1964 600 progressionem
2000 527 2011 580 l

368 621 509 674 Ecce
565 619 720 673 enim
756 620 825 673 ad
877 619 1117 689 angelos
1176 636 1363 689 usque
1415 634 1725 689 progressa
1782 620 1892 672 est.
1955 615 2023 670 Hi

366 725 617 778 namque
648 714 789 763 sunt
820 708 1068 763 caelestis
1091 708 1342 762 civitatis
1366 708 2027 762 custodee.Invencrunt

367 798 525 853 enim
560 814 651 851 me
681 798 937 851 Verbum
996 797 1413 867 inquirentem.
1473 801 1531 851 et
1587 796 1777 851 verbis
1828 796 2026 850 deter-

370 892 614 941 ruerunt
645 904 711 940 ac
772 885 1177 940 vulnerarunt.
1226 886 1511 939 Dixerunt
1580 890 1733 939 enim
1769 885 1823 937 id
1864 883 2027 937 nulla

370 992 611 1047 prorsus
644 974 865 1028 ratione
900 974 1021 1027 fieri
1053 991 1243 1045 posse,
1272 980 1336 1028 ut
1368 973 1841 1044 incomprehensi
1865 988 2024 1026 com-

368 1062 677 1136 prehensio
713 1062 1428 1133 repcriatur.Abstulerunt
1454 1062 1694 1133 pallium
1754 1062 1894 1116 mihi
1936 1077 2027 1115 cu-

366 1152 542 1207 stodes
599 1169 911 1206 murorum.
975 1151 1203 1217 Velum,
1267 1152 1480 1223 inquit,
1517 1150 1891 1206 abstulerunt
1952 1150 2024 1205 ab

365 1240 550 1296 oculis
586 1241 755 1305 meis,
791 1246 852 1294 ut
882 1239 1096 1294 clarius
1122 1257 1406 1312 sponsum
1432 1240 1817 1310 intuerer,qui
1850 1254 1921 1294 ne
1952 1239 2023 1293 ab

366 1330 593 1401 angelis
661 1329 900 1400 quidem
953 1334 1142 1400 potest
1226 1329 1503 1383 omnibus
1582 1328 2021 1399 comprehendi.

366 1418 757 1484 Quamobrem
813 1417 1087 1472 incertior
1146 1418 1454 1472 discedens
1512 1418 1772 1485 omnino,
1833 1422 2023 1471 custo-

369 1509 494 1577 des,
528 1508 582 1561 id
620 1511 727 1573 est,
752 1506 991 1577 angelos
1050 1507 1222 1561 etiam
1258 1511 1582 1573 aversatur,
1614 1507 1765 1576 quod
1821 1522 1892 1559 ne
1953 1506 2024 1559 ab

370 1594 491 1651 illis
520 1596 761 1667 quidem
786 1596 992 1666 ingens
1019 1596 1219 1667 sponsi
1249 1596 1605 1652 desiderium
1628 1600 1801 1667 queat
1830 1594 2024 1648 immi-

375 1702 498 1739 ηυι.

2141 546 2299 602 φυκεν
2342 521 2402 579 ὲκ
2438 530 2546 579 τῶν
2579 525 3017 599 γινωσκομὲνῶν,
3069 526 3172 580 οὐκ
3220 524 3384 594 εἶδος,
3444 526 3505 580 οὗ
3562 546 3792 603 σχημα-

2133 615 2353 686 τισμὸς,
2410 614 2471 667 οὐ
2549 615 2741 682 τόπος,
2804 614 2865 669 οὐ
2931 616 3209 686 ποσότης;
3262 615 3501 688 Εῦροσάν
3589 636 3653 688 με
3734 617 3791 670 οἱ

2138 701 2396 778 φύλακες,
2474 704 2526 757 οἱ
2624 701 2950 766 κυκλοῦντες
3059 704 3262 771 πόλιν,
3348 703 3608 775 ἐπάταξαν
3699 726 3790 777 με,

2135 790 2528 865 ἑτραυμάτισάν
2591 814 2676 865 με.
2727 800 2790 847 Ὠ
2840 800 2939 863 τῆς
2990 794 3295 864 καλλίστης
3344 801 3628 864 προκοπῆς
3688 802 3791 863 τῆς

2134 879 2352 958 νύμφης
2398 881 2485 935 καὶ
2544 883 2852 957 παρθενουί
2907 880 3047 939 Ἰδοὺ
3104 884 3203 958 γὰρ
3253 882 3557 952 ἀνελήλυθε
3615 883 3788 957 μὲχρι

2133 970 2362 1023 καὶτῶν
2416 970 2684 1046 ἀγγέλων.
2718 972 2882 1028 Οὗτοι
2931 972 3029 1047 γὰρ
3081 972 3319 1048 φύλακάς
3378 971 3481 1027 εἶσι
3534 974 3634 1040 τῆς
3682 974 3787 1027 πό-

2136 1055 2276 1120 λεως
2322 1064 2419 1127 τῆς
2469 1057 2599 1117 ἄνω.
2634 1060 2875 1136 Εῦροσαν
2927 1062 3102 1116 τοίνον
3159 1082 3245 1135 με,
3278 1062 3433 1138 φησὶ,
3460 1062 3551 1116 τὸν
3608 1062 3786 1137 Λόγον

2135 1145 2497 1224 ψηλαφῶσαν,
2568 1149 2657 1203 καὶ
2744 1149 2933 1225 λόγοις
3016 1150 3405 1224 ἰτραυμάτισαν
3488 1151 3577 1205 καὶ
3663 1172 3791 1205 κατι

2136 1234 2461 1310 επληγωσάν
2514 1259 2599 1310 με.
2622 1243 2790 1293 Τοῦτο
2834 1239 2922 1293 καὶ
2967 1240 3067 1315 γὰρ
3112 1238 3318 1310 ἐξεῖπόν
3354 1261 3446 1313 μοι
3485 1244 3592 1295 τῶν
3654 1239 3786 1313 ἄγαν

2135 1322 2433 1397 ἀδυνάτων,
2460 1328 2521 1381 τὸ
2547 1329 2644 1396 τήν
2677 1326 2981 1400 κατάληψιν
3015 1334 3192 1398 ζητεῖν
3231 1336 3330 1398 τῆς
3378 1327 3787 1403 ἀκαταληψίας.

2135 1415 2305 1487 Ἥραν
2365 1416 2427 1469 τὸ
2486 1417 2763 1493 θὲριστρον
2819 1418 2907 1472 ἀπ’
2956 1417 3093 1491 ὶμοῦ
3150 1419 3201 1473 οἱ
3255 1418 3490 1495 φύλακες
3520 1423 3633 1472 τῶν
3682 1439 3792 1472 τει-

2136 1504 2302 1577 χέων.
2335 1508 2501 1579 Ἥραν
2546 1508 2609 1560 τὸ
2654 1506 3069 1581 περικάλυμμα,
3114 1508 3296 1585 φησὶν,
3331 1512 3434 1562 τῷν
3485 1506 3791 1585 ὀφθαλμῶν

2139 1613 2269 1663 μου,
2318 1592 2454 1648 ὥστε
2507 1617 2571 1666 με
2628 1598 3001 1671 καθαρώτερον
3068 1597 3325 1672 γνωρίσαι
3391 1597 3484 1651 τὸν
3550 1598 3792 1669 νυμφίον

2135 1688 2253 1745 τοῖς
2309 1690 2466 1737 πᾶσιν
2542 1685 2923 1755 ἀκατάληπτον
3002 1682 3129 1740 ὄντα
3206 1687 3293 1740 καὶ
3356 1692 3471 1748 τοῖς
3527 1684 3791 1759 ἀγγέλοις

372 1774 528 1829 Ὅθεν
566 1771 961 1847 ἐπαπορησασα
992 1774 1250 1827 πάντοθεν
1278 1775 1312 1841 ἡ
1343 1771 1606 1848 παρθένος
1633 1771 1759 1835 τοὺς
1806 1768 2050 1849 φύλακας
2094 1767 2417 1843 ἐκδυσωπεῖ,
2448 1775 2689 1829 τουτέστι
2736 1774 2863 1837 τοὺς
2911 1774 3189 1851 ἀγγέλους,
3220 1776 3310 1830 τὸν
3371 1776 3537 1839 πόθον
3583 1774 3788 1844 ταύτης

377 1862 472 1916 τὸν
504 1860 676 1917 πολὺν
714 1862 950 1935 μηνύσαι
974 1867 1054 1934 τῷ
1084 1884 1323 1941 νυμφιῳ.

965 1972 1154 2025 Trium
1184 1972 1431 2025 Patrum.

443 2078 746 2140 Quomodo
792 2083 1007 2145 autem,
1072 2079 1265 2149 inquit
1316 2095 1535 2151 sponsa
1592 2078 1661 2133 ad
1705 2074 2023 2149 discipulae

372 2183 511 2222 suae
544 2168 845 2222 sordidam
878 2168 1094 2237 peccati
1131 2167 1395 2223 tunicam
1428 2168 1825 2237 deposuerim,
1854 2170 2025 2233 atque

372 2256 693 2327 purissima
746 2258 1053 2322 evaserim,
1123 2257 1343 2313 audite.
1391 2257 1562 2325 Nepos
1609 2272 1763 2311 meus
1804 2256 2027 2310 demisit

370 2361 602 2400 manum
622 2362 777 2401 suam
804 2363 901 2417 per
928 2350 1197 2417 foramen,
1241 2349 1290 2401 et
1333 2354 1523 2401 venter
1548 2362 1699 2401 meus
1742 2346 2025 2399 intremuit

372 2432 441 2488 ad
470 2438 677 2488 tactum
708 2434 1109 2503 eiusDilectus
1145 2452 1309 2490 meus
1342 2435 1579 2490 demisit
1611 2452 1644 2489 a
1677 2435 1843 2489 Patre
1889 2450 2026 2503 pro-

375 2523 674 2576 cedentem
712 2524 781 2578 ab
823 2540 887 2579 eo
955 2525 1235 2594 Spiritum
1286 2525 1396 2594 ipsi
1447 2521 2026 2589 consubstantialem,

378 2613 550 2681 cujus
582 2617 861 2682 tanquam
890 2629 1062 2666 manu
1090 2613 1315 2683 peragit
1335 2613 1531 2667 divina
1552 2612 1873 2683 gratiarum
1897 2627 2027 2664 mu-

378 2716 517 2754 nera
535 2717 635 2770 per
661 2704 913 2754 mentem
941 2718 1132 2754 meam
1169 2700 1345 2755 veluti
1368 2702 1737 2771 perforamen
1766 2699 2023 2768 aliquod:

379 2794 436 2843 et
469 2790 725 2858 patiente
757 2805 850 2842 me
882 2788 1116 2843 initium
1152 2790 1477 2859 sapientiae,
1502 2790 1770 2843 timorem
1833 2788 2026 2842 dilecti

387 2876 500 2931 mei
535 2882 817 2947 tanquam
842 2878 1088 2948 judicis,
1137 2879 1285 2949 gulis
1323 2877 1658 2950 ventrisque
1716 2878 2030 2949 corripitur

379 2965 609 3029 vitium,
648 2967 801 3021 unde
834 2982 1022 3037 genus
1053 2984 1221 3023 omne
1254 2967 1515 3022 nascitur
1543 2966 2025 3039 intemperantiae.

378 3057 442 3111 Et
462 3055 649 3110 statim
674 3058 899 3111 surrexi
929 3072 1046 3125 ego,
1080 3063 1143 3111 ut
1200 3059 1474 3129 aperirem
1506 3059 1689 3129 nepoti
1736 3072 1891 3111 meo:
1929 3072 2032 3128 per

383 3144 679 3200 efﬁcacem
713 3146 1267 3217 contemplationem
1293 3148 1364 3202 ab
1387 3147 1625 3202 habitus
1644 3146 2028 3218 dispositione

381 3250 513 3289 sum
547 3233 797 3288 excitata
816 3239 879 3288 ut
912 3235 1383 3307 mentisjanuam
1409 3236 1789 3307 patefacerem
1818 3233 2027 3289 dilecto

2049 1970 2097 2034 Β

2693 1972 2816 2026 Τῶν
2842 1971 2886 2045 γ’
2921 1969 3193 2042 Ιῐατὲρων.

2204 2065 2347 2132 Φησὶ
2385 2070 2512 2141 γοῦν
2548 2064 2623 2121 ἔτι
2672 2069 2706 2135 ἡ
2739 2066 2921 2145 νύμφη
2964 2068 3099 2141 πρὸς
3145 2067 3239 2129 τὰς
3289 2065 3736 2140 μαθητευομινας
3764 2085 3777 2098 ·

2132 2155 2319 2214 ’Όπως
2371 2152 2427 2207 δὲ
2477 2156 2567 2208 τὸν
2631 2155 2865 2231 ῥυπαρὸν
2926 2164 3025 2225 τῆς
3101 2155 3366 2231 ἁμαρτίας
3444 2152 3781 2225 ἐξεδυσάμην

2134 2246 2364 2316 χιτῶνα,
2396 2244 2484 2297 καὶ
2543 2242 2720 2320 ἄκρως
2777 2245 3100 2320 ἐκαθάρθην,
3157 2246 3421 2299 ἀκούσατε
3454 2265 3467 2278 ·
3525 2241 3785 2319 Ἀδελᾳι-

2136 2328 2227 2390 δός
2291 2352 2395 2404 μου
2451 2332 2737 2389 ἀπέστειλε
2794 2341 2956 2409 χεῖρα
3036 2334 3200 2389 αὐτοῦ
3279 2334 3382 2388 ἀπὸ
3445 2342 3543 2401 τῆς
3625 2334 3791 2401 ὀπῆς.

2134 2419 2222 2473 καὶ
2275 2423 2308 2489 ὴ
2369 2419 2555 2476 κοιλία
2621 2444 2726 2495 μου
2790 2421 3024 2494 ἐθροήθη
3108 2424 3189 2477 ἐπ’
3250 2422 3428 2476 αὐτόν.
3490 2424 3674 2490 ’¹Ητοι,
3728 2421 3791 2477 Ὁ

2134 2508 2413 2582 ἀγαπητός
2463 2532 2567 2584 μου
2612 2507 2821 2585 ἔπεμψε
2863 2514 3007 2586 παρᾶ
3043 2517 3140 2566 τοῦ
3198 2511 3409 2585 Πατρὸς
3463 2511 3525 2564 τὸ
3583 2509 3789 2573 ἐκεῖθεν

2135 2596 2565 2675 ἰκπορευόμενον
2599 2601 2893 2673 ὁμοούσιον
2922 2601 3070 2672 αὐτῷ
3118 2599 3357 2673 Πνεῦμα,
3392 2597 3444 2654 ἐν
3505 2600 3549 2671 ᾧ
3601 2598 3789 2672 ὥσπερ

2138 2683 2188 2741 ἕν
2221 2709 2325 2743 τινι
2358 2691 2505 2765 χειρὶ
2565 2690 2768 2766 ἐνεργεῖ
2821 2691 2888 2745 τὰ
2937 2693 3055 2745 θεῖα
3099 2690 3413 2767 χαρίσματα
3470 2686 3558 2743 διὰ
3619 2687 3791 2760 μέσου

2136 2782 2234 2831 τοῦ
2263 2779 2387 2839 νυός
2424 2799 2531 2851 μου
2563 2780 2638 2841 ὡς
2671 2777 2760 2834 διά
2787 2800 2935 2841 τινος
2966 2780 3124 2849 όπῆςο
3157 2780 3243 2833 καὶ
3280 2776 3626 2847 ὠδινησᾶσης
3681 2798 3788 2844 μου

2137 2868 2236 2936 τὴν
2269 2868 2448 2942 ἀρχὴν
2486 2876 2585 2938 τῆς
2615 2870 2809 2946 σοφίας
2836 2871 2926 2924 τὸν
2961 2864 3134 2943 φόϐον
3180 2872 3276 2922 τοῦ
3318 2867 3602 2942 ἀγαπητοῦ
3656 2886 3786 2938 μου,

2138 2956 2212 3019 ὡς
2267 2962 2476 3032 κριτοῦ,
2521 2959 2583 3012 τὸ
2632 2961 2729 3026 τῆς
2781 2980 2873 3031 μοι
2940 2955 3368 3033 γαστριμαργίας
3434 2954 3787 3010 συνισταλται

2137 3045 2305 3109 πόθος
2369 3067 2495 3118 μου,
2549 3047 2599 3118 ἐξ
2659 3049 2719 3103 οῦ
2772 3054 2876 3102 πᾶν
2927 3045 3066 3109 εἶδος
3119 3044 3413 3108 ἀκολασίας
3476 3044 3787 3123 ὑφίσταται.

2139 3135 2236 3189 Καὶ
2320 3136 2473 3200 εὐθὺς
2566 3137 2790 3200 ἀνὲστην
2874 3135 2978 3213 ἐγὼ
3064 3136 3266 3205 ἀνοῖξαι
3345 3139 3424 3206 τῷ
3506 3131 3791 3212 ἀδελφιδῷ

2143 3244 2268 3297 μου·
2303 3223 2497 3299 ἤγουν,
2553 3227 2814 3300 Ἠγέρθην
2869 3227 2985 3281 κατ⁹
3027 3224 3337 3300 ἔμπρακτον
3395 3223 3621 3299 θεωρίαν
3684 3223 3793 3278 ἀπὸ

378 3338 526 3377 meo.
566 3328 764 3378 Manus
788 3338 927 3379 mea?
956 3326 1310 3379 stillaverunt
1339 3325 1647 3396 myrrham,
1687 3324 1895 3378 Activae
1947 3323 2026 3377 ni-

2139 3320 2239 3382 τῆς
2273 3314 2548 3386 ἐμπαθοῦς
2602 3317 2841 3391 σχίσεως
2890 3314 3213 3370 ἀναπετάσαι
3270 3316 3369 3381 τὴν
3424 3316 3625 3382 νοητήν
3686 3334 3793 3385 μου

380 3414 594 3467 mirum
630 3414 900 3484 potentiae
936 3430 1073 3468 mea:
1104 3431 1267 3469 mens
1290 3419 1346 3468 et
1377 3414 1523 3469 ratio
1556 3430 1656 3484 per
1686 3412 2030 3468 electionem

377 3501 655 3556 fuderunt
682 3518 1014 3567 sermones,
1075 3508 1131 3556 et
1194 3520 1384 3558 mores
1443 3503 1736 3557 carnalem
1789 3519 2030 3557 sensum

378 3592 998 3661 mortificantesﬂigiti
1027 3593 1135 3645 mei
1165 3594 1450 3662 myrrham
1480 3594 1702 3663 plenam
1734 3596 1789 3647 in
1835 3609 2033 3647 manus

376 3681 601 3751 pessuli.
640 3680 883 3735 Passivae
940 3680 1166 3734 scilicet
1225 3682 1493 3751 potentiae
1554 3698 1714 3743 mete,
1775 3684 2030 3752 (sensus,

380 3768 861 3838 concupiscentia
892 3774 947 3821 et
989 3768 1311 3839 iracundia)
1340 3786 1465 3839 quae
1499 3769 1676 3822 menti
1710 3774 1766 3823 et
1800 3770 2032 3837 rationi,

384 3861 447 3909 ut
480 3854 753 3911 manibus
785 3856 951 3927 digiti
985 3862 1369 3928 cooperantur
1394 3858 1686 3929 propriam
1712 3875 1813 3929 per
1835 3858 2033 3931 cogni-

382 3945 595 3999 tionem
630 3949 685 3997 et
706 3943 1521 4007 virtutem,mortiticationem
1552 3948 2030 4017 probatissimam

384 4033 819 4089 distillaverunt
842 4034 897 4087 in
932 4035 1303 4089 affectionum
1333 4051 1664 4106 opera,quaa
1694 4037 1879 4091 instar
1910 4055 2034 4108 pes-

383 4123 496 4179 suli
531 4123 849 4179 excludunt
886 4124 1108 4177 aditum
1158 4124 1607 4185 incredulitatis.
1661 4131 1941 4197 tanquam
1976 4132 2035 4182 et

384 4212 565 4281 hujus
591 4213 866 4283 operibus
896 4229 1025 4283 qum
1060 4230 1159 4284 per
1190 4214 1630 4268 translationem
1662 4231 1868 4269 manus
1901 4232 2030 4286 pes-

384 4299 728 4354 sulivocata
774 4305 934 4367 sunt,
996 4302 1364 4357 mortiﬁcatis
1426 4319 1541 4355 una
1599 4319 1730 4357 cum
1787 4303 2032 4373 passivis

379 4390 656 4460 potentiis
680 4406 824 4460 quas
860 4392 1337 4445 memoravimus.
1363 4392 1647 4454 Quoniam
1681 4397 1875 4446 autem
1901 4410 2032 4462 ope-

381 4494 509 4532 rum
544 4478 973 4533 incredulitatis
1011 4479 1382 4534 mortiﬁcatio
1414 4484 1503 4533 est
1534 4480 1807 4550 perfectio
1854 4481 1984 4535 fidei
2013 4498 2026 4536 :

381 4566 523 4620 fides
557 4572 752 4619 autem
787 4569 1083 4638 corruptio
1130 4568 1529 4633 inﬁdelitatis;
1562 4568 1682 4623 haec
1717 4586 1749 4623 a
1780 4586 1892 4639 me,
1944 4571 2027 4624 uti

380 4655 931 4725 pessulus,quemad
946 4657 1183 4710 modum
1202 4656 2028 4729 diximus,corruptaest.Ape-

378 4744 472 4795 rui
513 4744 701 4812 nepoti
758 4760 873 4797 meo
905 4760 1000 4813 ego
1036 4761 1047 4797 :
1088 4745 1298 4799 mentis
1350 4762 1488 4800 meae
1534 4748 1781 4815 januam
1816 4746 2027 4802 dilecto

380 4845 508 4884 meo
543 4846 642 4899 per
668 4831 798 4885 tidei
832 4832 1198 4887 affectionem
1234 4834 1495 4904 patefeci.
1552 4836 1723 4906 Nepos
1752 4852 1904 4891 meus
1928 4837 2028 4891 de-

375 4918 683 4974 clinaverat
715 4924 876 4991 atque
904 4923 1233 4977 transierat.
1295 4923 1519 4994 Quippe
1560 4925 1659 4994 qui
1695 4925 1872 4979 menti
1926 4942 2027 4996 per

377 5008 692 5064 essentiam
718 5026 831 5064 non
858 5011 1142 5080 subjacet,
1177 5027 1311 5066 cum
1349 5029 1449 5083 per
1480 5012 1640 5067 illam
1676 5014 1753 5068 sit
1801 5015 2025 5070 incom-

378 5097 811 5168 prehensibilis.
848 5100 1049 5153 Anima
1092 5116 1222 5154 mea
1271 5117 1481 5169 egressa
1530 5107 1610 5155 est
1668 5104 1721 5156 in
1778 5119 2029 5159 sermone

378 5187 511 5250 eius.
548 5186 733 5240 Exivit
763 5187 833 5240 ali
867 5188 1123 5242 interiori
1160 5189 1512 5257 cogitatione
1535 5190 1604 5243 ad
1639 5208 1877 5245 sensum
1926 5208 2029 5262 per

379 5275 700 5329 naturalem
732 5276 1383 5345 contemplationem,ut
1414 5276 1697 5332 inveniret
1738 5296 2025 5348 sponsum

378 5382 575 5427 suum,
614 5369 677 5419 In
702 5380 954 5418 sermone
982 5365 1137 5431 eius:
1172 5381 1239 5418 eo
1262 5365 1565 5429 nimirum,
1602 5383 1714 5437 quo
1748 5368 1909 5423 illam
1935 5376 2027 5425 est

378 5452 691 5514 allocutus.
725 5469 857 5506 cum
890 5454 1143 5506 diceret:
1197 5454 1466 5522 Egredere
1497 5456 1556 5507 in
1612 5458 1853 5527 vestigiis
1898 5476 2017 5527 gre-

372 5558 526 5613 gum;
562 5545 627 5596 ut
658 5541 941 5596 indicaret
971 5540 1044 5608 ei,
1080 5541 1179 5595 ubi
1212 5543 1335 5613 ipse
1365 5549 1648 5614 pasceret.
1700 5548 1888 5618 Atque
1947 5549 2027 5605 ita

375 5631 605 5703 quaesivi
633 5646 779 5697 eum,
803 5637 853 5685 et
884 5645 988 5685 non
1022 5631 1232 5687 inveni.
1269 5631 1332 5685 In
1376 5632 1550 5689 rebus
1587 5634 1742 5692 enim
1794 5640 2022 5713 creatis,

2057 4700 2105 4765 D

2140 3401 2323 3473 πύλην
2400 3409 2478 3475 τῷ
2564 3405 2830 3479 ἀγαπητῷ
2911 3426 3053 3477 μου.
3106 3404 3297 3478 Χεῖρὲς
3384 3425 3492 3475 μου
3573 3399 3795 3474 ἔπταξαν

2142 3492 2406 3567 σμύρναν.
2470 3494 2689 3555 Πάντως
2749 3496 2803 3548 αἱ
2862 3494 3196 3570 ἐνεργητικαί
3260 3514 3365 3564 μου
3422 3489 3701 3563 δυνάμεις,
3765 3493 3795 3545 ὁ

2140 3588 2265 3644 νοῦς
2340 3584 2423 3637 καῖ
2509 3585 2535 3637 ὁ
2598 3583 2783 3658 λόγος,
2851 3583 2910 3637 ἐκ
2997 3584 3363 3657 προαιρέσεως
3442 3578 3597 3656 ἔχεαν
3665 3581 3797 3643 τοὺς

2140 3672 2499 3744 νεκρωτικοὺς
2567 3677 2663 3726 τοῦ
2723 3677 2980 3748 σαρκικοῦ
3038 3674 3390 3749 φρονήματος
3445 3668 3643 3743 λόγους
3700 3670 3791 3723 καὶ

2140 3763 2397 3837 τρόπους·
2430 3761 2694 3817 Δάκτυλοι
2760 3784 2863 3835 μου
2920 3762 3158 3837 σμύρναν
3209 3761 3398 3836 πλήρη
3454 3760 3538 3814 ἐπὶ
3595 3766 3789 3835 χεῖρας

2140 3857 2237 3907 τοῦ
2290 3852 2563 3927 κλείθρου.
2627 3851 2915 3923 Δηλονότι,
2967 3853 3034 3908 Αἱ
3091 3857 3170 3923 τῷ
3225 3856 3304 3922 νῷ
3351 3850 3441 3905 καὶ
3496 3853 3576 3920 τῷ
3636 3849 3789 3923 λόγῳ

2143 3942 2707 4017 συμπεριφερόμεναι,
2761 3944 2848 3995 οἷα
2916 3943 3071 4017 χερσὶ
3151 3938 3451 4011 δάκτυλοε,
3496 3940 3790 4009 ποθητικαί

2146 4054 2249 4104 μου
2301 4030 2577 4103 δυνάμεις,
2632 4032 2769 4085 ὥστε
2818 4031 3095 4102 αἰσθήσεις
3139 4031 3224 4101 καὶ
3286 4032 3320 4099 ἡ
3382 4027 3643 4101 ἐπιθυμία
3699 4027 3790 4081 καὶ

2143 4122 2170 4175 ὁ
2195 4122 2365 4193 θυμὸς
2396 4122 2492 4188 τὴν
2529 4118 2617 4174 διὰ
2643 4120 2894 4194 γνώσεως
2944 4121 3034 4174 καὶ
3076 4118 3270 4194 ἀρετῆς
3327 4118 3529 4173 οἲκείαν
3587 4117 3791 4191 νέκρωυ

2142 4231 2221 4263 σιν
2271 4208 2482 4264 τελείαν
2530 4204 2743 4281 ἕσταξαν
2779 4208 2865 4263 ἐπὶ
2921 4209 2989 4262 τὰ
3039 4207 3253 4281 ἐμπαθῆ
3309 4205 3458 4282 ἔργα,
3488 4213 3589 4274 τῆς
3632 4203 3790 4275 δίκην

2139 4298 2393 4372 κλείθρου
2452 4295 2854 4368 ἀποκλειούσης
2911 4302 2989 4368 τῷ
3032 4297 3159 4369 θείῳ
3219 4297 3372 4371 Λόγῳ
3426 4297 3522 4364 τὴν
3583 4292 3796 4349 εἴσοδον

2138 4386 2405 4450 ἀπιστίας·
2468 4388 2541 4448 ὡς
2582 4388 2668 4441 καὶ
2728 4392 2835 4441 τῶν
2910 4386 3109 4456 ταύτης
3171 4382 3372 4460 ἔργων,
3429 4385 3461 4438 ἃ
3513 4389 3794 4458 τροπικῶς

2139 4481 2323 4553 χεῖρες
2396 4475 2648 4551 κλείθρου
2715 4476 3047 4547 ἐκλήθησαν,
3124 4474 3591 4550 συννεκρωθέντων
3674 4480 3795 4535 ταῖς

2138 4567 2453 4641 είρημέναις
2539 4569 2865 4637 παθητικαῖς
2954 4564 3261 4638 δυνάμεσιν.
3347 4567 3465 4621 Ὀτι
3543 4562 3600 4619 δὲ
3687 4569 3793 4618 τῶν

2136 4654 2312 4733 ἔργων
2358 4664 2460 4725 τῆς
2516 4656 2765 4717 ἀπιστίας
2823 4659 2857 4725 ἡ
2927 4656 3186 4731 νὲκρωσις
3261 4652 3609 4726 ἀποτέλεσμά
3685 4653 3795 4709 ἐστι

2138 4744 2393 4807 πίστεως,
2431 4743 2560 4814 αὕτη
2624 4741 2681 4798 δὲ
2730 4744 2902 4821 φθορά
2947 4749 3048 4811 τῆς
3095 4742 3343 4803 ἀπιστίας
3392 4740 3541 4795 ἐστί⁶
3591 4740 3797 4810 ταύτης

2140 4837 2268 4911 παρ’
2315 4834 2451 4904 ἐμοῦ
2526 4838 2616 4889 οἷα
2687 4833 2943 4909 κλείθρου
3022 4835 3336 4911 φθαρείσης,
3391 4832 3467 4893 ὡς
3537 4830 3793 4906 εἴρηται*

2142 4926 2366 4997 Ἦνοιξα
2418 4927 2499 4996 τῷ
2558 4920 2838 5001 ἀδελφιδῷ
2900 4945 3005 4996 μου
3065 4922 3195 4997 ἐγὼ,
3236 4923 3335 4990 τῆν
3369 4922 3566 4989 ἑαυτῆς
3593 4920 3799 4988 νοητήν

2141 5012 2321 5083 πύλην
2351 5017 2431 5084 τῷ
2480 5012 2749 5087 ἀγαπητῷ
2798 5033 2900 5085 μου
2950 5010 3326 5067 ἀναπετάσασα
3362 5010 3498 5065 κατά
3558 5006 3795 5071 διάθεσιν

2142 5100 2228 5157 διὰ
2288 5100 2540 5162 πίστεως.
2603 5099 2926 5175 ’Λδελφιδός
2995 5118 3103 5171 μου
3170 5101 3475 5176 παρῆλθεν.
3542 5095 3799 5165 Ἐπειδτξο

2141 5211 2239 5264 περ
2293 5194 2370 5261 νῷ
2416 5191 2533 5245 κατ’
2581 5190 2763 5245 οὐσίαν
2817 5187 2923 5263 οὐχ
2977 5187 3269 5243 ὑποπίπτει
3328 5190 3403 5249 ὡς
3452 5189 3572 5242 κατ’
3634 5186 3801 5252 αὐτὴν

2142 5278 2547 5348 ἀκατάληπτος.
2606 5280 2773 5353 Ψυχή
2842 5299 2946 5350 μου
3004 5277 3225 5347 ἐξῆλθεν
3272 5276 3322 5331 ἐν
3391 5276 3545 5351 λόγῳ
3608 5276 3797 5329 αὐτοῦ.

2143 5367 2370 5437 Ἐξῆλθε
2404 5366 2460 5423 δὲ
2490 5376 2587 5437 τῆς
2633 5372 2819 5441 νοερᾶς
2867 5364 3154 5437 ἐνδότητος
3204 5367 3339 5441 πρὸς
3400 5363 3655 5435 αἶ’σθησιν
3715 5362 3797 5417 διὰ

2138 5462 2233 5528 τῆς
2284 5466 2515 5536 φυσικῆς
2574 5460 2804 5533 θεωρίας
2875 5460 3047 5533 εὑρεῖν
3111 5460 3353 5512 ποθοῦσα
3408 5457 3502 5512 τὸν
3555 5455 3794 5532 νομαίον

2140 5548 2328 5617 αὐτῆς.
2378 5550 2461 5603 Ἐν
2518 5549 2665 5624 Λόγῳ
2725 5550 2925 5605 αὐτοῦ·
2959 5552 3061 5620 τῷ,
3109 5546 3191 5602 ὅτι
3241 5546 3465 5618 Ἔξελθε
3524 5546 3579 5601 ἐν
3638 5546 3796 5618 πτέρ’

3762 5632 3789 5651 γ

2138 5659 2252 5701 ναις
2317 5642 2424 5693 τῶν
2485 5637 2760 5713 ποιμνίων
2820 5638 2959 5714 πρὸς
3016 5636 3181 5706 αὐτὴν
3243 5636 3542 5711 εἷρημίνῳ.
3599 5636 3691 5692 Ἐν
3752 5636 3795 5702 ᾧ
