3944 6210
226 387 309 448 6H

1218 383 1627 446 COMMENT.
1672 382 1749 444 ΙΝ
1797 383 2196 447 CANTICUM
2242 386 2548 448 CANTIC.

3470 390 3591 451 642

228 514 440 595 βοῦλιται
502 512 706 583 ταύτην
766 514 956 587 μαθεῖν
1014 512 1152 570 ὅπου
1209 515 1365 577 οὗτος
1392 513 1693 587 ποιμαίνει,
1724 512 1831 570 Καὶ

2032 516 2169 574 iest
2199 512 2497 575 increatus
2527 535 2643 575 non
2693 518 3011 576 invenitur.
3074 521 3266 577 νοιδαυὶ
3309 521 3491 591 illum,
3539 526 3597 578 et

227 609 382 675 οὕτως,
440 603 712 673 Ἐζήτησα
759 604 946 672 αὐτὸν,
996 603 1086 658 καὶ
1146 604 1256 680 οὐχ
1306 605 1460 679 εὗρον
1505 603 1668 658 αὐτόν
1744 604 1831 658 Ἐν

225 698 301 772 γὰρ
323 700 430 756 τοῖς
476 697 716 756 κτιστοῖς
767 694 795 748 ὁ
847 693 1098 758 ἅκτιστος
1142 693 1251 769 οὐχ
1293 694 1616 767 εὑρίσκεται.
1678 694 1837 748 Ἐκά-

224 785 325 841 λισα
367 783 552 851 αὐτὸν,
610 782 701 837 καὶ
750 781 859 856 οὐχ
924 783 1199 853 ὑπήκουσὲ
1251 803 1375 856 μου.
1427 788 1593 840 Ὄντα
1644 779 1838 857 λεγού-

226 896 300 945 σης
337 872 421 928 τὸν
470 872 604 947 ὗπὶρ
648 867 795 943 ὅντα,
834 866 925 927 καὶ
971 872 1156 927 οὐσίαν
1212 872 1302 926 τὸν
1357 871 1696 947 ὑπεροῦσιον,
1745 872 1836 925 καὶ

228 963 337 1033 ζωὴν
408 961 501 1016 τὸν
583 960 881 1033 ὁπέρζωον,
956 960 1045 1015 καὶ
1124 961 1338 1016 πάντων
1407 961 1668 1031 ποιητὴν,
1732 959 1838 1035 οὐχ

225 1053 444 1107 ὑπακούει
512 1048 856 1122 καλούμενος
910 1048 943 1104 ἆ
1002 1050 1080 1122 μὴ
1142 1050 1261 1105 κατ’
1317 1049 1497 1105 οὐσίαν
1549 1048 1680 1104 ἐστι.
1734 1046 1837 1105 Καὶ

224 1140 327 1209 αὐτὴ
355 1141 451 1213 μὶν
477 1138 572 1193 τὸν
600 1137 885 1212 ἀγαπητόν
936 1159 1065 1211 μου,
1115 1138 1189 1201 ὡς
1229 1135 1385 1216 ἔφην,
1418 1138 1519 1194 οὐκ
1559 1135 1836 1208 ἠδυνήθην

223 1231 377 1305 εὑρεῖν
441 1228 493 1283 οἱ
544 1225 603 1282 δὲ
656 1228 806 1301 ἅγιοι
837 1224 1058 1303 ἄγγελοι
1111 1225 1332 1303 εὕροσάν
1387 1250 1474 1302 με,
1521 1227 1573 1282 οἱ
1604 1226 1837 1306 φύλακες

223 1320 262 1373 οἱ
317 1316 637 1379 κυκλοῦντες
690 1318 788 1386 τήν
849 1315 1051 1372 πόλιν⁶
1120 1315 1342 1390 εὕροσάν
1406 1336 1473 1389 με
1516 1313 1573 1371 δὲ
1615 1316 1714 1385 τὴν
1770 1311 1842 1369 δι’

222 1406 401 1483 ἄγνοιαν
465 1404 824 1462 ἆπολωλυῖάν
889 1427 1023 1461 ποτε
1091 1407 1390 1481 μαθήτριαν
1430 1404 1629 1478 αὐτῶν⁹
1668 1403 1843 1483 φωτί-

224 1502 368 1565 ζον-τες
410 1495 536 1571 περὶ
586 1496 685 1564 τήν
737 1494 972 1570 θεωρίαν
1018 1499 1126 1550 τῶν
1172 1490 1344 1550 ὄντων
1394 1492 1840 1570 ἀσχολουμένην,

222 1587 440 1641 οίπᾶσκν
472 1586 571 1654 τὴν
616 1584 791 1639 κτίσιν
842 1583 932 1639 οἷά
960 1606 1081 1639 τινα
1110 1584 1271 1641 πόλιν
1317 1583 1452 1639 κατὰ
1498 1585 1597 1653 τὴν
1645 1587 1839 1656 γνῶσιν

220 1679 303 1730 τῶν
351 1673 554 1744 ταύτην
610 1673 792 1748 λόγων
842 1672 1314 1748 περικυκλοῦντες.
1374 1675 1529 1747 Ὅροι
1585 1672 1687 1747 γάρ
1739 1670 1840 1726 εἶσι

221 1769 303 1819 τῶν
337 1759 501 1818 ὄντων
536 1762 588 1818 οὶ
615 1763 824 1818 τούτων
874 1761 1053 1840 λόγοι,
1101 1763 1221 1818 καθ’
1278 1761 1370 1824 οὕς
1416 1761 1506 1816 καὶ
1558 1760 1840 1837 γεγόνασιν

224 1853 280 1914 ὡς
313 1855 394 1915 τὶς
456 1852 643 1930 φόσεις
690 1851 865 1907 αὐτῶν
917 1853 1360 1931 περιγράφοντες.
1412 1853 1575 1915 ’Ὀθεν
1617 1850 1667 1904 οἱ
1714 1847 1841 1903 τού-

223 1962 322 2006 τους
364 1943 723 2018 γινώσκοντες
779 1939 1028 2016 ἄγγελοι,
1087 1942 1163 2004 ὡς
1222 1939 1272 1995 ἐν
1326 1940 1473 2016 ὅροις
1525 1940 1625 2008 τήν
1665 1937 1838 1993 κτίσιν

223 2029 603 2107 περιπολοῦσιν.
643 2030 801 2089 Οὕτω
851 2028 909 2085 δὲ
952 2028 1102 2086 οὗτοι
1152 2028 1468 2105 ἐντυχόντες
1516 2049 1633 2102 μοι,
1676 2028 1838 2085 Ἐπά-

222 2120 348 2194 ταξάν
422 2141 512 2194 με,
593 2118 988 2194 ἐτραυμάτισαν
1062 2139 1149 2191 με,
1232 2118 1368 2194 ἦραν
1446 2117 1509 2172 τὸ
1563 2115 1839 2192 οὲριστρόν

224 2231 308 2282 μου
366 2208 461 2266 ἀπ’
530 2208 688 2282 ἐμοῦ·
742 2208 917 2283 ἤγουν
968 2207 1368 2265 Ἐταπείνωσαν
1419 2202 1723 2277 διδάξαντες
1776 2225 1843 2278 με

220 2299 287 2365 τὸ,
337 2301 504 2372 μήπω
552 2298 629 2362 ὡς
676 2294 760 2353 δεῖ
795 2295 1179 2371 κατειληφέναι
1211 2294 1365 2354 Θεόν.
1407 2293 1753 2371 Ἐλέγξαντες
1787 2292 1844 2350 δὲ

219 2386 423 2460 ἔπληξαν
461 2408 566 2461 μου
594 2388 659 2443 τὸ
707 2384 971 2457 συνειδὸς,
1022 2386 1097 2448 ὡς
1150 2384 1407 2458 οἰομένης
1456 2383 1842 2462 κατειληφέναι

218 2478 267 2532 τὸ
307 2480 567 2548 ἂκτιστον,
629 2478 682 2532 ὲν
734 2481 816 2550 τῷ
853 2481 968 2538 τοῖς
1013 2476 1243 2549 ὀνόμασι
1272 2479 1380 2531 τῶν
1407 2479 1638 2531 κτιστῶν
1687 2495 1845 2529 κατα-

219 2568 402 2639 φάπκειν
470 2566 654 2623 αὐτόν.
715 2567 804 2622 Ἐν
861 2564 919 2621 δε
969 2570 1048 2638 τῷ
1113 2562 1319 2636 διδάξαι
1372 2586 1440 2639 με
1482 2565 1615 2641 ὑπὲρ
1659 2569 1844 2619 πασῶν

218 2661 379 2731 γνῶσιν
421 2658 565 2713 εἶναι
604 2656 668 2712 τὸ
710 2660 889 2725 Θεῖον,
938 2654 1233 2734 ἀφείλοντο
1289 2653 1379 2709 ἀπ’
1432 2654 1568 2727 ἐμοῦ
1596 2655 1659 2709 τὸ
1688 2650 1845 2724 δίκην

219 2746 472 2821 θερίστρου
520 2745 944 2821 συγκομίζοντος
992 2745 1271 2821 στάχυας,
1316 2745 1415 2814 τὴν
1478 2748 1677 2820 γνῶσιν
1734 2747 1839 2798 τῶν

220 2835 362 2891 ὄντων
434 2834 714 2911 συλλέγειν
776 2833 1088 2909 λογιστικόν
1156 2854 1284 2907 μου,
1340 2832 1637 2896 παύσαντες
1680 2836 1842 2887 τοῦτο

217 2928 297 2979 τοῦ
340 2928 411 2998 μή
465 2923 850 2995 ἀκατάληπτον
892 2923 1033 2989 θείαν
1079 2921 1233 3000 φύσιν
1280 2919 1424 2998 ἔίγειν
1472 2921 1575 2977 ὑπὸ
1602 2919 1842 2993 κατάλη-

218 3017 310 3087 ψιν.
350 3017 528 3071 Ταῦτα
580 3011 639 3069 δὲ
687 3014 1000 3089 εἰργάσαντο
1044 3011 1097 3067 ἒν
1148 3010 1273 3085 ἐμοὶ
1315 3010 1551 3090 φύλακες
1580 3015 1686 3065 τῶν
1734 3031 1845 3066 τει-

219 3102 361 3178 χέων,
406 3105 534 3175 ἦτοι
579 3102 816 3176 τηρηταί
861 3096 1198 3178 ἀπαράϐατοι
1244 3104 1352 3156 τῶν
1399 3100 1558 3156 θείων
1596 3098 1844 3172 θελημά-

215 3212 327 3263 των,
357 3192 389 3247 ἃ
437 3191 600 3263 δίκην
655 3196 861 3268 τειχῶν
911 3192 1007 3254 τας
1054 3194 1163 3245 τῶν
1204 3185 1374 3245 ὄντων
1427 3188 1611 3267 φύσεις
1642 3187 1844 3266 φυλάτ-

1942 621 2051 661 non
2082 606 2374 678 respondit
2404 607 2719 663 mihi.Eum
2753 607 2855 678 qui
2886 613 2978 664 est
3006 608 3367 680 ",appellavi
3400 608 3593 677 illum,

1946 710 2081 750 cum
2111 712 2180 752 ea
2208 712 2336 767 quae
2363 696 2797 766 sunt,numeris
2828 697 3107 752 omnibus
3142 697 3597 771 antecellat.Ap-

1946 784 2154 855 pellavi
2177 786 2734 851 substantiam,eum
2758 787 2857 856 qui
2883 786 3596 858 estsupersubstantialis.

1946 872 2249 945 Appellavi
2280 873 2448 930 illum
2483 874 2689 945 vitam,
2719 874 2821 945 qui
2853 879 3057 930 auctor
3088 879 3178 931 est
3223 874 3351 931 vitae
3400 882 3458 932 et
3508 894 3599 933 re-

1946 978 2079 1018 rum
2131 963 2370 1019 effector
2417 963 2849 1019 universarum.
2904 964 3028 1022 Non
3079 965 3385 1036 respondit
3430 966 3600 1034 mibi,

1947 1068 2080 1108 eum
2113 1068 2182 1108 ea
2209 1056 2513 1109 vocaretur
2544 1070 2674 1124 quae
2703 1053 2827 1125 ipse
2860 1068 2963 1125 per
2992 1054 3310 1110 essentiam
3342 1058 3399 1110 et
3429 1060 3601 1112 natu-

1948 1156 2075 1195 ram
2106 1158 2276 1197 suam
2312 1158 2428 1196 non
2459 1145 2570 1198 est.
2591 1140 2875 1197 Dilectum
2909 1141 3094 1213 igitur
3120 1159 3315 1198 meum
3350 1145 3602 1215 reperire

1949 1229 2185 1301 quidem
2210 1229 2338 1301 ipsa
2358 1247 2472 1285 non
2502 1230 2765 1303 potui.At
2794 1230 2981 1286 sancti
3001 1230 3188 1302 angeli
3208 1232 3307 1304 qui
3328 1234 3602 1290 custodes

1950 1323 2091 1374 sunt
2119 1323 2177 1375 et
2204 1319 2498 1375 civitatem
2530 1319 3280 1386 circumeunt,invonerunt
3309 1336 3402 1377 me
3434 1321 3606 1378 disci-

1949 1406 2150 1479 pulam
2182 1408 2480 1479 quondam
2506 1408 2768 1480 ipsorum
2794 1425 2897 1481 per
2918 1407 3309 1479 ignorantiam
3333 1411 3606 1468 oberran-

1950 1502 2526 1569 tem,vacantemque
2556 1514 2753 1553 rerum
2804 1496 3165 1553 naturalium
3214 1499 3602 1570 speculationi

1951 1585 2463 1658 illustrarunt,qui
2495 1591 2771 1642 cunctam
2806 1592 3074 1642 naturam
3108 1585 3284 1643 veluti
3307 1589 3602 1647 civitatem

1951 1675 2271 1746 quamdam
2304 1692 2408 1747 per
2439 1674 2839 1747 cognitionem
2871 1675 3166 1730 rationum
3197 1676 3321 1746 ejus
3353 1678 3607 1735 circum-

1951 1767 2111 1819 eunt.
2145 1763 2407 1819 Termini
2456 1764 2613 1819 enim
2671 1780 2869 1819 rerum
2919 1772 3058 1820 sunt
3098 1780 3301 1821 earum
3348 1767 3605 1824 rationes

1874 1884 1919 1950 Β
1952 1852 2168 1925 quibus
2200 1853 2366 1910 factas
2396 1858 2557 1920 sunt,
2590 1869 2843 1950 quisque
2887 1857 3128 1950 naturas
3173 1853 3437 1950 ipsarum
3490 1856 3606 1912 cir-

1952 1942 2387 1998 cumscribunt.
2443 1942 2604 1998 Unde
2652 1942 2845 2014 angeli
2895 1942 2996 2013 qui
3046 1942 3177 1999 illas
3242 1943 3602 2018 intelligunt,

1948 2036 2235 2103 tanquam
2264 2031 2322 2085 in
2372 2030 2644 2087 terminis
2697 2034 3026 2086 creaturam
3072 2032 3462 2089 circumeunt.
3510 2034 3604 2090 Sic

1950 2119 2133 2191 igitur
2160 2118 2221 2175 hi
2255 2135 2346 2174 me
2378 2119 2704 2187 consecuti,
2751 2127 3140 2190 percusserunt
3187 2137 3294 2189 me,
3342 2124 3608 2181 vulnera-

1949 2212 2148 2266 verunt
2182 2224 2287 2276 me,
2317 2207 2673 2264 abstulerunt
2700 2208 2939 2279 pallium
2964 2225 3144 2265 meum
3166 2211 3325 2266 mihi.
3361 2217 3605 2283 Depres-

1952 2300 2158 2355 serunt
2188 2314 2281 2353 me
2314 2314 2327 2353 :
2363 2297 2692 2353 indicantes
2723 2296 2890 2362 mibi,
2924 2314 3017 2354 me
3048 2299 3408 2370 nondum,ut
3432 2317 3604 2373 opor-

1951 2386 2249 2456 tet,Deum
2282 2387 3349 2459 comprehendisse,Reprehendentes
3380 2396 3603 2456 autem,

1951 2476 2361 2549 perculserunt
2380 2475 2801 2532 conscientiam
2825 2492 3172 2548 meam,quzs
3193 2493 3255 2534 se
3277 2484 3602 2535 increatum

1951 2564 2472 2637 comprehendisse
2520 2565 2955 2633 arbitrabatur;
3006 2566 3149 2621 dum
3198 2582 3332 2622 eum
3404 2585 3601 2625 rerum

1952 2671 2083 2726 quas
2112 2660 2317 2710 creatas
2348 2659 2509 2722 sunt,
2532 2654 2874 2710 nominibus
2904 2659 3093 2710 vocat.
3124 2657 3200 2712 At
3229 2656 3370 2712 dum
3401 2662 3607 2713 osten-

1951 2745 2104 2799 dunt
2132 2743 2398 2799 divinum
2433 2759 2649 2799 numen
2697 2741 2858 2798 omni
2901 2760 3033 2799 esse
3081 2744 3409 2816 cognitione
3459 2763 3605 2820 pris-

1952 2830 2613 2898 stantius,abstulerunt
2639 2830 2783 2886 mihi
2815 2829 3154 2903 pallium,id
3188 2837 3296 2904 est,
3316 2834 3603 2890 rationem

1954 2937 2168 2988 meam,
2201 2926 2426 2992 quanta
2458 2936 2656 2976 rerum
2688 2920 2946 2992 cognitio
2978 2918 3298 2994 colligitur,
3332 2928 3395 2979 ut
3424 2924 3603 2995 pallio

1952 3010 2126 3082 spicea
2157 3012 2639 3080 comportantur:
2666 3010 3216 3081 deterrueruntque,
3237 3028 3310 3067 ne
3340 3012 3600 3069 divinam

1952 3103 2225 3154 naturam
2258 3096 2913 3169 incomprehensibilom
2948 3099 3212 3170 redigere
3231 3116 3475 3157 conarer
3493 3103 3604 3159 sub

1952 3185 2558 3259 comprehensionem.
2597 3187 2723 3242 llaec
2753 3190 2997 3257 egerunt
3044 3188 3103 3242 in
3151 3205 3244 3244 me
3297 3206 3603 3247 murorum

314 3249 327 3263 .
554 3249 566 3263 .
745 3249 784 3268 η,
993 3249 1003 3254 -
1440 3249 1450 3267 .
1599 3249 1607 3251 ν
1653 3249 1665 3266 .

216 3301 389 3338 τουσιν·
482 3284 576 3344 Ὡς
662 3281 915 3356 γεγόνασι
986 3284 1154 3335 ταῦτα
1233 3278 1369 3334 αὐτὰ
1459 3275 1840 3354 διηγησαμένη

2034 3249 2253 3342 stodes,
2277 3274 2385 3330 hoc
2417 3280 2507 3331 est
2536 3249 2945 3331 observatores
2977 3276 3241 3348 perpetui
3273 3278 3603 3335 divinarum

215 3370 245 3438 ἠ
295 3371 471 3450 νύμφη
543 3375 664 3432 ταῖς
739 3368 963 3441 νεάνισι,
1041 3366 1206 3424 πάλιν
1271 3368 1438 3431 αὐτὰς
1495 3368 1701 3442 ὁρκίζει
1752 3364 1843 3421 λέ-

214 3479 380 3534 γοοσα·

275 3729 496 3805 Ὧρκισα
525 3729 687 3802 ὑμᾶς,
716 3726 807 3782 καὶ
830 3725 899 3782 τὰ
920 3726 1064 3798 ἑξῆς.

765 4114 880 4169 Τῶν
921 4114 967 4191 γ’
1002 4112 1279 4193 Πατέρων.

274 4219 479 4285 Ταύτας
510 4226 643 4296 γοῦν
673 4221 770 4283 τὰς
810 4220 946 4294 πρὸς
996 4216 1381 4290 τελελειότητα
1417 4212 1701 4282 ἀναϐάσεις
1747 4241 1853 4293 μου

211 4304 626 4383 ἐξηγῆσαμένη,
695 4312 927 4384 ’Ὡρκισα
993 4308 1156 4381 ὑμᾶς,
1232 4307 1513 4384 θυγατέρες
1582 4309 1855 4384 Ἰερουσα-

212 4394 307 4466 λήν
375 4397 428 4452 ἐν
502 4404 623 4462 ταῖς
694 4396 978 4472 δυνάμεσι,
1034 4397 1124 4452 καὶ
1177 4394 1229 4451 ἐν
1284 4401 1402 4460 ταῖς
1457 4396 1705 4473 ίσχύσεσι
1759 4401 1856 4453 τοῦ

210 4483 362 4560 ἀγροῦ
451 4486 546 4542 ἐὰν
638 4487 830 4560 εὕρητε
919 4486 1013 4542 τὸν
1102 4483 1429 4547 ἀδελφιδοῦν
1543 4508 1647 4560 μου
1682 4530 1696 4556 ,
1803 4487 1857 4542 τί

209 4571 568 4652 ἀπαγγείλητε
618 4576 804 4649 αὖτῷς
880 4578 1006 4633 ’Ότι
1081 4575 1396 4651 τετρωμὲνη
1454 4576 1671 4650 ἀγάπης
1718 4576 1853 4651 εἰμί.

202 4662 437 4736 Ἠγουν,
520 4665 686 4736 Δίκην
761 4664 927 4739 ὅρκου
1002 4668 1083 4735 τῷ
1134 4664 1253 4717 κατ’
1306 4661 1403 4737 ἐμὲ
1460 4660 1859 4741 παραδείγματι

204 4745 501 4809 ἕϐεὸαίωσα
542 4755 633 4809 καὶ
696 4752 948 4829 ἐστήριξα
1006 4752 1164 4825 ὑμᾶς,
1225 4753 1522 4829 μαθήτριαί
1574 4774 1701 4826 μου,
1761 4755 1856 4816 τὰς

201 4838 249 4893 ἒν
299 4847 368 4917 τῇ
448 4844 684 4914 ἀπαθείᾳ
757 4844 857 4912 τὴν
925 4840 1149 4916 εἰρήνην
1196 4842 1428 4917 ὁρώσας,
1487 4841 1573 4897 ἰὰν
1628 4842 1680 4896 ὲν
1738 4848 1858 4907 ταῖς

202 4937 563 5003 θεωρητικαῖς
628 4928 887 5004 δυνάμεσι
961 4929 1053 4984 καὶ
1129 4934 1249 4991 ταῖς
1320 4934 1644 5001 πρακτικαῖς
1704 4929 1859 5005 ἰσχύο

200 5036 326 5085 σεσι,
376 5025 508 5082 ταῖς
564 5018 615 5074 ἐν
645 5024 726 5092 τῷ
757 5018 985 5089 παρόντι
1017 5016 1211 5091 κόσμῳ
1256 5018 1354 5087 τήν
1405 5022 1607 5093 γνῶσιν
1638 5018 1726 5072 καὶ
1755 5019 1854 5088 τὴν

198 5104 389 5178 ἀρετὴν
460 5108 697 5184 ἐνεργεῖν
777 5105 1122 5179 δυναμέναις·
1197 5102 1391 5182 εὕρητε
1461 5106 1535 5169 ὡς
1595 5105 1855 5177 ἀλήθειαν

194 5196 278 5250 καὶ
331 5198 542 5273 ἁγαθόν
603 5218 731 5271 μου,
786 5195 841 5252 τί
898 5196 1219 5271 ὑπόσχησθε
1284 5194 1469 5267 αὖτῷ;
1526 5196 1597 5250 Τὸ
1659 5196 1853 5268 μηκέτι

196 5284 406 5348 πάντως
478 5285 576 5341 τὸν
657 5282 1069 5358 μεμολυσμένον
1149 5287 1363 5359 χιτῶνα
1434 5290 1534 5354 τῆς
1588 5284 1858 5360 ἁμαρτίας

193 5370 545 5447 ὺδῦσασθαι,
614 5374 652 5444 ἢ
731 5372 882 5436 ὅλως
959 5371 1115 5449 ἴχνος
1197 5372 1488 5446 μολυσμοῦ
1582 5369 1852 5443 δέξασθαι.

192 5462 348 5520 Οὕτω
409 5462 465 5519 δ’
522 5462 663 5536 tua;
721 5463 949 5539 ὥρκισα,
1009 5460 1093 5517 ὅτι
1147 5461 1426 5538 τέτρωμαι
1467 5463 1536 5536 τῇ
1575 5460 1855 5536 ἆγάπῃτῇ

188 5553 323 5628 πρὸς
377 5552 558 5627 ὑμᾶς,
606 5551 695 5607 καὶ
747 5550 856 5628 ὶρῶ
898 5556 998 5623 τῆς
1036 5548 1313 5626 σωτηρίας
1358 5549 1533 5626 ὑμῶν.
1581 5550 1854 5609 Ἐντεῦθεν

255 5706 306 5746 ⁸⁸
330 5707 535 5768 Exod.
564 5722 652 5779 Ill,
684 5705 769 5765 14.

1950 3364 2344 3434 voluntatum,
2374 3363 2591 3436 quibus
2622 3369 2904 3435 tanquam
2939 3365 3125 3421 muris
3156 3381 3350 3421 rerum
3381 3372 3605 3424 natura

1954 3458 2399 3511 conservantur.
2431 3452 2554 3517 Quo
2604 3452 2777 3508 modo
2829 3451 2950 3508 haec
2991 3457 3191 3509 essent
3233 3459 3419 3526 gesta,
3470 3472 3605 3512 cum

1956 3543 2282 3615 discipulae
2314 3558 2455 3598 suas
2483 3557 2707 3614 sponsa
2733 3540 3051 3610 docuisset,
3084 3558 3291 3599 rursus
3321 3559 3421 3600 eas
3441 3544 3608 3616 jure-

1951 3632 2209 3705 jurando
2239 3631 2572 3688 obtestatur
2603 3646 2617 3686 :

2025 3721 2254 3792 Adiuro,
2284 3720 2584 3792 inquiens,
2639 3737 2754 3789 vos,
2807 3720 2941 3792 ﬁliae
2994 3721 3319 3793 Jerusalem,
3361 3739 3461 3795 per
3503 3739 3608 3795 po-

1959 3811 2161 3867 tentias
2221 3814 2275 3865 et
2330 3808 2692 3881 fortitudines
2747 3811 2891 3881 agri,
2942 3810 2990 3866 si
3044 3811 3373 3868 inveneritis
3444 3828 3610 3885 nepo-

1960 3904 2068 3957 tem
2094 3915 2298 3971 meum,
2330 3900 2586 3956 nuntiate
2618 3899 2707 3955 illi
2743 3916 2833 3955 me
2888 3898 3159 3957 eharitate
3202 3916 3315 3959 esse
3356 3902 3612 3959 vulnera-

1960 3994 2099 4044 tam.

2558 4113 2744 4167 Trium
2772 4114 3024 4169 Patrum.

2035 4218 2286 4275 Proinde
2316 4233 2449 4273 cum
2483 4217 2592 4275 hos
2623 4235 2780 4275 meos
2811 4221 2880 4275 ad
2933 4219 3349 4292 perfectionem
3396 4220 3614 4295 gradus

1965 4307 2372 4380 explicaverim
2409 4324 2423 4362 :
2454 4307 2662 4377 Adiuro
2691 4324 2805 4373 vos,
2836 4309 2969 4378 ﬁliae
3015 4310 3337 4380 Jerusalem,
3384 4326 3483 4383 per
3521 4326 3617 4384 po-

1965 4398 2165 4453 tentias
2207 4400 2262 4451 et
2304 4394 2656 4468 fortitudines
2698 4398 2850 4466 agri,
2898 4398 2949 4453 si
2996 4399 3323 4454 inveneritis
3368 4404 3618 4472 nepotem

1966 4501 2168 4541 meum.
2202 4484 2382 4554 Quid?
2408 4486 2665 4541 nuntiate
2693 4486 2804 4557 illi,
2832 4502 2919 4541 me
2946 4488 3219 4543 charilate
3264 4504 3376 4544 esse
3424 4489 3617 4545 vulne-

1968 4584 2170 4631 ratam.
2204 4574 2483 4646 Exemplo
2515 4589 2641 4630 meo
2672 4578 2960 4646 tanquam
2988 4576 3377 4647 jurejurando
3426 4594 3616 4634 corro-

1970 4664 2165 4721 boravi
2198 4662 2658 4734 conﬁrmavique
2688 4680 2815 4729 vos,
2848 4664 3151 4736 discipulae
3185 4682 3348 4737 meae,
3380 4682 3508 4739 quas
3554 4666 3615 4723 in

1968 4752 2182 4808 mentis
2214 4751 2643 4825 tranquillitate
2675 4769 2876 4825 pacem
2910 4752 3248 4821 cernitis,ut
3277 4756 3325 4811 si
3357 4773 3460 4828 per
3490 4772 3620 4829 spe-

1965 4842 2250 4898 culativas
2308 4846 2364 4897 et
2415 4842 2633 4896 activae
2693 4842 2986 4914 potentias
3040 4860 3168 4916 quas
3215 4844 3275 4900 in
3348 4844 3458 4901 hac
3503 4845 3623 4902 vita

1965 4930 2273 4987 scientiam
2308 4933 2483 5001 atque
2512 4930 2788 4985 virtutem
2822 4932 3056 4999 assequi
3089 4931 3304 5000 valent,
3336 4932 3618 4989 dilectum

1964 5035 2160 5076 meum
2192 5023 2258 5073 ut
2284 5017 2588 5074 veritatem
2621 5022 2678 5073 et
2700 5020 2922 5075 bonum
2944 5020 3615 5095 deprehenderitis,pro-

1970 5108 2219 5165 mittatis
2250 5108 2324 5171 ei,
2354 5122 2457 5162 vos
2487 5106 2648 5162 nullo
2680 5125 2921 5180 prorsus
2955 5110 3127 5165 modo
3161 5110 3462 5166 sordidam
3488 5126 3620 5184 peo-

1970 5198 2085 5253 cati
2112 5194 2372 5252 tunicam
2405 5196 2665 5269 amplius
2694 5197 3028 5266 induturas,
3062 5204 3165 5254 aut
3192 5199 3620 5270 inquinationis

1969 5285 2212 5354 vestigia
2268 5289 2595 5340 secuturas.
2644 5285 2737 5341 Sic
2810 5293 3005 5343 autem
3070 5287 3459 5359 jurejurando
3515 5304 3620 5345 vos

1966 5374 2291 5446 obstringo,
2337 5389 2455 5445 qua
2499 5373 2787 5431 charitate
2835 5392 2970 5447 erga
3016 5392 3119 5431 vos
3149 5393 3280 5432 sum
3313 5377 3534 5440 saucia.
3564 5380 3622 5434 et

1965 5462 2219 5521 salutem
2275 5467 2531 5519 vestram
2589 5467 2820 5535 exopto.
2877 5463 2979 5519 His
3030 5480 3262 5536 sponsas
3305 5465 3497 5522 verbis
3541 5465 3614 5521 ad

1963 5550 2433 5625 conquirendum
2464 5567 2752 5625 sponsum
2786 5552 2976 5627 ipsius
3006 5551 3289 5627 incitatas,
3335 5560 3611 5611 verentur
