4042 6198
390 344 508 408 643

1716 333 2141 401 MICHAELIS
2193 336 2459 399 PSELLI

3678 339 3803 402 ομ

389 482 585 536 tamen
620 492 690 533 ne
722 476 868 532 forte
897 475 1256 549 speculando
1286 475 1576 550 agendove
1627 475 1881 546 decepta
1928 485 2017 542 prc

2147 463 2194 520 δ’
2223 467 2277 522 αἱ
2335 467 2537 539 ταότης
2599 468 2895 544 μαθήτριαι
2954 464 3029 530 είς
3063 468 3390 538 ἀναζήτησιν
3431 468 3526 523 τοῦ
3557 471 3800 548 νυμφίου

388 567 518 624 luce
576 567 845 623 tenebras
893 566 1328 638 amplectantur
1378 584 1390 622 :
1443 565 1641 636 itaque
1689 561 2033 636 magistram

389 657 754 729 interrogant
784 657 939 712 hunc
971 656 1027 711 in
1064 657 1300 712 modum
1330 674 1347 710 :
1382 655 1571 723 Qualis
1600 663 1681 711 est
1719 668 1879 724 nepos
1911 656 2037 706 tuus

390 763 458 803 ex
488 755 695 818 nepote,
728 761 757 802 0
787 746 1016 817 pulchra
1046 747 1193 801 inter
1221 744 1520 801 mulieres?
1549 745 1734 816 qualis
1761 747 1842 798 est
1872 755 2036 812 nepos

391 845 522 892 tuus
549 851 618 891 ex
646 840 860 906 nepote,
892 835 1020 906 quia
1065 835 1147 889 sic
1189 833 1466 905 adjurasli
1505 836 1644 889 nos?
1673 831 1898 897 Quibus
1942 830 2032 884 in-

392 925 562 980 diciis
593 922 955 995 dignoscitur
986 922 1045 977 in
1077 922 1632 995 contemplando?ne
1663 921 1786 978 loco
1821 917 2031 991 ipsius,

385 1030 518 1070 eum
553 1011 650 1084 qui
683 1028 746 1067 se
777 1011 966 1066 lucem
999 1011 1240 1067 simulat
1269 1013 1332 1080 ⁸⁸,
1359 1029 1492 1068 cum
1524 1012 1602 1068 sit
1632 1011 1905 1080 tenebrze,
1929 1025 2032 1080 pro

384 1103 622 1158 veritate
653 1100 1022 1156 mendacium
1057 1099 1337 1173 amplexae
1367 1101 1768 1173 suscipiamus
1793 1117 1805 1154 :
1830 1117 1861 1155 o
1895 1113 2030 1170 spe-

381 1191 538 1247 ciosa
570 1190 846 1246 intereas
896 1207 1024 1262 qua:
1077 1190 1159 1246 illi
1208 1196 1347 1247 sunt
1392 1193 1780 1263 desponsata,
1833 1191 2032 1260 utpote

377 1278 632 1350 perfecta
688 1281 745 1333 et
803 1278 1088 1351 magistra
1141 1278 1428 1334 omnium.
1489 1281 1558 1335 Et
1615 1279 1830 1351 quibus
1888 1277 2028 1331 item

376 1367 561 1439 signis
592 1367 649 1421 in
686 1368 909 1439 agendo
941 1367 1365 1439 distinguitur?
1387 1385 1458 1424 ne
1491 1366 2028 1440 perturbationibus

373 1471 478 1527 per
509 1455 745 1512 virtutis
775 1472 1080 1512 excessum
1113 1457 1389 1529 deceptas,
1424 1463 1478 1512 et
1526 1459 1701 1514 rebus
1752 1457 2028 1513 secundis

374 1544 652 1616 pcllectm,
709 1563 813 1618 pro
851 1545 1004 1601 bono
1038 1545 1262 1602 malum
1295 1546 1773 1619 complectamur.
1804 1545 1932 1601 Haec
1961 1563 2030 1602 ex

376 1640 431 1689 te
491 1634 834 1706 quaerimus,
887 1635 1028 1706 quia
1088 1653 1190 1691 nos
1228 1637 1621 1708 jurejurando
1671 1635 2026 1704 devincicns,

376 1723 594 1779 amoris
626 1723 927 1780 ﬂammam
963 1725 1019 1779 in
1070 1724 1240 1780 nobis
1290 1742 1429 1796 erga
1479 1725 1646 1780 illum
1700 1724 2027 1792 suscitasti,

2146 557 2315 628 αὐτῆς
2394 557 2767 636 διεγερθεῖσαι,
2842 558 2932 613 καὶ
3010 555 3306 614 δεδοικυῖαι
3387 560 3586 632 μήπως
3660 561 3802 616 κατᾶ

2144 647 2369 724 θεωρίαν
2409 649 2473 719 iii
2530 649 2664 703 κατᾶ
2719 650 2908 724 πρᾶξιν
2967 647 3363 720 ἀπατηθεῖσαι,
3437 650 3626 712 σκότος
3682 650 3800 704 ἀντὶ

2143 738 2324 816 φωτὸς
2401 735 2786 809 ὑποδέξωνται,
2861 737 3115 800 τοιαῧτας
3182 743 3462 793 ποιοῦνται
3517 739 3610 801 τὰς
3668 740 3803 795 ἀπο-

2143 828 2342 903 κρίσεις
2419 829 2556 904 πρὸς
2621 829 2722 898 τὴν
2799 825 3159 882 διδάσκαλον·
3238 828 3299 882 Τί
3357 825 3650 907 άδελφιδός
3701 851 3800 884 σου

2142 917 2247 972 ἀπὸ
2300 913 2598 995 ἀδελφιδοῦ
2740 915 2882 985 καλὴ
2967 915 3018 971 ἐν
3075 915 3324 991 γυναιξί;
3390 917 3448 972 Τί
3503 915 3800 998 ἀδελφιδός

2143 1029 2238 1061 σου
2299 1006 2404 1061 ἀπὸ
2461 1003 2778 1084 ἀδελφιδοῦ,
2841 1007 2922 1060 ὅτι
2993 1005 3229 1080 ὥρκισας
3287 1009 3476 1081 ἡμᾶςς
3545 1005 3797 1080 Δηλαδὴ,

2141 1097 2487 1172 Ἀνάγγειλον
2569 1098 2728 1169 ἡμῖν,
2803 1096 2928 1149 τίνα
3021 1095 3151 1151 εἶ’σῖν
3227 1095 3293 1151 τὰ
3367 1098 3504 1152 κατά
3565 1097 3796 1174 θεωρίαν

2141 1187 2494 1262 γνωρίσματα
2549 1190 2646 1240 τοῦ
2705 1186 2986 1262 ἀγαπητοῦ
3044 1205 3158 1240 σου’
3200 1187 3291 1240 ἳνα
3353 1188 3429 1259 μὴ
3462 1191 3650 1242 τοῦτον
3686 1209 3794 1242 πα-

2143 1275 2568 1352 ραγνωρίσασαι,
2629 1275 2720 1329 τὸν
2779 1275 2969 1338 σκότος
3028 1270 3155 1330 ὅντα
3183 1277 3270 1330 καὶ
3334 1281 3447 1352 φῶς
3499 1276 3795 1353 ὑποκρινό-

2143 1386 2297 1438 μενον
2353 1361 2739 1437 ὑποὸεξώμεθα
2796 1363 2908 1420 ἀντ’
2953 1364 3158 1434 αὐτοῦ,
3207 1365 3319 1419 ἀντὶ
3380 1373 3478 1436 τῆς
3533 1364 3795 1434 ἀληθείας

2137 1458 2216 1526 τῷ
2266 1450 2448 1528 ψεύδει
2509 1457 2942 1528 παρατυχοῦσαιο
3009 1455 3043 1522 ἡ
3099 1453 3406 1528 ὡραιοτάτη
3469 1459 3589 1518 ταῖς
3654 1476 3796 1527 νυμ-

2138 1543 2462 1621 φευομὲναις
2521 1541 2684 1597 αὐτοῦ
2717 1542 2788 1604 ὡς
2819 1539 3000 1597 τελεία
3047 1543 3135 1596 καὶ
3185 1543 3392 1598 τούτων
3435 1540 3794 1606 διδάσκαλος.

2139 1633 2240 1690 Καὶ
2296 1632 2417 1686 τίνα
2473 1630 2636 1686 πάλιν
2709 1631 2814 1686 εἷ’σὶ
2873 1632 2938 1686 τά
2991 1636 3184 1687 τοῦτον
3240 1633 3378 1687 κατᾶ
3434 1635 3624 1708 πρᾶξιν
3677 1654 3790 1708 γα-

2137 1723 2569 1800 ρακτηρίζοντα;
2628 1723 2812 1784 Ὅπως
2888 1723 2962 1795 μὴ
3013 1719 3102 1776 διὰ
3155 1725 3262 1776 τῶν
3295 1722 3415 1785 καθ’
3475 1718 3793 1798 ὑπερϐολὴν

373 1812 756 1885 coegistiquc,
792 1822 854 1869 ut
883 1830 1017 1870 eum
1048 1814 1252 1870 sedulo
1284 1814 1700 1886 conquirentes
1736 1813 2017 1870 invenire-

2134 1820 2234 1882 τῆς
2308 1812 2502 1888 ἀρετῆς
2589 1813 2774 1866 παθῶν
2859 1816 3049 1866 τοῦτον
3127 1811 3632 1887 παραγνωρίσασαι,
3716 1814 3794 1876 ὡς

377 1919 532 1958 mus.

2136 1903 2324 1976 ἀγαθῷ
2397 1905 2477 1972 τῷ
2564 1904 2794 1974 πονηρῷ
2871 1899 3272 1975 περιπέσωμεν,
3333 1899 3628 1956 κλαπεῖσαι
3685 1901 3792 1956 ἀπὸ

371 1993 478 2044 τῶν
508 1987 718 2062 δεξιῶν.
747 1992 930 2046 Ταῦτα
963 1988 1020 2045 δὲ
1045 1992 1188 2066 παρὰ
1219 1990 1314 2046 σοῦ
1349 1997 1615 2065 ζητοῦμεν
1653 1993 1860 2065 μαθεῖν,
1894 1991 1975 2046 ὅτι
2007 1993 2068 2046 τὸ
2095 1993 2228 2063 πρὸς
2262 1991 2421 2046 αὐτὸν
2453 1988 2678 2067 φίλτρον
2713 1987 2894 2053 ἑνὲθου
2925 1991 3086 2062 ἡμῖν,
3121 1988 3275 2060 δίκην
3331 1991 3496 2066 ὅρκου
3543 1990 3791 2066 ἀπαναγ-

371 2079 530 2148 κάζον
563 2081 712 2152 ἡμᾶς
750 2084 940 2135 τοῦτον
972 2080 1280 2153 ἀναζητεῖν,
1310 2083 1397 2136 καὶ
1432 2079 1680 2136 σπεύδειν
1711 2081 1904 2137 τούτου
1947 2081 2250 2158 ἐπιτυχεῖν.

441 2171 646 2244 Adjuro
679 2188 786 2238 vos,
819 2172 949 2242 ﬁliae
977 2174 1308 2242 Jerusalem,
1353 2190 1457 2245 per
1498 2176 1768 2246 potentias
1815 2179 1868 2229 et
1914 2176 2027 2244 for-

369 2260 633 2317 titudines
665 2263 810 2333 agri,
839 2263 891 2317 si
922 2263 1209 2318 iveneritis
1238 2271 1487 2334 nepotem
1518 2279 1721 2332 meum,
1771 2265 2027 2318 nuntiate

371 2350 480 2419 illi,
509 2367 596 2407 me
623 2351 899 2408 churitate
927 2367 1043 2408 esse
1073 2351 1451 2408 vulderalam.

1104 2530 1292 2587 Pselli.

446 2637 686 2707 Adjuro,
718 2636 933 2707 inquit,
965 2653 1066 2692 vos
1097 2653 1199 2708 per
1228 2637 1352 2708 agri
1387 2635 1730 2708 potentiam,
1762 2636 1872 2691 hoc
1910 2639 2024 2706 est,

372 2741 474 2797 per
505 2725 712 2780 divinae
746 2725 1050 2781 charitatis
1093 2726 1232 2792 vim,
1287 2730 1352 2781 ut
1395 2743 1612 2798 sponso
1661 2725 2020 2781 desiderium

373 2830 569 2869 meum
603 2813 892 2870 indicetis.
927 2814 1030 2870 His
1063 2815 1300 2886 quidem
1332 2815 1527 2870 verbis
1578 2832 1796 2887 sponsa
1843 2831 2020 2887 ange-

369 2901 458 2957 los
491 2903 914 2957 oliteetatur.At
943 2903 1014 2958 de
1045 2903 1246 2974 sponsi
1278 2903 1610 2960 inventione
1641 2906 2021 2976 desperantes

366 2994 544 3045 etiam
579 2990 919 3063 angelorum
955 2991 1115 3048 chori
1150 3009 1162 3048 :
1202 2992 1520 3065 Cujusmodi
1567 2998 1666 3062 est,
1720 2993 2018 3064 inquiunt,

362 3095 526 3150 nepos
556 3087 730 3135 tum!
760 3081 985 3146 Quibus
1017 3081 1120 3136 tibi
1152 3081 1473 3153 ineignitur
1526 3082 1720 3138 notis?
1752 3083 1823 3138 Ut
1851 3081 2018 3156 igna-

363 3184 483 3235 ros,
516 3169 656 3225 doce
690 3185 796 3225 nos
827 3170 1028 3225 omnia
1057 3170 1386 3243 diligenter.

957 3457 1141 3512 Trium
1172 3457 1426 3511 Patrum.

432 3543 645 3614 Incipit
673 3545 960 3614 magistra
993 3544 1194 3615 sponsi
1227 3545 1316 3600 sui
1351 3549 1520 3601 notas
1550 3549 1726 3616 atque
1756 3545 2015 3617 insignia

362 3630 678 3687 declarare.
715 3639 790 3686 Ac
824 3632 1078 3702 primum
1109 3633 1348 3703 quidem
1397 3650 1464 3688 ea
1495 3635 1819 3703 generatim
1873 3651 2016 3689 enu-

361 3725 549 3775 merat
581 3737 594 3774 :
628 3721 820 3790 Nepos,
855 3720 1154 3789 inquiens,
1185 3722 1640 3786 meus,candidus
1672 3730 1722 3776 et
1751 3723 2013 3777 rubicun-

357 3806 479 3873 dus,
512 3807 712 3861 electus
739 3824 808 3861 ea:
840 3807 1021 3862 decem
1053 3808 1321 3862 millibus.
1347 3808 1606 3864 Dilectus
1638 3826 1803 3864 meus
1834 3813 2012 3882 (quod

359 3895 429 3949 ad
469 3900 739 3950 naturam
777 3896 1035 3950 divinam
1070 3897 1344 3968 pertinet)
1378 3903 1467 3952 est
1498 3897 1789 3954 candidus
1822 3906 1885 3954 ut
1915 3899 2014 3954 lux

358 3983 660 4038 inaccessa
695 4001 707 4038 :
735 3984 1101 4039 rubicundus
1137 3985 1319 4040 instar
1350 3986 1659 4056 auri,quod
1694 3989 1915 4044 ceteris
1946 4006 2014 4044 ex

359 4072 604 4127 materia
634 4073 1042 4146 constantibus
1075 4073 1388 4142 antecellit,
1442 4082 1506 4129 ut
1553 4077 2012 4146 supersubstan-

357 4160 517 4215 tialis
551 4178 580 4228 ,ε
633 4160 855 4217 electus
913 4179 980 4216 ex
1027 4163 1227 4217 decem
1284 4162 1570 4231 millibus,
1625 4170 1690 4219 ut
1737 4165 1895 4221 solus
1943 4183 2011 4221 ex

356 4255 522 4320 putre
551 4251 1113 4323 genitus.Quantum
1149 4257 1342 4308 autem
1379 4258 1607 4325 spectet
1635 4257 1700 4310 ad
1738 4255 2012 4311 humani-

355 4343 558 4407 tatem,
592 4339 878 4396 candidus
929 4346 1038 4408 est,
1096 4347 1159 4395 ut
1210 4359 1394 4412 purus
1442 4346 1620 4413 atque
1669 4345 1892 4415 integer
1938 4345 2010 4400 ab

349 4427 510 4481 omni
542 4433 776 4498 peccato
814 4445 826 4484 :
863 4429 1252 4498 rubicundus,
1288 4435 1350 4484 ut
1381 4431 1481 4501 qui
1516 4433 1818 4503 proprium
1870 4451 2006 4489 san-

347 4516 589 4586 guinem
614 4516 674 4570 in
698 4532 869 4572 cruce
893 4534 994 4588 pro
1019 4517 1186 4572 nobis
1209 4519 1434 4574 effudit:
1456 4519 1676 4575 electus
1708 4537 1775 4576 ex
1805 4523 2008 4577 decem

2203 2174 2432 2247 ’Ὠρκισα
2508 2171 2669 2244 ὑμᾶς,
2741 2173 3024 2246 θυγατέρες
3103 2170 3490 2246 Ἰερουσαλὴμ,
3559 2169 3613 2226 ἒν
3673 2176 3796 2234 ταῖς

2136 2259 2393 2334 δυνάμεσι
2439 2260 2529 2314 καὶ
2579 2259 2630 2315 ἰν
2684 2264 2804 2322 ταῖς
2847 2259 3091 2335 ἴσχῦσεσι
3123 2258 3220 2314 τοῦ
3251 2260 3438 2336 ἀγροῦ,
3473 2258 3563 2314 ἐὰν
3598 2259 3796 2335 εὕρητε

2132 2351 2222 2405 τὸν
2258 2345 2582 2423 ἀδελφιδοῦν
2615 2346 3097 2424 μου,ἐπαγγείλατε
3118 2350 3200 2404 ὅτι
3231 2350 3542 2425 τετρωμὲνη
3580 2349 3799 2425 ἀγάπης

2135 2439 2262 2516 ἐγώ.

2836 2524 3085 2585 Ψελλοῦ.

2131 2633 2364 2710 Ὁρκίζω
2396 2631 2486 2703 δὴ,
2520 2632 2702 2712 φησὶν,
2738 2633 2878 2706 ὑμᾶς
2911 2633 2963 2688 ἐν
2994 2637 3062 2708 τῇ
3092 2638 3190 2688 τοῦ
3221 2634 3391 2710 ἀγροῦ
3423 2631 3677 2708 δυνάμει,

2133 2726 2219 2781 Ἐν
2251 2727 2320 2798 τῇ
2352 2725 2539 2798 χάριτι
2565 2730 2664 2793 τῆς
2695 2723 2839 2785 θείας
2874 2719 3202 2792 δυναστείας,

2128 2816 2245 2868 Ἳνα
2273 2813 2364 2868 τὸν
2396 2813 2564 2868 πόθον
2597 2813 2686 2868 τὸν
2721 2811 2851 2884 ἐμὸν
2883 2809 3071 2883 εἷ’πητε
3099 2817 3178 2884 τῷ
3206 2812 3450 2890 νυμφίῳ,

2127 2907 2303 2957 Ταῦτα
2337 2903 2430 2975 μὶν
2463 2899 2829 2976 λελιπάρηκεν
2862 2903 2896 2972 ἡ
2928 2901 3109 2979 νύμφη
3141 2901 3269 2966 τοὺς
3301 2901 3583 2978 ἀγγέλους.

2130 2993 2570 3065 Ἀμηχανοῦντες
2603 2987 2659 3045 δὲ
2693 2991 2881 3045 λοιπὸν
2910 2993 3007 3060 τήν
3042 2990 3244 3064 εὕρεσιν
3279 2991 3486 3046 ἐκείνου

2128 3082 2231 3137 Καὶ
2265 3085 2371 3135 τῶν
2415 3077 2658 3156 ἀγγέλων
2689 3081 2739 3133 οἱ
2767 3079 2957 3154 χοροὶ,
2983 3079 3110 3156 φασὶ
3141 3080 3276 3154 πρὸς
3307 3082 3404 3150 τὴν
3439 3081 3733 3155 παρθένον·

2125 3173 2191 3226 Ὤ
2221 3171 2465 3231 ποταπός
2492 3191 2573 3230 τις
2604 3169 2827 3246 πὲφυκε,
2861 3169 3042 3243 φασὶν,
3078 3166 3366 3244 άδελφιόὁς
3400 3191 3484 3225 σοι
3511 3197 3526 3238 ς

2049 3244 2090 3311 C
2126 3261 2212 3317 Ἑν
2242 3261 2354 3314 τίσι
2379 3260 2483 3334 γὰρ
2519 3244 2935 3334 σχημιετισμοῖς
2967 3259 3425 3333 χαρακτηρίζεται
3457 3280 3539 3314 σοι
3567 3280 3582 3327 ;

2127 3345 2351 3418 Δίδαξον
2382 3349 2616 3409 ἅπαντας
2644 3344 2829 3410 καλῶς
2851 3349 3002 3418 ἡμᾶς
3032 3348 3104 3408 ὡς
3131 3348 3478 3422 ἀγνοοῦντας.

2693 3458 2808 3508 Τῶν
2850 3455 2898 3528 γ’
2931 3454 3178 3529 Πατὲρων
3191 3497 3203 3511 .

2193 3545 2528 3618 Ἀπάρχεται
2562 3541 2755 3598 λοιπὸν
2816 3545 2850 3612 ἡ
2900 3541 3229 3606 διδάσκαλος
3270 3541 3632 3618 ἀπαγγέλλειν
3688 3549 3789 3601 τοῦ

2122 3633 2361 3710 νυμφίου
2435 3633 2601 3702 αὐτῆς
2679 3633 2747 3686 τά
2827 3631 3203 3708 γνωρίσματα.
3259 3633 3356 3687 Καὶ
3406 3638 3630 3709 πρῶτον
3686 3635 3784 3708 μὲν

2122 3720 2398 3792 καθολικῷ
2447 3721 2597 3797 λόγῳ
2643 3725 2810 3776 ταῦτα
2859 3717 3160 3790 διεξιοῦσα,
3216 3720 3400 3799 φησίν·
3455 3719 3790 3800 Ἀδελφιδὸς

2126 3833 2230 3883 μου
2333 3808 2525 3873 λευκὸς
2617 3809 2704 3863 καὶ
2801 3808 3048 3884 πυρρὸς,
3128 3808 3586 3886 ἐκλελογισμένος
3676 3811 3786 3866 ἀπὸ

2126 3895 2427 3972 μυριάδων.
2489 3899 2672 3961 "litat,
2730 3897 2790 3952 Ὀ
2837 3895 3118 3970 ἀγαπητός
3172 3916 3296 3968 μου,
3351 3896 3488 3951 κατᾶ
3548 3898 3645 3968 μὲν
3680 3900 3782 3966 τήν

2123 3989 2266 4041 θείαν
2314 3986 2468 4064 φύσιν
2520 3984 2711 4046 λευκὸς
2763 3985 2856 4058 μὲν
2905 3985 2980 4045 ὡς
3029 3984 3319 4058 ἀπρόσιτον
3368 3989 3513 4060 φῶς·
3566 3987 3786 4062 πυρῥὸς

2123 4074 2179 4130 δὲ
2237 4079 2324 4130 οἷα
2378 4075 2582 4150 χρυσὸς
2637 4079 2745 4128 τῶν
2803 4072 3012 4128 λοιπῶν
3079 4073 3222 4128 ὑλῶν
3282 4075 3637 4147 τιμιώτερος,
3709 4076 3786 4136 ὡς

2123 4163 2469 4240 ὑπερούσιος·
2522 4163 2610 4217 καὶ
2662 4161 3118 4236 ἐκλελογισμὲνος
3169 4163 3275 4217 ἀπὸ
3329 4159 3608 4236 μυριάδων
3640 4208 3655 4232 ,
3710 4165 3788 4229 ὡς

2123 4267 2288 4324 μονος
2365 4252 2424 4308 ἐκ
2497 4254 2703 4327 πατρὸς
2763 4252 3016 4326 ἀχρὸνως
3074 4251 3307 4325 τεχθείς.
3377 4251 3518 4306 Κατᾶ
3568 4248 3629 4307 δὶ
3675 4255 3782 4321 τήν

2119 4342 2483 4417 ἀνθρωπίνην,
2534 4341 2723 4402 λευκὸς
2754 4341 2847 4414 μὲν
2881 4340 2955 4402 ὡς
3005 4341 3238 4416 καθαρὸς
3278 4338 3367 4396 διὰ
3411 4341 3476 4395 τὸ
3532 4342 3788 4417 ἀναμάρ-

2115 4450 2297 4502 τητον·
2327 4430 2530 4506 πυρῥὸς
2561 4428 2638 4498 δὲ,
2672 4429 2746 4491 ὡς
2783 4427 2846 4484 τὸ
2895 4427 3097 4484 οἰκεῖον
3148 4431 3282 4501 αἷμα
3332 4428 3384 4483 ἐν
3429 4427 3508 4501 τῷ
3554 4437 3784 4505 σταυρῷ

2117 4519 2312 4596 ἐκχίας
2362 4519 2492 4593 ὑπὲρ
2527 4521 2706 4592 ἡμῶν·
2757 4516 2848 4571 καί
2899 4515 3360 4592 ἐκλελογισμένος
3418 4517 3524 4572 ἀπὸ
3574 4520 3784 4595 μυριά-

347 4603 705 4670 millibus,ut
725 4605 1023 4678 solusipse
1044 4624 1109 4663 ex
1130 4608 1409 4662 omnibus
1437 4608 1564 4664 sine
1587 4609 1810 4665 semine
1835 4617 2008 4667 natus

2129 4606 2246 4676 Ξων,
2281 4609 2354 4669 ὡς
2392 4607 2558 4680 μόνος
2612 4605 2772 4668 αὐτὸς
2827 4606 2930 4660 ἀπὸ
2970 4609 3182 4660 πάντων
3217 4607 3467 4681 ἀσπόρως
3511 4606 3574 4662 ὲκ
3630 4629 3782 4686 παρ-

347 4708 416 4746 ex
448 4691 695 4763 virgine.
729 4694 920 4766 Atque
952 4696 1021 4750 ad
1060 4695 1209 4750 hunc
1243 4696 1480 4766 quidem
1515 4697 1755 4752 modum
1789 4698 1844 4752 in
1881 4699 2000 4770 spi-

353 4779 465 4836 ritu
501 4781 655 4836 hunc
687 4784 1175 4856 contemplemur.
1230 4785 1425 4841 Rebus
1483 4791 1677 4840 autem
1729 4790 1786 4841 et
1835 4787 2002 4843 factis

346 4870 667 4926 candidum
701 4873 1206 4944 experiuntur,qui
1238 4875 1308 4929 ab
1340 4875 1613 4930 omnibus
1639 4880 2004 4947 peccatorum

349 4960 579 5029 purgati
613 4965 751 5015 sunt
782 4963 1055 5018 sordibus
1089 4979 1101 5016 ε
1138 4963 1558 5028 rubicundum,
1591 4964 1688 5034 qui
1722 4964 1780 5018 in
1813 4965 2006 5021 varias

348 5047 675 5104 incidentes
709 5051 1084 5120 tentationes,
1117 5068 1185 5106 ex
1216 5049 1332 5104 illis
1365 5067 1467 5121 per
1523 5052 1892 5122 patientiam,
1943 5057 2004 5107 ut

349 5137 558 5205 igneus
590 5139 716 5194 auri
750 5139 940 5211 fulgor
970 5157 1037 5194 ex
1070 5142 1322 5207 fornace,
1346 5139 1576 5212 probati
1607 5141 2001 5212 resplendent:

345 5226 596 5282 electum
629 5245 697 5284 ex
723 5229 918 5284 decem
954 5228 1343 5298 millibus,qui
1380 5245 1482 5298 per
1509 5228 1921 5284 abstinentiam
1946 5235 2003 5286 et

346 5315 566 5371 toleran
603 5316 719 5372 iam
755 5316 1022 5372 mundati
1056 5316 1280 5370 nullum
1318 5318 1375 5370 in
1411 5332 1472 5371 se
1504 5316 1649 5388 ipsis
1673 5318 2000 5374 humanum

343 5405 646 5460 continent
678 5405 906 5471 vitium,
942 5420 1128 5476 neque
1174 5408 1368 5459 tamen
1397 5411 1703 5475 propterea
1723 5406 1999 5462 excidunt

342 5493 414 5548 ab
446 5492 799 5550 humilitate.
834 5494 1054 5550 Deinde
1084 5490 1387 5564 sigillatim
1435 5491 1611 5548 etiam
1656 5494 1854 5566 sponsi
1905 5496 1996 5550 sui

417 5672 460 5710 ⁸⁸
492 5672 545 5731 ΙΙ
575 5673 704 5730 Cor.
733 5688 813 5743 χι,
845 5672 868 5730 4
881 5672 934 5730 4.

2113 4697 2266 4752 θὲνου
2341 4696 2577 4771 τεχθείς.
2652 4695 2749 4749 Καὶ
2810 4695 2952 4750 οὕτω
3017 4695 3112 4768 μὲν
3169 4701 3449 4770 θεωρεῖται
3502 4694 3671 4760 οὗτος
3728 4697 3784 4753 ἓν

2117 4787 2406 4858 πνεύματι.
2459 4788 2549 4840 Ἐν
2599 4784 2760 4860 πείρα
2807 4781 2864 4838 δὲ
2918 4784 3113 4838 τοῦτου
3161 4785 3296 4838 κατᾶ
3340 4784 3528 4858 πρᾶξιν
3584 4786 3780 4859 γίνον-

2114 4896 2223 4943 ται,
2293 4876 2366 4937 ὡς
2439 4874 2531 4947 μὲν
2604 4870 2820 4941 λευκοῦ,
2887 4874 2937 4927 οἱ
3004 4873 3108 4927 ἀπὸ
3166 4874 3364 4935 παντὸς
3415 4875 3782 4950 καθαρθέντες

2117 4961 2288 5037 ῥύπου
2366 4961 2796 5036 ἁμαρτημάτων·
2863 4961 2936 5022 ὡς
2989 4957 3045 5015 δὲ
3092 4960 3322 5036 πυρῥοῦ,
3377 4962 3427 5014 οἱ
3489 4962 3782 5024 ποικίλοις

2113 5056 2438 5125 πειρασμοῖς
2483 5050 2884 5124 περιπεσόντες,
2929 5050 3015 5102 καὶ
3062 5053 3142 5121 τῷ
3201 5048 3436 5112 ἐντεῦθεν
3480 5057 3584 5118 τῆς
3639 5053 3785 5106 ὑπο-

2117 5146 2287 5210 μονῆς
2335 5135 2590 5212 δοκιμίῳ,
2620 5139 2694 5198 ὡς
2727 5140 2932 5214 χρυσοῦ
2963 5136 3020 5192 ἐκ
3050 5137 3426 5212 χωνευτηρίου
3459 5138 3780 5214 πυρῥὸτης,

2111 5225 2549 5300 ἀναλάμψαντες·
2615 5225 2706 5280 καὶ
2770 5227 2842 5288 ὡς
2891 5223 3354 5300 ἐκλελογισμὲνου
3407 5226 3512 5282 ἀπὸ
3567 5231 3782 5299 μυριά-

2111 5313 2236 5385 δων,
2277 5317 2326 5370 οἱ
2379 5316 2428 5371 ἐν
2475 5318 2544 5387 τῇ
2588 5313 2656 5370 δι’
2711 5313 3024 5390 ἐγκρατείας
3073 5316 3326 5391 καθάρσει
3377 5316 3466 5369 καὶ
3514 5321 3587 5389 τῇ
3642 5319 3780 5373 ὑπο-

2112 5409 2253 5478 μονῇ
2308 5407 2439 5478 μήτι
2478 5402 2899 5477 καταδεξάμενοι
2947 5404 3116 5466 πάθος
3181 5401 3234 5458 ἐν
3287 5404 3497 5464 ἑαυτοῖς
3532 5408 3773 5474 μεσάσαι

2105 5492 2466 5572 ἀνθρώπινον,
2509 5494 2596 5549 καὶ
2633 5491 2723 5548 διὰ
2769 5497 2929 5548 τοῦτο
2977 5498 3076 5564 τῆς
3124 5491 3631 5572 ταπεινοφόοσύνης
3691 5498 3770 5570 μή
