4042 6198
243 338 372 399 645

1299 340 1712 402 COMMENT.
1754 340 1832 400 ΙΝ
1877 339 2278 403 CANTICUM
2323 342 2631 404 CANTlC.

3548 351 3670 411 646

245 467 679 533 ἐκπεπτωκότες.
715 469 848 527 Εἶτα
900 469 989 526 καὶ
1042 471 1180 525 κατὰ
1239 472 1406 547 μέρος
1463 473 1498 541 ἡ
1559 470 1743 546 νύμφη
1803 471 1901 540 τὴν

2028 477 2190 529 notas
2217 477 2276 530 et
2304 473 2475 545 signa
2505 474 2879 546 persequitur
2911 492 2924 530 :
2957 475 3150 547 Caput,
3181 445 3478 548 inquiens,
3529 484 3666 550 eius,

243 565 354 614 τῶν
412 558 805 635 γνωρισμάτων
889 563 986 614 τοῦ
1057 562 1292 639 νυμφίου
1377 559 1542 630 αὐτῆς
1604 559 1904 634 ποιουμένη

247 649 531 725 ἐξήγησιν,
575 650 811 724 φάσκειο
875 648 1096 728 Κεφαλὴ
1171 650 1334 705 αὑτοῦ
1411 650 1639 727 χρυσίον
1716 649 1907 728 ὀφάτζ.

240 741 477 815 ἽΙγουν,
535 738 561 792 δ
617 743 808 793 τοῦτον
881 740 1002 793 κατ’
1064 738 1246 793 οὐσίαν
1335 744 1536 814 γεννῶν
1599 739 1911 816 ἀπόρρητος

243 833 393 890 Νοῦς
424 828 582 903 (πρὸς
634 827 694 882 ’ὀν
755 827 829 889 ὡς
888 826 1130 906 κεφαλὴν
1164 829 1191 882 ὁ
1224 825 1461 903 ἅρρητος
1519 827 1682 884 αὑτοῦ
1738 829 1910 902 Λόγος

242 921 346 971 τοῦ
403 921 684 993 συμφυοῦς
759 920 876 971 κατ’
927 916 1111 970 οὐσίαν
1172 917 1506 991 Πνεῦματος,
1567 918 1747 991 ἀνάγει
1822 916 1914 971 τὸν

251 1006 531 1080 ἑπόμενον
556 1010 649 1060 νῦν
701 1007 789 1060 οἵα
832 1005 1062 1082 χρυσίον
1112 1008 1493 1084 καθαρώτατον
1541 1013 1648 1062 τῶν
1699 1005 1912 1062 λοιπῶν

249 1095 405 1151 ὑλῶν
475 1095 900 1171 ὑπερκείμενον),
965 1097 1180 1152 πάντων
1254 1097 1390 1151 κατᾶ
1463 1097 1637 1152 πάντα
1707 1095 1913 1171 τρόπον

248 1185 498 1261 ἀπείρως
553 1185 855 1259 ἐξῴκισται.
908 1185 1129 1264 Κεφαλή
1183 1187 1287 1262 γάρ
1335 1186 1444 1241 ἐστι
1507 1190 1603 1242 τοῦ
1652 1188 1916 1260 Χριστοῦ,

250 1278 399 1332 κατᾶ
445 1279 539 1333 τὸν
597 1279 738 1332 Θεῖον
799 1275 1157 1345 Ἀπόστολον,
1216 1277 1290 1340 ὡς
1348 1277 1477 1338 Θεὸς
1543 1277 1630 1332 καὶ
1707 1277 1915 1351 Πατήρ.

242 1364 480 1422 Τούτων
537 1362 583 1419 δ’
625 1363 795 1427 οὕτως
843 1370 1060 1420 πάντων
1115 1365 1592 1440 ὑπερηρεισμένων
1649 1366 1921 1446 Θεωριῶν,

240 1457 337 1510 καὶ
414 1457 552 1511 κατὰ
602 1456 665 1510 τὸ
727 1454 1008 1532 ἐγχωροῦν
1065 1454 1116 1510 έν
1179 1455 1341 1532 πείρᾳ
1388 1455 1546 1511 αὐτεῦ
1602 1456 1829 1530 γίνεται,
1890 1456 1918 1510 ὁ

247 1543 428 1620 μηδὲν
477 1551 584 1601 τῶν
635 1543 801 1602 ὄντων
853 1546 1260 1622 ὑπερανατιθεῖς
1303 1546 1398 1602 τοῦ
1455 1551 1573 1608 ταῖς
1623 1543 1921 1601 ἀναποδεί-

238 1657 404 1701 κτοις
476 1635 884 1712 μυσταγωγίαις
957 1636 1254 1711 ἁγνώστως
1313 1637 1612 1708 νοουμένου
1665 1637 1699 1705 ἢ
1749 1657 1922 1712 γινω-

243 1725 527 1800 σκομένου
561 1726 693 1801 ὑπὲρ
743 1725 926 1795 νόησιν
976 1723 1145 1800 λόγου
1194 1731 1295 1794 τῆς
1354 1725 1606 1798 πίστεως,
1637 1725 1728 1780 καὶ
1788 1725 1921 1799 ὑπὲρ

240 1820 343 1870 τοῦ
408 1818 658 1890 τηρῆσαι·
696 1819 913 1883 τοῦτον,
961 1813 1091 1869 ὅλον
1164 1815 1349 1869 ἑαυτὸν
1416 1820 1534 1877 τοῖς
1595 1817 1920 1890 πειρασμοῖς

243 1901 572 1981 προδιδοὺς,
637 1904 918 1968 κάντεῦθεν
983 1905 1055 1966 ὡς
1111 1901 1167 1958 ἐν
1245 1904 1460 1976 καμίνῳ
1535 1904 1911 1979 καθαρώτατον

243 1991 481 2068 χρυσίον
536 1992 820 2066 φυλάττων
879 1993 977 2061 τὴν
1031 1991 1210 2046 πίστιν
1260 1991 1552 2065 ἀμείωτον.
1603 1992 1913 2068 Βὸστρυχοι

242 2081 422 2134 αὑτοῦ
497 2079 710 2148 ἐλάται,
790 2078 1022 2152 μέλανες
1101 2081 1175 2141 ὡς
1243 2080 1429 2154 κόραξ,
1484 2081 1665 2146 Ἤτοι,
1744 2081 1797 2134 αἱ
1862 2078 1916 2134 ἐν

250 2168 402 2242 ἁγίῳ
451 2169 725 2241 nutum
778 2169 880 2222 ὑπὸ
926 2172 1022 2222 τοῦ
1079 2171 1422 2244 Μονογενοῦς
1469 2165 1912 2244 ἐκπληροὺμεναι

249 2263 349 2313 τοῦ
397 2259 607 2333 Ηατρὸς
642 2254 900 2328 εὑδοκίαι,
950 2257 1012 2312 τὸ
1042 2257 1124 2324 ὃν,
1153 2260 1188 2326 ἡ
1232 2259 1370 2327 ζωή,
1399 2260 1432 2326 ἠ
1489 2256 1671 2332 σοφία,
1704 2258 1792 2312 καὶ
1849 2257 1916 2313 τὰ

249 2346 449 2420 ὅμοια.
490 2348 661 2421 Ἀπερ
717 2344 1193 2401 κατακαλύπτουσι
1233 2352 1352 2408 ταῖς
1417 2345 1552 2402 κατᾶ
1603 2348 1782 2426 φύσιν,
1827 2347 1915 2402 οἷά

242 2446 378 2489 τινα
438 2431 680 2510 κεφαλὴν
739 2434 951 2511 τρίχες,
1002 2435 1104 2504 τὴν
1166 2433 1288 2507 μίαν
1340 2434 1520 2510 ἀρχὴν
1578 2437 1666 2489 καὶ
1739 2435 1914 2490 αἰτίαν

246 2528 360 2578 τῶν
396 2521 545 2578 ὅλων
583 2523 687 2578 ὑπὸ
715 2521 1024 2596 κατάληψιν
1086 2530 1262 2586 ποιεῖς
1319 2521 1582 2579 δοκοῦντα
1635 2526 1726 2579 τὸν
1781 2525 1915 2580 ἀκα-

249 2612 558 2682 τάληπτον.
594 2613 817 2670 Ἐλάται
872 2612 968 2685 μέν
1011 2611 1144 2667 εἶ’σιν
1199 2612 1386 2687 ὑψηλά
1429 2634 1488 2668 τε
1539 2613 1626 2668 καὶ
1686 2614 1915 2691 οὐρανο-

254 2703 412 2774 μτξκη
458 2697 671 2776 δένδρά,
699 2701 773 2763 ὡς
801 2701 929 2763 τοῦς
982 2701 1190 2756 τούτων
1227 2702 1363 2757 κατᾶ
1408 2704 1631 2776 γνώμην
1687 2703 1914 2778 ἀντεχο-

256 2792 457 2864 μένους
491 2789 543 2844 έν
571 2795 650 2863 τῷ
686 2797 1035 2865 προνοεῖσθαι
1081 2788 1150 2845 δι’
1205 2791 1416 2867 ἀγάπης
1462 2795 1568 2846 τῶν
1630 2791 1911 2867 ἐχομένων

259 2880 555 2956 ἀνάγουσαι
594 2881 731 2935 κατᾶ
769 2880 958 2956 πρᾶξιν
996 2885 1310 2954 μιμητικῶς
1342 2881 1476 2952 πρὸς
1514 2881 1576 2935 τὸ
1624 2882 1756 2955 ὕψος
1814 2883 1915 2950 τῆς

259 2969 410 3032 θείας
473 2969 913 3042 μακαριότητοςο
968 2968 1193 3041 μέλανες
1242 2967 1289 3024 δ’
1339 2971 1427 3024 οἷα
1475 2969 1660 3046 κόραξ,
1712 2970 1785 3032 ὡς
1837 2974 1916 3043 τῷ

257 3056 658 3130 ἀνεξερευνήτῳ
697 3062 803 3112 τῶν
853 3059 1132 3135 χριμάτων
1192 3063 1298 3112 τῶν
1363 3057 1518 3123 θείων
1581 3058 1912 3116 συστέλλου-

259 3167 344 3201 σαι
407 3146 546 3201 κατὰ
604 3147 830 3222 θεωρίαν
883 3147 975 3202 τὸν
1029 3147 1213 3222 νοερὸν
1284 3147 1593 3223 ὀφθαλμόν.
1651 3149 1750 3204 Καὶ
1807 3149 1912 3225 γὰρ

2017 577 2217 617 aurum
2252 568 2472 632 ophatz.
2508 563 2670 619 Meus
2717 562 2817 619 illa
2866 564 3146 620 nimirum
3193 565 3525 631 inetl‘abilis.
3573 572 3664 637 (ad

2020 667 2198 722 quam
2231 658 2294 707 ut
2326 653 2398 708 ad
2433 657 2633 725 caput,
2665 652 2958 709 ineffabile
2989 653 3246 710 Verbum
3298 656 3485 727 ipsius
3533 659 3668 714 sub-

2021 740 2296 796 stantiam
2329 741 2769 797 connaturalem
2802 743 3297 814 Spiritum,rel‘ert
3326 755 3666 816 sequentem

2026 835 2307 898 mentem,
2372 835 2656 903 tanquam
2718 849 2927 887 aurum
2979 831 3362 904 purissimum
3415 835 3671 908 reliquas

2023 919 2299 976 materias
2327 921 2698 990 antecedens)
2744 939 2776 976 a
2823 925 2996 977 rebus
3045 922 3321 978 omnibus
3369 925 3529 980 omni
3577 943 3669 983 ra-

2023 1009 2180 1065 tione
2229 1010 2410 1066 distat
2458 1009 2706 1065 inﬁnite.
2742 1010 2927 1082 Caput
2960 1011 3114 1066 enim
3145 1012 3377 1084 Christi,
3411 1018 3471 1070 ut
3502 1015 3673 1071 divus

2023 1096 2218 1171 inquit
2245 1099 2562 1171 Apostolus
2593 1100 2762 1166 5",est
2790 1100 2943 1156 Deus
2974 1105 3031 1156 et
3060 1101 3364 1157 Pater.llis
3395 1105 3675 1160 omnibus

2025 1187 2620 1260 contemplationibus
2653 1189 2728 1243 ita
2763 1189 3201 1259 constitutis,ad
3229 1193 3357 1262 ejus
3377 1194 3674 1265 experien-

2025 1276 2192 1347 tiam,
2225 1281 2514 1348 quantum
2547 1277 2700 1349 capit
2733 1277 2992 1334 humana
3034 1284 3262 1347 natura,
3316 1284 3576 1351 pervenit
3623 1283 3673 1338 is

2028 1365 2129 1438 qui
2153 1365 2284 1421 ﬁdei
2312 1365 2520 1421 rationi
2538 1383 2716 1437 quam
2737 1367 3030 1437 mysteriis
3048 1367 3673 1427 indemonstrabilibus

2027 1452 2310 1509 ineffabili
2333 1454 2661 1525 cognitione
2683 1454 3037 1510 intellectam
3061 1461 3163 1512 aut
3183 1459 3475 1528 cognitam
3500 1460 3678 1517 habet

2029 1560 2201 1615 super
2233 1559 2468 1599 omnem
2500 1542 2934 1616 cogitationem,
2969 1544 3114 1599 nihil
3149 1550 3432 1618 praeponit
3479 1551 3676 1605 omni-

2031 1649 2105 1689 no
2157 1649 2170 1687 :
2225 1637 2283 1688 et
2329 1650 2434 1705 pro
2483 1648 2551 1688 ea
2597 1635 2816 1688 tuenda
2846 1637 3362 1706 conservaudaque
3392 1643 3581 1695 totum
3613 1655 3677 1695 se

2031 1721 2229 1794 ipsum
2259 1720 2684 1777 tentationibus
2716 1738 2781 1776 ac
2811 1721 3087 1792 periculis
3117 1725 3540 1796 tormentisque
3570 1727 3678 1782 ob-

2024 1810 2156 1882 jicit
2189 1829 2201 1866 :
2235 1815 2409 1882 atque
2442 1811 2519 1865 ita
2549 1816 2831 1881 tanquam
2863 1810 2925 1866 in
2954 1811 3187 1867 fornace
3220 1830 3431 1869 aurum
3482 1816 3678 1888 puris-

2029 1901 2246 1956 simum
2307 1901 2483 1955 fidem
2545 1901 2757 1955 retinet
2814 1898 3282 1956 immaculatum.
3337 1904 3511 1959 Coma?
3561 1908 3680 1976 ejus

2023 1991 2166 2046 sicut
2210 1990 2372 2046 elata?
2416 1991 2732 2060 palmarum
2787 2007 2800 2046 :
2851 1992 3030 2061 nigrae
3078 1994 3236 2061 quasi
3263 2008 3472 2048 corvus.
3507 1999 3676 2051 Bonae

2024 2077 2250 2134 scilicet
2308 2079 2498 2134 Patris
2557 2080 2905 2149 voluntates,
2957 2080 3030 2134 ab
3079 2080 3379 2152 unigenito
3426 2082 3568 2139 Filio
3615 2084 3676 2140 in

2023 2167 2244 2240 Spiritu
2295 2174 2499 2223 sancto
2547 2167 2820 2239 expletas;
2875 2185 3062 2238 mens,
3117 2171 3237 2224 vita
3284 2170 3574 2242 sapientia
3623 2178 3681 2229 et

2024 2256 2118 2312 his
2167 2255 2426 2324 similia;
2478 2274 2608 2328 quae
2662 2257 2900 2329 quidem
2953 2258 3319 2326 naturaliter,
3372 2264 3435 2314 ut
3481 2259 3677 2332 capilli

2023 2351 2194 2416 caput
2219 2345 2457 2417 aliquod
2489 2351 2714 2418 tegunt,
2750 2362 2933 2401 unum
2963 2346 3315 2418 principium
3345 2353 3404 2404 et
3433 2365 3674 2404 causam

2024 2451 2217 2490 rerum
2279 2434 2709 2504 universarum,
2761 2451 3016 2506 eumque
3083 2435 3185 2508 qui
3256 2437 3674 2509 comprehendi

2024 2541 2138 2580 non
2174 2529 2381 2596 potest,
2410 2524 2680 2580 videntur
2730 2524 2994 2596 redigere
3037 2525 3149 2580 sub
3194 2527 3670 2598 comprehensio-

2025 2629 2180 2669 nem.
2230 2613 2401 2668 Elatae
2451 2613 2689 2685 quidem
2738 2618 2878 2668 sunt
2925 2613 3160 2669 arbores
3208 2615 3546 2671 celsissimae
3595 2615 3666 2671 ad

2024 2701 2235 2758 ccelum
2288 2719 2474 2774 usque
2524 2704 2866 2771 tendentes;
2915 2703 3194 2774 quoniam
3245 2721 3344 2760 eos
3398 2706 3499 2777 qui
3549 2705 3670 2761 haec

2023 2792 2221 2848 animo
2255 2791 2710 2862 amplectuntur,
2746 2793 2887 2848 dum
2923 2793 3288 2864 prospiciunt
3315 2812 3382 2850 ea
3409 2812 3539 2866 quae
3571 2812 3672 2868 per

2024 2880 2368 2936 cbaritatem
2401 2881 2800 2953 possidentur,
2835 2881 3030 2953 operis
3081 2888 3274 2938 autem
3322 2884 3670 2950 imitatione,

2023 2973 2353 3041 perducunt
2399 2971 2471 3025 ad
2524 2970 2730 3025 divinae
2781 2971 3170 3027 beatitudinis
3219 2972 3666 3029 sublimitatem.

2022 3058 2214 3130 Nigrae
2245 3062 2439 3114 autem
2473 3058 2637 3130 quasi
2678 3075 2880 3114 corvus
2917 3075 2930 3114 :
2967 3060 3106 3132 quia
3150 3061 3670 3134 impervestigabili

2023 3146 2354 3202 divinorum
2381 3147 2740 3216 judiciornm
2793 3148 3041 3214 ratione,
3094 3149 3307 3204 mentis
3357 3151 3558 3206 oculos
3607 3151 3666 3206 in

253 3237 441 3314 ὥσπερ
503 3237 567 3292 τὸ
612 3236 808 3293 λευκὸν
856 3241 1061 3313 χρῶμα
1097 3237 1342 3316 ὑφαπλοῖ
1369 3240 1468 3308 τὴν
1500 3235 1645 3314 ὄψιν,
1679 3236 1822 3295 οὕτω
1853 3239 1915 3295 τὸ

2029 3235 2522 3306 contemplatione
2570 3235 2969 3291 corroborant.
3021 3241 3168 3292 Nam
3222 3243 3285 3292 ut
3311 3238 3470 3293 color
3499 3239 3668 3295 albus

265 3326 439 3400 μέλαν
505 3324 812 3385 συστέλλει.
869 3328 937 3385 Οἱ
998 3326 1273 3405 ὀφθαλμοὶ
1332 3328 1494 3383 αὑτοῦ
1547 3330 1620 3391 ὡς
1678 3349 1920 3406 περιστε-

266 3416 354 3490 ραὶ
416 3415 504 3471 ἐπὶ
561 3413 912 3492 πληρώματα
969 3413 1200 3472 ὑδάτων·
1253 3423 1476 3493 Ἴῐγουν,
1527 3419 1580 3472 αὶ
1635 3423 1730 3473 τοῦ
1785 3440 1919 3472 παν-

262 3505 420 3580 αγίου
452 3504 766 3579 ΙῘνεὺματος
815 3503 1073 3582 ἒνέργειαι
1118 3505 1419 3584 (ὀφθαλμοὶ
1487 3507 1692 3583 Κυρίου
1748 3529 1918 3584 προσ-

263 3595 683 3670 αγορευόμεναι,
740 3595 823 3650 ὅτι
903 3592 973 3649 δι’
1048 3595 1224 3650 αὐτῶν
1296 3595 1524 3673 πέφυκεν
1603 3596 1918 3652 ἐπισκοπεῖν

265 3683 396 3746 τοὺς
426 3682 510 3737 ἐπὶ
544 3690 646 3758 γῆς
679 3683 706 3737 ὁ
749 3685 921 3756 Θεὸς),
958 3685 1031 3746 ὥς
1079 3705 1220 3745 τινες
1278 3683 1586 3761 περιστεραῖ
1635 3683 1722 3739 ἐπὶ
1771 3684 1922 3754 πλή-

263 3792 373 3846 ρεις
434 3769 641 3826 ὑδάτων
700 3769 986 3846 δεξαμενάς
1063 3773 1386 3850 ὥρμηνται·
1447 3772 1532 3828 ἐπὶ
1587 3775 1682 3836 τάς
1732 3773 1920 3848 ἀρετὰς

271 3858 435 3923 οῦσας
467 3860 820 3937 πληρώματα
847 3867 955 3916 τῶν
1001 3863 1076 3924 ὡς
1133 3859 1337 3917 ὑδάτων
1384 3861 1670 3939 οὐρανόθεν
1730 3884 1924 3939 κατερ-

274 3952 530 4024 χομένων
564 3951 723 4004 Θείων
759 3948 1013 4019 ἐντολῶν,
1047 3947 1134 4004 διά
1179 3950 1242 4005 τὸ
1289 3949 1414 4013 τοῦς
1458 3950 1664 4006 τούτων
1727 3951 1921 4026 λόγους

273 4041 346 4103 τῇ
393 4039 580 4114 πράξει
628 4037 967 4114 πληροῦσθαι
1025 4042 1130 4092 τῶν
1210 4036 1468 4097 ἐντολῶν.
1519 4041 1724 4116 Ὀρμᾷν
1773 4037 1817 4095 δ’
1869 4040 1923 4094 αἱ

269 4132 513 4182 τοιαῦται
579 4127 840 4203 ἐνέργειαι
893 4127 978 4182 ἐπὶ
1024 4127 1117 4190 τὰς
1164 4127 1353 4202 ἀρετάς
1397 4128 1661 4204 εἴρηνται,
1695 4128 1777 4183 ὅτι
1834 4127 1922 4184 ἐὰν

275 4216 355 4288 μή
405 4216 603 4292 Κῦριος
667 4214 736 4270 δι’
797 4216 970 4270 αὐτῶν
1029 4213 1373 4293 οἷ’κοὸομῆσῃ
1425 4218 1542 4272 κατ’
1593 4217 1787 4291 ἀρετὴν
1853 4216 1926 4282 ὥς

264 4326 385 4359 τινα
437 4306 583 4360 οἶκον
646 4304 832 4374 αὑτοῦ,
894 4305 993 4375 τὴν
1058 4306 1120 4360 τὸ
1206 4306 1402 4382 ἀγαθὸν
1481 4306 1922 4383 προαιρουμένην

265 4397 472 4470 ψυχὴν,
524 4394 600 4457 εἷς
662 4396 834 4469 μάτην
893 4393 1171 4450 ἐκοπίασεν
1229 4396 1256 4450 ὁ
1309 4393 1642 4470 οἶκοδομῶν.
1694 4397 1782 4461 Ὡς
1830 4418 1924 4452 πε-

266 4485 504 4558 ριστεραὶ
579 4481 657 4552 δὲ,
739 4484 895 4562 φησὶ,
952 4481 1281 4557 λελουμὲναι
1361 4483 1410 4538 έν
1481 4483 1736 4558 γάλακτι,
1795 4487 1924 4540 καθ-

263 4577 464 4647 ήμεναι
515 4575 603 4630 έπῖ
664 4574 1014 4650 πληρώματα
1077 4573 1287 4630 ὑδάτων
1330 4591 1343 4608 ·

266 4665 444 4742 cpiast.
477 4664 596 4722 Εἷσί
653 4665 753 4740 γάρ
813 4663 1094 4726 παντελῶς
1155 4663 1455 4737 ἀμόλυντοι
1503 4666 1556 4719 αἱ
1610 4670 1712 4720 τοῦ
1754 4665 1922 4720 una-

271 4775 446 4828 ματος
495 4754 778 4831 ἐνέργειαι,
839 4752 1306 4826 ἐπαναπαυόμεναι
1360 4759 1478 4815 ταῖς
1525 4753 1730 4810 τούτων
1790 4757 1926 4810 κατὰ

270 4844 441 4920 χάριν
495 4841 960 4918 πεπληρωμέναις
1015 4842 1345 4917 ψυχαῖς,ὡς
1398 4843 1802 4920 καθαρφείσαις,
1834 4843 1924 4898 καὶ

267 4933 675 5011 φωτισθείσαις,
719 4932 852 5005 [καὶ]
896 4929 1323 4992 τελειωθείσαις.
1369 4932 1435 4987 Οἱ
1499 4932 1591 5004 μὲν
1649 4931 1925 5010 ὀφθαλμοὶ

265 5027 377 5076 τοῦ
409 5022 639 5099 νυμφίου
673 5026 936 5077 τοιοῦτοι.
966 5020 1036 5077 Αἱ
1068 5018 1124 5075 δὲ
1157 5020 1398 5095 σιαγόνες
1431 5019 1594 5074 αὑτοῦ
1626 5021 1698 5081 ὡς
1735 5021 1925 5098 φιάλαι

262 5115 375 5165 τοῦ
461 5112 751 5184 ἆρώματος
838 5110 1065 5190 φύουσαι
1171 5110 1460 5184 μυρεψικά.
1549 5107 1740 5166 Εἶ’τουν
1824 5117 1924 5179 τῆς

261 5199 401 5274 περὶ
431 5199 596 5254 πάντα
645 5205 744 5255 τοῦ
801 5203 934 5255 Θεοῦ
984 5198 1242 5273 προνοίας
1303 5199 1354 5252 οἱ
1409 5195 1568 5273 λόγοι
1623 5196 1798 5273 (οἵπερ
1852 5197 1928 5262 ὥς

258 5309 417 5350 τινες
445 5291 682 5367 σιαγόνες
736 5294 857 5351 ταῖς
912 5286 1202 5363 ἐνεργείαις
1260 5287 1423 5342 οἷονεῖ
1483 5291 1779 5357 κινοῦνται,
1835 5289 1927 5342 καὶ

255 5378 404 5441 τοὺς
451 5378 754 5454 σωτηρίους
809 5382 917 5432 τῶν
978 5376 1182 5452 ἀρετῶν
1254 5375 1490 5451 τρόπους
1559 5373 1925 5445 διδάσκουσιν,

258 5467 360 5522 καὶ
428 5463 512 5522 διὰ
558 5470 767 5524 τούτων
847 5469 1228 5540 πνευματικῶς
1280 5463 1562 5545 τρέφουσι,
1620 5463 1922 5529 λεαίνοντες

335 5685 387 5722 ⁸⁷
427 5681 448 5740 Ι
476 5684 598 5742 Cor.
632 5701 713 5757 x1,
743 5684 802 5740 3.

2025 3324 2217 3380 visum
2275 3325 2594 3396 disgregat,
2627 3324 2710 3380 ita
2769 3324 2932 3396 niger
2977 3327 3301 3381 confirmat.
3354 3327 3510 3383 Oculi
3553 3329 3672 3399 ejus

2025 3414 2168 3469 sicut
2193 3413 2462 3470 columbae
2488 3430 2651 3482 super
2678 3413 3052 3486 plcnitudi—nes
3081 3431 3374 3486 aquarum.
3411 3416 3670 3472 Sanctis-

2027 3502 2164 3559 simi
2195 3502 2448 3574 Spiritus
2480 3503 2873 3558 affectationes
2904 3503 3054 3558 oculi
3091 3503 3316 3558 Domini
3346 3508 3669 3560 vocantur:

2030 3592 2308 3664 quoniam
2336 3610 2436 3664 per
2457 3592 2616 3663 ipsos
2642 3596 2793 3648 Deus
2816 3593 3094 3649 mortales
3118 3594 3406 3665 inapicere
3426 3611 3670 3650 consue-

2029 3683 2130 3738 vit.
2164 3681 2237 3738 Ut
2256 3681 2541 3738 columbae
2563 3683 2824 3754 quaedam
2849 3685 2918 3738 ad
2944 3682 3144 3754 plenos
3169 3700 3454 3754 aquarum
3477 3683 3672 3740 alveos

2027 3769 2369 3841 incitantur,
2401 3788 2611 3842 nempe
2640 3773 2710 3827 ad
2760 3771 3023 3840 virtutes,
3074 3789 3203 3843 quae
3251 3789 3560 3843 aquarum,
3611 3773 3670 3828 id

2032 3865 2139 3927 est,
2175 3860 2507 3915 divinorum
2541 3863 2952 3916 mandatorum
3001 3861 3481 3917 descendentium
3532 3865 3674 3918 sunt

2033 3948 2448 4020 conceptacula
2507 3967 2519 4004 :
2581 3951 2720 4020 quia
2777 3965 3076 4006 sermones
3134 3965 3332 4005 earum
3395 3952 3672 4022 operibus

2034 4036 2352 4109 implentur
2383 4039 2815 4094 mandatorum.
2839 4040 3082 4094 Incitarc
3112 4044 3308 4094 autem
3343 4040 3676 4096 aliectiones

2032 4126 2122 4182 ha:
2153 4127 2223 4182 ad
2256 4128 2498 4182 virtutes
2529 4128 2694 4182 dictae
2727 4133 2898 4195 sunt;
2929 4129 3068 4198 quia
3099 4127 3211 4184 nisi
3241 4129 3526 4185 Dominus
3575 4146 3679 4201 per

2031 4215 2191 4287 ipsas
2241 4216 2498 4271 animam
2532 4217 2750 4271 bonum
2791 4215 3104 4289 eligentem
3130 4223 3414 4288 tanquam
3433 4219 3674 4274 domum

2035 4304 2291 4376 aliquam
2325 4321 2493 4360 suam
2526 4304 2921 4374 azditlcaverit,
2954 4305 3253 4361 incassum
3301 4306 3530 4364 laborat
3576 4309 3680 4380 qui

2034 4393 2300 4448 ludificat.
2335 4393 2484 4448 Sicut
2511 4393 2798 4462 columbae,
2833 4393 3045 4464 inquit,
3078 4411 3198 4465 qua
3250 4397 3309 4450 in
3362 4394 3504 4452 lacte
3551 4400 3680 4453 sunt

2037 4485 2184 4549 ιοιω,
2234 4490 2287 4536 et
2338 4481 2580 4538 resident
2626 4483 2793 4553 juxta
2850 4481 3065 4555 ﬂuenta
3106 4485 3461 4555 plenissima.
3515 4486 3678 4542 Pura;

1415 4573 1628 4647 δηλαδὴ
1690 4579 1917 4651 καθαραὶ

2032 4571 2257 4627 scilicet
2288 4588 2353 4627 ac
2385 4570 2616 4643 penitus
2648 4573 2879 4627 munda:
2911 4572 3157 4643 spiritus
3187 4573 3520 4631 atfectiones
3552 4592 3679 4646 que

2033 4660 2292 4717 resident
2319 4661 2376 4717 in
2409 4660 2874 4732 animabus,quae
2906 4661 3044 4733 ipsa:
3079 4667 3144 4717 ut
3175 4669 3454 4735 purgatas
3477 4671 3534 4720 et
3553 4664 3684 4720 illu-

2035 4756 2251 4807 stratas
2283 4755 2456 4824 atque
2490 4751 2773 4823 perfectas
2807 4767 2908 4822 per
2933 4750 3182 4821 gratiam
3207 4751 3682 4826 repleveru_nt.Ac

2036 4841 2236 4914 sponsi
2264 4841 2499 4913 quidem
2526 4841 2678 4896 oculi
2703 4845 2842 4896 sunt
2866 4840 3347 4912 ejusmodi.Genaa
3364 4842 3520 4898 illius
3539 4843 3684 4897 sicut

2033 4931 2247 5003 phiala?
2275 4931 2546 4986 aromatis
2575 4933 2809 5001 ferentes
2835 4931 3240 5003 pigmentaria.
3276 4931 3496 4987 Divina:
3525 4931 3683 4986 vide-

2033 5021 2164 5076 licet
2199 5020 2573 5092 providentiaa
2607 5024 2817 5075 cuncta
2849 5021 3207 5076 moderantis
3256 5020 3480 5076 ratione
3533 5026 3684 5093 (quae

2035 5115 2313 5180 tanquam
2347 5126 2504 5182 genae
2538 5109 2893 5179 actionibus,
2929 5114 2994 5164 ut
3022 5109 3104 5165 ita
3134 5110 3684 5180 dicam,moventur,

2037 5203 2093 5254 et
2124 5197 2457 5254 salutiferos
2489 5198 2770 5254 virtutum
2804 5216 2994 5255 mores
3043 5200 3274 5269 docent,
3324 5205 3381 5254 et
3424 5216 3528 5272 per
3577 5199 3685 5255 hos

2037 5287 2383 5360 spiritaliter
2433 5288 2721 5357 nutriunt,
2772 5287 3106 5344 mollientes
3155 5289 3587 5360 quodammodo
3627 5288 3685 5343 id

2039 5377 2193 5449 quod
2244 5376 2302 5431 in
2355 5377 2471 5434 Deo
2523 5378 2850 5433 secundum
2902 5378 3219 5434 essentiam
3272 5377 3518 5451 intelligi
3572 5393 3685 5432 non

2040 5471 2254 5539 potest,
2313 5466 2454 5522 dum
2515 5466 2724 5523 borum
2784 5467 3010 5524 actione
3085 5467 3277 5541 ipsum
3345 5465 3684 5540 explanant)
