4042 6198
403 321 517 382 647
540 380 543 381 ν

1742 310 2164 375 MICHAELIS
2208 309 2479 373 PSELLI

3664 312 3805 377 .648

403 455 608 510 sancto
642 450 893 523 impletas
926 455 1065 504 sunt
1093 447 1310 521 Spiritu
1345 446 1512 519 quasi
1548 445 1853 501 odoriferae
1884 462 2009 517 qua:

2125 464 2276 514 ,πως
2330 444 2390 496 τὸ
2447 442 2565 496 κατ’
2621 441 2809 495 οὐσίαν
2870 438 3233 510 ἆκατανόητον
3264 444 3361 497 τοῦ
3411 446 3543 497 Θεοῦ
3602 444 3677 507 ὡς
3722 466 3809 499 σα-

404 544 539 597 dam
574 540 807 613 phiala),
838 540 1134 595 variorum
1188 542 1625 610 unguentorum
1679 534 1872 590 varios
1916 534 2048 590 illos

401 648 549 702 quos
581 631 834 685 diximus
877 627 1172 700 spiritales
1222 643 1413 682 mores
1464 627 1737 680 ferentes.
1790 624 2045 679 Verbum

400 721 556 776 enim
606 719 705 775 Dei
757 722 813 774 et
863 719 1049 773 Patris
1102 734 1215 788 quo
1247 721 1531 787 reguntur
1559 720 1615 770 et
1643 714 2048 786 gubernantur

401 810 692 874 universa,
747 809 805 862 in
865 813 1069 861 sancto
1127 804 1348 877 Spiritu
1407 809 1472 859 ut
1531 801 2043 869 consubstantiali,

396 898 759 970 providentia
818 915 926 952 sua
984 903 1193 950 cuncta
1251 893 1507 966 disponit
1566 900 1624 949 et
1682 893 2037 947 moderatur.

395 994 587 1058 Atque
618 988 699 1041 ita
728 986 966 1057 quidem
999 1002 1060 1039 se
1091 984 1308 1039 habent
1338 1001 1519 1056 gena.
1559 983 1728 1038 Lubia
1756 983 1872 1053 ejus
1917 983 2041 1037 lilia

395 1076 745 1131 dislz'llantz’a
817 1074 1104 1145 myrrham
1158 1075 1391 1141 plenam
1449 1091 1461 1128 :
1523 1072 1631 1127 hoc
1690 1078 1798 1141 est,
1858 1071 2040 1126 divini

378 1164 591 1234 judicii
660 1166 939 1232 rationes,
1000 1164 1126 1234 (per
1204 1180 1351 1234 quas
1420 1161 1679 1217 Verbum
1757 1160 1858 1216 Dei
1934 1160 2037 1215 tri-

389 1255 575 1308 buens
608 1252 765 1324 quod
800 1251 1120 1323 unicuique
1153 1257 1373 1307 naturae
1408 1251 1712 1322 mentique
1742 1248 2035 1321 congruit,

385 1343 555 1413 quasi
614 1342 973 1413 quibusdam
1032 1340 1235 1405 labris,
1286 1340 1344 1394 in
1407 1339 1661 1410 singulis
1721 1356 1822 1411 per
1877 1355 2039 1393 como

385 1431 727 1486 munionem
761 1430 1123 1502 implicatur)
1158 1435 1298 1485 sunt
1340 1430 1651 1501 splendore
1693 1428 2031 1500 perspicuae,

382 1521 540 1576 sicut
571 1520 711 1588 lilia,
745 1522 885 1576 dum
921 1537 1119 1575 rerum
1156 1526 1399 1574 naturas
1429 1536 1532 1589 pro
1583 1536 1692 1574 sua
1738 1534 2035 1589 quamque

381 1611 735 1680 proprietate
769 1611 969 1664 ﬁrmas
1003 1614 1060 1664 et
1090 1608 1218 1664 sine
1266 1607 1610 1663 confusione
1662 1611 2029 1672 conservant,

384 1700 741 1770 modumque
768 1700 978 1753 docent
1009 1698 1191 1753 totius
1244 1695 1713 1752 mortiﬁcationis
1763 1697 2029 1751 omnium

380 1790 737 1856 motionum,
798 1804 900 1859 per
946 1787 1290 1843 electionem
1340 1804 1374 1842 a
1418 1789 1631 1840 natura
1684 1786 2025 1857 discrepan-

376 1879 547 1933 tium.
582 1879 773 1932 Munus
799 1879 954 1932 illius
985 1877 1298 1943 tornatiles,
1323 1890 1533 1943 aureae,
1570 1876 1758 1946 plenae
1784 1875 2022 1930 Tharsis.

380 1968 747 2024 Universales
804 1967 1070 2023 videlicet
1117 1983 1311 2021 rerum
1361 1966 1680 2021 effectrices
1737 1965 2025 2019 instaura-

373 2059 664 2128 tricesquc
720 2058 977 2113 rationes
1031 2060 1185 2126 (quae
1239 2056 1311 2110 ad
1362 2054 1711 2110 creationem
1746 2059 1805 2109 et
1833 2053 2021 2124 provi-

372 2147 632 2202 dentiam
664 2146 1039 2216 etjudicium
1066 2144 1609 2217 pertinent,quibus
1642 2142 1738 2198 Dei
1762 2142 2019 2197 Verbum

372 2238 585 2289 cuncta
610 2232 744 2288 fecit
763 2231 988 2303 etregit
1035 2237 1091 2287 et
1143 2231 1270 2287 sine
1318 2230 1662 2286 confusione
1693 2229 2017 2300 conservat)

370 2321 674 2377 tornatiles
706 2327 869 2388 sunt,
896 2325 953 2376 et
993 2320 1148 2375 varia
1184 2320 1372 2392 ipsius
1415 2318 1707 2391 sapientia
1754 2317 2018 2389 expolita)

371 2420 773 2483 purgatasque,
826 2414 891 2465 ut
939 2426 1148 2465 aurum
1188 2411 1483 2465 sincerum
1515 2408 1588 2463 ab
1640 2408 1799 2463 omni
1850 2406 2014 2463 falsi-

368 2506 507 2566 tate;
531 2505 588 2555 et
641 2506 925 2569 tanquam
984 2498 1254 2566 Tharsis,
1315 2498 1468 2569 quod
1501 2496 1701 2569 gaudii
1752 2500 2015 2551 contem-

364 2589 680 2661 plationem
714 2587 1028 2659 signiﬁcat,
1054 2587 1234 2657 plena:
1259 2603 1392 2641 vera
1413 2586 1744 2657 cognitione
1786 2585 2013 2640 bonita-

364 2679 439 2732 tis
461 2679 586 2746 ejus
618 2694 733 2747 qua
769 2676 964 2731 omnia
1003 2676 1292 2731 laetantur.
1351 2676 1591 2730 Bonitas
1622 2673 1776 2730 enim
1822 2679 2014 2729 Graece

363 2766 593 2820 videtur
625 2765 738 2820 dici
772 2782 837 2819 ex
873 2782 961 2831 eo,
1009 2765 1166 2835 quod
1212 2763 1377 2819 valde
1427 2765 1523 2831 sit,
1559 2769 1661 2819 aut
1692 2764 1769 2818 sit
1800 2766 2009 2835 posita,

363 2856 465 2906 aut
495 2857 693 2908 currat
749 2857 959 2907 Rerum
1005 2852 1161 2907 enim
1211 2853 1470 2907 essentia
1519 2852 1777 2907 declarat
1826 2852 2009 2906 Deum

360 2942 629 2996 essentia:
663 2947 974 3012 praestare;
1012 2941 1224 3012 positio
1256 2946 1476 3008 autem,
1512 2945 1749 3012 propter
1794 2941 2009 2996 immu-

362 3030 572 3085 tabiles
630 3046 829 3085 earum
890 3030 1167 3099 rationes,
1212 3034 1478 3085 naturam
1534 3029 1718 3101 ipsius
1770 3046 2011 3101 prorsus

358 3117 721 3173 immobilem
759 3136 771 3172 :
809 3135 1019 3174 cursus
1050 3134 1182 3173 vero
1214 3133 1317 3189 per
1338 3123 1578 3172 mutuas
1612 3117 1844 3172 illarum
1875 3135 2007 3173 suc-

2160 531 2477 607 φηνίζοντες
2509 530 2639 586 αὐτὸ
2668 531 2804 585 κατᾶ
2833 531 2931 600 τὴν
2990 532 3195 585 τούτων
3253 530 3544 607 ἐνέργειαν)
3592 532 3803 604 πεπλή-

2160 642 2358 697 ρωνται
2407 625 2504 675 τοῦ
2571 618 2963 690 εὖωδιάζοντος
3029 626 3148 685 ταῖς
3220 620 3445 681 οἰκείαις
3529 620 3804 697 ἐνεργείαις

2155 713 2249 773 τὰς
2314 715 2419 764 τῶν
2475 715 2678 765 πιστῶν
2739 710 2918 785 ψυχας
2968 709 3234 786 παναγίου
3307 709 3658 784 Πνεῦματος·
3717 714 3803 767 οἷα

2153 822 2293 863 τινες
2326 799 2748 879 ἀρωματοφόροι
2779 799 2991 877 φιάλαι,
3024 800 3386 875 προφέροντες
3443 801 3516 863 ὡς
3572 808 3799 857 παντοῖα

2157 889 2427 965 μυρεψικᾶ
2456 886 2564 960 ἤδη
2597 890 2721 950 τοὺς
2768 888 3088 962 εἰρημένους
3137 887 3449 952 πολυειδεῖς
3506 912 3795 963 πνευματι-

2151 980 2281 1044 κοῦς
2327 980 2584 1052 τρόπους.
2648 978 2743 1033 Καὶ
2810 978 2912 1053 γὰρ
2972 980 2999 1033 6
3060 978 3270 1033 πάντων
3330 981 3644 1055 προνοητὴς
3702 985 3794 1036 τοῦ

2151 1068 2283 1124 Θεοῦ
2314 1070 2401 1124 καὶ
2434 1069 2644 1139 ΙΙατρὸς
2680 1068 2853 1144 Λόγος
2886 1067 2936 1122 ἐν
2969 1069 3111 1143 ἁγίῳ
3156 1068 3425 1141 ΙΙνεόματι
3484 1062 3556 1128 ὡς
3604 1071 3796 1143 ὁμοου-

2151 1158 2295 1231 σίῳ,
2328 1159 2428 1227 τήν
2487 1157 2610 1233 περὶ
2668 1156 2841 1212 πάντα
2896 1156 3137 1212 ἐπιτελεῖ
3192 1157 3473 1234 πρόνοιαν.
3513 1159 3610 1215 Καὶ
3654 1158 3793 1214 οὕτω

2152 1248 2246 1321 μὶν
2308 1249 2361 1302 αἱ
2419 1248 2687 1322 σιαγόνες.
2748 1248 2822 1301 Τὰ
2883 1244 2940 1301 δὲ
2995 1245 3160 1323 χείλη
3223 1246 3387 1301 αὐτοῦ
3451 1248 3626 1323 κρίνα,
3671 1252 3791 1304 στα-

2148 1342 2306 1407 ζοντα
2391 1337 2628 1413 σμύρναν
2716 1336 2931 1410 πλήρη.
3021 1338 3204 1404 ’¹Ητοι,
3250 1343 3349 1406 τῆς
3434 1338 3555 1412 περῖ
3622 1339 3792 1393 πάντα

2146 1423 2287 1488 θείας
2343 1423 2572 1499 κρίσεως
2627 1424 2678 1478 οἱ
2736 1420 2915 1500 λόγοι,
2974 1428 3090 1488 καθ’
3149 1422 3240 1486 οὓς
3273 1424 3299 1478 6
3331 1427 3425 1478 τοῦ
3457 1428 3587 1479 Θεοῦ
3622 1425 3792 1502 Λόγος

2144 1511 2413 1586 διανέμων
2447 1514 2639 1586 ἑκάστῃ
2669 1512 2821 1590 φύσει
2866 1512 2956 1566 καὶ
3012 1513 3203 1588 γνώμῃ
3261 1513 3327 1567 τὰ
3378 1512 3685 1590 πρόσφορα,
3720 1515 3791 1577 ὥς

2140 1623 2246 1656 τισι
2280 1601 2490 1677 χείλεσι
2521 1600 2735 1664 τούτοις
2766 1602 2991 1668 ἑκάστην
3052 1601 3226 1656 αὐτῶν
3275 1602 3441 1657 οἱονεὶ
3484 1604 3619 1658 κατά
3665 1625 3789 1678 μετ-

2141 1692 2283 1766 οχήν
2368 1691 2804 1765 περιπτόσσετχι,
2883 1690 3190 1766 ὑπάρχουσι
3271 1695 3339 1764 τῇ
3438 1689 3788 1766 λαμπρότητι

2142 1778 2413 1858 διαφανεῖς
2500 1781 2573 1842 ὡς
2659 1779 2832 1855 κρίνα,
2892 1777 3183 1856 τηροῦντες
3265 1781 3361 1844 τὰς
3418 1782 3537 1845 καθ’
3588 1778 3784 1837 ἕκαστα

2138 1870 2319 1947 φύσεις
2377 1870 2513 1924 κατὰ
2576 1869 2703 1933 τοὺς
2756 1867 2926 1931 ἰδίους
2988 1868 3162 1924 αὐτῶν
3224 1868 3423 1945 λόγους
3489 1870 3785 1947 ἀτρέπτους

2135 1961 2220 2014 καὶ
2273 1958 2639 2034 ἀσυγχύτους,
2671 1958 2760 2013 καὶ
2815 1955 3154 2021 διδάσκοντες
3207 1958 3333 2021 τοὺς
3390 1956 3626 2036 τρόπους
3684 1968 3782 2031 τῆς

2132 2046 2429 2108 παντελοῦς
2486 2048 2798 2123 νεκρώσεως
2855 2052 3039 2102 πασῶν
3090 2053 3198 2103 τῶν
3256 2049 3392 2103 κατᾶ
3465 2050 3777 2125 προαίρεσιν

2131 2138 2276 2212 παρὰ
2350 2136 2506 2215 φύσιν
2591 2139 2893 2207 κινήσεων.
2982 2139 3171 2212 Χιῖρες
3254 2137 3420 2193 αὐτοῦ
3490 2140 3779 2215 τορευταῗ,

2129 2231 2351 2303 χρυσαῖ,
2408 2223 2842 2302 πεπληρωμέναι
2895 2226 3107 2302 Θαρσίς.
3151 2228 3370 2302 Ἤγουν,
3432 2228 3483 2282 οἱ
3540 2228 3782 2292 καθόλου

2127 2314 2407 2387 ποιητικοῖ
2441 2315 2529 2370 καὶ
2561 2315 2912 2371 ἀνανεωτικοὶ
2943 2321 3049 2371 τῶν
3082 2312 3249 2371 ὅντων
3283 2315 3535 2392 λόγοι,οἱ
3555 2321 3654 2383 τῆς
3692 2317 3784 2389 δη-

2130 2406 2442 2481 μιουργίας,
2476 2406 2642 2484 φημὶ,
2675 2405 2762 2460 καὶ
2794 2413 2895 2476 τῆς
2925 2405 3207 2483 προνοίας,
3240 2407 3329 2462 καὶ
3376 2410 3476 2475 τῆς
3522 2410 3783 2484 κρίσεως,

2124 2496 2242 2558 καθ’
2275 2494 2365 2549 οὖν
2427 2496 2494 2549 τὰ
2548 2496 2722 2550 πάντα
2755 2496 2781 2550 ὁ
2829 2499 2925 2550 τοῦ
2982 2500 3113 2551 Θεοῦ
3173 2495 3345 2572 Λόγος
3398 2498 3666 2569 πεποιηκέ
3724 2520 3781 2554 τε

2123 2584 2213 2637 καὶ
2282 2582 2530 2660 διεξάγει,
2586 2586 2671 2639 καὶ
2747 2582 2952 2661 ἄφυρτα
3036 2591 3307 2657 συντηρεῖ,
3365 2587 3778 2660 τετορνευμένοι

2122 2672 2179 2727 τέ
2236 2672 2337 2727 εἷ’σι
2396 2677 2463 2748 τῇ
2522 2672 2749 2747 ποικίλῃ
2806 2673 2969 2728 αἰτοῦ
3027 2674 3206 2749 σοφίᾳ,
3242 2676 3331 2729 καὶ
3387 2676 3778 2751 καθαρεόοντες

2127 2763 2220 2834 μὶν
2253 2765 2339 2816 οἷα
2370 2763 2575 2838 χρυσὸς
2606 2758 2906 2832 ἀκίϐδηλος
2936 2764 3112 2832 πάσης
3160 2762 3371 2825 ἐννοίας
3411 2762 3668 2838 ψευδοῦς,
3705 2767 3779 2828 ὡς

2123 2848 2178 2905 δὲ
2237 2856 2332 2906 τοῦ
2391 2851 2586 2926 Θαρσῖς
2663 2850 2987 2923 (ἐπισκοπῆς
3055 2858 3230 2928 χαρᾶς
3291 2853 3776 2929 ἐρμηνευομένου),

2122 2940 2555 3016 πεπληρωμένοι
2607 2940 2845 3011 ἀληθοῦς
2896 2943 3293 3012 κατανοήσεως,
3326 2949 3426 3011 τῆς
3482 2945 3549 2997 ti
3601 2943 3778 2999 πάντα

2122 3029 2514 3107 εὖφραινούσης
2602 3030 2933 3105 ἀγαθότητος
3016 3030 3201 3100 αὐτοῦ,
3253 3030 3775 3107 έτυμολογοομὲνης

2120 3120 2265 3194 παρᾶ
2314 3121 2376 3174 τὸ
2436 3116 2562 3195 ἄγαν
2621 3121 2777 3190 εἶναι,
2835 3120 2869 3188 ἢ
2921 3119 3273 3189 τεθεῖσθαι,ἢ
3334 3122 3492 3184 θέειν.
3545 3123 3624 3178 Τὸ
3676 3124 3775 3196 μὲν

357 3211 672 3277 cessiones,
706 3212 934 3262 motum
969 3208 1098 3277 ejus
1147 3211 1278 3261 actu
1331 3207 1778 3278 sempiternum.
1819 3208 2007 3263 Venter

2125 3208 2212 3284 γὰρ
2246 3208 2378 3262 εἶναι
2409 3209 2515 3262 τῶν
2571 3203 2765 3279 ὄντων,
2797 3207 2857 3262 τὸ
2910 3208 3180 3284 ὑπερεῖναι
3226 3213 3322 3264 τοῦ
3371 3215 3504 3265 Θεοῦ
3563 3208 3774 3280 δηλοῖ’

356 3297 474 3364 eius
504 3297 659 3367 pilcis
703 3298 930 3367 exigua,
980 3297 1246 3365 eburnea,
1281 3311 1448 3366 super
1497 3295 1688 3366 lapide
1725 3296 2005 3367 sapphiro.

355 3387 495 3455 Ejus
528 3384 809 3440 nimirum
843 3386 1131 3455 sapientia
1179 3401 1307 3455 quae
1345 3384 1403 3438 in
1435 3401 1496 3439 se
1541 3383 1673 3455 ipsa
1720 3390 2008 3454 quatenus

362 3491 539 3530 causa
568 3476 718 3547 gerit
766 3477 1021 3529 rationes
1072 3491 1269 3529 rerum
1312 3474 1647 3528 subvectum
1702 3473 1877 3529 habet
1907 3491 2009 3546 per

362 3565 682 3620 essentiam
714 3581 782 3619 ea
815 3581 942 3635 quae
982 3564 1232 3619 visibilia
1263 3568 1420 3629 sunt,
1477 3568 1539 3619 ut
1588 3562 1843 3635 lapidem
1877 3582 2007 3635 sap-

361 3654 598 3725 phirum
650 3658 884 3725 prOpter
932 3654 1274 3708 firmitatem
1322 3658 1497 3723 atque
1536 3651 2004 3709 immobililatem

359 3742 730 3813 coloremque
809 3739 1157 3795 caeruleum.
1235 3738 1344 3794 Per
1432 3740 1721 3794 actionem
1807 3745 2003 3797 autem

361 3832 654 3902 descripta
685 3833 775 3884 est
831 3829 888 3883 in
940 3829 1113 3882 rebus
1170 3829 1511 3899 procreatis,
1574 3845 1675 3899 per
1723 3846 1871 3900 quas
1917 3831 2003 3886 uti

356 3919 503 3975 liber
535 3920 775 3991 quidam
815 3918 1130 3983 eburneus,
1181 3917 1399 3989 politus
1431 3923 1487 3973 et
1519 3936 1703 3990 purus
1744 3920 2001 3976 divinam

355 4013 479 4064 tum
495 4008 741 4081 gloriam
764 4012 890 4061 tum
912 4007 1403 4076 magnificentiam
1422 4024 1553 4063 vere
1575 4009 2003 4082 perspicueque

354 4102 748 4171 repraesentat.
781 4098 1100 4153 Invisibilia
1129 4098 1275 4153 enim
1300 4098 1473 4168 ipsius
1503 4106 1809 4154 acreatura
1838 4117 2000 4155 mun-

353 4188 411 4242 di
436 4203 535 4259 per
563 4203 628 4243 ea
653 4204 771 4259 qua:
799 4190 954 4257 facta
991 4190 1137 4256 sunt,
1183 4187 1463 4242 intellecta
1494 4190 1910 4258 conspiciuntur
1934 4190 1998 4255 ⁵⁸,

355 4283 420 4332 ut
454 4294 703 4350 magnus
725 4278 807 4333 ait
834 4275 1168 4347 Apostolus.
1202 4282 1393 4347 Atque
1416 4277 1523 4332 hoc
1555 4277 1794 4348 quidem
1829 4278 2000 4334 modo

351 4384 519 4423 mens
540 4384 608 4422 ex
640 4366 710 4420 iis
744 4383 871 4437 quae
920 4367 990 4421 de
1048 4366 1162 4421 Deo
1218 4383 1319 4437 per
1366 4366 1495 4437 ejus
1529 4383 1701 4437 opera
1735 4383 1998 4439 compre-

349 4458 707 4521 henduntur,
734 4456 997 4511 cernitid
1023 4456 1177 4528 quod
1203 4473 1305 4527 per
1352 4458 1668 4511 essentiam
1712 4457 1839 4524 eius
1882 4475 1996 4513 non

2117 3298 2177 3351 τὸ
2227 3293 2285 3351 δὲ
2332 3300 2621 3365 τεθεῖσθαι,
2656 3296 2872 3351 παντως
2925 3294 2995 3350 δι’
3041 3296 3334 3368 ἀτρέπτους
3390 3297 3518 3362 τοὺς
3559 3299 3775 3355 τούτων

2120 3385 2323 3459 λόγους
2356 3386 2486 3439 εἶναι
2517 3386 2578 3439 τὸ
2606 3384 2805 3440 τούτου
2833 3386 2948 3439 κατ’
2980 3384 3159 3439 οὐσίαν
3192 3387 3415 3459 πάμπαν
3470 3387 3766 3459 ἀκίνητον·

2115 3476 2176 3530 τὸ
2210 3473 2266 3529 δὲ
2297 3477 2432 3530 θέειν
2467 3471 2681 3545 δηλαδὴ
2713 3480 2831 3536 ταῖς
2860 3472 2910 3544 ἐξ
2942 3472 3208 3545 ἀλλήλων
3257 3482 3518 3540 κινεῖσθαι
3578 3474 3771 3534 διαδο-

2117 3570 2245 3639 χαῖς
2308 3565 2368 3618 τὸ
2430 3564 2547 3618 κατ’
2606 3562 2873 3637 ἐνέργειαν
2929 3562 3091 3619 αὐτοῦ
3174 3564 3501 3634 ἀεικίνητον,
3563 3566 3769 3623 Κοιλία

2115 3653 2279 3707 αὐτοῦ
2366 3651 2592 3723 πυξίον,
2674 3650 3018 3728 ἐλεφάντινον
3118 3651 3207 3707 ἐπὶ
3289 3650 3444 3708 λίθου
3531 3656 3766 3734 σαπφεί-

2115 3762 2234 3818 ρουσ
2270 3739 2524 3811 δηλονότι
2553 3744 2587 3810 ἡ
2630 3741 2862 3816 φέρουσα
2914 3739 2964 3795 έν
3017 3740 3183 3813 ἑαυτῇ
3235 3744 3350 3796 κατ’
3398 3742 3573 3798 αἲτίαν
3634 3745 3768 3808 τοῦς

2114 3836 2219 3885 τῶν
2270 3826 2439 3884 ὄντων
2497 3829 2699 3904 λόγους
2752 3829 2949 3885 τούτου
3009 3830 3191 3908 σοφία,
3245 3832 3600 3905 ὑποκείμενον
3664 3836 3765 3906 μὶν

2113 3916 2230 3995 ἔχει
2260 3920 2375 3974 κατ’
2409 3919 2593 3973 οὐσίαν
2626 3920 2693 3972 τὰ
2724 3919 2925 3993 ἀόρατα
2955 3918 3141 3990 αὐτοῦ,
3175 3922 3265 3975 οἷα
3323 3920 3475 3985 λίθον
3528 3924 3769 4002 ciues:-

2113 4029 2204 4083 ρον
2240 4007 2327 4063 διά
2354 4029 2412 4063 τε
2439 4009 2500 4063 τὸ
2533 4007 2752 4084 στερρὸν
2782 4008 2871 4062 καὶ
2902 4007 3174 4079 ἀκίνητον,
3207 4010 3295 4064 καὶ
3350 4012 3412 4064 τὸ
3458 4015 3556 4065 τοῦ
3608 4014 3772 4087 χρώ-

2115 4119 2284 4171 ματος
2334 4097 2545 4155 κυανόν.
2608 4098 2995 4172 Ἐγγέγραπται
3061 4095 3118 4152 δὲ
3190 4101 3307 4153 κατ’
3364 4098 3633 4177 ἐνέργειαν
3694 4106 3769 4176 τῇ

2109 4186 2301 4253 κτίσει,
2333 4188 2447 4240 καθ’
2478 4188 2538 4255 ἣν
2581 4185 2670 4240 οἷά
2723 4207 2804 4249 τις
2865 4181 3056 4262 βίϐλος
3116 4185 3434 4265 ἐλεφαντίνη
3493 4188 3617 4244 λεία
3672 4190 3771 4246 καὶ

2109 4275 2317 4350 καθαρὰ
2345 4276 2443 4344 τὴν
2479 4274 2620 4339 θείαν
2656 4272 2808 4345 δόξαν
2850 4296 2905 4330 τε
2952 4275 3041 4330 καὶ
3098 4274 3569 4353 μεγαλοπρέπειαν
3614 4279 3771 4350 ἀλη-

2111 4369 2219 4428 θῶς
2275 4385 2333 4419 τε
2390 4364 2480 4418 καὶ
2540 4360 2822 4438 ἀριδήλως
2877 4364 3191 4438 παρίστησι.
3250 4368 3329 4436 Τὰ
3388 4368 3490 4442 γὰρ
3553 4368 3771 4443 ἀόρατα

2111 4452 2273 4507 αὐτοῦ
2358 4453 2463 4507 ἀπὸ
2548 4452 2772 4514 κτίσεως
2826 4448 3038 4526 κόσμου
3122 4460 3241 4516 τοῖς
3324 4458 3596 4528 ποιήμασι
3675 4457 3769 4512 ἐν-

350 4549 539 4615 potest
560 4544 997 4616 comprehendi.
1051 4547 1113 4599 In
1148 4561 1212 4599 eo
1247 4549 1440 4599 autem
1477 4545 1629 4615 quod
1666 4561 1766 4614 per
1797 4561 1995 4600 essen-

2125 4542 2371 4614 νοούμενα
2428 4543 2741 4616 καθορᾶται,
2790 4542 2926 4597 κατᾶ
2998 4542 3089 4597 τὸν
3163 4542 3325 4619 μέγαν
3381 4544 3766 4601 Ἀπόστολον·

347 4636 488 4690 tiam
521 4652 635 4690 non
668 4634 1204 4707 comprehenditur,
1228 4652 1261 4689 ο.
1291 4633 1488 4689 labore
1519 4650 1693 4704 quem
1725 4633 1783 4687 in
1820 4652 1993 4689 cursu

345 4725 691 4796 speculandi
752 4723 1017 4796 percipit,
1073 4723 1388 4793 requiescit
1428 4740 1441 4777 :
1493 4723 1625 4790 (Qui
1654 4721 1810 4776 enim
1842 4723 1998 4778 addit

343 4817 657 4884 scz'enlzam,
687 4814 843 4869 addit
872 4813 1116 4869 dolorem
1132 4814 1197 4884 ⁵ο)
1243 4812 1741 4882 confirmaturque
1791 4829 1997 4868 rursus

346 4905 416 4959 ad
451 4921 646 4959 rerum
680 4903 1255 4973 contemplationem.
1309 4901 1815 4966 Quemadmodum
1866 4900 1995 4956 albo

346 4992 537 5049 colore
566 4992 832 5064 corporis
854 4990 1021 5045 oculo
1053 4988 1393 5045 videndivis
1426 4989 1735 5061 frangitur,
1761 4990 1995 5044 eadem—

347 5099 463 5152 qua
485 5096 719 5136 rursum
754 5096 858 5151 per
888 5094 1019 5134 eum
1048 5078 1212 5149 nigro
1237 5077 1585 5148 permistum
1638 5077 1894 5131 reficitur
1939 5082 1997 5132 et

345 5174 661 5225 recreatur.
693 5171 771 5222 Ac
810 5174 1010 5222 venter
1031 5166 1266 5238 quidem
1293 5168 1377 5219 est
1413 5164 1567 5219 talis.
1603 5164 1777 5220 Crura
1799 5170 1993 5220 autem

343 5260 500 5313 illius
528 5259 800 5313 columna:
849 5270 1198 5319 marmoreae,
1231 5269 1354 5327 quae
1381 5254 1629 5325 fundatae
1655 5261 1785 5309 sunt
1831 5270 1997 5325 super

342 5350 493 5403 bases
521 5363 744 5402 aureas.
775 5347 896 5402 Duo
926 5344 1227 5413 vedelicet,
1261 5361 1497 5401 summa
1528 5348 1584 5400 et
1614 5360 1741 5415 qua:
1774 5342 1995 5414 reliqua

341 5436 835 5509 complectuntur,
869 5433 1027 5490 illius
1087 5434 1389 5505 mandata,
1426 5437 1489 5489 ut
1531 5449 1667 5490 eum
1714 5436 1773 5489 et
1800 5432 1989 5505 proxi-

411 5653 456 5692 ⁵⁸
486 5652 654 5713 Rom.
688 5669 729 5727 ι,
753 5651 843 5711 20.
919 5651 964 5692 ⁸⁸
992 5649 1180 5711 Eccle.
1214 5667 1253 5725 ι,
1286 5650 1375 5709 18.

2107 4630 2193 4684 καὶ
2238 4630 2679 4706 τοιουτοτρόπως
2722 4631 2748 4685 ὁ
2780 4636 2903 4692 νοῦς
2962 4630 3013 4686 ἐν
3070 4632 3163 4704 μὶν
3201 4637 3281 4705 τῷ
3329 4640 3439 4688 κατ’
3489 4633 3767 4712 ἐνέργειαν

2106 4723 2201 4773 τοῦ
2232 4718 2388 4773 Θείου
2414 4718 2770 4791 καταληπτῷ,
2805 4720 2905 4793 ὁρᾷ
2934 4720 2995 4773 τὸ
3043 4722 3159 4774 κατ’
3192 4720 3373 4775 οὐσίαν
3424 4722 3592 4777 αὐτοῦ
3630 4725 3771 4779 ἄκαο

2104 4807 2415 4877 τάληπτον·
2453 4807 2503 4863 έν
2566 4805 2622 4861 δὲ
2678 4812 2757 4879 τῷ
2807 4809 2924 4863 κατ’
2960 4808 3141 4863 οὐσίαν
3198 4808 3566 4884 ἀκαταλήπτῳ
3628 4814 3767 4868 ἀνα-

2106 4895 2329 4950 παύεται
2368 4897 2461 4970 μὶν
2506 4901 2603 4951 τοῦ
2636 4895 2687 4950 ἰν
2715 4900 2793 4968 τῷ
2833 4897 2969 4951 κατὰ
3028 4896 3257 4971 θεωρίαν
3313 4895 3503 4972 δρόμῳ
3553 4898 3767 4978 ἄλγους

2107 4986 2189 5058 (Ὁ
2248 4986 2351 5060 γὰρ
2406 4984 2713 5059 προστιθεὶς
2770 4990 2989 5060 γνῶσιν,
3045 4985 3398 5059 προστίθησιν
3482 4987 3767 5063 ἄλγημα),

2105 5071 2491 5147 ἐνδυναμοῦται
2526 5071 2583 5128 δέ
2607 5095 2725 5135 πως
2754 5072 2920 5128 πάλιν
2948 5074 3083 5147 πρὸς
3136 5075 3359 5150 θεωρίαν
3408 5081 3517 5131 τῶν
3560 5074 3765 5136 ὄντων.

2102 5166 2304 5236 Ὥσπερ
2334 5168 2428 5218 καῖ
2459 5165 2487 5218 6
2518 5162 2777 5233 αἰσθητὸς
2806 5162 3090 5236 ὀφθαλμὸς
3143 5164 3406 5235 ἀτονήσας
3453 5168 3553 5236 τήν
3606 5164 3767 5241 ὄψιν.

2105 5249 2449 5327 διαχυοεῖσαν
2500 5256 2579 5324 τῷ
2622 5250 2802 5323 λευκῷ
2832 5252 3110 5326 χρώματι,
3144 5250 3298 5316 αὖθις
3354 5255 3763 5325 ἆνακαινίζεται

2102 5343 2219 5395 κατ’
2248 5339 2438 5411 αὐτὴν,
2469 5339 2909 5414 συστελλομένην
2963 5334 3032 5416 τῇ
3076 5341 3397 5416 παραμιείᾳ»
3431 5348 3531 5398 τοῦ
3593 5344 3768 5417 μέλα-

2101 5451 2214 5494 νος.
2248 5430 2352 5485 Καὶ
2398 5429 2559 5504 ἡμὶν
2590 5428 2778 5485 κοιλία
2818 5428 3067 5502 τοιαύτη.
3098 5430 3173 5488 Al
3214 5428 3270 5485 δὲ
3320 5437 3528 5506 κνῆμαι
3590 5432 3767 5488 αὐτοῦ
