3944 6210
190 328 280 389 649

190 454 349 513 στύλοι

190 551 387 624 χρυσὲἱς⁸
449 544 645 621 ἤγουν,
707 545 762 599 αἱ
809 543 1050 600 καθόλου
1101 544 1192 600 καὶ
1240 549 1348 599 τῶν
1403 543 1589 600 ἄλλων
1622 547 1806 598 πασῶν

191 634 550 710 περιληπτικαῖ
585 633 682 690 δύο
713 633 950 690 ἐντολαί·
993 635 1026 704 ἠ
1080 634 1154 696 sic
1187 633 1345 688 αὐτὸν
1379 630 1595 704 δηλαδη
1624 632 1808 708 ἀγάπη

191 727 358 788 nisi;
401 726 492 781 τὸν
544 724 782 796 πλησίον
837 726 942 798 (οἷς
1002 723 1160 786 αὐτὸς
1220 724 1248 779 6
1305 727 1401 778 τοῦ
1455 727 1588 780 Θεοῦ
1642 722 1814 796 Λόγος

193 818 261 874 οἷά
279 837 388 872 τισι
419 817 680 888 κνήμαις,
737 813 788 868 ἐν
818 819 938 876 ταῖς
991 818 1210 875 πισταῖς
1249 812 1420 889 βαίνει
1462 816 1689 888 ψυχαῖς,
1723 811 1812 868 καὶ

191 909 260 963 τὸν
311 903 514 982 δρόμον
581 903 633 960 ἐν
711 903 928 966 ταῦταις
983 908 1221 959 ποιεῖται
1278 903 1415 958 κατᾶ
1469 907 1666 977 γνῶσιν
1723 901 1812 956 καὶ

192 997 402 1072 ἀρετὴν),
474 996 566 1050 οἷά
619 1015 760 1056 τινες
819 991 1008 1049 στύλοι
1072 993 1404 1069 μαρμάρινοι
1463 995 1533 1066 τῇ
1592 990 1817 1069 ἀρῥαγεῖ

191 1086 365 1154 aferen,
420 1086 510 1140 καὶ
565 1089 648 1157 τῷ
703 1083 942 1160 λαμπρῷ
1000 1082 1103 1159 βίῳ
1162 1080 1589 1158 ὑπερανέχουσαι
1655 1080 1812 1135 αὐτὸν

190 1178 260 1233 τὸν
313 1174 700 1248 πιστευόμενον
754 1173 951 1248 Λόγον·
1012 1169 1149 1228 ὣστε
1209 1172 1286 1246 μὴ
1319 1169 1392 1226 δι’
1419 1172 1567 1244 ἡμᾶς
1595 1172 1658 1226 τὸ
1691 1165 1814 1225 ὅνο-

193 1287 250 1339 μα
293 1263 460 1320 αὐτοῦ
534 1261 890 1318 καταπίπτειν
949 1261 1025 1326 εἷς
1077 1261 1139 1317 τὸ
1203 1259 1640 1337 βλασφημεῖσθαι
1696 1264 1816 1322 τοῖς

191 1353 388 1425 ἶθνεσιν,
467 1349 844 1426 ἡδραιωμέναι
916 1350 1050 1406 sio-iv
1129 1351 1205 1413 ὡς
1263 1349 1351 1404 έπί
1414 1370 1524 1404 τισι
1584 1353 1816 1426 χρυσαῖς

193 1444 355 1519 βάσεσι
407 1445 478 1515 τῇ
538 1439 772 1512 ἀληθείᾳ
826 1460 884 1494 τε
930 1441 1021 1494 καὶ
1081 1438 1288 1514 ἀγαθῷ,
1348 1441 1436 1500 οἷς
1490 1435 1581 1492 διὰ
1607 1438 1670 1493 τὸ
1701 1439 1818 1494 κατ’

190 1531 346 1587 οὐσίαν
407 1529 672 1604 ἄτρεπτον
728 1530 819 1584 καὶ
873 1529 936 1584 τὸ
993 1529 1110 1583 κατ’
1168 1526 1434 1604 ἐνέργειαν
1469 1525 1816 1604 ένεργητικὸν

188 1623 238 1677 τὸ
273 1625 424 1677 Θεῖον
501 1617 787 1691 δηλοῦται,
865 1617 895 1672 ὅ
968 1618 1146 1689 πάσης
1222 1617 1525 1693 ὑπέρκειται
1584 1617 1816 1695 ιρ·3σεως.

192 1710 320 1768 Mati
370 1713 504 1787 γοῦν
562 1710 658 1777 τήν
708 1709 846 1763 κατά
905 1707 1069 1782 μέρος
1131 1711 1228 1762 τοῦ
1277 1706 1514 1785 νυμφίου
1543 1705 1817 1780 ἐξήγησιν,

189 1797 478 1861 καθολικῶς
546 1797 710 1853 πάλιν
770 1797 805 1866 ἠ
865 1795 1050 1875 νύμφη
1107 1795 1172 1850 τὰ
1201 1796 1321 1871 περὶ
1358 1795 1523 1850 αὐτοῦ
1553 1793 1822 1871 ἀπαγγέλ-

195 1887 341 1944 λουσα
393 1893 513 1950 ταῖς
574 1885 1061 1961 μαθητευομέναις,
1112 1884 1295 1960 φησίνο
1355 1881 1514 1946 Εἶδος
1552 1883 1715 1938 αὐτοῦ
1746 1883 1822 1947 ὡς

194 1973 428 2046 Λίϐανος,
507 1976 761 2039 ἐκλεκτὸς
835 1976 907 2038 ὡς
971 1971 1182 2048 κέδρος.
1256 1975 1434 2043 Ἣτοι,
1490 1975 1524 2044 ἡ
1584 1971 1821 2050 ἐνέργεια

195 2068 332 2122 αὑτοῦ
386 2067 509 2130 καθ’
567 2067 626 2135 ἦν
680 2064 862 2136 αὐτὸς,
920 2065 954 2134 ἠ
1013 2067 1110 2118 τοῦ
1158 2066 1291 2118 Θεοῦ
1334 2063 1423 2117 καὶ
1476 2062 1682 2137 Πατρὸς
1738 2061 1822 2117 έν-

197 2157 479 2219 υπόπατος
510 2154 742 2229 δύναμις
799 2153 1278 2230 χαρακτηρίζεται,
1332 2150 1492 2207 πᾶσίν
1548 2151 1656 2206 ἐστι
1708 2149 1822 2206 δια-

194 2248 340 2323 ρανής
366 2247 459 2302 καὶ
491 2242 826 2316 κατάδηλος,
857 2243 932 2307 ὡς
962 2243 1024 2298 τὸ
1082 2238 1209 2317 ὄρος
1269 2243 1297 2296 6
1355 2235 1611 2314 Λίϐανος,
1645 2238 1733 2295 διὰ
1761 2241 1825 2296 τὸ

197 2337 520 2412 ὑπερκεῖσθαι
549 2339 653 2390 τῶν
707 2332 880 2389 αὐτῶν
933 2332 1340 2408 παρακειμένων
1373 2331 1537 2407 ὁρῶν.
1598 2331 1676 2388 Τὸ
1722 2329 1824 2407 γὰρ

195 2425 370 2499 ἀγαθὸν
405 2425 437 2480 ὅ
483 2426 584 2495 τήν
636 2423 779 2478 θείαν
831 2422 1082 2496 σημαίνει
1136 2420 1427 2498 ἐνέργειαν,
1479 2420 1633 2499 φύσει
1681 2419 1828 2496 παρὰ

196 2515 332 2570 πὶσίν
377 2513 519 2570 ἐστιν
571 2514 805 2590 αἱρετὸν,
867 2509 948 2567 ὅτι
1001 2509 1198 2567 τούτου
1249 2510 1316 2565 τὰ
1371 2512 1545 2565 πάντα
1602 2509 1826 2588 ἐφίεται.

198 2603 370 2680 Διόπερ
432 2603 572 2659 κατά
639 2605 741 2672 τήν
808 2601 1100 2678 εἰρημένην
1165 2599 1426 2676 ἐνέργειαν
1490 2597 1743 2661 ἐκλεκτὸς
1799 2599 1828 2654 6

199 2693 405 2772 νυμιρίος
461 2693 604 2748 ἐστὶν
664 2692 770 2746 ἀπὸ
820 2695 922 2746 τοῦ
979 2689 1202 2753 σκότους
1239 2687 1393 2752 ὄντος
1442 2687 1531 2744 καὶ
1565 2693 1678 2767 φῶς
1705 2689 1830 2744 ὑπο.

197 2783 520 2856 κρινομένουο
593 2781 774 2856 ὥσπερ
851 2781 901 2835 οἱ
953 2776 1169 2854 κέδροις
1241 2778 1690 2854 παρεικαζόμενοι
1747 2775 1830 2833 δί-

198 2891 347 2940 καιοι,
402 2873 509 2926 ἀπὸ
538 2875 647 2925 τῶν
707 2866 906 2926 ἀδίκων
965 2869 1055 2923 καὶ
1114 2873 1394 2943 πονηρῶν.
1428 2868 1635 2946 Λάρυγξ
1663 2869 1830 2922 αὐτοῦ

195 2961 517 3033 γλυκασμὸς,
572 2960 664 3014 καὶ
724 2957 853 3020 ὅλος
921 2956 1201 3032 ἐπιθυμία.
1265 2959 1494 3033 Ἥγουν,
1543 2959 1578 3028 ἡ
1659 2957 1827 3026 Καινή

197 3052 419 3121 Δξαθηκη
454 3047 526 3104 δι’
573 3049 642 3118 ἧς
675 3049 748 3110 ὡς
780 3044 870 3102 διά
896 3068 1043 3109 τινος
1093 3046 1367 3125 φάρυγγος
1417 3048 1615 3124 βρῶμα
1663 3051 1834 3101 ποιεῖ-

195 3157 270 3191 ται
295 3141 390 3208 τήν
420 3142 528 3193 τῶν
559 3137 855 3212 ἀνθρώπων
888 3135 1186 3212 σωτηρίαν,
1213 3137 1442 3212 γλυκεῖά
1481 3135 1590 3191 ἐστι
1622 3141 1700 3209 τῷ
1719 3135 1830 3209 ,λά-

1203 321 1612 386 COMMENT.
1649 323 1727 382 IN
1772 322 2178 387 CANTICUM
2223 297 2547 386 CANTIC.‘

461 453 796 532 μαρμάρινοι
887 451 1352 529 τεθεμελιωμένοι
1447 453 1537 510 ἐπὶ
1629 453 1808 530 βάσεις

2029 475 2084 514 m
2113 458 2432 532 diligamus
2463 458 2705 531 (quibus
2735 459 2932 532 ipsum
2988 459 3084 515 Dei
3133 459 3385 516 Verbum
3435 465 3571 518 tan-

3451 329 3573 389 750

1922 565 2096 618 quam
2127 549 2286 605 binis
2314 550 2586 605 cruribus
2611 549 2670 604 in
2705 549 3014 605 animabus
3038 537 3311 605 ﬁdelibus
3333 550 3570 621 incedit,

1922 642 1980 692 et
2011 655 2112 709 per
2142 638 2452 695 scientiam
2485 643 2661 711 atque
2705 639 2980 694 virtutem
3034 654 3271 694 cursum
3316 639 3573 708 conﬁcit)

1921 726 2098 783 veluti
2145 727 2434 784 columnae
2489 730 2757 800 quasdam
2818 745 3174 796 marmoreis,
3233 728 3406 784 ﬁrma
3461 729 3575 785 tide

1925 822 1980 872 et
2006 817 2124 873 vita
2156 817 2464 890 splendida
2494 819 2790 875 sustinent
2821 819 3017 890 ipsum
3071 819 3319 874 Verbum
3345 837 3362 888 ;
3419 818 3574 890 quod

1924 907 2218 962 creditur:
2256 923 2326 962 ne
2360 912 2596 979 propter
2625 925 2732 963 nos
2781 923 2975 963 nomen
3025 909 3155 976 ejus
3204 923 3271 963 eo
3319 907 3575 973 decidat,

1926 1001 1991 1051 ut
2021 998 2171 1052 inter
2197 1002 2382 1068 gentes
2432 997 2836 1068 blasphematur
2863 999 2926 1052 ⁸ο.
2960 997 3234 1052 Fundatas
3285 1000 3425 1053 sunt
3473 1014 3576 1053 su-

1925 1102 2029 1158 per
2058 1087 2228 1142 bases
2259 1103 2487 1154 aureas,
2538 1103 2742 1142 verum
2788 1091 2843 1142 et
2889 1087 3133 1152 bonum,
3185 1085 3402 1157 quibus
3451 1094 3577 1142 tum

1926 1180 2162 1248 propter
2181 1180 2396 1230 naturae
2419 1175 2981 1247 immutabilitatem,
3021 1180 3144 1231 tum
3180 1180 3416 1247 propter
3443 1191 3577 1248 pro-

1929 1265 2187 1320 merendi
2222 1265 2642 1338 benignitatem
2677 1264 3004 1320 declaratur
3032 1265 3206 1335 Deus,
3231 1264 3332 1336 qui
3355 1269 3577 1320 naturae

1926 1357 2162 1426 praestat
2192 1353 2498 1410 universe.
2529 1353 2846 1427 Postquam
2877 1353 3057 1426 igitur
3077 1371 3293 1427 sponsa
3310 1353 3577 1425 singulas

1927 1442 2128 1516 sponsi
2160 1447 2356 1515 partes
2406 1444 2694 1515 expressit
2751 1443 3118 1513 summatim,
3167 1442 3380 1498 iterum
3429 1441 3576 1498 illud

1927 1529 2234 1606 discipulis
2266 1533 2626 1600 describens,
2686 1533 2938 1605 Species,
2998 1532 3214 1604 inquit,
3269 1533 3420 1603 ejus,
3475 1546 3580 1604 per

1927 1639 2100 1694 quem
2134 1621 2235 1678 Dei
2267 1626 2323 1678 et
2352 1622 2540 1678 Patris
2599 1621 3120 1678 consubstantialis
3168 1621 3430 1694 potentia
3481 1636 3580 1675 ex-

1927 1712 2223 1784 primitur,
2257 1712 2534 1767 omnibus
2583 1716 2670 1768 est
2717 1711 2969 1767 illustris
3015 1715 3190 1782 atque
3237 1709 3577 1781 conspicua,

1928 1801 2013 1856 uti
2049 1819 2214 1857 mons
2245 1802 2524 1872 Libanus,
2543 1803 2642 1873 qui
2666 1800 2819 1856 inter
2838 1800 3060 1855 vicinos
3084 1803 3315 1855 montes
3336 1798 3576 1855 eminet.

1931 1891 2155 1946 Bonum
2190 1891 2347 1946 enim
2382 1891 2535 1962 quod
2567 1891 2685 1946 vim
2719 1890 2976 1946 divinam
3009 1888 3319 1960 signiﬁcat,
3354 1887 3426 1944 ab
3448 1903 3579 1944 om-

1931 1981 2106 2035 nibus
2136 1979 2395 2052 eligitur,
2423 1980 2703 2052 quoniam
2759 1979 2903 2033 illud
2955 1983 3232 2050 expetunt
3278 1977 3574 2034 universa.

1933 2069 2342 2138 Quamobrem,
2377 2086 2478 2141 per
2507 2073 2724 2138 actum,
2781 2073 2843 2123 ut
2891 2068 3169 2134 diximus,
3224 2067 3444 2123 electus
3491 2072 3582 2124 est

1933 2175 2210 2230 sponsus,
2243 2163 2299 2214 et
2329 2174 2360 2212 a
2384 2158 2641 2213 tenebris
2673 2175 2800 2230 quae
2823 2157 3012 2212 lucem
3037 2173 3099 2212 se
3121 2173 3250 2213 esse
3273 2157 3581 2226 simulant,

1935 2247 2293 2303 secernitur:
2328 2251 2392 2301 ut
2421 2247 2611 2302 cedris
2644 2245 2952 2301 assimilati
2997 2246 3172 2316 justi,
3222 2246 3294 2300 ab
3345 2245 3586 2316 injustis

1937 2342 1993 2392 et
2023 2335 2331 2409 improbis.
2365 2337 2562 2392 Gutlur
2591 2334 2757 2391 illius
2788 2335 3030 2404 dulcedo,
3079 2339 3128 2390 et
3178 2337 3318 2390 totus
3364 2334 3587 2391 deside-

1937 2427 2106 2481 rium.
2162 2425 2386 2480 Novum
2446 2425 2664 2498 quippe
2721 2428 3186 2490 Testamentum,
3257 2439 3361 2494 per
3433 2423 3591 2495 quod

1935 2519 2217 2586 tanquam
2263 2530 2367 2586 per
2424 2517 2647 2586 guttur,
2709 2513 2906 2568 cibum
2967 2512 3278 2569 constituit
3333 2513 3589 2568 salutem

1937 2603 2268 2669 hominum,
2303 2602 2473 2658 dulce
2500 2608 2590 2658 est
2619 2602 2846 2675 gutturi
2876 2607 3098 2658 nostro.
3134 2602 3211 2656 Ex
3243 2619 3308 2658 eo
3340 2618 3596 2674 namque

1938 2691 2130 2747 dulcis
2161 2695 2363 2746 manat
2393 2691 2463 2747 de
2494 2690 2812 2746 virtutibus
2842 2690 3132 2747 sermonis
3164 2693 3360 2763 potus.
3397 2694 3598 2762 Itaque

1938 2785 2097 2837 totus
2127 2781 2300 2836 etiam
2335 2785 2424 2835 est
2449 2780 2829 2848 desiderium,
2867 2785 3067 2853 utpote
3117 2797 3311 2836 rerum
3363 2780 3595 2853 optabi-

1940 2871 2084 2926 lium
2118 2874 2292 2942 atque
2322 2871 2772 2942 expetendarum
2823 2874 3173 2926 extremum.
3208 2871 3314 2927 Hic
3330 2886 3496 2942 nepos
3521 2878 3598 2926 est

1939 2977 2114 3030 meus,
2137 2969 2187 3016 et
2215 2960 2304 3015 hic
2327 2961 2678 3032 propinquus
2707 2977 2879 3028 meus,
2930 2960 3068 3030 ﬁliae
3111 2961 3445 3018 Jerusalem.
3491 2959 3595 3016 Hic

1941 3051 2144 3122 utique
2176 3047 2428 3104 dilectus
2480 3054 2569 3103 est
2612 3066 2796 3119 meus,
2856 3051 3025 3120 cujus
3082 3065 3188 3121 ego
3248 3047 3592 3122 singulatim

1942 3144 2115 3210 atque
2147 3138 2205 3193 in
2240 3137 2576 3193 universum
2614 3143 2782 3193 notas
2814 3143 2869 3193 et
2899 3139 3070 3211 signa
3116 3138 3282 3193 vobis
3329 3137 3593 3210 exposui.

196 3247 339 3302 ρυγγι
386 3229 571 3301 ἡμῶν,
604 3228 679 3289 ὡς
709 3227 836 3289 τοὺς
866 3223 1019 3296 ἡδεῖς
1053 3226 1142 3281 καὶ
1189 3227 1460 3300 ποτίμους
1489 3223 1691 3301 λόγους
1720 3229 1817 3280 τῶι

2022 3245 2046 3282 c
2077 3231 2168 3283 est
2199 3227 2529 3284 declaratus
2561 3228 2926 3299 propinquus
2962 3245 3151 3293 meus,
3202 3244 3331 3298 quas
3389 3227 3458 3282 ad
3508 3227 3598 3297 ip—

194 3315 384 3392 ἀρετῶν
447 3315 743 3393 βλύζουσα.
795 3317 955 3373 ’Όθεν
1009 3316 1100 3370 καὶ
1151 3314 1282 3378 ὅλος
1347 3315 1608 3388 ἐπιθυμία
1666 3312 1830 3382 ἐστὶν,

194 3405 260 3468 ὡς
311 3405 535 3483 ἔσχατον
596 3405 842 3482 ὀρεκτόν.
903 3403 1072 3468 Οὗτος
1127 3406 1156 3460 6
1213 3402 1506 3482 ἆδελφιδός
1559 3425 1687 3478 μου,
1742 3405 1834 3461 καὶ

196 3491 338 3557 οὗτος
419 3497 448 3550 6
542 3495 783 3567 πλησίον
879 3518 1008 3569 μου⁹
1091 3495 1376 3570 θυγατέρες
1449 3493 1835 3569 Ἰερουσαλήμ.

192 3581 396 3656 Ε’ἱτουν,
453 3585 626 3646 Οὗτος
690 3586 928 3661 ὑπάρχει
981 3586 1009 3639 6
1067 3583 1347 3660 ἀγαπητός
1399 3605 1524 3657 μου,
1584 3581 1646 3638 οὗ
1703 3584 1840 3639 κατὰ

198 3675 352 3748 μέρος
405 3695 465 3730 τε
517 3674 608 3729 καὶ
658 3673 896 3730 καθόλου
954 3671 1302 3747 έξηγησάμην
1363 3673 1491 3746 ὖμῖν
1541 3673 1609 3727 τὰ
1641 3673 1840 3749 γνωρί-

195 3781 382 3833 σματα.
418 3762 514 3818 Καὶ
565 3761 722 3826 οὗτός
775 3764 915 3817 ἐστιν
955 3763 983 3816 6
1033 3760 1380 3838 χρηματίσας
1425 3759 1664 3830 πλησίον
1710 3782 1843 3834 μου,

1942 3333 2097 3384 sum,
2133 3320 2198 3371 ut
2225 3317 2526 3372 veritatem
2580 3333 2682 3388 per
2718 3316 3060 3386 scientiam,
3109 3320 3174 3371 ut
3221 3316 3292 3370 ad
3352 3315 3598 3384 bonum,

1945 3423 2049 3478 per
2079 3406 2373 3462 efﬁcacem
2412 3405 2584 3460 fidem
2628 3404 3113 3477 appropinquavi.
3166 3405 3336 3461 Filiae
3376 3406 3600 3460 Jerusa-

1946 3481 2076 3562 ‘em,
2109 3493 2419 3566 discipulae
2451 3510 2615 3561 mere,
2651 3511 2780 3566 qua:
2831 3494 2904 3548 ab
2956 3493 3112 3548 omni
3163 3493 3604 3565 perturbatione

1947 3589 2004 3639 et
2033 3584 2171 3638 vitio
2202 3588 2473 3656 separata
2504 3584 2767 3639 divinam
2795 3599 2996 3655 pacem
3027 3583 3218 3650 video,
3252 3587 3309 3638 et
3337 3581 3603 3639 laetitiam

1950 3673 2022 3728 ab
2053 3673 2211 3728 omni
2245 3672 2683 3744 perturbatione
2715 3677 3022 3744 remotam,
3054 3673 3147 3728 Dei
3178 3671 3461 3728 nimirum
3508 3674 3602 3744 ine

1950 3767 2040 3820 ινα
2061 3781 2162 3820 nos
2191 3781 2448 3836 regnum.

200 3848 496 3926 ἓτγισάσης,
525 3851 730 3924 τούτῳ,
761 3852 837 3914 ὡς
874 3851 969 3924 μὶν
1003 3849 1232 3920 ἀληθείᾳ
1259 3851 1395 3904 κατᾶ
1425 3846 1661 3919 ἅληστον
1690 3851 1913 3925 γνῶσιν,
1947 3853 2022 3916 ὡς
2052 3849 2097 3907 δ’
2125 3851 2308 3926 ἀγαθῷ
2335 3852 2453 3906 κατ’
2489 3847 2801 3926 ἔμπρακτον
2847 3853 3051 3908 πίστιν.
3103 3851 3415 3928 Μαθήτριαί
3471 3872 3600 3924 μου,

197 3943 288 4005 τῆς
317 3939 526 4010 ὁρώσης
556 3937 609 3992 έν
639 3937 710 4012 τῇ
738 3938 937 3999 παντὸς
969 3937 1175 4000 πάθους
1205 3933 1498 4012 ἀπαλλαγῇ
1528 3937 1626 4006 τὴν
1659 3936 1802 3992 θείαν
1831 3936 2078 4015 εἰρήνην,
2110 3939 2201 3993 καὶ
2233 3937 2604 4013 ἀνενόχλητον
2634 3937 2990 4017 εὐφροσύνην,
3034 3938 3252 4001 πάντως
3301 3939 3399 4007 τὴν
3451 3937 3602 4000 ἐντὸς

199 4030 349 4097 ἧμῶν
378 4031 472 4081 τοῦ
500 4030 635 4082 Θεοῦ
666 4023 966 4102 βασιλείαν.

893 4130 1142 4188 Ψελλοῦ.

917 4219 1371 4299 ἑκλελογισμένος
1445 4221 1552 4276 ἀπὸ
1645 4223 1839 4299 μυριά-

1615 4308 1769 4384 [δωνν

199 4397 427 4464 Ἐκεῖνος
453 4401 681 4477 πέφυκε,
712 4401 902 4479 φησὶν,
933 4394 1104 4464 ὅντως
1137 4397 1462 4478 ἀδελφιδοῦς
1488 4421 1619 4473 μου,

193 4489 285 4551 Ὃς
314 4488 368 4542 έν
401 4494 612 4566 σταυρῷ
637 4490 740 4558 τὴν
770 4486 1040 4565 ἄχραντον
1071 4489 1311 4566 πλευρὰν
1344 4486 1807 4565 λελογχευμένος,

201 4578 350 4648 Αἷμα
381 4580 463 4633 καὶ
497 4576 644 4655 ὕδωρ
676 4573 900 4633 ἔϐλυσεν
933 4577 1241 4655 ἀνθρώποις
1269 4575 1609 4654 παραδόξως.

197 4667 289 4728 Ὃς
315 4666 424 4721 ἀπὸ
452 4669 671 4723 πάντων
698 4669 807 4724 τῶν
843 4669 1066 4744 βροτῶν
1105 4667 1272 4741 μόνος
1305 4667 1363 4724 ἐκ
1391 4675 1493 4738 τῆς
1548 4669 1846 4744 Παρθένου,

195 4754 358 4810 Ἀνευ
391 4755 609 4833 λοχείας
639 4755 922 4833 προελθὼν
957 4758 1244 4831 ἄνθρωπος
1275 4757 1558 4834 ἐλογίσθη.

196 4845 418 4921 Κεφαλὴ
442 4843 497 4900 δέ
527 4848 694 4902 αὐτοῦ
725 4847 798 4908 ὡς
826 4846 1053 4924 χρυσίον
1083 4847 1313 4925 Κεεράτζ,

193 4935 388 4996 Ὅστις
415 4935 661 5012 τυγχάνει
689 4937 945 5013 καθαρὸς,
979 4937 1165 5014 φησιν,
1199 4936 1249 5009 ἐξ
1284 4937 1568 5012 ἁμαρτίας.

193 5022 501 5099 Βόστρυχοι
534 5025 698 5080 αὐτοῦ
729 5025 942 5094 έλαταῖ,
979 5024 1208 5098 μέλανες
1240 5026 1365 5080 ὡσεὶ
1393 5027 1650 5102 κόρακος.

190 5111 367 5174 Οὗτος
401 5116 620 5192 πέφυκε,
653 5116 808 5194 φησὶ,
839 5114 1048 5190 κόσμος
1079 5114 1289 5192 Πέτρος
1320 5116 1405 5169 καὶ
1442 5114 1658 5177 Παῦλος
1705 5117 1757 5170 οἱ
1787 5115 1848 5171 τὸ

1053 5203 1200 5278 [πρὶν
1234 5201 1383 5268 ὄντες
1418 5204 1776 5282 έζοφωμένοι.

191 5289 290 5344 Καὶ
323 5295 433 5353 πᾶς
463 5292 514 5364 ἐξ
545 5290 729 5355 ἔθνους
765 5293 1076 5369 βαπτισθεὶς
1105 5293 1196 5347 καὶ
1228 5291 1512 5369 προελθὼν
1548 5293 1756 5367 ἐκείνῳ.

189 5379 257 5436 Οἱ
305 5378 590 5458 ὀφθαλμοὶ
644 5383 814 5437 αὐτοῦ
863 5383 938 5447 ὡς
981 5383 1290 5460 περιστεραὶ
1337 5381 1424 5437 ἐπὶ
1470 5381 1854 5459 πληρώματος

1159 5468 1395 5546 [ὑδάτων
1429 5469 1779 5547 λελουμέναι.

198 4223 392 4284 Λευκὸς
462 4223 552 4278 καὶ
619 4221 825 4300 πυρτἣς

254 5675 306 5710 ⁸⁸
340 5674 447 5737 In
471 5675 566 5746 ω,
596 5676 652 5732 5.
725 5675 771 5713 ⁸⁸
792 5674 945 5733 *Luc.
974 5690 1118 5747 xvu,
1145 5675 1238 5731 21.

525 5803 784 5868 Panos.
835 5804 947 5867 Gn.
993 5801 1235 5866 CXXII.

2681 4137 2870 4193 Pselli.

2022 4225 2303 4283 Candidus
2328 4234 2379 4282 et
2407 4227 2781 4298 rubicundus,
2832 4225 3043 4284 electus
3088 4242 3158 4284 ex
3205 4227 3388 4284 decem
3429 4228 3606 4283 milli-

1952 4316 2072 4371 bus.
2109 4314 2209 4371 Ille
2239 4320 2352 4382 est,
2384 4315 2601 4388 inquit,
2640 4332 2776 4372 vere
2825 4316 3217 4372 consobrinus
3266 4333 3456 4385 meus,
3505 4316 3609 4388 qui

1953 4404 2013 4459 in
2057 4420 2227 4460 cruce
2282 4420 2352 4460 ex
2410 4403 2784 4460 immaculato
2846 4403 3027 4461 latere
3084 4405 3254 4461 hasta
3309 4405 3610 4462 vulnerato

1955 4493 2296 4549 hominibus
2329 4495 2673 4565 sanguinem
2700 4499 2755 4549 et
2777 4510 2989 4564 aquam
3017 4495 3368 4550 mirabiliter
3387 4494 3610 4552 elTudit.

1878 4599 1926 4663 D
1957 4582 2064 4647 Qui
2097 4581 2258 4638 solus
2287 4582 2441 4638 inter
2471 4599 2676 4638 omnes
2705 4599 2774 4637 ex
2803 4583 3026 4654 virgine
3057 4583 3184 4639 sine
3213 4583 3408 4640 dolore
3439 4589 3612 4640 natus

1957 4677 2047 4728 est
2073 4671 2268 4727 homo.
2308 4671 2480 4744 Caput
2507 4674 2625 4744 ejus
2654 4675 2794 4728 sicut
2825 4688 3024 4726 aurum
3058 4671 3313 4742 Cepheia.
3377 4673 3483 4738 Qui
3537 4674 3610 4729 ab

1956 4761 2140 4827 omni,
2177 4761 2390 4833 inquit,
2424 4761 2650 4834 integer
2689 4779 2754 4816 ac
2815 4778 3001 4833 purus
3054 4770 3144 4815 est
3189 4763 3409 4831 peccati
3457 4761 3609 4818 labe.

1960 4851 2135 4906 Comm
2165 4852 2284 4922 ejus
2311 4853 2455 4906 sicut
2483 4854 2666 4917 elatae,
2699 4853 2875 4922 nigras
2902 4852 3061 4922 quasi
3110 4851 3277 4906 corvi.
3328 4851 3610 4920 Ornatus,

1959 4941 2172 5010 inquit,
2204 4956 2505 4994 comarum
2540 4940 2670 5011 ejus
2701 4943 2839 4994 sunt
2869 4940 3074 4995 Petrus
3121 4943 3176 4994 et
3225 4940 3464 5007 Paulus,
3511 4940 3612 5012 qui

1960 5034 2132 5084 antea
2164 5029 2314 5100 nigri
2357 5029 2770 5100 tenebrosique
2816 5029 3071 5093 fuerant,
3125 5033 3180 5082 ct
3227 5028 3496 5100 quisquis
3545 5045 3614 5084 ex

1960 5117 2235 5189 gentibus
2266 5118 2598 5189 baptizatus
2633 5123 2723 5173 est
2754 5122 2810 5174 et
2841 5119 2912 5172 ad
2945 5117 3110 5171 illum
3147 5119 3415 5173 accessit.
3451 5118 3614 5174 Oculi

1959 5208 2074 5278 ejus
2099 5208 2243 5261 sicut
2272 5205 2538 5262 columbae
2565 5223 2730 5278 super
2757 5207 3124 5278 plenitudines
3154 5223 3425 5277 aquarum
3458 5207 3610 5266 tota.

1964 5297 2129 5353 Illius
2161 5296 2312 5352 oculi
2372 5307 2502 5352 sunt
2563 5297 2856 5369 prophetae
2917 5297 3225 5368 prudentia
3283 5296 3618 5368 simplices,

1962 5391 2019 5442 et
2075 5386 2337 5442 moribus
2399 5387 2756 5442 admirandi.
2812 5390 2994 5456 Super
3051 5385 3474 5457 plenitudincs,
3521 5388 3619 5443 in-

1962 5475 2111 5548 quit,
2145 5491 2431 5547 aquarum
2479 5474 2647 5532 lotae:
2709 5475 2764 5530 id
2823 5478 2932 5543 est,
2991 5474 3269 5531 omnibus
3299 5475 3618 5532 virtutibus
