4042 6198
378 342 491 410 651

1717 347 2143 413 MIGHAELIS
2188 344 2461 412 PSELLI

3676 353 3813 416 652

379 481 663 540 exornati.
722 484 785 539 In
839 483 975 540 lacte
1029 483 1369 540 considentes
1428 500 1596 556 super
1644 482 2023 556 plenitudine:

2140 478 2366 542 Οὗτινος
2397 481 2560 537 πάλιν
2594 480 2877 555 ἀφθαλμοῖ
2906 483 3243 557 τυγχάνουσι
3276 488 3578 561 προφῆται,

379 590 677 647 aquarum.
708 572 838 629 Non
876 573 1123 645 gloriose
1172 574 1447 629 virtutem
1498 576 1879 643 ostentantes,
1930 573 2030 627 sed

381 663 701 719 admodum
730 664 1051 735 tranquille
1088 676 1218 719 eam
1268 661 1615 719 excolentes.
1669 662 1830 720 Genet?
1876 662 2030 718 illius

382 756 526 810 sicut
551 755 766 826 phialm
823 756 1083 809 aromatis
1137 756 1371 824 ferentes
1424 754 1815 825 pigmentaria.
1862 754 2032 808 Labia

380 845 496 912 eius
549 844 673 899 lilia
728 842 1067 898 dz'stillantia
1120 842 1417 914 myrrham
1498 844 1742 915 plenam.
1816 847 2029 899 Totum

382 950 626 990 aureum
685 932 949 987 indicant
1007 932 1129 987 haec
1182 932 1360 988 verba
1417 932 1901 1005 Chrysostomum
1975 936 2033 987 et

382 1022 640 1094 reliquos
670 1023 939 1078 doctores
968 1021 1130 1077 illius
1164 1022 1439 1094 equales,
1488 1023 1811 1078 maximum
1862 1021 2031 1078 Basi-

378 1113 550 1180 lium,
583 1112 864 1168 eximium
897 1112 1265 1185 Gregorium,
1319 1129 1572 1184 quorum
1602 1130 1631 1169 e
1663 1112 1844 1168 labris
1894 1113 2030 1167 doc-

376 1202 545 1257 trinae
577 1218 880 1258 sermones
912 1201 1085 1258 melle
1123 1201 1415 1259 dulciores
1444 1207 1828 1258 emanarunt:
1880 1218 2028 1273 quos

375 1290 474 1362 qui
505 1292 842 1364 degustant,
892 1291 1079 1347 multa
1128 1292 1453 1364 implentur
1501 1292 1759 1365 myrrha,
1808 1291 1867 1346 id
1917 1295 2029 1356 est,

374 1379 681 1437 laboribus
738 1382 1095 1438 mortificant
1124 1382 1393 1437 membra
1426 1398 1535 1438 sua
1564 1398 1741 1454 super
1787 1386 2026 1449 terram,

376 1474 435 1527 et
464 1470 642 1528 simul
673 1487 809 1527 cum
841 1471 1069 1528 Christo
1101 1471 1528 1543 cruciﬁguntur
1557 1476 1733 1543 atque
1768 1470 2027 1527 exaltan-

378 1564 496 1617 tur.

448 2282 639 2339 Manus
693 2281 858 2339 illius
902 2285 1215 2356 tornatiles,
1266 2285 1447 2357 plenae
1518 2284 1745 2343 Marsis.
1838 2289 2026 2345 Venter

377 2375 502 2444 ejus
528 2373 683 2444 piceis
713 2375 938 2447 exigua,
984 2374 1247 2444 eburnea,
1296 2392 1461 2447 super
1510 2376 1695 2449 lapide
1739 2378 2021 2449 sapphiro.

379 2462 558 2518 Crura
609 2462 774 2519 illius
829 2463 1103 2522 columna
1156 2478 1512 2537 marmoreae,
1567 2465 1819 2537 fundam
1865 2484 2027 2540 super

381 2550 531 2608 bases
560 2568 781 2609 aureas.

446 2837 578 2893 Haec
633 2836 795 2910 virgo
856 2854 1003 2910 pura
1080 2842 1137 2895 et
1192 2855 1433 2912 sponsa,
1493 2841 1864 2914 custodibus,
1914 2844 2023 2902 hoc

375 2929 485 2996 est,
526 2926 772 2999 angelis,
836 2928 1041 3001 sponsi
1093 2930 1188 2984 sui
1246 2928 1749 3001 pulchritudinem
1796 2934 2025 3006 signifi-

376 3032 540 3084 cans,
599 3018 910 3075 enarravit.
976 3016 1063 3073 Tu
1123 3021 1319 3075 autem
1376 3018 1521 3074 mihi
1597 3022 1796 3078 omnia
1871 3025 2026 3081 dicta

376 3121 481 3177 per
509 3106 956 3163 translationem
979 3107 1264 3180 intellige.
1315 3109 1601 3174 Quoniam
1650 3111 1807 3167 enim
1857 3112 2022 3169 Chri-

2142 568 2414 644 Ἀκέραιοι
2436 572 2535 639 τήν
2565 570 2825 647 φρόνησιν
2854 570 2943 625 καὶ
2976 572 3275 645 θαυμαστοὶ
3303 578 3420 635 τοῖς
3451 572 3703 648 τρόποις.

2141 659 2265 715 Ἐπὶ
2292 658 2690 734 πληρώματος,
2732 661 2919 735 φησὶν,
2951 658 3156 715 ὑδάτων
3194 660 3541 736 λελουμένοι,

2137 750 2337 823 ’Ἡγουν
2373 747 2422 801 ἐν
2456 748 2647 811 πάσαις
2678 750 2890 825 ἀρεταῖς
2924 747 3073 813 ὄντες
3101 750 3489 826 ἠγλαϊσμένοι.

2139 834 2224 893 Ἑν
2255 836 2485 912 γάλακτι
2532 840 2836 911 καθήμενοι
2886 838 3171 917 πλήρωμα
3216 839 3478 915 γαληνῶς
3530 847 3639 897 τῶν
3672 839 3808 898 681'-

3560 935 3721 1006 [amv-

2140 1016 2254 1074 Οὐκ
2284 1014 2682 1085 ἐπιδεικτικῶς,
2714 1019 2868 1096 φησὶ,
2898 1019 2998 1088 τήν
3031 1018 3226 1093 ἀρετὴν
3260 1019 3580 1097 αὐχοῦντες,

2138 1104 2314 1163 Ἀλλὰ
2342 1106 2430 1161 καὶ
2462 1107 2601 1162 πάνυ
2627 1106 2884 1183 γαληνῶς
2917 1108 3083 1178 αὐτὴν
3117 1108 3511 1172 ἐπιτελοῦντες.

2139 1195 2393 1270 Σιαγόνες
2423 1196 2586 1251 αὐτοῦ
2618 1198 2691 1260 ὡς
2723 1196 2935 1275 φιάλαι,
2975 1202 3069 1253 τοῦ
3103 1199 3397 1275 ἀρώματος
3430 1202 3691 1277 φύουσαι,

2135 1286 2419 1360 Μυρεψικᾶ
2494 1284 2661 1361 χείλη
2742 1287 2906 1342 αὐτοῦ
2999 1286 3158 1363 κρίνα
3225 1289 3481 1358 στάζοντα
3552 1288 3804 1365 σμύρναν

3468 1375 3717 1455 [πλήρη.

2135 1462 2234 1518 Τὸν
2266 1464 2583 1541 πάγχρυσον
2614 1464 2904 1520 αἰνίττεται
2932 1465 3319 1542 Χρυσόστομον
3354 1466 3380 1521 ὀ
3413 1464 3603 1541 λόγος,

2139 1552 2236 1608 Καὶ
2266 1552 2393 1615 τοὺς
2425 1554 2573 1626 αὐτῷ
2602 1556 2972 1630 τυγχάνοντας
2996 1553 3152 1619 ’ίσους
3185 1557 3276 1611 καὶ
3298 1552 3687 1627 διδασκάλους,

2136 1643 2235 1697 Τὸν
2273 1641 2522 1719 μέγιστον
2551 1640 2857 1714 Βασίλειον,
2890 1643 3194 1720 Γρηγόριον
3225 1646 3314 1700 τὸν
3344 1645 3501 1715 πάνυ,

2135 1729 2277 1794 Τοὺς
2308 1730 2368 1787 ἐκ
2396 1729 2654 1808 χειλέων,
2685 1732 2975 1803 στάζοντας
3006 1731 3209 1810 λόγους
3242 1731 3620 1807 διδασκαλίας,

2055 1847 2105 1912 Β
2138 1818 2490 1912 Καὶᾼμέλιτος
2518 1818 2807 1912 ἠγδύτερον,
2838 1822 3003 1912 οὗπερ
3037 1824 3089 1879 οἱ
3118 1823 3456 1901 γεγευμένοι,

2136 1909 2397 1985 Σμύρνης
2426 1909 2799 1984 ἐμπίπλανται
2831 1909 3053 1983 πολλῆς
3083 1918 3179 1969 τοῦ
3211 1912 3381 1990 λόγου
3408 1917 3479 1988 τῇ
3534 1911 3797 1987 δυνάμει,

2134 2000 2335 2076 Ἥγουν
2366 2003 2614 2075 νεκροῦσι
2644 2000 2711 2055 τὰ
2732 2007 2833 2071 τῆς
2861 2008 2962 2076 γῆς
2993 2000 3167 2057 αὐτῶν
3201 2001 3251 2058 ἐν
3284 1998 3473 2066 πόνοις
3500 2001 3674 2077 μέλη,

2135 2088 2233 2143 Καὶ
2320 2087 2737 2166 συσταυροῦνται
2822 2096 2903 2163 τῷ
2980 2096 3196 2167 Χριστῷ
3270 2093 3356 2148 καὶ
3431 2095 3803 2167 συκιυψοῦνται

3491 2180 3721 2255 [τούτῳ.

2133 2278 2320 2361 Χεῖρες
2410 2284 2574 2340 αὐτοῦ
2664 2285 2941 2363 τορευταὶ,
3037 2292 3259 2364 χρυσαῖ,
3355 2285 3806 2362 πεπληρωμέναι

3471 2376 3722 2455 [Θαρσῖς,

2136 2463 2336 2523 Κοιλία
2385 2462 2550 2521 αὖ)τοῦ
2596 2463 2781 2536 πυξίον
2823 2463 3164 2542 ἐλεφάντινον
3217 2464 3301 2522 ἐπὶ
3353 2465 3509 2530 λίθου
3559 2469 3804 2543 campai—

3569 2559 3723 2631 [ρον.

2133 2649 2349 2716 Κνῆμαι
2381 2641 2545 2699 αὐτοῦ
2575 2643 2762 2700 στύλοι
2815 2643 3150 2720 μαρμάρινοι
3182 2643 3647 2719 τεθεμελιωμένοι
3704 2645 3800 2702 ἐπὶ

2134 2843 2315 2898 Ταῦτα
2347 2842 2445 2913 μὶν
2476 2839 2569 2896 οὖν
2599 2843 2633 2912 ἠ
2666 2840 2871 2919 καθαρὰ
2898 2842 3155 2917 παρθένος
3183 2864 3240 2899 τε
3277 2842 3367 2897 καὶ
3396 2737 3697 2921 νύιὶξῗιῗσῳ

2132 2934 2261 2992 Τοῖς
2292 2929 2517 3008 φύλαξιν
2549 2929 3094 3014 ὡμίλησεητουτέστι
3124 2936 3239 2994 τοῖς
3271 2929 3544 3008 ἀγγέλοις

2132 3018 2201 3073 Τὸ
2230 3016 2439 3081 κάλλος
2473 3020 2811 3097 ὑπεμφαίνου
2845 3017 3003 3090 δῆθεν
3034 3020 3097 3075 τὸ
3142 3025 3243 3075 τοῦ
3272 3021 3536 3098 νυμφίου.

2134 3106 2209 3162 Σὺ
2245 3105 2301 3163 δέ
2330 3130 2422 3181 μοι
2454 3109 2625 3172 πάσας
2652 3114 2929 3185 τροπικῶς
2959 3110 3055 3172 τὰς
3089 3109 3371 3184 ἐξηγήσεις
3401 3108 3591 3186 δέχου.

377 3198 508 3252 stus
562 3196 725 3253 solus
782 3200 960 3269 caput
1014 3200 1103 3253 est
1159 3198 1450 3267 omnium,
1529 3216 1741 3272 corpus
1822 3208 2017 3260 autem

2136 3196 2284 3254 Ἐπεὶ
2316 3198 2419 3273 γὰρ
2450 3198 2663 3253 πάντων
2695 3197 2906 3277 κειραλή
2940 3201 3172 3271 Χριστὸς
3198 3200 3452 3275 τυγχάνει
3489 3200 3685 3273 μόνος,

376 3284 566 3357 ipsius
596 3285 794 3342 divina
822 3291 912 3343 est
940 3286 1220 3357 Ecclesia,
1252 3289 1514 3344 membra
1574 3295 1773 3346 autem
1821 3308 2024 3365 corpo-

380 3376 462 3431 ris
500 3382 737 3434 sanctos
767 3393 897 3433 esse
938 3377 1213 3448 dicimus,
1267 3376 1449 3434 alium
1498 3378 1736 3451 quidem
1786 3380 2024 3452 collum,

383 3463 567 3521 alium
624 3470 819 3523 autem
858 3467 1073 3538 pedes:
1122 3483 1224 3539 per
1271 3484 1484 3523 manus
1542 3469 1671 3541 ejus
1719 3471 2027 3529 tornatiles

381 3556 744 3613 venerandos
778 3555 1075 3627 apostolos
1123 3556 1347 3628 accipe,
1377 3558 1606 3614 divinos
1655 3561 2027 3617 sacerdotum

382 3644 699 3717 principes,
732 3644 938 3700 ﬁdeles
970 3645 1177 3700 divinis
1210 3645 1408 3716 gratim
1440 3646 1901 3719 dispensatores,
1924 3650 2027 3722 qui

382 3749 444 3788 se
475 3733 657 3803 ipsos,
693 3750 929 3789 omnem
970 3733 1259 3789 malitiam
1311 3740 1689 3807 amputantes
1737 3740 2028 3810 expolive-

380 3826 536 3876 runt.
570 3821 957 3884 Quamobrem
989 3839 1091 3893 spe
1122 3823 1411 3879 bonorum
1446 3823 1647 3896 repleti
1680 3832 1839 3882 sunt.
1888 3828 2027 3899 Ejus

377 3910 518 3966 item
550 3914 815 3967 ventrem
847 3928 913 3966 ac
940 3912 1207 3983 pyxidem
1241 3929 1493 3984 agnosce
1522 3915 1788 3971 omnium
1814 3917 2030 3974 virtute

379 4001 787 4070 prmstantium
818 4001 1047 4056 animas
1079 4005 1135 4056 et
1165 4002 1363 4073 corda,
1397 4002 1454 4057 in
1489 4004 1704 4074 quibus
1736 4005 1837 4061 Dei
1886 4011 2027 4063 Ver-

377 4090 522 4144 bum
551 4088 918 4162 insculptum
958 4095 1068 4158 est,
1102 4090 1203 4163 qui
1236 4096 1462 4149 mentes
1502 4110 1830 4166 sensusque
1887 4115 2026 4157 suos

380 4181 452 4236 ad
484 4180 764 4237 coalorum
797 4181 1014 4254 Regem
1045 4188 1267 4240 erectos
1296 4185 1552 4243 habent:
1587 4186 1643 4242 id
1693 4190 1849 4245 enim
1889 4208 2028 4264 sap-

379 4269 587 4340 phirus
619 4270 933 4342 significat,
970 4271 1070 4343 qui
1101 4272 1262 4329 solus
1290 4273 1442 4346 lapis
1490 4275 1619 4331 omli
1668 4278 1920 4348 speciem
1970 4284 2029 4336 et

380 4358 631 4415 colorem
663 4359 907 4416 obtinet.
940 4361 1048 4417 Per
1076 4362 1256 4435 hujus
1287 4379 1461 4419 crura
1493 4365 1728 4422 Petrum
1769 4367 2029 4442 intellige

379 4449 778 4520 apostolorum
812 4450 1159 4523 principem.
1194 4455 1258 4508 In
1291 4452 1400 4509 hoc
1432 4454 1591 4509 enim
1631 4455 1917 4514 Dominus
1966 4459 2027 4513 in

378 4540 708 4613 Evangeliis
740 4558 804 4599 se
832 4543 1154 4601 Ecclesiam
1186 4562 1356 4602 suam
1414 4546 1840 4604 sedilicaturum
1890 4567 2027 4623 pro-

378 4629 561 4687 misit.

448 4987 672 5053 Species
729 4989 852 5056 eius
902 4990 963 5041 ut
1020 4987 1257 5042 Libanus
1313 4987 1531 5042 electus.
1611 4986 1821 5058 Sponsi
1893 5003 2027 5058 spe-

377 5071 525 5128 ciem
548 5090 677 5130 vere
696 5074 1036 5141 maximam,
1059 5080 1116 5131 et
1138 5076 1459 5132 terribilem
1483 5077 2028 5147 admirandamque,

379 5178 445 5218 ac
477 5162 736 5219 divinam
768 5180 838 5219 ex
868 5163 1115 5235 pulchra
1146 5165 1351 5221 Libani
1382 5165 1694 5221 altitudine
1726 5165 2023 5236 conjicito.

378 5250 577 5307 ϐιαίαν
604 5254 763 5308 illius
793 5252 1046 5322 dulcedo,
1079 5257 1133 5310 et
1177 5263 1315 5312 lotus
1354 5254 1767 5312 desiderabilis.
1818 5256 2030 5310 Guttur

376 5339 505 5409 ejus
537 5340 706 5396 divus
738 5340 837 5398 ille
870 5342 1198 5401 Praecursor
1226 5344 1355 5415 fuit,
1390 5344 1491 5417 qui
1532 5344 1696 5401 Verbi
1729 5348 1788 5400 et
1826 5344 2027 5416 sponsi

374 5444 486 5485 vox
513 5428 751 5487 dicitur.

2138 3291 2311 3360 Σῶμα
2341 3283 2398 3341 δὲ
2425 3288 2621 3343 τούτου
2652 3289 2883 3367 πέφυκεν
2912 3291 2946 3358 ἡ
2982 3288 3097 3344 θεία
3129 3286 3446 3360 Ἐκκλησία,

2136 3377 2235 3433 Καὶ
2269 3377 2411 3449 μέΛη
2442 3377 2637 3433 τούτου
2668 3376 2899 3454 λὲγομεν
2930 3377 3020 3433 καὶ
3054 3378 3217 3452 μέρος
3245 3377 3371 3440 τοὺς
3392 3379 3603 3455 ἁγίουςο

2137 3466 2244 3523 Τὸν
2281 3466 2374 3538 μὲν
2405 3465 2613 3522 ἐκείνου
2642 3466 2949 3543 τράχηλον,
2980 3467 3072 3522 τὸν
3105 3467 3150 3522 δ’
3180 3468 3246 3521 αὖ
3278 3466 3478 3522 ἐκείνου
3508 3466 3676 3537 πόδα,

2136 3555 2343 3610 Λοιπὸν
2375 3555 2463 3609 καὶ
2497 3561 2686 3631 χεῖρας
2714 3555 2941 3631 γίνωσκε
2970 3557 3165 3612 τούτου
3192 3557 3637 3632 τετορνευμένας,

2137 3643 2275 3707 Τοὺς
2307 3643 2644 3708 ἀποστόλους
2673 3645 2799 3708 τοὺς
2828 3644 3055 3709 σεπτοὺς
3094 3645 3181 3701 καὶ
3215 3643 3390 3708 θείους
3422 3646 3716 3722 ἱεράρχας,

2136 3732 2275 3795 Τοὺς
2309 3733 2635 3807 οἰκονόμους
2667 3734 2793 3798 τοὺς
2824 3734 3049 3799 πιστοὺς
3076 3739 3174 3801 τῆς
3213 3734 3438 3811 χάριτος
3470 3737 3569 3805 τῆς
3619 3735 3797 3805 θείας,

2138 3820 2347 3885 0”ίτινες
2377 3824 2790 3900 κατετόρνευσαν
2825 3823 3020 3886 αὐτοὺς
3048 3820 3406 3897 εὐεπιῦόλως,

2135 3915 2382 3968 ’Ἃπασαν
2414 3912 2773 3984 ἀποξύσαντες
2803 3914 2892 3992 ἀφ’
2922 3915 3124 3969 ἑαυτῶν
3154 3914 3365 3981 κακίαν,

2136 4002 2294 4057 Ὅθεν
2328 3999 2550 4064 ἐλπίδος
2582 4002 2791 4079 ἀγαθῶν
2821 4002 2953 4058 εἰσιν
2988 4002 3460 4076 ἐμπεπλησμένοι.

2136 4090 2346 4148 Τούτου
2377 4088 2433 4145 δὲ
2462 4091 2624 4147 πάλιν
2652 4092 2883 4167 γίνωσκε
2910 4091 3124 4149 κοιλίαν
3152 4092 3241 4147 καὶ
3271 4092 3477 4163 πυξίον,

2138 4183 2259 4237 Τῶν
2289 4179 2547 4257 ἐναρέτων
2579 4181 2674 4244 τὰς
2706 4181 2887 4257 ψυχὰς
2917 4183 3130 4237 πάντων
3158 4181 3248 4236 καὶ
3277 4182 3371 4243 τὰς
3394 4178 3652 4257 καρδίας,

2137 4270 2225 4327 Ἐν
2257 4272 2342 4331 αἷς
2371 4271 2399 4324 6
2432 4271 2607 4345 Λόγος
2636 4275 2733 4325 τοῦ
2764 4276 2896 4326 Θεοῦ
2937 4271 3076 4326 ἐστιν
3111 4269 3566 4347 ἐγγεγραμμένος.

2138 4360 2347 4421 Οἳτινες
2378 4358 2594 4435 ἔχουσιν
2626 4359 2800 4415 αὐτῶν
2832 4360 2922 4415 τὸν
2958 4365 3079 4415 νοῦν
3111 4362 3201 4416 καί
3229 4361 3324 4423 τὰς
3360 4358 3635 4431 αἰσθήσεις

2137 4451 2233 4521 Τῷ
2268 4448 2483 4528 βασιλεῖ
2509 4453 2616 4503 τῶν
2652 4449 2892 4523 οὐρανῶν
2926 4448 3472 4523 ἐπαναπεμπομένας,

2136 4538 2197 4595 Ὀ
2230 4537 2382 4601 λίθος
2412 4539 2515 4613 γὰρ
2549 4539 2575 4592 6
2605 4538 2900 4616 σάπφειρος
2930 4543 3091 4593 τοῦτο
3122 4536 3405 4612 σημαίνειν
3429 4534 3604 4606 θέλει,

2058 4591 2105 4657 D
2138 4630 2291 4681 Ἔστι
2324 4591 2436 4703 γὰρ⁸
2457 4591 2817 4703 οίῦριιινοειδήςΙ
2842 4628 2869 4680 6
2901 4626 3053 4692 λίθος
3087 4591 3244 4689 οὗτιός
3276 4621 3465 4700 μόνος.

2140 4718 2366 4789 Κνήμας
2399 4713 2455 4771 δὶ
2482 4716 2679 4771 τούτου
2708 4719 2942 4792 γίνωσκε
2970 4717 3174 4791 Πέτρον
3205 4716 3297 4770 τὸν
3328 4718 3650 4792 κορυφαῖον,

2138 4806 2223 4860 Ἐν
2256 4804 2434 4878 τούτῳ
2463 4805 2563 4881 γὰρ
2595 4806 2622 4859 6
2654 4807 2848 4882 Κύριος
2878 4806 3045 4861 αὑτοῦ
3073 4807 3172 4875 τήν
3199 4804 3528 4877 Ἐκκλησίαν

2139 4892 2466 4968 Οἰκοδομεῖν
2505 4895 2772 4970 ὑπέσχετο
2799 4895 2893 4950 κᾶν
2925 4901 3041 4958 τοῖς
3067 4893 3450 4972 Εὐαγγελίοις,

2137 4982 2298 5046 Εἶδος
2329 4982 2492 5040 αὐτοῦ
2524 4984 2598 5048 ὡς
2626 4980 2858 5049 Λίϐανος
2886 4982 3161 5049 ἐκλεκτός.

2136 5071 2296 5138 Εἶδος
2325 5076 2492 5129 αὐτοῦ
2518 5072 2574 5129 δὲ
2604 5074 2855 5150 γίνωσκε,
2888 5073 3130 5130 τουτέστι
3160 5078 3257 5130 τοῦ
3286 5073 3543 5152 νυμφίου.

2138 5162 2399 5239 Μέγιστον
2460 5160 2650 5233 ὅντως,
2697 5165 2786 5219 καὶ
2848 5166 3095 5239 φρικτὸν,
3154 5164 3244 5220 καὶ
3307 5162 3644 5238 θαυμαστὸν,
3704 5168 3806 5219 καί

3582 5298 3587 5299 γ
3603 5254 3796 5323 [θεῖοη

2135 5345 2311 5397 Ταῦτα
2337 5342 2439 5423 γαρ
2472 5340 2611 5405 εἶδος
2643 5341 2866 5414 ἀληθῶς
2896 5342 3145 5416 σημαίνει
3174 5346 3269 5398 τοῦ
3297 5342 3556 5420 νυμφίου.

2138 5430 2350 5508 Φάρυγξ
2380 5430 2544 5487 αὐτοῦ
2570 5430 2891 5507 γλυκασμὸς
2918 5430 3013 5487 καὶ
3033 5430 3163 5495 ὅλος
3195 5429 3476 5507 ἐπιθυμία.

2137 5519 2354 5597 Φάρυγξ
2387 5518 2444 5577 δι
2470 5520 2668 5578 τούτου
2696 5522 2930 5599 πέφυκεν
2963 5522 2992 5577 6
3020 5518 3348 5600 Ηρόδρομος
3376 5521 3405 5577 6
3437 5522 3605 5585 θεῖος⁹

2137 5611 2304 5682 Φωνή
2334 5610 2438 5690 γὰρ
2468 5606 2640 5677 ὅντως
2672 5610 2889 5691 λέγεται
2916 5614 3014 5670 τοῦ
3044 5612 3224 5691 Λόγου
3247 5611 3339 5669 καὶ
3384 5610 3649 5694 νυμφίου.
