4042 6198
189 316 305 381 653

770 445 897 506 Τῶν
926 455 974 525 γ’
1001 447 1278 525 Πατέρων.

260 554 415 611 Ἐπεὶ
477 553 524 610 δ’
575 555 632 610 αἱ
694 558 988 631 μαθήτριαι
1039 556 1186 634 παρὰ
1236 564 1335 627 τῆς
1392 554 1721 613 διδασκάλου
1767 556 1851 619 τίς

190 644 336 699 ἐστιν
401 645 429 699 6
458 644 661 717 ταύτης
706 646 944 722 νυμφίος
1003 643 1093 701 διὰ
1147 651 1254 702 τῶν
1298 647 1466 702 αἱ)τοῦ
1497 644 1853 723 χαρισμάτων

192 731 659 810 ἆνεδιδάχθηοαν,
722 733 1056 810 βουλόμεναι
1108 734 1301 792 λοιπὸν
1358 742 1546 809 μαθεῖν
1593 736 1683 791 καὶ
1715 734 1851 791 ὅπου

190 824 355 887 οὗτος
387 822 533 897 ἥκει,
566 822 692 900 φασί
751 825 887 900 πρὸς
941 824 1109 896 αὐτήν
1142 843 1157 859 ⁶
1212 827 1327 883 Ποῦ
1356 824 1600 896 ἀπῆλθεν
1634 826 1661 880 6
1692 823 1852 880 ἀδελ-

190 912 349 992 φιδός
386 935 504 983 σου,
552 916 590 983 ἡ
647 913 794 985 καλὴ
855 913 908 971 ἐν
964 916 1226 990 γυκαιξί;
1277 913 1505 987 Δηλαδή
1539 914 1850 990 ἀνάγγειλον

188 1006 329 1077 ἡμῖν
368 1001 495 1068 ἔνθα
535 1001 766 1077 ἔνδημεῖ
821 1004 1100 1081 όγαπητός
1148 1026 1266 1077 σου,
1316 1007 1351 1075 ἠ
1412 1003 1464 1059 ἐν
1496 1010 1616 1069 ταῖς
1646 1002 1853 1059 ἀπολε-

190 1092 387 1154 σάσαις
434 1096 665 1168 ψυχαῖς,
698 1089 786 1147 διὰ
828 1094 927 1163 τὴν
975 1096 1106 1168 τῆςζ
1127 1091 1557 1163 Θείαςξέντολῆς
1612 1088 1855 1167 παράϐα-

196 1202 277 1237 σιν
306 1181 375 1235 τὸ
407 1181 614 1243 κάλλος
642 1185 738 1237 τοῦ
791 1184 907 1238 κατ’
964 1182 1145 1238 εἰκόνα
1199 1182 1290 1238 καὶ
1345 1187 1444 1238 τοῦ
1494 1183 1610 1238 καθ’
1642 1182 1853 1255 ὁμοίω-

194 1292 291 1339 σιν,
323 1266 685 1326 ἀπολαϐοῦσα
709 1276 870 1327 τοῦτο
915 1271 1085 1327 πάλιν
1134 1271 1187 1327 ἐν
1230 1278 1309 1345 τῷ
1354 1272 1727 1351 νυμφεόθῆναι
1774 1276 1855 1345 τῷ

195 1360 357 1435 Λόγῳ
387 1364 487 1416 τοῦ
524 1364 680 1419 Θεοῦ.
728 1360 877 1418 Ἐπεὶ
929 1359 998 1416 δι’
1046 1363 1119 1416 ὦν
1172 1362 1482 1436 ἀκηκόαμεν
1536 1362 1853 1437 γνωρισμά-

193 1470 302 1505 των
356 1449 526 1506 αὐτοῦ
576 1451 731 1507 οῧπω
784 1453 999 1528 ὁρῶμεν
1060 1452 1216 1508 αὐτὸν
1274 1453 1325 1508 ἰν
1380 1455 1541 1526 ἡμῖν,
1599 1456 1706 1507 ποῦ
1760 1453 1857 1507 ἀπ-

201 1536 431 1615 έϐλεψεν
495 1542 523 1596 6
580 1538 872 1619 ἀδελφιδός
956 1561 1099 1612 σου;
1179 1543 1269 1597 καὶ
1330 1545 1638 1616 ζητήσομεν
1696 1540 1855 1597 αὐτὸν

199 1631 333 1704 μιτᾶ
390 1634 509 1687 σοῦ.
568 1629 839 1701 Δηλονότι
892 1636 998 1687 ποῦ
1056 1632 1339 1707 ἀγαπητός
1372 1654 1467 1687 σου
1518 1632 1746 1709 ἀόρατος
1780 1631 1852 1687 ὢν

198 1722 423 1797 ὁρᾶσθαι
480 1720 572 1775 καὶ
619 1720 883 1791 ἠθέλησε,
941 1721 1031 1776 καὶ
1084 1719 1197 1796 ἅμα
1250 1743 1336 1777 σοι
1395 1719 1686 1796 ὀδηγῶμεν
1719 1722 1856 1796 πρὸς

1240 319 1648 383 COMMENT.
1685 320 1764 380 IN
1808 320 2221 384 CANTICUM
2266 320 2573 383 CANTIC.

1883 454 1935 518 Α

3493 330 3615 390 654

2552 454 2749 508 Trium
2782 454 3040 509 Patrum.

2032 558 2176 613 Cum
2210 558 2511 631 discipulae
2546 576 2614 616 ex
2644 559 2953 632 magistra,
2989 560 3126 632 quis
3170 564 3329 618 esset
3359 578 3617 634 sponsus

1962 647 2110 717 ejus,
2146 663 2250 718 per
2279 647 2451 720 signa
2481 652 2539 704 et
2579 653 2750 705 notas
2804 651 2992 721 ipsius
3042 649 3413 719 didicissent,
3464 651 3615 708 scire

1963 741 2156 791 autem
2187 742 2487 809 cuperent,
2520 755 2779 809 quonam
2813 738 3057 809 abisset,
3109 739 3194 795 sic
3243 739 3405 795 illam
3455 756 3616 795 com-

1964 824 2220 898 pellant:
2283 828 2394 895 Quo
2453 828 2590 883 abiit
2649 844 2815 900 nepos
2872 838 3019 896 tuus,
3084 844 3114 884 ο
3167 828 3399 902 pulchra
3472 830 3620 885 inter

1962 916 2265 971 mulieres?
2292 916 2335 971 Ο
2366 934 2492 988 quae
2526 917 2679 973 inter
2709 918 2961 988 animas,
3021 918 3300 989 imaginis
3350 923 3407 973 et
3453 918 3618 975 simi-

1963 1004 2231 1060 litudinis
2280 1005 2784 1077 pulchritudinem
2836 1006 3099 1062 mandati
3146 1008 3618 1080 transgressione

1964 1095 2249 1166 perditam
2282 1095 2411 1151 ideo
2444 1096 2826 1169 recuperasti,
2859 1097 2999 1168 quia
3026 1095 3128 1152 Dei
3158 1096 3349 1153 Verbo
3380 1115 3443 1153 es
3492 1098 3621 1154 des-

1964 1188 2248 1255 ponsata:
2286 1188 2521 1258 quando
2567 1204 2635 1242 ex
2687 1186 2873 1259 signis
2912 1203 2978 1241 ac
3028 1186 3181 1242 notis
3229 1188 3357 1257 ejus
3406 1187 3512 1243 abs
3562 1192 3620 1243 te

1964 1276 2343 1344 enumeratis,
2369 1278 2633 1332 nondum
2667 1277 2863 1349 ipsum
2898 1277 2956 1332 in
2990 1277 3159 1333 nobis
3191 1276 3614 1350 conspicimus,

1964 1380 2205 1437 quonam
2260 1367 2504 1437 respexit
2561 1381 2726 1437 nepos
2782 1366 2960 1421 tuus?
3019 1374 3075 1421 et
3130 1382 3436 1438 quaeremus
3490 1384 3620 1423 eum

1964 1462 2160 1509 tecum.
2187 1453 2295 1510 Ubi
2327 1454 2575 1510 dilectus
2605 1460 2746 1511 tuus
2779 1454 2877 1527 qui
2920 1459 3010 1511 est
3054 1454 3388 1525 invisibilis,
3435 1455 3618 1528 aspici

1963 1541 2194 1597 voluit?
2224 1541 2425 1598 Indica
2456 1542 2648 1610 nobis,
2684 1547 2749 1598 ut
2788 1547 2845 1599 te
2894 1543 3043 1599 duce
3093 1544 3163 1598 ad
3214 1543 3621 1615 praastantiora

1966 1631 2410 1702 contendentes,
2441 1648 2576 1687 eum
2607 1636 2734 1687 tum
2768 1631 2994 1704 agendo
3016 1635 3143 1687 tum
3167 1631 3620 1705 contemplanda

1966 1720 2432 1793 pervestigemus
2464 1725 2520 1776 et
2550 1738 2964 1793 assequamur.
2994 1721 3098 1776 His
3127 1738 3345 1793 sponsa
3375 1738 3617 1794 respon-

190 1810 260 1865 τὰ
312 1808 621 1886 κρείττονα,
676 1807 1080 1889 ψηλαφήσομεν
1140 1811 1298 1867 αὐτὸν
1340 1814 1476 1867 κατᾶ
1522 1811 1712 1885 πρᾶξιν
1759 1812 1847 1867 καὶ

1982 1811 2326 1882 letzNepos,
2387 1810 2686 1883 inquiens,
2743 1827 2898 1866 meus
2956 1811 3233 1868 descendit
3287 1812 3347 1867 in
3404 1816 3620 1868 hortum

201 1899 455 1977 θεωρίαν.
495 1900 560 1957 Ἦ
593 1896 651 1954 δὶ
709 1899 1115 1976 ἀποκρινομένη
1172 1901 1309 1977 πρὸς
1366 1900 1531 1963 αὐτὰς
1566 1921 1579 1936 ’
1609 1898 1861 1980 Ἀδελφι-

194 1985 289 2052 δός
350 2009 463 2061 μου
510 1983 712 2060 κατέϐη
776 1988 852 2053 εἷς
900 1996 1076 2059 κῆπον
1136 1989 1301 2045 αὐτοῦ
1362 1989 1438 2052 εἰς
1506 1988 1705 2067 φιάλας
1762 1993 1858 2044 τοῦ

193 2077 512 2151 όρώματος.
572 2080 754 2150 ’Πτοι,
834 2080 862 2132 6
934 2079 1164 2155 ἀόρατος
1221 2078 1357 2134 κατὰ
1436 2080 1498 2134 τὸ
1566 2075 1700 2153 ὕψος
1757 2085 1857 2148 τῆς

193 2169 394 2223 ἑαυτοῦ
463 2167 668 2237 οὐσίας,
737 2168 1012 2242 ἀγαπητός
1095 2189 1223 2242 μου,
1278 2165 1480 2240 κατέϐη
1538 2169 1655 2223 κατ’
1713 2167 1858 2243 ἐνέρ-

196 2278 346 2331 γειαν
379 2257 459 2319 ὡς
490 2256 568 2319 εἰς
605 2263 789 2326 κῆπον
837 2256 1000 2312 αὖνοῦ
1030 2258 1128 2329 τὴν
1155 2263 1272 2320 τοῖς
1330 2256 1496 2319 θείοις
1548 2256 1711 2312 αὐτοῦ
1773 2258 1858 2312 Oe-

197 2344 415 2417 λήμασι
447 2344 856 2423 πεφυτευμένην
889 2345 1085 2417 κτίσιν,
1144 2348 1235 2402 καὶ
1294 2347 1367 2410 ὡς
1420 2348 1497 2409 είς
1536 2344 1733 2424 φιάλας
1761 2349 1858 2400 τοῦ

197 2435 498 2507 ἀρώματος
556 2434 650 2499 τὰς
696 2435 834 2490 κατᾶ
886 2436 987 2504 τὴν
1062 2435 1139 2498 εἷς
1199 2436 1326 2491 Θεὸν
1385 2434 1563 2491 πίστιν
1620 2432 1861 2497 δετικὰς

200 2524 387 2599 ψυχὰς
432 2530 535 2594 τῆς
579 2520 983 2595 εὖωδιαζοῦσης
1030 2523 1193 2589 αὐτὰς
1243 2530 1340 2580 τοῦ
1370 2526 1634 2602 παναγίου
1692 2523 1859 2579 [lvi-:6-

202 2634 376 2685 ματος
437 2615 691 2690 χάριτος,
765 2611 890 2683 ἥτις
974 2614 1282 2690 ἀναμορφοῖ
1348 2614 1568 2677 ταύταις
1622 2615 1757 2670 κατά
1800 2635 1860 2669 τε

200 2704 438 2778 θεωρίαν
494 2703 586 2758 καὶ
646 2703 837 2778 πρᾶξιν
910 2703 972 2758 τὸ
1041 2705 1159 2758 κατ’
1238 2702 1419 2759 εἱκόνα
1475 2705 1565 2759 καὶ
1622 2706 1684 2759 τὸ
1740 2705 1859 2769 καθ’

197 2792 490 2863 ὁμοίωσιν,
555 2792 605 2848 έν
665 2796 751 2855 αἷς
810 2793 887 2856 ὡς
961 2790 1086 2867 ἰδίῳ
1140 2793 1487 2867 ἐκτυπώματι
1549 2795 1577 2850 6
1628 2795 1859 2872 νυμφίος

199 2883 394 2955 ὁρᾶται
431 2900 445 2913 ·
499 2876 701 2953 κατέϐη
755 2880 833 2950 δὲ,
880 2883 953 2945 ὡς
1000 2880 1232 2957 εἷ’ρηται,
1286 2904 1596 2958 ποιμαινειν
1658 2882 1709 2938 ἐν
1741 2889 1857 2947 τοῖς

200 2990 409 3038 κηποις
466 2968 555 3023 καὶ
614 2967 897 3046 συλλέγειν
946 2969 1124 3046 κρίνα,
1180 2970 1352 3045 ἤγουν
1414 2969 1615 3026 διέπειν
1660 2971 1727 3027 τὰ
1759 2970 1858 3027 )0-

196 3059 330 3134 γικὰ
375 3054 627 3135 πρόϐατα
669 3058 761 3115 καὶ
806 3058 1075 3140 ἐκτρέφειν
1138 3058 1277 3116 καδὰ
1332 3065 1532 3137 γνῶσιν
1593 3061 1683 3116 καὶ
1738 3063 1859 3137 ἀρε-

199 3151 303 3217 τήν
339 3146 391 3203 ἕν
424 3168 483 3203 τε
529 3152 597 3223 τῇ
627 3153 798 3224 νοητῇ
846 3150 937 3205 καὶ
988 3153 1057 3225 τῇ
1108 3150 1338 3225 αἰσθητῇ
1369 3150 1576 3206 κτίσει·
1614 3150 1663 3205 έν
1700 3152 1781 3214 αῖς
1806 3151 1858 3206 οἱ

196 3238 369 3312 λόγοι
401 3239 491 3293 καὶ
525 3238 575 3293 oi
632 3239 826 3314 τρόποι
868 3244 977 3295 τῶν
1023 3239 1227 3315 ἀρετῶν
1278 3239 1352 3302 ὥς
1405 3262 1513 3296 τισι
1540 3242 1732 3312 κήτοις
1763 3261 1860 3296 πε-
1890 3204 1933 3273 C

199 3326 532 3405 γυτεόμένοι
620 3327 721 3383 εἰσί
760 3348 774 3361 ·
818 3330 905 3384 καὶ
958 3325 1266 3405 ἐκλέγεσθαι
1328 3328 1401 3391 ὠς
1459 3330 1561 3385 ἀπὸ
1620 3331 1863 3395 ἀκανθῶν

201 3417 394 3493 κρίνα,
418 3418 524 3471 τῶν
584 3417 1034 3495 συμπνιγομένων
1069 3416 1278 3491 δηλαδὴ
1336 3422 1530 3495 ψυχῶν
1574 3424 1643 3495 τῇ
1673 3441 1864 3494 σωμαο

201 3510 343 3579 τικῇ
407 3506 663 3583 μερίμνῃ,
740 3510 835 3570 τὰς
904 3506 1104 3579 ταύτην
1184 3508 1462 3571 παντελῶς
1540 3511 1867 3584 ἀναθεμὲνας

205 3603 358 3668 θεῷ.
427 3595 695 3669 ἑπομένας
751 3596 897 3670 αὖτῷ
955 3597 1006 3653 ἐν
1041 3597 1395 3675 Εὐαγγελίοις
1426 3598 1679 3677 φάσκοντι
1714 3620 1728 3634 ’
1761 3606 1867 3655 Κα-

203 3683 487 3757 ταμὰθετε
540 3688 609 3740 τὰ
654 3684 811 3761 κρίνα
854 3691 950 3741 τοῦ
999 3687 1187 3763 ἀγροῦ,
1238 3687 1321 3743 ὅτι
1377 3689 1441 3743 οὐ
1496 3694 1683 3761 κοπιᾷ,
1742 3687 1870 3745 οὐδὲ

202 3777 510 3847 νήθει.⁹Ων
571 3776 660 3830 καὶ
716 3797 881 3853 φησιν
924 3776 1116 3848 ἑκάστη
1154 3796 1167 3809 ·
1218 3778 1365 3853 Ἐγὼ
1440 3783 1521 3851 τῷ
1591 3777 1868 3857 ἀδελφιδῷ

212 3866 474 3939 pou,va
524 3865 555 3920 6
621 3862 915 3943 ἀδελφιδός
994 3887 1098 3939 μου
1159 3866 1307 3940 ἐμοὶ,
1368 3869 1396 3923 6
1452 3866 1758 3941 ποιμαίνων
1815 3867 1867 3923 έν

200 3960 340 4015 τοῖς
394 3954 603 4017 κρίνοις
636 3973 651 3988 ⁸
715 3954 915 4023 ε’ίτουν,
968 3957 1110 4033 Ἐγὼ
1146 3961 1228 4029 τῷ
1253 3961 1368 4029 Θεῷ
1400 3962 1494 4029 ζῶ,
1526 3960 1688 4033 νεκρᾶ
1717 3978 1867 4031 γενο-

210 4046 361 4116 μένη
393 4049 472 4116 τῷ
511 4044 727 4118 κόσμῳ,
767 4045 857 4099 καὶ
914 4045 965 4099 ἰν
1023 4043 1145 4119 ἐμοὶ
1210 4047 1374 4119 μόνος
1405 4047 1635 4121 Χριστὸς
1696 4050 1782 4120 ζῇ,
1841 4047 1871 4102 6

206 4132 483 4205 διεξάγων
536 4134 638 4202 τὴν
694 4134 829 4189 κατᾶ
874 4132 1094 4211 γνώμην
1152 4135 1335 4206 τούτῷ
1360 4134 1631 4208 ἑπομένην
1663 4136 1871 4210 ψυχὴν,

207 4222 313 4279 καὶ
357 4221 626 4301 ἐπιτρέφων
686 4222 762 4286 ὡς
812 4222 865 4278 ἰν
920 4223 1125 4299 κρίνοις
1178 4228 1298 4287 ταῖς
1357 4222 1709 4301 λαμπρότησι
1762 4228 1871 4281 τῶν

210 4315 453 4389 ἀρετῶν.

921 4400 1170 4474 Ψελλοῦ,

295 4512 485 4568 Ταῦτα
516 4510 612 4582 μὶν
635 4509 725 4564 οὗν
761 4505 1063 4580 λελάληκεν
1097 4513 1212 4571 τοῖς
1244 4508 1468 4587 φύλαξιν
1500 4512 1535 4581 ἡ
1567 4509 1776 4588 νύμφη.

205 4601 459 4657 Ἐκεῖνοι
497 4596 542 4653 δ’
572 4593 951 4673 ἀκριϐέστερον
986 4598 1137 4663 αὖθις
1169 4596 1482 4675 ἐπερωτῶσι
1516 4618 1529 4631 '

294 4692 417 4743 Ποῦ
509 4686 748 4757 ἀπῆλθεν
840 4688 867 4741 ὁ
943 4685 1236 4767 ἀδελφιδός
1340 4709 1458 4759 σου,
1536 4691 1571 4759 ἡ
1637 4687 1781 4759 καλή
1831 4689 1882 4748 ἐν

210 4775 501 4852 γυναιξίς
556 4780 667 4831 llo?)
747 4774 979 4849 ἀπῆλθε,
1047 4781 1155 4832 ποῦ
1210 4772 1509 4853 ἀπέϐλεψεν
1579 4780 1607 4834 6
1659 4777 1884 4860 ἀδελφι-

212 4864 316 4927 ὂός
350 4886 452 4920 σου
488 4883 503 4933 ;
534 4866 619 4920 καὶ
684 4866 990 4939 ζητήσομεν
1023 4866 1185 4922 αὐτὸν
1222 4867 1355 4941 μετᾶ
1385 4872 1500 4925 σοῦ.

290 4956 361 5012 Ὁ
392 4954 641 5017 ποταπὸς
672 4956 737 5023 ἦν
763 4954 1025 5031 πρότερον
1060 4957 1238 5026 οὗτος,
1273 4959 1672 5030 μεμαθηκότες,

210 5049 334 5099 Νῦν
372 5042 692 5112 έκζητοῦσιν
724 5043 815 5098 καὶ
851 5049 1037 5118 μαθεῖν
1063 5046 1150 5100 καὶ
1180 5050 1286 5101 ποῖ’)
1316 5066 1448 5101 ποτε
1481 5045 1678 5121 μετέϐη
1716 5066 1729 5080 ⁸

208 5130 467 5192 Οὐδέπω
499 5133 602 5207 γὰρ
629 5131 930 5207 ἐπέγνωσαν
956 5137 1057 5204 τὴν
1086 5136 1350 5210 σάρκωσιν
1374 5141 1471 5191 τοῦ
1494 5139 1694 5213 Λόγου,

202 5225 315 5280 Ἦν
349 5220 638 5285 κατελθὼν
673 5220 761 5276 ἐπὶ
793 5230 894 5292 τῆς
919 5226 1019 5299 γῆς
1051 5223 1303 5301 ἀρρήτως
1336 5225 1640 5300 έσαρκώθη,

200 5316 355 5371 Ὀτι
399 5310 449 5365 δ’
482 5308 544 5365 οὗ
566 5316 731 5366 πᾶσιν
762 5306 1021 5386 ἔγνωστο,
1055 5310 1310 5387 δέσποτα,
1330 5321 1448 5379 τοῖς
1479 5316 1756 5393 ἀγγέλοις,

201 5405 296 5463 Τὸ
331 5406 444 5471 τῆς
467 5399 943 5477 ’ἦνανθρωπήσιως
982 5405 1281 5479 μυστήριον
1310 5408 1409 5461 τοῦ
1440 5406 1638 5483 Λόγου,

206 5494 427 5569 Μέχρι
455 5498 559 5563 τῆς
590 5488 914 5569 ἀναλήψεως
940 5490 1102 5551 αὐτοῦ
1132 5494 1269 5572 πρὸς
1298 5495 1393 5553 τὸν
1423 5496 1661 5572 Ηατέρα,

290 5646 353 5687 ⁸³
386 5644 604 5705 Matth.
634 5663 720 5721 τι,
749 5646 839 5706 28.

1965 1921 2130 1959 suum
2158 1904 2231 1959 ad
2256 1903 2488 1976 phialas
2520 1905 2807 1960 aromatis.

2038 1991 2295 2048 Dilectus
2330 2009 2495 2049 meus
2545 1992 2646 2065 qui
2700 1992 3057 2048 substantia:
3105 2009 3225 2049 suae
3273 1990 3623 2048 celsitudine

1968 2086 2054 2137 est
2085 2082 2419 2149 invisibilis,
2451 2083 2647 2153 reipsa
2696 2086 2974 2152 tanquam
3030 2083 3091 2137 in
3149 2083 3387 2139 hortum
3446 2099 3621 2141 suum

1968 2172 2272 2228 descendit
2302 2171 2362 2227 in
2390 2175 2741 2239 creaturam,
2776 2187 2953 2243 quam
2984 2171 3198 2226 divinis
3218 2170 3622 2227 voluntatibus

1969 2263 2093 2319 suis
2125 2262 2250 2335 ipse
2283 2261 2586 2333 plantavit,
2621 2265 2678 2316 et
2708 2266 2991 2333 tanquam
3024 2261 3095 2316 ad
3138 2259 3367 2332 phialas
3399 2276 3623 2316 aroma-

1967 2352 2066 2419 tis,
2100 2352 2171 2407 ad
2204 2352 2435 2407 animas
2466 2350 2577 2406 sibi
2611 2365 2713 2422 per
2742 2350 2917 2405 ﬁdem
2949 2348 3009 2404 in
3032 2349 3219 2405 Deum
3247 2352 3466 2421 gratas,
3493 2364 3624 2405 sua-

1967 2441 2211 2499 vissimo
2271 2442 2471 2513 gratias
2530 2439 2719 2495 sancti
2776 2439 3028 2511 Spiritus
3090 2440 3267 2495 odore
3325 2439 3618 2511 perfusas.

1969 2531 2103 2595 Quae
2136 2528 2370 2600 quidem
2403 2528 2592 2600 gratia
2623 2545 2727 2600 per
2757 2525 3317 2598 contemplationem
3348 2530 3405 2581 et
3434 2525 3625 2581 actio-

1970 2635 2130 2686 nem,
2175 2616 2452 2689 imaginis
2502 2622 2560 2672 et
2607 2614 3019 2671 similitudinis
3065 2614 3243 2670 decus
3292 2614 3353 2668 in
3403 2616 3487 2668 eis
3535 2612 3622 2669 sic

1969 2706 2285 2775 instaurat,
2319 2709 2382 2760 ut
2411 2722 2666 2777 sponsus
2716 2705 2775 2758 in
2828 2703 2947 2759 illis
2994 2705 3276 2775 tanquam
3327 2699 3623 2779 exemplar

1968 2797 2029 2852 in
2062 2796 2228 2868 signo
2254 2796 2487 2867 proprio
2512 2793 2900 2867 perspiciatur
2917 2808 3282 2865 expressum.
3308 2791 3625 2848 Descendit

1970 2890 2186 2953 autem,
2222 2889 2285 2939 ut
2316 2885 2541 2939 dictum
2573 2888 2682 2952 est,
2714 2889 2779 2938 ut
2809 2886 3010 2955 pascat
3038 2882 3097 2938 in
3125 2882 3309 2939 hortis
3336 2882 3410 2952 let
3457 2880 3625 2937 colli-

1971 2980 2069 3048 gat
2100 2973 2260 3029 lilia:
2288 2973 2399 3030 hoc
2430 2976 2538 3039 est,
2571 2977 2637 3028 ut
2683 2989 2816 3028 oves
2868 2974 3096 3028 ratione
3142 2971 3417 3044 praeditas
3465 2973 3625 3042 tegat

1971 3070 2029 3121 et
2061 3063 2281 3120 nutriat
2312 3079 2415 3134 per
2446 3061 2751 3117 scientiam
2784 3065 2961 3132 atque
2991 3060 3293 3128 virtutem,
3321 3060 3379 3116 in
3412 3064 3627 3115 natura

1972 3162 2098 3213 tum
2132 3152 2485 3225 intelligibili
2517 3157 2641 3208 tum
2676 3152 2941 3207 sensibili
2969 3169 2981 3207 :
3012 3152 3069 3207 in
3100 3152 3317 3221 quibus
3337 3150 3624 3206 virtutum

1975 3248 2234 3303 rationes
2266 3261 2333 3300 ac
2369 3244 2527 3299 modi
2576 3248 2860 3313 tanquam
2920 3244 2978 3297 in
3019 3242 3207 3298 hortis
3265 3242 3624 3313 quibusdam

1974 3334 2189 3394 consiti
2237 3337 2409 3400 sunt;
2465 3336 2522 3388 et
2578 3331 2813 3403 colligat
2868 3330 3045 3387 veluti
3104 3330 3231 3385 lilia
3288 3331 3358 3385 de
3411 3329 3625 3402 spinis,

1975 3442 2186 3499 nempe
2216 3441 2284 3480 ex
2315 3423 2625 3479 animabus
2658 3439 2785 3494 quae
2809 3421 3101 3493 corporeis
3124 3418 3622 3476 sollicitudinibus

1976 3517 2359 3584 suii'ocantur,
2409 3512 2641 3568 animas
2695 3510 2827 3567 illas
2877 3528 3003 3582 quae
3053 3510 3288 3580 rejectis
3327 3508 3622 3581 ejusmodi

1977 3606 2166 3681 spinis
2187 3605 2305 3660 Deo
2334 3607 2543 3676 parent
2570 3601 2707 3675 ipsi,
2739 3600 2801 3656 in
2832 3599 3163 3673 Evangeliis
3194 3600 3451 3657 dicenti:
3479 3600 3622 3656 Con-

1974 3694 2380 3753 sideratelz'lia
2435 3694 2585 3762 agri,
2640 3707 2750 3746 non
2806 3690 3082 3761 laborant,
3140 3706 3315 3763 neque
3370 3693 3504 3747 nent
3530 3688 3618 3745 “z

1978 3788 2235 3851 Quarum
2267 3783 2445 3839 etiam
2474 3780 2707 3853 singula
2762 3779 2937 3836 dicit:
2989 3781 3100 3849 Ego
3136 3782 3333 3853 nepoti
3377 3795 3519 3849 meo,
3572 3788 3625 3836 et

1976 3892 2141 3948 nepos
2170 3890 2320 3930 meus
2349 3872 2510 3943 mihi,
2542 3872 2639 3942 qui
2663 3873 2841 3943 pascit
2868 3873 3017 3927 inter
3047 3871 3195 3927 lilia.
3246 3870 3365 3943 Ego
3412 3869 3627 3942 quippe

1980 3964 2096 4020 Deo
2127 3962 2276 4029 vivo,
2309 3966 2540 4016 mortua
2572 3960 2816 4031 mundo,
2850 3965 2906 4016 et
2935 3961 2992 4016 in
3027 3978 3120 4016 me
3172 3959 3332 4016 solus
3362 3960 3630 4017 Christus

1980 4052 2143 4121 vivit,
2168 4050 2267 4123 qui
2302 4049 2451 4121 regit
2490 4048 2750 4104 animam
2802 4066 2932 4120 quae
2984 4051 3179 4122 ipsum
3229 4048 3518 4121 sequitur,
3576 4052 3634 4105 et

1983 4141 2173 4215 pascit
2200 4142 2260 4197 in
2289 4140 2455 4207 liliis,
2487 4140 2547 4195 in
2580 4138 2997 4213 splendoribus
3024 4142 3335 4197 virtutum.

2706 4410 2900 4466 Psellz'.

2058 4517 2191 4573 Haec
2240 4516 2585 4572 custodibus
2631 4533 2852 4588 sponsa
2897 4532 3031 4572 cum
3082 4516 3498 4589 respondisset,
3552 4512 3638 4570 illi

1994 4623 2201 4664 rursus
2232 4621 2361 4661 eam
2394 4605 2758 4677 interrogant
2789 4604 3120 4660 accuratius
3147 4621 3160 4659 :

2070 4698 2183 4765 Quo
2214 4696 2351 4751 abiit
2379 4710 2548 4766 nepos
2574 4703 2721 4762 tuus,
2772 4710 2801 4750 ο
2844 4693 3084 4766 pulchra
3136 4696 3289 4750 infer
3331 4692 3642 4750 mulieres?

1999 4788 2111 4855 Quo
2142 4786 2389 4857 respexit
2418 4800 2583 4853 nepos
2621 4792 2747 4840 tuus
2768 4788 2793 4838 .9
2822 4787 2873 4840 et
2916 4800 3228 4857 quaeremus
3275 4800 3400 4840 eum
3442 4793 3643 4840 tecum.

2069 4964 2271 5029 Qualis
2302 4966 2411 5020 iste
2440 4964 2536 5031 sit,
2562 4965 2686 5035 jam
2718 4962 3139 5019 intelleximus.
3192 4963 3358 5020 Nunc
3404 4978 3647 5019 avemus

1998 5054 2144 5109 illud
2178 5054 2352 5110 etiam
2386 5053 2553 5122 scire,
2588 5070 2702 5124 quo
2735 5052 3136 5109 descenderit:
3169 5053 3431 5109 nondum
3490 5052 3650 5107 enim

2001 5144 2297 5216 cognitam
2356 5143 2575 5199 habent
2650 5143 2823 5198 Verbi
2904 5142 3387 5210 incarnationem,
3470 5158 3651 5212 quam

2001 5234 2285 5291 ineffabili
2334 5234 2559 5289 ratione
2618 5233 2674 5287 in
2734 5238 2951 5289 terram
3012 5234 3378 5289 descendens
3435 5232 3652 5288 induit.

2003 5325 2182 5394 Cujus
2213 5323 2454 5395 quidem
2487 5322 2916 5379 incarnationis
2948 5324 3292 5396 mysterium
3324 5340 3397 5379 ne
3431 5322 3659 5396 angelis

2005 5413 2268 5486 quidem,
2303 5416 2436 5468 ante
2467 5411 2639 5468 Verbi
2671 5413 3076 5470 ascensionem
3110 5415 3179 5469 ad
3213 5414 3443 5470 Patrem
3478 5413 3661 5468 fuisse

2004 5502 2395 5576 exploratum,
2428 5519 2495 5559 ex
2516 5519 2751 5560 summo
2773 5503 3192 5576 prophetarum
3222 5504 3431 5561 Davide
3450 5516 3662 5574 cogno-
