4042 6198
426 345 557 404 ϐὂῦκ

1754 335 2183 397 MICHAELIS
2230 337 2503 398 PSELLI

3724 331 3852 394 656

425 493 571 532 sces.
603 475 746 532 Cum
772 473 927 530 enim
956 472 1295 542 angelorum
1338 471 1567 527 Christo
1602 468 2069 524 ministrantium

2203 469 2455 522 Ἀκουσον
2497 489 2547 522 τι
2582 489 2712 545 φησι
2748 462 2915 522 Δαόὶδ
2943 470 3051 521 τῶν
3084 469 3390 545 προφητῶν
3425 466 3682 541 ἀκρότης.

427 565 683 632 ordines,
730 564 967 635 quando
1012 566 1357 633 assumptus
1397 564 1506 629 est,
1556 556 1722 612 valde
1780 556 2080 629 supplica-

429 660 561 710 rent
607 671 674 709 ac
701 653 1004 709 dicerent:
1060 652 1250 707 Tollite
1289 657 1498 721 portas,
1530 649 1828 718 principes,
1872 649 2082 701 vestras

428 747 479 801 et
529 745 783 799 introibit
824 742 1096 798 Christus
1142 745 1258 795 Rea:
1296 738 1596 808 gloriae“:
1652 736 1735 791 illi
1782 736 2083 808 dispensa-

435 833 637 899 tionis,
709 833 925 904 inquit,
990 846 1270 885 arcanum
1341 846 1455 882 non
1524 825 1941 897 intelligentes,
2018 830 2082 880 ut

432 922 773 978 hazsitantes
819 920 1286 991 responderunt:
1360 918 1490 984 Qui:
1537 925 1620 973 est
1661 921 1759 971 iste
1804 917 1916 971 Rea:
1963 916 2081 984 glo-

431 1012 538 1068 ria
556 1013 643 1066 “i’
672 1017 753 1065 Ac
784 1026 1015 1080 sponsas
1046 1008 1284 1080 quidem
1329 1008 1604 1062 custodes
1652 1005 1735 1061 ita
1783 1006 2079 1061 dixerunt.

428 1099 536 1155 Illa
564 1114 700 1154 vero
732 1099 1047 1169 respondet
1080 1096 1302 1168 angelis
1335 1094 1519 1169 ipsis:

493 1370 687 1437 Nepos,
719 1364 1017 1436 inquiens,
1050 1380 1201 1419 meus
1226 1362 1509 1419 descendit
1541 1362 1604 1418 in
1654 1360 1875 1417 hortum
1923 1378 2084 1418 suum

425 1457 496 1512 ad
515 1458 734 1529 phialas
757 1458 1049 1525 aromatis,
1091 1458 1149 1511 ut
1177 1458 1365 1527 pascat
1410 1456 1469 1509 in
1520 1453 1712 1521 hortis,
1764 1456 1813 1508 et
1855 1452 2086 1522 colligat

432 1547 580 1602 lilia.

501 1642 751 1701 Arcana,
809 1633 1023 1704 inquit,
1087 1631 1184 1688 ille
1247 1631 1473 1687 ratione
1530 1629 1853 1698 descendit,
1932 1630 2086 1686 sicut

426 1724 617 1779 imber
645 1740 823 1795 super
852 1723 1072 1792 lanam,
1106 1721 1257 1777 sicut
1287 1738 1383 1777 ros
1414 1720 1473 1775 in
1504 1719 1715 1787 vellus,
1760 1720 1817 1775 in
1848 1723 2081 1775 uterum

2187 561 2299 610 Τῶν
2334 554 2799 632 λειτουργούντῶν
2832 556 2953 612 τότε
2973 558 3074 633 γὰρ
3096 557 3383 633 ταγμάτων
3416 560 3497 628 τῷ
3529 560 3773 630 Σωτῆρι,

2193 647 2333 722 Πρὸς
2366 648 2462 715 τήν
2493 645 2766 720 ἀνάληψιν
2795 645 2959 701 αὐτοῦ
2996 645 3188 721 μεγάλ’
3220 646 3571 701 ἱκετευοντων
3602 664 3615 677 ·

2192 740 2390 811 ’Ἄρατε
2421 736 2615 807 πύλας,
2650 736 2830 809 ἄρατε,
2861 736 3166 811 ταγμάτων
3192 733 3521 810 ἀρχηγέται,

2190 826 2278 886 Ὠς
2312 824 2670 881 εἰσελεύσεται
2701 828 2930 901 Χριστὸς
2956 826 2983 879 ὁ
3018 822 3281 886 Βασιλεὺς
3304 827 3407 889 τῆς
3436 821 3621 896 δόξης.

2194 916 2264 970 Αἱ
2300 916 2374 986 μή
2408 917 2784 990 γινώσκοντες,
2817 914 2972 993 φησὶ,
2999 918 3066 969 τᾶ
3094 921 3193 984 τῆς
3231 912 3573 985 οἷ’κονομίας,

2194 1006 2661 1081 Ἀντικεκράγασιν
2696 1004 2881 1067 αὐτοῖς
2913 1004 3093 1079 ὥσπερ
3128 1003 3525 1077 ἑπαποροῦντες
3555 1022 3567 1035 ·

2191 1095 2282 1157 Τίς
2313 1093 2453 1149 ἐστιν
2487 1093 2649 1157 οὗτος
2676 1093 2945 1171 λέγοντες,
2982 1096 3009 1149 ὁ
3050 1092 3307 1155 Βασιλεὺς
3338 1099 3436 1162 τῆς
3464 1090 3625 1165 δόξης
3662 1112 3677 1161 ;

2194 1181 2353 1239 Ἀλλ’
2384 1182 2527 1238 οὕτω
2562 1185 2655 1257 μὶν
2700 1184 2981 1260 εἰρήκασιν
3010 1184 3062 1237 οἱ
3094 1182 3333 1260 φύλακες
3363 1182 3665 1260 τῇνῦμφῃ,

2192 1276 2256 1329 Ἡ
2290 1270 2335 1328 δ’
2364 1273 2628 1349 ἀπεκρίθη
2663 1274 2799 1349 πρὸς
2824 1272 3017 1335 αὐτοὺς
3050 1271 3288 1348 λέγουσα
3316 1271 3440 1333 τοὺς
3474 1271 3770 1349 ἀγγέλους

2261 1360 2586 1440 Ἀδελφιδός
2679 1386 2783 1437 μου
2866 1357 3068 1431 κατέϐη
3158 1361 3235 1427 εἷς
3295 1367 3469 1431 πῆσον
3552 1361 3727 1416 αὐτοῦ
3770 1360 3846 1423 εἷς

2193 1450 2393 1529 φιάλας
2448 1456 2544 1507 τοῦ
2602 1453 2919 1525 ἀρώματος,
2975 1455 3071 1507 τοῦ
3135 1451 3451 1524 ποιμαίνειν
3508 1448 3560 1504 ἐν
3624 1453 3845 1522 κήποις,

2192 1542 2281 1596 καὶ
2314 1539 2599 1617 συλλέγειν
2622 1540 2796 1613 κρίνα.

2265 1635 2503 1694 Ἐκεῖνος
2533 1630 2897 1702 κατελήλυθε,
2928 1632 3113 1709 φησὶν,
3152 1628 3597 1707 ἆρῥητοτρόπως,

2193 1722 2281 1783 Ὠς
2314 1720 2401 1775 ἐπὶ
2432 1722 2600 1776 πόκον
2638 1721 2809 1791 ὑετὸς,
2841 1720 2915 1782 ὠς
2940 1719 3025 1775 ἐπὶ
3058 1718 3236 1796 χλόην
3271 1716 3483 1795 δρόσος,

428 1829 587 1883 pura:
618 1816 792 1883 atque
822 1810 1215 1866 immaculata
1244 1809 1509 1882 virginis,
1544 1814 1609 1865 ut
1633 1808 1693 1863 in
1754 1812 2078 1863 aromatum

2203 1812 2279 1866 Ἐν
2304 1814 2370 1884 τῇ
2403 1810 2594 1885 γαστρὶ
2617 1813 2716 1879 τῆς
2747 1814 2983 1884 καθαρᾶς
3012 1810 3101 1863 καὶ
3132 1807 3480 1882 παναμώμου
3510 1804 3707 1880 κόρης,

426 1902 763 1957 divinorum
796 1900 1057 1972 phialam
1108 1901 1413 1955 mundam.
1462 1899 1627 1954 Unde
1674 1898 1801 1954 sine
1848 1896 2073 1954 semine

421 1988 821 2061 progrediens,
856 2004 921 2043 eo
959 1987 1199 2059 quidem
1236 1987 1409 2042 modo
1443 2002 1557 2057 quo
1588 1984 1670 2040 illi
1704 1984 1811 2040 soli
1843 1989 1933 2041 est
1978 2001 2071 2040 co-

418 2076 641 2151 gnitus,
675 2077 735 2133 in
758 2076 987 2133 animas
1045 2077 1355 2131 hominum
1416 2092 1595 2146 puras
1645 2074 1899 2130 influxit.
1957 2072 2073 2129 Has

414 2166 572 2222 enim
604 2170 689 2235 tu,
726 2184 847 2236 rex,
880 2165 1111 2238 phialas
1143 2169 1475 2221 aromatum
1508 2163 1813 2235 intelligo;
1840 2162 2074 2219 hortum

417 2261 615 2312 autem
650 2270 901 2327 agnosce
944 2254 1101 2310 hunc
1132 2256 1421 2309 mundum
1458 2253 1515 2307 in
1550 2269 1722 2324 quem
1774 2250 2077 2307 descendit

419 2344 712 2410 Christus,
764 2348 829 2399 ut
886 2344 1089 2400 fideles
1147 2343 1369 2399 sanctis
1442 2346 1708 2414 pasceret
1781 2339 2071 2413 eloquiis:

422 2433 621 2489 divina
650 2432 807 2489 enim
839 2432 1071 2504 eloquia
1107 2436 1396 2489 vocantur
1430 2430 1575 2486 lilia.

496 2616 616 2680 Ego
646 2611 841 2679 nepoti
867 2626 1007 2680 meo,
1037 2613 1088 2665 et
1116 2626 1281 2682 nepos
1308 2626 1464 2665 meus
1494 2610 1653 2666 mihi.

498 2698 739 2763 Verum,
772 2714 888 2770 quo
931 2697 1188 2769 planius,
1246 2698 1440 2770 inquit
1495 2714 1596 2753 vos
1656 2698 1919 2768 doceam,
1977 2696 2078 2753 ille

431 2786 575 2841 mihi
612 2803 856 2858 prorsus
884 2794 968 2841 est
1000 2785 1233 2841 similis.
1286 2788 1368 2841 Ad
1420 2785 1870 2841 similitudinem
1920 2787 2078 2842 enim

435 2892 601 2931 suam
627 2891 721 2930 me
753 2874 914 2946 prius
945 2874 1069 2944 ipso
1097 2874 1385 2930 formavit.
1422 2874 1557 2929 Post
1596 2879 1792 2930 autem
1824 2876 2080 2946 graviter

434 2964 700 3020 collisam
760 2963 1075 3030 renovavit,
1129 2965 1379 3019 formam
1454 2980 1645 3019 meam
1720 2979 1787 3018 ex
1856 2964 2080 3033 virgine

430 3054 783 3128 suscipiens.
832 3055 924 3110 Sic
982 3053 1164 3127 igitur
1222 3053 1461 3126 angelos
1518 3070 1736 3125 sponsa
1790 3057 1879 3109 est
1936 3052 2080 3110 allo-

431 3150 587 3202 cuta.

1024 3252 1211 3306 Trium
1241 3252 1487 3306 Patrum.

506 3340 804 3397 Virtutum
836 3341 1015 3397 decus
1045 3340 1105 3395 in
1138 3340 1230 3395 his
1262 3339 1743 3409 adolescentulis,
1772 3338 1829 3395 id
1864 3343 1973 3411 est,
2026 3340 2084 3395 in

436 3430 749 3488 animabus
780 3446 1036 3502 sponsus
1056 3429 1181 3502 ipse
1204 3428 1584 3485 considerans
1608 3428 1783 3485 veluti
1808 3445 2087 3502 sponsam

440 3520 762 3592 alloquitur
792 3520 863 3575 ad
899 3520 1053 3575 hunc
1087 3519 1326 3573 modum
1354 3535 1365 3574 :
1399 3519 1636 3574 Pulchra
1667 3535 1745 3585 es,
1778 3521 2089 3591 propinqua

446 3626 585 3676 mea,
644 3613 791 3665 sicut
849 3609 989 3663 bona
1039 3609 1319 3662 voluntas.
1371 3607 1531 3663 Bona
1598 3625 1681 3675 es,
1759 3608 2090 3680 propinqua

448 3714 599 3765 mea,
632 3712 701 3751 ex
727 3696 933 3750 divina:
981 3696 1283 3768 sapientiae
1341 3701 1395 3751 et
1442 3696 1722 3752 bonitatis
1775 3697 2091 3769 participa-

444 3787 623 3852 tione,
660 3789 859 3857 utpote
899 3802 1026 3857 qua:
1085 3785 1371 3840 voluntati
1434 3802 1573 3840 meas
1632 3803 1733 3857 per
1790 3803 1966 3857 quam
2025 3803 2094 3842 ex

444 3874 629 3930 nihilo
663 3874 815 3930 facta
846 3891 929 3945 es,
966 3874 1207 3929 minimo
1237 3890 1551 3946 repugnes,
1584 3876 1683 3929 sed
1736 3891 1803 3930 ex
1851 3891 1919 3931 ea
1970 3881 2093 3931 tota

442 3966 721 4038 pendeas,
784 3967 922 4021 dum
981 3964 1259 4036 imaginis
1317 3970 1374 4020 et
1432 3965 1838 4022 similitudinis
1914 3969 2091 4024 decus

442 4071 773 4111 conservas.
836 4054 1227 4118 Quamobrem
1291 4055 1482 4110 decora
1555 4056 1728 4112 etiam
1808 4073 1890 4128 es,
1953 4060 2093 4114 sicut

441 4144 771 4201 Jerusalem.
805 4148 1083 4199 Formosa
1116 4144 1423 4211 nimirum,
1456 4146 1591 4200 dum
1646 4149 1845 4201 notam
1898 4164 2090 4203 meam

444 4237 623 4304 atque
655 4233 918 4287 habiturn
956 4234 1027 4289 ab
1068 4234 1226 4288 omni
1278 4235 1719 4305 perturbatione
1772 4237 2093 4292 remotissi-

444 4339 607 4377 mum
642 4322 929 4391 defendis,
965 4323 1020 4377 in
1054 4327 1107 4377 to
1139 4323 1268 4393 ipsa
1296 4340 1387 4377 mo
1409 4340 1610 4395 pacem
1634 4324 1823 4380 Patris
1844 4331 2095 4382 contem-

443 4411 621 4484 plaris
654 4412 843 4482 quite
894 4410 977 4465 illi
1046 4411 1369 4467 éonciliavi.
1421 4412 1561 4466 Nam
1622 4412 1973 4485 Jerusalem,
2033 4417 2097 4470 ut

442 4501 777 4571 docuimus,
809 4500 971 4571 pacis
1023 4506 1111 4556 est
1158 4500 1326 4556 visio.
1382 4503 1748 4574 Quapropter
1803 4520 1865 4559 cs
1911 4504 2089 4559 etiam

2191 1900 2287 1954 Καὶ
2320 1899 2393 1959 εἷς
2421 1897 2621 1976 φιάλην
2656 1898 2890 1973 καθαρὰν
2922 1902 3029 1953 τῶν
3066 1896 3222 1961 θείων
3258 1897 3587 1973 ἀρωμάτων,

2184 1990 2271 2059 Ἐξ
2301 1992 2365 2057 ἧς
2394 1988 2647 2064 ἀσπόρως
2678 1984 2959 2061 προελθὼν
2999 1988 3164 2059 μόνος
3197 1986 3355 2047 αὑτὸς
3379 1986 3451 2048 ὠς
3487 1984 3654 2054 οἶδεν,

2184 2079 2277 2140 Εἷς
2307 2080 2400 2139 τὰς
2433 2077 2611 2151 ψυχας
2642 2081 2747 2131 τῶν
2789 2081 3038 2152 καθαρῶν
3066 2075 3361 2149 ἀνθρώπων
3409 2075 3703 2152 μετερῥῦη.

2182 2167 2387 2228 Ταύτας
2416 2166 2514 2240 γὰρ
2550 2163 2679 2237 ἴσθι,
2713 2163 2963 2237 δέσποτα,
3001 2163 3195 2242 φιάλας
3230 2166 3556 2239 ἀρωμάτων,

2184 2261 2386 2332 ’Ὠσπερ
2414 2255 2504 2309 καί
2533 2262 2709 2325 κῆπον
2758 2254 2988 2331 γίνωσκε
3032 2258 3223 2309 τοῦτον
3264 2254 3356 2308 τὸν
3395 2254 3626 2326 κόσμον,
3660 2254 3789 2324 ἅναξ
3822 2274 3836 2289 ·

2186 2348 2272 2404 Ἐν
2304 2345 2348 2417 ᾧ
2378 2344 2645 2415 κατῆλθεν
2679 2346 2707 2400 ὁ
2738 2345 2989 2419 Χριστὸς,
3020 2344 3108 2398 καὶ
3139 2342 3267 2407 τοὺς
3292 2345 3729 2406 πεπισκευκότας

2188 2434 2508 2508 Ἐποίμανεν
2544 2432 2617 2497 ὡς
2648 2432 2871 2504 άληθῶς
2902 2438 3020 2494 τοῖς
3050 2427 3369 2505 σεϐασμίοις
3403 2430 3609 2507 λόγοις.

2187 2523 2354 2601 Κρίνα
2382 2524 2486 2598 γάρ
2515 2526 2683 2577 ταῦτα
2714 2520 2927 2595 λὶγεται
2959 2523 3026 2577 τά
3058 2522 3223 2595 Λόγια
3250 2522 3318 2575 τά
3340 2527 3477 2585 θεῖα.

2258 2612 2398 2689 Ἐγὼ
2428 2616 2508 2684 τῷ
2530 2607 2805 2689 ἀδελφιδῷ
2842 2632 2967 2684 μου,
3001 2610 3089 2665 καὶ
3117 2607 3405 2687 άδελφιδός
3441 2632 3543 2682 μου
3579 2608 3732 2683 ἐμοί.

2186 2700 2343 2759 Ἀλλ’
2366 2699 2454 2756 ’ἶνα
2481 2723 2556 2773 τι,
2589 2701 2952 2779 φησὶν,εὑμᾶς
2984 2700 3307 2778 σαφεστερον
3339 2697 3556 2773 διδάξω,

2187 2796 2424 2851 Ἐκεῖνος
2455 2788 2647 2862 ὅμοιος
2676 2787 2799 2861 ἐμοὶ
2829 2790 3088 2865 τυγχάνει
3118 2789 3253 2843 κατά
3282 2788 3449 2844 πάντα
3484 2808 3496 2820 ·

2186 2878 2428 2936 Ἐπλασε
2457 2879 2556 2954 γάρ
2592 2899 2658 2950 με
2684 2877 2946 2953 πρότερον
2978 2876 3184 2932 ἑκείνου
3216 2879 3330 2932 κατ’
3354 2877 3556 2950 εἰκόνα,

2190 2968 2293 3025 Καὶ
2324 2968 2489 3022 πάλιν
2520 2966 2811 3021 ἀνεκαίνισε
2843 2964 3033 3029 δεινῶς
3068 2988 3135 3039 με
3159 2962 3553 3042 συντριϐεῖσαν,

2188 3062 2273 3119 Ὠς
2294 3057 2395 3125 τήν
2426 3056 2565 3129 ἐμὴν
2598 3054 2907 3131 ἀνειληφὼς
2942 3056 3159 3134 μορφὴν
3192 3055 3251 3111 ὲκ
3278 3061 3376 3124 τῆς
3397 3057 3691 3131 παρθένου.

2192 3149 2372 3203 Ταῦτα
2406 3146 2499 3217 μὲν
2530 3145 2620 3198 οὗν
2654 3143 2957 3215 λελάληκεν
2991 3147 3026 3213 ἡ
3058 3144 3239 3222 νύμφη
3271 3150 3392 3205 τοῖς
3424 3144 3709 3220 ἀγγέλοις,

2763 3255 2884 3309 Τῶν
2914 3254 2961 3327 γ’
2993 3252 3266 3328 Πατὲρων.

2262 3342 2439 3405 Αὐτὸς
2486 3342 2514 3395 ὁ
2573 3340 2805 3420 νυμφίος
2857 3342 2956 3410 τὴν
3029 3339 3171 3417 ὥραν
3228 3345 3335 3396 τῶν
3396 3342 3843 3417 κατορθωμάτων

2194 3437 2312 3493 ταῖς
2340 3430 2616 3492 τοιαύταις
2666 3434 2871 3505 ψυχαῖς
2920 3428 3234 3505 ἐπικρίιων,
3284 3427 3474 3505 ἤγουν,
3524 3434 3638 3485 τῶν
3667 3430 3848 3486 νεανί-

2199 3517 2326 3593 δων,
2352 3518 2515 3574 οἱονεί
2560 3540 2694 3593 φησι
2744 3519 2879 3595 πρὸς
2937 3518 3103 3589 αὐτήν
3139 3535 3151 3549 ⁶
3201 3514 3354 3587 Καλή
3408 3520 3477 3586 εἴ,
3518 3520 3550 3588 ἡ
3608 3519 3847 3589 πλησίον

2202 3631 2327 3684 μου,
2361 3609 2436 3670 ὠς
2469 3606 2702 3664 εὐδοκία.
2736 3608 3027 3678 Δηλονότι,
3072 3608 3276 3683 Ἀγαθή
3312 3607 3595 3683 ὑπάρχεις,
3622 3611 3659 3677 ἡ
3695 3608 3850 3685 ἐγγύς

2204 3719 2328 3773 μου,
2361 3698 2495 3753 κατᾶ
2516 3699 2614 3768 τήν
2664 3704 2764 3767 τῆς
2810 3696 2952 3759 θείας
3000 3695 3189 3776 σοφίας
3226 3696 3316 3751 καὶ
3350 3696 3691 3772 άγαθότητος
3723 3718 3846 3770 μετ·

2202 3790 2342 3864 οχήν
2379 3809 2391 3822 ·
2428 3788 2500 3849 ὠς
2529 3792 2608 3859 νῷ
2647 3786 2917 3861 θελήματί
2970 3808 3075 3859 μου
3111 3806 3123 3819 ·
3152 3787 3271 3841 καθ’
3327 3786 3357 3840 ’ὀ
3416 3785 3475 3841 ἐκ
3520 3790 3621 3841 τοῦ
3659 3789 3738 3860 μή
3772 3782 3859 3842 ὅν-

2200 3899 2290 3939 τος
2337 3879 2653 3953 παρήχθης,
2715 3878 2789 3949 μὴ
2852 3876 2994 3931 κατὰ
3049 3898 3101 3931 τι
3161 3875 3534 3949 ἀντικειμένη,
3566 3874 3701 3931 ἀλλ’
3752 3873 3853 3945 ὅλη

2200 3966 2394 4021 τούτου
2428 3964 2833 4039 ἓξηρητημὲνη,
2871 3964 2959 4019 καὶ
3016 3964 3068 4019 ἐν
3117 3969 3194 4037 τῷ
3224 3970 3411 4040 τηρεῖν
3439 3965 3501 4019 τὸ
3533 3970 3657 4020 κατ’
3687 3965 3863 4021 εἰκόνα

2200 4078 2257 4111 τε
2286 4057 2371 4111 καὶ
2423 4056 2485 4110 τὸ
2528 4056 2647 4118 καθ’
2712 4052 2977 4128 ὁμοίωσιν
3014 4073 3027 4086 ·
3090 4053 3327 4117 ἐντεῦθεν
3390 4051 3447 4107 δὲ
3502 4055 3619 4122 καὶ,
3681 4053 3863 4129 Ὠραὲα

2202 4146 2275 4207 ὡς
2334 4142 2714 4219 Ἰερουσαλήμ,
2768 4141 3014 4214 Δηλαδή,
3067 4142 3245 4211 Καλὴ,
3286 4141 3361 4204 ὠς
3407 4141 3457 4197 ἐν
3522 4141 3695 4218 ἑαυτῇ
3756 4144 3861 4198 σώ-

2204 4240 2364 4303 ζουσα
2420 4233 2509 4287 τὸν
2572 4232 2701 4306 ἐμὸν
2756 4239 3100 4308 χαρακτῆρα,
3179 4230 3268 4286 καὶ
3328 4232 3427 4300 τήν
3480 4231 3862 4302 ἀπαθεστάτην

2200 4322 2307 4394 ἕξιν
2340 4318 2653 4392 άλώόητον,
2712 4320 2809 4395 ἐμὲ
2864 4323 2962 4392 τήν
3006 4320 3228 4394 εἰρήνην
3279 4324 3377 4375 τοῦ
3412 4321 3623 4395 Ηατρὸς
3658 4322 3862 4395 ὁρῶσα,

2204 4411 2261 4473 ὅς
2320 4433 2375 4466 σε
2431 4411 2610 4483 τούτῳ
2661 4408 3003 4481 κατήλλαξα.
3050 4412 3271 4483 Ὅρασις
3318 4409 3420 4484 γὰρ
3480 4408 3737 4484 εἰρήνης,
3794 4408 3865 4471 ὡς

2204 4502 2524 4576 προείρητο,
2586 4499 2948 4576 Ἰερουσαλὴμ
3015 4498 3389 4574 ἑρμηνεύεται.
3456 4499 3613 4555 Ὅθεν
3678 4496 3727 4553 εἷ
3778 4498 3866 4551 καὶ

442 4597 651 4657 terror,
686 4593 751 4644 ut
799 4590 950 4645 acies
1001 4590 1289 4646 ordinata.
1339 4591 1483 4645 Tota
1537 4590 1808 4647 videlicet
1860 4598 2086 4664 stupor,

2206 4585 2438 4663 Θάμϐος,
2473 4589 2547 4655 ὠς
2576 4588 2940 4665 τεταγμέναι·
2994 4585 3142 4658 ἤτοι,
3177 4585 3486 4657 Ἔκπληξις
3528 4585 3641 4656 ὅλη
3679 4586 3770 4642 ἐπὶ
3797 4590 3861 4658 τῇ

445 4678 586 4732 dum
618 4677 676 4731 in
710 4677 1205 4748 contemplatione
1229 4682 1451 4733 naturae
1485 4694 1626 4734 meae
1652 4678 2098 4751 incomprehen-

444 4765 635 4822 sibilis
665 4766 1057 4838 obstupescis,
1092 4768 1595 4838 quemadmodum
1629 4772 1683 4823 et
1707 4768 1888 4824 divini
1921 4775 2097 4842 atque

444 4853 695 4927 angelici
759 4854 993 4910 ordines
1048 4855 1436 4911 admiratione
1493 4856 1737 4926 stupidi,
1787 4856 2097 4914 inaccessas

443 4943 905 5015 pulchritudinis
938 4961 1079 4999 mea:
1105 4945 1427 4999 reverentia
1450 4949 1506 4999 ot
1538 4945 1848 5002 formidine
1872 4953 2098 5004 contre-

445 5033 724 5089 miscunt.
758 5034 1009 5089 Proinde
1043 5037 1224 5088 averte
1254 5035 1434 5088 oculos
1462 5038 1579 5089 tuos
1610 5053 1641 5088 a
1693 5053 1800 5107 me,
1840 5039 2098 5107 quoniam

446 5125 553 5195 ipsi
579 5140 667 5177 me
695 5121 922 5177 evolare
948 5125 1217 5192 fecerunt.
1252 5124 1311 5176 Id
1347 5127 1454 5191 est,
1492 5140 1561 5178 ne
1594 5126 1821 5180 coneris
1872 5143 1963 5181 me
1995 5127 2096 5198 qui

444 5212 841 5268 substantiam
873 5228 1105 5281 supero,
1132 5228 1199 5266 ex
1220 5213 1553 5267 substantia
1578 5214 2093 5286 comprehendere.

445 5303 671 5367 Quanto
704 5302 859 5357 enim
897 5300 1085 5371 magis
1118 5300 1176 5354 in
1211 5316 1299 5355 me
1339 5301 1885 5371 comprehendendo
1936 5302 2097 5360 labo-

444 5391 684 5455 raveris,
717 5393 879 5444 tanto
913 5387 1148 5460 longius
1181 5406 1213 5444 a
1244 5389 1459 5445 mentis
1492 5394 1602 5445 tuaa
1635 5390 1819 5447 oculis
1868 5392 2096 5449 incom-

444 5480 772 5553 prehensus
804 5476 1066 5534 avolabo.
1101 5476 1212 5533 Sed
1246 5494 1345 5535 eos
1376 5494 1409 5534 a
1438 5479 1774 5537 substantia
1802 5498 1931 5539 mea
1970 5499 2095 5557 quae

519 5677 565 5713 ⁸⁸
594 5676 747 5734 Psal.
782 5692 943 5747 xxm,
975 5676 1030 5746 7,
1063 5678 1117 5748 9,
1192 5678 1239 5713 ⁸⁸
1268 5677 1412 5736 ibid.
1444 5680 1503 5752 8,
1536 5680 1621 5737 10.

2208 4678 2406 4754 θεωρῖᾳ
2437 4676 2851 4751 ἐκπληττομὲνη
2922 4678 3056 4750 ἐμοῦ
3123 4680 3220 4731 τοῦ
3276 4677 3392 4731 κατ’
3446 4674 3634 4730 ουσίαν
3672 4676 3867 4731 ἀκατα-

2208 4766 2422 4838 λήπτου
2458 4788 2469 4801 ·
2522 4763 2701 4841 ὥσπερ
2760 4765 2851 4820 καὶ
2905 4767 2960 4820 αἱ
3019 4764 3157 4820 Οεῖαί
3217 4786 3275 4821 τε
3331 4765 3419 4820 καὶ
3464 4763 3871 4840 ἀγγελικαιτά-

2208 4856 2311 4927 ξεις
2348 4851 2592 4929 θάμϐους
2642 4854 3022 4931 πληρούμεναι
3077 4860 3155 4927 τῷ
3212 4848 3366 4933 φόϐῳ
3422 4858 3522 4907 τοῦ
3566 4853 3868 4927 ἀπροσίτου

2211 4967 2316 5018 μου
2363 4944 2603 5007 κάλλους
2656 4944 3187 5002 κατακαλύπτονται.
3234 4944 3433 5019 Διόπερ
3487 4944 3866 5017 Ἀπόστρεψον

2208 5033 2525 5113 ὀφθαλμούς
2600 5056 2695 5089 σου
2768 5033 3018 5089 άπὲναντί
3109 5054 3236 5107 μου,
3317 5034 3441 5087 ὅταν
3524 5032 3689 5088 αὐτοὶ
3782 5033 3869 5085 άν-

2207 5124 2510 5200 επτὲρωσάν
2544 5145 2610 5198 με
2644 5144 2655 5156 ·
2714 5123 2907 5200 ἤγουν,
2969 5126 3060 5194 Μὴ
3125 5125 3271 5193 ζήτει
3340 5123 3456 5177 κατ’
3489 5120 3685 5177 οὐσίαν
3717 5141 3872 5177 411a-

2208 5209 2391 5269 λαϐεῖν
2428 5234 2495 5287 με
2539 5215 2631 5268 τὸν
2684 5214 3023 5289 ὑπερουσιον,
3058 5211 3140 5268 ὅτι
3195 5211 3319 5266 ὅσιν
3380 5207 3440 5265 ἂν
3497 5209 3745 5286 σπεῦδῃς
3775 5231 3868 5265 κα·

2202 5298 2455 5358 ταλαϐεῖν
2495 5325 2579 5377 με,
2634 5304 2890 5359 τοσοῦτόν
2944 5324 3037 5357 σου
3104 5300 3231 5363 τοὺς
3287 5299 3509 5377 νοεροῦς
3541 5299 3867 5378 ἆφῦαλμοὺς

2202 5396 2270 5467 τῇ
2319 5392 2665 5467 ἀκαταληψῖᾳ
2734 5392 3121 5470 ὑπερίπταμαι.
3186 5387 3370 5446 ’Λλλὰ
3447 5389 3683 5465 στρέψον
3744 5388 3868 5445 τού·

2202 5502 2329 5546 τους
2360 5482 2465 5537 ἀπὸ
2516 5487 2611 5538 τοῦ
2659 5484 2776 5539 κατ’
2830 5482 3010 5540 οὐσίαν
3055 5481 3393 5559 άθεωρήτου,
3428 5476 3504 5541 εἷς
3537 5478 3602 5535 τὸ
3637 5490 3861 5557 θεωρη-
