4042 6198
217 347 336 406 657
1278 349 1688 410 COMMENT.
1737 349 1816 409 IN
1863 349 2261 412 CANTICUM
2307 349 2610 410 CANTIC.
3533 351 3653 411 658

220 481 312 534 τόν
354 501 463 552 μου
494 480 613 534 κατ’
646 479 919 556 ἐνέργειαν
965 477 1193 544 κάλλος.
1229 483 1324 536 Καὶ
1387 480 1493 557 ὄψῃ
1554 504 1619 556 με
1676 481 1816 558 ἐνεργ

2052 484 2259 557 pectari
2293 501 2407 540 non
2435 489 2646 556 potest,
2705 486 2777 539 ad
2844 484 3351 557 pulchritudinem
3398 500 3524 556 quae
3580 502 3648 541 ex

218 569 378 623 τικόν
437 589 497 623 τε
547 568 637 623 καὶ
696 566 1132 643 παντοδόναμον.
1175 572 1537 644 Πνευματικοί
1595 572 1697 649 γὰρ
1757 571 1814 626 εἷς

2054 574 2277 644 aeribus
2309 573 2682 645 perspicitur,
2716 573 3233 644 contemplandam
3263 577 3549 628 converte.
3582 577 3650 629 Et

228 660 280 711 οἱ
348 656 632 733 ὀφθαλμοί
690 679 809 713 σου.
842 658 922 716 Τὸ
983 656 1061 731 ὃὶ,
1097 660 1370 736 Τρίχωμά
1427 682 1543 734 σου,
1579 648 1652 723 ὧς
1704 660 1824 737 ἀγέλ

2051 680 2205 718 arnes
2237 679 2330 718 me
2354 663 2681 717 beneﬁcum
2731 667 2788 717 et
2817 664 3305 734 omnipotentem.
3345 662 3647 733 Spiritales

218 751 329 802 τῶν
392 746 586 822 αἰγῶν,
650 748 704 801 αἳ
779 747 1119 825 ἀνεφάνησαν
1178 747 1263 804 διὰ
1333 755 1429 804 τοῦ
1506 748 1768 806 Γαλαάδο

2054 752 2156 807 iim
2219 756 2358 807 sunt
2415 751 2568 807 oculi
2622 752 2731 807 tui.
2791 751 2994 823 Capilli
3064 768 3201 807 vero
3252 753 3400 807 sicut
3455 767 3650 823 greges

219 858 354 892 τουν
423 838 490 894 Οἱ
552 836 613 891 ἐκ
640 840 737 890 τοῦ
784 837 908 900 νοός
960 859 1079 911 σου,
1114 841 1202 893 οἷα
1233 837 1298 908 δή
1335 839 1580 918 κεφαλῆς
1630 842 1815 913 κομώο

2051 860 2326 915 iprarum,
2368 858 2492 914 qua?
2538 847 2910 914 apparuerunt
2956 859 3025 896 ex
3073 841 3299 898 Galaad.
3335 842 3647 913 Cogitatio-

224 924 370 1000 θρὶξ,
459 929 842 997 πνευματικῶς
929 926 1189 1003 φυόμενοι
1268 928 1359 983 καὶ
1447 930 1820 999 ἀναισθητοῦνπ

2055 951 2104 989 as
2134 933 2425 998 videlicet,
2474 949 2596 1003 quas
2648 938 2714 986 ut
2772 948 2841 986 ex
2898 932 3087 1003 capite
3137 948 3339 995 comm,
3382 932 3535 986 sicut
3584 949 3651 987 ex

218 1015 363 1088 πρὸς
395 1016 463 1067 τὰ
520 1016 785 1089 παρόντα,
820 1017 1109 1090 πρακτικοί
1165 1039 1221 1072 τε
1280 1018 1369 1073 καὶ
1415 1020 1738 1093 θεωρητικοὶ
1800 1040 1814 1072 i

2053 1027 2195 1077 lente
2229 1022 2576 1093 proveniunt
2618 1026 2718 1075 tua
2749 1020 3158 1092 spiritualiter,
3192 1020 3423 1074 nullum
3458 1036 3649 1074 rerum

220 1103 548 1177 θεολογικοὶ
580 1100 740 1173 δίκην
795 1104 1063 1168 εὸθαλοῦς
1113 1109 1473 1183 τριχώματος
1534 1108 1704 1183 αἰγῶν
1764 1108 1816 1161 ἀν

2053 1112 2179 1181 uius
2210 1110 2339 1165 vitae
2372 1126 2610 1164 sensum
2670 1110 2971 1173 habentes,
3029 1109 3131 1162 sed
3190 1108 3249 1162 in
3306 1108 3534 1179 agendo
3592 1112 3649 1162 et

221 1190 597 1265 δεικνυμένων
662 1190 751 1247 διά
806 1215 953 1256 τινος
1006 1196 1253 1251 ἀπόπτου
1313 1194 1480 1273 ὅρους
1520 1194 1737 1252 Γαλαὰδ
1792 1218 1817 1250 κ

2050 1200 2454 1271 intemplando
2539 1207 2591 1254 el
2656 1198 2873 1252 divinis
2951 1199 3124 1252 rebus
3188 1198 3646 1268 pervestigandis

218 1282 527 1354 λουμένου,
606 1281 1115 1357 ἀνακεκαλυμμένοι
1201 1286 1306 1341 ἀπὸ
1392 1286 1617 1349 σκότους
1698 1289 1814 1340 κακί

2044 1294 2312 1362 :cupatae,
2349 1287 2572 1343 similes
2604 1292 2739 1343 sunt
2771 1287 3116 1342 ﬂorentibus
3146 1302 3455 1357 caprarum
3487 1286 3640 1357 pilis,

219 1370 309 1425 καὶ
370 1371 604 1446 ἀγνοίας
660 1373 747 1426 καὶ
809 1372 991 1436 ἀθεῗας
1049 1374 1202 1429 εἰσίν·
1236 1373 1319 1429 ὅτι
1380 1374 1438 1429 ἐκ
1489 1374 1696 1429 τούτων
1759 1396 1815 1447 με

2043 1397 2120 1435 ua:
2152 1396 2253 1450 per
2283 1378 2469 1433 altum
2494 1379 2807 1449 quemdam
2833 1381 2889 1432 et
2913 1378 3227 1432 obscurum
3258 1380 3515 1431 montem
3541 1375 3639 1446 qui

222 1459 536 1533 ῳκῖσθησαν
616 1461 690 1524 εἷς
776 1462 971 1535 ἀρετὴν
1048 1463 1137 1518 καὶ
1186 1468 1386 1538 γνῶσιν
1441 1464 1527 1518 καὶ
1583 1458 1818 1528 θεοσέϐει

2041 1469 2205 1523 icitur
2236 1467 2473 1533 Galaad,
2509 1468 2837 1538 conspicuae
2870 1469 3292 1537 apparuerunt.
3338 1464 3637 1537 Siquidem

220 1550 370 1625 παρὰ
428 1554 528 1605 τοῦ
581 1556 984 1627 μαρτυροῦντος
1051 1558 1169 1615 τοῖς
1216 1558 1432 1615 πιστοῖς
1490 1552 1555 1607 τὰ
1606 1549 1813 1625 μέλλον

2044 1576 2059 1614 ι
2091 1557 2329 1613 malitiae
2361 1561 2417 1612 et
2441 1556 2786 1629 ignorantiae
2818 1560 2993 1627 atque
3022 1555 3345 1627 impietatis
3366 1554 3640 1620 tenebris,

220 1636 592 1715 δικαιωτήρια
664 1639 1025 1715 Εὖαγγελίου.
1077 1641 1338 1698 Μετοικῖα
1400 1642 1497 1717 γὰρ
1579 1642 1808 1717 μαρτυρί

2038 1648 2061 1702 i
2091 1646 2330 1703 virtutis
2350 1650 2407 1701 et
2437 1644 2711 1711 scientiae
2745 1644 3101 1717 pietatisque
3154 1643 3349 1699 lucem
3392 1642 3634 1697 commi-

215 1728 278 1781 τὸ
335 1725 560 1783 Γαλαὰδ
613 1728 989 1803 ἑρμηνεύεται.
1044 1730 1147 1789 Καὶ
1230 1730 1373 1785 οὕτω
1450 1731 1546 1804 μὲν
1609 1729 1811 1806 Τρίχωι

2018 1739 2233 1804 ,rarunt
2285 1751 2385 1807 per
2430 1733 2833 1805 Evangelium,
2892 1733 3045 1804 quod
3099 1731 3377 1787 ﬁdelibus
3425 1730 3614 1802 judici

221 1839 339 1874 σου.
376 1852 446 1860 -
477 1818 545 1876 Οἱ
605 1816 663 1873 δὲ
720 1816 936 1883 ὀδόντες
966 1841 1083 1893 σου,
1116 1820 1191 1883 ὠς
1222 1818 1415 1896 ἀγέλαι
1444 1824 1550 1875 τῶν
1605 1840 1816 1893 κικαρμ

2039 1826 2166 1881 ιιι]τί
2196 1823 2603 1880 testimonium
2636 1823 2846 1878 reddit.
2878 1823 3093 1878 Galaad
3123 1822 3278 1877 enim
3315 1820 3635 1893 significat,

224 1866 339 1874 ""
482 1866 545 1876 ν’
610 1866 662 1873 vv
723 1866 934 1883 ⁷⁷⁷⁷⁷’Ἵ
969 1866 1083 1893 ⁷⁷⁷,
1118 1866 1189 1883 w‘
1222 1866 1415 1896 "Iv"...
1455 1866 1546 1875 "v'
1608 1866 1808 1893 """'I'I'

212 1930 351 1975 νων,
416 1908 470 1961 αἲ
525 1902 794 1979 ἀνέϐησαν
852 1910 958 1964 ἀπὸ
1010 1914 1105 1964 τοῦ
1160 1909 1414 1987 λουτροῦ,
1463 1910 1517 1964 ul
1564 1915 1729 1964 πᾶσαι
1792 1905 1808 1962 ἓ

2029 1866 2166 1881 .......
2202 1866 2603 1880 .ν-.....υ........
2638 1866 2846 1878 ηπ...
2882 1866 3093 1878 ...........
3124 1866 3278 1877 μη...
3315 1866 3625 1893 ...οων-η

2029 1914 2388 1988 ligrationem
2438 1912 2785 1967 testimonii.
2825 1914 2903 1968 Ac
2963 1913 3033 1967 de
3103 1910 3331 1983 capillis
3391 1909 3625 1982 quidem

216 1994 576 2069 δυμεύουσαι,
634 1996 726 2051 καὶ
802 1998 1095 2053 ἀτεκνοῦσα
1171 1999 1269 2054 οὐκ
1324 1997 1465 2054 ἔστιν
1533 1998 1587 2054 έν
1658 1999 1812 2053 αὐταῐ

2034 2010 2287 2061 actenus.
2340 2006 2540 2059 Dentes
2590 2004 2672 2056 tui
2710 2002 2848 2057 sicut
2902 2017 3084 2072 greges
3142 2008 3453 2069 (ansarum,
3513 2015 3630 2071 qua:

212 2083 473 2157 Δηλαδή,
507 2086 572 2142 Αἱ
619 2082 820 2140 ἔννοιαί
883 2109 1003 2155 σου,
1043 2085 1113 2142 δι’
1168 2089 1241 2142 ὧν
1290 2090 1352 2143 τὸ
1411 2089 1719 2163 σωματικὸν
1776 2109 1805 2142 τ

2036 2093 2345 2149 mandarunt
2365 2092 2429 2148 de
2479 2092 2722 2157 lavacro,
2763 2107 2953 2145 omnes
2990 2090 3242 2159 gemellis
3296 2089 3530 2160 felibus,
3582 2096 3632 2143 et

209 2175 391 2247 νόμου
446 2176 626 2251 πάχος
684 2174 761 2237 εἰς
818 2175 1000 2247 ἀληθῆ
1064 2177 1381 2235 λεπτύνεται
1455 2180 1723 2251 νοήματα,
1783 2199 1805 2231 ν

2033 2184 2190 2239 erilis
2218 2198 2331 2237 non
2359 2184 2436 2237 est
2462 2183 2613 2236 inter
2640 2196 2750 2236 eas.
2811 2179 3209 2251 Cogitationes
3266 2182 3377 2234 tuas
3411 2176 3629 2248 quibus

213 2263 354 2337 πρὸς
424 2264 625 2339 βρῶσιν
681 2266 1054 2338 πνευματικὴν
1110 2264 1417 2337 ἐπιτήδειον
1461 2268 1684 2342 γίνεται,
1720 2263 1805 2320 δίκ

2038 2287 2321 2344 ιπροτοοω
2375 2269 2520 2342 legis
2580 2269 3033 2324 crassitudinem
3092 2267 3151 2322 in
3209 2283 3375 2323 veros
3424 2283 3634 2321 sensus

215 2358 568 2427 κεκαρειένων
655 2351 863 2427 ἆγελῶν
924 2359 1097 2410 πᾶσαν
1152 2353 1325 2429 ψευδῆ
1387 2354 1664 2430 ὑπόληψιν
1724 2375 1811 2430 πεί

2037 2367 2285 2428 rtenuas,
2310 2363 2366 2413 et
2398 2360 2464 2413 ad
2501 2357 2869 2430 spiritualem
2906 2359 3104 2413 cibum
3166 2356 3444 2411 idoneum
3480 2354 3633 2409 redi-

213 2442 479 2517 ᾕρηνται,
512 2442 636 2516 περὶ
671 2442 844 2515 μόνην
897 2443 1386 2518 συναγελαζόμεναι
1433 2446 1532 2513 τὴν
1593 2445 1809 2515 ἀλήθεια

2041 2453 2101 2517 is,
2156 2451 2342 2505 instar
2374 2465 2685 2520 caprarum
2744 2464 2869 2518 quae
2926 2452 3109 2501 tonsis
3169 2450 3330 2513 sunt,
3389 2443 3637 2498 veritate

215 2530 401 2604 Αῗπερ
456 2532 533 2592 ὡς
590 2531 695 2586 ἀπὸ
757 2530 992 2607 λουτροῦ
1049 2534 1446 2611 καθαρεύσασαι
1500 2539 1607 2589 τῶν
1666 2530 1811 2607 ψευδι

2038 2545 2219 2595 intum
2254 2542 2616 2603 conservata,
2652 2536 2829 2591 falsas
2860 2552 3066 2591 omnes
3100 2533 3373 2604 rejiciunt
3404 2533 3634 2605 opinio-

218 2618 583 2693 ὑπολήψεων,
620 2621 911 2695 ὑψώθησαν
963 2623 1068 2677 ἀπὸ
1123 2628 1231 2678 τῶν
1290 2623 1494 2698 γηΐνων
1541 2623 1630 2677 καὶ
1690 2642 1814 2696 σαρκ

2042 2645 2095 2683 3s
2128 2645 2140 2683 :
2175 2634 2231 2683 et
2260 2633 2543 2699 tanquam
2595 2626 2653 2681 in
2688 2626 2915 2681 lavacro
2967 2642 3000 2680 a
3049 2623 3213 2679 falsis
3261 2622 3638 2694 opinionibus

216 2715 330 2764 κῶν
390 2712 530 2781 πρὸς
584 2710 651 2765 τὰ
706 2715 1041 2784 πνευματικά
1110 2712 1201 2766 καὶ
1279 2712 1522 2787 οὐράνια,
1584 2709 1812 2783 διδυμοτ

2042 2717 2228 2784 alutae,
2258 2716 2518 2787 geminos
2549 2714 2830 2769 virtutum
2866 2714 3107 2768 edentes
3137 2714 3388 2780 fructus,
3409 2728 3443 2766 a
3463 2711 3638 2766 rebus

218 2803 416 2853 κοῦσαι
476 2798 604 2860 τοὺς
665 2795 863 2874 λόγουν
926 2805 1032 2855 τῶν
1091 2802 1325 2875 ἀρετῶν·
1359 2802 1449 2856 καὶ
1497 2800 1737 2877 ἄκαρπος
1790 2821 1814 2854 κ

2040 2807 2239 2861 ιΓΓΘηὶε
2276 2810 2453 2877 atque
2484 2804 2821 2859 carnalibus
2852 2803 2923 2858 ad
2959 2801 3254 2873 spiritales
3284 2806 3341 2856 et
3371 2800 3636 2856 caelestes

220 2886 518 2965 ἀνωφελής
552 2888 844 2961 ἔνθύμησις
876 2889 975 2945 οὐκ
1011 2888 1152 2945 ἔστιν
1214 2889 1266 2945 ἐν
1328 2891 1536 2952 αὐταῖς.
1570 2892 1659 2952 Ὡς
1711 2910 1815 2942 σπα

2044 2895 2497 2969 inscenderunt;
2536 2910 2723 2964 neque
2777 2891 2899 2947 ulla
2948 2892 3103 2946 inter
3151 2908 3251 2946 eas
3290 2890 3519 2945 inutilis
3550 2893 3640 2944 est

226 2978 348 3031 τῖον
409 2976 659 3032 κόκκινον
719 2976 885 3053 χείλη
948 3000 1068 3046 σου,
1102 2980 1192 3034 καὶ
1224 2981 1259 3049 ἠ
1310 2976 1478 3034 λαλιά
1529 2999 1628 3033 σου
1686 2978 1822 3053 ὡραί

2038 2989 2093 3039 ut
2140 2985 2527 3038 infructuosa.
2581 2982 2729 3036 Sicut
2797 2982 3079 3051 funiculus
3145 2982 3426 3036 coccineus
3486 2978 3634 3033 labia

224 3065 527 3136 Δηλονότι,
579 3068 667 3121 οἶα
727 3068 821 3139 μὲν
878 3070 1136 3143 σπαρτίον
1202 3068 1639 3142 μεμετρημένον,
1685 3070 1775 3121 eiu

2040 3092 2114 3141 ια,
2146 3080 2199 3129 et
2223 3076 2501 3146 eloquium
2534 3081 2686 3127 tuum
2739 3073 3001 3128 decorum
3056 3072 3121 3126 ⁸³.
3182 3075 3258 3125 Ut
3307 3069 3636 3124 funiculum

222 3156 482 3209 κόκκινον
543 3153 725 3226 ἀληθῆ
775 3157 868 3211 τὸν
939 3155 1102 3233 λόγον
1161 3159 1522 3236 προφέροντα.
1582 3158 1740 3215 "Ost
1789 3177 1818 3209 κ

2045 3166 2329 3219 imensum
2382 3167 2552 3232 atque
2583 3161 3295 3227 coccineum,sermonem
3337 3160 3641 3229 proferunt

221 3244 368 3314 καλή
432 3247 466 3313 ἡ
516 3245 712 3299 τούτου
769 3249 1040 3323 προφορά.
1072 3248 1163 3310 Ὠς
1218 3246 1454 3321 λέπυρον
1510 3245 1640 3321 ῥοᾶς
1702 3244 1814 3318 μῆλ

2043 3270 2189 3309 arum
2223 3269 2235 3306 :
2262 3252 2418 3307 unde
2446 3250 2722 3323 praaclara
2753 3265 2984 3321 quoque
3015 3253 3105 3304 est
3134 3249 3263 3315 eius
3293 3246 3639 3318 pronuntia-

220 3355 323 3389 σου
361 3333 520 3395 ἐκτὸς
576 3341 676 3403 τῆς
736 3336 1061 3405 σιωπήσιώς
1118 3354 1253 3389 σου·
1287 3332 1437 3403 ἤτοι,
1488 3336 1592 3391 Οἷα
1650 3333 1816 3409 λέπυρ

2043 3361 2095 3399 o.
2154 3343 2303 3397 Sicut
2357 3348 2545 3395 cortex
2599 3339 2737 3393 mali
2791 3340 2984 3410 punici
3030 3352 3189 3405 genae
3246 3341 3372 3396 tum.
3429 3337 3639 3404 prater

222 3423 358 3497 ῥοᾶς
392 3422 689 3499 στύφουσαι
720 3424 851 3479 εἰσιν
884 3425 936 3479 ul
969 3424 1187 3499 παρειαί
1246 3444 1363 3491 σου,
1397 3421 1486 3477 διὰ
1540 3422 1603 3479 τι)
1658 3444 1817 3497 στυγν

2046 3433 2280 3486 leniium
2320 3438 2495 3484 tuum.
2557 3428 2797 3497 Propter
2846 3427 3224 3482 constrictam
3286 3440 3351 3479 ac
3397 3422 3642 3478 minime

218 3533 280 3566 τε
337 3512 431 3565 καὶ
491 3510 808 3588 ἀδιάχυτον,
868 3514 953 3567 καὶ
1034 3511 1124 3568 ὅτε
1204 3513 1280 3586 μὴ
1338 3517 1568 3583 σιωπᾷς,
1623 3517 1703 3585 τῷ
1763 3532 1814 3566 σι

2045 3537 2183 3576 leam
2210 3518 2495 3573 orationis
2524 3516 2833 3587 vim,gents
2865 3521 2979 3571 tuae
3010 3519 3150 3570 sunt
3181 3513 3407 3570 similes
3439 3511 3641 3567 cortici

220 3598 549 3673 επαλμένῳ
630 3600 975 3671 κολαζούσης
1032 3622 1129 3656 σου
1194 3603 1294 3670 τὴν
1354 3599 1406 3656 ἐν
1464 3607 1585 3663 ταῖς
1638 3599 1816 3673 ὁμιλία

2044 3609 2135 3665 ιθ,ιὶ
2159 3608 2379 3681 punici.
2412 3607 2482 3661 Et
2512 3607 2748 3678 quando
2783 3623 2897 3661 non
2941 3609 3124 3672 taces,
3158 3604 3439 3658 brevitate
3457 3600 3640 3657 corri-

225 3688 510 3767 διάχυσιν.

1995 3699 2081 3769 gis
2110 3699 2170 3753 in
2189 3696 2569 3753 concionibus
2601 3694 3071 3750 dissolutionem.

939 3796 1187 3856 Ψιλλοῦ.

2722 3801 2910 3857 Pselli.

301 3910 483 3960 Ταῦτα
538 3905 633 3978 μὲν
668 3905 758 3959 οὗν
792 3902 1100 3977 λελάληκεν
1134 3910 1167 3977 ἡ
1208 3906 1395 3985 νύμφη
1444 3912 1562 3968 τοῖς
1610 3905 1885 3981 ἀγγέλοις.

2071 3913 2198 3967 Haec
2221 3926 2350 3966 cum
2385 3909 2610 3982 angelis
2641 3924 2854 3981 sponsa
2882 3907 3254 3979 loquebatur,
3277 3920 3409 3961 cum
3432 3902 3643 3959 huma-

227 3992 393 4053 Ἀλλ’
434 3995 463 4048 ὁ
494 3992 1019 4072 φιλανθρωπότατος
1049 3997 1325 4067 Δεσπότης
1351 3996 1440 4051 καὶ
1472 3996 1725 4074 νυμφίος,

2048 4001 2287 4057 issimus
2316 4000 2601 4055 Dominus
2631 4003 2688 4054 et
2721 4014 2976 4070 sponsus
3024 4014 3150 4053 eam
3201 3996 3553 4051 clamantem
3588 3995 3644 4047 et

228 4082 391 4141 Ἰδὼν
424 4082 725 4159 βαΰζουσαν
760 4082 925 4152 αὐτὴν
961 4085 1049 4139 καὶ
1080 4083 1602 4160 κατατρυχωμένην,

2048 4090 2233 4145 nxiam
2266 4088 2752 4143 acvehementius
2786 4086 3196 4158 sollicitam,in
3229 4102 3290 4140 se
3310 4084 3644 4156 indagando

230 4173 336 4228 Καὶ
370 4176 721 4246 μεριμνῶσαν
751 4170 1042 4248 περιττῶς,
1075 4174 1161 4229 καὶ
1194 4173 1532 4252 ψηλαφῶσαν
1565 4178 1749 4245 τοῦτο,

2052 4178 2391 4249 mspicaius,
2428 4193 2663 4230 rursum
2698 4176 2767 4230 ad
2801 4175 3007 4231 laudes
3047 4176 3175 4245 ejus
3208 4190 3335 4229 sese
3365 4172 3648 4228 convertit

230 4261 405 4318 Πάλιν
439 4260 698 4334 ἐπῄνεσεν
727 4259 893 4330 αὐτὴν
933 4265 1185 4340 φωνήσας
1217 4262 1459 4340 ἀοράτως
1489 4282 1501 4296 ·

2047 4266 2373 4322 ivisibiliter
2406 4281 2418 4319 :
2453 4265 2698 4320 Pulchra
2729 4281 2805 4335 es,
2835 4265 3128 4336 inquiens,
3159 4264 3475 4335 propinqua
3502 4278 3643 4329 mea,

231 4348 390 4417 Καλή
428 4350 495 4417 εἴ,
527 4347 765 4419 πλησίον
799 4372 927 4423 μου,
960 4352 1034 4413 ὡς
1068 4349 1305 4422 εὐδοκῖα,
1341 4351 1513 4428 ὡραία
1545 4352 1617 4414 ὡς

2051 4364 2140 4412 cut
2187 4356 2326 4409 bona
2380 4355 2653 4420 voluntas,
2688 4354 2897 4409 decora.
2938 4355 3084 4407 sicut
3140 4352 3480 4421 Jerusalem,
3536 4352 3646 4406 ter-

232 4437 627 4513 Ἰερουσαλήμ,
660 4434 872 4512 θάμϐος
906 4440 982 4502 ὡς
1010 4442 1352 4517 τεταγμέναι.

2053 4462 2095 4500 ιν
2138 4446 2283 4500 sicut
2327 4444 2474 4498 acies
2532 4443 2831 4499 ordinatae.
2889 4442 3158 4508 Pulchra,
3218 4440 3430 4511 inquit,
3495 4440 3649 4495 facta

234 4528 419 4599 Καλὴ,
454 4528 605 4607 φησὶ,
638 4528 949 4605 γεγένησαι,
979 4530 1068 4585 καὶ
1104 4536 1298 4605 μῶμον
1334 4530 1521 4587 οῧκουν
1556 4528 1721 4608 ἔχεις,

2052 4554 2086 4603 3,
2147 4538 2205 4589 et
2262 4532 2494 4588 macula
2523 4548 2638 4587 non
2681 4535 2769 4587 est
2805 4532 2862 4585 in
2896 4536 2970 4598 te,
3007 4530 3211 4585 merito
3244 4531 3408 4585 bonaa
3440 4528 3648 4585 volun-

226 4622 319 4692 Τῇ
354 4615 578 4689 εὖδοκῖᾳ
603 4621 674 4691 τῇ
707 4617 813 4693 ἐμῇ
844 4618 1027 4682 καλῶς
1058 4622 1413 4694 ὁμοιωθεῖσα.

2053 4624 2111 4679 ιιὶ
2141 4639 2277 4679 mea:
2309 4625 2667 4692 comparata.
2702 4620 2847 4674 Nam
2907 4624 2970 4674 tu
3022 4635 3255 4690 quoque
3300 4618 3387 4673 vis
3445 4634 3649 4674 omnes

235 4710 341 4763 Καὶ
376 4707 440 4762 σὺ
469 4707 572 4783 γὰρ
604 4704 782 4769 θέλεις
812 4708 1047 4771 ἅπαντας
1096 4712 1334 4780 σωθῆναι
1385 4709 1511 4773 τοὺς
1557 4711 1831 4788 ἄνθρώποι

2056 4713 2276 4770 omines
2309 4712 2502 4767 salvos
2558 4710 2706 4765 ﬁeri.
2757 4708 3034 4765 Prmolare
3090 4708 3264 4764 etiam
3324 4707 3652 4763 assimilata

232 4796 349 4853 Καὶ
381 4792 553 4851 πάλιν
580 4795 947 4873 Ἰερουσαλὴμ
972 4798 1156 4861 καλῶς
1198 4799 1575 4872 ἐξωμοιώθης,

2054 4820 2069 4858 3
2116 4801 2226 4874 ipsi
2282 4799 2607 4855 Jerusalem
2668 4799 2724 4853 in
2785 4816 2899 4870 qua
2958 4814 3093 4853 cum
3152 4797 3319 4851 Patre
3366 4814 3495 4852 meo
3556 4814 3650 4852 re-

232 4889 329 4944 Ἑν
360 4888 500 4961 ᾗπερ
533 4886 915 4960 ἆναπέπαυμαι
953 4889 1085 4960 μετὰ
1115 4889 1202 4942 καὶ
1234 4893 1331 4943 τοῦ
1362 4887 1576 4963 Πατρός
1610 4909 1733 4961 μου.

2053 4890 2198 4947 uievi
2230 4891 2291 4943 ⁸⁸.
2328 4889 2715 4953 Quamobrem
2749 4892 2803 4942 et
2832 4892 3112 4943 terrorem
3147 4886 3397 4956 obtines,
3430 4890 3485 4940 et
3534 4887 3649 4940 for-

236 4976 402 5032 ’Ὀθεν
431 4975 521 5029 καὶ
555 4970 768 5049 θάμϐος
795 4974 1074 5047 κέκτησαι,
1099 4978 1188 5031 καὶ
1220 4972 1427 5056 φοϐερὰ
1454 4979 1745 5053 τυγχάνεις

2055 4979 2310 5035 iidabilis
2342 4982 2495 5043 es,ut
2518 4976 2855 5049 angelorum
2882 4993 3143 5032 meorum
3173 4976 3324 5032 acies
3354 4975 3651 5031 ordinatm.

229 5068 446 5137 Ὥσπερ
479 5064 532 5118 αἱ
563 5066 887 5141 τεταγμέναι
922 5086 1027 5139 μου
1059 5062 1313 5139 δυνάμεις
1341 5071 1449 5121 τῶν
1478 5066 1740 5142 ἀγγέλων.

2056 5067 2642 5139 lihi,inquit,locutus
2675 5070 2763 5122 est
2790 5067 3161 5137 venerandus
3192 5082 3446 5138 sponsus
3464 5081 3652 5121 meus.

234 5153 429 5225 Ἐμοὶ,
467 5153 621 5229 φησὶ,
655 5152 986 5224 λελάληκεν,
1022 5152 1143 5228 ἐμοὶ
1175 5155 1367 5218 σεπτὸς
1398 5156 1649 5233 νυμφίος.

2067 5160 2213 5214 verte
2242 5157 2433 5212 oculos
2460 5161 2580 5211 luas
2610 5174 2640 5210 a
2673 5173 2776 5211 me.
2801 5156 2931 5210 Jam
2956 5156 3175 5226 conjice
3205 5155 3262 5210 in
3316 5172 3409 5211 me
3456 5154 3656 5211 oculos

233 5242 447 5301 Λοιπὸν
493 5239 549 5297 δὲ
607 5242 855 5319 Πρόσχες
909 5242 992 5299 ἐπ’
1045 5244 1171 5317 έμοὶ
1227 5244 1355 5309 τοὺς
1414 5244 1730 5323 ὀφθαλμούς
1784 5266 1829 5299 σε

2062 5264 2167 5304 nos.
2202 5249 2315 5302 Lua:
2345 5247 2499 5301 enim
2533 5247 2819 5301 oculorum
2852 5255 3072 5300 tuorum
3102 5246 3322 5301 avolare
3374 5261 3460 5300 me
3504 5247 3658 5318 fecit,

1631 5334 1826 5411 [λέγει.
2012 5344 2068 5393 ct
2099 5338 2294 5393 omnia
2318 5336 2519 5391 mundi
2556 5336 2785 5409 negotia
2815 5337 3070 5409 despexi.
3105 5337 3213 5391 Sed
3249 5336 3350 5407 qui
3403 5338 3658 5392 volunta-

230 5423 320 5480 Τὸ
359 5417 474 5496 φῶς
503 5419 605 5495 γὰρ
638 5420 1001 5496 ἆνεπτέρωσεν
1033 5422 1129 5497 ἰμέ
1165 5426 1274 5478 τῶν
1309 5422 1607 5501 ὀφθαλμῶν
1651 5445 1766 5491 σου,

2060 5443 2121 5481 rm
2151 5426 2502 5499 diligentiam
2533 5442 2588 5480 se
2617 5428 2753 5496 facit
2777 5427 2842 5492 ‘7,
2876 5426 3184 5481 confestim
3236 5426 3465 5481 divinos
3518 5443 3656 5481 ocu-

231 5509 354 5568 Καὶ
386 5510 600 5564 πάντων
652 5511 1028 5590 κατεφρόνησα
1065 5517 1174 5567 τῶν
1220 5517 1503 5587 κοσμικῶν
1548 5515 1827 5588 πραγμάτο

2060 5533 2103 5572 I3
2137 5532 2275 5571 suos
2297 5515 2357 5571 in
2389 5532 2666 5589 sponsam
2702 5516 2979 5589 conjecit;
3021 5516 3344 5590 vidensque
3376 5533 3502 5573 eam
3544 5518 3656 5571 vir-

310 5688 365 5727 ⁸⁸
392 5688 556 5747 Cant.
588 5705 666 5763 xv,
700 5690 752 5747 3.
828 5690 874 5728 “
902 5691 1076 5750 Eccli.
1107 5708 1263 5763 xxxv,
1299 5694 1385 5750 15.
1461 5694 1506 5730 ⁸⁷
1538 5693 1687 5751 Psal.
1721 5709 1903 5766 cxuv,
1938 5695 2029 5754 19.
