4042 6198
407 318 528 380 659

1780 314 2204 378 MICHAELIS
2247 316 2521 378 PSELLI

3698 319 3829 382 660

406 449 636 507 tutibus
666 451 1033 520 exornatam,
1061 448 1237 522 coepit
1266 447 1428 505 illam
1468 447 1558 505 bis
1616 446 1810 504 verbis
1841 445 2059 503 collau-

2197 443 2329 503 Αλλ⁹
2361 446 2389 501 6
2419 443 2648 519 πληρῶν
2679 446 2742 501 τὸ
2774 444 2992 519 θάλημα
3019 443 3129 502 τῶν
3155 445 3317 502 αὑτὸν
3349 448 3705 523 ἀγαπωντων,

412 540 551 597 dare
579 554 594 596 :

491 805 708 878 Capilli
728 808 814 862 tui
833 808 982 862 sicut
1023 820 1216 875 greges
1262 822 1582 877 caprarum,
1611 820 1735 878 quae
1791 820 2067 876 apparue-

418 899 553 951 runt
581 895 645 951 de
669 894 889 951 Galaad.
930 896 1118 949 Dentes
1148 896 1234 949 tui
1260 896 1404 949 sicut
1423 911 1614 963 greges
1634 898 1917 950 tonsarum
1948 907 2071 965 qua?

418 985 787 1040 ascenderunt
843 984 906 1039 de
965 984 1201 1050 lavacro,
1261 1000 1444 1040 omnes
1484 985 1735 1054 gemellis
1764 984 1987 1055 fetibus,
2020 990 2072 1038 et

418 1072 634 1129 sterilis
657 1090 770 1129 non
801 1078 877 1128 est
909 1076 968 1128 in
999 1075 1097 1129 eis.
1130 1074 1283 1131 Sicut
1311 1076 1595 1146 funiculus
1625 1074 1904 1129 coccinea:
1924 1073 2075 1128 labia

420 1172 541 1233 tua,
572 1170 623 1217 et
652 1163 935 1235 eloquium
991 1172 1145 1218 tuum
1192 1163 1469 1220 decorum.
1532 1164 1683 1219 Sicut
1722 1171 1909 1220 cortex
1936 1163 2077 1218 mali

418 1254 614 1325 punici
627 1269 782 1322 genae
810 1257 945 1320 tuae,
966 1261 1174 1326 praeter
1200 1256 1489 1311 silentium
1510 1262 1667 1310 tuum
1685 1252 1751 1307 ⁵⁸.

496 1523 599 1579 His
638 1540 919 1596 sponsam
975 1523 1252 1580 laudibus
1310 1525 1382 1579 ad
1434 1523 1748 1581 mulierum
1798 1538 1992 1580 mores
2021 1527 2079 1579 et

430 1613 771 1685 nuptiarum
802 1629 1033 1669 amores
1063 1614 1389 1685 aptissimis
1419 1630 1675 1686 sponsus
1705 1612 1932 1670 extulit.
1965 1611 2076 1667 Sed

428 1702 642 1758 harum
674 1708 736 1757 tu
768 1701 1011 1758 laudum
1044 1703 1309 1759 omnium
1340 1701 2077 1774 explanationem,stepbe-

431 1791 636 1863 pbore,
660 1792 935 1863 superius
960 1808 993 1846 a
1042 1791 1211 1848 nobis
1239 1792 1538 1864 accepisti.
1569 1795 1756 1860 Quare
1778 1793 1904 1865 jam
1927 1791 2080 1849 Can-

430 1879 681 1937 ticorum
705 1882 883 1938 linem
928 1881 1260 1939 audiamus.

500 2240 806 2312 Sexaginta
833 2246 969 2298 sunt
999 2243 1235 2313 reginae,
1272 2247 1323 2299 et
1362 2245 1638 2313 octoginta
1668 2244 2013 2312 concubinae,
2036 2240 2088 2300 et

425 2329 853 2389 adolescentqu
908 2349 1145 2404 quorum
1198 2349 1309 2389 non
1367 2342 1448 2389 est
1492 2350 1779 2389 numerus.
1842 2335 1959 2391 Una
2006 2342 2089 2389 est

427 2421 683 2476 columba
705 2438 846 2490 mea,
876 2426 1119 2493 per/ecta
1148 2438 1292 2490 mea,
1328 2439 1443 2478 una
1473 2436 1551 2478 est
1580 2425 1753 2477 matri
1808 2438 1950 2487 suae,
1982 2424 2089 2478 ele-

422 2514 513 2568 cla
540 2514 622 2565 est
639 2513 902 2582 genitrici
930 2526 1065 2568 sua}.
1097 2512 1359 2566 Viderunt
1416 2513 1578 2567 illam
1609 2514 1767 2582 ﬁliae,
1828 2514 2087 2569 beatissi-

427 2616 578 2655 mam
603 2599 990 2671 praedicabunt
1018 2617 1160 2657 eam.
1196 2602 1419 2671 Reginae
1459 2609 1511 2657 et
1540 2603 1855 2657 concubina
1887 2603 2086 2658 lauda-

437 2689 571 2744 bunt
601 2705 741 2744 eam.

501 2776 989 2849 Sapientissimus
1074 2777 1170 2834 ille
1246 2777 1548 2847 Salomon,
1632 2779 1922 2836 mirabilis
1990 2780 2089 2837 ille

438 2867 722 2940 propheta
750 2871 1029 2937 tanquam
1087 2868 1145 2922 in
1206 2868 1447 2939 speculo
1498 2868 1849 2939 propheticis
1880 2869 2089 2937 oculis,

439 2955 771 3013 animarum
825 2973 953 3028 quas
1002 2956 1251 3012 salutem
1313 2964 1713 3028 assequuntur
1789 2976 1985 3015 mores
2032 2966 2091 3017 et

437 3046 710 3116 virtutes,
736 3045 875 3112 imo,
903 3050 968 3101 ut
1018 3063 1150 3102 vere
1196 3046 1410 3118 dicam,
1470 3048 1708 3104 ordines
1764 3053 1821 3104 et
1872 3051 2090 3120 gradus

438 3136 682 3208 aspexit.
717 3137 860 3192 Tres
889 3136 1067 3202 enim,
1101 3141 1167 3191 ut
1223 3137 1367 3192 mihi
1420 3139 1707 3209 persuasi,
1756 3145 1895 3194 sunt
1927 3141 2084 3195 ordi-

436 3200 540 3282 nes
568 3242 770 3282 eorum
802 3226 903 3298 qui
936 3200 1259 3282 salvantur.
1310 3200 1435 3282 Aut.
1472 3228 1628 3283 enim
1665 3200 1806 3284 sunt
1837 3229 1965 3298 ﬁlii,
1990 3234 2091 3285 aut
2118 3200 2163 3267 C

437 3316 808 3387 mercenarii,
844 3321 946 3372 aut
976 3316 1281 3379 servi.Qui
1306 3316 1464 3372 enim
1517 3335 1551 3373 a
1606 3319 1825 3373 teneris
1876 3318 2090 3391 ungui-

441 3404 592 3461 culis
623 3422 693 3461 ex
722 3409 841 3462 toto
875 3407 1049 3461 corde
1092 3405 1274 3462 Deum
1316 3422 1510 3461 rerum
1572 3408 1835 3463 omnium
1888 3413 2089 3465 aucto-

434 3508 560 3551 rem
592 3496 884 3569 optimum
916 3495 1192 3567 diligunt,
1225 3500 1281 3551 et
1312 3511 1510 3552 amore
1550 3496 1762 3569 ipsius,
1800 3499 2091 3555 mundum

438 3588 495 3639 et
552 3601 683 3656 qum
737 3585 797 3639 in
858 3585 1079 3640 mundo
1120 3590 1281 3654 sunt,
1340 3590 1807 3654 contemnentes,
1859 3588 2090 3644 Christo

447 3676 631 3730 Verbo
662 3680 719 3731 et
747 3691 961 3747 sponso
987 3676 1452 3747 conjunguntur,
1486 3676 1683 3731 divina
1714 3678 1907 3748 gratia
1938 3679 2089 3734 tilio-

444 3781 573 3819 rum
608 3764 872 3818 ordinem
900 3763 1189 3818 obtinent.
1222 3763 1329 3826 Qui
1389 3768 1585 3818 autem
1641 3766 1805 3836 regni
1840 3766 2093 3821 ccclesiis

443 3851 763 3922 cupiditate
796 3850 1030 3906 adducti
1067 3857 1131 3904 ut
1160 3868 1225 3905 eo
1257 3851 1579 3922 potiantur,
1611 3852 2099 3925 Chrislodiligen-

441 3944 532 3996 ter
550 3938 961 4002 inserviuntjn
984 3940 1474 3995 mercenariorum
1490 3940 1613 3997 loco
1629 3943 2087 4000 constituuntur.

444 4030 638 4101 Atqui
673 4028 926 4101 peccatis
958 4029 1237 4084 omnibus
1266 4030 1554 4099 obruti,ut
1586 4047 1691 4103 ego
1719 4032 1935 4099 infelix,
1962 4051 2091 4089 cru-

440 4119 704 4176 ciatuum
760 4122 818 4174 et
872 4117 1294 4189 suppliciorum
1348 4118 1661 4176 formidine
1710 4121 2092 4195 resipiscunt,

439 4214 497 4266 et
530 4208 929 4282 paenitentiam
964 4213 1147 4280 agunt
1176 4209 1447 4281 (quorum
1475 4209 1534 4265 in
1586 4227 1831 4267 numero
1864 4213 2089 4268 utinam

437 4298 564 4371 ipse
595 4312 826 4371 quoque
857 4297 969 4353 sim
1002 4314 1103 4369 per
1132 4299 1382 4369 gratiam
1417 4304 1600 4367 tuam,
1634 4317 1666 4355 ο
1691 4300 1919 4357 Christe
1951 4304 2089 4357 Ver-

439 4388 581 4443 bum
608 4386 879 4443 Salvator
903 4383 943 4459 l)
968 4387 1024 4441 in
1059 4404 1359 4443 servorum
1387 4389 1486 4460 qui
1521 4394 1717 4444 tamen
1754 4389 1895 4445 salvi
1942 4391 2094 4447 ﬁunt

437 4475 642 4533 ordine
673 4474 1053 4533 collocantur.
1089 4480 1199 4533 Has
1230 4476 1450 4533 classes
1483 4482 1658 4549 atque
1707 4478 1815 4534 hos
1857 4481 2091 4537 ordines

2173 534 2347 598 Εὐθὺς
2380 530 2639 591 ἐπέϐαλεν
2673 536 2809 609 αὐτῇ
2840 534 2967 599 τοὺς
2998 534 3314 615 ὀφθαλμοὺς
3341 536 3469 600 τοὺς
3502 537 3702 603 θείους.

2178 622 2329 682 Ἰδὼν
2365 622 2422 679 δὶ
2446 625 2647 696 ταύτην
2678 626 2893 700 ἀρεταῖς
2924 626 3504 701 κατακεκοσμημένην,

2174 715 2409 788 ’Ἠρξατο
2432 715 2630 785 ταύτην
2663 713 2919 771 ὶπαινεῖν*
2953 716 3086 793 φησὶ
3119 716 3223 792 γάρ
3256 716 3400 771 οὕτω
3427 714 3575 772 τάδε’

2248 802 2518 878 Τρίχωμά
2583 826 2678 859 σου
2735 805 2811 869 ὡς
2856 804 3050 881 ἀγελαι
3108 810 3216 861 τῶν
3269 806 3460 882 αἰγῶν,
3512 808 3567 861 αἳ
3627 801 3833 877 ἆνίϐη-

2179 913 2273 947 σαν
2355 892 2461 947 ἀπὸ
2541 898 2636 948 τοῦ
2721 892 2957 953 Γαλαὰδ.
3013 892 3258 958 Ὀδόντες
3329 916 3448 968 σου,
3506 896 3579 958 ὡς
3635 895 3832 970 ἀγέλαι

2178 986 2284 1037 τῶν
2389 983 2732 1059 κεκαρμένων
2770 1026 2785 1053 ,
2875 986 2929 1040 αἳ
3041 980 3421 1040 ἀναϐαίνουσαι
3522 985 3631 1040 ἀπὸ
3737 990 3834 1040 τοῦ

2183 1068 2460 1145 λουτροῦ.
2539 1074 2609 1127 Al
2704 1079 2871 1127 πᾶσαι
2975 1070 3403 1147 διδυμεύουσαι,
3472 1074 3563 1129 καὶ
3680 1074 3836 1129 ἐκτε-

2180 1163 2347 1214 νοῦσα
2460 1160 2557 1216 οὐκ
2667 1157 2806 1217 ἔστιν
2916 1161 2969 1218 ἐν
3074 1163 3293 1226 αὐταῖς.
3376 1164 3465 1227 Ὡς
3571 1163 3833 1239 σπαρτίον

2182 1249 2431 1305 κόκκινον
2514 1250 2681 1327 χείλη
2752 1272 2887 1324 σου,
2946 1255 2981 1321 ἡ
3061 1251 3228 1309 λαλιά
3309 1273 3403 1308 σου
3488 1253 3687 1329 ὡραία.
3747 1253 3834 1314 Ὠς

2185 1337 2416 1413 λᾶπυρον
2478 1339 2605 1416 ῥοᾶς
2692 1340 2874 1414 μῆλόν
2952 1360 3068 1415 σου,
3120 1340 3271 1405 ἐκτὸς
3345 1345 3443 1412 τῆς
3510 1342 3836 1413 σιωπήσεώς

2186 1449 2303 1487 σου.

2257 1516 2439 1581 Οὕτως
2476 1519 2568 1592 μὲν
2598 1516 2691 1574 οὖν
2722 1518 2949 1595 ἐπῄνεσε
2975 1523 3074 1591 τήν
3106 1522 3325 1600 νύμφην
3357 1524 3384 1577 6
3414 1520 3677 1597 νυμφίος,

2186 1612 2541 1677 Γυναικικῶς,
2573 1606 2850 1684 ἰρωτικνῶς
2879 1612 2969 1666 καὶ
2999 1610 3587 1689 νυμφοπρεπεστάτως.

2190 1697 2264 1753 Σὺ
2327 1696 2373 1753 δ’
2431 1695 2579 1753 ἀλλὰ
2636 1697 2863 1764 τούτους
2921 1699 3233 1775 ξύμπαντας
3284 1707 3385 1771 τῆς
3442 1698 3663 1778 νύμφης
3712 1699 3838 1761 τοὺς

3467 1787 3769 1863 [ἐπαίνους,

2189 1876 2277 1939 Ὧς
2307 1875 2645 1951 ὲρμηνεύθης
2672 1875 2895 1951 ἄνωθεν,
2922 1876 3173 1954 γίνωσκε,
3206 1877 3529 1956 στεφηφόρε.

2190 1966 2399 2038 Ταύτην
2430 1970 2529 2038 τὴν
2566 1967 2718 2045 ῥῆσιν
2750 1967 2853 2044 γάρ
2884 1970 3049 2042 ἡμεῖς
3078 1966 3277 2025 ἄνωθεν
3309 1969 3622 2044 εὑρηκότες,

2192 2058 2464 2123 Ἐντεῦθεν
2497 2056 2943 2133 ἡρμηνεύσαμεν,
2976 2058 3051 2120 ὡς
3084 2055 3305 2113 δυνατὸν
3337 2059 3404 2127 ἦν
3432 2057 3605 2120 ὅλως.

2194 2146 2346 2206 Ἀλλ’
2378 2148 2737 2221 ἀκουσώμεθα
2768 2146 2963 2203 λοιπὸν
3008 2151 3104 2202 τοῦ
3147 2146 3337 2210 τέλοτς
3387 2146 3494 2202 τῶν
3528 2147 3842 2220 ’ᾼσμάτων.

2267 2237 2557 2308 Ἐξήκοντά
2668 2237 2769 2292 εἱσι
2886 2236 3197 2312 βασίλισσαι
3298 2237 3389 2292 καὶ
3507 2234 3850 2313 ὀγδοήκοντα

2274 2326 2345 2384 λλ
2456 2331 2470 2350 \
2658 2330 2673 2349 \
2806 2328 2817 2348 1
2887 2326 2910 2346 κ
3063 2327 3089 2349 Ὺ
3235 2327 3248 2345 ν
3378 2322 3401 2347 ’ί
3470 2350 3479 2366 θ
3604 2328 3617 2347 Ψ

2196 2350 2270 2383 πα
2352 2351 2472 2384 ακαι
2509 2374 2527 2397 ,
2584 2349 2673 2384 και
2732 2342 2967 2391 νεανιοες
3052 2349 3124 2383 ων
3194 2350 3294 2383 ουκ
3375 2348 3515 2383 εστ.ν
3593 2330 3849 2402 αριθμός.

2198 2420 2311 2476 Μία
2381 2418 2491 2474 ἐστὶ
2574 2419 2861 2495 περιστερά
2947 2440 3074 2492 μου,
3123 2416 3305 2473 τελεία
3365 2439 3468 2491 μου
3504 2438 3517 2451 ο
3583 2420 3687 2491 μία
3745 2418 3856 2473 ἐστὶ

2195 2513 2264 2582 τῇ
2328 2510 2491 2582 μητρὶ
2553 2508 2740 2579 αὐτῆς,
2796 2507 3022 2579 ἐκλεκτή
3073 2506 3184 2564 ἐστι
3241 2512 3311 2583 τῇ
3368 2506 3597 2583 τεκούσῃ
3653 2508 3851 2579 αὐτην.

2198 2596 2429 2655 Εἵδοσαν
2484 2604 2650 2653 πᾶσαι
2712 2599 3018 2674 θυγατέρες,
3075 2597 3167 2653 καὶ
3227 2601 3586 2672 μωριοῦσιν
3647 2596 3849 2667 αὐτήν·

2203 2686 2514 2763 βασίλισσαι
2542 2687 2631 2743 καὶ
2658 2685 2941 2743 παλλακαὶ
2971 2686 3269 2742 αἷνᾶσουσιν
3300 2685 3490 2757 αὐτήν.

2267 2779 2325 2835 Ὀ
2358 2777 2630 2851 Σολομὼν
2660 2778 2688 2831 6
2719 2776 3014 2855 πάνσοφος,
3058 2778 3085 2831 6
3116 2777 3423 2849 Θαυμαστὸς
3455 2777 3778 2854 προφήτης,

2198 2873 2569 2944 Προφητικοῖς
2601 2865 2653 2921 ἐν
2688 2863 2931 2940 ὄμμασιν
2966 2864 3124 2937 εἶδεν,
3153 2866 3228 2929 ὡς
3260 2865 3311 2920 ἐν
3335 2864 3654 2941 κατόπτρῳ,

2198 2956 2340 3018 Τοὺς
2371 2956 2606 3031 τρόπους
2634 2958 2723 3011 καὶ
2752 2957 2848 3018 τὰς
2877 2955 3065 3027 ἀρετὰς
3095 2958 3287 3031 ψυχῶν
3328 2960 3437 3009 τῶν
3468 2956 3846 3029 σεσωσμένων,

2197 3042 2425 3103 Μᾶλλον
2462 3044 2507 3100 δ’
2539 3046 2707 3100 είπεῖν
2739 3045 2813 3107 ὡς
2843 3044 3061 3116 άληθῶς
3081 3044 3178 3106 τὰς
3197 3044 3370 3115 τάξεις
3392 3043 3481 3099 καὶ
3512 3046 3609 3106 τάς
3645 3045 3847 3119 βάσεις.

2201 3138 2363 3211 Τρεῖς
2413 3137 2517 3211 γάρ
2578 3134 2733 3204 εἰσιν,
2793 3135 2867 3197 ὡς
2925 3135 3245 3207 πέπεισμαι,
3285 3134 3458 3204 τάξεις
3519 3138 3628 3187 τῶν
3685 3153 3852 3188 σεσωι

3482 3222 3743 3295 [σμένων·

2202 3314 2419 3384 Υίότης,
2459 3312 2823 3389 μισθαρνότης
2850 3334 2928 3385 τε,
2955 3313 3046 3367 καὶ
3082 3312 3194 3387 μετ’
3227 3312 3395 3381 αὐτὴν
3430 3308 3725 3383 δουλότης.

2199 3406 2268 3463 Ol.
2302 3405 2396 3478 μὶν
2428 3405 2529 3480 γάρ
2560 3403 2930 3480 ἀγαπήσαντες
2957 3401 3009 3474 ἐξ
3047 3403 3185 3474 ὅλης
3211 3410 3311 3472 τῆς
3337 3399 3564 3479 καρδίας

2198 3498 2306 3555 Τὸν
2338 3496 2619 3573 εύεργὲτην
2646 3500 2743 3551 τοῦ
2774 3496 2976 3558 παντὸς
3009 3495 3059 3566 ἐξ
3091 3492 3316 3549 ἁπαλῶν
3348 3494 3587 3570 ὀνύχων,

2200 3586 2298 3641 Καὶ
2326 3593 2427 3655 τῆς
2456 3585 2673 3661 ἀγάπης
2698 3583 2852 3641 ἕνεκα
2889 3584 3086 3641 τούτου
3114 3586 3204 3640 καὶ
3233 3590 3334 3654 τῆς
3362 3582 3573 3657 φιλίας,

2201 3677 2306 3733 Τὸν
2334 3676 2540 3748 κόσμον
2574 3673 2961 3751 βδελυξάμενοι
2996 3676 3083 3730 καὶ
3112 3676 3178 3729 τά
3207 3675 3330 3749 περὶ
3359 3674 3453 3729 τὸν
3482 3674 3717 3746 κόσμον,

2202 3762 2719 3837 Προσκολληθέντες
2748 3762 2828 3835 τῷ
2858 3767 3072 3838 Χριστῷ
3099 3767 3178 3834 τῷ
3210 3763 3371 3837 Λόγῳ
3400 3762 3491 3816 καὶ
3532 3762 3780 3839 νυμφίῳ,

2202 3852 2293 3914 Εἰς
2326 3854 2473 3925 τάξιν
2506 3848 2735 3931 ἔφθασαν
2770 3853 2899 3906 υἱῶν
2932 3856 2998 3925 τῇ
3030 3854 3216 3928 χάριτι
3246 3856 3314 3925 τῇ
3348 3851 3484 3923 θείᾳ.

2200 3942 2265 3998 Ol
2300 3938 2355 3996 δὲ
2383 3940 2709 4017 γλιχόμενοι
2741 3946 2931 4017 τυχεῖν
2959 3942 3056 4012 τῆς
3088 3942 3198 3994 ἄνω
3233 3938 3536 4016 βασιλείας,

2201 4030 2298 4085 Καὶ
2329 4030 2529 4101 ταύτης
2558 4031 2719 4107 χάριν
2751 4026 3007 4085 ἔσπευσαν
3044 4035 3264 4105 Χριστῷ
3302 4020 3745 4097 δεδουλευκότες,

2203 4120 2295 4183 Εἷς
2328 4122 2473 4193 τάξιν
2504 4117 2731 4198 ἔφθασαν
2766 4118 2918 4175 αὐτοὶ
2948 4119 3036 4174 καὶ
3068 4119 3234 4175 τόπον
3266 4124 3376 4174 τῶν
3412 4120 3671 4193 μισθίων.

2201 4211 2266 4266 U't
2301 4208 2357 4265 δὲ
2385 4232 2444 4285 γε
2473 4207 3005 4283 πλημμελήσαντες,
3031 4207 3211 4281 ὥσπερ
3246 4208 3351 4285 ἆγὼ
3383 4209 3411 4263 6
3442 4206 3615 4272 τάλας

2202 4301 2299 4355 Καὶ
2333 4305 2504 4355 πᾶσαν
2535 4297 2905 4361 ἐκτελέσαντες
2937 4297 3137 4354 ἄτοπον
3168 4296 3458 4374 ἁμαρτίαν,

2201 4390 2297 4444 Καὶ
2331 4385 2657 4467 φοϐηθέντες
2690 4389 2786 4452 τὰς
2815 4388 3013 4463 πικρὰς
3052 4388 3316 4465 βασάνους
3346 4386 3435 4442 καὶ
3467 4384 3749 4457 κολάσεις,

2202 4480 2306 4535 Καὶ
2337 4480 2531 4533 τούτου
2563 4480 2724 4555 χάριν
2758 4475 3052 4557 φθάσαντες
3086 4476 3160 4539 εἷς
3188 4476 3356 4532 τόπον
3393 4476 3676 4550 μετανοίας

439 4564 714 4622 Salomon
745 4563 845 4620 ille
876 4565 1323 4637 prospiciens,et
1346 4567 1542 4621 divino
1574 4568 1811 4622 afﬂatus
1840 4568 2086 4641 Spiritu,

2200 4570 2311 4641 (Ὡς
2368 4566 2475 4631 εἷ’θε
2534 4567 2759 4629 τούτους
2842 4565 3107 4643 φθάσαιμι
3186 4565 3417 4641 κᾶγωγε,
3467 4566 3669 4641 Χριστὲ
3752 4587 3857 4638 μου

439 4660 602 4711 tanto
634 4660 768 4711 ante
792 4671 1037 4711 cernens
1085 4655 1261 4711 Verbi
1312 4657 1514 4727 sponsi
1566 4658 1869 4729 purissimi
1901 4658 2091 4715 incar-

438 4745 757 4811 nationem,
791 4750 849 4800 et
878 4761 1003 4815 quae
1038 4745 1233 4817 ipsum
1268 4745 1395 4801 sine
1446 4746 1672 4801 semine
1705 4747 1928 4819 genuit,
1961 4766 2092 4804 san-

443 4832 767 4890 ctissimam
799 4834 896 4889 Dei
931 4834 1281 4891 Genitricem
1336 4835 1579 4891 Mariam
1624 4834 1782 4891 illam
1814 4836 2094 4893 immacu-

443 4923 821 4993 latissimam,
847 4939 1021 4995 quam
1056 4924 1332 4979 omnibus
1360 4940 1567 4979 omnes
1608 4925 1873 4980 omnium
1903 4925 2091 4981 homi-

438 5030 580 5068 num
604 5013 1010 5085 generationes
1051 5013 1290 5068 vocibus
1340 5030 1644 5083 nunquam
1696 5016 2089 5083 cessantibus,

433 5098 841 5159 beatissimam
877 5102 1217 5173 praedicant,
1254 5102 1393 5172 quia
1425 5102 1605 5157 totius
1639 5102 1845 5157 mundi
1871 5105 2094 5175 peperit

434 5191 818 5260 Salvatorem,
883 5191 991 5246 hoc
1054 5192 1110 5245 in
1197 5190 1399 5260 sponsi
1460 5208 1711 5263 persona
1788 5196 2088 5249 Canticum

426 5282 666 5338 cecinit.
731 5281 815 5335 Tu
879 5295 1035 5349 vero,
1119 5278 1393 5350 princeps
1475 5279 1891 5352 slepbepbore,
1955 5298 2086 5337 cum

430 5371 736 5443 sexaginta
761 5368 992 5440 reginas
1026 5368 1317 5434 audis,eos
1351 5367 1612 5439 intelligo
1645 5368 1744 5439 qui
1766 5385 2087 5440 sexagena-

434 5459 589 5516 rium
640 5458 752 5514 sibi
802 5457 1085 5513 traditum
1139 5472 1452 5511 numerum
1494 5456 1840 5513 talentorum
1894 5459 2087 5518 decies

436 5538 607 5604 bonis
638 5546 914 5618 operibus
947 5544 1427 5618 multiplicantes,
1462 5547 1656 5603 divina
1687 5547 1879 5620 gratia
1934 5548 2084 5607 filio-

510 5672 554 5707 ⁸⁸
586 5670 752 5727 Cant.
788 5687 863 5739 ιν,
896 5671 949 5725 3.

3571 4653 3784 4731 Wa).

2206 4746 2297 4811 Εἷς
2326 4746 2468 4817 τάξιν
2495 4743 2823 4816 ἐληλύθασιν
2857 4742 3094 4813 δούλων,
3125 4742 3273 4813 πλὴν
3308 4744 3689 4816 σεσωσμένων.

2203 4836 2415 4897 Ταύτας
2445 4835 2538 4897 τὰς
2566 4834 2742 4904 τάξεις
2770 4831 3004 4889 κατιδὼν
3039 4834 3067 4888 6
3101 4832 3374 4906 Σολομὼν
3408 4831 3641 4900 ἐκεῖνος,

2204 4922 2550 4997 Ηροκατιδὼν
2584 4922 2639 4979 δὲ
2674 4921 2910 4997 μάλιστα
2938 4926 3017 4994 τῷ
3052 4921 3325 4995 Πνεύματι
3352 4926 3430 4994 τῷ
3465 4920 3595 4995 θείῳ

2202 5014 2302 5071 Καὶ
2333 5014 2432 5083 τὴν
2465 5018 2560 5068 τοῦ
2595 5013 2775 5087 Λόγου
2801 5011 3068 5083 σάρκωσιν
3098 5008 3195 5066 τοῦ
3227 5013 3464 5086 καθαροῦ
3496 5010 3761 5087 νυμφίου,

2201 5104 2305 5158 Καὶ
2334 5105 2433 5173 τὴν
2464 5104 2794 5179 γεννήσασαν
2830 5101 2985 5157 αὐτὸν
3020 5101 3272 5176 άσπόρως
3312 5098 3602 5168 Θεοτόκον,

2198 5194 2306 5261 Τὴν
2341 5188 2509 5253 ὅντως
2540 5194 2975 5265 παναμώμητον,
3016 5191 3115 5259 τήν
3144 5189 3378 5264 καθαρὰν
3409 5189 3641 5263 Μαρίαν,

2197 5284 2423 5339 ’Ἡντινα
2459 5282 2814 5355 μακαρίζουσι
2848 5284 3056 5358 φωναῖς
3098 5277 3533 5341 άκαταπαύστοις

2200 5372 2263 5425 Δί
2294 5369 2469 5445 γενεαὶ
2498 5375 2606 5424 τῶν
2635 5374 2832 5444 γενεῶν
2866 5369 3111 5423 ἁπάντων
3140 5371 3246 5421 τῶν
3279 5366 3603 5439 ἀνθρώπων,

2197 5465 2313 5514 ’Ότι
2349 5466 2581 5536 Σωτῆρα
2610 5458 2795 5514 τὲτοκε
2822 5466 2921 5529 τῆς
2956 5456 3094 5529 ὅλης
3126 5457 3448 5531 οἶκουμὲνης
3472 5476 3485 5491 ⁸

2193 5548 2409 5620 Ταύτην
2442 5545 2615 5621 ἐξεῖπε
2642 5548 2741 5618 τὴν
2771 5544 2920 5621 ᾠδὴν
2952 5548 3235 5624 προσώπῳ
3262 5549 3358 5603 τοῦ
3386 5543 3644 5625 νυμφίου.
