4042 6198
381 357 500 417 663

1725 356 2150 419 MICHAELIS
2200 359 2470 419 PSELLl

3669 357 3796 419 664

384 505 669 548 numerus
703 488 1256 556 immobilitatem,si
1288 504 1391 561 per
1411 487 1680 561 seipsum
1712 491 2026 560 spectetur,

2147 486 2483 565 ὀγδοήκοντα
2540 488 2771 563 ἀριθμὸς
2829 487 3107 559 ἀκινησίαν
3163 488 3279 552 καθ’
3322 488 3506 544 ἑαυτὸν
3556 487 3798 563 θεωρού-

388 579 683 649 ostendit;
715 579 1151 652 septuagenarii
1185 584 1379 634 autem
1424 579 1654 633 numeri
1712 578 1809 648 qni
1842 577 2035 650 impar

387 676 500 739 est,
537 674 764 725 motum
799 668 1173 739 amplectitur
1197 686 1212 739 ;
1234 673 1292 723 et
1321 668 1531 723 anima:
1563 672 1881 739 postremo,
1904 685 2031 740 quae

388 760 585 817 adhuc
616 759 673 813 in
700 759 812 813 fide
845 763 985 813 sunt
1016 758 1193 813 rudes
1216 762 1271 812 et
1302 756 1773 825 adolescunt,sed
1792 758 1862 812 ad
1881 773 2032 813 men-

389 865 577 905 suram
607 850 795 905 aetatis
816 846 1177 919 plenitudinis
1238 847 1444 902 Christi
1472 848 1536 914 5°,
1570 848 1831 902 nondum
1857 847 2031 917 justi-

390 939 484 996 tiaa
515 938 791 1010 operibus
828 937 1122 991 mundata:
1174 940 1349 1007 atque
1389 934 1695 992 illustratze
1753 952 2033 1009 pervene~

392 1031 559 1083 runt:
616 1030 673 1081 et
703 1025 843 1097 quia
877 1029 1165 1079 mortuam
1200 1024 1391 1079 adhuc
1424 1025 1482 1079 in
1517 1042 1577 1080 se
1602 1026 1772 1079 fidem
1799 1028 2031 1095 gerunt,

392 1116 652 1173 nondum
684 1115 754 1169 ad
778 1130 980 1169 earum
1003 1130 1132 1185 quae
1150 1113 1453 1169 salvantur
1470 1116 1703 1170 ordines
1728 1114 2033 1169 ascribun-

393 1210 507 1261 tur.
543 1205 620 1259 Ex
651 1203 925 1259 omnibus
957 1209 1149 1258 autem
1182 1203 1490 1259 ordinibus
1518 1222 1662 1275 quos
1686 1220 2037 1259 commemo-

395 1294 673 1361 ravimus,
717 1310 829 1349 una
892 1298 981 1348 est
1027 1293 1296 1348 columba
1354 1294 1610 1366 perfecta
1664 1294 1833 1349 matri
1894 1310 2034 1361 suze,

395 1385 579 1440 electa
608 1383 881 1455 genitrici
914 1400 1052 1438 suae.
1087 1386 1224 1450 Quae
1254 1384 1533 1439 nimirum
1580 1388 1889 1455 postquam
1924 1383 2037 1438 Deo

394 1473 733 1541 credidit,et
761 1490 1067 1544 pcenarum
1112 1472 1423 1528 formidine
1448 1477 1693 1545 purgata
1716 1478 1825 1539 est,
1849 1478 1904 1527 et
1936 1486 2036 1542 spe

393 1562 851 1636 promissionum
869 1561 1487 1630 illustrata,charitatis
1502 1562 1804 1617 affectione
1818 1562 2033 1615 bonum

396 1653 534 1708 colit
567 1673 580 1718 ;
614 1655 669 1706 et
694 1650 853 1705 nulla
900 1650 1015 1705 alia
1063 1652 1132 1705 de
1166 1668 1367 1718 causa,
1403 1652 1503 1706 sed
1556 1651 1745 1722 ipsum
1801 1656 2039 1723 prepter

398 1757 483 1808 se,
518 1746 581 1795 ut
612 1744 823 1795 natura
852 1741 1069 1795 bonum
1103 1740 1550 1812 complectitur:
1584 1741 1704 1795 haec
1735 1740 1888 1796 enim
1923 1756 2040 1794 una

403 1830 661 1901 profecto
694 1834 799 1900 est,
846 1834 1043 1901 utpote
1094 1846 1195 1900 per
1252 1830 1613 1885 divinitatem
1668 1830 1766 1885 uni
1824 1834 1879 1884 ct
1931 1829 2037 1884 soli
2073 1870 2118 1935 Β

402 1925 517 1976 Deo
548 1918 879 1989 conjuncta,
903 1923 961 1974 et
989 1919 1141 1990 apud
1174 1918 1369 1991 ipsum
1402 1919 1725 1977 immobilis
1747 1936 1990 1975 manens
2024 1936 2038 1987 ;

400 2008 674 2065 columba
703 2013 923 2074 autem,
959 2013 1019 2062 ut
1050 2008 1330 2080 spiritalis
1363 2014 1539 2081 atque
1596 2010 1869 2081 perfecta,
1903 2024 2037 2064 cum

398 2097 666 2154 omnium
699 2097 989 2153 effectrice
1021 2097 1308 2169 sapientia
1337 2114 1440 2169 per
1468 2098 1731 2171 amplum
1753 2098 2037 2153 virtutum

394 2186 618 2243 cultum
654 2187 967 2256 conjuncta
1000 2204 1013 2255 ;
1047 2191 1220 2257 atque
1252 2188 1311 2242 in
1344 2187 1475 2259 ipsa
1505 2205 1608 2261 per
1666 2189 2038 2261 singularum

391 2276 678 2331 virtutum
713 2276 937 2331 fructus
970 2276 1505 2349 progrediensQua
1535 2277 1771 2343 quidem
1802 2277 2038 2349 sapien-

386 2366 470 2421 tia
500 2365 570 2419 ab
602 2364 831 2420 ancillis
862 2368 919 2421 et
952 2366 1327 2421 mercenariis
1358 2366 1721 2433 eximitur,ct
1754 2367 1812 2421 in
1857 2365 2036 2421 ﬁliam

389 2457 666 2527 adoptata
724 2460 899 2527 atque
957 2455 1140 2511 electa
1215 2456 1579 2512 divinitatem
1634 2475 1737 2530 per
1791 2458 2036 2528 gratiam

390 2544 761 2617 adipiscitur.
818 2544 1076 2600 Viderunt
1134 2546 1290 2599 illam
1351 2547 1506 2616 μίαν,
1564 2551 1615 2601 et
1666 2547 2037 2601 beatissimam

388 2633 772 2707 prmdicabunt
799 2649 919 2689 eam
949 2654 967 2699 ,-
1000 2636 1202 2705 reginae
1246 2640 1295 2689 ct
1343 2636 1670 2691 concubina?
1728 2636 2038 2692 laudabunt

393 2739 536 2779 eam.
573 2723 752 2777 Recta
782 2726 837 2776 et
890 2722 1168 2793 praeclara
1199 2722 1362 2779 illius
1393 2724 1543 2779 facta
1574 2726 1775 2781 fideles
1806 2730 2036 2780 tantum

392 2812 522 2881 ejus
555 2809 858 2882 discipulae
880 2827 1028 2882 quas
1066 2812 1124 2866 in
1158 2811 1384 2867 lavacro
1432 2814 1884 2885 regenerationis
1910 2814 2039 2886 ipsa

394 2898 617 2973 genuit,
646 2904 891 2973 expertas
923 2905 1084 2972 sunt,
1116 2906 1172 2956 et
1202 2901 1323 2956 solo
1359 2903 1531 2957 verbo
1564 2903 1819 2958 divinam
1855 2904 2035 2975 ipsam

392 2989 801 3063 praedicabunt
827 3008 840 3057 ;
867 3006 993 3062 quae
1022 2991 1479 3062 autemjustitiaa
1513 2993 1788 3064 operibus
1819 2992 2037 3048 illumi-

392 3083 542 3135 nataa
575 3094 819 3151 regnum
855 3080 949 3134 Dei
1004 3086 1469 3154 consequuntur,
1530 3099 1773 3155 quisque
1809 3084 2037 3156 suppli-

392 3169 617 3224 ciorum
654 3168 861 3225 timore
894 3187 925 3223 a
957 3172 1133 3226 variis
1193 3172 1447 3242 peccatis
1496 3173 1813 3240 abstinent,
1846 3173 2033 3245 ipsam

391 3256 569 3312 etiam
602 3256 879 3329 operibus
916 3256 1358 3314 collaudabunt.

971 3386 1157 3440 Trium
1188 3390 1440 3442 Patrum.

453 3490 936 3561 Quandoquidem
988 3491 1169 3560 gloria
1253 3494 1551 3566 magistrae
1634 3500 1724 3550 est
1772 3496 2035 3566 discipu-

382 3576 574 3634 larum
606 3579 961 3635 illuminatio
1011 3586 1067 3635 et
1100 3584 1391 3653 purgatio,
1450 3585 1523 3639 de
1563 3601 1681 3656 qua
1736 3586 1911 3640 etiam
1945 3586 2034 3640 di-

388 3672 563 3735 cunt:

463 3756 594 3822 Qua:
623 3765 701 3810 est
732 3759 838 3810 ista
866 3774 983 3828 quae
1001 3759 1356 3828 progreditur
1386 3762 1546 3829 quasi
1571 3777 1775 3816 aurora
1800 3779 2037 3817 consur-

386 3858 540 3913 gens,
564 3845 802 3912 pulchra
824 3852 883 3899 ut
914 3845 1072 3915 (una,
1105 3848 1276 3902 electa
1306 3852 1367 3902 ut
1396 3849 1773 3913 sol,terribilis
1804 3857 1863 3905 ut
1893 3854 2036 3907 acie:

388 3932 669 3989 ordinata:
694 3938 718 3985 γ

460 4024 605 4075 Vere
636 4022 984 4078 admiranda
1014 4030 1103 4078 est
1135 4025 1418 4097 magistra
1451 4033 1668 4082 nostra.
1690 4029 1832 4084 Nam
1858 4030 2033 4085 disci-

385 4109 542 4179 pulis
573 4109 698 4164 suis
721 4126 848 4181 qua:
882 4129 982 4181 per
1012 4115 1417 4186 purgationem
1451 4134 1482 4171 a
1513 4119 2036 4189 tenebrarumope-

382 4197 547 4253 ribus
568 4204 1068 4265 recesserunt,sed
1088 4220 1189 4274 per
1208 4206 1560 4275 cognitionis
1586 4206 2031 4265 illustrationem

383 4288 645 4342 nondum
681 4290 749 4343 ad
768 4290 1017 4357 justitiaa
1049 4308 1227 4362 opera
1251 4301 1662 4365 pervenerunt,
1693 4303 1757 4351 ut
1786 4298 2033 4352 docendi

381 4376 530 4430 ratio
564 4378 830 4447 requirit,
864 4397 992 4436 sese
1035 4385 1461 4447 accommodat,
1496 4401 1560 4439 ac
1619 4388 1836 4456 praebet
1866 4387 2031 4457 quasi

380 4463 570 4519 lucem
606 4468 1055 4537 matutinam,ea
1084 4470 1279 4527 celans
1304 4476 1579 4545 mysteria
1609 4492 1735 4540 qua:
1768 4478 2029 4531 nondum

380 4554 580 4608 valent
628 4558 1123 4627 comprehendere
1155 4580 1168 4627 ;
1203 4567 1377 4632 atque
1409 4564 1507 4617 illa
1541 4566 1780 4620 tradens
1812 4567 2029 4636 quibus

384 4643 774 4713 percipiendis
807 4654 945 4702 sunt
976 4649 1217 4717 idoneas,
1254 4654 1705 4723 futurarumque
1729 4673 2028 4725 poenarum

384 4732 561 4786 minis
586 4750 684 4789 eas
746 4737 814 4789 ad
852 4738 1021 4792 linem
1068 4744 1243 4802 atque
1286 4743 1680 4797 obedientiam
1707 4745 2026 4799 adducens.

382 4820 505 4875 Illis
518 4838 649 4879 vero
669 4841 795 4895 quis
811 4842 939 4880 cum
966 4829 1226 4884 veritatis
1244 4832 1595 4885 crediderint
1610 4834 2027 4903 prmdicalioni,

379 4925 412 4963 a
462 4910 699 4968 malitiaa
758 4920 955 4970 tamen
1007 4918 1281 4986 operibus
1342 4921 1715 4975 tenebrarum
1764 4925 2025 4977 nondum

373 5006 508 5053 sunt
540 5008 821 5072 purgatae,
858 5005 935 5058 ita
959 5021 1021 5059 se
1053 5007 1287 5061 exhibet
1318 5008 1551 5071 bonam,
1588 5015 1651 5063 ut
1675 5010 2025 5081 pmnitentice

373 5087 691 5159 disciplina
716 5094 885 5161 quasi
905 5093 1053 5146 lunae
1070 5096 1386 5163 quamdam
1403 5096 1591 5151 lucem
1613 5101 2023 5171 suppeditans.

372 5174 719 5245 ignorantiae
744 5185 972 5235 noctem
997 5182 1066 5235 ab
1083 5184 1165 5237 eis
1183 5183 1441 5252 repellat.
1468 5191 1686 5241 Atcum
1713 5189 2023 5243 animabus

375 5261 494 5317 illis
525 5280 652 5334 qua:
686 5267 897 5322 virtute
930 5270 1185 5338 praedita:
1246 5276 1526 5340 tauquam
1576 5274 1632 5327 in
1685 5275 1777 5331 die
1818 5277 2023 5331 decore

371 5350 698 5416 ambulant,
732 5370 794 5409 se
838 5357 1079 5410 electam
1131 5359 1280 5427 gerit
1329 5362 1546 5431 (qualis
1604 5369 1693 5418 est
1748 5364 1858 5427 sol,
1921 5365 2020 5434 qui

369 5442 495 5493 tum
524 5442 917 5512 amplitudine
950 5450 1073 5499 tum
1129 5446 1439 5517 splendore
1497 5453 1720 5506 caeteris
1769 5453 1893 5506 οωιὶ
1929 5451 2018 5507 lu-

369 5528 631 5585 minibus
658 5532 992 5602 antecellit),
1026 5539 1083 5589 et
1115 5552 1259 5593 vera:
1289 5540 1639 5610 cognitionis
1670 5540 1860 5597 lucem
1879 5544 2019 5598 sub-

404 5706 405 5709 η
437 5678 714 5751 "Ephes.
752 5700 823 5755 ιν,
860 5684 945 5738 13.

2146 600 2305 651 μενος
2337 576 2524 649 δηλοῖ,
2573 578 2917 655 περιγράφων
2968 582 3066 633 τοῦ
3115 572 3492 652 ἐϐδομήκοντα
3556 579 3799 655 ἀριθμοῦ

2142 672 2398 743 περιττοῦ
2432 664 2587 729 ὄντος
2616 668 2716 736 τὴν
2768 667 2997 738 κίνησιν⁹
3049 668 3137 723 καὶ
3187 668 3242 722 αἱ
3282 668 3418 722 κατὰ
3463 667 3561 736 τὴν
3613 668 3798 723 πίστιν

2143 755 2533 827 ἔτινεάζουσαι
2568 758 2656 812 καὶ
2708 758 2783 830 μὴ
2826 757 2903 820 είς
2967 758 3160 833 μέτρον
3215 755 3437 826 ἡλικίας
3492 761 3587 812 τοῦ
3644 757 3803 824 πλη-

2145 847 2399 923 ρώματος
2475 852 2571 902 τοῦ
2640 849 2879 923 Χριστοῦ
2960 844 3048 901 διὰ
3115 845 3487 920 καθαρότητός
3562 869 3619 901 τε
3706 848 3799 901 καὶ

2145 941 2432 1013 φωτισμοῦ
2492 935 2664 1011 ἔργων
2725 933 3075 1007 δικαιοσύνης
3126 935 3411 1014 φθάσασαι,
3471 936 3559 990 καὶ
3593 932 3684 990 διὰ
3740 936 3808 989 τὸ

2146 1027 2333 1102 νεκρὰν
2394 1020 2471 1080 ἔτι
2528 1026 2625 1094 τήν
2683 1026 2861 1080 πίστιν
2918 1025 2968 1079 ἐν
3026 1026 3237 1086 ἑαυταῖς
3290 1023 3617 1101 περιφέρειν,
3679 1030 3809 1086 ταῖς

2145 1117 2483 1189 σιυζομέναις
2562 1118 2741 1189 τάξεσι
2832 1116 3025 1189 μηκέτι
3112 1113 3621 1189 συναριθμούμεναι.
3711 1117 3810 1171 Ἐκ

2145 1211 2330 1261 πασῶν
2393 1205 2450 1261 δὲ
2506 1210 2615 1259 τῶν
2650 1203 2951 1281 λεχθεισῶν
2982 1204 3180 1275 τάξεων
3218 1205 3313 1277 μία
3368 1204 3477 1258 ἐστῖ
3509 1204 3809 1280 περιστερά

2143 1294 2325 1351 τελεία
2382 1300 2450 1369 τῇ
2512 1294 2677 1367 μητρῖ
2738 1293 2927 1364 ανότῆς,
2983 1292 3208 1365 ὶκλεκτή
3271 1293 3381 1348 ἐστι
3428 1296 3497 1367 τῇ
3566 1292 3804 1367 τεκούσῃ

2148 1387 2337 1456 αὐττςψ
2400 1383 2590 1461 ἤγουν,
2650 1386 2684 1453 ἡ
2722 1383 2853 1457 μετὰ
2882 1384 2944 1438 τὸ
2994 1387 3274 1437 πιστεύσαι
3319 1386 3452 1453 Θεῷ,
3494 1382 3585 1436 xui
3645 1377 3808 1456 φόϐῳ

2151 1477 2246 1549 μὶν
2276 1480 2382 1530 τῶν
2416 1471 2656 1529 ἀπειλῶν
2708 1474 3062 1549 καθαρθῆναι,
3125 1469 3308 1527 ἑλπίδι
3354 1469 3411 1526 δὶ
3455 1476 3563 1526 τῶν
3626 1470 3807 1547 ἰπαγ-

2146 1564 2737 1642 γελιῶνφωτισθῆναι,
2796 1563 3147 1637 ἀγαπητικῶς
3198 1559 3497 1624 διατεθεῖσα
3554 1562 3680 1635 περὶ
3742 1561 3808 1615 τὸ

2149 1655 2373 1730 ἀγαθὸν,
2418 1653 2505 1707 καὶ
2561 1653 2635 1725 μὴ
2672 1649 2741 1706 δι’
2769 1648 2949 1726 ἕτερόν
2998 1673 3052 1706 τι
3078 1654 3308 1705 ποιοῦσα
3340 1651 3495 1723 αὐτὸ,
3553 1649 3703 1705 ἀλλὰ
3737 1647 3810 1705 δι’

2148 1742 2300 1813 αὐτὸ,
2360 1743 2436 1804 ὡς
2494 1741 2648 1819 φύσει
2695 1738 2884 1795 καλόν·
2935 1739 3081 1811 Αὕτη
3117 1739 3219 1816 γὰρ
3255 1740 3353 1813 μία
3387 1739 3480 1812 μὲν
3514 1737 3680 1810 ἐστιν,
3733 1740 3809 1799 ὡς

2148 1834 2285 1887 κατᾶ
2328 1831 2517 1897 θέωσιν
2578 1830 2834 1895 ἐνωθεῖσα
2888 1834 2967 1901 τῷ
3019 1828 3095 1883 ὲνῖ
3154 1828 3243 1884 καὶ
3303 1828 3455 1901 μόνῳ
3514 1833 3654 1899 Θεῷ,
3713 1827 3829 1883 xui.

2148 1923 2276 1998 παρ’
2344 1922 2494 1993 αὐτῷ
2561 1919 2814 1990 ἀκίνητος
2880 1917 3134 1992 μένουσα.
3212 1918 3509 1992 Περιστερὰ
3578 1914 3659 1985 δὲ,
3730 1918 3836 1979 ὡς,

2149 2011 2487 2084 πνευματικὴ
2519 2010 2609 2064 καὶ
2639 2008 2823 2065 τελεία
2851 2012 2918 2082 τῇ
2978 2007 3265 2078 πανταιτίᾳ
3294 2006 3478 2085 σοφίᾳ,
3537 2007 3614 2068 ὡς
3670 2008 3837 2082 πρὸς,

2146 2102 2345 2173 ταύτην
2406 2103 2737 2163 ἀνατατικῶς
2792 2097 2861 2154 δι’
2912 2100 3145 2170 ἒκάστης
3204 2099 3398 2174 ἀρετῆς
3451 2103 3807 2172 συναχθεῖσα,

2147 2192 2236 2247 καὶ
2292 2193 2393 2261 τὴν
2454 2190 2505 2245 ἐν
2569 2189 2701 2264 αὐτῇ
2759 2190 3061 2262 ποιουμένη
3149 2185 3426 2264 πρόοδον,
3501 2187 3643 2240 κατᾶ
3702 2188 3805 2255 τήν

2149 2283 2375 2347 ἑκάστης
2425 2280 2619 2357 ἀρετῆς
2674 2278 2897 2356 γένεσιν.
2966 2284 3141 2346 ’ῌτινι
3189 2276 3348 2355 σοφίᾳ
3399 2276 3487 2331 καὶ
3543 2273 3807 2349 ἐκλελεγ-

2152 2372 2285 2444 μὲνη
2345 2370 2483 2425 ἐστὶν
2544 2368 2650 2424 ἀπὸ
2695 2372 2802 2423 τῶν
2865 2364 3136 2421 δουλίδων
3188 2365 3277 2420 καὶ
3352 2366 3669 2438 μισθωτῶν,
3733 2364 3810 2425 ὡς

2148 2459 2555 2535 υἱοθετισαμὲνη
2615 2458 2813 2530 ταύτην
2871 2457 3007 2512 κατᾶ
3060 2457 3159 2525 τὴν
3218 2455 3270 2510 ἐν
3330 2455 3515 2530 χάριτι
3576 2454 3803 2517 θὲωσιν.

2147 2550 2375 2607 Εῗδοσαν
2460 2550 2626 2619 αύτῆν
2706 2548 3013 2623 θυγατὲρες,
3099 2545 3188 2601 καὶ
3276 2548 3633 2619 μακαριοῦσιν
3707 2545 3809 2598 αύ-

2145 2643 2244 2711 τήν
2282 2663 2293 2675 ·
2374 2639 2731 2716 βασίλισσαι,
2808 2637 2897 2692 καὶ
2975 2633 3251 2690 παλλακαὶ
3324 2633 3623 2687 αίνὲσουσιν
3706 2632 3811 2685 αὒ-

2145 2730 2267 2799 τήν.
2328 2726 2594 2798 Δηλονότι
2656 2725 2707 2780 ἐν
2750 2725 2909 2800 πείρᾳ
2964 2727 3073 2777 τῶν
3126 2719 3567 2795 κατορθωμάτων
3633 2719 3810 2789 αὐτῆς

2146 2818 2453 2894 γεγόνασιν,
2510 2817 2563 2870 αἱ
2625 2814 2788 2888 μόνον
2846 2813 3029 2868 πισταὶ
3059 2811 3261 2880 ταύτης
3305 2812 3623 2885 μαθήτριαι·
3658 2808 3722 2871 ἃς
3757 2808 3809 2863 ἔν

2146 2914 2226 2982 τῷ
2284 2906 2500 2983 λουτρῷ
2556 2908 2654 2974 τῆς
2712 2902 3133 2979 παλιγγενεσίας
3189 2896 3430 2966 ἀπέτεκε,
3488 2900 3576 2952 καὶ
3650 2899 3811 2970 μόνῳ

2150 2997 2303 3072 λόγῳ
2359 2996 2530 3063 αὑτῆν
2563 2994 2946 3057 ἒκθειάσουσιν.
2977 2992 3047 3045 Al
3075 2987 3132 3044 δὶ
3190 2986 3280 3043 διὰ
3311 2990 3598 3064 φωτισμοῦ
3632 2984 3807 3061 ἔργων

2149 3085 2494 3156 δικαιοσύνης
2545 3087 2643 3153 τῆς
2688 3088 2783 3138 τοῦ
2823 3086 2957 3136 Θεοῦ
2992 3078 3269 3156 βασιλείας
3324 3075 3807 3149 ἀντιποιούμεναι,

2147 3176 2234 3231 xui
2268 3176 2321 3230 ui
2356 3173 2443 3229 διὰ
2470 3169 2636 3252 φόϐον
2667 3176 2775 3227 τῶν
2819 3169 3098 3226 κολάσεων
3131 3168 3408 3223 παντοίων
3449 3168 3635 3220 κακῶν
3668 3165 3811 3219 ἀπε-

2067 3239 2109 3305 C
2149 3264 2404 3341 χόμεναι,
2437 3264 2525 3319 καὶ
2555 3261 2625 3317 δι’
2650 3257 2820 3338 ἔργων
2853 3261 3221 3316 ἰπαινίσουσιν
3258 3258 3447 3326 αὐτήν.

2069 4604 2108 4666 D

2704 3390 2827 3445 Τῶν
2870 3388 2917 3461 γ’
2957 3382 3231 3459 Πατὲρων.

2218 3494 2543 3569 Ἐπειδήπερ
2578 3492 2704 3564 δόξα
2757 3500 2856 3562 τῆς
2918 3488 3248 3547 διδασκάλου
3306 3488 3417 3544 leni
3445 3493 3553 3542 τῶν
3618 3489 3809 3559 μαθη-

2144 3590 2312 3662 τριῶν
2396 3588 2425 3641 ὁ
2511 3583 2793 3662 φωτισμὸς
2850 3581 2939 3636 καὶ
2992 3584 3027 3651 ἡ
3086 3579 3365 3655 κάθαρσις,
3406 3577 3531 3653 περὶ
3584 3579 3659 3646 ἧς
3715 3577 3808 3632 καὶ

2146 3674 2344 3750 ἐροῦσυ

2216 3764 2311 3827 Τίς
2366 3765 2499 3832 αὕτη
2556 3766 2591 3832 ἡ
2652 3762 2989 3818 ἐκκόπτουσι
3046 3757 3173 3813 ὡσεὶ
3229 3752 3448 3832 ὄρθρος,
3506 3751 3659 3823 καλή
3724 3754 3802 3817 ὡς

2146 3854 2372 3923 σελήνη,
2434 3851 2663 3920 ἔκλεκτὴ
2723 3852 2797 3915 ὡς
2851 3848 3038 3919 ἥλιος,
3096 3841 3308 3919 θάμϐος
3387 3846 3462 3907 ὡς
3531 3844 3804 3917 τεταγμέ-

2143 3965 2263 4009 ναις

2216 4029 2437 4101 Δηλαδή
2473 4031 2745 4103 θαυμασία
2799 4029 2882 4090 τίς
2940 4026 3083 4082 ἰστιν
3143 4028 3177 4094 ἡ
3242 4020 3567 4085 διδάσκαλος
3608 4023 3809 4095 ἡμῶν,

2144 4122 2218 4182 ὡς
2245 4127 2362 4182 ταῖς
2423 4120 2515 4193 μὲν
2576 4118 2903 4181 ἀποστάσαις
2957 4121 3065 4170 τῶν
3123 4110 3289 4184 ἔργων
3323 4116 3419 4167 τοῦ
3450 4111 3682 4173 σκᾶτους
3718 4106 3811 4165 διὰ

2145 4211 2469 4284 καθάρσεως,
2524 4210 2692 4281 μήπω
2743 4205 2800 4261 δὲ
2846 4208 2913 4261 τὰ
2951 4202 3084 4279 ἔργα
3114 4210 3212 4271 τῆς
3244 4199 3593 4269 δικαιοσύνης
3640 4220 3813 4255 κατα-

2144 4295 2460 4364 λαϐούσαις,
2513 4295 2602 4352 διὰ
2650 4296 2930 4374 φωτισμὸν
2982 4294 3236 4369 γνώσεως
3295 4284 3808 4365 συγκαταϐαίνουσα

2143 4384 2543 4455 διδασκαΛικῶς
2574 4382 2651 4440 ἔτι
2682 4387 2904 4449 ἑωθινὸν
2955 4388 3095 4457 φῶς,
3154 4380 3203 4435 ἂν
3248 4384 3328 4451 τῷ
3376 4379 3443 4434 τὰ
3500 4378 3595 4450 μὶν
3660 4379 3807 4439 τὲως

2142 4476 2408 4551 ἀχώρητα
2462 4476 2681 4537 ταύταις
2741 4476 3017 4547 μυστήρια
3072 4470 3368 4546 κρύπτειν,
3436 4464 3808 4541 παραδηλοῦν

2142 4562 2199 4618 δὲ
2254 4567 2319 4618 τὰ
2376 4566 2628 4638 χωρητᾶ,
2688 4563 2774 4618 καὶ
2830 4567 2949 4623 ταῖς
2996 4558 3251 4621 ἀπειλαῖς
3308 4562 3415 4611 τῶν
3465 4554 3807 4629 μελλουσῶν

2138 4652 2412 4708 κολάσεων
2474 4656 2608 4729 πρὸς
2673 4651 2917 4721 ὑπακοὴν
2978 4649 3345 4724 ἐπιστρέφειν·
3406 4651 3523 4706 ταῖς
3582 4642 3645 4699 δὶ
3710 4667 3809 4698 πι-

2141 4744 2452 4804 στευσάσαις
2506 4744 2599 4815 μὶν
2655 4747 2734 4812 τῷ
2790 4748 2887 4809 τῆς
2944 4738 3202 4809 ἀληθείας
3244 4736 3587 4810 κηρύγματι,
3622 4739 3805 4807 μήπω

2140 4829 2195 4886 δὲ
2225 4833 2600 4905 καθαρθείσαις
2632 4836 2737 4886 τῶν
2771 4835 2868 4886 τοῦ
2925 4831 3152 4890 σκότους
3192 4834 3293 4896 τῆς
3338 4824 3529 4886 κακίας
3589 4822 3802 4899 ἔργων,

2138 4922 2311 4995 ἀγαθή
2376 4920 2535 4991 ἐστιν,
2595 4921 2670 4982 ὡς
2724 4926 2844 4981 ταῖς
2884 4918 3019 4993 πρὸς
3072 4918 3355 4991 μετάνοιαν
3412 4910 3801 4975 διδασκαλίαις

2135 5010 2372 5084 καθάπερ
2430 5032 2480 5065 τι
2541 5009 2861 5078 σεληνιακὸν
2922 5012 3036 5081 φῶς
3088 5007 3184 5074 τὴν
3217 5005 3385 5060 νύκτα
3413 5007 3512 5067 τῆς
3566 5004 3801 5076 ἀγνοίας

2134 5099 2337 5153 τούτων
2388 5096 2906 5175 καταφαιδρύνουσει·
2956 5102 3076 5157 ταῖς
3127 5092 3173 5149 δ’
3227 5095 3301 5157 ὡς
3355 5092 3405 5147 ἐν
3465 5093 3655 5163 ἡμέρᾳ
3712 5091 3802 5146 εύ-

2133 5188 2429 5262 σχημόνως
2480 5187 2903 5261 περιπατούσαις
2954 5186 3221 5260 ἐναράτοις
3270 5186 3475 5257 ψοχαῖς
3532 5178 3801 5255 ὲκκελεγ-

2135 5278 2269 5349 μένη
2329 5278 2468 5332 ἐστὶν
2531 5278 2745 5349 (οἷάπερ
2803 5297 2887 5338 τις
2935 5273 3098 5343 ἥλιος
3129 5278 3237 5329 τῶν
3292 5270 3501 5327 λοιπῶν
3552 5272 3677 5323 κατ’
3710 5271 3799 5325 0'3-

2131 5368 2290 5440 ρανὸν
2346 5368 2539 5444 φώτων
2598 5363 2763 5440 αἶ’γλῃ
2794 5386 2853 5420 τε
2907 5363 2996 5418 καὶ
3059 5360 3271 5436 μεγὲθει
3324 5358 3799 5437 διαφανέστερος),

2130 5455 2205 5516 ὡς
2238 5453 2609 5510 ἀνατέλλουσα
2633 5456 2852 5516 ταύταις
2878 5458 2993 5531 φῶς
3049 5452 3287 5521 ἀληθοῦς
3320 5449 3599 5524 γνώσεως,
3661 5448 3799 5502 κᾶν·

2126 5546 2303 5599 τεῦθεν
2368 5544 2748 5615 ἐκπλήττουσι
2830 5543 2925 5605 τὰς
3014 5541 3223 5616 ὁρώσας
3292 5540 3462 5607 αὐτὴν
3542 5536 3798 5612 καθάπερ
