4042 6198
248 345 350 406 665

1266 339 1677 402 COMMENT.
1721 342 1797 401 IN
1844 342 2245 406 CANTICUM
2294 346 2597 407 CANTIC.

3518 347 3637 407 666
3660 348 3663 353 λ

252 474 516 532 ἐπιφάνειά
548 494 632 536 τις
693 472 1006 548 ἆγγελικῶν
1058 471 1281 543 τάξεων.
1315 472 1414 527 Καὶ
1469 476 1635 527 ταῦτα
1687 473 1780 545 μὶν
1831 471 1887 527 αἱ

2004 476 2318 546 ministrat;
2352 482 2524 549 atque
2546 478 2627 535 ita
2657 482 2894 551 stupore
2920 496 2987 536 ac
3015 484 3238 536 terrore
3266 480 3448 535 afﬁcit
3475 497 3536 535 se
3554 480 3640 536 in-

255 567 529 639 μαθήτρισι
561 563 686 637 περῖ
718 570 819 632 τῆς
852 560 1183 617 διδασκάλου
1213 562 1483 637 εἲρήκασι.

800 852 919 903 Τῶν
948 850 995 923 γ’
1030 849 1304 924 Βατὲρων.

310 960 483 1015 Ταῦτα
546 955 641 1028 μὶν
697 956 751 1010 αἱ
816 957 1109 1031 μαθήτριαι
1169 954 1296 1029 περὶ
1373 960 1475 1024 τῆς
1556 952 1886 1010 διδασκάλου

254 1048 507 1123 εἰρήκασι,
541 1046 609 1099 τὰ
639 1043 685 1099 δ’
713 1044 845 1116 αὕτη
895 1046 1018 1115 περὶ
1074 1043 1281 1099 τούτων
1333 1045 1468 1118 πρὸς
1517 1045 1606 1099 τὸν
1655 1044 1885 1123 νυμφίον

260 1136 442 1215 φησίν’
478 1136 579 1197 Εἰς
635 1142 809 1203 κῆπον
868 1134 1071 1207 καρύας
1127 1128 1358 1203 κατέϐην
1419 1131 1549 1188 ἰδεῖν
1611 1133 1663 1188 ἰν
1696 1136 1889 1209 γεννή-

258 1247 370 1299 μασι
416 1228 511 1279 τοῦ
567 1223 903 1299 χειμάρρου·
940 1221 1073 1279 ἶδεῖν
1131 1222 1177 1293 εί
1234 1222 1467 1293 ἤνθησεν
1525 1226 1559 1292 ἡ
1619 1223 1890 1296 ἄμπελος,

255 1315 292 1369 εί
320 1312 555 1383 ἤνθησαν
591 1314 645 1367 αἱ
696 1312 837 1389 ῥοαί.
869 1315 1048 1380 ’Ήτοι,
1084 1307 1419 1387 συγκατὲϐην
1472 1311 1529 1365 ἐκ
1573 1316 1669 1367 τοῦ
1728 1308 1894 1385 ὕψους

253 1410 342 1472 τῆς
372 1409 638 1475 μυστικῆς
664 1402 893 1477 θεωρίας
922 1407 1041 1463 ταῖς
1072 1401 1445 1476 γεωργούσαις
1479 1404 1680 1476 ψυχαῖς
1729 1400 1896 1454 οἱονεὶ

252 1492 423 1566 κάρυα,
452 1491 593 1546 κατὰ
649 1493 741 1563 μὲν
795 1491 859 1545 τὸ
917 1489 1070 1551 ἐκτὸς
1130 1488 1367 1565 λὲπυρον
1427 1490 1614 1564 πικρὰ,
1647 1489 1782 1544 κατὰ
1839 1486 1896 1543 δὲ

253 1581 304 1635 τὸ
330 1581 473 1644 ἐντὸς
512 1580 755 1654 σκληρὰ,
787 1580 905 1634 κατ’
940 1578 1096 1634 αὐτὸν
1134 1577 1190 1634 δὲ
1220 1580 1311 1634 τὸν
1352 1570 1521 1633 νένδον
1569 1583 1675 1633 τῶν
1719 1578 1898 1633 τοιού-

255 1692 350 1725 των
379 1670 631 1746 λεπύρων
664 1670 868 1745 καρπὸν
897 1667 1050 1739 ήδὲεν
1083 1671 1180 1739 τὴν
1218 1670 1287 1740 τῇ
1333 1670 1526 1745 πικρία
1571 1672 1677 1722 τῶν
1737 1669 1898 1722 ἀκου-

259 1760 371 1813 σῖων
428 1763 750 1831 πειρασμῶν
805 1759 895 1812 καὶ
952 1762 1020 1824 τῆ
1080 1757 1414 1833 σκληρότητι
1472 1762 1578 1811 τῶν
1638 1756 1896 1811 ἑκουσίων

1988 572 2243 636 tuentes,
2266 573 2331 623 ut
2356 570 2640 624 instructa
2674 574 2852 641 atque
2892 570 3162 625 ordinata
3200 570 3435 641 agmina
3466 586 3643 641 ange—

1990 655 2204 710 lorum.
2240 662 2319 712 Αο
2350 658 2419 712 de
2444 659 2728 729 magistra
2759 659 2998 730 quidem
3036 657 3335 729 discipulae
3368 658 3450 712 ita
3479 656 3642 712 locu-

1992 750 2065 800 ιω
2099 750 2260 801 sunt.

2582 856 2769 910 Trium
2813 856 3061 911 Patrum.

2068 960 2197 1015 Haec
2225 960 2490 1033 {quidem
2554 962 2856 1034 discipulae
2913 962 2983 1017 de
3040 960 3317 1032 magistra
3350 960 3644 1015 dixerunt.

2000 1051 2134 1121 Ipsa
2158 1067 2293 1105 vero
2328 1050 2397 1104 de
2430 1050 2739 1123 discipulis
2772 1053 2841 1106 ad
2876 1068 3158 1122 sponsum
3203 1051 3285 1105 ita
3332 1050 3597 1121 loquitur
3631 1066 3643 1104 :

2002 1140 2065 1193 1η
2095 1139 2318 1193 hortum
2357 1142 2514 1196 nucis
2551 1141 2828 1210 descendi,
2864 1150 2922 1195 ut
2960 1142 3201 1195 viderem
3223 1142 3279 1194 in
3301 1140 3651 1210 germinibus

2000 1232 2267 1285 torrentis
2296 1251 2314 1284 .·
2349 1234 2406 1284 ut
2440 1230 2703 1300 uiderem,
2753 1248 2823 1284 an
2869 1232 3139 1293 ﬂoruisset
3189 1231 3375 1299 vinea,
3428 1246 3499 1282 an
3542 1230 3645 1298 ﬂo-

2002 1321 2242 1373 ruissent
2270 1319 2419 1372 mala
2450 1320 2675 1389 punica.
2703 1319 2782 1374 De
2823 1319 3078 1391 mysticae
3110 1315 3645 1389 comtemplationis

2005 1407 2366 1463 sublimitate
2388 1408 2660 1463 descendi
2704 1409 2774 1463 ad
2827 1408 3058 1463 animas
3090 1407 3325 1463 virtutis
3373 1405 3646 1463 excultri-

2005 1514 2122 1565 ces,
2157 1504 2436 1568 tanquam
2488 1497 2558 1551 ad
2608 1513 2807 1567 nuces,
2856 1512 3104 1566 quarum
3155 1501 3349 1551 cortex
3399 1496 3651 1552 exterior

2006 1586 2154 1641 alter
2183 1586 2422 1656 quidem
2470 1602 2730 1654 amarus,
2766 1587 2913 1640 alter
2942 1590 3137 1639 autem
3169 1585 3356 1639 durus
3385 1589 3476 1640 est
3498 1602 3510 1641 :
3535 1601 3647 1639 nu-

2008 1671 2169 1727 cleus
2200 1678 2397 1727 autem
2447 1673 2545 1742 qui
2578 1672 2671 1727 his
2708 1671 3023 1727 corticibus
3066 1671 3407 1739 includitur,
3436 1674 3651 1743 jucun-

2009 1762 2122 1817 dus
2154 1779 2166 1817 :
2212 1760 2460 1817 dulcedo
2485 1760 2766 1815 nimirum
2794 1762 3103 1831 virtutum,
3137 1778 3261 1833 quae
3286 1766 3410 1816 tum
3434 1760 3650 1815 amari-

258 1846 666 1926 πεφυλαγμὲνην
718 1846 1037 1923 γλυκύτητα
1092 1852 1197 1902 τῶν
1254 1847 1485 1921 ἀρετῶν,
1516 1846 1621 1900 ἀπό
1670 1867 1727 1900 τε
1784 1849 1889 1900 τῶν

2004 1851 2207 1907 tudine
2243 1849 2507 1921 gravium
2554 1850 2969 1918 tentationum,
3005 1855 3130 1905 tum
3153 1850 3467 1922 asperitate
3488 1849 3652 1906 labo-

260 1944 360 1993 κατ’
387 1936 635 2013 ἔλλειψιν
666 1937 842 1992 αὐτῶν
874 1938 963 1991 καὶ
1004 1940 1111 1992 τῶν
1161 1936 1278 1991 καθ’
1314 1930 1624 2011 ὑπερϐολὴν
1676 1936 1858 1989 παθῶν
1882 1955 1894 1968 θ

264 2026 381 2083 ὥστε
434 2028 725 2091 θεάσασθαι
785 2026 839 2081 ἰν
914 2030 982 2100 τῇ
1062 2027 1317 2098 ὑπομονῇ
1400 2025 1599 2092 αὐτῶν,
1660 2026 1898 2096 κυήματι

262 2114 378 2191 θύσῃ
404 2125 499 2186 τῆς
533 2117 766 2193 ῥεούσης
795 2116 1033 2190 θλίψεως
1066 2114 1125 2170 ἐκ
1153 2113 1249 2169 τοῦ
1280 2119 1558 2190 χειμῶνος
1616 2118 1724 2167 τῶν
1776 2134 1898 2168 πειο

264 2212 463 2282 ρασμῶν
620 2206 806 2280 θλίψις
855 2207 957 2282 γὰρ
1019 2206 1302 2277 ὑπομονήν
1354 2204 1762 2278 κατεργάζεται)
1794 2200 1900 2256 εἷ’τε

261 2296 585 2371 εὐχαριστίᾳ,
673 2293 783 2351 εἴτε
873 2293 1156 2372 δυσφημίᾳ
1247 2292 1571 2369 προσάγεταί
1657 2313 1742 2346 σοι
1819 2296 1900 2363 τῷ

262 2384 516 2461 ἷατρικῶς,
550 2383 684 2440 ἀλλ’
723 2385 786 2440 ού
839 2388 1231 2459 τιμωρητικῶς
1298 2379 1648 2437 παιδεύοντιο
1710 2380 1897 2444 θεάσα-

260 2487 363 2539 σθαι
393 2474 449 2533 δὶ
477 2478 648 2531 πάλιν
684 2476 771 2532 ἐάν
824 2497 883 2531 τε
934 2474 1092 2537 αὐτὸς
1140 2475 1167 2529 ὁ
1226 2473 1277 2527 ὲν
1339 2471 1700 2547 Εὑαγγιλίοις
1750 2472 1898 2547 εἰρη-

258 2566 378 2633 κὼς,
410 2565 492 2621 ὅτι
521 2566 668 2641 Ἐγώ
702 2565 818 2638 εἶμι
848 2567 883 2634 ἡ
918 2562 1191 2637 ἄμπελος,
1226 2564 1276 2618 ἐν
1309 2566 1377 2636 τῇ
1437 2563 1690 2635 ὑπομονῇ
1728 2559 1897 2635 ταύτῃ

263 2654 655 2729 προδείκνυται,
688 2656 763 2716 ὡς
792 2652 951 2719 ἄνθος
991 2652 1219 2730 βότρυος
1268 2656 1553 2711 ποιοῦντος
1602 2652 1743 2706 οἶνον
1801 2657 1900 2719 τῆς

265 2744 453 2821 φύσεως
487 2744 803 2799 ἐκστατικὸν
837 2744 973 2798 κατά
1011 2744 1109 2812 τήν
1162 2742 1407 2803 θεώσεως
1459 2742 1644 2816 χάριν.
1678 2741 1737 2797 Ὀ
1794 2740 1899 2814 γὰρ

266 2831 589 2907 ἰνὺπομονῇ
620 2834 708 2888 καὶ
744 2832 909 2898 αὐτῆς
969 2840 1071 2902 τῆς
1130 2830 1268 2894 ἰδίας
1327 2830 1534 2908 φύσεως
1598 2830 1898 2902 ὑπερορῶν,

265 2923 352 2991 τήν
386 2923 514 2995 ὑπὲρ
549 2923 706 2993 φύσιν
737 2930 836 2992 τῆς
862 2921 1118 2992 θεότητος
1166 2919 1378 2997 δέχεται
1428 2920 1590 2995 χάριν
1616 2938 1627 2951 ·
1662 2919 1751 2973 καὶ
1811 2918 1898 2973 ἐὰν

262 3012 309 3063 αἱ
338 3009 486 3083 δίκην
518 3012 685 3089 ῥοιῶν
725 3017 805 3085 τῷ
839 3014 932 3085 μὶν
962 3012 1275 3089 φαινομένῳ
1306 3009 1529 3084 λεπύρῳ
1562 3012 1896 3086 στυφουσῶν,

261 3104 327 3171 τῷ
356 3098 400 3155 δ’
428 3100 574 3164 ἐντὸς
604 3102 799 3157 τούτου
831 3102 1188 3178 κεκρυμμένῳ
1233 3105 1425 3176 καρπῷ
1483 3097 1613 3160 τοὺς
1666 3099 1895 3173 γευομέ-

2010 1957 2140 1995 rum
2166 1943 2375 2010 sponte
2396 1944 2798 2009 suceptorum,
2832 1957 2865 1994 a
2890 1939 3401 2010 pertubationibus
3423 1943 3480 1994 et
3498 1939 3659 1993 vitiis

2008 2028 2066 2083 in
2100 2029 2330 2084 defectu
2362 2033 2538 2099 atque
2587 2045 2829 2083 excessu
2879 2028 3342 2084 consistentibus
3373 2028 3432 2082 in
3465 2028 3658 2083 medio

2009 2123 2477 2173 conservantur:
2515 2123 2579 2172 ut
2634 2117 2891 2173 viderem
2921 2118 2978 2172 in
3029 2117 3313 2189 patientia
3367 2116 3656 2189 ipsarum,

2010 2224 2131 2278 quas
2164 2205 2340 2262 veluti
2373 2210 2576 2277 partus
2606 2205 2845 2277 quidam
2871 2223 2939 2262 ex
2967 2206 3348 2261 tribulatione
3373 2212 3655 2277 tanquam

2008 2312 2077 2351 ex
2105 2301 2365 2351 torrente
2423 2294 2811 2350 tentationum
2870 2294 3195 2367 (tribulatio
3228 2295 3384 2349 enim
3440 2294 3658 2365 patien-

2009 2385 2151 2439 tiam
2183 2385 2477 2455 operatur)
2531 2384 2618 2441 vel
2680 2402 2782 2456 per
2826 2385 3143 2457 gratiarum
3194 2384 3507 2449 actionem,
3566 2381 3654 2438 vel

2009 2492 2111 2547 per
2140 2474 2618 2530 lamentationem
2680 2474 2920 2529 offertur
2968 2473 3072 2529 tibi
3124 2491 3240 2529 non
3291 2473 3518 2539 acerbe,
3551 2473 3655 2528 sed

2010 2564 2221 2619 medici
2256 2579 2415 2618 more
2448 2563 2821 2634 castigantis;
2856 2568 2919 2618 ut
2950 2563 3202 2618 viderem
3236 2579 3465 2629 rursus,
3499 2578 3572 2617 an
3607 2562 3654 2617 is

2010 2653 2111 2725 qui
2170 2654 2226 2708 in
2280 2651 2603 2723 Evangeliis
2637 2652 2828 2707 dixit:
2864 2654 2970 2723 Ego
3026 2669 3149 2707 sum
3195 2652 3405 2721 vitis”,
3437 2650 3498 2705 in
3548 2651 3656 2704 hac

2011 2743 2293 2815 patientia
2320 2749 2598 2814 appareat
2651 2740 2804 2796 sicut
2862 2740 2967 2796 ﬂos
3028 2741 3181 2797 botri
3234 2740 3437 2795 vinum
3478 2742 3654 2793 natu-

2011 2849 2134 2885 ram
2168 2830 2641 2902 obstupefaciens
2699 2846 2800 2901 per
2856 2829 3184 2885 divinitatis
3241 2829 3489 2901 gratiam
3524 2844 3654 2899 pro-

2009 2919 2299 2975 ducentis.
2336 2921 2441 2985 Qui
2473 2918 2628 2974 enim
2682 2919 2870 2989 ipsam
2922 2936 3154 2991 quoque
3204 2922 3474 2973 naturam
3528 2932 3655 2988 pro-

2009 3011 2195 3081 priam
2228 3026 2327 3079 per
2357 3007 2699 3079 patientiam
2733 3007 3003 3078 despicit,
3036 3007 3360 3063 divinitatis
3399 3005 3649 3077 gratiam

2008 3102 2219 3154 natura
2270 3096 2734 3168 praestantiorem
2784 3097 3151 3166 adipiscitur.
3185 3098 3264 3151 An
3312 3097 3649 3167 ﬂloruissent

257 3210 368 3252 νους
397 3189 1263 3269 γλυκαινοῦσῶν,πεφυλαγμέναι
1298 3190 1390 3263 μὲν
1440 3193 1520 3262 τῷ
1567 3192 1661 3243 τοῦ
1720 3182 1891 3262 φόϐου

2004 3190 2153 3245 mala
2182 3190 2406 3259 punica.
2438 3189 2522 3240 An
2556 3186 2704 3257 (qua:
2736 3187 2923 3241 instar
2955 3185 3244 3241 malorum
3278 3185 3645 3257 punicorum.

257 3299 339 3333 σου
386 3286 714 3348 στυπτικῶς,
774 3279 1155 3358 εὐφραίνουσαι
1212 3277 1268 3334 δὲ
1345 3278 1472 3342 τοὺς
1528 3276 1893 3353 γευσαμένους

254 3372 313 3441 τῇ
340 3376 437 3439 τῆς
470 3370 545 3432 είς
581 3371 638 3424 σὶ
672 3368 896 3431 ἐλπίδος
941 3367 1243 3444 γλυκύτητι
1300 3367 1521 3442 ἀρεταί·
1584 3364 1797 3435 δηλαδή
1854 3368 1889 3435 ἠ

256 3459 504 3532 φρόνησις
532 3459 624 3513 καὶ
656 3462 691 3528 ἡ
738 3459 1057 3530 ἀκεραιὸτης
1119 3456 1274 3527 δίκην
1335 3458 1623 3521 ἀνθοῦντος
1681 3458 1891 3530 καρποῦ

254 3542 559 3622 ὶδείχθησαν
598 3548 650 3603 ἐν
678 3552 747 3621 τῇ
786 3549 1060 3622 ὑπομονῇ·
1096 3549 1129 3616 ἡ
1177 3548 1272 3619 μὲν
1324 3545 1611 3624 φρόνησις,
1659 3546 1758 3613 τὴν
1819 3543 1891 3606 εἷς

254 3635 525 3706 σὶπίστιν,
560 3637 633 3701 ὥς
658 3658 782 3692 τινα
821 3636 1063 3715 κεφαλὴν
1126 3637 1231 3691 ἀπὸ
1283 3640 1378 3691 τοῦ
1428 3636 1627 3711 ἐχθροῦ
1685 3632 1892 3708 φυλᾶτ-

252 3743 404 3779 τουσα
432 3724 692 3801 ἄτρωτον·
729 3729 763 3794 ἡ
800 3723 845 3780 δ’
873 3724 1219 3801 ἀκεραιότης,
1246 3725 1344 3794 τὴν
1391 3724 1465 3786 είς
1512 3725 1603 3779 τὸν
1654 3723 1888 3793 πλησίον

254 3812 451 3888 ἀγάπην
504 3815 795 3870 ἀσάλευτον
825 3813 876 3868 ἐν
935 3820 1056 3876 ταῖς
1098 3820 1205 3869 τῶν
1263 3818 1578 3889 πειρασμῶν
1613 3812 1889 3874 ποικίλαις

255 3899 581 3979 ἂπαγωγαῖςο
642 3904 819 3965 καθὼς
881 3903 1038 3965 αὐτὸς
1095 3904 1146 3958 ἂν
1208 3901 1563 3978 Εὐαγγελίοις
1623 3900 1843 3977 εἶ’ρηκας
1873 3919 1887 3933 ·

256 3988 383 4048 Ἰδοὺ
435 3991 539 4067 ἐγὼ
583 3992 911 4049 ἀποστέλλω
966 3994 1129 4065 ὑμᾶς,
1164 3993 1236 4054 ὡς
1298 3986 1542 4065 πρόϐατα
1595 3989 1695 4063 [ἐν]
1746 3989 1891 4063 μέσῳ

256 4076 442 4137 λύκων.
503 4082 717 4146 Γίνεσθε
770 4080 860 4136 οὖν
921 4082 1180 4157 φρόνιμοι
1235 4082 1308 4142 ὡς
1339 4082 1391 4135 οἱ
1424 4076 1592 4158 ὄφεις,
1626 4080 1712 4134 καὶ
1769 4080 1889 4134 ἆκέ-

253 4188 386 4239 ραιοι
417 4172 490 4233 ὡς
521 4171 574 4225 αἱ
607 4170 937 4245 περιστεραί.
972 4203 1041 4212 -
1070 4172 1220 4227 Ἐκεῖ
1264 4167 1423 4224 δώσω
1471 4170 1597 4231 τοὺς
1655 4167 1889 4241 μαστούς

258 4257 351 4326 μού
382 4279 485 4315 σοι.
518 4261 737 4321 Πάντως
774 4259 825 4314 ἐν
855 4264 936 4331 τῷ
967 4258 1242 4333 εἰρημένῳ
1286 4260 1450 4331 κήπῳ
1503 4262 1611 4313 τῶν
1666 4258 1887 4333 ἀρετῶν,

256 4343 309 4407 ὃς
336 4343 468 4399 ὶστιν
500 4348 553 4402 αἱ
588 4347 637 4401 ἐν
695 4348 917 4411 ταύταις
964 4347 1359 4425 πεφυτευμέναι
1422 4349 1738 4422 μαθήτριαι,
1788 4347 1887 4413 τὴν

252 4428 318 4490 εἷς
370 4431 528 4494 αὐτὰς
588 4434 786 4502 ἠθικήν
841 4434 930 4487 καὶ
977 4435 1206 4511 φυσικὴν
1262 4431 1607 4488 διδασκαλίαν
1647 4454 1771 4505 μου,
1804 4435 1887 4493 αἷς

253 4521 429 4596 οἷάπερ
459 4522 688 4598 γάλακτι
723 4528 923 4601 φυσικῇ
957 4524 1045 4578 καὶ
1087 4523 1428 4595 καταλλήλῳ
1470 4526 1648 4598 τροφῇ
1688 4522 1883 4583 ταύτας

250 4608 523 4683 τρέφουσα.
562 4612 846 4687 προστάξω
878 4633 963 4667 σοι
1010 4617 1089 4685 τῷ
1138 4613 1380 4690 νυμφίῳ,
1413 4612 1488 4675 ὡς
1534 4610 1772 4675 ἐντεῦθεν
1826 4610 1888 4665 τὸ

252 4699 333 4752 σόν
360 4721 418 4754 τε
477 4706 710 4756 ποιοῦσα
768 4700 988 4774 θέλημα
1034 4701 1122 4757 καὶ
1155 4702 1238 4756 σοὶ
1288 4704 1382 4763 τὰς
1445 4699 1889 4775 μαθητευομὲνας

254 4808 337 4857 μοι
388 4794 753 4866 προσάγονσα.
813 4792 946 4847 Εἶτα
1002 4790 1302 4869 στρέφουσα
1378 4792 1467 4845 τὸν
1535 4790 1699 4865 λόγον
1754 4791 1888 4865 πρὸς

249 4875 336 4937 τὰς
367 4877 806 4951 μαθητευομὲνας
855 4878 1027 4933 οἷόνεί
1076 4900 1209 4953 φησι
1271 4878 1407 4955 πρὸς
1465 4878 1649 4949 αὐτὰς,
1685 4879 1793 4948 ὅτι,
1826 4878 1890 4932 Εἰ

248 4966 327 5018 καὶ
388 4962 719 5043 συγκατέϐην
782 4968 911 5041 ὑμῖν
970 4966 1028 5023 ἐκ
1056 4973 1152 5023 τοῦ
1188 4969 1587 5042 μυστικώτερον
1648 4970 1775 5043 ὁρᾷν
1836 4965 1887 5021 ἐν

249 5052 400 5128 ἑαυτῇ
450 5057 539 5111 τὸν
570 5059 807 5134 νυμφίον
847 5078 974 5129 μου,
1006 5056 1081 5119 εἷς
1112 5058 1174 5111 τὸ
1236 5058 1525 5120 θεάσασθαι
1582 5056 1740 5112 αὑτὸν
1800 5056 1890 5111 καὶ

247 5141 295 5195 ἐν
351 5145 499 5217 ὑμῖν,
560 5147 636 5208 ὡς
670 5144 883 5221 εἷ’ρηκα.
920 5144 1099 5201 Ἀλλὰ
1137 5145 1238 5200 οὐκ
1293 5144 1429 5220 ἔγνω
1482 5147 1516 5215 ἡ
1568 5148 1720 5221 ψυχή
1759 5168 1884 5219 μου.

247 5230 463 5303 Δηλαδή
495 5235 647 5291 οῧπω
685 5234 991 5307 ἐθεασάμην
1038 5234 1197 5289 αὑτὸν
1244 5234 1299 5289 ἐν
1353 5236 1501 5307 ὑμῖν,
1537 5236 1610 5297 ὡς
1667 5236 1742 5307 μή
1809 5257 1891 5291 τε·

246 5319 554 5388 λειωθείσας
638 5323 716 5379 ἔτι
789 5325 927 5379 κατὰ
996 5319 1226 5400 Χριστόν
1265 5343 1276 5355 ·
1338 5324 1495 5386 οὗτος
1558 5320 1603 5377 δ’
1653 5323 1889 5378 ἐντεῦθεν

244 5404 384 5464 ἔθετό
440 5433 501 5483 με
548 5414 765 5488 ἅρματα
827 5408 1128 5486 Ἀμιναδάϐ
1164 5431 1175 5443 ⁸
1229 5412 1422 5479 εἶτουν,
1500 5412 1768 5481 πεποίηκέ
1829 5434 1895 5485 με

245 5495 496 5573 ὀχήματα
544 5503 761 5571 ἑαυτοῦ,
810 5502 882 5563 ὡς
946 5507 1066 5565 ταῖς
1098 5499 1471 5563 διδασκαλίαις
1500 5502 1761 5578 φέρουσαν
1795 5503 1892 5558 αὖ·

1402 5681 1447 5717 "
1478 5680 1641 5738 Cant.
1676 5698 1774 5751 vn,
1806 5682 1863 5738 2.

309 5680 353 5716 το
379 5680 544 5738 Joan.
578 5698 673 5751 xv,
701 5682 757 5739 5.
834 5684 875 5719 τί
913 5682 1120 5740 Matth.
1152 5700 1207 5754 x,
1242 5682 1326 5739 16.

2003 3278 2219 3350 quibus
2244 3279 2438 3331 cortex
2458 3275 2691 3346 quidem
2716 3275 3077 3330 extrinsecus
3102 3275 3264 3329 adest
3287 3272 3646 3344 astringendi

2000 3368 2121 3422 vim
2140 3366 2385 3431 habens,
2410 3364 2769 3419 intrinsecus
2818 3368 3015 3419 autem
3060 3364 3214 3418 inest
3261 3363 3488 3417 fructus
3510 3377 3643 3431 gus-

2001 3456 2264 3513 tantibus
2304 3452 2668 3509 dulcedinem
2696 3453 2966 3525 atterens)
3000 3452 3242 3507 virtutes
3272 3451 3385 3506 illa:
3415 3450 3646 3506 timoris

2003 3546 2088 3602 tui
2121 3544 2458 3601 austeritate
2489 3547 2866 3610 conservata),
2898 3541 3265 3614 gustantium
3290 3544 3482 3595 autem
3518 3540 3646 3594 ani-

2003 3652 2129 3692 mos
2174 3634 2295 3706 spei
2332 3633 2388 3688 in
2426 3637 2478 3688 te
2510 3631 2823 3687 dulcedine
2854 3631 3229 3695 delectantes,
3265 3643 3473 3701 nempe
3506 3646 3647 3700 pru-

2003 3726 2202 3780 dentia
2234 3728 2290 3780 et
2320 3722 2672 3795 simplicitas
2704 3722 2777 3777 ad
2810 3720 3263 3777 similitudinem
3296 3720 3523 3775 fructus
3545 3719 3647 3774 ﬂo-

2002 3814 2283 3871 rescentis
2306 3816 2601 3867 exstarent
2624 3812 2683 3866 in
2711 3811 2994 3883 patientia
3022 3827 3032 3865 :
3058 3810 3371 3880 prudentia
3409 3809 3646 3880 quidem

2000 3905 2177 3959 fidem
2238 3920 2373 3973 erga
2438 3906 2490 3956 te
2540 3902 2611 3956 ab
2673 3900 2861 3956 bostis
2920 3900 3178 3967 ictibus,
3236 3898 3413 3955 veluti
3473 3900 3649 3969 caput

2002 3993 2299 4063 quoddam
2355 3990 2654 4061 integrum
2715 4006 2955 4045 servans
2992 4005 3003 4044 :
3041 3988 3393 4060 simplicitas
3451 3991 3643 4042 autem

2000 4080 2370 4137 dilectionem
2405 4095 2543 4151 erga
2574 4080 2907 4150 proximum
2944 4078 3001 4133 in
3048 4078 3226 4134 variis
3257 4075 3646 4132 tentationum

1998 4170 2424 4227 invasionibus.
2476 4168 2980 4232 Quemadmodum
3031 4167 3091 4222 in
3141 4165 3472 4238 Evangeliis
3521 4163 3649 4235 ipse

2000 4259 2199 4314 dixisti
2253 4276 2265 4313 :
2330 4259 2463 4313 Ecce
2518 4259 2673 4313 mitto
2732 4274 2822 4313 vos
2878 4258 3019 4312 sicut
3077 4272 3203 4312 oves
3259 4258 3404 4310 inter
3469 4254 3645 4325 lupos.

1998 4351 2175 4404 Estote
2194 4364 2321 4419 ergo
2378 4346 2668 4418 prudentes
2724 4349 2863 4402 sicut
2918 4355 3217 4418 serpentes,
3277 4348 3327 4400 et
3372 4344 3648 4415 simplices

1997 4440 2135 4492 sicut
2190 4438 2548 4493 columba“.
2585 4467 2648 4478 -—
2681 4438 2805 4491 Illic
2860 4436 2995 4491 dabo
3054 4436 3157 4490 (ibi
3212 4434 3380 4489 ubera
3438 4449 3559 4487 mea
3580 4432 3643 4484 ⁷³.

2003 4527 2062 4580 In
2098 4542 2163 4579 eo
2196 4524 2477 4579 nimirum
2538 4523 2823 4578 virtutum
2876 4524 3043 4577 horto
3094 4537 3268 4593 quem
3314 4520 3477 4584 dixit,
3520 4534 3649 4590 quae

2001 4619 2140 4669 sunt
2187 4613 2491 4684 discipulae
2552 4614 2609 4667 in
2671 4612 2816 4685 ipsis
2877 4612 3171 4684 pluntataz,
3217 4608 3540 4665 naturalem
3592 4612 3648 4662 et

2001 4703 2281 4759 moralem
2308 4703 2631 4758 doctrinam
2656 4718 3137 4772 meam,quarum
3161 4698 3329 4770 quasi
3353 4703 3558 4753 mutuo
3582 4714 3646 4753 ac

2002 4790 2252 4845 naturali
2280 4790 2533 4862 quodam
2564 4789 2732 4845 lactis
2772 4790 2900 4844 cibo
2937 4788 3095 4860 ipsas
3128 4786 3347 4856 nutrio,
3381 4784 3646 4857 praebebo

2002 4879 2104 4935 tibi
2136 4896 2373 4951 sponso,
2408 4896 2474 4934 ea
2506 4879 2727 4934 ratione
2759 4878 3175 4949 obtemperans
3205 4873 3489 4931 voluntati
3510 4878 3645 4939 tuae,

2001 4974 2171 5039 atque
2209 4968 2340 5022 illas
2400 4967 2508 5021 tibi
2570 4984 2602 5021 a
2651 4983 2741 5022 me
2775 4967 3084 5023 institutas
3141 4965 3460 5020 adducens.
3495 4964 3645 5018 Tum

2002 5058 2071 5114 ad
2133 5055 2456 5128 discipulae
2515 5060 2858 5112 convertens
2917 5070 3298 5112 sermonem:
3342 5052 3643 5120 Descendi,

2001 5146 2237 5218 inquit,
2297 5146 2367 5201 ad
2426 5162 2526 5201 vos
2586 5146 2656 5201 ab
2715 5144 2815 5201 illa
2876 5146 3062 5218 magis
3118 5160 3333 5200 arcana
3386 5141 3646 5215 specula-

2001 5236 2160 5292 tione
2190 5251 2303 5306 qua
2352 5251 2634 5306 sponsum
2688 5251 2881 5290 meum
2941 5235 2999 5289 in
3061 5250 3154 5289 me
3210 5232 3338 5305 ipsa
3385 5236 3648 5288 contem-

2003 5326 2151 5398 pler,
2176 5329 2242 5379 ut
2294 5324 2551 5379 viderem
2585 5324 2781 5397 ipsum
2811 5324 2867 5378 in
2900 5324 3083 5391 vobis,
3145 5322 3645 5394 quemadmodum

2003 5414 2142 5469 dixi.
2202 5415 2310 5469 Sed
2371 5430 2486 5469 non
2546 5414 2707 5469 novit
2764 5413 2949 5468 anima
2999 5428 3149 5468 mea.
3181 5412 3453 5467 Nondum
3514 5428 3644 5483 pro-

2005 5504 2153 5560 fecto
2186 5502 2351 5559 illum
2386 5503 2441 5559 in
2476 5503 2639 5560 vobis
2672 5503 2958 5575 perspexi,
2991 5519 3120 5574 quae
3159 5502 3397 5574 quidem
3452 5500 3646 5557 adhuc
