4042 6198
341 336 458 399 66⁸7

1667 331 2097 395 MICHAELIS
2142 332 2411 394 PSELLI

3625 325 3746 387 668

342 467 609 541 perfectae
668 484 786 524 non
870 468 1013 526 estis
1097 466 1424 526 secundum
1502 464 1827 525 Christum.
1885 463 1988 521 Hic

2106 462 2191 519 τὸν
2219 463 2301 541 ἔφ’
2332 463 2525 533 ἑαυτῆς
2554 463 2693 540 πρὸς
2736 461 2875 537 ὑμᾶς
2908 459 3182 541 διαφόρως
3235 459 3326 517 καὶ
3377 455 3747 529 καταλλήλως

343 562 540 615 autem
614 557 830 615 idcirco
909 558 1107 630 posuit
1176 574 1273 615 me
1350 574 1557 613 currus
1635 555 1988 626 Aminadab,

342 647 453 703 hoc
483 651 593 717 est,
627 664 836 704 currus
890 663 984 702 me
1041 663 1183 703 suos
1240 646 1567 716 constituit,
1627 661 1757 715 quae
1806 643 1985 701 disci-

2104 553 2255 625 ὑμῖν.
2289 548 2588 625 Ἀμιναδὰό
2627 557 2752 629 γὰρ,
2784 549 2971 628 ἅρχων
3030 550 3187 623 λαοῦ,
3246 549 3596 625 ἰρμηνεύεται
3625 566 3639 580 ·
3688 545 3751 611 ὃς

2101 640 2209 696 ἐστι
2243 643 2477 715 Χριστὸς
2510 644 2538 697 ὁ
2568 642 2817 717 ἀρχηγὸς
2844 648 2945 711 τῆς
2978 639 3251 716 σωτηρίας
3280 642 3461 713 ⁴ἡμῶν.

343 753 544 826 plinis,
575 770 709 810 eum
737 754 796 809 in
830 769 921 809 me
953 754 1081 825 ipsa
1114 755 1184 809 ad
1219 770 1341 823 vos,
1377 752 1572 808 habita
1603 752 1889 823 cujusque
1917 754 2175 806 vestrum
2208 751 2451 821 ratione,
2482 752 2821 824 perferrem.
2846 750 3176 807 Aminadab
3208 749 3365 804 enim
3395 747 3745 818 interpreta—

346 858 497 914 mur,
525 843 802 914 Princeps
833 842 1054 915 populi,
1088 842 1186 912 qui
1219 840 1485 897 Christus
1515 844 1603 896 est
1624 844 1839 896 nostra;
1868 838 2079 895 salutis
2108 844 2331 898 auctor.

934 950 1117 1004 Trium
1146 951 1400 1004 Patrum.

417 1036 725 1110 Discipulae
755 1037 960 1092 dicunt
987 1038 1058 1092 ad
1093 1054 1371 1109 sponsam
1405 1051 1420 1091 :

418 1129 722 1194 Revertere,
774 1130 1047 1182 reuertere
1105 1126 1394 1182 Sutamitis
1437 1140 1450 1182 :
1492 1127 1781 1191 revertere,
1817 1138 1994 1180 rever-

346 1226 461 1274 τετε
486 1234 504 1270 .·
536 1218 585 1271 et
614 1216 959 1271 intuebimur
988 1218 1048 1270 in
1078 1222 1146 1271 te.

416 1306 498 1361 Ab
530 1322 754 1361 arcanae
806 1304 1317 1374 contemplationis
1368 1301 1734 1359 sublimitate
1764 1302 1833 1358 ad
1868 1318 1991 1358 mo-

343 1395 460 1452 lem
493 1399 748 1467 quatuor
790 1393 1147 1465 generalium
1183 1393 1463 1448 virtutum
1497 1391 1823 1447 doctrinam
1857 1392 1990 1447 des—

343 1486 546 1553 cende,
604 1488 780 1555 atque
830 1500 898 1539 ex
942 1481 1312 1554 quadruplici
1358 1497 1560 1537 earum
1603 1480 1849 1549 ratione,
1883 1496 1992 1536 nos

344 1591 474 1646 quas
504 1572 1020 1646 pertubationibus
1039 1570 1228 1628 adhuc
1257 1585 1719 1641 commovemur,
1750 1584 1885 1640 rege
1901 1574 1988 1626 at.

344 1680 461 1737 que
482 1662 748 1729 institue,
772 1678 804 1717 o
827 1659 1192 1728 Sulamitis,o
1216 1677 1344 1732 qua:
1362 1660 1435 1715 ab
1464 1658 1739 1715 omnibus
1761 1662 1989 1730 pertur-

340 1752 598 1809 bationis
630 1751 813 1807 libera
858 1749 1310 1821 tranquillitatis
1341 1753 1399 1805 et
1445 1747 1608 1821 pacis
1638 1764 1852 1804 nomen
1882 1747 1988 1805 ha-

341 1842 481 1910 bes;
509 1843 566 1897 et
589 1856 657 1896 ea
684 1839 1081 1911 spectabimus
1109 1838 1169 1896 in
1201 1842 1278 1906 te,
1310 1854 1433 1910 quae
1462 1841 1697 1909 propter
1727 1841 1987 1893 nostram

341 1930 847 2002 imperfectionem
871 1929 1062 1986 adhuc
1083 1929 1141 1984 in
1173 1928 1343 1985 nobis
1364 1944 1479 1984 non
1509 1926 1785 1983 vidimus.
1819 1927 1987 1991 Quae-

341 2020 419 2076 rit
448 2024 645 2077 autem
677 2037 711 2075 a
740 2018 1051 2092 discipulis
1084 2035 1322 2092 sponsa,
1341 2018 1549 2090 Ecquid
1570 2018 1629 2073 in
1648 2016 1989 2074 Sutamitide

339 2124 467 2183 qua:
494 2110 641 2166 venit
663 2109 804 2166 sicut
831 2110 989 2166 chori
1017 2108 1395 2177 castrorum”,
1419 2107 1540 2163 sint
1560 2104 1986 2180 conspectum?

339 2198 634 2264 Quidnam
663 2197 1041 2270 conspicietis
1072 2197 1132 2254 in
1160 2214 1252 2253 me
1280 2197 1525 2270 pacifica
1556 2196 1644 2268 (ut
1693 2212 1821 2267 quas
1869 2211 1986 2251 non

338 2288 593 2360 amplius
620 2304 724 2359 per
752 2287 1063 2357 actionem,
1098 2286 1156 2341 iu
1190 2286 1390 2342 hostili
1431 2286 1774 2355 certamine,
1806 2284 1987 2340 animi

339 2376 705 2433 affectionem
765 2393 867 2448 per
925 2393 1138 2447 corpus
1191 2376 1455 2445 ostendo,
1491 2375 1589 2431 sed
1650 2374 1873 2431 ratione
1932 2377 1989 2429 et

340 2464 586 2522 scientia
616 2469 854 2537 propter
904 2466 1319 2536 perfectionem
1371 2464 1525 2519 veris
1556 2462 1614 2518 in
1652 2465 1823 2519 bonis
1854 2478 1985 2532 per-

340 2555 593 2625 maneo),
644 2570 770 2624 quae
822 2570 890 2609 ex
938 2554 1446 2625 perturbationum
1495 2552 1649 2608 bello
1683 2551 1989 2623 multiplex

340 2644 535 2711 redeo,
561 2642 714 2698 sicut
755 2642 917 2698 chori
969 2644 1206 2714 quidam
1239 2660 1307 2698 ex
1343 2641 1540 2714 praelio
1571 2640 1986 2698 revertentium

337 2732 597 2788 victoria“:
629 2732 982 2802 praeconium
1014 2731 1374 2787 celebrantes
1395 2731 1422 2786 ?
1454 2731 1599 2787 Cum
1630 2731 1787 2787 enim
1837 2734 1988 2787 stre-

340 2836 456 2877 nue
484 2837 587 2877 vos
618 2820 676 2875 in
701 2821 1020 2877 certamine
1050 2820 1328 2877 adversus
1348 2820 1801 2889 vitia,virtutum
1825 2819 1988 2876 insti-

346 2910 492 2967 tutis
521 2914 578 2965 et
608 2910 872 2965 moribus
900 2910 1227 2982 gesseritis,
1250 2909 1740 2983 horum:raliones
1773 2909 1857 2966 uti
1880 2910 1990 2965 vic-

338 2999 499 3055 toriae
530 2997 737 3056 laudes
777 2999 919 3057 scite
950 3000 1283 3056 concinitis.

928 3179 1111 3233 Trium
1140 3179 1395 3234 Patrum.

404 3265 716 3339 Discipulee
737 3273 931 3324 autem
965 3284 1243 3339 sponsam
1268 3268 1353 3323 sic
1373 3266 1667 3339 incipiunt
1682 3265 1983 3323 collauda-

331 3372 390 3412 re
415 3372 428 3410 :
455 3358 631 3425 Quam
657 3358 885 3430 pulchri
906 3360 1043 3429 [acti
1055 3366 1185 3414 sunt
1216 3372 1428 3429 gressus
1454 3358 1539 3413 tui
1572 3358 1630 3412 in
1654 3357 1989 3413 calceamen-

328 3446 551 3518 ti:,ﬁtia
571 3448 1117 3505 Nadathirabilem
1143 3448 1462 3503 ostendunt
1482 3445 1980 3519 pulchritudinem

332 3551 571 3609 gressus
595 3537 705 3604 tui,
726 3537 945 3609 quibus
963 3541 1020 3593 te
1052 3537 1222 3593 nobis
1253 3553 1354 3609 per
1381 3536 1665 3591 virtutum
1723 3536 1985 3592 actiones

333 3627 766 3696 accommodas,
802 3643 916 3697 quo
952 3627 1008 3681 in
1042 3641 1246 3681 earum
1306 3626 1572 3681 moribus
1602 3631 1883 3695 tanquam
1924 3624 1982 3679 in

334 3714 749 3770 calceamentis
781 3715 1081 3784 incedens,
1114 3732 1216 3786 per
1272 3731 1484 3786 corpus
1530 3730 1630 3769 eas
1677 3714 1844 3769 nobis
1872 3713 1983 3769 im-

334 3803 605 3876 perfectis
638 3804 1031 3869 demonstres,
1077 3807 1141 3858 ut
1173 3804 1244 3857 ad
1280 3805 1547 3858 virtutem
1597 3801 1987 3858 informemur

334 3891 596 3962 exemplo
654 3896 756 3947 tuo
816 3892 939 3947 tilia
995 3890 1392 3963 Dei:quippe
1445 3907 1595 3963 quea,
1655 3896 1720 3946 ut
1779 3892 1983 3963 patris,

336 3980 508 4036 audis
540 3997 842 4035 sermones
872 3981 1021 4052 ejus,
1056 3980 1158 4052 qui
1189 3981 1487 4049 omnibus,
1509 3980 1743 4036 etiamsi
1777 3981 1983 4047 nolint,

336 4069 464 4139 tibi,
483 4073 677 4125 autem
705 4069 905 4125 volens
931 4070 1290 4125 dominatur.
1318 4070 1519 4125 Nadab
1532 4070 1687 4126 enim
1720 4075 1809 4127 est
1831 4070 1988 4143 prin-

338 4173 492 4228 ceps,
518 4158 637 4214 sive
660 4159 796 4227 dux,
840 4160 942 4231 qui
983 4162 1191 4231 sponte
1226 4160 1498 4231 imperat.
1532 4159 1625 4215 Sic
1655 4164 1850 4217 autem
1885 4176 1988 4232 per

336 4247 608 4303 virtutem
633 4248 863 4319 pulchri
898 4253 1038 4304 sunt
1056 4264 1294 4319 gressus
1317 4248 1573 4321 tui,quia
1591 4250 1988 4306 concinnitates

334 4341 605 4407 femorum
635 4345 856 4393 tuorum
903 4342 1043 4393 sunt
1070 4339 1217 4394 sicut
1251 4338 1509 4405 monilia,
1556 4355 1676 4410 quae
1713 4338 1989 4409 fabricata

335 4429 465 4480 sunt
521 4442 694 4481 manu
749 4428 1010 4498 artiﬁcis.
1081 4427 1255 4484 Recte
1312 4426 1583 4483 videlicet
1646 4427 1987 4498 rationeque

336 4514 643 4586 compositi
676 4520 873 4571 motus
922 4518 1319 4589 potentiarum
1378 4517 1439 4571 in
1499 4516 1877 4589 generatione
1921 4533 1987 4573 ao

340 4604 715 4675 corruptione
768 4606 1217 4662 consistentium
1250 4605 1601 4678 (cupidatem
1652 4609 1828 4677 atque
1870 4606 1987 4661 ira-

344 4692 619 4748 cundiam
651 4692 806 4767 dico)
836 4696 1008 4767 quasi
1036 4694 1110 4750 ab
1136 4694 1357 4750 artifice
1387 4694 1630 4763 ratione,
1664 4696 1736 4750 ab
1767 4694 1841 4750 iis
1862 4710 1988 4766 quis

344 4786 701 4853 generantur
733 4788 792 4839 et
823 4788 1302 4855 corrumpuntur,
1336 4783 1406 4839 ad
1439 4782 1744 4855 superiora
1770 4783 1989 4852 inﬂexi,

344 4871 573 4928 similes
592 4878 732 4929 sunt
746 4873 1065 4929 monilibus
1079 4874 1369 4929 artificum
1388 4872 1723 4930 fabrefactis
1737 4874 1993 4948 etﬁgura

346 4961 530 5018 ﬂexis.
563 4962 953 5027 Quamobrem
975 4966 1031 5018 et
1065 4963 1362 5018 umbilicus
1401 4970 1527 5018 tuus
1546 4972 1728 5019 crater
1748 4966 1993 5020 εον-ηαιί-

345 5048 435 5116 lis,
468 5066 587 5105 non
618 5049 891 5121 indigens
920 5049 1145 5121 poculo.
1187 5049 1438 5105 Omnino
1467 5051 1551 5106 vis
1581 5052 1859 5108 sensitiva
1890 5057 1994 5109 tua

347 5138 473 5209 (per
503 5154 702 5209 quam,
729 5144 793 5193 ut
816 5155 919 5211 per
941 5138 1286 5194 umbilicum
1314 5139 1508 5194 infans
1528 5138 1587 5194 in
1612 5146 1775 5196 utero
1795 5158 1993 5197 rerum

347 5225 717 5281 sensibilium
742 5226 1162 5299 speculatione,
1190 5232 1252 5282 tu
1278 5227 1345 5281 ab
1379 5228 1641 5282 omnium
1674 5234 1860 5285 matre
1908 5246 1995 5286 sa-

348 5314 569 5386 pientia
599 5316 1023 5387 comprehensa
1052 5321 1109 5372 et
1137 5317 1358 5371 malitia
1374 5317 1608 5387 parvula
1629 5318 1673 5352 7‘
1713 5318 1993 5373 naturali-

350 5407 440 5458 ter
462 5403 731 5475 nutriris)
762 5405 1195 5477 receptaculum
1219 5410 1309 5459 est
1329 5404 1615 5461 naturalis
1638 5423 1831 5461 rerum
1855 5407 1993 5464 visi-

352 5490 561 5549 bilium
596 5493 969 5566 cognitionis,
1002 5498 1159 5550 recte
1184 5492 1379 5565 gladio
1414 5492 1666 5565 Spiritus
1699 5501 1991 5555 exsectum

418 5671 464 5708 ⁷³
492 5670 659 5729 Cant.
693 5687 793 5745 vn,
830 5672 881 5728 1.
958 5670 1050 5726 ⁷⁸1
1081 5669 1211 5727 Cor.
1245 5686 1359 5740 xxv,
1390 5670 1480 5726 20.

2659 948 2783 1003 Τῶν
2812 947 2857 1021 γ’
2896 944 3169 1020 Πατὲρων.

2171 1035 2239 1093 Ai
2272 1032 2329 1091 δὲ
2364 1034 2657 1111 μαθήτριαί
2688 1056 2814 1112 φασι
2846 1036 2981 1110 πρὸς
3008 1035 3108 1103 τὴν
3138 1032 3355 1111 νύμφην
3375 1052 3387 1066 ·

2174 1124 2508 1202 Ἐπίστρεφε,
2565 1124 2872 1200 ἐπίστρεφε,
2929 1126 2964 1194 ἡ
3026 1122 3387 1196 Σουλαμῖτις,
3443 1119 3751 1199 ἆπίστριφε,

2102 1213 2404 1292 ἐπίστρεφε,
2435 1213 2525 1269 καὶ
2562 1212 2808 1287 ὀψόμεθα
2837 1212 2889 1296 tv
2924 1212 3030 1269 σοί.

2174 1309 2352 1373 "II-rm,
2412 1297 2801 1381 συγκατάϐαινε
2883 1302 2987 1358 ἀπὸ
3050 1304 3149 1357 τοῦ
3216 1299 3384 1374 ὕψους
3465 1305 3567 1368 τῆς
3642 1318 3749 1371 μυε-

2102 1399 2292 1462 στικῆς
2326 1392 2554 1469 θεωρίας
2585 1390 2723 1469 πρὸς
2770 1392 2870 1460 τὴν
2922 1388 3013 1447 διὰ
3056 1394 3162 1448 τῶν
3204 1389 3475 1462 τεσσάρων
3522 1390 3749 1461 γενικῶν

2101 1481 2305 1557 ἀρετῶν
2361 1482 2559 1552 ἠθικὴν
2622 1479 2974 1537 διδασκαλίαν
3033 1482 3214 1552 ἡμῶν.
3262 1478 3757 1552 Συμμετριάζουσα

2099 1572 2239 1627 κατὰ
2262 1572 2360 1635 τὰς
2400 1570 2693 1644 εἰρημένας
2755 1570 2948 1645 ἀρετὰς
2998 1571 3281 1643 τετραχῶς
3332 1571 3454 1629 ταῖς
3511 1564 3591 1620 ἔτι
3647 1566 3755 1621 ὑπὸ

2101 1665 2285 1724 παθῶν
2349 1657 2721 1736 ὀχλουμὲναις
2776 1660 3003 1731 ἡμῖν,ή
3063 1654 3133 1712 δι’
3170 1657 3428 1721 ἀπάθειαν
3489 1652 3758 1729 ἐρμηνεῦο

2101 1768 2252 1804 ουσα·
2302 1750 2338 1819 ἡ
2391 1746 2729 1822 Σουλαμῖτις
2775 1748 2903 1823 γὰρ,
2944 1745 3313 1823 εἴρηνεύουσα,
3346 1742 3698 1819 ἂρμηνεῦεται
3734 1759 3748 1775 ’

2094 1839 2184 1894 καὶ
2234 1837 2534 1911 θεασόμεθα
2589 1837 2643 1893 ὲν
2700 1834 2785 1893 σοὶ
2842 1835 2877 1890 ἃ
2931 1836 3101 1909 μήπω
3144 1834 3199 1893 ὲν
3229 1835 3444 1896 ἑαυταῖς
3499 1832 3750 1909 ἑωράκα-

2097 1948 2194 2002 μεν
2282 1924 2371 1982 διὰ
2424 1927 2525 1994 τὴν
2591 1926 2860 1999 ἡμετέραν
2922 1923 3191 1981 ἀτίλειαν.
3249 1927 3457 1998 Ἐρωτᾷ
3510 1918 3559 1978 δ’
3608 1920 3749 1991 αὕτη

2094 2015 2259 2080 αὐτάς
2296 2035 2309 2049 ’
2369 2018 2429 2072 Τί
2487 2011 2681 2089 ὄψεσθε
2753 2012 2805 2068 ἐν
2876 2017 2946 2088 τῇ
3015 2008 3375 2087 Σουλαμίτιδι
3411 2055 3427 2082 ,
3483 2013 3519 2082 ἡ
3573 2010 3747 2087 ἄρχο-

2097 2105 2232 2181 μινη
2293 2107 2369 2169 ὡς
2451 2105 2616 2182 χοροὶ
2672 2107 2777 2159 τῶν
2854 2097 3264 2177 παρεμϐολῶν,
3315 2099 3515 2177 ἤγουν,
3562 2099 3633 2161 Τί
3693 2099 3746 2161 ἒν

2095 2194 2218 2270 ἐμοὶ
2280 2193 2531 2271 θεάσεσρε
2585 2195 2656 2267 τῇ
2714 2191 3095 2267 είρηνιυούσῃς
3157 2191 3232 2256 ὡς
3304 2188 3497 2264 μηκᾶτι
3573 2186 3749 2245 πολε-

2099 2289 2270 2359 μικῶς
2328 2283 2417 2339 καὶ
2474 2283 2847 2358 ἀγωνιστικῶς
2905 2280 3039 2337 κατὰ
3100 2280 3292 2353 πρᾶξιν
3347 2280 3446 2349 τήν
3505 2298 3751 2353 κεκρυμ-

2099 2373 2263 2448 μένην
2310 2393 2415 2446 μου
2491 2370 2724 2427 διάθεσιν
2780 2369 3084 2448 φανερούσῃ
3144 2366 3234 2424 διὰ
3283 2372 3380 2423 τοῦ
3438 2366 3700 2441 σώματος
3734 2385 3748 2398 ·

2094 2461 2239 2519 ἀλλᾶ
2270 2462 2506 2537 λογικῶς
2564 2460 2655 2518 καὶ
2711 2463 3026 2533 γνωστικῶς
3083 2462 3199 2520 τοῖς
3256 2456 3477 2528 ἀληθῶς
3522 2457 3751 2532 ἀγαθοῖς

2096 2549 2405 2626 ὶμμενούσῃ
2462 2547 2551 2606 διὰ
2604 2548 2944 2620 τελειότητα,
3013 2549 3047 2618 ἠ
3109 2546 3168 2603 ἐκ
3229 2550 3323 2601 τοῦ
3391 2550 3500 2601 τῶν
3558 2543 3750 2608 παθῶν

2094 2640 2344 2715 πολέμου
2405 2638 2813 2715 ἐπανερχομὲνη
2868 2636 3119 2708 πληθύςο
3184 2635 3365 2711 ὥσπερ
3429 2635 3572 2698 τινὶς
3626 2633 3756 2688 ἑπι-

2094 2730 2299 2794 νικίους
2328 2727 2546 2801 ᾅδοντες
2576 2727 2779 2802 ὕμνους
2805 2726 2968 2803 χοροὶ
2998 2730 3105 2782 τῶν
3163 2726 3223 2781 ἐκ
3264 2723 3519 2798 πολέμου
3578 2722 3752 2779 ἐπαν-

2096 2820 2430 2895 ερχομὲνων.
2483 2817 2749 2880 Γενναίως
2805 2819 2907 2893 γὰρ
2966 2814 3017 2871 ἐν
3071 2819 3151 2887 τῷ
3205 2815 3501 2870 κατὰ,τῶν
3554 2816 3750 2877 παθῶν

2094 2909 2330 2982 πολὲμῳ
2410 2904 2805 2985 ἆγωνισᾶμεναι
2884 2905 3020 2962 κατὰ
3108 2903 3238 2969 τοὺς
3316 2904 3552 2979 τρόπους
3634 2905 3751 2957 τῶν

2095 2999 2319 3075 ἀρετῶν,
2380 2997 2456 3060 ὡς
2514 2994 2813 3058 ἐπινικίους
2870 2994 3073 3069 ὕμνους
3098 2993 3226 3056 τοὺς
3278 2992 3484 3050 τούτων
3540 2989 3753 3067 λόγους

2094 3087 2247 3161 ᾄδετε
2276 3091 2611 3164 γνωστικῶς.

2656 3178 2773 3230 Τῶν
2799 3174 2845 3251 γ’
2875 3173 3149 3250 Πατὲρων.

2165 3266 2233 3323 Al
2268 3263 2325 3321 δὲ
2359 3266 2655 3340 μαθήτριαι
2697 3263 2791 3319 τὸν
2850 3269 2949 3333 τῆς
3008 3261 3226 3337 νύμφης
3286 3254 3501 3315 ἔπαινον
3560 3262 3751 3313 ποιεῖ-

2093 3366 2213 3420 σθαι
2268 3354 2671 3430 ἀπαρχόμεναι,
2701 3351 2828 3422 φασί
2853 3370 2867 3385 ⁸
2900 3351 2964 3407 Τί
3022 3351 3381 3427 ὡραιώθησαν
3430 3342 3755 3421 διαδήματά

2091 3466 2187 3500 του
2241 3443 2293 3500 ἐν
2352 3441 2686 3516 ὑποδήματι,
2745 3440 2981 3517 θύγατερ
3036 3434 3246 3495 Ναδάϐί
3281 3436 3566 3508 δηλονότι,
3601 3442 3751 3491 Θαυ-

2097 3535 2289 3608 μάσιον
2353 3530 2562 3595 κάλλος
2642 3528 2999 3587 ἱνδείκνυνται
3060 3529 3115 3585 αἱ
3177 3528 3315 3583 κατᾶ
3383 3526 3477 3588 τὰς
3556 3524 3756 3601 ἀρετὰς

2091 3616 2548 3699 συγκαταϐατικαὶ
2620 3622 2755 3696 πρὸς
2832 3622 2979 3693 ἡμᾶς
3048 3614 3265 3694 πορεῖαί
3341 3637 3437 3670 σου
3513 3613 3564 3671 ἰν
3628 3619 3752 3677 τοῖς

2090 3711 2295 3768 τούτων
2326 3712 2464 3767 κατὰ
2500 3712 2692 3785 πρᾶξιν
2738 3710 2988 3782 τρόποις,
3022 3706 3112 3771 οὓς
3170 3704 3359 3779 οἷάπερ
3418 3702 3754 3777 ὑποδήματα

2096 3798 2469 3870 ὑποδέδενται,
2523 3798 2614 3854 τίνα
2674 3796 2763 3853 διὰ
2819 3798 3074 3871 σώματος
3135 3792 3394 3871 δειχθῶσι
3448 3798 3567 3855 ταῖς
3627 3792 3752 3847 ἀτε-

2094 3889 2423 3963 λὲσινήμῖν,
2456 3888 2547 3945 καὶ
2578 3888 2915 3960 τυπωθῶμεν
2948 3886 3085 3963 πρὸς
3135 3886 3329 3961 ἀρετὴν
3373 3887 3453 3955 τῷ
3501 3881 3644 3937 κατὰ
3692 3881 3754 3935 σὲ

2091 3975 2511 4055 παραδείγματι.
2583 3977 2813 4054 θύγατερ
2904 3979 3038 4031 Θεοῦ
3069 3993 3081 4006 °
3140 3974 3215 4032 ὡς
3292 3970 3563 4028 ἀκούουσα
3636 3974 3751 4025 τῶν

2095 4067 2273 4143 λόγων
2331 4068 2521 4133 αὐτοῦ,
2579 4066 2667 4121 οἷα
2718 4064 2943 4141 πατρὸς,
2976 4065 3037 4127 ὃς
3088 4062 3301 4118 πάντων
3364 4061 3459 4135 μὶν
3506 4060 3602 4115 κᾶν
3672 4062 3754 4134 μὴ

2093 4156 2323 4213 θέλωσιν
2380 4157 2579 4231 ἄρχειο
2640 4158 2736 4209 σοῦ
2795 4151 2852 4209 δὲ
2907 4155 2998 4209 καὶ
3056 4149 3342 4208 ἑκουσίως.
3402 4143 3586 4205 Ναδᾶὄ
3648 4149 3755 4225 γὰρ

2095 4242 2281 4320 ἄρχων
2368 4245 2401 4315 ἢ
2480 4244 2708 4319 ἡγεμὼν
2791 4240 3237 4315 ἐκουσιαζὸμενος
3339 4236 3703 4315 ἑρμηνεύεται
3739 4256 3756 4271 ⁶

2096 4333 2238 4390 οὕτω
2271 4330 2315 4391 δ’
2346 4332 2479 4388 εἰσὶν
2511 4334 2567 4387 αἱ
2597 4333 2714 4388 κατ’
2746 4331 2942 4409 ἂρετὴν
2998 4330 3216 4408 πορεῖαί
3245 4350 3343 4385 σου
3393 4328 3593 4405 ὡραῖαι
3620 4346 3634 4359 ·
3670 4326 3759 4383 δτι

2094 4423 2319 4497 Ῥυθμοὶ
2384 4426 2573 4498 μηρῶν
2635 4442 2732 4478 σου
2800 4420 2987 4495 ὅμοιοι
3039 4415 3503 4496 ὁρμίσκοις,ἔργα
3542 4422 3758 4493 χειρῶν

2097 4511 2372 4589 τεχνίτου.
2415 4507 2641 4582 Δηλαδὴ
2672 4511 2727 4566 αἱ
2782 4510 2920 4566 κατὰ
2977 4507 3144 4585 λόγον
3199 4506 3445 4563 εὕτακτοι
3502 4508 3763 4577 κινήσεις

2102 4603 2212 4658 τῶν
2258 4601 2380 4675 περὶ
2436 4601 2497 4657 τὸ
2556 4599 2607 4656 ἐν
2667 4598 2869 4677 γενέσει
2924 4599 3016 4655 καὶ
3074 4599 3249 4676 φθορᾷ
3301 4596 3759 4671 καταγινομὲνων

2098 4691 2409 4766 πρακτικῶν
2481 4711 2577 4746 σου
2650 4687 2975 4763 δυνάμεων·
3032 4694 3135 4757 τῆς
3207 4686 3523 4759 ἐπιθυμίας,
3578 4682 3761 4761 λᾶγω,

2098 4783 2189 4837 καὶ
2235 4785 2333 4836 τοῦ
2392 4783 2589 4854 θυμοῦ,
2650 4778 2725 4841 ὡς
2789 4779 2893 4835 ὑπὸ
2948 4774 3202 4852 τεχνίτου
3256 4779 3353 4831 τοῦ
3411 4773 3586 4850 λόγου
3646 4774 3762 4832 ἀπὸ

2099 4875 2205 4926 τῶν
2264 4874 2510 4946 γενητῶν
2595 4868 2684 4924 καὶ
2770 4872 3022 4945 φθαρτῶν
3087 4866 3223 4943 πρὸς
3276 4864 3344 4921 τὰ
3393 4864 3528 4939 ὑπὲρ
3583 4869 3761 4921 ταῦτα

2099 4960 2512 5032 καμπτόμεναι,
2572 4960 2997 5033 παρεικάζονται
3070 4954 3355 5031 ὁρμίσκοις
3428 4952 3760 5030 είργαζομεα

2100 5069 2215 5111 νοις
2262 5048 2364 5103 ὑπὸ
2421 5050 2632 5123 χειρῶν
2680 5045 2956 5122 τεχνίτου,
3014 5049 3290 5118 καμπτοῖς
3344 5047 3423 5115 τῷ
3478 5044 3763 5118 σχήματι.

2100 5140 2254 5201 Ὅθεν
2315 5136 2405 5193 καὶ
2454 5137 2516 5193 Ὁ
2577 5132 2831 5214 ὀμφαλός
2887 5154 2982 5190 σου
3054 5134 3266 5212 κρατήρ
3337 5134 3613 5208 τορευτὸς,
3681 5133 3763 5206 μὴ

2105 5226 2495 5303 ὑστερούμενος
2581 5232 2785 5301 κρᾶμα.
2860 5225 3084 5285 Πάντως
3164 5224 3227 5279 τὸ
3281 5222 3601 5292 αἴσθητικόν
3662 5243 3764 5277 σου

2102 5314 2195 5390 (δι’
2227 5316 2288 5371 οὗ
2322 5315 2399 5379 ὠς
2430 5314 2499 5372 δι’
2534 5313 2793 5393 ὀμφαλοῦ
2849 5316 2911 5371 τὸ
2962 5313 3013 5369 ἰν
3065 5314 3246 5389 μήτρᾳ
3305 5309 3499 5387 βρᾶφος
3555 5312 3762 5388 τρέφῃ,

2106 5410 2346 5485 φυσικῶς
2400 5409 2469 5479 τῇ
2528 5406 2647 5460 κατ’
2675 5402 2922 5475 αἶ’σθησιν
2982 5401 3183 5476 θεωρίᾳ
3237 5406 3343 5457 τῶν
3393 5396 3590 5470 ὄντων,
3624 5398 3764 5455 συλ-

2106 5496 2378 5574 ληφθεῖσα
2437 5496 2540 5550 ὑπὸ
2593 5501 2695 5565 τῆς
2749 5497 2965 5550 πάντων
2999 5491 3209 5567 μητρὸς
3264 5489 3481 5567 σοφίας,
3539 5489 3631 5545 καὶ
3692 5492 3765 5563 τῇ
