  <div class='ocr_page' id='page_1' title='image "/cluster/home/n/w/nwhite01/storage/ocr_20150623/122/hvd.32044073502460/348.png"; bbox 0 0 4042 6198; ppageno 0'>
   <div class='ocr_carea' id='block_1_1' title="bbox 311 328 436 388">
    <p class='ocr_par' dir='ltr' id='par_1_1' title="bbox 311 328 436 388">
     <span class='ocr_line' id='line_1_1' title="bbox 311 328 436 388; baseline 0 0"><span class='ocrx_word' id='word_1_1' title='bbox 311 328 436 388; x_wconf 80' lang='lat'>669</span> 
     </span>
    </p>
   </div>
   <div class='ocr_carea' id='block_1_2' title="bbox 1359 322 2689 386">
    <p class='ocr_par' dir='ltr' id='par_1_2' title="bbox 1359 322 2689 386">
     <span class='ocr_line' id='line_1_2' title="bbox 1359 322 2689 386; baseline -0.003 0"><span class='ocrx_word' id='word_1_2' title='bbox 1359 323 1766 386; x_wconf 86' lang='lat' dir='ltr'>COMMENT.</span> <span class='ocrx_word' id='word_1_3' title='bbox 1811 323 1890 383; x_wconf 90' lang='lat' dir='ltr'><strong>IN</strong></span> <span class='ocrx_word' id='word_1_4' title='bbox 1936 322 2335 386; x_wconf 79' lang='lat' dir='ltr'>CANTICUM</span> <span class='ocrx_word' id='word_1_5' title='bbox 2384 324 2689 386; x_wconf 83' lang='lat' dir='ltr'>CANTIC.</span> 
     </span>
    </p>
   </div>
   <div class='ocr_carea' id='block_1_3' title="bbox 3610 321 3732 383">
    <p class='ocr_par' dir='ltr' id='par_1_3' title="bbox 3610 321 3732 383">
     <span class='ocr_line' id='line_1_3' title="bbox 3610 321 3732 383; baseline 0.016 -3"><span class='ocrx_word' id='word_1_6' title='bbox 3610 321 3732 383; x_wconf 75' lang='lat'><strong>670</strong></span> 
     </span>
    </p>
   </div>
   <div class='ocr_carea' id='block_1_4' title="bbox 314 455 1971 536">
    <p class='ocr_par' dir='ltr' id='par_1_4' title="bbox 314 455 1969 536">
     <span class='ocr_line' id='line_1_4' title="bbox 314 455 1969 536; baseline -0.002 -19"><span class='ocrx_word' id='word_1_7' title='bbox 314 459 483 534; x_wconf 64' lang='grc' dir='ltr'>κακίῃ</span> <span class='ocrx_word' id='word_1_8' title='bbox 539 460 913 532; x_wconf 79' lang='grc' dir='ltr'>νηπιάζουσα)</span> <span class='ocrx_word' id='word_1_9' title='bbox 970 455 1187 533; x_wconf 82' lang='grc' dir='ltr'>δοχεῖόν</span> <span class='ocrx_word' id='word_1_10' title='bbox 1251 455 1363 514; x_wconf 75' lang='grc' dir='ltr'>ἐστι</span> <span class='ocrx_word' id='word_1_11' title='bbox 1418 461 1516 527; x_wconf 79' lang='grc' dir='ltr'>τῆς</span> <span class='ocrx_word' id='word_1_12' title='bbox 1575 464 1806 536; x_wconf 82' lang='grc' dir='ltr'>φυσικῆς</span> <span class='ocrx_word' id='word_1_13' title='bbox 1861 462 1969 513; x_wconf 84' lang='grc' dir='ltr'>τῶν</span> 
     </span>
    </p>
   </div>
   <div class='ocr_carea' id='block_1_5' title="bbox 2082 455 3723 536">
    <p class='ocr_par' dir='ltr' id='par_1_5' title="bbox 2082 457 3723 531">
     <span class='ocr_line' id='line_1_5' title="bbox 2082 457 3723 531; baseline 0 -16"><span class='ocrx_word' id='word_1_14' title='bbox 2082 463 2140 515; x_wconf 89' lang='lat' dir='ltr'>et</span> <span class='ocrx_word' id='word_1_15' title='bbox 2164 461 2236 516; x_wconf 89' lang='lat' dir='ltr'>ab</span> <span class='ocrx_word' id='word_1_16' title='bbox 2267 460 2427 517; x_wconf 90' lang='lat' dir='ltr'>omni</span> <span class='ocrx_word' id='word_1_17' title='bbox 2458 459 2661 517; x_wconf 81' lang='lat' dir='ltr'>fraude</span> <span class='ocrx_word' id='word_1_18' title='bbox 2689 457 3048 531; x_wconf 90' lang='lat' dir='ltr'>sejunctum,</span> <span class='ocrx_word' id='word_1_19' title='bbox 3097 474 3163 514; x_wconf 89' lang='lat' dir='ltr'>ac</span> <span class='ocrx_word' id='word_1_20' title='bbox 3211 460 3519 530; x_wconf 78' lang='lat' dir='ltr'>propterea</span> <span class='ocrx_word' id='word_1_21' title='bbox 3563 458 3723 515; x_wconf 88' lang='lat' dir='ltr'>haud</span> 
     </span>
    </p>
   </div>
   <div class='ocr_carea' id='block_1_6' title="bbox 312 545 1967 627">
    <p class='ocr_par' dir='ltr' id='par_1_6' title="bbox 312 545 1967 627">
     <span class='ocr_line' id='line_1_6' title="bbox 312 545 1967 627; baseline -0.003 -22"><span class='ocrx_word' id='word_1_22' title='bbox 312 552 528 627; x_wconf 77' lang='grc' dir='ltr'>ὁρατῶν</span> <span class='ocrx_word' id='word_1_23' title='bbox 556 549 838 627; x_wconf 82' lang='grc' dir='ltr'>γνώσεως,</span> <span class='ocrx_word' id='word_1_24' title='bbox 886 546 1069 609; x_wconf 83' lang='grc' dir='ltr'>καλῶς</span> <span class='ocrx_word' id='word_1_25' title='bbox 1110 552 1178 621; x_wconf 83' lang='grc' dir='ltr'>τῇ</span> <span class='ocrx_word' id='word_1_26' title='bbox 1235 546 1481 622; x_wconf 76' lang='grc' dir='ltr'>μαχαίρᾳ</span> <span class='ocrx_word' id='word_1_27' title='bbox 1526 545 1621 601; x_wconf 77' lang='grc' dir='ltr'>τοῦ</span> <span class='ocrx_word' id='word_1_28' title='bbox 1655 546 1967 619; x_wconf 83' lang='grc' dir='ltr'>Πνεύματος</span> 
     </span>
    </p>
   </div>
   <div class='ocr_carea' id='block_1_7' title="bbox 311 635 1967 713">
    <p class='ocr_par' dir='ltr' id='par_1_7' title="bbox 311 635 1967 713">
     <span class='ocr_line' id='line_1_7' title="bbox 311 635 1967 713; baseline -0.003 -18"><span class='ocrx_word' id='word_1_29' title='bbox 311 638 594 713; x_wconf 69' lang='grc' dir='ltr'>ιεωμὲνον</span> <span class='ocrx_word' id='word_1_30' title='bbox 659 638 750 693; x_wconf 84' lang='grc' dir='ltr'>καὶ</span> <span class='ocrx_word' id='word_1_31' title='bbox 814 643 919 706; x_wconf 85' lang='grc' dir='ltr'>τῆς</span> <span class='ocrx_word' id='word_1_32' title='bbox 994 637 1205 706; x_wconf 87' lang='grc' dir='ltr'>ἀπάτης</span> <span class='ocrx_word' id='word_1_33' title='bbox 1288 636 1711 712; x_wconf 70' lang='grc' dir='ltr'>ἀπηλλαγμένον</span> <span class='ocrx_word' id='word_1_34' title='bbox 1750 656 1765 669; x_wconf 84' lang='lat'><strong><em>°</em></strong></span> <span class='ocrx_word' id='word_1_35' title='bbox 1840 635 1967 691; x_wconf 83' lang='grc' dir='ltr'>κάν-</span> 
     </span>
    </p>
   </div>
   <div class='ocr_carea' id='block_1_8' title="bbox 311 720 1967 802">
    <p class='ocr_par' dir='ltr' id='par_1_8' title="bbox 311 720 1967 802">
     <span class='ocr_line' id='line_1_8' title="bbox 311 720 1967 802; baseline -0.004 -18"><span class='ocrx_word' id='word_1_36' title='bbox 311 734 501 792; x_wconf 73' lang='grc' dir='ltr'>τεῦθεν</span> <span class='ocrx_word' id='word_1_37' title='bbox 550 727 626 792; x_wconf 87' lang='grc' dir='ltr'>ὠς</span> <span class='ocrx_word' id='word_1_38' title='bbox 686 728 761 801; x_wconf 76' lang='grc' dir='ltr'>μὴ</span> <span class='ocrx_word' id='word_1_39' title='bbox 808 724 1029 802; x_wconf 86' lang='grc' dir='ltr'>ἀλόγως</span> <span class='ocrx_word' id='word_1_40' title='bbox 1079 729 1188 780; x_wconf 86' lang='grc' dir='ltr'>τῶν</span> <span class='ocrx_word' id='word_1_41' title='bbox 1250 724 1519 795; x_wconf 76' lang='grc' dir='ltr'>αἰσθητῶν</span> <span class='ocrx_word' id='word_1_42' title='bbox 1567 720 1967 798; x_wconf 74' lang='grc' dir='ltr'>ἀντιλαμϐανό-</span> 
     </span>
    </p>
   </div>
   <div class='ocr_carea' id='block_1_9' title="bbox 315 813 1970 893">
    <p class='ocr_par' dir='ltr' id='par_1_9' title="bbox 315 813 1970 893">
     <span class='ocr_line' id='line_1_9' title="bbox 315 813 1970 893; baseline -0.003 -21"><span class='ocrx_word' id='word_1_43' title='bbox 315 838 505 892; x_wconf 79' lang='grc' dir='ltr'>μενον,</span> <span class='ocrx_word' id='word_1_44' title='bbox 566 817 629 871; x_wconf 80' lang='grc' dir='ltr'>ού</span> <span class='ocrx_word' id='word_1_45' title='bbox 678 815 845 891; x_wconf 68' lang='grc' dir='ltr'>ψιλὰς</span> <span class='ocrx_word' id='word_1_46' title='bbox 902 816 999 880; x_wconf 86' lang='grc' dir='ltr'>τάς</span> <span class='ocrx_word' id='word_1_47' title='bbox 1052 814 1365 893; x_wconf 78' lang='grc' dir='ltr'>ἐπιφανείας</span> <span class='ocrx_word' id='word_1_48' title='bbox 1421 819 1527 869; x_wconf 89' lang='grc' dir='ltr'>τῶν</span> <span class='ocrx_word' id='word_1_49' title='bbox 1588 816 1793 890; x_wconf 81' lang='grc' dir='ltr'>ἀρετῶν</span> <span class='ocrx_word' id='word_1_50' title='bbox 1844 813 1970 868; x_wconf 72' lang='grc' dir='ltr'>ἑπι-</span> 
     </span>
    </p>
   </div>
   <div class='ocr_carea' id='block_1_10' title="bbox 313 903 1968 984">
    <p class='ocr_par' dir='ltr' id='par_1_10' title="bbox 313 903 1968 984">
     <span class='ocr_line' id='line_1_10' title="bbox 313 903 1968 984; baseline -0.004 -21"><span class='ocrx_word' id='word_1_51' title='bbox 313 907 559 984; x_wconf 77' lang='grc' dir='ltr'>φέρεται,</span> <span class='ocrx_word' id='word_1_52' title='bbox 619 905 763 962; x_wconf 73' lang='grc' dir='ltr'>ἀλλὰ</span> <span class='ocrx_word' id='word_1_53' title='bbox 845 908 1020 970; x_wconf 81' lang='grc' dir='ltr'>πάσας</span> <span class='ocrx_word' id='word_1_54' title='bbox 1092 910 1212 969; x_wconf 84' lang='grc' dir='ltr'>τοῖς</span> <span class='ocrx_word' id='word_1_55' title='bbox 1296 910 1689 979; x_wconf 78' lang='grc' dir='ltr'>πνευματικοῖς</span> <span class='ocrx_word' id='word_1_56' title='bbox 1758 903 1968 959; x_wconf 85' lang='grc' dir='ltr'>τούτων</span> 
     </span>
    </p>
   </div>
   <div class='ocr_carea' id='block_1_11' title="bbox 312 991 1971 1071">
    <p class='ocr_par' dir='ltr' id='par_1_11' title="bbox 312 991 1971 1071">
     <span class='ocr_line' id='line_1_11' title="bbox 312 991 1971 1071; baseline -0.003 -20"><span class='ocrx_word' id='word_1_57' title='bbox 312 995 515 1071; x_wconf 82' lang='grc' dir='ltr'>λόγοις</span> <span class='ocrx_word' id='word_1_58' title='bbox 586 994 999 1069; x_wconf 63' lang='grc' dir='ltr'>κεκερασμένας.</span> <span class='ocrx_word' id='word_1_59' title='bbox 1075 996 1138 1050; x_wconf 87' lang='grc' dir='ltr'>Ἡ</span> <span class='ocrx_word' id='word_1_60' title='bbox 1206 992 1264 1050; x_wconf 76' lang='grc' dir='ltr'>δὲ</span> <span class='ocrx_word' id='word_1_61' title='bbox 1333 993 1521 1050; x_wconf 78' lang='grc' dir='ltr'>κοιλία</span> <span class='ocrx_word' id='word_1_62' title='bbox 1580 1015 1677 1049; x_wconf 87' lang='grc' dir='ltr'>σου</span> <span class='ocrx_word' id='word_1_63' title='bbox 1735 991 1971 1066; x_wconf 84' lang='grc' dir='ltr'>θημονία</span> 
     </span>
    </p>
   </div>
   <div class='ocr_carea' id='block_1_12' title="bbox 311 1082 1970 1162">
    <p class='ocr_par' dir='ltr' id='par_1_12' title="bbox 311 1082 1970 1162">
     <span class='ocr_line' id='line_1_12' title="bbox 311 1082 1970 1162; baseline -0.002 -22"><span class='ocrx_word' id='word_1_64' title='bbox 311 1086 471 1142; x_wconf 84' lang='grc' dir='ltr'>σίτου</span> <span class='ocrx_word' id='word_1_65' title='bbox 518 1086 865 1162; x_wconf 71' lang='grc' dir='ltr'>πεφραγμένη</span> <span class='ocrx_word' id='word_1_66' title='bbox 921 1084 974 1140; x_wconf 75' lang='grc' dir='ltr'>ἰν</span> <span class='ocrx_word' id='word_1_67' title='bbox 1030 1085 1274 1160; x_wconf 74' lang='grc' dir='ltr'>κρίνοιςο</span> <span class='ocrx_word' id='word_1_68' title='bbox 1326 1082 1476 1155; x_wconf 74' lang='grc' dir='ltr'>ἤτοι,</span> <span class='ocrx_word' id='word_1_69' title='bbox 1540 1085 1611 1149; x_wconf 80' lang='grc' dir='ltr'>Τὸ</span> <span class='ocrx_word' id='word_1_70' title='bbox 1685 1104 1970 1161; x_wconf 81' lang='grc' dir='ltr'>φανταστι-</span> 
     </span>
    </p>
   </div>
   <div class='ocr_carea' id='block_1_13' title="bbox 310 1170 1968 1249">
    <p class='ocr_par' dir='ltr' id='par_1_13' title="bbox 310 1170 1968 1249">
     <span class='ocr_line' id='line_1_13' title="bbox 310 1170 1968 1249; baseline -0.003 -19"><span class='ocrx_word' id='word_1_71' title='bbox 310 1175 411 1231; x_wconf 79' lang='grc' dir='ltr'>κόν</span> <span class='ocrx_word' id='word_1_72' title='bbox 440 1197 559 1244; x_wconf 86' lang='grc' dir='ltr'>σου,</span> <span class='ocrx_word' id='word_1_73' title='bbox 591 1174 746 1249; x_wconf 75' lang='grc' dir='ltr'>ὅπερ,</span> <span class='ocrx_word' id='word_1_74' title='bbox 779 1177 869 1229; x_wconf 79' lang='grc' dir='ltr'>οἶα</span> <span class='ocrx_word' id='word_1_75' title='bbox 912 1172 1098 1230; x_wconf 90' lang='grc' dir='ltr'>κοιλία</span> <span class='ocrx_word' id='word_1_76' title='bbox 1146 1173 1241 1228; x_wconf 78' lang='grc' dir='ltr'>σὺν</span> <span class='ocrx_word' id='word_1_77' title='bbox 1288 1179 1408 1235; x_wconf 84' lang='grc' dir='ltr'>τοῖς</span> <span class='ocrx_word' id='word_1_78' title='bbox 1438 1174 1813 1248; x_wconf 80' lang='grc' dir='ltr'>περιττώμασι</span> <span class='ocrx_word' id='word_1_79' title='bbox 1842 1170 1968 1233; x_wconf 72' lang='grc' dir='ltr'>τοὺς</span> 
     </span>
    </p>
   </div>
   <div class='ocr_carea' id='block_1_14' title="bbox 308 1260 1970 1340">
    <p class='ocr_par' dir='ltr' id='par_1_14' title="bbox 308 1260 1970 1340">
     <span class='ocr_line' id='line_1_14' title="bbox 308 1260 1970 1340; baseline -0.004 -21"><span class='ocrx_word' id='word_1_80' title='bbox 308 1262 375 1319; x_wconf 66' lang='grc' dir='ltr'>ἐκ</span> <span class='ocrx_word' id='word_1_81' title='bbox 421 1269 531 1319; x_wconf 85' lang='grc' dir='ltr'>τῶν</span> <span class='ocrx_word' id='word_1_82' title='bbox 586 1264 889 1340; x_wconf 74' lang='grc' dir='ltr'>βρωμάτων</span> <span class='ocrx_word' id='word_1_83' title='bbox 935 1261 1154 1339; x_wconf 63' lang='grc' dir='ltr'>χυμοὺς</span> <span class='ocrx_word' id='word_1_84' title='bbox 1194 1260 1538 1337; x_wconf 84' lang='grc' dir='ltr'>ἀδιακρίτους</span> <span class='ocrx_word' id='word_1_85' title='bbox 1586 1260 1793 1316; x_wconf 85' lang='grc' dir='ltr'>τούτων</span> <span class='ocrx_word' id='word_1_86' title='bbox 1854 1261 1970 1315; x_wconf 64' lang='lat' dir='ltr'>tm-</span> 
     </span>
    </p>
   </div>
   <div class='ocr_carea' id='block_1_15' title="bbox 309 1348 1968 1431">
    <p class='ocr_par' dir='ltr' id='par_1_15' title="bbox 309 1348 1968 1431">
     <span class='ocr_line' id='line_1_15' title="bbox 309 1348 1968 1431; baseline -0.004 -22"><span class='ocrx_word' id='word_1_87' title='bbox 309 1354 625 1431; x_wconf 68' lang='grc' dir='ltr'>φερομένη)</span> <span class='ocrx_word' id='word_1_88' title='bbox 682 1352 794 1426; x_wconf 76' lang='grc' dir='ltr'>ἅμα</span> <span class='ocrx_word' id='word_1_89' title='bbox 848 1358 966 1415; x_wconf 82' lang='grc' dir='ltr'>ταῖς</span> <span class='ocrx_word' id='word_1_90' title='bbox 1022 1352 1359 1430; x_wconf 75' lang='grc' dir='ltr'>ἐπιφανείαις</span> <span class='ocrx_word' id='word_1_91' title='bbox 1403 1355 1511 1405; x_wconf 89' lang='grc' dir='ltr'>τῶν</span> <span class='ocrx_word' id='word_1_92' title='bbox 1572 1351 1782 1426; x_wconf 80' lang='grc' dir='ltr'>ὁρατῶν</span> <span class='ocrx_word' id='word_1_93' title='bbox 1841 1348 1968 1410; x_wconf 78' lang='grc' dir='ltr'>τοὺς</span> 
     </span>
    </p>
   </div>
   <div class='ocr_carea' id='block_1_16' title="bbox 308 1435 1969 1520">
    <p class='ocr_par' dir='ltr' id='par_1_16' title="bbox 308 1435 1969 1520">
     <span class='ocr_line' id='line_1_16' title="bbox 308 1435 1969 1520; baseline -0.005 -21"><span class='ocrx_word' id='word_1_94' title='bbox 308 1443 532 1500; x_wconf 85' lang='grc' dir='ltr'>τούτων</span> <span class='ocrx_word' id='word_1_95' title='bbox 591 1441 897 1520; x_wconf 67' lang='grc' dir='ltr'>ἐπιφέρεται</span> <span class='ocrx_word' id='word_1_96' title='bbox 947 1440 1171 1516; x_wconf 82' lang='grc' dir='ltr'>λόγους,</span> <span class='ocrx_word' id='word_1_97' title='bbox 1225 1440 1477 1501; x_wconf 83' lang='grc' dir='ltr'>ἀπόθεσίς</span> <span class='ocrx_word' id='word_1_98' title='bbox 1535 1439 1643 1495; x_wconf 81' lang='grc' dir='ltr'>ἐστι</span> <span class='ocrx_word' id='word_1_99' title='bbox 1703 1438 1791 1493; x_wconf 60' lang='grc' dir='ltr'>καθ</span> <span class='ocrx_word' id='word_1_100' title='bbox 1853 1435 1969 1492; x_wconf 83' lang='grc' dir='ltr'>δια-</span> 
     </span>
    </p>
   </div>
   <div class='ocr_carea' id='block_1_17' title="bbox 314 1523 1967 1608">
    <p class='ocr_par' dir='ltr' id='par_1_17' title="bbox 314 1523 1967 1608">
     <span class='ocr_line' id='line_1_17' title="bbox 314 1523 1967 1608; baseline -0.003 -21"><span class='ocrx_word' id='word_1_101' title='bbox 314 1534 465 1607; x_wconf 83' lang='grc' dir='ltr'>μονή</span> <span class='ocrx_word' id='word_1_102' title='bbox 500 1530 656 1608; x_wconf 78' lang='grc' dir='ltr'>(ὅπερ</span> <span class='ocrx_word' id='word_1_103' title='bbox 684 1533 747 1586; x_wconf 86' lang='grc' dir='ltr'>τὸ</span> <span class='ocrx_word' id='word_1_104' title='bbox 791 1532 1031 1605; x_wconf 90' lang='grc' dir='ltr'>θημονία</span> <span class='ocrx_word' id='word_1_105' title='bbox 1081 1528 1269 1603; x_wconf 84' lang='grc' dir='ltr'>δηλοῖ)</span> <span class='ocrx_word' id='word_1_106' title='bbox 1313 1534 1411 1584; x_wconf 76' lang='grc' dir='ltr'>τοῦ</span> <span class='ocrx_word' id='word_1_107' title='bbox 1456 1523 1666 1593; x_wconf 80' lang='grc' dir='ltr'>ἔνδοθεν</span> <span class='ocrx_word' id='word_1_108' title='bbox 1697 1532 1804 1583; x_wconf 87' lang='grc' dir='ltr'>τῶν</span> <span class='ocrx_word' id='word_1_109' title='bbox 1837 1548 1967 1605; x_wconf 87' lang='grc' dir='ltr'>φαν-</span> 
     </span>
    </p>
   </div>
   <div class='ocr_carea' id='block_1_18' title="bbox 313 1616 1968 1699">
    <p class='ocr_par' dir='ltr' id='par_1_18' title="bbox 313 1616 1968 1699">
     <span class='ocr_line' id='line_1_18' title="bbox 313 1616 1968 1699; baseline -0.005 -22"><span class='ocrx_word' id='word_1_110' title='bbox 313 1624 518 1677; x_wconf 79' lang='grc' dir='ltr'>θεισῶν</span> <span class='ocrx_word' id='word_1_111' title='bbox 576 1620 927 1699; x_wconf 64' lang='grc' dir='ltr'>ἐπιφανειῶν,</span> <span class='ocrx_word' id='word_1_112' title='bbox 983 1621 1057 1682; x_wconf 87' lang='grc' dir='ltr'>ὡς</span> <span class='ocrx_word' id='word_1_113' title='bbox 1113 1619 1216 1674; x_wconf 86' lang='grc' dir='ltr'>ὑπὸ</span> <span class='ocrx_word' id='word_1_114' title='bbox 1264 1617 1553 1694; x_wconf 76' lang='grc' dir='ltr'>ἀσταχύων</span> <span class='ocrx_word' id='word_1_115' title='bbox 1614 1616 1764 1671; x_wconf 88' lang='grc' dir='ltr'>σίτου</span> <span class='ocrx_word' id='word_1_116' title='bbox 1812 1636 1968 1692; x_wconf 87' lang='grc' dir='ltr'>περι-</span> 
     </span>
    </p>
   </div>
   <div class='ocr_carea' id='block_1_19' title="bbox 310 1704 1969 1783">
    <p class='ocr_par' dir='ltr' id='par_1_19' title="bbox 310 1704 1969 1783">
     <span class='ocr_line' id='line_1_19' title="bbox 310 1704 1969 1783; baseline -0.004 -17"><span class='ocrx_word' id='word_1_117' title='bbox 310 1709 743 1782; x_wconf 74' lang='grc' dir='ltr'>καλυπτομένου</span> <span class='ocrx_word' id='word_1_118' title='bbox 797 1712 897 1776; x_wconf 83' lang='grc' dir='ltr'>τῆς</span> <span class='ocrx_word' id='word_1_119' title='bbox 956 1708 1007 1764; x_wconf 73' lang='grc' dir='ltr'>ἐν</span> <span class='ocrx_word' id='word_1_120' title='bbox 1063 1707 1223 1772; x_wconf 72' lang='grc' dir='ltr'>ὅλοις</span> <span class='ocrx_word' id='word_1_121' title='bbox 1280 1706 1539 1779; x_wconf 73' lang='grc' dir='ltr'>ἀληθείας</span> <span class='ocrx_word' id='word_1_122' title='bbox 1596 1704 1969 1783; x_wconf 77' lang='grc' dir='ltr'>λόγου,ἄχρις</span> 
     </span>
    </p>
   </div>
   <div class='ocr_carea' id='block_1_20' title="bbox 2076 547 3724 621">
    <p class='ocr_par' dir='ltr' id='par_1_20' title="bbox 2076 547 3724 621">
     <span class='ocr_line' id='line_1_20' title="bbox 2076 547 3724 621; baseline -0.001 -16"><span class='ocrx_word' id='word_1_123' title='bbox 2076 554 2315 620; x_wconf 81' lang='lat' dir='ltr'>temere,</span> <span class='ocrx_word' id='word_1_124' title='bbox 2349 567 2475 621; x_wconf 82' lang='lat' dir='ltr'>quae</span> <span class='ocrx_word' id='word_1_125' title='bbox 2509 551 2617 605; x_wconf 85' lang='lat' dir='ltr'>sub</span> <span class='ocrx_word' id='word_1_126' title='bbox 2659 565 2900 605; x_wconf 82' lang='lat' dir='ltr'>sensum</span> <span class='ocrx_word' id='word_1_127' title='bbox 2932 548 3176 617; x_wconf 89' lang='lat' dir='ltr'>cadunt,</span> <span class='ocrx_word' id='word_1_128' title='bbox 3227 547 3573 618; x_wconf 90' lang='lat' dir='ltr'>percipiens,</span> <span class='ocrx_word' id='word_1_129' title='bbox 3608 564 3724 604; x_wconf 91' lang='lat' dir='ltr'>non</span> 
     </span>
    </p>
   </div>
   <div class='ocr_carea' id='block_1_21' title="bbox 2078 636 3728 710">
    <p class='ocr_par' dir='ltr' id='par_1_21' title="bbox 2078 636 3728 710">
     <span class='ocr_line' id='line_1_21' title="bbox 2078 636 3728 710; baseline -0.003 -16"><span class='ocrx_word' id='word_1_130' title='bbox 2078 639 2376 710; x_wconf 84' lang='lat' dir='ltr'>simplices</span> <span class='ocrx_word' id='word_1_131' title='bbox 2407 639 2690 693; x_wconf 87' lang='lat' dir='ltr'>virtutum</span> <span class='ocrx_word' id='word_1_132' title='bbox 2721 637 2947 710; x_wconf 87' lang='lat' dir='ltr'>species</span> <span class='ocrx_word' id='word_1_133' title='bbox 2978 636 3167 704; x_wconf 74' lang='lat' dir='ltr'>affert,</span> <span class='ocrx_word' id='word_1_134' title='bbox 3195 636 3296 692; x_wconf 91' lang='lat' dir='ltr'>sed</span> <span class='ocrx_word' id='word_1_135' title='bbox 3315 651 3515 691; x_wconf 87' lang='lat' dir='ltr'>omnes</span> <span class='ocrx_word' id='word_1_136' title='bbox 3546 636 3728 707; x_wconf 89' lang='lat' dir='ltr'>spiri-</span> 
     </span>
    </p>
   </div>
   <div class='ocr_carea' id='block_1_22' title="bbox 2080 725 3730 797">
    <p class='ocr_par' dir='ltr' id='par_1_22' title="bbox 2080 725 3730 797">
     <span class='ocr_line' id='line_1_22' title="bbox 2080 725 3730 797; baseline -0.002 -13"><span class='ocrx_word' id='word_1_137' title='bbox 2080 728 2298 784; x_wconf 78' lang='lat' dir='ltr'>talibus</span> <span class='ocrx_word' id='word_1_138' title='bbox 2330 745 2534 784; x_wconf 88' lang='lat' dir='ltr'>earum</span> <span class='ocrx_word' id='word_1_139' title='bbox 2567 727 2896 784; x_wconf 79' lang='lat' dir='ltr'>rationibus</span> <span class='ocrx_word' id='word_1_140' title='bbox 2933 725 3513 797; x_wconf 84' lang='lat' dir='ltr'>temperatas.Venter</span> <span class='ocrx_word' id='word_1_141' title='bbox 3536 728 3730 781; x_wconf 87' lang='lat' dir='ltr'>autem</span> 
     </span>
    </p>
   </div>
   <div class='ocr_carea' id='block_1_23' title="bbox 2078 813 3732 873">
    <p class='ocr_par' dir='ltr' id='par_1_23' title="bbox 2078 813 3732 873">
     <span class='ocr_line' id='line_1_23' title="bbox 2078 813 3732 873; baseline -0.004 0"><span class='ocrx_word' id='word_1_142' title='bbox 2078 826 2201 873; x_wconf 80' lang='lat' dir='ltr'>tuus</span> <span class='ocrx_word' id='word_1_143' title='bbox 2229 820 2371 873; x_wconf 87' lang='lat' dir='ltr'>sicut</span> <span class='ocrx_word' id='word_1_144' title='bbox 2392 834 2618 873; x_wconf 87' lang='lat' dir='ltr'>acervus</span> <span class='ocrx_word' id='word_1_145' title='bbox 2676 818 2853 872; x_wconf 80' lang='lat' dir='ltr'>tritici</span> <span class='ocrx_word' id='word_1_146' title='bbox 2896 815 3141 871; x_wconf 75' lang='lat' dir='ltr'>vallatus</span> <span class='ocrx_word' id='word_1_147' title='bbox 3192 814 3358 870; x_wconf 84' lang='lat' dir='ltr'>liliis.</span> <span class='ocrx_word' id='word_1_148' title='bbox 3411 813 3506 871; x_wconf 85' lang='lat' dir='ltr'>Vis</span> <span class='ocrx_word' id='word_1_149' title='bbox 3552 814 3732 869; x_wconf 89' lang='lat' dir='ltr'>nimi-</span> 
     </span>
    </p>
   </div>
   <div class='ocr_carea' id='block_1_24' title="bbox 2079 903 3730 977">
    <p class='ocr_par' dir='ltr' id='par_1_24' title="bbox 2079 903 3730 977">
     <span class='ocr_line' id='line_1_24' title="bbox 2079 903 3730 977; baseline -0.002 -15"><span class='ocrx_word' id='word_1_150' title='bbox 2079 923 2211 963; x_wconf 90' lang='lat' dir='ltr'>rum</span> <span class='ocrx_word' id='word_1_151' title='bbox 2236 907 2779 977; x_wconf 68' lang='lat' dir='ltr'>imaginativa,qu£e</span> <span class='ocrx_word' id='word_1_152' title='bbox 2805 905 3042 977; x_wconf 88' lang='lat' dir='ltr'>quidem</span> <span class='ocrx_word' id='word_1_153' title='bbox 3075 906 3375 975; x_wconf 90' lang='lat' dir='ltr'>(utventer</span> <span class='ocrx_word' id='word_1_154' title='bbox 3395 903 3573 959; x_wconf 88' lang='lat' dir='ltr'>simul</span> <span class='ocrx_word' id='word_1_155' title='bbox 3594 919 3730 958; x_wconf 91' lang='lat' dir='ltr'>cum</span> 
     </span>
    </p>
   </div>
   <div class='ocr_carea' id='block_1_25' title="bbox 2080 992 3731 1068">
    <p class='ocr_par' dir='ltr' id='par_1_25' title="bbox 2080 992 3731 1068">
     <span class='ocr_line' id='line_1_25' title="bbox 2080 992 3731 1068; baseline -0.001 -17"><span class='ocrx_word' id='word_1_156' title='bbox 2080 997 2258 1052; x_wconf 87' lang='lat' dir='ltr'>rebus</span> <span class='ocrx_word' id='word_1_157' title='bbox 2282 995 2598 1068; x_wconf 84' lang='lat' dir='ltr'>superﬂuis</span> <span class='ocrx_word' id='word_1_158' title='bbox 2621 995 2885 1051; x_wconf 90' lang='lat' dir='ltr'>ciborum</span> <span class='ocrx_word' id='word_1_159' title='bbox 2909 1010 3116 1050; x_wconf 89' lang='lat' dir='ltr'>succos</span> <span class='ocrx_word' id='word_1_160' title='bbox 3136 995 3207 1049; x_wconf 90' lang='lat' dir='ltr'>ab</span> <span class='ocrx_word' id='word_1_161' title='bbox 3231 992 3351 1049; x_wconf 87' lang='lat' dir='ltr'>illis</span> <span class='ocrx_word' id='word_1_162' title='bbox 3380 993 3731 1049; x_wconf 79' lang='lat' dir='ltr'>indiscretos</span> 
     </span>
    </p>
   </div>
   <div class='ocr_carea' id='block_1_26' title="bbox 2079 1082 3729 1154">
    <p class='ocr_par' dir='ltr' id='par_1_26' title="bbox 2079 1082 3729 1154">
     <span class='ocr_line' id='line_1_26' title="bbox 2079 1082 3729 1154; baseline -0.001 -14"><span class='ocrx_word' id='word_1_163' title='bbox 2079 1085 2359 1154; x_wconf 86' lang='lat' dir='ltr'>continet)</span> <span class='ocrx_word' id='word_1_164' title='bbox 2385 1102 2500 1140; x_wconf 90' lang='lat' dir='ltr'>una</span> <span class='ocrx_word' id='word_1_165' title='bbox 2549 1100 2680 1139; x_wconf 91' lang='lat' dir='ltr'>cum</span> <span class='ocrx_word' id='word_1_166' title='bbox 2714 1100 2907 1139; x_wconf 74' lang='lat' dir='ltr'>reruni</span> <span class='ocrx_word' id='word_1_167' title='bbox 2940 1082 3261 1139; x_wconf 89' lang='lat' dir='ltr'>visibilium</span> <span class='ocrx_word' id='word_1_168' title='bbox 3293 1083 3599 1154; x_wconf 88' lang='lat' dir='ltr'>speciebus</span> <span class='ocrx_word' id='word_1_169' title='bbox 3629 1099 3729 1138; x_wconf 90' lang='lat' dir='ltr'>ea-</span> 
     </span>
    </p>
   </div>
   <div class='ocr_carea' id='block_1_27' title="bbox 2079 1172 3730 1245">
    <p class='ocr_par' dir='ltr' id='par_1_27' title="bbox 2079 1172 3730 1245">
     <span class='ocr_line' id='line_1_27' title="bbox 2079 1172 3730 1245; baseline -0.001 -16"><span class='ocrx_word' id='word_1_170' title='bbox 2079 1191 2210 1229; x_wconf 92' lang='lat' dir='ltr'>rum</span> <span class='ocrx_word' id='word_1_171' title='bbox 2243 1175 2502 1230; x_wconf 84' lang='lat' dir='ltr'>rationes</span> <span class='ocrx_word' id='word_1_172' title='bbox 2550 1174 2721 1245; x_wconf 90' lang='lat' dir='ltr'>gerit,</span> <span class='ocrx_word' id='word_1_173' title='bbox 2763 1178 2857 1229; x_wconf 91' lang='lat' dir='ltr'>est</span> <span class='ocrx_word' id='word_1_174' title='bbox 2921 1172 3198 1244; x_wconf 89' lang='lat' dir='ltr'>repositio</span> <span class='ocrx_word' id='word_1_175' title='bbox 3256 1176 3312 1227; x_wconf 89' lang='lat' dir='ltr'>et</span> <span class='ocrx_word' id='word_1_176' title='bbox 3367 1172 3730 1228; x_wconf 78' lang='lat' dir='ltr'>conservatio</span> 
     </span>
    </p>
   </div>
   <div class='ocr_carea' id='block_1_28' title="bbox 2078 1261 3729 1334">
    <p class='ocr_par' dir='ltr' id='par_1_28' title="bbox 2078 1261 3729 1334">
     <span class='ocr_line' id='line_1_28' title="bbox 2078 1261 3729 1334; baseline -0.001 -15"><span class='ocrx_word' id='word_1_177' title='bbox 2078 1264 2253 1334; x_wconf 88' lang='lat' dir='ltr'>(quod</span> <span class='ocrx_word' id='word_1_178' title='bbox 2287 1263 2525 1334; x_wconf 89' lang='lat' dir='ltr'>quidem</span> <span class='ocrx_word' id='word_1_179' title='bbox 2549 1278 2791 1318; x_wconf 88' lang='lat' dir='ltr'>acervus</span> <span class='ocrx_word' id='word_1_180' title='bbox 2823 1261 3064 1330; x_wconf 89' lang='lat' dir='ltr'>indicat)</span> <span class='ocrx_word' id='word_1_181' title='bbox 3096 1261 3341 1317; x_wconf 84' lang='lat' dir='ltr'>rationis</span> <span class='ocrx_word' id='word_1_182' title='bbox 3371 1277 3568 1316; x_wconf 89' lang='lat' dir='ltr'>rerum</span> <span class='ocrx_word' id='word_1_183' title='bbox 3600 1278 3729 1317; x_wconf 83' lang='lat' dir='ltr'>om-</span> 
     </span>
    </p>
   </div>
   <div class='ocr_carea' id='block_1_29' title="bbox 2082 1350 3731 1421">
    <p class='ocr_par' dir='ltr' id='par_1_29' title="bbox 2082 1350 3731 1421">
     <span class='ocr_line' id='line_1_29' title="bbox 2082 1350 3731 1421; baseline 0 -14"><span class='ocrx_word' id='word_1_184' title='bbox 2082 1353 2246 1407; x_wconf 89' lang='lat' dir='ltr'>nium</span> <span class='ocrx_word' id='word_1_185' title='bbox 2278 1352 2559 1421; x_wconf 84' lang='lat' dir='ltr'>veritatis,</span> <span class='ocrx_word' id='word_1_186' title='bbox 2595 1367 2724 1421; x_wconf 77' lang='lat' dir='ltr'>quae</span> <span class='ocrx_word' id='word_1_187' title='bbox 2756 1351 2911 1405; x_wconf 83' lang='lat' dir='ltr'>inter</span> <span class='ocrx_word' id='word_1_188' title='bbox 2950 1351 3199 1421; x_wconf 87' lang='lat' dir='ltr'>species,</span> <span class='ocrx_word' id='word_1_189' title='bbox 3230 1354 3295 1406; x_wconf 92' lang='lat' dir='ltr'>ut</span> <span class='ocrx_word' id='word_1_190' title='bbox 3340 1350 3494 1406; x_wconf 88' lang='lat' dir='ltr'>inter</span> <span class='ocrx_word' id='word_1_191' title='bbox 3535 1350 3731 1421; x_wconf 87' lang='lat' dir='ltr'>spicas</span> 
     </span>
    </p>
   </div>
   <div class='ocr_carea' id='block_1_30' title="bbox 2080 1440 3729 1511">
    <p class='ocr_par' dir='ltr' id='par_1_30' title="bbox 2080 1440 3729 1511">
     <span class='ocr_line' id='line_1_30' title="bbox 2080 1440 3729 1511; baseline -0.001 -16"><span class='ocrx_word' id='word_1_192' title='bbox 2080 1441 2361 1510; x_wconf 86' lang='lat' dir='ltr'>triticum,</span> <span class='ocrx_word' id='word_1_193' title='bbox 2396 1441 2775 1496; x_wconf 86' lang='lat' dir='ltr'>circumtecla</span> <span class='ocrx_word' id='word_1_194' title='bbox 2817 1440 3162 1507; x_wconf 86' lang='lat' dir='ltr'>includitur,</span> <span class='ocrx_word' id='word_1_195' title='bbox 3194 1441 3376 1496; x_wconf 90' lang='lat' dir='ltr'>donec</span> <span class='ocrx_word' id='word_1_196' title='bbox 3408 1455 3511 1511; x_wconf 91' lang='lat' dir='ltr'>per</span> <span class='ocrx_word' id='word_1_197' title='bbox 3539 1440 3729 1496; x_wconf 89' lang='lat' dir='ltr'>scien-</span> 
     </span>
    </p>
   </div>
   <div class='ocr_carea' id='block_1_31' title="bbox 2080 1528 3730 1602">
    <p class='ocr_par' dir='ltr' id='par_1_31' title="bbox 2080 1528 3730 1602">
     <span class='ocr_line' id='line_1_31' title="bbox 2080 1528 3730 1602; baseline -0.001 -16"><span class='ocrx_word' id='word_1_198' title='bbox 2080 1529 2225 1586; x_wconf 88' lang='lat' dir='ltr'>tiam</span> <span class='ocrx_word' id='word_1_199' title='bbox 2249 1530 2521 1602; x_wconf 85' lang='lat' dir='ltr'>cogitatio</span> <span class='ocrx_word' id='word_1_200' title='bbox 2544 1530 2733 1601; x_wconf 90' lang='lat' dir='ltr'>ipsam</span> <span class='ocrx_word' id='word_1_201' title='bbox 2763 1528 3133 1601; x_wconf 84' lang='lat' dir='ltr'>distinguens</span> <span class='ocrx_word' id='word_1_202' title='bbox 3156 1530 3730 1597; x_wconf 83' lang='lat' dir='ltr'>attraxerit,nudam-</span> 
     </span>
    </p>
   </div>
   <div class='ocr_carea' id='block_1_32' title="bbox 2084 1618 3730 1693">
    <p class='ocr_par' dir='ltr' id='par_1_32' title="bbox 2084 1618 3730 1693">
     <span class='ocr_line' id='line_1_32' title="bbox 2084 1618 3730 1693; baseline 0 -18"><span class='ocrx_word' id='word_1_203' title='bbox 2084 1635 2196 1693; x_wconf 91' lang='lat' dir='ltr'>que</span> <span class='ocrx_word' id='word_1_204' title='bbox 2228 1620 2300 1675; x_wconf 92' lang='lat' dir='ltr'>ab</span> <span class='ocrx_word' id='word_1_205' title='bbox 2331 1619 2491 1675; x_wconf 88' lang='lat' dir='ltr'>omni</span> <span class='ocrx_word' id='word_1_206' title='bbox 2522 1620 2925 1691; x_wconf 87' lang='lat' dir='ltr'>integumento</span> <span class='ocrx_word' id='word_1_207' title='bbox 2950 1635 3016 1674; x_wconf 88' lang='lat' dir='ltr'>ac</span> <span class='ocrx_word' id='word_1_208' title='bbox 3060 1618 3423 1674; x_wconf 87' lang='lat' dir='ltr'>dubitatione</span> <span class='ocrx_word' id='word_1_209' title='bbox 3461 1619 3533 1674; x_wconf 87' lang='lat' dir='ltr'>ad</span> <span class='ocrx_word' id='word_1_210' title='bbox 3560 1635 3730 1675; x_wconf 89' lang='lat' dir='ltr'>men-</span> 
     </span>
    </p>
   </div>
   <div class='ocr_carea' id='block_1_33' title="bbox 2083 1707 3730 1767">
    <p class='ocr_par' dir='ltr' id='par_1_33' title="bbox 2083 1707 3730 1767">
     <span class='ocr_line' id='line_1_33' title="bbox 2083 1707 3730 1767; baseline -0.002 -1"><span class='ocrx_word' id='word_1_211' title='bbox 2083 1714 2203 1767; x_wconf 86' lang='lat' dir='ltr'>tem</span> <span class='ocrx_word' id='word_1_212' title='bbox 2225 1707 3104 1766; x_wconf 88' lang='lat' dir='ltr'>transmiserit.Circumvallata</span> <span class='ocrx_word' id='word_1_213' title='bbox 3126 1711 3323 1764; x_wconf 89' lang='lat' dir='ltr'>autem</span> <span class='ocrx_word' id='word_1_214' title='bbox 3339 1708 3730 1764; x_wconf 86' lang='lat' dir='ltr'>custoditaest</span> 
     </span>
    </p>
   </div>
   <div class='ocr_carea' id='block_1_34' title="bbox 314 1794 1971 1903">
    <p class='ocr_par' dir='ltr' id='par_1_34' title="bbox 314 1794 1968 1903">
     <span class='ocr_line' id='line_1_34' title="bbox 314 1794 1967 1875; baseline -0.004 -20"><span class='ocrx_word' id='word_1_215' title='bbox 314 1798 383 1855; x_wconf 75' lang='grc' dir='ltr'>ἃν</span> <span class='ocrx_word' id='word_1_216' title='bbox 447 1799 567 1871; x_wconf 80' lang='grc' dir='ltr'>μετ’</span> <span class='ocrx_word' id='word_1_217' title='bbox 624 1798 932 1872; x_wconf 73' lang='grc' dir='ltr'>ἐπιστήμης</span> <span class='ocrx_word' id='word_1_218' title='bbox 996 1794 1308 1873; x_wconf 83' lang='grc' dir='ltr'>διακρίνασα</span> <span class='ocrx_word' id='word_1_219' title='bbox 1370 1795 1739 1875; x_wconf 85' lang='grc' dir='ltr'>ἀφελκύσηται</span> <span class='ocrx_word' id='word_1_220' title='bbox 1809 1795 1967 1849; x_wconf 85' lang='grc' dir='ltr'>αὐτὸν</span> 
     </span>
     <span class='ocr_line' id='line_1_35' title="bbox 326 1885 1968 1903; baseline 0 0"><span class='ocrx_word' id='word_1_221' title='bbox 326 1891 341 1903; x_wconf 94' lang='grc'><em>.</em></span> <span class='ocrx_word' id='word_1_222' title='bbox 425 1886 449 1903; x_wconf 70' lang='grc' dir='ltr'>ε.</span> <span class='ocrx_word' id='word_1_223' title='bbox 491 1888 504 1903; x_wconf 88' lang='grc'><strong><em>,</em></strong></span> <span class='ocrx_word' id='word_1_224' title='bbox 783 1889 797 1903; x_wconf 62' lang='grc' dir='ltr'><strong>ς</strong></span> <span class='ocrx_word' id='word_1_225' title='bbox 1015 1888 1029 1903; x_wconf 63' lang='grc' dir='ltr'>ι</span> <span class='ocrx_word' id='word_1_226' title='bbox 1273 1887 1287 1903; x_wconf 60' lang='grc' dir='ltr'><strong>ε</strong></span> <span class='ocrx_word' id='word_1_227' title='bbox 1390 1886 1404 1903; x_wconf 68' lang='grc' dir='ltr'><strong>ς</strong></span> <span class='ocrx_word' id='word_1_228' title='bbox 1550 1885 1613 1903; x_wconf 64' lang='grc' dir='ltr'>ς,</span> <span class='ocrx_word' id='word_1_229' title='bbox 1955 1885 1968 1903; x_wconf 60' lang='grc' dir='ltr'>ε</span> 
     </span>
    </p>
   </div>
   <div class='ocr_carea' id='block_1_35' title="bbox 2082 1794 3729 1903">
    <p class='ocr_par' dir='ltr' id='par_1_35' title="bbox 2083 1796 3729 1871">
     <span class='ocr_line' id='line_1_36' title="bbox 2083 1796 3729 1871; baseline -0.001 -17"><span class='ocrx_word' id='word_1_230' title='bbox 2083 1798 2205 1854; x_wconf 60' lang='lat' dir='ltr'>haec</span> <span class='ocrx_word' id='word_1_231' title='bbox 2227 1798 2505 1871; x_wconf 88' lang='lat' dir='ltr'>repositio</span> <span class='ocrx_word' id='word_1_232' title='bbox 2528 1797 2975 1869; x_wconf 87' lang='lat' dir='ltr'>tranquillitate,</span> <span class='ocrx_word' id='word_1_233' title='bbox 3009 1813 3134 1869; x_wconf 83' lang='lat' dir='ltr'>quae</span> <span class='ocrx_word' id='word_1_234' title='bbox 3177 1796 3301 1869; x_wconf 86' lang='lat' dir='ltr'>agri</span> <span class='ocrx_word' id='word_1_235' title='bbox 3339 1796 3600 1854; x_wconf 88' lang='lat' dir='ltr'>liliorum</span> <span class='ocrx_word' id='word_1_236' title='bbox 3630 1813 3729 1853; x_wconf 82' lang='lat' dir='ltr'>ex-</span> 
     </span>
    </p>
   </div>
   <div class='ocr_carea' id='block_1_36' title="bbox 316 1885 1971 1962">
    <p class='ocr_par' dir='ltr' id='par_1_36' title="bbox 316 1885 1971 1962">
     <span class='ocr_line' id='line_1_37' title="bbox 316 1885 1971 1962; baseline -0.002 -19"><span class='ocrx_word' id='word_1_237' title='bbox 316 1891 353 1958; x_wconf 74' lang='grc' dir='ltr'><strong>ὴ</strong></span> <span class='ocrx_word' id='word_1_238' title='bbox 421 1886 655 1957; x_wconf 75' lang='grc' dir='ltr'>διάνοια,</span> <span class='ocrx_word' id='word_1_239' title='bbox 711 1889 799 1943; x_wconf 83' lang='grc' dir='ltr'>καὶ</span> <span class='ocrx_word' id='word_1_240' title='bbox 864 1888 1067 1962; x_wconf 85' lang='grc' dir='ltr'>γυμνὸν</span> <span class='ocrx_word' id='word_1_241' title='bbox 1126 1887 1327 1951; x_wconf 84' lang='grc' dir='ltr'>παντὸς</span> <span class='ocrx_word' id='word_1_242' title='bbox 1387 1885 1839 1959; x_wconf 80' lang='grc' dir='ltr'>ἐπικαλύμματος</span> <span class='ocrx_word' id='word_1_243' title='bbox 1884 1885 1971 1940; x_wconf 83' lang='grc' dir='ltr'>καὶ</span> 
     </span>
    </p>
   </div>
   <div class='ocr_carea' id='block_1_37' title="bbox 318 1972 1976 2055">
    <p class='ocr_par' dir='ltr' id='par_1_37' title="bbox 318 1972 1976 2055">
     <span class='ocr_line' id='line_1_38' title="bbox 318 1972 1976 2055; baseline -0.002 -21"><span class='ocrx_word' id='word_1_244' title='bbox 318 1973 751 2053; x_wconf 70' lang='grc' dir='ltr'>προϐλήματος,</span> <span class='ocrx_word' id='word_1_245' title='bbox 804 1978 1143 2054; x_wconf 68' lang='grc' dir='ltr'>παραπεμψῃ</span> <span class='ocrx_word' id='word_1_246' title='bbox 1192 1982 1273 2050; x_wconf 80' lang='grc' dir='ltr'>τῷ</span> <span class='ocrx_word' id='word_1_247' title='bbox 1328 1981 1426 2050; x_wconf 81' lang='grc' dir='ltr'>νῷ,</span> <span class='ocrx_word' id='word_1_248' title='bbox 1488 1975 1882 2055; x_wconf 81' lang='grc' dir='ltr'>Πεφυλαγμὲνη</span> <span class='ocrx_word' id='word_1_249' title='bbox 1918 1972 1976 2030; x_wconf 75' lang='grc' dir='ltr'>δί,</span> 
     </span>
    </p>
   </div>
   <div class='ocr_carea' id='block_1_38' title="bbox 312 2063 1974 2142">
    <p class='ocr_par' dir='ltr' id='par_1_38' title="bbox 312 2063 1974 2142">
     <span class='ocr_line' id='line_1_39' title="bbox 312 2063 1974 2142; baseline -0.001 -18"><span class='ocrx_word' id='word_1_250' title='bbox 312 2066 523 2139; x_wconf 71' lang='grc' dir='ltr'>ἔστινή</span> <span class='ocrx_word' id='word_1_251' title='bbox 554 2067 810 2130; x_wconf 83' lang='grc' dir='ltr'>ἀπόθεσις</span> <span class='ocrx_word' id='word_1_252' title='bbox 850 2063 985 2139; x_wconf 68' lang='grc' dir='ltr'>αὕτη</span> <span class='ocrx_word' id='word_1_253' title='bbox 1039 2070 1074 2137; x_wconf 77' lang='grc' dir='ltr'>ἡ</span> <span class='ocrx_word' id='word_1_254' title='bbox 1122 2065 1212 2123; x_wconf 80' lang='grc' dir='ltr'>διὰ</span> <span class='ocrx_word' id='word_1_255' title='bbox 1266 2072 1374 2123; x_wconf 89' lang='grc' dir='ltr'>τῶν</span> <span class='ocrx_word' id='word_1_256' title='bbox 1432 2066 1626 2142; x_wconf 87' lang='grc' dir='ltr'>κρίνων</span> <span class='ocrx_word' id='word_1_257' title='bbox 1674 2070 1772 2121; x_wconf 75' lang='grc' dir='ltr'>τοῦ</span> <span class='ocrx_word' id='word_1_258' title='bbox 1804 2066 1974 2140; x_wconf 68' lang='grc' dir='ltr'>ἀγροῦ</span> 
     </span>
    </p>
   </div>
   <div class='ocr_carea' id='block_1_39' title="bbox 312 2154 1973 2233">
    <p class='ocr_par' dir='ltr' id='par_1_39' title="bbox 312 2154 1973 2233">
     <span class='ocr_line' id='line_1_40' title="bbox 312 2154 1973 2233; baseline -0.004 -19"><span class='ocrx_word' id='word_1_259' title='bbox 312 2155 937 2233; x_wconf 76' lang='grc' dir='ltr'>παραδειγματιζομένη</span> <span class='ocrx_word' id='word_1_260' title='bbox 970 2155 1023 2212; x_wconf 88' lang='grc' dir='ltr'>ἐν</span> <span class='ocrx_word' id='word_1_261' title='bbox 1073 2156 1452 2232; x_wconf 75' lang='grc' dir='ltr'>Εὐαγγελίοις,</span> <span class='ocrx_word' id='word_1_262' title='bbox 1514 2154 1828 2228; x_wconf 83' lang='grc' dir='ltr'>ἀμεριμνίᾳ,</span> <span class='ocrx_word' id='word_1_263' title='bbox 1882 2154 1973 2209; x_wconf 69' lang='grc' dir='ltr'>’ίνα</span> 
     </span>
    </p>
   </div>
   <div class='ocr_carea' id='block_1_40' title="bbox 310 2244 1971 2322">
    <p class='ocr_par' dir='ltr' id='par_1_40' title="bbox 310 2244 1971 2322">
     <span class='ocr_line' id='line_1_41' title="bbox 310 2244 1971 2322; baseline -0.002 -20"><span class='ocrx_word' id='word_1_264' title='bbox 310 2250 392 2322; x_wconf 73' lang='grc' dir='ltr'>μὴ</span> <span class='ocrx_word' id='word_1_265' title='bbox 436 2249 540 2303; x_wconf 80' lang='grc' dir='ltr'>ὑπὸ</span> <span class='ocrx_word' id='word_1_266' title='bbox 595 2252 703 2301; x_wconf 88' lang='grc' dir='ltr'>τῶν</span> <span class='ocrx_word' id='word_1_267' title='bbox 749 2251 846 2301; x_wconf 72' lang='grc' dir='ltr'>τοῦ</span> <span class='ocrx_word' id='word_1_268' title='bbox 909 2247 1031 2322; x_wconf 87' lang='grc' dir='ltr'>βίου</span> <span class='ocrx_word' id='word_1_269' title='bbox 1090 2244 1361 2322; x_wconf 76' lang='grc' dir='ltr'>διαφθαρῇ</span> <span class='ocrx_word' id='word_1_270' title='bbox 1423 2250 1724 2319; x_wconf 75' lang='grc' dir='ltr'>μεριμνῶν,</span> <span class='ocrx_word' id='word_1_271' title='bbox 1758 2245 1971 2299; x_wconf 76' lang='grc' dir='ltr'>καὶτοῦ</span> 
     </span>
    </p>
   </div>
   <div class='ocr_carea' id='block_1_41' title="bbox 315 2334 1973 2411">
    <p class='ocr_par' dir='ltr' id='par_1_41' title="bbox 315 2334 1973 2411">
     <span class='ocr_line' id='line_1_42' title="bbox 315 2334 1973 2411; baseline -0.004 -18"><span class='ocrx_word' id='word_1_272' title='bbox 315 2338 371 2393; x_wconf 67' lang='grc' dir='ltr'>ἰν</span> <span class='ocrx_word' id='word_1_273' title='bbox 434 2338 605 2411; x_wconf 76' lang='grc' dir='ltr'>ταύτῃ</span> <span class='ocrx_word' id='word_1_274' title='bbox 680 2339 1048 2409; x_wconf 72' lang='grc' dir='ltr'>πνευματικοῦ</span> <span class='ocrx_word' id='word_1_275' title='bbox 1118 2340 1329 2410; x_wconf 73' lang='grc' dir='ltr'>καρποῦ</span> <span class='ocrx_word' id='word_1_276' title='bbox 1392 2336 1421 2389; x_wconf 87' lang='grc' dir='ltr'>ὁ</span> <span class='ocrx_word' id='word_1_277' title='bbox 1506 2334 1673 2396; x_wconf 87' lang='grc' dir='ltr'>καλὸς</span> <span class='ocrx_word' id='word_1_278' title='bbox 1731 2334 1973 2410; x_wconf 84' lang='grc' dir='ltr'>γεωργὸς</span> 
     </span>
    </p>
   </div>
   <div class='ocr_carea' id='block_1_42' title="bbox 299 2423 1972 2503">
    <p class='ocr_par' dir='ltr' id='par_1_42' title="bbox 299 2423 1972 2503">
     <span class='ocr_line' id='line_1_43' title="bbox 299 2423 1972 2503; baseline -0.003 -19"><span class='ocrx_word' id='word_1_279' title='bbox 299 2433 436 2490; x_wconf 72' lang='grc' dir='ltr'>νοῦς</span> <span class='ocrx_word' id='word_1_280' title='bbox 488 2429 747 2503; x_wconf 80' lang='grc' dir='ltr'>στερηθῇ.</span> <span class='ocrx_word' id='word_1_281' title='bbox 810 2429 911 2484; x_wconf 85' lang='grc' dir='ltr'>Καὶ</span> <span class='ocrx_word' id='word_1_282' title='bbox 962 2426 1104 2482; x_wconf 70' lang='grc' dir='ltr'>οὕτω</span> <span class='ocrx_word' id='word_1_283' title='bbox 1161 2428 1253 2500; x_wconf 77' lang='grc' dir='ltr'>μὶν</span> <span class='ocrx_word' id='word_1_284' title='bbox 1305 2430 1341 2497; x_wconf 77' lang='grc' dir='ltr'><strong>ἠ</strong></span> <span class='ocrx_word' id='word_1_285' title='bbox 1398 2428 1589 2481; x_wconf 78' lang='grc' dir='ltr'>κοιλία</span> <span class='ocrx_word' id='word_1_286' title='bbox 1616 2446 1731 2482; x_wconf 91' lang='grc' dir='ltr'>σον.</span> <span class='ocrx_word' id='word_1_287' title='bbox 1790 2427 1856 2483; x_wconf 73' lang='grc' dir='ltr'>Οἱ</span> <span class='ocrx_word' id='word_1_288' title='bbox 1916 2423 1972 2480; x_wconf 79' lang='grc' dir='ltr'>δὲ</span> 
     </span>
    </p>
   </div>
   <div class='ocr_carea' id='block_1_43' title="bbox 309 2512 1974 2593">
    <p class='ocr_par' dir='ltr' id='par_1_43' title="bbox 309 2512 1974 2593">
     <span class='ocr_line' id='line_1_44' title="bbox 309 2512 1974 2593; baseline -0.002 -20"><span class='ocrx_word' id='word_1_289' title='bbox 309 2516 414 2573; x_wconf 74' lang='grc' dir='ltr'>δύο</span> <span class='ocrx_word' id='word_1_290' title='bbox 486 2518 680 2592; x_wconf 85' lang='grc' dir='ltr'>μαστοί</span> <span class='ocrx_word' id='word_1_291' title='bbox 739 2538 855 2585; x_wconf 79' lang='grc' dir='ltr'>σου,</span> <span class='ocrx_word' id='word_1_292' title='bbox 932 2517 1006 2579; x_wconf 85' lang='grc' dir='ltr'>ὡς</span> <span class='ocrx_word' id='word_1_293' title='bbox 1085 2514 1181 2571; x_wconf 88' lang='grc' dir='ltr'>δύο</span> <span class='ocrx_word' id='word_1_294' title='bbox 1257 2512 1439 2593; x_wconf 74' lang='grc' dir='ltr'>νεϐροὶ</span> <span class='ocrx_word' id='word_1_295' title='bbox 1504 2513 1724 2589; x_wconf 82' lang='grc' dir='ltr'>δίδυμοι</span> <span class='ocrx_word' id='word_1_296' title='bbox 1785 2513 1974 2591; x_wconf 81' lang='grc' dir='ltr'>δορκά-</span> 
     </span>
    </p>
   </div>
   <div class='ocr_carea' id='block_1_44' title="bbox 308 2603 1967 2683">
    <p class='ocr_par' dir='ltr' id='par_1_44' title="bbox 308 2603 1967 2683">
     <span class='ocr_line' id='line_1_45' title="bbox 308 2603 1967 2683; baseline -0.002 -20"><span class='ocrx_word' id='word_1_297' title='bbox 308 2606 407 2670; x_wconf 80' lang='grc' dir='ltr'>δος</span> <span class='ocrx_word' id='word_1_298' title='bbox 446 2627 460 2641; x_wconf 83' lang='grc'><em>’</em></span> <span class='ocrx_word' id='word_1_299' title='bbox 489 2607 679 2683; x_wconf 80' lang='grc' dir='ltr'>ἤγουν,</span> <span class='ocrx_word' id='word_1_300' title='bbox 712 2608 774 2662; x_wconf 86' lang='grc' dir='ltr'>Ἡ</span> <span class='ocrx_word' id='word_1_301' title='bbox 825 2608 1023 2683; x_wconf 83' lang='grc' dir='ltr'>φυσική</span> <span class='ocrx_word' id='word_1_302' title='bbox 1070 2606 1159 2661; x_wconf 86' lang='grc' dir='ltr'>καὶ</span> <span class='ocrx_word' id='word_1_303' title='bbox 1202 2608 1236 2677; x_wconf 79' lang='grc' dir='ltr'>ἡ</span> <span class='ocrx_word' id='word_1_304' title='bbox 1269 2607 1433 2676; x_wconf 79' lang='grc' dir='ltr'>ἡθική</span> <span class='ocrx_word' id='word_1_305' title='bbox 1470 2603 1794 2660; x_wconf 85' lang='grc' dir='ltr'>διδασκαλία</span> <span class='ocrx_word' id='word_1_306' title='bbox 1825 2626 1920 2659; x_wconf 91' lang='grc' dir='ltr'>σου</span> <span class='ocrx_word' id='word_1_307' title='bbox 1954 2623 1967 2639; x_wconf 91' lang='grc'><strong>·</strong></span> 
     </span>
    </p>
   </div>
   <div class='ocr_carea' id='block_1_45' title="bbox 314 2692 1969 2773">
    <p class='ocr_par' dir='ltr' id='par_1_45' title="bbox 314 2692 1969 2773">
     <span class='ocr_line' id='line_1_46' title="bbox 314 2692 1969 2773; baseline -0.002 -20"><span class='ocrx_word' id='word_1_308' title='bbox 314 2695 389 2753; x_wconf 77' lang='grc' dir='ltr'>δι’</span> <span class='ocrx_word' id='word_1_309' title='bbox 452 2698 526 2751; x_wconf 84' lang='grc' dir='ltr'>ὧν</span> <span class='ocrx_word' id='word_1_310' title='bbox 565 2699 662 2760; x_wconf 75' lang='grc' dir='ltr'>τὰς</span> <span class='ocrx_word' id='word_1_311' title='bbox 736 2694 948 2758; x_wconf 73' lang='grc' dir='ltr'>ἀτελεῖς</span> <span class='ocrx_word' id='word_1_312' title='bbox 995 2696 1208 2773; x_wconf 75' lang='grc' dir='ltr'>τρέφεις</span> <span class='ocrx_word' id='word_1_313' title='bbox 1256 2698 1428 2768; x_wconf 79' lang='grc' dir='ltr'>ἡμᾶς,</span> <span class='ocrx_word' id='word_1_314' title='bbox 1487 2696 1678 2770; x_wconf 82' lang='grc' dir='ltr'>οἷάπερ</span> <span class='ocrx_word' id='word_1_315' title='bbox 1737 2692 1969 2769; x_wconf 87' lang='grc' dir='ltr'>γάλακτι</span> 
     </span>
    </p>
   </div>
   <div class='ocr_carea' id='block_1_46' title="bbox 309 2784 1972 2863">
    <p class='ocr_par' dir='ltr' id='par_1_46' title="bbox 309 2784 1972 2863">
     <span class='ocr_line' id='line_1_47' title="bbox 309 2784 1972 2863; baseline -0.002 -22"><span class='ocrx_word' id='word_1_316' title='bbox 309 2791 438 2848; x_wconf 79' lang='grc' dir='ltr'>τοῖς</span> <span class='ocrx_word' id='word_1_317' title='bbox 469 2790 718 2863; x_wconf 74' lang='grc' dir='ltr'>φυσικοῖς</span> <span class='ocrx_word' id='word_1_318' title='bbox 752 2784 938 2859; x_wconf 81' lang='grc' dir='ltr'>λόγοις</span> <span class='ocrx_word' id='word_1_319' title='bbox 969 2785 1058 2840; x_wconf 85' lang='grc' dir='ltr'>καὶ</span> <span class='ocrx_word' id='word_1_320' title='bbox 1088 2784 1315 2861; x_wconf 89' lang='grc' dir='ltr'>τρόποις</span> <span class='ocrx_word' id='word_1_321' title='bbox 1347 2785 1482 2859; x_wconf 87' lang='grc' dir='ltr'>πρὸς</span> <span class='ocrx_word' id='word_1_322' title='bbox 1512 2786 1613 2853; x_wconf 81' lang='grc' dir='ltr'>τήν</span> <span class='ocrx_word' id='word_1_323' title='bbox 1662 2784 1712 2840; x_wconf 82' lang='grc' dir='ltr'>ἐν</span> <span class='ocrx_word' id='word_1_324' title='bbox 1760 2786 1972 2859; x_wconf 84' lang='grc' dir='ltr'>Χριστῷ</span> 
     </span>
    </p>
   </div>
   <div class='ocr_carea' id='block_1_47' title="bbox 309 2871 1973 2950">
    <p class='ocr_par' dir='ltr' id='par_1_47' title="bbox 309 2871 1973 2950">
     <span class='ocr_line' id='line_1_48' title="bbox 309 2871 1973 2950; baseline 0 -21"><span class='ocrx_word' id='word_1_325' title='bbox 309 2875 641 2946; x_wconf 80' lang='grc' dir='ltr'>τελειότητα</span> <span class='ocrx_word' id='word_1_326' title='bbox 674 2894 685 2906; x_wconf 89' lang='grc'><strong>·</strong></span> <span class='ocrx_word' id='word_1_327' title='bbox 750 2871 864 2949; x_wconf 74' lang='grc' dir='ltr'>ἅμα</span> <span class='ocrx_word' id='word_1_328' title='bbox 915 2873 973 2929; x_wconf 84' lang='grc' dir='ltr'>ἐκ</span> <span class='ocrx_word' id='word_1_329' title='bbox 1024 2879 1120 2929; x_wconf 78' lang='grc' dir='ltr'>σοῦ</span> <span class='ocrx_word' id='word_1_330' title='bbox 1171 2875 1309 2950; x_wconf 87' lang='grc' dir='ltr'>κγτά</span> <span class='ocrx_word' id='word_1_331' title='bbox 1364 2875 1457 2948; x_wconf 72' lang='grc' dir='ltr'>μὲν</span> <span class='ocrx_word' id='word_1_332' title='bbox 1490 2873 1715 2949; x_wconf 84' lang='grc' dir='ltr'>θεωρίαν</span> <span class='ocrx_word' id='word_1_333' title='bbox 1752 2872 1973 2949; x_wconf 80' lang='grc' dir='ltr'>ὀξυδερ-</span> 
     </span>
    </p>
   </div>
   <div class='ocr_carea' id='block_1_48' title="bbox 311 2961 1972 3040">
    <p class='ocr_par' dir='ltr' id='par_1_48' title="bbox 311 2961 1972 3040">
     <span class='ocr_line' id='line_1_49' title="bbox 311 2961 1972 3040; baseline -0.001 -20"><span class='ocrx_word' id='word_1_334' title='bbox 311 2970 453 3037; x_wconf 79' lang='grc' dir='ltr'>κῶς,</span> <span class='ocrx_word' id='word_1_335' title='bbox 510 2963 647 3019; x_wconf 84' lang='grc' dir='ltr'>κατά</span> <span class='ocrx_word' id='word_1_336' title='bbox 705 2961 762 3018; x_wconf 77' lang='grc' dir='ltr'>δὲ</span> <span class='ocrx_word' id='word_1_337' title='bbox 818 2964 1007 3037; x_wconf 78' lang='grc' dir='ltr'>πρᾶξιν</span> <span class='ocrx_word' id='word_1_338' title='bbox 1043 2961 1362 3038; x_wconf 80' lang='grc' dir='ltr'>ὀξυδρόμως</span> <span class='ocrx_word' id='word_1_339' title='bbox 1392 2962 1641 3040; x_wconf 80' lang='grc' dir='ltr'>προίασιν</span> <span class='ocrx_word' id='word_1_340' title='bbox 1678 2981 1691 2995; x_wconf 83' lang='grc'>⁶</span> <span class='ocrx_word' id='word_1_341' title='bbox 1725 2964 1801 3026; x_wconf 87' lang='grc' dir='ltr'>ὡς</span> <span class='ocrx_word' id='word_1_342' title='bbox 1834 2965 1972 3036; x_wconf 79' lang='grc' dir='ltr'>μήτε</span> 
     </span>
    </p>
   </div>
   <div class='ocr_carea' id='block_1_49' title="bbox 309 3050 1971 3129">
    <p class='ocr_par' dir='ltr' id='par_1_49' title="bbox 309 3050 1971 3129">
     <span class='ocr_line' id='line_1_50' title="bbox 309 3050 1971 3129; baseline -0.002 -19"><span class='ocrx_word' id='word_1_343' title='bbox 309 3055 409 3110; x_wconf 80' lang='grc' dir='ltr'>τὸν</span> <span class='ocrx_word' id='word_1_344' title='bbox 445 3053 611 3128; x_wconf 90' lang='grc' dir='ltr'>λόγον</span> <span class='ocrx_word' id='word_1_345' title='bbox 660 3052 955 3129; x_wconf 77' lang='grc' dir='ltr'>ἄπρακτον,</span> <span class='ocrx_word' id='word_1_346' title='bbox 1007 3055 1146 3125; x_wconf 80' lang='grc' dir='ltr'>μήτε</span> <span class='ocrx_word' id='word_1_347' title='bbox 1190 3054 1290 3122; x_wconf 71' lang='grc' dir='ltr'>τήν</span> <span class='ocrx_word' id='word_1_348' title='bbox 1346 3053 1536 3129; x_wconf 80' lang='grc' dir='ltr'>πρᾶξιν</span> <span class='ocrx_word' id='word_1_349' title='bbox 1596 3050 1798 3128; x_wconf 78' lang='grc' dir='ltr'>ἄλογον</span> <span class='ocrx_word' id='word_1_350' title='bbox 1854 3051 1971 3107; x_wconf 84' lang='grc' dir='ltr'>ἐπι-</span> 
     </span>
    </p>
   </div>
   <div class='ocr_carea' id='block_1_50' title="bbox 309 3139 1972 3217">
    <p class='ocr_par' dir='ltr' id='par_1_50' title="bbox 309 3139 1972 3217">
     <span class='ocr_line' id='line_1_51' title="bbox 309 3139 1972 3217; baseline -0.002 -17"><span class='ocrx_word' id='word_1_351' title='bbox 309 3142 695 3217; x_wconf 69' lang='grc' dir='ltr'>δεικνυμένης.</span> <span class='ocrx_word' id='word_1_352' title='bbox 758 3142 901 3217; x_wconf 83' lang='grc' dir='ltr'>Πρὸς</span> <span class='ocrx_word' id='word_1_353' title='bbox 955 3140 1170 3204; x_wconf 86' lang='grc' dir='ltr'>τούτοις</span> <span class='ocrx_word' id='word_1_354' title='bbox 1246 3139 1323 3198; x_wconf 71' lang='grc' dir='ltr'>δὲ.</span> <span class='ocrx_word' id='word_1_355' title='bbox 1374 3139 1669 3217; x_wconf 87' lang='grc' dir='ltr'>Τράχηλός</span> <span class='ocrx_word' id='word_1_356' title='bbox 1728 3163 1845 3212; x_wconf 87' lang='grc' dir='ltr'>σου,</span> <span class='ocrx_word' id='word_1_357' title='bbox 1898 3142 1972 3203; x_wconf 88' lang='grc' dir='ltr'>ὡς</span> 
     </span>
    </p>
   </div>
   <div class='ocr_carea' id='block_1_51' title="bbox 2083 1886 3731 1960">
    <p class='ocr_par' dir='ltr' id='par_1_51' title="bbox 2083 1886 3731 1960">
     <span class='ocr_line' id='line_1_52' title="bbox 2083 1886 3731 1960; baseline -0.001 -17"><span class='ocrx_word' id='word_1_358' title='bbox 2083 1887 2277 1959; x_wconf 91' lang='lat' dir='ltr'>emplo</span> <span class='ocrx_word' id='word_1_359' title='bbox 2312 1888 2370 1942; x_wconf 91' lang='lat' dir='ltr'>in</span> <span class='ocrx_word' id='word_1_360' title='bbox 2412 1886 2739 1960; x_wconf 87' lang='lat' dir='ltr'>Evangeliis</span> <span class='ocrx_word' id='word_1_361' title='bbox 2783 1886 3201 1955; x_wconf 68' lang='lat' dir='ltr'>declaratur“,</span> <span class='ocrx_word' id='word_1_362' title='bbox 3252 1903 3324 1943; x_wconf 90' lang='lat' dir='ltr'>ne</span> <span class='ocrx_word' id='word_1_363' title='bbox 3371 1886 3543 1943; x_wconf 87' lang='lat' dir='ltr'>istius</span> <span class='ocrx_word' id='word_1_364' title='bbox 3598 1886 3731 1942; x_wconf 67' lang='lat' dir='ltr'>vita:</span> 
     </span>
    </p>
   </div>
   <div class='ocr_carea' id='block_1_52' title="bbox 2084 1975 3729 2048">
    <p class='ocr_par' dir='ltr' id='par_1_52' title="bbox 2084 1975 3729 2048">
     <span class='ocr_line' id='line_1_53' title="bbox 2084 1975 3729 2048; baseline -0.002 -15"><span class='ocrx_word' id='word_1_365' title='bbox 2084 1976 2526 2033; x_wconf 87' lang='lat' dir='ltr'>sollicidinibus</span> <span class='ocrx_word' id='word_1_366' title='bbox 2549 1993 2716 2033; x_wconf 90' lang='lat' dir='ltr'>mens</span> <span class='ocrx_word' id='word_1_367' title='bbox 2764 1976 2935 2048; x_wconf 88' lang='lat' dir='ltr'>quasi</span> <span class='ocrx_word' id='word_1_368' title='bbox 2977 1976 3167 2031; x_wconf 90' lang='lat' dir='ltr'>bonus</span> <span class='ocrx_word' id='word_1_369' title='bbox 3196 1975 3453 2047; x_wconf 81' lang='lat' dir='ltr'>agricola</span> <span class='ocrx_word' id='word_1_370' title='bbox 3479 1975 3729 2048; x_wconf 87' lang='lat' dir='ltr'>spiritali</span> 
     </span>
    </p>
   </div>
   <div class='ocr_carea' id='block_1_53' title="bbox 2082 2066 3731 2139">
    <p class='ocr_par' dir='ltr' id='par_1_53' title="bbox 2082 2066 3731 2139">
     <span class='ocr_line' id='line_1_54' title="bbox 2082 2066 3731 2139; baseline 0 -18"><span class='ocrx_word' id='word_1_371' title='bbox 2082 2066 2272 2139; x_wconf 89' lang='lat' dir='ltr'>ipsius</span> <span class='ocrx_word' id='word_1_372' title='bbox 2306 2068 2497 2122; x_wconf 85' lang='lat' dir='ltr'>fructu</span> <span class='ocrx_word' id='word_1_373' title='bbox 2524 2067 2805 2139; x_wconf 91' lang='lat' dir='ltr'>privetur.</span> <span class='ocrx_word' id='word_1_374' title='bbox 2833 2070 3015 2139; x_wconf 83' lang='lat' dir='ltr'>Atque</span> <span class='ocrx_word' id='word_1_375' title='bbox 3037 2066 3120 2121; x_wconf 90' lang='lat' dir='ltr'>ita</span> <span class='ocrx_word' id='word_1_376' title='bbox 3144 2066 3381 2138; x_wconf 86' lang='lat' dir='ltr'>quidem</span> <span class='ocrx_word' id='word_1_377' title='bbox 3419 2083 3481 2122; x_wconf 90' lang='lat' dir='ltr'>se</span> <span class='ocrx_word' id='word_1_378' title='bbox 3528 2070 3731 2122; x_wconf 88' lang='lat' dir='ltr'>venter</span> 
     </span>
    </p>
   </div>
   <div class='ocr_carea' id='block_1_54' title="bbox 2082 2154 3732 2225">
    <p class='ocr_par' dir='ltr' id='par_1_54' title="bbox 2082 2154 3732 2225">
     <span class='ocr_line' id='line_1_55' title="bbox 2082 2154 3732 2225; baseline -0.001 -13"><span class='ocrx_word' id='word_1_379' title='bbox 2082 2156 2279 2212; x_wconf 87' lang='lat' dir='ltr'>habet.</span> <span class='ocrx_word' id='word_1_380' title='bbox 2327 2158 2442 2211; x_wconf 85' lang='lat' dir='ltr'>Duo</span> <span class='ocrx_word' id='word_1_381' title='bbox 2498 2161 2693 2212; x_wconf 88' lang='lat' dir='ltr'>autem</span> <span class='ocrx_word' id='word_1_382' title='bbox 2750 2157 2928 2212; x_wconf 80' lang='lat' dir='ltr'>ubera</span> <span class='ocrx_word' id='word_1_383' title='bbox 2986 2160 3101 2225; x_wconf 82' lang='lat' dir='ltr'>tua,</span> <span class='ocrx_word' id='word_1_384' title='bbox 3152 2164 3295 2212; x_wconf 80' lang='lat' dir='ltr'>sicut</span> <span class='ocrx_word' id='word_1_385' title='bbox 3341 2156 3445 2212; x_wconf 85' lang='lat' dir='ltr'>duo</span> <span class='ocrx_word' id='word_1_386' title='bbox 3499 2154 3732 2212; x_wconf 79' lang='lat' dir='ltr'>hinnuli</span> 
     </span>
    </p>
   </div>
   <div class='ocr_carea' id='block_1_55' title="bbox 2080 2246 3729 2318">
    <p class='ocr_par' dir='ltr' id='par_1_55' title="bbox 2080 2246 3729 2318">
     <span class='ocr_line' id='line_1_56' title="bbox 2080 2246 3729 2318; baseline 0.001 -17"><span class='ocrx_word' id='word_1_387' title='bbox 2080 2247 2304 2316; x_wconf 81' lang='lat' dir='ltr'>gemelli</span> <span class='ocrx_word' id='word_1_388' title='bbox 2350 2262 2576 2317; x_wconf 74' lang='lat' dir='ltr'>capreae.</span> <span class='ocrx_word' id='word_1_389' title='bbox 2610 2246 2909 2301; x_wconf 86' lang='lat' dir='ltr'>Naturalis</span> <span class='ocrx_word' id='word_1_390' title='bbox 2941 2253 2997 2300; x_wconf 90' lang='lat' dir='ltr'>et</span> <span class='ocrx_word' id='word_1_391' title='bbox 3028 2246 3267 2302; x_wconf 89' lang='lat' dir='ltr'>moralis</span> <span class='ocrx_word' id='word_1_392' title='bbox 3314 2246 3581 2301; x_wconf 88' lang='lat' dir='ltr'>doctrina</span> <span class='ocrx_word' id='word_1_393' title='bbox 3610 2262 3729 2318; x_wconf 88' lang='lat' dir='ltr'>qua</span> 
     </span>
    </p>
   </div>
   <div class='ocr_carea' id='block_1_56' title="bbox 2083 2336 3724 2409">
    <p class='ocr_par' dir='ltr' id='par_1_56' title="bbox 2083 2336 3724 2409">
     <span class='ocr_line' id='line_1_57' title="bbox 2083 2336 3724 2409; baseline -0.001 -17"><span class='ocrx_word' id='word_1_394' title='bbox 2083 2355 2188 2392; x_wconf 91' lang='lat' dir='ltr'>nos</span> <span class='ocrx_word' id='word_1_395' title='bbox 2210 2338 2582 2408; x_wconf 87' lang='lat' dir='ltr'>imperfectos</span> <span class='ocrx_word' id='word_1_396' title='bbox 2614 2342 2899 2409; x_wconf 88' lang='lat' dir='ltr'>tanquam</span> <span class='ocrx_word' id='word_1_397' title='bbox 2923 2338 3091 2402; x_wconf 89' lang='lat' dir='ltr'>lacte,</span> <span class='ocrx_word' id='word_1_398' title='bbox 3120 2344 3245 2392; x_wconf 85' lang='lat' dir='ltr'>tum</span> <span class='ocrx_word' id='word_1_399' title='bbox 3271 2336 3599 2392; x_wconf 88' lang='lat' dir='ltr'>rationibus</span> <span class='ocrx_word' id='word_1_400' title='bbox 3623 2352 3724 2391; x_wconf 85' lang='lat' dir='ltr'>na-</span> 
     </span>
    </p>
   </div>
   <div class='ocr_carea' id='block_1_57' title="bbox 2081 2426 3733 2498">
    <p class='ocr_par' dir='ltr' id='par_1_57' title="bbox 2081 2426 3733 2498">
     <span class='ocr_line' id='line_1_58' title="bbox 2081 2426 3733 2498; baseline -0.001 -15"><span class='ocrx_word' id='word_1_401' title='bbox 2081 2427 2391 2496; x_wconf 90' lang='lat' dir='ltr'>turalibus,</span> <span class='ocrx_word' id='word_1_402' title='bbox 2416 2432 2585 2483; x_wconf 90' lang='lat' dir='ltr'>tuum</span> <span class='ocrx_word' id='word_1_403' title='bbox 2622 2427 2882 2483; x_wconf 89' lang='lat' dir='ltr'>moribus</span> <span class='ocrx_word' id='word_1_404' title='bbox 2908 2428 2979 2482; x_wconf 90' lang='lat' dir='ltr'>ad</span> <span class='ocrx_word' id='word_1_405' title='bbox 3012 2444 3138 2481; x_wconf 89' lang='lat' dir='ltr'>eam</span> <span class='ocrx_word' id='word_1_406' title='bbox 3165 2443 3290 2498; x_wconf 53' lang='lat' dir='ltr'>qua)</span> <span class='ocrx_word' id='word_1_407' title='bbox 3316 2427 3374 2481; x_wconf 92' lang='lat' dir='ltr'>in</span> <span class='ocrx_word' id='word_1_408' title='bbox 3395 2426 3623 2481; x_wconf 86' lang='lat' dir='ltr'>Christo</span> <span class='ocrx_word' id='word_1_409' title='bbox 3644 2430 3733 2481; x_wconf 82' lang='lat' dir='ltr'>est</span> 
     </span>
    </p>
   </div>
   <div class='ocr_carea' id='block_1_58' title="bbox 2083 2516 3735 2590">
    <p class='ocr_par' dir='ltr' id='par_1_58' title="bbox 2083 2516 3735 2590">
     <span class='ocr_line' id='line_1_59' title="bbox 2083 2516 3735 2590; baseline -0.002 -17"><span class='ocrx_word' id='word_1_410' title='bbox 2083 2518 2501 2590; x_wconf 83' lang='lat' dir='ltr'>perfectionem</span> <span class='ocrx_word' id='word_1_411' title='bbox 2537 2518 2723 2572; x_wconf 89' lang='lat' dir='ltr'>nutrit</span> <span class='ocrx_word' id='word_1_412' title='bbox 2757 2533 2768 2573; x_wconf 94' lang='lat'>:</span> <span class='ocrx_word' id='word_1_413' title='bbox 2806 2516 3021 2587; x_wconf 88' lang='lat' dir='ltr'>pariter</span> <span class='ocrx_word' id='word_1_414' title='bbox 3052 2532 3119 2571; x_wconf 87' lang='lat' dir='ltr'>ex</span> <span class='ocrx_word' id='word_1_415' title='bbox 3149 2521 3205 2571; x_wconf 87' lang='lat' dir='ltr'>te</span> <span class='ocrx_word' id='word_1_416' title='bbox 3253 2522 3379 2571; x_wconf 90' lang='lat' dir='ltr'>tum</span> <span class='ocrx_word' id='word_1_417' title='bbox 3437 2521 3604 2571; x_wconf 91' lang='lat' dir='ltr'>acute</span> <span class='ocrx_word' id='word_1_418' title='bbox 3631 2531 3735 2587; x_wconf 90' lang='lat' dir='ltr'>per</span> 
     </span>
    </p>
   </div>
   <div class='ocr_carea' id='block_1_59' title="bbox 2082 2594 3732 2679">
    <p class='ocr_par' dir='ltr' id='par_1_59' title="bbox 2082 2594 3732 2679">
     <span class='ocr_line' id='line_1_60' title="bbox 2082 2594 3732 2679; baseline -0.002 -16"><span class='ocrx_word' id='word_1_419' title='bbox 2082 2606 2661 2679; x_wconf 79' lang='lat' dir='ltr'>contemplationem,</span> <span class='ocrx_word' id='word_1_420' title='bbox 2688 2611 2813 2661; x_wconf 89' lang='lat' dir='ltr'>tum</span> <span class='ocrx_word' id='word_1_421' title='bbox 2838 2622 2939 2677; x_wconf 87' lang='lat' dir='ltr'>per</span> <span class='ocrx_word' id='word_1_422' title='bbox 2960 2594 3249 2661; x_wconf 36' lang='lat' dir='ltr'>actio-nem</span> <span class='ocrx_word' id='word_1_423' title='bbox 3273 2604 3539 2661; x_wconf 86' lang='lat' dir='ltr'>celeriter</span> <span class='ocrx_word' id='word_1_424' title='bbox 3562 2604 3694 2660; x_wconf 86' lang='lat' dir='ltr'>ﬂuit</span> <span class='ocrx_word' id='word_1_425' title='bbox 3719 2621 3732 2659; x_wconf 89' lang='lat'><strong>:</strong></span> 
     </span>
    </p>
   </div>
   <div class='ocr_carea' id='block_1_60' title="bbox 2083 2693 3735 2767">
    <p class='ocr_par' dir='ltr' id='par_1_60' title="bbox 2083 2693 3735 2767">
     <span class='ocr_line' id='line_1_61' title="bbox 2083 2693 3735 2767; baseline -0.002 -16"><span class='ocrx_word' id='word_1_426' title='bbox 2083 2712 2219 2751; x_wconf 89' lang='lat' dir='ltr'>cum</span> <span class='ocrx_word' id='word_1_427' title='bbox 2254 2713 2441 2767; x_wconf 89' lang='lat' dir='ltr'>neque</span> <span class='ocrx_word' id='word_1_428' title='bbox 2474 2696 2760 2752; x_wconf 89' lang='lat' dir='ltr'>rationem</span> <span class='ocrx_word' id='word_1_429' title='bbox 2793 2697 2920 2750; x_wconf 89' lang='lat' dir='ltr'>sine</span> <span class='ocrx_word' id='word_1_430' title='bbox 2952 2696 3198 2760; x_wconf 85' lang='lat' dir='ltr'>actione,</span> <span class='ocrx_word' id='word_1_431' title='bbox 3234 2710 3422 2765; x_wconf 89' lang='lat' dir='ltr'>neque</span> <span class='ocrx_word' id='word_1_432' title='bbox 3444 2693 3735 2750; x_wconf 87' lang='lat' dir='ltr'>actionem</span> 
     </span>
    </p>
   </div>
   <div class='ocr_carea' id='block_1_61' title="bbox 2081 2784 3730 2857">
    <p class='ocr_par' dir='ltr' id='par_1_61' title="bbox 2081 2784 3730 2857">
     <span class='ocr_line' id='line_1_62' title="bbox 2081 2784 3730 2857; baseline -0.002 -14"><span class='ocrx_word' id='word_1_433' title='bbox 2081 2787 2209 2843; x_wconf 88' lang='lat' dir='ltr'>sine</span> <span class='ocrx_word' id='word_1_434' title='bbox 2241 2788 2463 2843; x_wconf 88' lang='lat' dir='ltr'>ratione</span> <span class='ocrx_word' id='word_1_435' title='bbox 2484 2787 2694 2842; x_wconf 89' lang='lat' dir='ltr'>doceas</span> <span class='ocrx_word' id='word_1_436' title='bbox 2742 2802 2872 2841; x_wconf 90' lang='lat' dir='ltr'>esse</span> <span class='ocrx_word' id='word_1_437' title='bbox 2920 2784 3422 2857; x_wconf 89' lang='lat' dir='ltr'>conplectendam.</span> <span class='ocrx_word' id='word_1_438' title='bbox 3464 2786 3551 2839; x_wconf 81' lang='lat' dir='ltr'>Ad</span> <span class='ocrx_word' id='word_1_439' title='bbox 3606 2784 3730 2839; x_wconf 69' lang='lat' dir='ltr'>haec</span> 
     </span>
    </p>
   </div>
   <div class='ocr_carea' id='block_1_62' title="bbox 2081 2874 3736 2945">
    <p class='ocr_par' dir='ltr' id='par_1_62' title="bbox 2081 2874 3736 2945">
     <span class='ocr_line' id='line_1_63' title="bbox 2081 2874 3736 2945; baseline -0.003 -12"><span class='ocrx_word' id='word_1_440' title='bbox 2081 2878 2284 2933; x_wconf 80' lang='lat' dir='ltr'>collum</span> <span class='ocrx_word' id='word_1_441' title='bbox 2315 2885 2469 2931; x_wconf 89' lang='lat' dir='ltr'>tuum</span> <span class='ocrx_word' id='word_1_442' title='bbox 2500 2879 2644 2932; x_wconf 80' lang='lat' dir='ltr'>sicut</span> <span class='ocrx_word' id='word_1_443' title='bbox 2676 2877 2848 2931; x_wconf 84' lang='lat' dir='ltr'>turris</span> <span class='ocrx_word' id='word_1_444' title='bbox 2877 2876 3145 2931; x_wconf 80' lang='lat' dir='ltr'>eburnea.</span> <span class='ocrx_word' id='word_1_445' title='bbox 3173 2874 3436 2930; x_wconf 75' lang='lat' dir='ltr'>Rationis</span> <span class='ocrx_word' id='word_1_446' title='bbox 3466 2874 3574 2943; x_wconf 88' lang='lat' dir='ltr'>vis,</span> <span class='ocrx_word' id='word_1_447' title='bbox 3609 2891 3736 2945; x_wconf 63' lang='lat' dir='ltr'>quae</span> 
     </span>
    </p>
   </div>
   <div class='ocr_carea' id='block_1_63' title="bbox 2083 2964 3733 3037">
    <p class='ocr_par' dir='ltr' id='par_1_63' title="bbox 2083 2964 3733 3037">
     <span class='ocr_line' id='line_1_64' title="bbox 2083 2964 3733 3037; baseline -0.001 -16"><span class='ocrx_word' id='word_1_448' title='bbox 2083 2970 2148 3022; x_wconf 90' lang='lat' dir='ltr'>ut</span> <span class='ocrx_word' id='word_1_449' title='bbox 2177 2964 2396 3020; x_wconf 89' lang='lat' dir='ltr'>collum</span> <span class='ocrx_word' id='word_1_450' title='bbox 2427 2966 2602 3035; x_wconf 86' lang='lat' dir='ltr'>capiti</span> <span class='ocrx_word' id='word_1_451' title='bbox 2652 2981 2864 3036; x_wconf 88' lang='lat' dir='ltr'>corpus</span> <span class='ocrx_word' id='word_1_452' title='bbox 2898 2964 3214 3037; x_wconf 90' lang='lat' dir='ltr'>reliquum,</span> <span class='ocrx_word' id='word_1_453' title='bbox 3251 2964 3333 3021; x_wconf 88' lang='lat' dir='ltr'>ita</span> <span class='ocrx_word' id='word_1_454' title='bbox 3367 2964 3546 3020; x_wconf 88' lang='lat' dir='ltr'>menti</span> <span class='ocrx_word' id='word_1_455' title='bbox 3598 2981 3733 3020; x_wconf 88' lang='lat' dir='ltr'>sen-</span> 
     </span>
    </p>
   </div>
   <div class='ocr_carea' id='block_1_64' title="bbox 2082 3052 3735 3123">
    <p class='ocr_par' dir='ltr' id='par_1_64' title="bbox 2082 3052 3735 3123">
     <span class='ocr_line' id='line_1_65' title="bbox 2082 3052 3735 3123; baseline -0.001 -14"><span class='ocrx_word' id='word_1_456' title='bbox 2082 3071 2214 3109; x_wconf 88' lang='lat' dir='ltr'>sum</span> <span class='ocrx_word' id='word_1_457' title='bbox 2247 3052 2559 3109; x_wconf 88' lang='lat' dir='ltr'>connectit.</span> <span class='ocrx_word' id='word_1_458' title='bbox 2592 3053 2775 3107; x_wconf 88' lang='lat' dir='ltr'>turris</span> <span class='ocrx_word' id='word_1_459' title='bbox 2824 3054 3057 3123; x_wconf 84' lang='lat' dir='ltr'>quidem</span> <span class='ocrx_word' id='word_1_460' title='bbox 3112 3053 3301 3108; x_wconf 82' lang='lat' dir='ltr'>instar</span> <span class='ocrx_word' id='word_1_461' title='bbox 3329 3070 3432 3123; x_wconf 92' lang='lat' dir='ltr'>per</span> <span class='ocrx_word' id='word_1_462' title='bbox 3460 3052 3735 3109; x_wconf 89' lang='lat' dir='ltr'>virtutem</span> 
     </span>
    </p>
   </div>
   <div class='ocr_carea' id='block_1_65' title="bbox 2085 3141 3735 3212">
    <p class='ocr_par' dir='ltr' id='par_1_65' title="bbox 2085 3141 3735 3212">
     <span class='ocr_line' id='line_1_66' title="bbox 2085 3141 3735 3212; baseline -0.002 -13"><span class='ocrx_word' id='word_1_463' title='bbox 2085 3161 2119 3199; x_wconf 92' lang='lat' dir='ltr'>a</span> <span class='ocrx_word' id='word_1_464' title='bbox 2150 3144 2325 3199; x_wconf 89' lang='lat' dir='ltr'>rebus</span> <span class='ocrx_word' id='word_1_465' title='bbox 2348 3141 2685 3198; x_wconf 80' lang='lat' dir='ltr'>carnalibus</span> <span class='ocrx_word' id='word_1_466' title='bbox 2708 3143 2780 3197; x_wconf 89' lang='lat' dir='ltr'>ad</span> <span class='ocrx_word' id='word_1_467' title='bbox 2802 3141 3098 3212; x_wconf 88' lang='lat' dir='ltr'>spiritales</span> <span class='ocrx_word' id='word_1_468' title='bbox 3121 3159 3187 3197; x_wconf 90' lang='lat' dir='ltr'>ac</span> <span class='ocrx_word' id='word_1_469' title='bbox 3209 3141 3473 3198; x_wconf 71' lang='lat' dir='ltr'>crelestes</span> <span class='ocrx_word' id='word_1_470' title='bbox 3516 3142 3735 3198; x_wconf 83' lang='lat' dir='ltr'>extolli-</span> 
     </span>
    </p>
   </div>
   <div class='ocr_carea' id='block_1_66' title="bbox 306 3208 1971 3310">
    <p class='ocr_par' dir='ltr' id='par_1_66' title="bbox 306 3228 1971 3310">
     <span class='ocr_line' id='line_1_67' title="bbox 306 3228 1971 3310; baseline -0.002 -22"><span class='ocrx_word' id='word_1_471' title='bbox 306 3234 523 3310; x_wconf 79' lang='grc' dir='ltr'>πύργος</span> <span class='ocrx_word' id='word_1_472' title='bbox 573 3230 941 3308; x_wconf 72' lang='grc' dir='ltr'>ἐλεφάντινος,</span> <span class='ocrx_word' id='word_1_473' title='bbox 1010 3228 1225 3302; x_wconf 65' lang='grc' dir='ltr'>Εῗτουν,</span> <span class='ocrx_word' id='word_1_474' title='bbox 1299 3232 1375 3288; x_wconf 90' lang='grc' dir='ltr'>Τὸ</span> <span class='ocrx_word' id='word_1_475' title='bbox 1451 3230 1714 3287; x_wconf 77' lang='grc' dir='ltr'>συνάπτον</span> <span class='ocrx_word' id='word_1_476' title='bbox 1774 3232 1850 3303; x_wconf 80' lang='grc' dir='ltr'>τῷ</span> <span class='ocrx_word' id='word_1_477' title='bbox 1897 3235 1971 3303; x_wconf 77' lang='grc' dir='ltr'>νῷ</span> 
     </span>
    </p>
   </div>
   <div class='ocr_carea' id='block_1_67' title="bbox 2082 3208 3739 3310">
    <p class='ocr_par' dir='ltr' id='par_1_67' title="bbox 2084 3232 3739 3303">
     <span class='ocr_line' id='line_1_68' title="bbox 2084 3232 3739 3303; baseline -0.002 -15"><span class='ocrx_word' id='word_1_478' title='bbox 2084 3237 2203 3300; x_wconf 84' lang='lat' dir='ltr'>tur;</span> <span class='ocrx_word' id='word_1_479' title='bbox 2225 3232 2368 3288; x_wconf 90' lang='lat' dir='ltr'>levis</span> <span class='ocrx_word' id='word_1_480' title='bbox 2390 3237 2479 3287; x_wconf 89' lang='lat' dir='ltr'>cst</span> <span class='ocrx_word' id='word_1_481' title='bbox 2500 3235 2697 3286; x_wconf 90' lang='lat' dir='ltr'>autem</span> <span class='ocrx_word' id='word_1_482' title='bbox 2723 3235 2779 3285; x_wconf 89' lang='lat' dir='ltr'>et</span> <span class='ocrx_word' id='word_1_483' title='bbox 2810 3248 2956 3302; x_wconf 82' lang='lat' dir='ltr'>pura</span> <span class='ocrx_word' id='word_1_484' title='bbox 2979 3248 3104 3301; x_wconf 77' lang='lat' dir='ltr'>quos</span> <span class='ocrx_word' id='word_1_485' title='bbox 3136 3236 3226 3286; x_wconf 90' lang='lat' dir='ltr'>est</span> <span class='ocrx_word' id='word_1_486' title='bbox 3254 3232 3421 3302; x_wconf 92' lang='lat' dir='ltr'>ebur,</span> <span class='ocrx_word' id='word_1_487' title='bbox 3459 3232 3739 3303; x_wconf 88' lang='lat' dir='ltr'>quoniam</span> 
     </span>
    </p>
   </div>
   <div class='ocr_carea' id='block_1_68' title="bbox 306 3318 1972 3398">
    <p class='ocr_par' dir='ltr' id='par_1_68' title="bbox 306 3318 1972 3398">
     <span class='ocr_line' id='line_1_69' title="bbox 306 3318 1972 3398; baseline 0 -22"><span class='ocrx_word' id='word_1_488' title='bbox 306 3326 413 3393; x_wconf 68' lang='grc' dir='ltr'>τὴν</span> <span class='ocrx_word' id='word_1_489' title='bbox 464 3320 719 3391; x_wconf 69' lang='grc' dir='ltr'>αἴσθησιν</span> <span class='ocrx_word' id='word_1_490' title='bbox 786 3318 1018 3396; x_wconf 85' lang='grc' dir='ltr'>λογικόν</span> <span class='ocrx_word' id='word_1_491' title='bbox 1098 3341 1217 3393; x_wconf 88' lang='grc' dir='ltr'>σου,</span> <span class='ocrx_word' id='word_1_492' title='bbox 1273 3320 1510 3397; x_wconf 84' lang='grc' dir='ltr'>καθάπερ</span> <span class='ocrx_word' id='word_1_493' title='bbox 1559 3318 1848 3398; x_wconf 80' lang='grc' dir='ltr'>τράχηλος</span> <span class='ocrx_word' id='word_1_494' title='bbox 1904 3322 1972 3395; x_wconf 77' lang='grc' dir='ltr'>τῇ</span> 
     </span>
    </p>
   </div>
   <div class='ocr_carea' id='block_1_69' title="bbox 310 3408 1975 3490">
    <p class='ocr_par' dir='ltr' id='par_1_69' title="bbox 310 3408 1975 3490">
     <span class='ocr_line' id='line_1_70' title="bbox 310 3408 1975 3490; baseline -0.004 -21"><span class='ocrx_word' id='word_1_495' title='bbox 310 3410 534 3490; x_wconf 77' lang='grc' dir='ltr'>κεφαλῇ</span> <span class='ocrx_word' id='word_1_496' title='bbox 586 3412 649 3466; x_wconf 88' lang='grc' dir='ltr'>τὸ</span> <span class='ocrx_word' id='word_1_497' title='bbox 695 3410 892 3468; x_wconf 84' lang='grc' dir='ltr'>λοιπὸν</span> <span class='ocrx_word' id='word_1_498' title='bbox 966 3414 1147 3483; x_wconf 86' lang='grc' dir='ltr'>σῶμα,</span> <span class='ocrx_word' id='word_1_499' title='bbox 1211 3412 1300 3466; x_wconf 75' lang='grc' dir='ltr'>οἷα</span> <span class='ocrx_word' id='word_1_500' title='bbox 1362 3411 1456 3484; x_wconf 75' lang='grc' dir='ltr'>μὲν</span> <span class='ocrx_word' id='word_1_501' title='bbox 1515 3411 1720 3488; x_wconf 81' lang='grc' dir='ltr'>πύργος</span> <span class='ocrx_word' id='word_1_502' title='bbox 1770 3408 1975 3485; x_wconf 77' lang='grc' dir='ltr'>αἶ’ρεται</span> 
     </span>
    </p>
   </div>
   <div class='ocr_carea' id='block_1_70' title="bbox 305 3499 1977 3576">
    <p class='ocr_par' dir='ltr' id='par_1_70' title="bbox 305 3499 1977 3576">
     <span class='ocr_line' id='line_1_71' title="bbox 305 3499 1977 3576; baseline -0.003 -18"><span class='ocrx_word' id='word_1_503' title='bbox 305 3504 432 3558; x_wconf 85' lang='grc' dir='ltr'>καν⁹</span> <span class='ocrx_word' id='word_1_504' title='bbox 464 3502 660 3575; x_wconf 74' lang='grc' dir='ltr'>ἀρετήν</span> <span class='ocrx_word' id='word_1_505' title='bbox 689 3500 796 3556; x_wconf 80' lang='grc' dir='ltr'>ἀπὸ</span> <span class='ocrx_word' id='word_1_506' title='bbox 854 3504 960 3555; x_wconf 89' lang='grc' dir='ltr'>τῶν</span> <span class='ocrx_word' id='word_1_507' title='bbox 1013 3503 1282 3575; x_wconf 81' lang='grc' dir='ltr'>σαρκικῶν</span> <span class='ocrx_word' id='word_1_508' title='bbox 1342 3502 1478 3576; x_wconf 86' lang='grc' dir='ltr'>πρὸς</span> <span class='ocrx_word' id='word_1_509' title='bbox 1529 3501 1598 3555; x_wconf 77' lang='grc' dir='ltr'>τά</span> <span class='ocrx_word' id='word_1_510' title='bbox 1636 3499 1977 3573; x_wconf 80' lang='grc' dir='ltr'>πνευματικά</span> 
     </span>
    </p>
   </div>
   <div class='ocr_carea' id='block_1_71' title="bbox 316 3586 1974 3665">
    <p class='ocr_par' dir='ltr' id='par_1_71' title="bbox 316 3586 1974 3665">
     <span class='ocr_line' id='line_1_72' title="bbox 316 3586 1974 3665; baseline -0.003 -18"><span class='ocrx_word' id='word_1_511' title='bbox 316 3591 413 3648; x_wconf 81' lang='grc' dir='ltr'>καὶ</span> <span class='ocrx_word' id='word_1_512' title='bbox 476 3588 742 3664; x_wconf 71' lang='grc' dir='ltr'>οὕράνια*</span> <span class='ocrx_word' id='word_1_513' title='bbox 778 3592 868 3644; x_wconf 80' lang='grc' dir='ltr'>οἷα</span> <span class='ocrx_word' id='word_1_514' title='bbox 928 3587 974 3644; x_wconf 89' lang='grc' dir='ltr'>δ’</span> <span class='ocrx_word' id='word_1_515' title='bbox 1022 3588 1369 3660; x_wconf 68' lang='grc' dir='ltr'>ἐλεφάντινος</span> <span class='ocrx_word' id='word_1_516' title='bbox 1418 3588 1565 3645; x_wconf 84' lang='grc' dir='ltr'>λεῖον</span> <span class='ocrx_word' id='word_1_517' title='bbox 1623 3591 1853 3665; x_wconf 76' lang='grc' dir='ltr'>ὑπάρχει</span> <span class='ocrx_word' id='word_1_518' title='bbox 1885 3586 1974 3643; x_wconf 79' lang='grc' dir='ltr'>καὶ</span> 
     </span>
    </p>
   </div>
   <div class='ocr_carea' id='block_1_72' title="bbox 314 3678 1974 3757">
    <p class='ocr_par' dir='ltr' id='par_1_72' title="bbox 314 3678 1974 3757">
     <span class='ocr_line' id='line_1_73' title="bbox 314 3678 1974 3757; baseline 0 -21"><span class='ocrx_word' id='word_1_519' title='bbox 314 3681 557 3757; x_wconf 83' lang='grc' dir='ltr'>καθαρὸν</span> <span class='ocrx_word' id='word_1_520' title='bbox 592 3678 681 3735; x_wconf 82' lang='grc' dir='ltr'>διὰ</span> <span class='ocrx_word' id='word_1_521' title='bbox 716 3679 780 3734; x_wconf 90' lang='grc' dir='ltr'>τὸ</span> <span class='ocrx_word' id='word_1_522' title='bbox 814 3679 1173 3755; x_wconf 78' lang='grc' dir='ltr'>ἀπηλλάχθαι</span> <span class='ocrx_word' id='word_1_523' title='bbox 1210 3686 1310 3749; x_wconf 77' lang='grc' dir='ltr'>τῆς</span> <span class='ocrx_word' id='word_1_524' title='bbox 1339 3681 1454 3734; x_wconf 88' lang='grc' dir='ltr'>κατ’</span> <span class='ocrx_word' id='word_1_525' title='bbox 1486 3678 1730 3755; x_wconf 74' lang='grc' dir='ltr'>ἔλλειψιν</span> <span class='ocrx_word' id='word_1_526' title='bbox 1758 3680 1974 3755; x_wconf 78' lang='grc' dir='ltr'>ἀρετῆς,</span> 
     </span>
    </p>
   </div>
   <div class='ocr_carea' id='block_1_73' title="bbox 310 3766 1975 3845">
    <p class='ocr_par' dir='ltr' id='par_1_73' title="bbox 310 3766 1975 3845">
     <span class='ocr_line' id='line_1_74' title="bbox 310 3766 1975 3845; baseline 0.002 -20"><span class='ocrx_word' id='word_1_527' title='bbox 310 3772 411 3841; x_wconf 82' lang='grc' dir='ltr'>κηὶ</span> <span class='ocrx_word' id='word_1_528' title='bbox 456 3767 771 3845; x_wconf 74' lang='grc' dir='ltr'>ὑπερϐολὴν</span> <span class='ocrx_word' id='word_1_529' title='bbox 833 3768 1171 3842; x_wconf 78' lang='grc' dir='ltr'>μολυντικῆς</span> <span class='ocrx_word' id='word_1_530' title='bbox 1214 3774 1324 3825; x_wconf 90' lang='grc' dir='ltr'>τῶν</span> <span class='ocrx_word' id='word_1_531' title='bbox 1383 3772 1574 3845; x_wconf 79' lang='grc' dir='ltr'>ψυχῶν</span> <span class='ocrx_word' id='word_1_532' title='bbox 1635 3766 1975 3840; x_wconf 84' lang='grc' dir='ltr'>ἀνισότητος.</span> 
     </span>
    </p>
   </div>
   <div class='ocr_carea' id='block_1_74' title="bbox 313 3855 1972 3938">
    <p class='ocr_par' dir='ltr' id='par_1_74' title="bbox 313 3855 1972 3938">
     <span class='ocr_line' id='line_1_75' title="bbox 313 3855 1972 3938; baseline -0.001 -22"><span class='ocrx_word' id='word_1_533' title='bbox 313 3860 415 3916; x_wconf 75' lang='grc' dir='ltr'>Καὶ</span> <span class='ocrx_word' id='word_1_534' title='bbox 475 3858 759 3938; x_wconf 84' lang='grc' dir='ltr'>ὀφθαλμοί</span> <span class='ocrx_word' id='word_1_535' title='bbox 844 3879 962 3930; x_wconf 89' lang='grc' dir='ltr'>σου,</span> <span class='ocrx_word' id='word_1_536' title='bbox 1041 3860 1115 3920; x_wconf 86' lang='grc' dir='ltr'>ὡς</span> <span class='ocrx_word' id='word_1_537' title='bbox 1199 3856 1392 3931; x_wconf 85' lang='grc' dir='ltr'>λίμναι</span> <span class='ocrx_word' id='word_1_538' title='bbox 1479 3858 1529 3913; x_wconf 64' lang='grc' dir='ltr'>ἓν</span> <span class='ocrx_word' id='word_1_539' title='bbox 1602 3855 1867 3914; x_wconf 78' lang='grc' dir='ltr'>Ἐσσεϐὼν</span> <span class='ocrx_word' id='word_1_540' title='bbox 1921 3859 1972 3915; x_wconf 74' lang='grc' dir='ltr'>ἐν</span> 
     </span>
    </p>
   </div>
   <div class='ocr_carea' id='block_1_75' title="bbox 312 3944 1976 4023">
    <p class='ocr_par' dir='ltr' id='par_1_75' title="bbox 312 3944 1976 4023">
     <span class='ocr_line' id='line_1_76' title="bbox 312 3944 1976 4023; baseline 0 -19"><span class='ocrx_word' id='word_1_541' title='bbox 312 3947 517 4013; x_wconf 78' lang='grc' dir='ltr'>πύλαις</span> <span class='ocrx_word' id='word_1_542' title='bbox 592 3947 861 4023; x_wconf 84' lang='grc' dir='ltr'>θυγαθρὸς</span> <span class='ocrx_word' id='word_1_543' title='bbox 908 3944 1158 4003; x_wconf 76' lang='grc' dir='ltr'>πολλῶν.</span> <span class='ocrx_word' id='word_1_544' title='bbox 1215 3944 1466 4017; x_wconf 76' lang='grc' dir='ltr'>Δηλαδὴ,</span> <span class='ocrx_word' id='word_1_545' title='bbox 1520 3948 1587 4004; x_wconf 74' lang='grc' dir='ltr'><strong>Αἱ</strong></span> <span class='ocrx_word' id='word_1_546' title='bbox 1649 3948 1976 4023; x_wconf 84' lang='grc' dir='ltr'>θεωρητικαὶ</span> 
     </span>
    </p>
   </div>
   <div class='ocr_carea' id='block_1_76' title="bbox 307 4034 1976 4115">
    <p class='ocr_par' dir='ltr' id='par_1_76' title="bbox 307 4034 1976 4115">
     <span class='ocr_line' id='line_1_77' title="bbox 307 4034 1976 4115; baseline 0.001 -22"><span class='ocrx_word' id='word_1_547' title='bbox 307 4045 411 4108; x_wconf 79' lang='grc' dir='ltr'>τῆς</span> <span class='ocrx_word' id='word_1_548' title='bbox 468 4040 657 4113; x_wconf 76' lang='grc' dir='ltr'>ψυχῆς</span> <span class='ocrx_word' id='word_1_549' title='bbox 703 4058 799 4091; x_wconf 89' lang='grc' dir='ltr'>σου</span> <span class='ocrx_word' id='word_1_550' title='bbox 833 4034 1114 4109; x_wconf 83' lang='grc' dir='ltr'>δυνάμεις,</span> <span class='ocrx_word' id='word_1_551' title='bbox 1175 4038 1366 4112; x_wconf 80' lang='grc' dir='ltr'>οἷάπερ</span> <span class='ocrx_word' id='word_1_552' title='bbox 1427 4036 1615 4110; x_wconf 89' lang='grc' dir='ltr'>λίμναι</span> <span class='ocrx_word' id='word_1_553' title='bbox 1669 4040 1976 4115; x_wconf 85' lang='grc' dir='ltr'>συναγωγοὶ</span> 
     </span>
    </p>
   </div>
   <div class='ocr_carea' id='block_1_77' title="bbox 314 4123 1974 4203">
    <p class='ocr_par' dir='ltr' id='par_1_77' title="bbox 314 4123 1974 4203">
     <span class='ocr_line' id='line_1_78' title="bbox 314 4123 1974 4203; baseline 0.001 -20"><span class='ocrx_word' id='word_1_554' title='bbox 314 4133 425 4183; x_wconf 87' lang='grc' dir='ltr'>τῶν</span> <span class='ocrx_word' id='word_1_555' title='bbox 485 4128 539 4182; x_wconf 73' lang='grc' dir='ltr'>ἐν</span> <span class='ocrx_word' id='word_1_556' title='bbox 602 4125 787 4187; x_wconf 72' lang='grc' dir='ltr'>αὐταῖς</span> <span class='ocrx_word' id='word_1_557' title='bbox 848 4125 1163 4201; x_wconf 78' lang='grc' dir='ltr'>εἰσρεόντων</span> <span class='ocrx_word' id='word_1_558' title='bbox 1225 4123 1433 4181; x_wconf 74' lang='grc' dir='ltr'>ὕδάτων</span> <span class='ocrx_word' id='word_1_559' title='bbox 1493 4126 1781 4201; x_wconf 84' lang='grc' dir='ltr'>συνάγουσι</span> <span class='ocrx_word' id='word_1_560' title='bbox 1824 4127 1874 4183; x_wconf 78' lang='grc' dir='ltr'>ἓν</span> <span class='ocrx_word' id='word_1_561' title='bbox 1906 4133 1974 4203; x_wconf 79' lang='grc' dir='ltr'>τῇ</span> 
     </span>
    </p>
   </div>
   <div class='ocr_carea' id='block_1_78' title="bbox 306 4211 1974 4293">
    <p class='ocr_par' dir='ltr' id='par_1_78' title="bbox 306 4211 1974 4293">
     <span class='ocr_line' id='line_1_79' title="bbox 306 4211 1974 4293; baseline 0 -22"><span class='ocrx_word' id='word_1_562' title='bbox 306 4216 530 4287; x_wconf 69' lang='grc' dir='ltr'>αὐξήσει</span> <span class='ocrx_word' id='word_1_563' title='bbox 586 4222 687 4285; x_wconf 76' lang='grc' dir='ltr'>τῆς</span> <span class='ocrx_word' id='word_1_564' title='bbox 742 4215 861 4269; x_wconf 87' lang='grc' dir='ltr'>κατ’</span> <span class='ocrx_word' id='word_1_565' title='bbox 927 4214 1125 4288; x_wconf 70' lang='grc' dir='ltr'>ἀρετὴν</span> <span class='ocrx_word' id='word_1_566' title='bbox 1185 4214 1328 4277; x_wconf 88' lang='grc' dir='ltr'>θείας</span> <span class='ocrx_word' id='word_1_567' title='bbox 1387 4216 1760 4293; x_wconf 79' lang='grc' dir='ltr'>καρποφορίας</span> <span class='ocrx_word' id='word_1_568' title='bbox 1820 4211 1974 4292; x_wconf 80' lang='grc' dir='ltr'>(ὅπερ</span> 
     </span>
    </p>
   </div>
   <div class='ocr_carea' id='block_1_79' title="bbox 304 4299 1974 4378">
    <p class='ocr_par' dir='ltr' id='par_1_79' title="bbox 304 4299 1974 4378">
     <span class='ocr_line' id='line_1_80' title="bbox 304 4299 1974 4378; baseline -0.001 -17"><span class='ocrx_word' id='word_1_569' title='bbox 304 4307 375 4361; x_wconf 84' lang='grc' dir='ltr'>τὸ</span> <span class='ocrx_word' id='word_1_570' title='bbox 430 4299 704 4362; x_wconf 78' lang='grc' dir='ltr'>Ἐσσεϐὼν</span> <span class='ocrx_word' id='word_1_571' title='bbox 776 4302 1155 4378; x_wconf 74' lang='grc' dir='ltr'>ἑρμηνεύεται)</span> <span class='ocrx_word' id='word_1_572' title='bbox 1233 4300 1321 4358; x_wconf 76' lang='grc' dir='ltr'>διὰ</span> <span class='ocrx_word' id='word_1_573' title='bbox 1380 4304 1555 4377; x_wconf 79' lang='grc' dir='ltr'>μέσῶν</span> <span class='ocrx_word' id='word_1_574' title='bbox 1618 4308 1725 4359; x_wconf 89' lang='grc' dir='ltr'>τῶν</span> <span class='ocrx_word' id='word_1_575' title='bbox 1785 4304 1974 4377; x_wconf 73' lang='grc' dir='ltr'>αἰσθή-</span> 
     </span>
    </p>
   </div>
   <div class='ocr_carea' id='block_1_80' title="bbox 306 4388 1973 4470">
    <p class='ocr_par' dir='ltr' id='par_1_80' title="bbox 306 4388 1973 4470">
     <span class='ocr_line' id='line_1_81' title="bbox 306 4388 1973 4470; baseline 0.001 -21"><span class='ocrx_word' id='word_1_576' title='bbox 306 4415 468 4466; x_wconf 83' lang='grc' dir='ltr'>σεων,</span> <span class='ocrx_word' id='word_1_577' title='bbox 501 4392 575 4448; x_wconf 84' lang='grc' dir='ltr'>δι’</span> <span class='ocrx_word' id='word_1_578' title='bbox 627 4394 701 4448; x_wconf 84' lang='grc' dir='ltr'>ὧν</span> <span class='ocrx_word' id='word_1_579' title='bbox 757 4388 834 4455; x_wconf 79' lang='grc' dir='ltr'>ὥς</span> <span class='ocrx_word' id='word_1_580' title='bbox 892 4413 1054 4447; x_wconf 87' lang='grc' dir='ltr'>τινων</span> <span class='ocrx_word' id='word_1_581' title='bbox 1112 4390 1306 4447; x_wconf 84' lang='grc' dir='ltr'>πυλῶν</span> <span class='ocrx_word' id='word_1_582' title='bbox 1372 4391 1447 4455; x_wconf 86' lang='grc' dir='ltr'>είς</span> <span class='ocrx_word' id='word_1_583' title='bbox 1496 4395 1684 4469; x_wconf 72' lang='grc' dir='ltr'>νοερὰν</span> <span class='ocrx_word' id='word_1_584' title='bbox 1720 4396 1907 4470; x_wconf 72' lang='grc' dir='ltr'>ψυχὴν</span> <span class='ocrx_word' id='word_1_585' title='bbox 1939 4398 1973 4465; x_wconf 78' lang='grc' dir='ltr'>ἡ</span> 
     </span>
    </p>
   </div>
   <div class='ocr_carea' id='block_1_81' title="bbox 306 4482 1969 4559">
    <p class='ocr_par' dir='ltr' id='par_1_81' title="bbox 306 4482 1969 4559">
     <span class='ocr_line' id='line_1_82' title="bbox 306 4482 1969 4559; baseline 0 -19"><span class='ocrx_word' id='word_1_586' title='bbox 306 4489 413 4540; x_wconf 81' lang='grc' dir='ltr'>τῶν</span> <span class='ocrx_word' id='word_1_587' title='bbox 471 4483 623 4539; x_wconf 83' lang='grc' dir='ltr'>δλων</span> <span class='ocrx_word' id='word_1_588' title='bbox 670 4487 870 4557; x_wconf 79' lang='grc' dir='ltr'>γνῶσις</span> <span class='ocrx_word' id='word_1_589' title='bbox 925 4482 1142 4536; x_wconf 84' lang='grc' dir='ltr'>εἷσιέναι</span> <span class='ocrx_word' id='word_1_590' title='bbox 1204 4482 1428 4559; x_wconf 67' lang='grc' dir='ltr'>πέφυκε,</span> <span class='ocrx_word' id='word_1_591' title='bbox 1482 4484 1583 4552; x_wconf 75' lang='grc' dir='ltr'>τὴν</span> <span class='ocrx_word' id='word_1_592' title='bbox 1640 4486 1969 4559; x_wconf 66' lang='grc' dir='ltr'>τικτομένην</span> 
     </span>
    </p>
   </div>
   <div class='ocr_carea' id='block_1_82' title="bbox 2087 3320 3741 3395">
    <p class='ocr_par' dir='ltr' id='par_1_82' title="bbox 2087 3320 3741 3395">
     <span class='ocr_line' id='line_1_83' title="bbox 2087 3320 3741 3395; baseline -0.002 -15"><span class='ocrx_word' id='word_1_593' title='bbox 2087 3324 2158 3380; x_wconf 88' lang='lat' dir='ltr'>ab</span> <span class='ocrx_word' id='word_1_594' title='bbox 2182 3322 2579 3395; x_wconf 75' lang='lat' dir='ltr'>inaequalitate</span> <span class='ocrx_word' id='word_1_595' title='bbox 2614 3338 2740 3394; x_wconf 57' lang='lat' dir='ltr'>qua</span> <span class='ocrx_word' id='word_1_596' title='bbox 2766 3320 2823 3375; x_wconf 93' lang='lat' dir='ltr'>in</span> <span class='ocrx_word' id='word_1_597' title='bbox 2857 3336 3096 3377; x_wconf 87' lang='lat' dir='ltr'>excessu</span> <span class='ocrx_word' id='word_1_598' title='bbox 3130 3322 3473 3393; x_wconf 86' lang='lat' dir='ltr'>defectuque</span> <span class='ocrx_word' id='word_1_599' title='bbox 3503 3321 3741 3377; x_wconf 86' lang='lat' dir='ltr'>virtutis</span> 
     </span>
    </p>
   </div>
   <div class='ocr_carea' id='block_1_83' title="bbox 2086 3411 3727 3484">
    <p class='ocr_par' dir='ltr' id='par_1_83' title="bbox 2086 3411 3727 3484">
     <span class='ocr_line' id='line_1_84' title="bbox 2086 3411 3727 3484; baseline -0.004 -14"><span class='ocrx_word' id='word_1_600' title='bbox 2086 3414 2239 3470; x_wconf 87' lang='lat' dir='ltr'>inest</span> <span class='ocrx_word' id='word_1_601' title='bbox 2264 3418 2319 3469; x_wconf 91' lang='lat' dir='ltr'>et</span> <span class='ocrx_word' id='word_1_602' title='bbox 2350 3414 2580 3469; x_wconf 87' lang='lat' dir='ltr'>animas</span> <span class='ocrx_word' id='word_1_603' title='bbox 2603 3411 2896 3484; x_wconf 89' lang='lat' dir='ltr'>inquinat,</span> <span class='ocrx_word' id='word_1_604' title='bbox 2922 3415 3011 3467; x_wconf 91' lang='lat' dir='ltr'>est</span> <span class='ocrx_word' id='word_1_605' title='bbox 3035 3411 3451 3467; x_wconf 87' lang='lat' dir='ltr'>remotissima.</span> <span class='ocrx_word' id='word_1_606' title='bbox 3484 3412 3553 3467; x_wconf 87' lang='lat' dir='ltr'>Et</span> <span class='ocrx_word' id='word_1_607' title='bbox 3581 3411 3727 3466; x_wconf 84' lang='lat' dir='ltr'>oculi</span> 
     </span>
    </p>
   </div>
   <div class='ocr_carea' id='block_1_84' title="bbox 2086 3499 3733 3573">
    <p class='ocr_par' dir='ltr' id='par_1_84' title="bbox 2086 3499 3733 3573">
     <span class='ocr_line' id='line_1_85' title="bbox 2086 3499 3733 3573; baseline -0.004 -13"><span class='ocrx_word' id='word_1_608' title='bbox 2086 3505 2172 3560; x_wconf 82' lang='lat' dir='ltr'>tui</span> <span class='ocrx_word' id='word_1_609' title='bbox 2201 3504 2341 3558; x_wconf 77' lang='lat' dir='ltr'>sicut</span> <span class='ocrx_word' id='word_1_610' title='bbox 2368 3502 2600 3573; x_wconf 73' lang='lat' dir='ltr'>piscinae</span> <span class='ocrx_word' id='word_1_611' title='bbox 2645 3503 2707 3556; x_wconf 87' lang='lat' dir='ltr'>in</span> <span class='ocrx_word' id='word_1_612' title='bbox 2756 3500 2991 3556; x_wconf 78' lang='lat' dir='ltr'>Essebon</span> <span class='ocrx_word' id='word_1_613' title='bbox 3042 3502 3101 3556; x_wconf 81' lang='lat' dir='ltr'>in</span> <span class='ocrx_word' id='word_1_614' title='bbox 3139 3503 3322 3571; x_wconf 86' lang='lat' dir='ltr'>portis</span> <span class='ocrx_word' id='word_1_615' title='bbox 3363 3501 3497 3570; x_wconf 67' lang='lat' dir='ltr'>ﬁliae</span> <span class='ocrx_word' id='word_1_616' title='bbox 3527 3499 3733 3555; x_wconf 84' lang='lat' dir='ltr'>multo-</span> 
     </span>
    </p>
   </div>
   <div class='ocr_carea' id='block_1_85' title="bbox 2084 3589 3736 3662">
    <p class='ocr_par' dir='ltr' id='par_1_85' title="bbox 2084 3589 3736 3662">
     <span class='ocr_line' id='line_1_86' title="bbox 2084 3589 3736 3662; baseline -0.001 -14"><span class='ocrx_word' id='word_1_617' title='bbox 2084 3610 2229 3648; x_wconf 86' lang='lat' dir='ltr'>rum.</span> <span class='ocrx_word' id='word_1_618' title='bbox 2261 3591 2483 3647; x_wconf 79' lang='lat' dir='ltr'>Animae</span> <span class='ocrx_word' id='word_1_619' title='bbox 2534 3596 2646 3646; x_wconf 68' lang='lat' dir='ltr'>tuae</span> <span class='ocrx_word' id='word_1_620' title='bbox 2695 3590 2966 3662; x_wconf 75' lang='lat' dir='ltr'>potentiaa</span> <span class='ocrx_word' id='word_1_621' title='bbox 3020 3589 3414 3662; x_wconf 71' lang='lat' dir='ltr'>speculativse,</span> <span class='ocrx_word' id='word_1_622' title='bbox 3456 3594 3736 3661; x_wconf 84' lang='lat' dir='ltr'>tanquam</span> 
     </span>
    </p>
   </div>
   <div class='ocr_carea' id='block_1_86' title="bbox 2084 3679 3734 3756">
    <p class='ocr_par' dir='ltr' id='par_1_86' title="bbox 2084 3679 3734 3756">
     <span class='ocr_line' id='line_1_87' title="bbox 2084 3679 3734 3756; baseline -0.003 -18"><span class='ocrx_word' id='word_1_623' title='bbox 2084 3683 2325 3756; x_wconf 66' lang='lat' dir='ltr'>piscinae</span> <span class='ocrx_word' id='word_1_624' title='bbox 2357 3698 2538 3753; x_wconf 87' lang='lat' dir='ltr'>aquas</span> <span class='ocrx_word' id='word_1_625' title='bbox 2571 3698 2697 3752; x_wconf 83' lang='lat' dir='ltr'>quae</span> <span class='ocrx_word' id='word_1_626' title='bbox 2738 3680 2799 3735; x_wconf 92' lang='lat' dir='ltr'>in</span> <span class='ocrx_word' id='word_1_627' title='bbox 2846 3698 2907 3735; x_wconf 92' lang='lat' dir='ltr'>se</span> <span class='ocrx_word' id='word_1_628' title='bbox 2946 3680 3225 3748; x_wconf 88' lang='lat' dir='ltr'>inﬂuunt,</span> <span class='ocrx_word' id='word_1_629' title='bbox 3259 3679 3628 3753; x_wconf 88' lang='lat' dir='ltr'>colligentes,</span> <span class='ocrx_word' id='word_1_630' title='bbox 3673 3680 3734 3734; x_wconf 89' lang='lat' dir='ltr'>in</span> 
     </span>
    </p>
   </div>
   <div class='ocr_carea' id='block_1_87' title="bbox 2084 3769 3739 3842">
    <p class='ocr_par' dir='ltr' id='par_1_87' title="bbox 2084 3769 3739 3842">
     <span class='ocr_line' id='line_1_88' title="bbox 2084 3769 3739 3842; baseline -0.004 -12"><span class='ocrx_word' id='word_1_631' title='bbox 2084 3771 2292 3830; x_wconf 72' lang='lat' dir='ltr'>divinae</span> <span class='ocrx_word' id='word_1_632' title='bbox 2331 3771 2616 3827; x_wconf 88' lang='lat' dir='ltr'>ubertatis</span> <span class='ocrx_word' id='word_1_633' title='bbox 2656 3770 2738 3841; x_wconf 92' lang='lat' dir='ltr'>(id</span> <span class='ocrx_word' id='word_1_634' title='bbox 2790 3772 2942 3825; x_wconf 91' lang='lat' dir='ltr'>enim</span> <span class='ocrx_word' id='word_1_635' title='bbox 2995 3769 3291 3842; x_wconf 83' lang='lat' dir='ltr'>significat</span> <span class='ocrx_word' id='word_1_636' title='bbox 3319 3769 3604 3841; x_wconf 84' lang='lat' dir='ltr'>Essebon)</span> <span class='ocrx_word' id='word_1_637' title='bbox 3638 3785 3739 3841; x_wconf 91' lang='lat' dir='ltr'>per</span> 
     </span>
    </p>
   </div>
   <div class='ocr_carea' id='block_1_88' title="bbox 2082 3861 3739 3931">
    <p class='ocr_par' dir='ltr' id='par_1_88' title="bbox 2082 3861 3739 3931">
     <span class='ocr_line' id='line_1_89' title="bbox 2082 3861 3739 3931; baseline -0.003 -13"><span class='ocrx_word' id='word_1_638' title='bbox 2082 3861 2367 3919; x_wconf 85' lang='lat' dir='ltr'>virtutum</span> <span class='ocrx_word' id='word_1_639' title='bbox 2420 3862 2805 3925; x_wconf 88' lang='lat' dir='ltr'>incrementa,</span> <span class='ocrx_word' id='word_1_640' title='bbox 2858 3874 3141 3915; x_wconf 87' lang='lat' dir='ltr'>sensuum</span> <span class='ocrx_word' id='word_1_641' title='bbox 3192 3875 3369 3930; x_wconf 89' lang='lat' dir='ltr'>opera</span> <span class='ocrx_word' id='word_1_642' title='bbox 3424 3875 3525 3931; x_wconf 92' lang='lat' dir='ltr'>per</span> <span class='ocrx_word' id='word_1_643' title='bbox 3592 3874 3739 3930; x_wconf 89' lang='lat' dir='ltr'>quos</span> 
     </span>
    </p>
   </div>
   <div class='ocr_carea' id='block_1_89' title="bbox 2087 3948 3740 4024">
    <p class='ocr_par' dir='ltr' id='par_1_89' title="bbox 2087 3948 3740 4024">
     <span class='ocr_line' id='line_1_90' title="bbox 2087 3948 3740 4024; baseline -0.002 -17"><span class='ocrx_word' id='word_1_644' title='bbox 2087 3951 2257 4024; x_wconf 80' lang='lat' dir='ltr'>quasi</span> <span class='ocrx_word' id='word_1_645' title='bbox 2290 3966 2392 4022; x_wconf 90' lang='lat' dir='ltr'>per</span> <span class='ocrx_word' id='word_1_646' title='bbox 2421 3950 2708 4021; x_wconf 85' lang='lat' dir='ltr'>quasdam</span> <span class='ocrx_word' id='word_1_647' title='bbox 2743 3953 2941 4019; x_wconf 89' lang='lat' dir='ltr'>portas</span> <span class='ocrx_word' id='word_1_648' title='bbox 2966 3949 3021 4003; x_wconf 91' lang='lat' dir='ltr'>in</span> <span class='ocrx_word' id='word_1_649' title='bbox 3049 3948 3740 4005; x_wconf 86' lang='lat' dir='ltr'>animamintellectivam</span> 
     </span>
    </p>
   </div>
   <div class='ocr_carea' id='block_1_90' title="bbox 2085 4039 3742 4111">
    <p class='ocr_par' dir='ltr' id='par_1_90' title="bbox 2085 4039 3742 4111">
     <span class='ocr_line' id='line_1_91' title="bbox 2085 4039 3742 4111; baseline -0.003 -15"><span class='ocrx_word' id='word_1_650' title='bbox 2085 4039 2340 4111; x_wconf 84' lang='lat' dir='ltr'>cognitio</span> <span class='ocrx_word' id='word_1_651' title='bbox 2374 4055 2569 4095; x_wconf 88' lang='lat' dir='ltr'>rerum</span> <span class='ocrx_word' id='word_1_652' title='bbox 2598 4039 2947 4111; x_wconf 88' lang='lat' dir='ltr'>ingreditur,</span> <span class='ocrx_word' id='word_1_653' title='bbox 2977 4053 3046 4093; x_wconf 83' lang='lat' dir='ltr'>ex</span> <span class='ocrx_word' id='word_1_654' title='bbox 3093 4039 3253 4093; x_wconf 90' lang='lat' dir='ltr'>varia</span> <span class='ocrx_word' id='word_1_655' title='bbox 3303 4053 3499 4093; x_wconf 89' lang='lat' dir='ltr'>rerum</span> <span class='ocrx_word' id='word_1_656' title='bbox 3532 4041 3742 4092; x_wconf 82' lang='lat' dir='ltr'>natura</span> 
     </span>
    </p>
   </div>
   <div class='ocr_carea' id='block_1_91' title="bbox 2085 4125 3740 4200">
    <p class='ocr_par' dir='ltr' id='par_1_91' title="bbox 2085 4125 3740 4200">
     <span class='ocr_line' id='line_1_92' title="bbox 2085 4125 3740 4200; baseline 0 -17"><span class='ocrx_word' id='word_1_657' title='bbox 2085 4128 2371 4200; x_wconf 85' lang='lat' dir='ltr'>colligunt</span> <span class='ocrx_word' id='word_1_658' title='bbox 2445 4129 2865 4198; x_wconf 88' lang='lat' dir='ltr'>cognitionem,</span> <span class='ocrx_word' id='word_1_659' title='bbox 2928 4143 3058 4197; x_wconf 75' lang='lat' dir='ltr'>quae</span> <span class='ocrx_word' id='word_1_660' title='bbox 3114 4142 3183 4181; x_wconf 87' lang='lat' dir='ltr'>ex</span> <span class='ocrx_word' id='word_1_661' title='bbox 3239 4125 3740 4199; x_wconf 85' lang='lat' dir='ltr'>contemplatione</span> 
     </span>
    </p>
   </div>
   <div class='ocr_carea' id='block_1_92' title="bbox 2086 4216 3733 4288">
    <p class='ocr_par' dir='ltr' id='par_1_92' title="bbox 2086 4216 3733 4288">
     <span class='ocr_line' id='line_1_93' title="bbox 2086 4216 3733 4288; baseline -0.002 -15"><span class='ocrx_word' id='word_1_662' title='bbox 2086 4221 2480 4288; x_wconf 86' lang='lat' dir='ltr'>comparatur.</span> <span class='ocrx_word' id='word_1_663' title='bbox 2534 4217 2818 4272; x_wconf 68' lang='lat' dir='ltr'>Praeterea</span> <span class='ocrx_word' id='word_1_664' title='bbox 2864 4232 3033 4271; x_wconf 81' lang='lat' dir='ltr'>nasus</span> <span class='ocrx_word' id='word_1_665' title='bbox 3083 4223 3208 4270; x_wconf 85' lang='lat' dir='ltr'>tuus</span> <span class='ocrx_word' id='word_1_666' title='bbox 3236 4217 3379 4270; x_wconf 80' lang='lat' dir='ltr'>sicut</span> <span class='ocrx_word' id='word_1_667' title='bbox 3426 4217 3603 4271; x_wconf 81' lang='lat' dir='ltr'>turris</span> <span class='ocrx_word' id='word_1_668' title='bbox 3640 4216 3733 4271; x_wconf 89' lang='lat' dir='ltr'>Li-</span> 
     </span>
    </p>
   </div>
   <div class='ocr_carea' id='block_1_93' title="bbox 2086 4304 3734 4378">
    <p class='ocr_par' dir='ltr' id='par_1_93' title="bbox 2086 4304 3734 4378">
     <span class='ocr_line' id='line_1_94' title="bbox 2086 4304 3734 4378; baseline -0.001 -16"><span class='ocrx_word' id='word_1_669' title='bbox 2086 4306 2237 4377; x_wconf 74' lang='lat' dir='ltr'>bani,</span> <span class='ocrx_word' id='word_1_670' title='bbox 2269 4320 2390 4378; x_wconf 69' lang='lat' dir='ltr'>quae</span> <span class='ocrx_word' id='word_1_671' title='bbox 2410 4306 2635 4376; x_wconf 82' lang='lat' dir='ltr'>respicit</span> <span class='ocrx_word' id='word_1_672' title='bbox 2663 4307 2863 4376; x_wconf 84' lang='lat' dir='ltr'>faciem</span> <span class='ocrx_word' id='word_1_673' title='bbox 2896 4305 3165 4359; x_wconf 80' lang='lat' dir='ltr'>Damasci.</span> <span class='ocrx_word' id='word_1_674' title='bbox 3218 4304 3440 4375; x_wconf 89' lang='lat' dir='ltr'>Nempe</span> <span class='ocrx_word' id='word_1_675' title='bbox 3486 4304 3574 4360; x_wconf 91' lang='lat' dir='ltr'>vis</span> <span class='ocrx_word' id='word_1_676' title='bbox 3618 4304 3734 4360; x_wconf 84' lang='lat' dir='ltr'>dis-</span> 
     </span>
    </p>
   </div>
   <div class='ocr_carea' id='block_1_94' title="bbox 2083 4390 3729 4465">
    <p class='ocr_par' dir='ltr' id='par_1_94' title="bbox 2083 4390 3729 4465">
     <span class='ocr_line' id='line_1_95' title="bbox 2083 4390 3729 4465; baseline -0.002 -15"><span class='ocrx_word' id='word_1_677' title='bbox 2083 4392 2356 4450; x_wconf 84' lang='lat' dir='ltr'>cernendi</span> <span class='ocrx_word' id='word_1_678' title='bbox 2414 4394 2565 4465; x_wconf 79' lang='lat' dir='ltr'>(quae</span> <span class='ocrx_word' id='word_1_679' title='bbox 2620 4397 2685 4447; x_wconf 89' lang='lat' dir='ltr'>ut</span> <span class='ocrx_word' id='word_1_680' title='bbox 2741 4391 3089 4448; x_wconf 86' lang='lat' dir='ltr'>suavitatem</span> <span class='ocrx_word' id='word_1_681' title='bbox 3151 4408 3185 4446; x_wconf 90' lang='lat' dir='ltr'>a</span> <span class='ocrx_word' id='word_1_682' title='bbox 3232 4390 3512 4460; x_wconf 72' lang='lat' dir='ltr'>fmditate,</span> <span class='ocrx_word' id='word_1_683' title='bbox 3548 4391 3629 4447; x_wconf 91' lang='lat' dir='ltr'>sic</span> <span class='ocrx_word' id='word_1_684' title='bbox 3662 4409 3729 4447; x_wconf 87' lang='lat' dir='ltr'>ea</span> 
     </span>
    </p>
   </div>
   <div class='ocr_carea' id='block_1_95' title="bbox 2086 4483 3738 4557">
    <p class='ocr_par' dir='ltr' id='par_1_95' title="bbox 2086 4483 3738 4557">
     <span class='ocr_line' id='line_1_96' title="bbox 2086 4483 3738 4557; baseline -0.002 -17"><span class='ocrx_word' id='word_1_685' title='bbox 2086 4502 2215 4557; x_wconf 68' lang='lat' dir='ltr'>quae</span> <span class='ocrx_word' id='word_1_686' title='bbox 2268 4487 2596 4556; x_wconf 87' lang='lat' dir='ltr'>suggerunt</span> <span class='ocrx_word' id='word_1_687' title='bbox 2659 4484 2909 4538; x_wconf 74' lang='lat' dir='ltr'>ministri</span> <span class='ocrx_word' id='word_1_688' title='bbox 2952 4483 3185 4553; x_wconf 78' lang='lat' dir='ltr'>spiritus</span> <span class='ocrx_word' id='word_1_689' title='bbox 3242 4484 3303 4538; x_wconf 85' lang='lat' dir='ltr'>in</span> <span class='ocrx_word' id='word_1_690' title='bbox 3359 4483 3738 4538; x_wconf 80' lang='lat' dir='ltr'>ministerium</span> 
     </span>
    </p>
   </div>
   <div class='ocr_carea' id='block_1_96' title="bbox 314 4568 1971 4651">
    <p class='ocr_par' dir='ltr' id='par_1_96' title="bbox 314 4568 1971 4651">
     <span class='ocr_line' id='line_1_97' title="bbox 314 4568 1971 4651; baseline 0.001 -23"><span class='ocrx_word' id='word_1_691' title='bbox 314 4574 454 4629; x_wconf 74' lang='grc' dir='ltr'>κατὰ</span> <span class='ocrx_word' id='word_1_692' title='bbox 484 4571 717 4647; x_wconf 83' lang='grc' dir='ltr'>θεωρίαν</span> <span class='ocrx_word' id='word_1_693' title='bbox 744 4575 966 4646; x_wconf 88' lang='grc' dir='ltr'>γνῶσιν,</span> <span class='ocrx_word' id='word_1_694' title='bbox 1025 4568 1084 4625; x_wconf 83' lang='grc' dir='ltr'>ἐκ</span> <span class='ocrx_word' id='word_1_695' title='bbox 1128 4576 1228 4639; x_wconf 82' lang='grc' dir='ltr'>τῆς</span> <span class='ocrx_word' id='word_1_696' title='bbox 1288 4568 1551 4649; x_wconf 81' lang='grc' dir='ltr'>διαφόρου</span> <span class='ocrx_word' id='word_1_697' title='bbox 1604 4572 1812 4651; x_wconf 81' lang='grc' dir='ltr'>φύσεως</span> <span class='ocrx_word' id='word_1_698' title='bbox 1867 4578 1971 4630; x_wconf 86' lang='grc' dir='ltr'>τῶν</span> 
     </span>
    </p>
   </div>
   <div class='ocr_carea' id='block_1_97' title="bbox 2082 4568 3736 4651">
    <p class='ocr_par' dir='ltr' id='par_1_97' title="bbox 2082 4571 3736 4645">
     <span class='ocr_line' id='line_1_98' title="bbox 2082 4571 3736 4645; baseline -0.002 -16"><span class='ocrx_word' id='word_1_699' title='bbox 2082 4575 2239 4629; x_wconf 85' lang='lat' dir='ltr'>missi</span> <span class='ocrx_word' id='word_1_700' title='bbox 2266 4577 2487 4645; x_wconf 86' lang='lat' dir='ltr'>propter</span> <span class='ocrx_word' id='word_1_701' title='bbox 2517 4589 2603 4629; x_wconf 85' lang='lat' dir='ltr'>eos</span> <span class='ocrx_word' id='word_1_702' title='bbox 2632 4574 2729 4644; x_wconf 85' lang='lat' dir='ltr'>qui</span> <span class='ocrx_word' id='word_1_703' title='bbox 2754 4572 2956 4627; x_wconf 82' lang='lat' dir='ltr'>salutis</span> <span class='ocrx_word' id='word_1_704' title='bbox 2988 4571 3367 4628; x_wconf 63' lang='lat' dir='ltr'>haereditatem</span> <span class='ocrx_word' id='word_1_705' title='bbox 3405 4587 3736 4642; x_wconf 71' lang='lat' dir='ltr'>consequen-</span> 
     </span>
    </p>
   </div>
   <div class='ocr_carea' id='block_1_98' title="bbox 315 4657 1974 4739">
    <p class='ocr_par' dir='ltr' id='par_1_98' title="bbox 315 4657 1974 4739">
     <span class='ocr_line' id='line_1_99' title="bbox 315 4657 1974 4739; baseline 0 -20"><span class='ocrx_word' id='word_1_706' title='bbox 315 4663 509 4719; x_wconf 70' lang='grc' dir='ltr'>ὄντων.</span> <span class='ocrx_word' id='word_1_707' title='bbox 543 4661 687 4735; x_wconf 83' lang='grc' dir='ltr'>Πρὸς</span> <span class='ocrx_word' id='word_1_708' title='bbox 718 4657 775 4715; x_wconf 73' lang='grc' dir='ltr'>δὲ</span> <span class='ocrx_word' id='word_1_709' title='bbox 820 4659 1057 4722; x_wconf 86' lang='grc' dir='ltr'>τούτοις.</span> <span class='ocrx_word' id='word_1_710' title='bbox 1102 4661 1334 4732; x_wconf 71' lang='grc' dir='ltr'>Μυκτιςρ</span> <span class='ocrx_word' id='word_1_711' title='bbox 1381 4681 1476 4716; x_wconf 87' lang='grc' dir='ltr'>σου</span> <span class='ocrx_word' id='word_1_712' title='bbox 1515 4662 1588 4725; x_wconf 87' lang='grc' dir='ltr'>ὡς</span> <span class='ocrx_word' id='word_1_713' title='bbox 1639 4662 1849 4739; x_wconf 87' lang='grc' dir='ltr'>πύργος</span> <span class='ocrx_word' id='word_1_714' title='bbox 1877 4668 1974 4719; x_wconf 79' lang='grc' dir='ltr'>τοῦ</span> 
     </span>
    </p>
   </div>
   <div class='ocr_carea' id='block_1_99' title="bbox 308 4747 1975 4825">
    <p class='ocr_par' dir='ltr' id='par_1_99' title="bbox 308 4747 1975 4825">
     <span class='ocr_line' id='line_1_100' title="bbox 308 4747 1975 4825; baseline 0.001 -18"><span class='ocrx_word' id='word_1_715' title='bbox 308 4747 579 4817; x_wconf 74' lang='grc' dir='ltr'>Λιϐάνου,</span> <span class='ocrx_word' id='word_1_716' title='bbox 644 4747 929 4804; x_wconf 85' lang='grc' dir='ltr'>σκοπεύων</span> <span class='ocrx_word' id='word_1_717' title='bbox 1016 4748 1311 4825; x_wconf 87' lang='grc' dir='ltr'>πρόσωπον</span> <span class='ocrx_word' id='word_1_718' title='bbox 1397 4756 1707 4824; x_wconf 78' lang='grc' dir='ltr'>Δαμασκοῦ·</span> <span class='ocrx_word' id='word_1_719' title='bbox 1768 4750 1975 4823; x_wconf 91' lang='grc' dir='ltr'>Δηλον-</span> 
     </span>
    </p>
   </div>
   <div class='ocr_carea' id='block_1_100' title="bbox 316 4834 1972 4917">
    <p class='ocr_par' dir='ltr' id='par_1_100' title="bbox 316 4834 1972 4917">
     <span class='ocr_line' id='line_1_101' title="bbox 316 4834 1972 4917; baseline 0 -21"><span class='ocrx_word' id='word_1_720' title='bbox 316 4841 427 4913; x_wconf 86' lang='grc' dir='ltr'>ότι,</span> <span class='ocrx_word' id='word_1_721' title='bbox 450 4839 521 4895; x_wconf 83' lang='grc' dir='ltr'>Τό</span> <span class='ocrx_word' id='word_1_722' title='bbox 552 4838 762 4913; x_wconf 77' lang='grc' dir='ltr'>(οἷάπερ</span> <span class='ocrx_word' id='word_1_723' title='bbox 818 4834 1049 4893; x_wconf 80' lang='grc' dir='ltr'>εὐωδίαν</span> <span class='ocrx_word' id='word_1_724' title='bbox 1109 4838 1213 4893; x_wconf 87' lang='grc' dir='ltr'>ἀπὸ</span> <span class='ocrx_word' id='word_1_725' title='bbox 1266 4836 1556 4910; x_wconf 85' lang='grc' dir='ltr'>δυσωδίας,</span> <span class='ocrx_word' id='word_1_726' title='bbox 1606 4838 1845 4917; x_wconf 81' lang='grc' dir='ltr'>χωρίζον</span> <span class='ocrx_word' id='word_1_727' title='bbox 1876 4843 1972 4905; x_wconf 76' lang='grc' dir='ltr'>τὰς</span> 
     </span>
    </p>
   </div>
   <div class='ocr_carea' id='block_1_101' title="bbox 308 4924 1971 5003">
    <p class='ocr_par' dir='ltr' id='par_1_101' title="bbox 308 4924 1971 5003">
     <span class='ocr_line' id='line_1_102' title="bbox 308 4924 1971 5003; baseline 0.002 -20"><span class='ocrx_word' id='word_1_728' title='bbox 308 4929 598 4999; x_wconf 75' lang='grc' dir='ltr'>ὖπυθήκας</span> <span class='ocrx_word' id='word_1_729' title='bbox 694 4932 802 4983; x_wconf 87' lang='grc' dir='ltr'>τῶν</span> <span class='ocrx_word' id='word_1_730' title='bbox 879 4926 956 4989; x_wconf 65' lang='grc' dir='ltr'>εἷς</span> <span class='ocrx_word' id='word_1_731' title='bbox 1065 4924 1344 4983; x_wconf 79' lang='grc' dir='ltr'>διακονίαν</span> <span class='ocrx_word' id='word_1_732' title='bbox 1458 4927 1971 5003; x_wconf 73' lang='grc' dir='ltr'>ἀποστελλομένων,</span> 
     </span>
    </p>
   </div>
   <div class='ocr_carea' id='block_1_102' title="bbox 309 5016 1973 5094">
    <p class='ocr_par' dir='ltr' id='par_1_102' title="bbox 309 5016 1973 5094">
     <span class='ocr_line' id='line_1_103' title="bbox 309 5016 1973 5094; baseline 0 -18"><span class='ocrx_word' id='word_1_733' title='bbox 309 5017 407 5076; x_wconf 74' lang='grc' dir='ltr'>διὰ</span> <span class='ocrx_word' id='word_1_734' title='bbox 460 5019 592 5081; x_wconf 75' lang='grc' dir='ltr'>τοὺς</span> <span class='ocrx_word' id='word_1_735' title='bbox 688 5016 995 5091; x_wconf 73' lang='grc' dir='ltr'>μιλλοντας</span> <span class='ocrx_word' id='word_1_736' title='bbox 1076 5016 1447 5093; x_wconf 81' lang='grc' dir='ltr'>κληρονομεῖν</span> <span class='ocrx_word' id='word_1_737' title='bbox 1514 5021 1808 5094; x_wconf 87' lang='grc' dir='ltr'>σωτηρίαν,</span> <span class='ocrx_word' id='word_1_738' title='bbox 1860 5020 1973 5076; x_wconf 84' lang='grc' dir='ltr'>λει-</span> 
     </span>
    </p>
   </div>
   <div class='ocr_carea' id='block_1_103' title="bbox 307 5104 1975 5185">
    <p class='ocr_par' dir='ltr' id='par_1_103' title="bbox 307 5104 1975 5185">
     <span class='ocr_line' id='line_1_104' title="bbox 307 5104 1975 5185; baseline -0.001 -19"><span class='ocrx_word' id='word_1_739' title='bbox 307 5112 620 5185; x_wconf 82' lang='grc' dir='ltr'>τουργικῶν</span> <span class='ocrx_word' id='word_1_740' title='bbox 675 5107 1023 5181; x_wconf 85' lang='grc' dir='ltr'>πνεύματων,</span> <span class='ocrx_word' id='word_1_741' title='bbox 1079 5107 1185 5162; x_wconf 81' lang='grc' dir='ltr'>ἀπὸ</span> <span class='ocrx_word' id='word_1_742' title='bbox 1236 5112 1345 5163; x_wconf 88' lang='grc' dir='ltr'>τῶν</span> <span class='ocrx_word' id='word_1_743' title='bbox 1385 5104 1706 5183; x_wconf 71' lang='grc' dir='ltr'>ὑπερϐολῶν</span> <span class='ocrx_word' id='word_1_744' title='bbox 1738 5113 1845 5164; x_wconf 87' lang='grc' dir='ltr'>τῶν</span> <span class='ocrx_word' id='word_1_745' title='bbox 1875 5114 1975 5175; x_wconf 78' lang='grc' dir='ltr'>τῆς</span> 
     </span>
    </p>
   </div>
   <div class='ocr_carea' id='block_1_104' title="bbox 309 5192 1973 5274">
    <p class='ocr_par' dir='ltr' id='par_1_104' title="bbox 309 5192 1973 5274">
     <span class='ocr_line' id='line_1_105' title="bbox 309 5192 1973 5274; baseline -0.001 -20"><span class='ocrx_word' id='word_1_746' title='bbox 309 5199 589 5274; x_wconf 78' lang='grc' dir='ltr'>πονηρίας</span> <span class='ocrx_word' id='word_1_747' title='bbox 646 5201 991 5269; x_wconf 76' lang='grc' dir='ltr'>πνευμάτων)</span> <span class='ocrx_word' id='word_1_748' title='bbox 1046 5192 1377 5272; x_wconf 86' lang='grc' dir='ltr'>διακριτικόν</span> <span class='ocrx_word' id='word_1_749' title='bbox 1407 5218 1524 5269; x_wconf 87' lang='grc' dir='ltr'>σου,</span> <span class='ocrx_word' id='word_1_750' title='bbox 1558 5198 1724 5252; x_wconf 75' lang='grc' dir='ltr'>οἱονεί</span> <span class='ocrx_word' id='word_1_751' title='bbox 1767 5197 1973 5274; x_wconf 89' lang='grc' dir='ltr'>πύργος</span> 
     </span>
    </p>
   </div>
   <div class='ocr_carea' id='block_1_105' title="bbox 312 5280 1974 5362">
    <p class='ocr_par' dir='ltr' id='par_1_105' title="bbox 312 5280 1974 5362">
     <span class='ocr_line' id='line_1_106' title="bbox 312 5280 1974 5362; baseline -0.001 -19"><span class='ocrx_word' id='word_1_752' title='bbox 312 5287 666 5362; x_wconf 77' lang='grc' dir='ltr'>ὑψηλότατος</span> <span class='ocrx_word' id='word_1_753' title='bbox 709 5288 845 5341; x_wconf 71' lang='grc' dir='ltr'>κατὰ</span> <span class='ocrx_word' id='word_1_754' title='bbox 905 5285 999 5339; x_wconf 86' lang='grc' dir='ltr'>τὸν</span> <span class='ocrx_word' id='word_1_755' title='bbox 1059 5280 1282 5339; x_wconf 74' lang='grc' dir='ltr'>Λίϐανον</span> <span class='ocrx_word' id='word_1_756' title='bbox 1317 5280 1465 5361; x_wconf 77' lang='grc' dir='ltr'>ὅρος,</span> <span class='ocrx_word' id='word_1_757' title='bbox 1500 5281 1809 5342; x_wconf 72' lang='grc' dir='ltr'>ἀποϐλέπον</span> <span class='ocrx_word' id='word_1_758' title='bbox 1838 5288 1974 5342; x_wconf 87' lang='grc' dir='ltr'>κατά</span> 
     </span>
    </p>
   </div>
   <div class='ocr_carea' id='block_1_106' title="bbox 309 5373 1968 5451">
    <p class='ocr_par' dir='ltr' id='par_1_106' title="bbox 309 5373 1968 5451">
     <span class='ocr_line' id='line_1_107' title="bbox 309 5373 1968 5451; baseline -0.001 -19"><span class='ocrx_word' id='word_1_759' title='bbox 309 5378 381 5432; x_wconf 80' lang='grc' dir='ltr'>τὸ</span> <span class='ocrx_word' id='word_1_760' title='bbox 412 5375 706 5451; x_wconf 84' lang='grc' dir='ltr'>πρόσωπον</span> <span class='ocrx_word' id='word_1_761' title='bbox 735 5381 834 5444; x_wconf 75' lang='grc' dir='ltr'>τῆς</span> <span class='ocrx_word' id='word_1_762' title='bbox 883 5373 1101 5435; x_wconf 84' lang='grc' dir='ltr'>πόλεως</span> <span class='ocrx_word' id='word_1_763' title='bbox 1132 5380 1442 5447; x_wconf 76' lang='grc' dir='ltr'>Δαμασκοῦ,</span> <span class='ocrx_word' id='word_1_764' title='bbox 1478 5375 1566 5429; x_wconf 75' lang='grc' dir='ltr'>καὶ</span> <span class='ocrx_word' id='word_1_765' title='bbox 1615 5377 1711 5437; x_wconf 79' lang='grc' dir='ltr'>τὰς</span> <span class='ocrx_word' id='word_1_766' title='bbox 1770 5374 1968 5431; x_wconf 80' lang='grc' dir='ltr'>ἐκεῖθεν</span> 
     </span>
    </p>
   </div>
   <div class='ocr_carea' id='block_1_107' title="bbox 310 5461 1970 5541">
    <p class='ocr_par' dir='ltr' id='par_1_107' title="bbox 310 5461 1970 5541">
     <span class='ocr_line' id='line_1_108' title="bbox 310 5461 1970 5541; baseline -0.008 -19"><span class='ocrx_word' id='word_1_767' title='bbox 310 5470 433 5522; x_wconf 79' lang='grc' dir='ltr'>τῶν</span> <span class='ocrx_word' id='word_1_768' title='bbox 464 5464 678 5541; x_wconf 75' lang='grc' dir='ltr'>ἐχθρῶν</span> <span class='ocrx_word' id='word_1_769' title='bbox 713 5461 940 5539; x_wconf 71' lang='grc' dir='ltr'>ἰφόδους</span> <span class='ocrx_word' id='word_1_770' title='bbox 987 5466 1066 5534; x_wconf 76' lang='grc' dir='ltr'>τῷ</span> <span class='ocrx_word' id='word_1_771' title='bbox 1109 5461 1330 5537; x_wconf 76' lang='grc' dir='ltr'>Ἰσραὴλ</span> <span class='ocrx_word' id='word_1_772' title='bbox 1363 5464 1569 5536; x_wconf 88' lang='grc' dir='ltr'>μηνύον</span> <span class='ocrx_word' id='word_1_773' title='bbox 1605 5483 1617 5497; x_wconf 76' lang='grc' dir='ltr'><strong><em>ο</em></strong></span> <span class='ocrx_word' id='word_1_774' title='bbox 1653 5464 1704 5536; x_wconf 79' lang='grc' dir='ltr'>ἐξ</span> <span class='ocrx_word' id='word_1_775' title='bbox 1758 5464 1970 5539; x_wconf 75' lang='grc' dir='ltr'>ὑψηλο-</span> 
     </span>
    </p>
   </div>
   <div class='ocr_carea' id='block_1_108' title="bbox 399 5659 1391 5733">
    <p class='ocr_par' dir='ltr' id='par_1_108' title="bbox 399 5659 1391 5733">
     <span class='ocr_line' id='line_1_109' title="bbox 399 5659 1391 5733; baseline -0.002 -14"><span class='ocrx_word' id='word_1_776' title='bbox 399 5664 446 5703; x_wconf 69' lang='grc' dir='ltr'>τε</span> <span class='ocrx_word' id='word_1_777' title='bbox 473 5662 636 5719; x_wconf 88' lang='lat' dir='ltr'>Matt.</span> <span class='ocrx_word' id='word_1_778' title='bbox 666 5677 747 5728; x_wconf 83' lang='lat' dir='ltr'>v1,</span> <span class='ocrx_word' id='word_1_779' title='bbox 784 5659 870 5717; x_wconf 90' lang='grc'>18.</span> <span class='ocrx_word' id='word_1_780' title='bbox 947 5660 990 5697; x_wconf 75' lang='grc' dir='ltr'>τι</span> <span class='ocrx_word' id='word_1_781' title='bbox 1020 5661 1193 5719; x_wconf 90' lang='lat' dir='ltr'>Hebr.</span> <span class='ocrx_word' id='word_1_782' title='bbox 1229 5680 1271 5733; x_wconf 87' lang='grc' dir='ltr'>ι,</span> <span class='ocrx_word' id='word_1_783' title='bbox 1304 5662 1391 5719; x_wconf 72' lang='grc' dir='ltr'>ιι.</span> 
     </span>
    </p>
   </div>
   <div class='ocr_carea' id='block_1_109' title="bbox 2084 4660 3738 4734">
    <p class='ocr_par' dir='ltr' id='par_1_109' title="bbox 2084 4660 3738 4734">
     <span class='ocr_line' id='line_1_110' title="bbox 2084 4660 3738 4734; baseline -0.003 -15"><span class='ocrx_word' id='word_1_784' title='bbox 2084 4664 2252 4732; x_wconf 70' lang='lat' dir='ltr'>tur&quot;,</span> <span class='ocrx_word' id='word_1_785' title='bbox 2284 4663 2357 4717; x_wconf 90' lang='lat' dir='ltr'>ab</span> <span class='ocrx_word' id='word_1_786' title='bbox 2393 4661 2464 4718; x_wconf 89' lang='lat' dir='ltr'>iis</span> <span class='ocrx_word' id='word_1_787' title='bbox 2492 4679 2620 4734; x_wconf 67' lang='lat' dir='ltr'>quas</span> <span class='ocrx_word' id='word_1_788' title='bbox 2673 4679 2707 4716; x_wconf 92' lang='lat' dir='ltr'>a</span> <span class='ocrx_word' id='word_1_789' title='bbox 2751 4660 3024 4731; x_wconf 72' lang='lat' dir='ltr'>nequitiae</span> <span class='ocrx_word' id='word_1_790' title='bbox 3058 4660 3371 4731; x_wconf 88' lang='lat' dir='ltr'>spiritibus</span> <span class='ocrx_word' id='word_1_791' title='bbox 3408 4676 3738 4733; x_wconf 85' lang='lat' dir='ltr'>suggerun-</span> 
     </span>
    </p>
   </div>
   <div class='ocr_carea' id='block_1_110' title="bbox 2084 4748 3737 4821">
    <p class='ocr_par' dir='ltr' id='par_1_110' title="bbox 2084 4748 3737 4821">
     <span class='ocr_line' id='line_1_111' title="bbox 2084 4748 3737 4821; baseline -0.002 -14"><span class='ocrx_word' id='word_1_792' title='bbox 2084 4756 2212 4807; x_wconf 90' lang='lat' dir='ltr'>turs</span> <span class='ocrx_word' id='word_1_793' title='bbox 2235 4752 2543 4821; x_wconf 82' lang='lat' dir='ltr'>dijudicat)</span> <span class='ocrx_word' id='word_1_794' title='bbox 2596 4753 2685 4805; x_wconf 81' lang='lat' dir='ltr'>est</span> <span class='ocrx_word' id='word_1_795' title='bbox 2722 4748 2898 4805; x_wconf 86' lang='lat' dir='ltr'>veluti</span> <span class='ocrx_word' id='word_1_796' title='bbox 2947 4748 3279 4805; x_wconf 86' lang='lat' dir='ltr'>celsissima</span> <span class='ocrx_word' id='word_1_797' title='bbox 3328 4749 3511 4806; x_wconf 88' lang='lat' dir='ltr'>turris</span> <span class='ocrx_word' id='word_1_798' title='bbox 3557 4765 3737 4821; x_wconf 89' lang='lat' dir='ltr'>super</span> 
     </span>
    </p>
   </div>
   <div class='ocr_carea' id='block_1_111' title="bbox 2085 4837 3738 4910">
    <p class='ocr_par' dir='ltr' id='par_1_111' title="bbox 2085 4837 3738 4910">
     <span class='ocr_line' id='line_1_112' title="bbox 2085 4837 3738 4910; baseline -0.001 -14"><span class='ocrx_word' id='word_1_799' title='bbox 2085 4846 2343 4897; x_wconf 89' lang='lat' dir='ltr'>montem</span> <span class='ocrx_word' id='word_1_800' title='bbox 2375 4841 2664 4896; x_wconf 88' lang='lat' dir='ltr'>Libanum</span> <span class='ocrx_word' id='word_1_801' title='bbox 2719 4837 2831 4893; x_wconf 90' lang='lat' dir='ltr'>sita</span> <span class='ocrx_word' id='word_1_802' title='bbox 2864 4854 2993 4910; x_wconf 70' lang='lat' dir='ltr'>quae</span> <span class='ocrx_word' id='word_1_803' title='bbox 3024 4837 3266 4910; x_wconf 90' lang='lat' dir='ltr'>respicit</span> <span class='ocrx_word' id='word_1_804' title='bbox 3313 4837 3522 4894; x_wconf 86' lang='lat' dir='ltr'>faciem</span> <span class='ocrx_word' id='word_1_805' title='bbox 3573 4837 3738 4895; x_wconf 85' lang='lat' dir='ltr'>urbis</span> 
     </span>
    </p>
   </div>
   <div class='ocr_carea' id='block_1_112' title="bbox 2082 4929 3736 5002">
    <p class='ocr_par' dir='ltr' id='par_1_112' title="bbox 2082 4929 3736 5002">
     <span class='ocr_line' id='line_1_113' title="bbox 2082 4929 3736 5002; baseline -0.002 -14"><span class='ocrx_word' id='word_1_806' title='bbox 2082 4931 2369 5001; x_wconf 89' lang='lat' dir='ltr'>Damasci,</span> <span class='ocrx_word' id='word_1_807' title='bbox 2404 4937 2579 5002; x_wconf 91' lang='lat' dir='ltr'>atque</span> <span class='ocrx_word' id='word_1_808' title='bbox 2627 4930 2763 4986; x_wconf 90' lang='lat' dir='ltr'>inde</span> <span class='ocrx_word' id='word_1_809' title='bbox 2820 4929 3078 4985; x_wconf 87' lang='lat' dir='ltr'>hostium</span> <span class='ocrx_word' id='word_1_810' title='bbox 3127 4930 3445 4987; x_wconf 89' lang='lat' dir='ltr'>adventum</span> <span class='ocrx_word' id='word_1_811' title='bbox 3505 4929 3736 4986; x_wconf 86' lang='lat' dir='ltr'>indicat</span> 
     </span>
    </p>
   </div>
   <div class='ocr_carea' id='block_1_113' title="bbox 2083 5018 3733 5092">
    <p class='ocr_par' dir='ltr' id='par_1_113' title="bbox 2083 5018 3733 5092">
     <span class='ocr_line' id='line_1_114' title="bbox 2083 5018 3733 5092; baseline -0.001 -16"><span class='ocrx_word' id='word_1_812' title='bbox 2083 5020 2633 5092; x_wconf 89' lang='lat' dir='ltr'>Israeli:spirituum</span> <span class='ocrx_word' id='word_1_813' title='bbox 2651 5018 3093 5075; x_wconf 90' lang='lat' dir='ltr'>immundorum</span> <span class='ocrx_word' id='word_1_814' title='bbox 3125 5019 3380 5091; x_wconf 90' lang='lat' dir='ltr'>impetus</span> <span class='ocrx_word' id='word_1_815' title='bbox 3404 5022 3460 5074; x_wconf 89' lang='lat' dir='ltr'>et</span> <span class='ocrx_word' id='word_1_816' title='bbox 3482 5018 3733 5075; x_wconf 85' lang='lat' dir='ltr'>insidias</span> 
     </span>
    </p>
   </div>
   <div class='ocr_carea' id='block_1_114' title="bbox 2084 5108 3739 5182">
    <p class='ocr_par' dir='ltr' id='par_1_114' title="bbox 2084 5108 3739 5182">
     <span class='ocr_line' id='line_1_115' title="bbox 2084 5108 3739 5182; baseline -0.001 -16"><span class='ocrx_word' id='word_1_817' title='bbox 2084 5110 2323 5182; x_wconf 89' lang='lat' dir='ltr'>respicit</span> <span class='ocrx_word' id='word_1_818' title='bbox 2345 5116 2403 5165; x_wconf 91' lang='lat' dir='ltr'>et</span> <span class='ocrx_word' id='word_1_819' title='bbox 2424 5110 2726 5177; x_wconf 90' lang='lat' dir='ltr'>discernit,</span> <span class='ocrx_word' id='word_1_820' title='bbox 2770 5109 3152 5180; x_wconf 88' lang='lat' dir='ltr'>ipsorumque</span> <span class='ocrx_word' id='word_1_821' title='bbox 3192 5108 3361 5165; x_wconf 90' lang='lat' dir='ltr'>dolos</span> <span class='ocrx_word' id='word_1_822' title='bbox 3392 5108 3575 5164; x_wconf 88' lang='lat' dir='ltr'>menti</span> <span class='ocrx_word' id='word_1_823' title='bbox 3624 5112 3739 5165; x_wconf 65' lang='lat' dir='ltr'>tum</span> 
     </span>
    </p>
   </div>
   <div class='ocr_carea' id='block_1_115' title="bbox 2085 5197 3736 5271">
    <p class='ocr_par' dir='ltr' id='par_1_115' title="bbox 2085 5197 3736 5271">
     <span class='ocr_line' id='line_1_116' title="bbox 2085 5197 3736 5271; baseline 0 -17"><span class='ocrx_word' id='word_1_824' title='bbox 2085 5205 2285 5268; x_wconf 91' lang='lat' dir='ltr'>Deum,</span> <span class='ocrx_word' id='word_1_825' title='bbox 2311 5199 2504 5271; x_wconf 88' lang='lat' dir='ltr'>quoad</span> <span class='ocrx_word' id='word_1_826' title='bbox 2536 5198 2690 5266; x_wconf 92' lang='lat' dir='ltr'>licet,</span> <span class='ocrx_word' id='word_1_827' title='bbox 2722 5197 2976 5253; x_wconf 91' lang='lat' dir='ltr'>intuenti</span> <span class='ocrx_word' id='word_1_828' title='bbox 3024 5198 3401 5264; x_wconf 83' lang='lat' dir='ltr'>denuntians,</span> <span class='ocrx_word' id='word_1_829' title='bbox 3438 5202 3495 5254; x_wconf 90' lang='lat' dir='ltr'>te</span> <span class='ocrx_word' id='word_1_830' title='bbox 3529 5198 3602 5254; x_wconf 87' lang='lat' dir='ltr'>ab</span> <span class='ocrx_word' id='word_1_831' title='bbox 3633 5213 3736 5254; x_wconf 89' lang='lat' dir='ltr'>eo-</span> 
     </span>
    </p>
   </div>
   <div class='ocr_carea' id='block_1_116' title="bbox 2083 5287 3739 5360">
    <p class='ocr_par' dir='ltr' id='par_1_116' title="bbox 2083 5287 3739 5360">
     <span class='ocr_line' id='line_1_117' title="bbox 2083 5287 3739 5360; baseline 0 -15"><span class='ocrx_word' id='word_1_832' title='bbox 2083 5306 2213 5345; x_wconf 91' lang='lat' dir='ltr'>rum</span> <span class='ocrx_word' id='word_1_833' title='bbox 2246 5289 2554 5345; x_wconf 82' lang='lat' dir='ltr'>fraudibus</span> <span class='ocrx_word' id='word_1_834' title='bbox 2579 5293 2635 5344; x_wconf 88' lang='lat' dir='ltr'>et</span> <span class='ocrx_word' id='word_1_835' title='bbox 2656 5287 2891 5359; x_wconf 87' lang='lat' dir='ltr'>injuriis</span> <span class='ocrx_word' id='word_1_836' title='bbox 2915 5288 3206 5360; x_wconf 89' lang='lat' dir='ltr'>integram</span> <span class='ocrx_word' id='word_1_837' title='bbox 3230 5292 3550 5344; x_wconf 89' lang='lat' dir='ltr'>conservat.</span> <span class='ocrx_word' id='word_1_838' title='bbox 3583 5287 3739 5345; x_wconf 89' lang='lat' dir='ltr'>Talis</span> 
     </span>
    </p>
   </div>
   <div class='ocr_carea' id='block_1_117' title="bbox 2082 5376 3736 5448">
    <p class='ocr_par' dir='ltr' id='par_1_117' title="bbox 2082 5376 3736 5448">
     <span class='ocr_line' id='line_1_118' title="bbox 2082 5376 3736 5448; baseline -0.001 -14"><span class='ocrx_word' id='word_1_839' title='bbox 2082 5383 2279 5434; x_wconf 86' lang='lat' dir='ltr'>autem</span> <span class='ocrx_word' id='word_1_840' title='bbox 2329 5384 2419 5435; x_wconf 90' lang='lat' dir='ltr'>est</span> <span class='ocrx_word' id='word_1_841' title='bbox 2476 5378 2562 5434; x_wconf 85' lang='lat' dir='ltr'>vis</span> <span class='ocrx_word' id='word_1_842' title='bbox 2593 5382 2692 5433; x_wconf 85' lang='lat' dir='ltr'>tua</span> <span class='ocrx_word' id='word_1_843' title='bbox 2724 5377 3097 5433; x_wconf 90' lang='lat' dir='ltr'>discernendi</span> <span class='ocrx_word' id='word_1_844' title='bbox 3130 5394 3195 5432; x_wconf 91' lang='lat' dir='ltr'>ac</span> <span class='ocrx_word' id='word_1_845' title='bbox 3218 5376 3555 5448; x_wconf 87' lang='lat' dir='ltr'>judicandi,</span> <span class='ocrx_word' id='word_1_846' title='bbox 3588 5392 3736 5447; x_wconf 89' lang='lat' dir='ltr'>quo-</span> 
     </span>
    </p>
   </div>
   <div class='ocr_carea' id='block_1_118' title="bbox 2081 5464 3736 5541">
    <p class='ocr_par' dir='ltr' id='par_1_118' title="bbox 2081 5464 3736 5541">
     <span class='ocr_line' id='line_1_119' title="bbox 2081 5464 3736 5541; baseline -0.002 -17"><span class='ocrx_word' id='word_1_847' title='bbox 2081 5469 2239 5525; x_wconf 87' lang='lat' dir='ltr'>niam</span> <span class='ocrx_word' id='word_1_848' title='bbox 2268 5472 2445 5541; x_wconf 87' lang='lat' dir='ltr'>caput</span> <span class='ocrx_word' id='word_1_849' title='bbox 2493 5471 2660 5523; x_wconf 88' lang='lat' dir='ltr'>tuum</span> <span class='ocrx_word' id='word_1_850' title='bbox 2713 5470 2775 5522; x_wconf 92' lang='lat' dir='ltr'>ut</span> <span class='ocrx_word' id='word_1_851' title='bbox 2801 5465 3106 5523; x_wconf 88' lang='lat' dir='ltr'>Carmelus</span> <span class='ocrx_word' id='word_1_852' title='bbox 3151 5483 3329 5539; x_wconf 88' lang='lat' dir='ltr'>super</span> <span class='ocrx_word' id='word_1_853' title='bbox 3358 5470 3414 5523; x_wconf 89' lang='lat' dir='ltr'>te</span> <span class='ocrx_word' id='word_1_854' title='bbox 3443 5464 3736 5537; x_wconf 80' lang='lat' dir='ltr'>(Christus</span> 
     </span>
    </p>
   </div>
  </div>
