4042 6198
340 353 454 414 671

1677 352 2101 413 MlCHAELlS
2145 349 2419 412 PSELLI

3627 351 3748 410 672

336 485 539 557 utique
571 501 829 558 sponsus
858 489 1020 558 tuus,
1052 489 1239 543 vivens
1285 492 1445 560 atque
1497 486 1700 557 efﬁcax
1749 484 1983 541 Verbum

2105 479 2263 552 εάτης
2321 482 2577 557 γνώσεως
2629 480 2725 545 τὰς
2778 477 3086 541 ἐπελεύσεις
3141 499 3199 533 τε
3252 477 3344 533 καὶ
3396 475 3609 554 ινὲδρας
3641 480 3751 534 τὼν

335 577 656 647 pertingens
686 592 855 648 usque
878 578 957 631 ad
972 577 1302 632 divisionem
1340 578 1546 632 animae
1575 592 1642 631 ac
1669 576 1901 646 spiritus
1922 573 1987 644 ⁷⁷)

339 663 592 737 cognitio
624 668 714 719 est
743 665 1234 734 circumcisionis,
1268 682 1394 736 qua:
1418 666 1475 720 in
1507 670 1564 721 te
1585 668 1669 720 est
1700 664 1811 735 (sic
1832 662 1987 719 enim

339 753 669 808 Carmelum
704 754 1186 826 interpretamur)
1217 759 1534 825 amputans
1566 772 1597 808 a
1625 758 1682 808 te
1714 752 1866 824 quod
1917 752 1990 806 ab

342 847 469 897 ortu
494 842 672 897 habes
695 842 969 897 vitiorum
989 842 1682 915 integumentum,gladio
1710 841 1986 911 Spiritus.

343 933 424 987 Ex
446 933 599 1004 quod
630 932 696 986 ﬁt
722 938 784 986 ut
816 932 1030 989 mentis
1049 936 1161 987 tuae
1186 932 1393 988 oculus
1416 929 1874 1004 intelligibilium
1896 929 1993 984 ho-

343 1020 523 1075 stium
562 1021 807 1075 astutias
836 1020 1003 1075 facile
1044 1023 1372 1092 perspicere
1416 1020 1624 1090 valeat,
1653 1019 1815 1074 nulla
1858 1034 1990 1089 per-

343 1109 674 1164 turbatione
734 1112 1006 1165 tenebras
1058 1111 1416 1164 oifundente.
1468 1110 1862 1173 Quamobrem
1934 1110 1993 1161 et

343 1214 500 1253 coma
554 1201 752 1269 capitis
814 1200 899 1253 tui
940 1202 1083 1253 sicut
1128 1216 1377 1270 purpura
1415 1216 1429 1254 :
1461 1199 1676 1254 Christi
1727 1196 1994 1252 doctrina

344 1286 617 1342 videlicet
649 1289 941 1343 rationum
989 1293 1047 1343 et
1096 1305 1323 1343 morum
1358 1304 1504 1343 nexu
1541 1290 1828 1354 contexta,
1862 1291 1994 1340 tan-

346 1393 519 1445 quam
556 1377 708 1449 regis
739 1378 1149 1432 indumentum
1174 1382 1262 1432 est
1291 1377 1473 1431 animi
1514 1377 1598 1431 tui
1630 1376 1899 1444 amictus,
1930 1374 1993 1428 in

347 1481 461 1534 quo
512 1465 615 1521 ille
665 1466 1179 1537 pertubationihus
1237 1465 1596 1531 dominatur,
1648 1471 1704 1518 et
1761 1468 1850 1518 est
1894 1479 1997 1517 rex

344 1556 561 1609 vinctus
610 1556 669 1609 in
718 1555 1129 1609 transcursibus
1162 1572 1174 1609 :
1210 1554 1319 1610 hoc
1377 1559 1467 1609 est
1513 1552 1657 1608 nulli
1690 1553 1996 1619 subiectus

346 1643 795 1715 perturbationi,
826 1644 925 1697 sed
990 1644 1201 1698 divinas
1259 1642 1422 1698 illius
1481 1659 1657 1713 quam
1717 1641 1995 1707 diximus,

350 1733 629 1787 doctrinas
659 1732 921 1786 funiculo
955 1732 1170 1803 ligatus
1200 1733 1259 1787 in
1291 1732 1732 1787 transcursibus
1750 1745 1996 1801 praesen-

2100 571 2426 647 ἆκαθάρπων
2477 571 2800 643 πνευμάτων
2858 564 3162 624 ἀποϐλέπει
3217 569 3306 622 καὶ
3339 565 3617 643 διακρίνει,
3654 569 3747 623 καὶ

2097 661 2225 725 τοὺς
2256 659 2454 722 δόλους
2486 661 2662 714 αὐτῶν
2707 664 2786 730 τῷ
2832 660 2968 713 κατὰ
3012 659 3074 713 τὸ
3120 655 3344 712 δυνατὸν
3388 658 3516 713 Θεὸν
3549 659 3749 732 ὁρῶντι

2099 749 2186 805 νοΐ
2243 771 2337 804 σου
2397 748 2626 823 μηνύον,
2660 749 2929 825 ἀνέπαφον
2957 768 3015 802 σε
3042 754 3143 817 τῆς
3168 748 3295 815 παρ’
3324 746 3499 801 αὐτῶν
3536 742 3752 824 βλάϐης

2102 837 2371 913 διατηρεῖ,
2427 844 2683 894 Τοιοῦτον
2740 835 2796 893 δέ
2858 837 2954 892 σού
3004 836 3112 892 ἔστι
3144 838 3207 891 τὸ
3248 834 3579 911 διακριτικόν
3614 855 3627 869 ⁸
3662 835 3750 891 ὅτι

2101 927 2326 1007 Κεφαλή
2385 949 2480 983 σου
2557 927 2643 981 ἐπὶ
2701 929 2778 995 σὲ,
2853 927 2927 990 ὡς
2994 926 3021 979 6
3108 924 3433 1000 Κάρμηλος.
3504 926 3752 994 Πάντως,

2100 1020 2161 1076 Ὁ
2209 1018 2439 1093 Χριστὸς
2470 1019 2498 1073 6
2552 1017 2787 1095 νυμφίος
2819 1038 2937 1081 σου,
2961 1016 2989 1070 6
3016 1020 3119 1084 ζῶν
3156 1017 3245 1069 καὶ
3295 1015 3515 1090 ἐνεργὴς
3550 1014 3753 1087 Λόγος,

2100 1110 2187 1163 καὶ
2242 1107 2617 1179 διικνούμενος
2686 1104 2817 1181 ἄχρι
2881 1109 3149 1180 μερισμοῦ
3208 1108 3393 1179 ψυχῆς
3443 1104 3532 1158 καὶ
3590 1103 3756 1158 πνεύ-

2107 1218 2295 1271 ματος,
2355 1196 2638 1273 ἐπίγνωσίς
2686 1195 2824 1251 ἐστιν
2882 1202 2986 1263 τῆς
3043 1192 3093 1248 ἰν
3130 1194 3215 1247 σοὶ
3247 1201 3556 1269 περιτομῆς
3598 1192 3755 1266 (ὅπερ

2104 1286 2132 1340 6
2179 1285 2475 1358 Κάρμηλος
2555 1283 2956 1357 ἑρμηνεύεται),
3033 1279 3302 1358 περιελών
3387 1304 3484 1337 σου
3533 1283 3595 1337 τὸ
3645 1282 3757 1336 ἀπὸ

2102 1373 2359 1449 γενέσεως
2416 1378 2523 1427 τῶν
2604 1374 2788 1427 παθῶν
2881 1370 3148 1443 κάλυμμα
3229 1375 3296 1444 τῇ
3359 1371 3604 1446 μαχαίρᾳ
3656 1375 3757 1425 τοῦ

2104 1461 2419 1534 Πνεύματος
2453 1481 2465 1494 ·
2540 1461 2823 1516 κάντεῦθεν
2880 1462 2943 1516 τὸ
3001 1457 3158 1533 ὄμμα
3211 1467 3313 1530 τῆς
3359 1458 3598 1522 διανοίας
3659 1480 3759 1514 σου

2104 1556 2353 1625 καθαρῶς
2410 1551 2536 1625 όρᾷν
2618 1548 2835 1605 δύναται
2912 1550 3007 1613 τὰς
3074 1549 3324 1625 μηχανὰς
3367 1554 3475 1603 τῶν
3535 1552 3753 1618 νοητῶν

2108 1640 2341 1713 ἐχθτῶν,
2415 1642 2488 1711 μή
2577 1660 2724 1703 τινος
2802 1640 3005 1701 πάθους
3086 1640 3498 1700 ἐπισκοτοῦντος
3581 1636 3755 1709 αὐτῷ.

2107 1730 2325 1802 Διόπερ,
2386 1728 2476 1782 καί
2536 1726 2774 1783 Πλόκιον
2850 1727 3093 1806 κεφαλῆς
3168 1748 3262 1782 σου
3321 1727 3394 1788 ὡς
3450 1726 3753 1804 πορφύρα”

344 1820 423 1874 tis
452 1819 603 1886 vitae,
634 1837 703 1875 ne
737 1837 931 1875 rerum
957 1820 1324 1877 sensibilium
1373 1826 1430 1875 et
1484 1822 1842 1876 oaducarum
1901 1819 1993 1874 lu-

2106 1815 2254 1885 ἤτοι,
2313 1818 2375 1873 Ἠ
2428 1813 2516 1870 διὰ
2569 1814 2748 1891 λόγων
2777 1816 2868 1871 καὶ
2900 1816 3116 1891 τρόπων
3149 1814 3454 1911 πλεχθεῖσά
3482 1836 3565 1870 σοι
3597 1812 3760 1870 διδα-

346 1907 507 1963 brico
541 1908 902 1978 prolabatur.

338 1999 437 2049 τοῦ
489 1990 610 2057 νοὸς
668 2016 763 2049 σου
804 1991 1101 2068 περιϐολή,
1152 1996 1203 2051 έν
1260 1997 1296 2071 ᾖ
1356 1995 1512 2058 οὗτος
1563 1999 1748 2051 παθῶν
1796 1998 2001 2071 γίνεται
2076 1994 2446 2070 αὐτοκράτωρ,
2522 1994 2607 2049 καὶ
2700 1994 2934 2070 ὑπάρχει
3039 1993 3291 2068 βασιλεὺς

2103 1905 2301 1961 σκαλία
2358 1905 2521 1960 αὐτοῦ
2581 1910 2841 1981 Χριστοῦ,
2901 1906 2988 1961 οἷα
3048 1906 3319 1981 βασιλέως
3378 1900 3586 1977 ἔνδυμά
3642 1903 3756 1959 ἐστι

3376 1991 3662 2066 δεδεμένος
3706 1992 3761 2046 ἐν

344 2081 724 2158 παραδρομαῖς
761 2103 774 2117 ’
827 2084 1016 2158 ⁴ἤγουν,
1080 2088 1153 2157 μή
1214 2107 1316 2141 τινι
1376 2086 1756 2159 ὑποκείμενος,
1826 2085 2019 2139 πάθεν
2077 2082 2222 2139 ἀλλὰ
2290 2083 2360 2157 τῇ
2421 2083 2630 2158 σχοίνῳ
2678 2091 2777 2154 τῆς
2834 2083 3135 2157 εῗρημένης
3193 2083 3340 2145 θείας
3397 2080 3763 2144 διδασκαλίας

348 2169 751 2244 δεδεσμημένος
809 2173 859 2227 ἐν
919 2173 1180 2250 παρόδοις
1234 2183 1333 2245 τῆς
1387 2175 1667 2251 παρούσης
1730 2177 1939 2249 βιοτῆς,
1992 2172 2085 2228 ’ίνα
2150 2174 2225 2245 μὴ
2283 2172 2556 2247 καταπέσῃ
2602 2177 2682 2245 τῷ
2739 2173 2856 2227 κατ’
2915 2171 3163 2243 αἴσθησιν
3222 2176 3330 2227 τῶν
3398 2172 3759 2246 προσκαίρων

346 2258 678 2334 ὀλισθηρῶν.

943 2373 1134 2427 Trium
1167 2374 1270 2427 Pa!
1278 2391 1421 2429 rum.

421 2458 596 2525 Quam
626 2458 840 2527 decora,
872 2463 921 2515 et
953 2479 1117 2532 quam
1149 2463 1408 2533 jucunda
1436 2464 1583 2533 facta
1612 2478 1688 2517 es.
1728 2462 1997 2517 Admira-

348 2546 449 2600 bili
485 2548 704 2602 circum
732 2550 871 2604 data
892 2555 981 2605 est
1006 2551 1541 2621 pulchritudine,ea
1565 2551 1844 2606 nimirum
1871 2568 1997 2622 quae

350 2637 612 2705 pervenit
655 2638 725 2691 ad
775 2642 831 2692 te
879 2654 947 2693 ex
993 2638 1385 2695 similitudine
1442 2645 1499 2695 et
1565 2638 1873 2711 exemplari
1902 2657 1914 2695 :
1943 2642 2000 2693 et

349 2740 572 2796 sponso
617 2718 933 2796 conjuncta
990 2733 1165 2799 atque
1196 2728 1294 2782 illo
1328 2729 1547 2793 fruens,
1582 2728 1788 2783 referta
1820 2744 1881 2783 es
1912 2728 1998 2781 in-

348 2813 615 2868 credibili
642 2816 1019 2885 jucunditate
1072 2818 1388 2886 spirituali.
1441 2819 1633 2872 Etnim
1666 2818 1908 2873 charilas
1938 2819 1998 2873 in

356 2902 575 2957 deliciis
606 2903 743 2970 tuis,
771 2921 897 2975 quae
931 2906 1168 2977 quidem
1196 2922 1263 2961 ex
1277 2908 1494 2962 virtute
1521 2907 1993 2978 proﬁciscuntur.

353 2991 496 3045 Cum
533 2992 686 3046 enim
723 2994 1049 3064 gustaveris
1078 3000 1252 3068 atque
1301 2996 1666 3068 perspexeris
1697 2997 1995 3051 Christum

352 3096 484 3136 esse
514 3080 853 3150 Dominum,
888 3100 1004 3139 non
1052 3083 1309 3156 amplius
1340 3086 1399 3140 in
1433 3088 1645 3140 timore
1695 3084 1794 3141 illo
1844 3087 1995 3141 bono

350 3169 623 3239 versaris,
658 3172 759 3226 sed
784 3175 906 3227 tota
935 3190 1002 3227 ex
1048 3173 1235 3245 ipsius
1284 3175 1501 3245 pendes
1547 3174 1829 3230 charitate
1868 3190 1994 3245 quas

347 3258 617 3314 timorem
651 3260 907 3331 expellit.
931 3263 1089 3318 Unde
1109 3265 1486 3333 magnaman
1508 3269 1603 3318 tua
1621 3265 1821 3335 palmae
1846 3265 1998 3319 simi-

343 3347 412 3402 lis
440 3350 599 3420 facta
629 3357 727 3404 est.
775 3350 900 3405 Tua
948 3350 1216 3407 videlicet
1271 3370 1338 3407 ex
1385 3353 1599 3408 virtute
1656 3352 1994 3408 sublimitas

2674 2372 2795 2425 Τῶν
2829 2376 2877 2443 γ’
2907 2369 3185 2439 Πατέρων.

2178 2461 2245 2517 Τί
2319 2459 2609 2535 ὡραιώθης
2675 2457 2764 2512 καὶ
2819 2457 2871 2511 τί
2917 2455 3197 2527 ἡδύνθηςί
3267 2455 3463 2524 εῗτουν,
3533 2457 3763 2527 Θαυμά-

2107 2570 2221 2604 σιον
2277 2543 2608 2623 περιεϐάλου
2666 2545 2897 2615 κάλλος,
2959 2543 3175 2617 δηλαδὴ
3235 2546 3299 2600 τὸ
3338 2547 3457 2608 καθ’
3488 2545 3761 2618 ὁμοίωσιν

2103 2636 2200 2694 τοῦ
2245 2637 2577 2713 ἀρχετύπου.
2638 2637 2778 2691 Καθὸ
2822 2640 2901 2709 τῷ
2950 2634 3169 2713 νυμφίῳ
3229 2635 3596 2709 συγγενομένη
3657 2634 3759 2689 καὶ

2106 2727 2457 2783 ἀπολαύουσα
2527 2727 2723 2781 τούτου
2807 2724 3089 2796 έπλήσθης
3155 2725 3527 2797 πνευματικής
3581 2723 3763 2798 ἀφρά-

2105 2838 2234 2873 στου
2291 2813 2513 2885 ἡδονῆς.
2593 2815 2687 2871 Καὶ
2774 2813 2901 2890 γὰρ,
2962 2815 3175 2890 Ἀγαπη
3242 2813 3292 2868 ἕν
3351 2818 3583 2888 τρυφαῖς
3632 2834 3763 2879 σου,

2108 2904 2365 2976 δηλονότι
2437 2909 2557 2966 ταῖς
2622 2905 2738 2958 κατ’
2820 2904 3035 2978 ἀρετήν.
3124 2903 3434 2976 Γευσαμένη
3496 2901 3603 2975 γάρ
3668 2902 3767 2955 καὶ

2106 2993 2434 3068 θεασαμένη,
2495 2995 2577 3048 δτι
2660 2992 2898 3068 Χριστὸς
2975 2993 3002 3047 6
3088 2992 3304 3067 Κύριος,
3365 2989 3541 3045 οὐκέτι
3595 2984 3768 3064 φόϐῳ

2104 3089 2182 3156 τῷ
2228 3084 2415 3157 ἀγαθῶ
2466 3082 2726 3159 ἐντρυφᾷς
2762 3101 2774 3114 ·
2833 3080 2959 3137 ἀλλ’
3013 3079 3118 3151 ὅλη
3176 3086 3275 3149 τῆς
3320 3079 3528 3157 ἀγάπης
3556 3078 3763 3133 τούτου

2107 3172 2424 3247 ὶξήρτησαι,
2484 3171 2604 3241 ἥτις
2645 3168 2745 3240 ἔξω
2798 3168 2993 3246 βάλλει
3042 3170 3132 3224 τὸν
3193 3164 3380 3247 φόϐον.
3438 3170 3618 3238 Ὀθεν,
3680 3167 3765 3225 Τὸ

2108 3262 2334 3339 μέγεθός
2364 3282 2459 3316 σου
2491 3261 2757 3334 ὡμοιώθη
2814 3258 2893 3332 τῷ
2925 3258 3149 3333 φοίνικι.
3198 3258 3444 3323 Ηάντως,
3492 3256 3569 3313 Τὸ
3635 3256 3765 3311 κατ’

2104 3352 2300 3425 ἀρετὴν
2376 3350 2513 3423 ὕψος
2570 3370 2666 3404 σου
2721 3348 3076 3423 παρείκασται
3131 3352 3210 3419 τῷ
3265 3351 3335 3421 τῇ
3399 3347 3492 3419 μὲν
3648 3345 3759 3399 οὐκ

341 3435 669 3491 assimilata
703 3443 792 3493 est
823 3438 1048 3510 palmae,
1085 3457 1213 3511 quae
1240 3442 1433 3497 radice
1462 3441 1618 3496 haud
1661 3442 1741 3496 ita
1768 3441 1826 3496 in
1860 3457 1990 3513 pro-

2105 3440 2183 3501 εἲ¹ς
2247 3441 2411 3515 βάθος
2466 3438 2839 3516 ἐῤῥιζωμένῳ,
2894 3438 2972 3500 εἷς
3029 3435 3163 3511 ὕψος
3215 3434 3260 3491 δ’
3294 3437 3492 3497 ἱκανῶς
3524 3435 3757 3508 ἆνατρὲο

340 3525 587 3582 t'undum
614 3527 821 3593 tendit,
854 3530 952 3584 sed
987 3531 1197 3585 vertice
1229 3530 1504 3587 sublimis
1533 3532 1852 3587 admodum
1893 3546 1987 3585 ex-

337 3613 586 3669 tollitur.
620 3617 706 3671 Tu
740 3616 880 3672 item
909 3618 979 3673 de
1004 3620 1180 3674 rebus
1201 3621 1447 3675 terrenis
1474 3621 1673 3675 leviter
1702 3622 1987 3691 cogitans,

337 3707 622 3772 quantum
657 3705 918 3774 corporis
968 3707 1284 3762 necessitas
1318 3714 1486 3779 urget
1536 3709 1752 3764 mentis
1790 3710 1990 3764 altitu-

337 3789 474 3844 dine
503 3790 679 3846 cmlos
708 3793 977 3862 attingis,
1023 3810 1156 3849 cum
1206 3796 1277 3849 ad
1306 3813 1621 3851 mensuram
1652 3799 1839 3853 atatis
1867 3798 1989 3869 ple-

337 3877 617 3933 nitudinis
668 3879 919 3935 Christi78
967 3884 1323 3951 perveneris.
1358 3886 1424 3938 Et
1476 3886 1648 3940 ubera
1698 3891 1793 3941 tua
1848 3888 1992 3942 sicut

342 3966 505 4022 botri.
543 3968 732 4023 Ubera
780 3968 1061 4024 nimirum
1112 3971 1385 4027 doctrinae
1434 3977 1546 4029 tua;
1580 3979 1706 4029 tum
1751 3975 1990 4030 moralis

338 4059 469 4109 tum
504 4056 811 4123 naturalis,
843 4058 1061 4127 quibus
1090 4076 1195 4115 nos
1228 4062 1418 4117 adhuc
1440 4062 1695 4119 infantes
1720 4065 1789 4118 ad
1816 4064 1991 4136 pieta-

338 4146 456 4199 tem
488 4146 764 4200 erudiens
794 4146 1019 4211 aluisti,
1041 4166 1197 4204 nunc
1218 4151 1435 4206 similia
1456 4152 1607 4207 facta
1626 4158 1768 4208 sunt
1785 4154 1989 4225 palmae

340 4230 695 4299 botris,dum
732 4251 839 4289 nos
865 4237 934 4290 ad
972 4238 1389 4308 perfectionem
1432 4242 1872 4313 progredientes
1905 4243 1991 4296 di-

342 4320 567 4377 viniore
624 4323 892 4379 doctrina
949 4328 1165 4396 pascis,
1200 4329 1366 4399 quasi
1429 4330 1630 4386 melita
1687 4332 1989 4387 botrorum

343 4409 549 4482 palmas
584 4411 917 4468 dulcedine.
952 4418 1158 4488 Itaque
1193 4418 1537 4491 magnitudo
1569 4421 1846 4476 doctrinm
1883 4426 1995 4476 tuas

344 4499 555 4569 palmis
577 4506 936 4572 comparata,
962 4509 1051 4559 est
1075 4506 1501 4577 discipularum
1534 4509 1639 4563 abs
1667 4514 1724 4565 te
1757 4511 1994 4565 institu-

345 4591 537 4642 tarum
572 4589 913 4645 multitudo.
952 4596 1106 4659 Dixi,
1148 4596 1445 4650 Ascendam
1476 4599 1535 4652 in
1577 4599 1858 4670 palmam,
1894 4616 1995 4671 ap-

344 4677 682 4745 prehendam
713 4680 1039 4738 altitudines
1068 4685 1186 4751 eius
1209 4702 1227 4739 :
1249 4689 1301 4740 et
1331 4691 1497 4742 erunt
1527 4688 1697 4743 ubera
1726 4693 1824 4743 tua
1854 4691 1995 4744 sicut

2099 3549 2258 3605 χοντι
2283 3530 2507 3591 φοίνικι.
2542 3528 2643 3584 Καὶ
2673 3530 2775 3603 γὰρ
2805 3528 2895 3581 καὶ
2927 3525 3064 3598 αὕτη
3094 3530 3204 3581 τῶν
3258 3523 3464 3600 γηΐνων
3522 3521 3613 3578 διὰ
3649 3526 3756 3592 τήν

2100 3620 2335 3694 ἀνάγκην
2358 3623 2454 3675 τοῦ
2502 3619 2780 3692 σώματος,
2838 3615 3026 3691 ἄκροις
3086 3621 3202 3678 τοῖς
3272 3613 3566 3692 λογισμοῖς
3628 3613 3753 3669 ἐπι-ι

2098 3709 2367 3784 ψαύουσα,
2437 3709 2610 3762 αὑτῶν
2677 3708 2818 3781 ἅπτῃ
2898 3710 3003 3761 τῶν
3083 3705 3349 3780 οὐρανίων
3419 3702 3495 3765 εἷς
3546 3702 3752 3778 μέτρον

2098 3796 2321 3868 ἡλικίας
2366 3802 2463 3852 τοῦ
2542 3795 2921 3872 πληρώματος
3001 3798 3098 3851 τοῦ
3166 3798 3399 3869 Χριστοῦ
3448 3792 3699 3870 φθάσασα
3734 3810 3749 3824 ·

2100 3886 2201 3944 Καὶ
2257 3887 2308 3940 οἱ
2381 3885 2573 3959 μαστοί
2658 3905 2777 3953 σου,
2860 3889 2977 3946 τοῖς
3061 3882 3346 3958 βότρυσιν·
3428 3880 3627 3956 ἤγουν,
3686 3882 3753 3938 Ἦ

2098 3977 2262 4045 ἠθική
2294 3976 2384 4030 καὶ
2416 3977 2449 4044 ἡ
2485 3975 2684 4049 φυσική
2721 3970 3041 4028 διδασκαλία
3092 3994 3187 4028 σου
3247 3969 3318 4027 δι’
3373 3973 3446 4025 ὧν
3492 3973 3645 4045 ἡμᾶς
3673 3967 3759 4026 ἔτι

2096 4064 2296 4135 νηπίας
2343 4064 2508 4126 οὕσας
2546 4062 2691 4139 γάλα
2738 4063 2991 4124 ἰπότισας
3050 4062 3422 4138 εἰσαγωγικῶς
3460 4061 3599 4135 πρὸς
3630 4062 3755 4116 θεο-

2101 4149 2307 4209 σίϐειαν
2360 4150 2773 4219 έκπαιδεύουσα,
2828 4152 2915 4207 νῦν
2976 4150 3289 4224 ὡμοίωνται
3337 4154 3456 4213 τοῖς
3490 4153 3590 4203 τοῦ
3625 4149 3760 4229 φοί-

2100 4264 2252 4305 νικος
2286 4242 2561 4319 βότρυσιν,
2608 4241 2659 4296 ὲν
2708 4246 2789 4314 τῷ
2847 4240 3020 4311 ἒστιᾷν
3073 4242 3220 4312 ἡμᾶς
3258 4238 3648 4313 προσκοψάσας
3680 4239 3762 4300 εἷς

2100 4331 2419 4403 τελειότητα
2448 4332 2547 4400 τὴν
2600 4332 2871 4406 θειοτέραν
2930 4326 3304 4394 διδασκαλίαν,
3337 4328 3415 4389 ὡς
3466 4325 3757 4399 μελιτώδη

2103 4421 2418 4498 γλυκύτητα
2446 4424 2554 4474 τῶν
2590 4419 2834 4495 βοτρύων
2855 4422 2951 4473 τοῦ
2975 4424 3244 4494 φοῖνικος.
3278 4420 3357 4474 T0
3372 4421 3500 4491 γοῦν
3529 4416 3763 4490 μέγεθός

2105 4532 2204 4565 σου
2245 4517 2344 4579 τῆς
2401 4506 2749 4565 διδασκαλίας
2794 4513 2872 4581 τῷ
2924 4508 3125 4587 φοίνικι
3182 4506 3614 4582 παρεικάσασαή
3654 4527 3765 4577 μα-

2106 4600 2442 4673 θητευομένη
2473 4620 2557 4653 σοι
2588 4597 2827 4667 πληθύς.
2861 4600 3009 4654 Εῖπα
3033 4615 3045 4629 ·
3094 4591 3470 4667 ’Λναϐήσομαι
3530 4594 3623 4649 ἐπὶ
3677 4600 3765 4666 τῷ

2105 4688 2331 4767 φοίνικι,
2404 4689 2661 4764 κρατήσω
2742 4692 2850 4742 τῶν
2930 4684 3106 4760 ὄψεων
3182 4686 3348 4739 αὑτοῦ
3380 4702 3392 4715 ·
3453 4683 3545 4738 καὶ
3601 4681 3768 4739 ἶσον-

345 4763 485 4817 botri
514 4766 938 4824 vineaMecum
963 4770 1093 4841 ipsa
1129 4772 1461 4829 deliberans
1492 4775 1632 4843 dixi,
1666 4778 1992 4834 Ascendam

2105 4763 2187 4834 τσι
2238 4776 2305 4845 δὴ
2384 4763 2579 4851 μαστοί
2664 4798 2781 4847 σου,
2860 4777 2934 4839 ὡς
3018 4775 3241 4851 βότρυες
3316 4780 3418 4841 τῆς
3478 4772 3766 4844 ἀμπέλου.

343 4867 445 4923 per
471 4853 703 4910 virtutis
736 4857 1129 4915 imitationem
1160 4863 1231 4915 ad
1266 4863 1680 4934 perfectionem
1718 4866 1994 4922 doctrinae

340 4943 459 4997 tua:
492 4959 504 4996 :
537 4948 592 4997 et
624 4961 729 5015 per
775 4948 1332 5020 contemplationem
1383 4953 1819 5024 apprehendam
1868 4956 1996 5026 ejus

342 5030 795 5089 sublimitatem.
840 5036 907 5090 Et
956 5037 1280 5110 disciplinas
1321 5044 1461 5108 tua),
1498 5042 1677 5097 ubera
1726 5060 1851 5115 quae
1903 5060 1997 5099 me

343 5120 695 5176 naturilater
715 5125 1191 5191 nutriunt,erunt
1222 5129 1464 5185 omnino
1490 5130 1644 5185 sicut
1666 5132 1814 5188 botri
1847 5150 1995 5188 verm

342 5209 480 5264 vitis
504 5212 603 5280 qui
624 5212 893 5269 Christus
915 5221 1041 5270 est:
1070 5219 1392 5286 prabentes
1444 5220 1584 5273 mihi
1619 5224 1869 5293 gratiam
1916 5225 1995 5278 di-

342 5296 626 5362 vinitatis,
656 5318 783 5371 qua:
805 5303 921 5357 vini
957 5320 1119 5358 more
1142 5322 1175 5359 a
1210 5311 1420 5361 natura
1452 5314 1706 5365 mentem
1741 5312 1999 5369 dimovet

342 5389 399 5439 et
426 5401 610 5456 supra
654 5394 921 5447 naturam
956 5393 1251 5448 transfert.
1290 5395 1439 5451 Unde
1468 5397 1595 5453 odor
1627 5399 1801 5453 etiam
1836 5403 1998 5456 uaris

346 5476 453 5528 tuae
478 5475 617 5530 sicut
643 5492 826 5548 poma.
862 5481 1059 5538 Gratia
1088 5482 1311 5538 scilicet
1334 5485 1520 5542 sancti
1546 5486 1802 5559 Spiritus
1831 5506 1994 5546 men-

416 5656 461 5695 "
490 5656 664 5716 Hebr.
696 5676 774 5730 tv,
810 5662 894 5718 12.
970 5665 1013 5701 ⁷⁸
1044 5664 1248 5737 Ephes.
1287 5683 1361 5734 ιν,
1397 5667 1479 5722 13.

2106 4863 2353 4936 Δηλαδή,
2386 4866 2471 4922 ’Ev
2497 4865 2705 4939 ἆμαυτῇ
2742 4863 3110 4939 βουλευτικῶς
3145 4861 3280 4940 ἔφην
3305 4880 3319 4894 '
3362 4859 3767 4934 Ἀνελεύσομαι

2110 4958 2427 5028 μιμητικῶς
2480 4954 2589 5025 ἐπὶ,
2658 4955 2757 5023 τὴν
2811 4954 2929 5009 κατ’
3004 4954 3200 5029 ἀρετὴν
3256 4957 3356 5020 τῆς
3404 4947 3770 5013 διδασκαλίας

2106 5064 2203 5098 σου
2261 5042 2601 5114 τελειότητα,
2666 5042 2756 5099 καὶ
2841 5044 2911 5097 τὰ
2981 5042 3119 5097 κατᾶ
3174 5044 3376 5116 γνῶσιν
3436 5036 3772 5112 ὑψηλότατα

2107 5134 2278 5202 αὐτῆς
2334 5132 2724 5207 καταλήψομαι
2803 5133 3155 5207 θεωρήματα.
3222 5130 3295 5188 Αἱ
3371 5132 3616 5206 φυσικῶς
3674 5131 3771 5184 οἷα

2112 5222 2305 5296 μαστοὶ
2335 5222 2625 5299 τρέφουσαί
2660 5243 2726 5294 με
2776 5217 3121 5276 διδασκαλίαι
3166 5239 3262 5273 σου
3296 5217 3588 5293 ὑπάρξουσι
3625 5218 3769 5273 πάν-

2103 5332 2211 5373 τως
2242 5312 2314 5373 ὡς
2349 5311 2570 5387 βότρυες
2601 5318 2701 5380 τῆς
2732 5308 3001 5381 ἀληθινῆς
3036 5305 3287 5382 ἀμπέλου
3318 5308 3775 5382 Χριστοῦ.χορη-

2106 5400 2298 5474 γοῦσαί
2329 5422 2420 5472 μοι
2450 5401 2549 5469 τήν
2591 5400 2727 5455 κατὰ
2782 5400 2946 5475 χάριν
2995 5397 3209 5467 θέωσιν,
3259 5395 3384 5464 ἥτις
3421 5393 3577 5466 δίκην
3613 5394 3773 5451 οῗνου

2108 5491 2317 5566 φύσεως
2375 5493 2467 5547 τὸν
2530 5495 2654 5547 νοῦν
2703 5490 2901 5563 ἔξιστᾷ,
2958 5490 3049 5545 καὶ
3099 5489 3234 5563 πρὸς
3290 5486 3354 5542 τὸ
3403 5486 3535 5563 ὑπὲρ
3601 5488 3771 5564 φύσιν
