4042 6198
275 327 399 388 673

1322 323 1734 387 COMMENT.
1780 326 1860 387 IN
1905 327 2312 396 CANTICUM
2354 336 2659 398 CANTIC.

3576 339 3699 397 674

276 457 619 532 μεθίστησιν.
698 456 976 544 ΔἘντεῦθεν
1068 451 1125 544 δὲ
1198 454 1287 509 καὶ
1374 456 1519 530 ὀσμὴ
1608 455 1752 533 ῥινός
1812 479 1929 532 σου,

2073 481 2164 522 em
2196 466 2445 539 implens
2478 470 2786 540 suavitate,
2811 485 2959 541 quas
2984 472 3086 525 tua
3115 486 3330 541 sponsu
3356 475 3697 544 susceptam

272 548 355 610 ὡς
417 546 591 620 μῆλα.
651 542 850 617 eam“,
904 545 967 601 Ἥ
1025 541 1317 619 πληροῦσα
1345 552 1552 617 νοητῆς
1589 545 1815 611 εὐωδίας
1844 552 1940 603 τοῦ

275 638 553 711 παναγίου
612 634 923 709 [Ινεῦματος
978 633 1161 710 χᾶρις,
1220 636 1283 704 ἣν
1340 634 1475 703 αὖτὴ
1541 636 1941 711 μὶνξεῖσὲπνευ-

283 748 381 788 σας
436 725 542 780 ἀπὸ
594 728 691 778 τοῦ
746 723 986 802 νυμφίου
1038 723 1241 795 ταύτης
1288 720 1693 798 μεταλαϐοῦσα,
1728 726 1851 801 ἐμοὶ
1884 725 1942 782 δὲ

278 815 489 886 ταύτην
554 812 870 875 ἐνὲπνευσας
953 810 1257 886 μεταδοῦσά
1335 835 1430 885 μοι
1483 816 1690 885 αὐτῆς·
1750 816 1941 893 οἷάπερ

284 904 450 980 μῆλα
475 906 575 974 τήν
634 905 777 978 ὥραν
845 903 940 976 μὶν
995 903 1260 979 εὖπρεπῆ,
1304 902 1482 975 εὐώδη
1516 902 1573 960 δὶ
1602 906 1701 974 τήν
1740 907 1941 979 ὀσμὴν,

276 995 376 1050 καὶ
447 996 547 1064 τὴν
623 997 807 1069 γεῦσιν
884 989 1062 1056 ἡδέα·
1130 992 1403 1068 εὐπρεπὴς
1471 995 1564 1067 μὲν
1624 997 1759 1049 κατὰ
1814 995 1941 1058 τοὺς

274 1086 522 1160 τρόπους
575 1087 682 1138 τῶν
738 1082 966 1153 ἀρετῶν,
1028 1082 1254 1147 εῧπνους
1303 1081 1359 1138 δὲ
1416 1084 1551 1139 κατά
1578 1084 1705 1147 τοὺς
1739 1082 1942 1160 λόγους

278 1175 466 1229 αὐτῶν
496 1217 511 1241 ,
579 1172 666 1227 καὶ
724 1171 952 1247 γλυκεῖα
993 1172 1126 1227 κατᾶ
1174 1173 1275 1242 τὴν
1333 1172 1526 1249 πεῖράν
1591 1195 1684 1247 μοι
1742 1173 1941 1231 ἔσεται.

278 1262 386 1318 Καὶ
453 1264 482 1317 ὁ
541 1261 740 1338 λάρυγξ
799 1282 916 1330 σου,
990 1261 1063 1324 ὡς
1123 1260 1265 1325 οῖνος
1323 1263 1519 1337 ἀγαθὸς
1576 1264 1943 1339 πορευόμενος

278 1358 365 1425 τῷ
440 1349 719 1430 ἀδελφιδῷ
804 1373 909 1424 μου
986 1350 1062 1412 εἷς
1143 1350 1482 1420 εὐθύτητας,
1587 1352 1941 1426 ἷκανούμενος

276 1442 503 1517 χείλεσι
593 1461 697 1513 μου
780 1440 867 1495 καὶ
947 1438 1183 1495 ὀδοῦσιν·
1238 1437 1387 1509 ἤτοι,
1443 1444 1503 1497 '0
1557 1439 1940 1503 διδασκαλικὸς

279 1530 461 1606 λόγος
519 1552 614 1585 σου
668 1530 856 1602 οἷάπερ
917 1531 1058 1591 οἶνος
1109 1528 1429 1603 κάλλιστος,
1461 1527 1683 1604 καρδίας
1718 1529 1942 1609 εὐφραν-

277 1622 438 1681 τικὸς
504 1619 721 1693 ὑπάρξει
786 1640 902 1692 μοι,
957 1617 1365 1695 προφερόμενος
1421 1618 1473 1673 ἐν
1531 1624 1610 1691 τῷ
1676 1622 1944 1695 αγαπητῷ

281 1730 406 1764 σου·
500 1708 561 1763 οὗ
635 1730 730 1781 μοι
806 1708 940 1778 αὐτὴ
999 1708 1167 1763 πόθον
1226 1707 1501 1781 ἐνέσταξας
1550 1708 1627 1773 εἷς
1683 1707 1946 1772 ἀπλανεῖς

2050 554 2107 609 in
2141 574 2246 612 nos
2278 558 2569 616 eﬂ'undis:
2604 560 2755 615 sicut
2786 574 2960 631 poma
2990 562 3275 614 sunttum
3308 564 3543 630 aspectu
3568 560 3702 632 pul-

2051 644 2211 716 chra,
2244 652 2369 703 tum
2402 650 2643 705 odoratu
2672 649 2896 718 suavia,
2928 652 3056 703 tum
3087 652 3325 721 gustatu
3357 647 3590 717 dulcia;
3617 651 3701 705 sic

2050 733 2179 806 ipsa
2211 738 2380 793 nobis
2413 738 2521 793 erit
2552 745 2607 795 et
2639 739 2919 794 virtutum
2944 737 3209 793 moribus
3229 738 3461 805 decora,
3485 742 3539 792 et
3563 738 3704 793 odo-

2051 824 2224 881 rifera
2256 843 2599 883 sermonum
2632 833 2957 897 venustate,
2991 832 3047 883 et
3087 826 3277 881 dulcis
3331 810 3701 898 experientiae

2045 914 2434 983 jucunditate.
2473 918 2537 972 Et
2563 920 2763 990 guttur
2786 926 2941 971 tuam
2969 918 3112 972 sicut
3141 918 3331 972 vinum
3357 918 3578 983 bonum,
3601 933 3702 971 va-

2051 1003 2181 1058 dens
2211 1006 2396 1077 nepoti
2412 1022 2531 1060 meo
2555 1008 2611 1061 in
2642 1006 3021 1072 rcctitudincs,
3056 1006 3337 1077 sufﬁciens
3367 1005 3543 1060 labris
3564 1006 3703 1059 meis
3738 1062 3741 1063 ν

2051 1101 2103 1148 et
2128 1093 2400 1150 dentibus.
2445 1095 2843 1150 Institutionis
2876 1101 2985 1149 tuae
3020 1112 3213 1150 sermo
3248 1094 3348 1165 qui
3380 1098 3447 1149 ut
3494 1094 3699 1149 vinum

2052 1183 2338 1255 optimum
2371 1185 2549 1240 corda
2578 1185 2759 1240 afﬁcit
2790 1184 3010 1252 laetitia,
3047 1184 3157 1239 erit
3183 1184 3376 1253 nobis,
3400 1184 3538 1238 dum
3567 1199 3700 1255 pro-

2052 1273 2359 1328 nuntiatur
2413 1273 2475 1329 in
2535 1273 2744 1329 dilecto
2802 1278 2902 1328 tuo
2934 1274 3103 1343 cujus
3149 1272 3317 1328 nobis
3343 1272 3702 1329 desiderium

2052 1360 2378 1433 instillasti,
2416 1362 2472 1417 in
2505 1362 2627 1417 vias
2660 1366 2885 1418 rectas:
2919 1368 2984 1416 ut
3014 1378 3145 1416 eum
3177 1365 3457 1433 tanquam
3492 1361 3704 1416 verita-

2051 1455 2167 1506 tem
2199 1450 2646 1523 amplectamur,
2681 1468 2784 1505 nec
2812 1468 2915 1523 per
2944 1450 3228 1506 delectum
3264 1454 3364 1507 aut
3395 1467 3703 1507 excessum

2052 1553 2086 1591 a
2107 1536 2339 1593 virtutis
2374 1537 2720 1593 rectitudine
2746 1538 3125 1593 deﬂectemus
3156 1556 3167 1593 :
3202 1542 3256 1593 et
3278 1538 3580 1593 sufﬁciens
3605 1555 3703 1594 no-

2054 1625 2154 1681 stri
2210 1626 2522 1697 appetendi
2582 1627 2879 1698 potentiis,
2943 1626 3157 1697 quibus
3187 1631 3467 1698 tanquam
3521 1626 3705 1682 labris

2053 1713 2394 1770 osculamur
2424 1715 2579 1787 quod
2611 1714 2831 1786 placuit
2854 1714 3139 1769 voluntati
3172 1731 3184 1769 :
3232 1721 3287 1769 et
3338 1713 3705 1787 intelligendi

279 1799 409 1853 κατ’
470 1798 664 1872 ἀρετὴν
725 1795 908 1858 ὁδούς*
939 1796 990 1851 ἐν
1044 1797 1125 1868 τῷ
1187 1792 1401 1872 ἔχεσθαι
1438 1797 1654 1870 τούτου,
1689 1798 1765 1855 ὡς
1799 1796 1941 1867 ἀλη-

286 1890 311 1904 n
358 1889 369 1904 Ι
596 1887 610 1904 \
724 1889 738 1904 ἱ
1068 1890 1089 1901 ο
1339 1886 1353 1904 9
1481 1888 1493 1904 \
1656 1888 1669 1904 1
1703 1884 1748 1904 ἸΝ
1769 1885 1789 1904 \
1869 1890 1879 1904 I

2069 1802 2456 1874 "acultatibus,
2492 1803 2709 1875 quibus
2742 1808 3021 1875 tanquam
3059 1804 3358 1870 dentibus,
3388 1820 3515 1874 quae
3557 1804 3705 1858 dura

285 1889 464 1949 Bsiac'
523 1887 612 1942 καὶ
672 1889 745 1959 μή
807 1890 1117 1962 συγχωρεῖν
1173 1908 1257 1959 με,
1310 1886 1385 1947 εἷς
1436 1888 1503 1941 τὰ
1555 1888 1669 1941 κατ’
1702 1884 1946 1960 ἔλλειψιν

283 1982 392 2050 τῇς
425 1978 624 2053 ἆρεθῆς
657 1978 825 2046 πάθη,
877 1976 911 2045 ἦ
957 1976 1021 2029 τὰ
1078 1976 1195 2039 καθ⁹
1240 1970 1551 2049 ὑπερϐολὴν
1603 1975 1947 2046 πλησιάζειν*

286 2067 433 2140 πρὸς
486 2062 542 2119 δὲ
598 2065 687 2119 καὶ
754 2065 933 2138 ἀρκῶν
966 2065 1109 2125 ’ταῖς
1156 2086 1214 2118 τε
1259 2067 1565 2141 ὁρεκτικαῖς
1628 2087 1731 2137 μου
1792 2062 1949 2119 δυνά-

289 2176 444 2227 μεσι,
478 2151 549 2208 δι’
578 2155 649 2208 ὧν
712 2156 800 2208 οἷα
848 2151 1082 2228 χειλέων
1140 2158 1241 2209 πᾶν
1298 2155 1521 2223 ἀσπάζω
1582 2154 1675 2226 μὲν
1708 2156 1771 2209 τὸ
1816 2154 1952 2209 κατὰ

281 2244 589 2319 βούλησιν,
650 2243 740 2298 καὶ
796 2248 913 2304 ταῖς
976 2240 1365 2313 διανοητικαῖς·
1423 2240 1493 2297 δι’
1550 2240 1623 2296 ὧν
1671 2243 1746 2297 ὥς
1787 2264 1952 2297 τινων

282 2331 544 2388 ὁδόντων
604 2333 740 2407 πρὸς
774 2332 972 2407 βρῶσιν
1034 2333 1405 2405 πνευματικὴν
1465 2334 1527 2386 τὸ
1559 2330 1817 2407 δυσχερὲς
1846 2336 1954 2387 τῶν

284 2443 593 2495 νοηματων
654 2418 1012 2476 καταλεαίνω.
1070 2425 1178 2487 Τῆς
1235 2426 1363 2497 γοῦν
1416 2420 1665 2491 πληθύος
1692 2425 1800 2475 τῶν
1851 2440 1954 2492 μα-

290 2511 684 2584 θητευομὲνων
744 2509 1119 2581 ἀπαιτησάσης
1177 2512 1274 2579 τὴν
1336 2506 1661 2564 διδάσκαλον
1704 2507 1955 2583 ἐπιστρέ-

287 2604 392 2674 ψαι
456 2600 563 2654 ἀπὸ
620 2604 717 2654 τοῦ
749 2598 918 2672 ὕψους
950 2606 1050 2668 τῆς
1100 2605 1364 2671 μυστικῆς
1419 2598 1785 2673 θεωρίας,καὶ
1822 2617 1952 2673 συγ-

287 2684 600 2757 καταϐῆναι
686 2688 822 2743 κατὰ
905 2689 1005 2757 τήν
1082 2689 1279 2757 ἠθικὴν
1357 2687 1684 2766 φιλοσοφίαν
1743 2685 1952 2757 αὐταῖς,

290 2778 438 2833 ὥστε
491 2779 774 2833 θεάσασθαι
833 2777 885 2832 ἐν
944 2776 1081 2851 αὐτῇ
1130 2777 1197 2832 τὰ
1248 2779 1514 2853 ιῗρημὲνα
1562 2776 1763 2846 ταύτης
1793 2796 1953 2830 πνευ-

294 2868 505 2941 ματικά
533 2866 737 2939 κάλλη,
770 2866 858 2921 καί
891 2862 1252 2937 συναναϐἧναι
1282 2867 1452 2941 ταύτῃ
1504 2864 1592 2921 διὰ
1643 2866 1950 2939 μιμήσεως·

287 2959 433 3033 πρὸς
489 2958 687 3019 ταύτας
746 2958 881 3027 αὕτη
960 2975 1116 3033 φησιο
1171 2956 1314 3030 Ἐγὼ
1372 2961 1452 3028 τῷ
1498 2952 1775 3033 ἀδελφιδῷ
1827 2975 1954 3027 μου,

286 3048 389 3101 καὶ
453 3046 539 3101 ἄπ’
596 3046 694 3120 ἐμὶ
745 3049 780 3116 ἡ
836 3045 1135 3123 ἐπιστροφή
1196 3045 1381 3102 αὐτοῦ,
1416 3043 1662 3116 Δηλαδή,
1697 3043 1847 3112 Αὖτή
1878 3047 1957 3115 τῷ

290 3137 571 3211 ἀγαπητῳ
634 3157 741 3208 μου
798 3134 934 3206 ὅλην
995 3134 1236 3207 ἰμαυτήν
1295 3133 1583 3206 ἀνεθέμην,
1637 3133 1727 3187 καὶ
1776 3130 1954 3206 χωρὶς

2060 1896 2199 1946 sunt
2231 1897 2286 1945 et
2318 1892 2383 1945 ad
2410 1892 2877 1964 cognoscendum
2911 1891 3196 1955 difﬁcilia,
3231 1892 3298 1946 ad
3335 1907 3500 1946 esum
3531 1895 3587 1945 et
3620 1890 3707 1945 ci-

2058 1979 2198 2033 bum
2236 1978 2557 2049 spiritalem
2582 1979 2908 2051 frangimus
2932 1984 2985 2032 et
3010 1978 3332 2032 mollimus.
3359 1978 3501 2033 Cum
3528 1979 3708 2050 igitur

2061 2067 2483 2139 discipularum
2518 2068 2836 2123 multitudo
2869 2085 2901 2121 a
2935 2068 3211 2137 magistra
3244 2067 3587 2139 flagitasset,
3641 2070 3707 2123 ut

2064 2158 2134 2212 ab
2168 2174 2378 2212 arcana
2406 2157 2919 2229 contemplationis
2953 2156 3263 2210 altitudine
3295 2173 3423 2211 sese
3454 2156 3571 2211 illis
3606 2172 3710 2228 per

2064 2246 2341 2301 moralem
2365 2246 2795 2318 philosophiam
2822 2244 3137 2300 demitteus
3166 2245 3707 2316 etaccommodans,

2062 2336 2141 2389 ita
2170 2340 2550 2401 converteret,
2585 2339 2647 2389 ut
2690 2334 2985 2407 spiritales
3041 2335 3171 2404 ejus
3229 2333 3699 2405 pulchritudines

2063 2441 2190 2496 quas
2222 2425 2384 2479 dictae
2415 2429 2573 2494 sunt,
2599 2425 2658 2479 in
2692 2424 2789 2479 illa
2822 2428 3059 2496 possent
3084 2423 3315 2489 intueri,
3340 2427 3396 2477 et
3420 2438 3553 2477 cum
3576 2422 3707 2492 ipsa

2063 2511 2239 2567 simul
2293 2528 2396 2584 per
2440 2512 2828 2567 imitationem
2890 2511 3330 2579 conscenderet,
3392 2510 3461 2564 ad
3496 2525 3595 2564 eas
3625 2508 3708 2564 ita

2065 2601 2416 2673 respondet:
2481 2602 2588 2668 Ego
2637 2602 2821 2672 nepoti
2875 2616 3015 2665 meo,
3075 2607 3129 2654 et
3176 2599 3255 2654 ad
3297 2615 3383 2655 me
3426 2600 3708 2654 conversio

2062 2691 2198 2762 ejus.
2232 2694 2342 2759 Ego
2376 2705 2467 2745 me
2496 2694 2677 2744 totam
2712 2688 2923 2744 dilecto
2959 2704 3083 2744 meo
3116 2687 3416 2743 dedicavi:
3473 2691 3529 2741 et
3585 2686 3711 2742 sine

2064 2778 2193 2849 ipso
2225 2778 2369 2833 nihil
2406 2779 2592 2833 facere
2625 2777 2928 2833 constitui.
2962 2777 3330 2850 Quapropter
3386 2776 3510 2848 ipse
3569 2792 3710 2847 quo-

2066 2884 2177 2938 que
2211 2868 2279 2922 ad
2316 2883 2405 2921 me
2433 2867 2517 2921 sic
2539 2868 2808 2922 atl‘ectam
2841 2882 2902 2921 se
2935 2866 3206 2935 demittit,
3242 2883 3272 2920 a
3304 2866 3539 2938 propria
3586 2864 3709 2936 glo-

2065 2956 2151 3010 ria
2184 2956 2263 3011 ita
2286 2972 2346 3011 se
2377 2961 2762 3025 convertens;
2797 2960 2859 3011 ut
2891 2972 3022 3010 cum
3059 2954 3371 3009 invisibilis
3405 2955 3501 3021 sit,
3535 2954 3605 3009 ab
3630 2954 3708 3008 iis

2066 3044 2164 3114 qui
2192 3043 2384 3099 videre
2442 3043 2609 3098 illurn
2667 3044 2915 3115 cupiunt
2973 3042 3256 3097 videatur.
3314 3042 3531 3097 Verum
3591 3059 3707 3097 non

2066 3135 2278 3207 patior,
2330 3138 2395 3189 ut
2448 3134 2574 3204 ipsa
2622 3134 2747 3189 sola
2806 3134 2967 3188 fruar
3023 3133 3212 3205 ipsius
3244 3133 3704 3203 conjunctione;

288 3224 463 3280 αὐτοῦ
524 3222 674 3279 οὐδὶν
737 3229 912 3279 ποιεῖν
974 3221 1269 3300 βούλομαι·
1304 3224 1391 3277 καὶ
1424 3222 1506 3277 ἐπ’
1554 3220 1651 3295 ἐμὶ
1679 3224 1777 3291 τήν
1810 3218 1952 3274 οὕτω

2069 3224 2160 3280 sed
2196 3223 2387 3295 cupio,
2422 3228 2486 3278 ut
2516 3222 2693 3278 etiam
2725 3222 2809 3276 illi
2843 3221 2941 3293 qui
2993 3230 3129 3277 sunt
3192 3221 3384 3277 adhuc
3440 3222 3712 3291 imperfe-

294 3318 605 3393 φρονοῦσαν
656 3320 690 3383 ἧ
749 3314 915 3368 αὐτοῦ
974 3307 1371 3389 συγκατάϐασις
1419 3312 1645 3388 γίνεται,
1705 3308 1954 3384 ἐπιστρὲ-

296 3424 500 3481 φοντος
549 3402 656 3457 ἀπὸ
710 3409 811 3472 τῆς
872 3401 1009 3463 ιδίας
1067 3408 1373 3476 περιωπῆς,
1434 3401 1583 3465 ὅπως
1638 3401 1665 3455 ὁ
1723 3398 1953 3474 ἀόρατος

2064 3313 2163 3378 cti,
2193 3311 2439 3367 salutem
2473 3313 2544 3367 ab
2580 3328 2645 3367 eo
2670 3316 3129 3383 consequantur.
3155 3311 3401 3365 Proinde
3424 3309 3633 3377 clamo,
3657 3314 3715 3366 et.

2064 3401 2253 3456 dicto:

296 3493 484 3568 ὁρῷτο
504 3496 623 3553 τοῖς
660 3490 1021 3566 βουλομένοις
1052 3496 1243 3546 τοῦτον
1278 3492 1423 3566 ὁρᾷν.
1455 3488 1612 3547 Ἀλλ’
1646 3488 1743 3544 οὐκ
1771 3488 2039 3563 ἀνέχομαι
2072 3487 2236 3561 μόνον
2261 3495 2361 3557 τῆς
2390 3488 2537 3563 ἱερᾶς
2567 3486 2729 3542 αὐτοῦ
2759 3486 3058 3542 ἀπολαύειν
3092 3485 3400 3549 κοινωνίας·
3437 3484 3711 3561 βούλομαι

295 3579 356 3638 δὶ
387 3580 477 3635 καὶ
507 3580 641 3643 τοὺς
670 3579 880 3642 ἀτελεῖς
914 3578 1014 3645 ἔτι,
1046 3582 1172 3654 παρ’
1202 3579 1365 3634 αὐτοῦ
1397 3578 1671 3656 σωτηρίας
1699 3581 1908 3653 τυχεῖν.
1943 3575 2036 3631 Διὸ
2070 3577 2183 3652 βοῶ
2213 3576 2302 3631 καὶ
2335 3574 2501 3653 λέγω.

364 3687 548 3759 Ἐλθὶ,
574 3686 836 3769 ἀδελφιδὲ
874 3709 1000 3762 μου,
1033 3688 1124 3743 καὶ
1152 3687 1220 3744 τὰ
1249 3687 1390 3760 ἑξῆς.

868 4217 991 4272 Τῶν
1039 4214 1088 4290 γ’
1128 4212 1401 4287 Πατέρων.

374 4326 530 4401 Λὶγει
564 4326 656 4380 οῦν
706 4325 743 4395 ἠ
775 4324 961 4400 νύμφη
994 4323 1130 4399 πρὸς
1162 4324 1258 4385 τὰς
1307 4322 1770 4396 μαθητιυομένας·
1831 4330 1965 4379 Λοι-

304 4416 402 4471 πὸν
434 4420 515 4488 τῷ
566 4416 793 4492 νυμφίῳ
844 4435 948 4487 μου
998 4412 1088 4468 καὶ
1152 4414 1252 4483 τήν
1303 4410 1516 4483 α’ίτησιν
1569 4411 1724 4484 ὑμῶν
1783 4412 1967 4490 ἀναφά-

306 4504 472 4578 ρουσά
551 4523 715 4581 φημι·
777 4500 958 4571 Ἐλθὲ,
1018 4498 1275 4578 ἀδελφιδὲ
1335 4521 1461 4574 μου,
1524 4498 1826 4574 ἐξέλθωμεν
1887 4500 1965 4564 εἷς

304 4594 487 4667 ἀγρόν·
555 4592 773 4660 Εἶτουν,
830 4594 1020 4666 Δεῦρο,
1082 4588 1331 4665 ἀγαπητὲ
1366 4610 1493 4662 μου,
1526 4587 1829 4663 ἐξέλθωμεν
1859 4589 1965 4665 ἐγώ

306 4705 365 4739 τε
418 4684 453 4753 ἡ
518 4686 795 4755 μυστικῶς
855 4678 1135 4756 θεωροῦσοὶ
1188 4701 1267 4750 σε,
1298 4679 1385 4733 καὶ
1421 4678 1580 4740 αὐτὸς
1612 4679 1639 4732 ὁ
1673 4677 1844 4743 οὕτως
1876 4700 1969 4753 μοι

310 4772 718 4847 Θεωροόμενος,
774 4770 911 4846 πρὸς
969 4769 1061 4824 τὸν
1116 4768 1284 4844 χορὸν
1344 4771 1453 4823 τῶν
1515 4769 1969 4840 μαθητευομὲνων

320 4883 440 4935 μοι,
475 4860 537 4916 ὅν
592 4855 774 4935 ὥσπερ
824 4859 985 4935 ἀγρόν
1024 4880 1145 4913 τινα
1173 4852 1449 4932 τριϐόλων
1473 4855 1562 4911 καὶ
1595 4855 1836 4921 ἀκανθῶν
1867 4862 1973 4912 τῶν

311 4954 743 5025 συμπνιγουσῶν
804 4949 988 5016 αὐτὸν,
1042 4950 1138 5001 τοῦ
1170 4948 1291 5021 βίου
1340 4949 1618 5021 μεριμνῶν
1664 4946 1756 4999 καὶ
1820 4944 1974 5020 λογι-

310 5044 470 5112 σμῶν
524 5038 805 5112 ἐμπαθῶν,
879 5035 1192 5110 ἐξεκάθηραο
1252 5033 1557 5108 ἐξέλθωμεν
1614 5031 1671 5088 δὲ
1729 5035 1973 5109 φανερώ-

311 5148 507 5190 σαντες
568 5127 715 5199 αὐτῷ
772 5128 867 5196 τήν
935 5125 1306 5198 πνευματικὴν
1367 5122 1649 5201 συνέφειαν
1704 5124 1863 5197 ἡμῶν
1919 5124 1971 5177 ἓν

310 5221 433 5279 τοῖς
494 5216 631 5272 κατὰ
672 5219 863 5291 πρᾶξιν
924 5215 1151 5291 τρόποις
1200 5218 1310 5269 τῶν
1340 5213 1567 5287 ἀρετῶν.
1602 5212 1868 5283 Ἐξιόντες
1905 5209 1974 5282 δ’,

320 5306 401 5367 ὡς
452 5304 666 5380 ι’ἷρηται
700 5349 714 5372 ,
766 5304 1113 5378 αὐλισθῶμεν
1172 5301 1225 5357 ἐν
1272 5304 1510 5377 κώμαιςο
1565 5301 1761 5377 ἤγουν,
1814 5322 1978 5357 κατα-

321 5392 702 5469 σκηδώσωμεν
765 5393 815 5449 ἰν
878 5398 1104 5469 ψυχαῖς,
1162 5397 1243 5464 τῷ
1302 5391 1530 5466 ὀνόματί
1560 5413 1655 5447 σου
1686 5393 1858 5453 πάσας
1880 5392 1980 5454 τὰς

298 5486 684 5560 ,θεωρητικᾶιῆ
735 5482 959 5547 καὶτὰς
1010 5482 1290 5557 ὀρεκτικᾶς
1324 5479 1578 5555 δυνάμεις
1633 5481 1830 5550 αὐτῶν,
1890 5480 1981 5536 καὶ

318 5574 424 5636 τὰς
475 5573 755 5644 αἲσθήσεις
798 5572 887 5627 ἐπὶ
934 5572 999 5627 τὸ
1057 5571 1188 5627 αὐτὸ
1244 5570 1741 5647 ουναθροιζούσαις,
1789 5572 1980 5646 οἷάπερ

321 5665 516 5737 κῶμαι
558 5659 687 5725 τοὺς
738 5659 1021 5723 οἰκοῦντας
1066 5657 1247 5721 αὐτάς.
1297 5657 1473 5722 Αὐτὸς
1536 5658 1630 5732 μὶν
1664 5656 1981 5735 οῗκητήριόν

2142 3686 2289 3753 Veni,
2313 3701 2477 3757 nepos
2501 3685 2600 3752 mi,
2624 3683 2980 3753 egrediamur
2994 3685 3051 3739 in
3073 3701 3291 3757 agrum,
3314 3700 3721 3741 commoremur

2065 3758 2123 3812 in
2150 3758 2315 3822 villis,
2348 3773 2511 3811 mane
2547 3773 2837 3827 surgamus
2866 3756 2936 3810 ad
2954 3758 3168 3826 uineas,
3192 3756 3481 3811 videamus
3496 3774 3568 3811 an
3592 3758 3725 3811 vitis

2064 3830 2343 3897 ﬂoruerit,
2404 3845 2475 3882 an
2529 3829 2785 3897 ﬂoruerit
2842 3844 3085 3897 germen,
3138 3844 3213 3883 an
3240 3829 3531 3897 ﬂoruerint
3571 3828 3723 3882 mala

2063 3903 2289 3970 punica.
2322 3901 2445 3955 Illic
2473 3900 2611 3955 dabo
2640 3900 2745 3955 tibi
2774 3900 2947 3954 ubera
2977 3916 3120 3954 mea.
3180 3900 3570 3972 Mandragorae
3628 3900 3724 3955 de-

2067 3971 2266 4027 derunt
2307 3972 2549 4036 odorem,
2612 3981 2663 4027 et
2720 3974 2779 4025 in
2826 3972 3003 4041 portis
3048 3974 3249 4026 nostris
3302 3971 3489 4027 omnes
3556 3987 3724 4026 nuces

2068 4059 2235 4099 novas
2257 4059 2421 4114 super
2448 4052 2655 4098 veteres
2682 4059 2815 4113 quas
2836 4042 2983 4097 dedit
3016 4043 3163 4098 mihi
3190 4046 3369 4099 mater
3397 4059 3536 4112 mea,
3554 4057 3721 4114 nepos

2069 4131 2171 4185 mz,
2203 4117 2418 4170 servavi
2449 4116 2576 4169 tibi.

2669 4221 2850 4275 Trium
2883 4222 3136 4276 Patrum.

2147 4333 2374 4400 Sponsa
2404 4326 2587 4399 igitur
2612 4327 2681 4381 ad
2716 4325 3037 4398 discipulae
3083 4325 3270 4383 dicit:
3326 4326 3454 4382 Jam
3516 4341 3733 4398 sponso

2079 4433 2207 4472 meo
2242 4432 2441 4488 preces
2473 4419 2700 4471 vestras
2732 4431 3027 4487 exponens
3050 4414 3181 4470 dico
3209 4432 3221 4470 :
3260 4415 3410 4481 l'eni,
3441 4430 3607 4486 nepos
3628 4416 3729 4482 mi,

2076 4505 2425 4577 egrediamur
2458 4506 2513 4559 in
2537 4520 2752 4575 agrum.
2788 4508 2928 4575 Age,
2961 4504 3174 4560 dilecte
3205 4503 3308 4569 mi,
3333 4519 3634 4571 exeamus,
3679 4506 3738 4559 et

2079 4610 2185 4667 ego
2218 4611 2348 4667 qua:
2380 4600 2435 4649 te
2467 4592 2712 4665 mystice
2742 4592 3125 4663 contemplor,
3160 4598 3217 4647 et.
3248 4598 3311 4647 tu
3345 4594 3445 4664 qui
3477 4594 3561 4649 sic
3584 4610 3617 4648 ιι
3640 4608 3736 4648 me

2080 4682 2384 4756 spectaris,
2412 4682 2484 4737 ad
2517 4681 2761 4737 chorum
2786 4679 3210 4752 discipularum
3236 4697 3536 4736 mearum:
3559 4696 3733 4753 quem

2082 4780 2146 4831 ut
2170 4791 2377 4846 agrum
2403 4791 2436 4829 ιι
2458 4773 2695 4828 tribulis
2719 4777 2774 4827 et
2796 4772 3006 4843 spinis,
3033 4790 3066 4826 a
3083 4772 3211 4827 vitae
3233 4772 3735 4827 sollicitudinibus

2081 4868 2137 4920 et.
2168 4863 2362 4935 pravis
2395 4859 2852 4933 cogitationibus
2879 4860 3076 4930 ipsum
3110 4860 3568 4928 sutfocantibus,
3603 4876 3739 4932 pur-

2082 4953 2233 5025 gavi.
2266 4952 2652 5023 Egrediamur
2676 4954 2869 5005 autem
2896 4949 3275 5005 ostendentes
3298 4950 3382 5005 illi
3406 4949 3737 5022 spiritalem

2084 5039 2556 5112 conjunctionem
2592 5043 2853 5094 nostram
2889 5038 2946 5093 in
2981 5038 3265 5094 virtutum
3318 5040 3581 5095 moribus
3640 5054 3745 5111 per

2086 5130 2374 5186 actionem
2406 5128 2720 5199 expressis.
2784 5127 3161 5200 Egredientes
3212 5146 3367 5199 vero,
3420 5133 3485 5184 ut
3517 5128 3742 5183 dictum

2086 5223 2195 5287 est,
2227 5233 2660 5274 commoremur
2687 5215 2747 5271 in
2778 5215 2955 5285 villis,
2991 5217 3050 5272 in
3083 5218 3395 5273 animabus
3450 5233 3579 5289 quas
3638 5233 3747 5272 no-

2088 5307 2231 5363 mini
2263 5311 2385 5376 tuo,
2420 5310 2484 5361 ut
2514 5305 2663 5361 villae
2697 5304 2918 5361 incolas
2946 5323 3110 5374 suos,
3143 5310 3386 5362 cunctas
3413 5306 3748 5379 intelligen-

2090 5396 2148 5452 di
2175 5394 2601 5469 appetendique
2627 5395 2915 5466 potentias
2940 5399 2994 5450 et
3019 5412 3230 5451 sensus
3255 5396 3313 5451 in
3340 5413 3521 5452 unum
3547 5412 3753 5470 cogen-

2092 5490 2181 5541 tes
2214 5485 2585 5540 dedicarunt.
2620 5483 2735 5537 Has
2766 5488 2828 5538 tu
2860 5483 3223 5539 domicilium
3258 5484 3361 5541 tibi
3417 5486 3475 5541 in
3526 5483 3748 5557 Spiritu

2094 5578 2297 5630 sancto
2328 5574 2673 5629 constitues.
2708 5576 2824 5643 Ego
2858 5579 3055 5628 autem
3084 5572 3203 5628 illis
3236 5590 3329 5629 me
3360 5574 3576 5646 ipsam,
3628 5586 3747 5641 quo

2094 5662 2201 5720 tibi
2233 5662 2524 5735 placeant,
2553 5660 2889 5733 exemplum
2922 5662 3232 5733 praestabo.
3272 5662 3430 5721 Mane
3449 5675 3748 5733 surgamus
