3944 6210
342 362 461 422 675

1682 353 2104 417 MIGHAELIS
2148 352 2421 415 PSELLI

3636 353 3737 416 6‘76

341 493 411 549 ad
438 492 629 548 vineas
650 508 669 546 :
691 493 752 547 tu
786 489 888 561 qui
917 489 1241 561 esJustitiae
1274 488 1384 560 sol,
1417 487 1770 562 cognitionis
1798 487 1898 544 luci

2179 482 2285 540 ›ἰν
2339 484 2478 561 ἁγίῳ
2537 481 2808 558 Ηνεύματι
2854 482 3049 547 ταύτας
3106 481 3474 557 ποιούμενος,
3531 482 3636 559 ἑγὼ
3687 483 3736 541 δὶ

342 582 615 639 amittens
649 580 709 635 in
741 579 992 650 animas,
1025 579 1293 636 laborum
1328 579 1582 634 fractum
1616 578 1867 634 ferentes
1891 596 1993 650 pa-

338 672 630 740 tientiam,
691 686 818 742 quae
878 669 1049 741 quasi
1109 670 1313 725 botrus
1366 668 1609 739 quidam
1644 683 1746 738 per
1775 666 1991 722 multas

342 760 770 828 tribulationes,
787 757 989 814 viuum
1008 758 1302 829 laetiﬁcum
1321 773 1416 814 cor
1434 758 1681 813 hominis
1703 757 1747 790 π
1785 755 1990 824 stillat,

343 854 582 922 propter
602 865 767 919 spem
798 849 1006 903 futurae
1035 846 1530 904 remunerationis
1562 862 1575 900 :
1639 862 1744 918 ego
1795 849 1991 901 autem

344 938 670 994 secundum
706 937 901 1009 ipsum
933 937 1076 993 solis
1110 941 1303 993 ortum
1330 935 1624 1009 patientia)
1647 952 1838 991 mores
1860 934 1992 990 illos

340 1028 658 1084 ostendens
687 1025 952 1099 exemplo
981 1043 1132 1082 meo.
1167 1027 1252 1081 Ita
1276 1041 1446 1096 porro
1470 1028 1781 1096 surgentes
1811 1022 1995 1078 videa-

340 1133 488 1183 mus,
522 1134 595 1171 an
625 1117 873 1186 ﬂoruerit
903 1118 1084 1184 vinea,
1118 1134 1189 1171 an
1218 1130 1437 1186 germen
1469 1116 1741 1184 ﬂoruerit,
1772 1129 1843 1167 an
1888 1113 1993 1181 ﬂo-

340 1208 559 1261 ruerint
586 1206 738 1260 mola
767 1207 1009 1276 punica:
1044 1204 1478 1275 conspiciamus
1509 1208 1633 1256 tum
1658 1202 1783 1273 ipse
1813 1200 1908 1271 qui
1934 1201 1991 1255 in

339 1294 682 1349 abscondito
714 1294 897 1359 vides,
919 1299 1048 1349 tum
1076 1309 1180 1365 ego
1204 1309 1327 1365 quae
1351 1293 1407 1347 in
1434 1290 1767 1359 manifesto,
1794 1293 1993 1344 utrum

338 1381 765 1454 discipularum
800 1401 833 1438 a
856 1400 947 1438 me
977 1384 1385 1438 institutarum
1421 1382 1565 1435 fides
1598 1381 1747 1450 (quae
1772 1382 1837 1433 ut
1856 1377 1995 1432 vitis

336 1471 395 1526 in
428 1472 726 1543 palmites,
761 1473 843 1527 sic
879 1472 1009 1543 ipsa
1039 1473 1099 1526 in
1129 1473 1320 1527 varias
1351 1471 1595 1525 virtutes
1620 1468 1990 1537 diﬂ‘unditur)

336 1560 603 1616 ﬂoruerit
623 1560 786 1617 intus
820 1562 1056 1633 quidem
1083 1577 1185 1631 per
1218 1560 1486 1615 habitum
1539 1575 1609 1613 ex
1665 1556 1992 1612 rationibus

335 1650 645 1719 virtutum,
677 1650 818 1705 foris
849 1655 1047 1705 autem
1095 1666 1198 1721 per
1257 1649 1548 1704 actionem
1607 1664 1675 1702 ex
1731 1645 1994 1701 moribus

336 1744 511 1811 atque
534 1738 820 1795 institutis
854 1739 1140 1811 ipsarum.
1165 1739 1311 1793 Nam
1343 1737 1549 1793 animae
1582 1736 1689 1791 ﬂos
1720 1752 1788 1791 ex
1808 1736 1994 1791 virtu-

2104 575 2342 649 ἐμαυτὴν
2400 578 2715 651 παριστῶσα
2789 572 3009 638 ταύταις
3062 570 3411 651 παράδειγμα
3464 574 3601 649 πρὸς
3649 577 3732 644 σὴν

2103 663 2470 738 εὐαρέστησιν.
2556 662 2929 740 Ὀρθρίσωμεν
3008 661 3083 726 εἲς
3171 662 3518 737 ἀμπελῶνας·
3597 662 3735 725 αὐτὸς

2108 753 2200 826 μὲν
2264 754 2291 808 6
2350 750 2542 815 Ἥλιος
2594 760 2660 822 τῆ
2682 775 2705 815 ς
2727 749 3100 825 δικαιοσύνης,
3134 750 3441 807 ἀνατέλλων
3472 756 3586 828 φῶς
3614 753 3737 829 γνὼ-

2104 863 2238 905 σεως
2297 848 2419 905 ταῖς
2474 843 2954 920 καρποφορούσαις
3014 845 3219 918 ψυχαῖς
3262 842 3361 911 τὴν
3417 846 3523 897 τῶν
3582 842 3741 897 πόνων

2105 932 2417 1006 ὑπομονήν·
2478 932 2601 1002 ἥτις
2659 929 2733 995 ὥς
2782 953 2864 994 τις
2920 931 3115 1008 βότρυς
3146 929 3234 987 διὰ
3264 929 3487 987 πολλῶν
3523 929 3739 1004 θλίψεων

2103 1021 2393 1091 ἀποστάζει
2425 1022 2517 1078 τὸν
2564 1021 2652 1078 διὰ
2692 1024 2792 1091 τὴν
2829 1020 3030 1077 ἐλπίδα
3074 1028 3173 1092 τῆς
3236 1020 3551 1095 μελλούσης
3614 1034 3745 1095 μισθ-

2105 1110 2400 1175 αποδοσίας
2456 1112 2806 1189 εὐφραντικὸν
2865 1114 2965 1181 τῆς
3023 1108 3244 1188 καρδίας
3300 1111 3474 1180 οἶνον,
3534 1110 3644 1187 ἐγὼ
3694 1109 3742 1166 δὶ

2103 1202 2240 1256 κατά
2302 1203 2400 1271 τήν
2484 1200 2760 1275 εἰρηνένην
2829 1200 3128 1271 ἀνατολήν,
3186 1199 3315 1262 τοὺς
3369 1201 3611 1277 τρόπους
3660 1208 3746 1271 τῆς

2107 1290 2391 1365 ὑπομονῆς
2449 1290 2669 1353 ταύταις
2731 1288 3153 1345 ὑποδεικνύουσα
3204 1294 3282 1361 τῷ
3341 1291 3458 1345 κατ’
3512 1288 3614 1364 ἐμὲ
3654 1311 3743 1345 πα-

2108 1379 2448 1457 ραδείγματι.
2507 1382 2697 1447 Οὕτως
2745 1379 2802 1437 δὲ
2862 1381 3227 1459 όρθρίσαντες,
3257 1378 3488 1456 Ἲδωμεν
3520 1382 3570 1437 εί
3602 1380 3747 1452 ἤνθη-

2106 1491 2191 1525 σεν
2251 1471 2285 1541 ἡ
2348 1467 2645 1545 ἄμπελος,
2714 1469 2943 1543 ἤνηθσεν
3017 1473 3044 1527 6
3104 1471 3435 1547 κυπρισμὸς,
3509 1468 3741 1541 ἤνθησαν

2104 1560 2158 1614 αἱ
2216 1558 2359 1636 ῥοαί·
2420 1558 2569 1631 ἤτοι,
2631 1562 2960 1635 Θοασώμεθα
3016 1560 3079 1615 σύ
3108 1581 3167 1615 τι
3224 1562 3251 1615 6
3311 1559 3363 1615 ἐν
3414 1565 3495 1632 τῷ
3537 1564 3743 1637 κρυπτῷ

2109 1647 2350 1723 βλέπων,
2407 1651 2557 1727 κάγὼ
2614 1651 2647 1721 ἠ
2710 1648 2761 1705 ἰν
2814 1655 2896 1724 τῷ
2926 1654 3156 1726 φανερῷ,
3214 1648 3300 1705 ἐὰν
3332 1650 3367 1720 ἡ
3427 1649 3507 1712 εἷς
3563 1650 3623 1705 σὶ
3648 1655 3742 1704 τῶν

2108 1741 2563 1814 μαθητευομὲνων
2625 1761 2717 1813 μοι
2777 1739 2979 1811 πίστις,
3032 1739 3153 1810 ἥτις
3211 1740 3286 1802 εἰς
3339 1739 3435 1801 τὰς
3466 1736 3744 1816 διαφόρους

334 1832 466 1883 tum
516 1828 848 1885 rationibus
896 1828 1189 1901 germinat
1220 1844 1322 1899 per
1351 1842 1544 1882 mores
1572 1825 1869 1897 .ipsarum

2189 1830 2313 1902 ίτάς,
2374 1830 2450 1894 ὡς
2508 1829 2584 1885 εἷς
2638 1828 2899 1902 κλήματα
2954 1827 3201 1903 ἄμπελος
3233 1827 3544 1906 διαιρεῖτοι,
3596 1828 3746 1900 ἤνθη·

338 1933 511 1973 carne
538 1933 549 1973 :
568 1918 736 1989 cujus
754 1917 882 1974 lldei
909 1918 1016 1973 ﬂos
1038 1922 1163 1973 tum
1181 1934 1455 1985 arcanus,
1471 1920 1597 1971 tum
1615 1914 1990 1983 manifestus,

340 2010 432 2063 est
486 2006 593 2063 ﬂos
652 2007 945 2063 malorum
1002 2006 1377 2079 punicorum,
1446 2022 1573 2076 quae
1630 2004 1992 2059 intrinsecus

340 2096 582 2166 quidem
629 2097 861 2152 dulcem
921 2097 1181 2151 fructum
1242 2094 1565 2165 continent,
1625 2092 1995 2148 extrinsecus

340 2190 538 2241 autem
571 2190 875 2242 austerum
910 2186 1183 2242 corticem
1220 2185 1552 2256 praeferunt.
1587 2182 1812 2239 Etenim
1859 2182 1991 2236 ﬁdei

338 2290 575 2346 quoque
592 2276 819 2331 fructus
850 2276 908 2330 in
932 2275 1159 2331 occulta
1177 2275 1415 2346 quidem
1444 2274 1652 2330 animos.
1686 2270 1993 2327 allectione

340 2368 581 2436 propter
636 2365 817 2420 futuri
878 2364 1103 2437 praemii
1162 2380 1350 2437 spem,
1409 2362 1626 2418 laetitia!
1683 2361 1884 2430 aﬂ‘ert;
1930 2361 1989 2415 in

336 2454 620 2509 exteriore
651 2456 1066 2524 autem‘parnis
1096 2470 1273 2510 sensu
1308 2458 1544 2525 propter
1573 2449 1993 2508 virtutislabo-

336 2558 433 2598 res
467 2543 685 2614 praebet
715 2543 1113 2599 acerbitatem.
1148 2544 1269 2598 Illic
1299 2542 1435 2598 dabo
1493 2541 1665 2597 ubera
1714 2556 1835 2595 mea
1868 2539 1986 2594 tibi.

338 2631 401 2685 In
454 2648 596 2703 agro
655 2631 922 2687 videlicet
976 2632 1075 2687 illo
1135 2647 1310 2703 quem
1371 2630 1514 2697 dixi,
1568 2627 1993 2700 discipularum

337 2735 629 2788 mearum,
664 2721 954 2793 proferam
997 2722 1103 2776 tibi
1163 2737 1380 2793 sponso
1411 2736 1562 2789 meo,
1613 2735 1789 2790 quam
1822 2715 1994 2772 insti-

333 2810 571 2865 tuendis
604 2809 721 2865 illis
752 2810 999 2867 adbibeo
1032 2812 1361 2866 doctrinam
1395 2808 1671 2866 moralem
1726 2812 1782 2863 et
1815 2812 1990 2862 natu-

334 2899 541 2970 ralem,
574 2903 637 2954 ut
668 2916 768 2970 per
798 2899 949 2954 hanc
979 2901 1199 2955 ducens
1230 2916 1329 2955 eas
1368 2901 1440 2955 ad
1474 2896 1865 2967 disciplinam
1902 2914 1995 2952 ar-

335 3004 568 3053 canam,
589 2990 894 3045 ostendam
914 3006 1109 3045 rerum
1133 2994 1403 3045 naturam
1426 2993 1481 3043 te
1497 3004 1671 3044 suum
1690 2991 1989 3042 auctorem

342 3077 605 3133 indicare
637 3094 739 3149 per
766 3082 934 3134 notas
965 3078 1252 3150 quasdam
1286 3086 1346 3133 ut
1375 3077 1707 3143 veritatem,
1742 3093 1857 3131 non
1891 3092 1990 3131 au-

342 3171 460 3222 tem
510 3172 578 3222 ut
622 3168 795 3238 juxta
851 3168 1229 3239 prudentium
1278 3167 1610 3222 Grmcorum
1653 3164 1984 3231 stultitiam,

2104 1938 2189 1972 σεν
2248 1916 2399 1981 ἐττὸς
2451 1940 2509 1974 τε
2556 1920 2675 1974 καθ’
2729 1918 2834 1990 ἴξιν
2891 1924 3009 1981 τοῖς
3041 1919 3230 1995 λόγοις
3257 1923 3365 1975 τῶν
3415 1919 3646 1993 ἀρετῶν,
3674 1918 3747 1972 καὶ

2105 2005 2257 2071 ἐκτὸς
2312 2011 2431 2062 κατ’
2502 2007 2769 2085 ἐνέργειαν
2826 2014 2943 2070 τοῖς
2994 2008 3222 2083 τρόποις
3282 2008 3486 2066 αὐτῶν.
3549 2009 3609 2065 Ὀ
3660 2007 3747 2083 γὰρ

2101 2096 2238 2151 κατὰ
2290 2095 2421 2159 τοὺς
2482 2093 2684 2173 λόγους
2739 2103 2851 2153 τῶν
2884 2098 3087 2171 ἀρετῶν
3150 2097 3413 2171 ἀνθισμὸς
3449 2103 3557 2167 τῆς
3588 2100 3751 2171 ψυχῆς

2100 2184 2347 2261 κυπρίζει
2405 2186 2541 2241 κατά
2595 2187 2721 2249 τοὺς
2778 2186 3016 2259 τρόπους
3074 2186 3249 2242 αὐτῶν
3309 2185 3359 2240 ἐν
3422 2187 3622 2261 σαρκί.
3663 2190 3751 2247 Ἦς

2100 2275 2336 2338 πίστεως
2366 2276 2428 2331 τὸ
2460 2274 2615 2346 δῆθεν
2653 2277 2911 2349 μυστικὸν
2965 2276 3056 2331 καὶ
3116 2277 3345 2355 φανερὸν
3374 2275 3560 2347 ἄνθος,
3618 2274 3748 2352 ῥοῶν

2102 2365 2241 2420 ἔστιν
2302 2363 2482 2427 ἄνθος
2546 2364 2701 2440 α’ίπερ
2757 2364 2907 2429 ἐντὸς
2941 2365 3033 2438 μὶν
3096 2366 3158 2420 τὸ
3215 2363 3389 2441 γλυκὺ
3418 2368 3516 2418 τοῦ
3548 2366 3752 2441 καρποῦ

2100 2452 2505 2533 περιφέρουσιν,
2563 2453 2715 2517 ἐκτὸς
2777 2451 2834 2509 δὲ
2888 2456 2949 2510 τὸ
3003 2459 3099 2509 τοῦ
3133 2452 3371 2530 λιπύρου
3402 2452 3753 2529 πικρόν.Καί

2098 2546 2199 2620 γὰρ
2258 2545 2349 2599 καὶ
2410 2545 2437 2599 6
2491 2551 2593 2614 τῆς
2647 2544 2879 2605 πίστεως
2936 2545 3143 2619 καρπὸς
3202 2544 3338 2599 κατὰ
3398 2543 3491 2617 μὶν
3519 2563 3749 2616 κεκρυμ-

2106 2635 2272 2707 μένην
2330 2640 2430 2703 τῆς
2491 2636 2675 2709 ψυχῆς
2749 2631 3008 2705 διάθεσιν,
3068 2632 3417 2709 εὐφραντικός
3475 2631 3614 2700 ἐστι,
3672 2629 3753 2686 διὰ

2100 2724 2198 2793 τὴν
2250 2730 2350 2793 τῆς
2404 2722 2718 2797 μελλούσης
2783 2720 3207 2798 μισθαποδοσίας
3258 2720 3475 2777 ἐλπίδα³
3534 2722 3672 2777 κατὰ
3701 2718 3752 2776 δὲ

2099 2814 2199 2882 τὴν
2259 2812 2410 2875 ἐκτὸς
2448 2821 2551 2883 τῆς
2612 2813 2809 2887 σαρκὸς
2869 2810 3158 2885 ὀδυνηρὸς,
3218 2809 3304 2866 διᾶ
3331 2812 3394 2866 τὸ
3425 2818 3525 2881 τῆς
3558 2811 3750 2888 ἀρετῆς

2103 2900 2380 2957 ἐπίπονον.
2428 2902 2572 2957 Ἐκεῖ
2629 2899 2788 2956 δώσω
2846 2900 2973 2965 τοὺς
3033 2900 3270 2975 μαστούς
3341 2921 3443 2974 μου
3475 2899 3583 2955 σοί.
3646 2911 3744 2970 Δη-

2101 2989 2309 3048 λονότι.
2367 2992 2453 3048 Ἐν
2520 2995 2599 3062 τῷ
2664 2991 2940 3065 εἰρημένῳ
2972 2990 3125 3066 ἀγρῴ
3153 2994 3259 3044 τῶν
3296 2990 3745 3063 μαθητευομὲνων

2106 3100 2197 3151 μοι
2256 3078 2509 3154 προσάξω
2570 3099 2655 3132 σοι
2719 3082 2798 3149 τῷ
2854 3077 3075 3155 νυμφίῳ
3128 3098 3230 3153 μου
3260 3078 3358 3146 τήν
3388 3078 3524 3152 πρὸς
3558 3078 3749 3138 ταύτας

2100 3168 2300 3236 ἠθικὴν
2348 3165 2437 3221 καὶ
2470 3167 2700 3244 φυσικὴν
2734 3162 3101 3221 διδασκαλίαν·
3160 3188 3285 3238 μου,
3320 3166 3392 3228 ὡς
3428 3164 3517 3221 διὰ
3547 3166 3749 3222 τούτων

342 3254 595 3310 naturali
629 3272 823 3311 rerum
857 3256 1188 3328 cognitione
1219 3256 1301 3311 sic
1324 3272 1422 3310 eas
1453 3254 1738 3321 imbuam,
1765 3258 1828 3306 ut
1858 3271 1891 3325 p

2185 3256 2260 3317 ῖάς
2311 3256 2445 3329 πρὸς
2482 3232 2602 3325 ’τήν
2662 3254 3042 3329 μυσταγωγίαν
3078 3256 3307 3328 ἀνάξασιι
3361 3254 3413 3310 ἦν
3471 3259 3553 3327 τῷ
3608 3256 3742 3309 ἀπο-

341 3345 435 3402 cul
468 3349 587 3401 ate
641 3345 888 3401 veritate
945 3345 1270 3401 discedant.
1332 3344 1553 3399 Etenim
1600 3343 1985 3413 mandragorae

337 3436 604 3491 dederunt
624 3436 1087 3491 odorem.Rerum
1108 3434 1324 3506 quippe
1344 3432 1709 3488 sensibilium
1736 3432 1981 3503 species,

339 3529 396 3580 et
413 3524 599 3595 ipsius
619 3525 920 3595 scriptura
941 3529 1087 3579 nota:
1103 3523 1271 3593 quasi
1288 3524 1688 3594 mandragorae
1712 3521 1981 3592 quaedam

341 3615 585 3681 faciunt,
613 3617 678 3668 ut
709 3630 876 3668 mens
926 3630 1027 3683 per
1076 3627 1312 3667 sensum
1362 3611 1479 3665 illis
1519 3611 1829 3677 inhaerens,
1864 3626 1981 3665 non

340 3708 535 3760 autem
570 3719 673 3774 per
697 3719 795 3757 eas
826 3702 897 3755 ad
938 3701 1239 3756 veritatem
1295 3699 1605 3771 vigilanter
1634 3700 1982 3769 ascendens,

339 3790 755 3857 obdormiscat,
804 3795 861 3844 et
918 3794 1152 3859 torpore
1198 3785 1378 3841 veluti
1427 3787 1643 3842 stolida
1690 3792 1979 3843 teneatur.

336 3880 725 3934 Praebuerunt
773 3879 1008 3932 odorem
1069 3877 1362 3931 rationum
1416 3876 1679 3931 veritatis
1719 3877 1776 3931 in
1806 3877 1981 3933 rebus

338 3968 617 4024 omnibus
644 3965 997 4031 exhibentis,
1033 3965 1081 4019 si
1143 3963 1485 4035 spiritaliter
1515 3966 1980 4023 considerantur.

338 4056 733 4122 Quamobrem
766 4059 818 4109 et
860 4055 921 4109 in
969 4055 1145 4125 portis
1202 4054 1408 4108 nostris
1437 4070 1620 4109 omnes
1650 4071 1830 4110 nuces.
1864 4055 1981 4110 Hoc

336 4146 516 4202 estin
550 4144 827 4200 sensibus
857 4143 1003 4198 meis
1059 4142 1180 4213 (qui
1236 4141 1417 4198 veluti
1476 4149 1651 4215 porta:
1714 4146 1979 4217 quaedam

339 4233 854 4305 educuntquidem
870 4231 1048 4288 mead
1064 4242 1120 4286 te
1139 4236 1199 4287 ut
1223 4233 1692 4289 rerumomnium
1716 4251 1979 4306 causam,

337 4340 442 4396 per
461 4322 1063 4393 naturalemipsarum
1091 4321 1150 4376 in
1174 4321 1380 4394 spiritu
1406 4323 1979 4397 contemplationem,

335 4411 799 4482 inquirendum:
844 4410 1226 4466 introducunt
1267 4416 1463 4469 autem
1510 4418 1568 4468 te
1614 4414 1685 4469 ad
1735 4430 1829 4469 me
1879 4429 1983 4485 per

338 4499 555 4557 mentis
578 4498 993 4572 cognitionem)
1017 4504 1296 4573 promptae
1319 4507 1459 4557 sunt
1483 4517 1688 4559 omnes
1710 4503 1769 4557 in
1803 4503 1979 4558 rebus

2093 3342 2257 3415 δεῖξαι
2306 3345 2406 3413 τὴν
2474 3348 2581 3398 τῶν
2640 3342 2786 3398 ὅλων
2831 3343 2987 3422 φύσιν
3039 3364 3096 3398 σε
3170 3344 3261 3398 τὸν
3320 3343 3521 3415 ταύτης
3570 3341 3739 3399 αἴτιον

2091 3432 2463 3506 αἱνιττομένην
2526 3428 2882 3507 συμϐολικῶς
2966 3434 3043 3497 ὡς
3101 3430 3382 3505 ἀλήθειαν·
3464 3433 3558 3488 καὶ
3610 3431 3736 3508 ούχὶ

2091 3523 2226 3577 κατὰ
2279 3522 2406 3584 τοὺς
2466 3522 2866 3599 ματαιόφρονας
2922 3520 3249 3592 ”Ελληνας,
3320 3524 3741 3599 παρασκευάζειν

2089 3612 2286 3675 ταύτας
2341 3616 2458 3675 ταῖς
2515 3617 2764 3686 φυσικαῖς
2825 3610 3053 3673 ἐννοίαις
3087 3611 3293 3686 μακράν
3346 3632 3443 3665 σου
3471 3614 3573 3676 τῆς
3601 3610 3736 3680 ἀληο

2091 3702 2237 3762 Οείας
2295 3701 2607 3774 ἀπάγεσθαι.
2666 3701 2762 3755 Καὶ
2822 3700 2945 3776 γὰρ,
3001 3702 3072 3756 Αἱ
3134 3696 3499 3775 μανδραγόραι
3529 3698 3735 3755 ἔδωκαν

2092 3791 2290 3862 ὀσμήν.
2323 3790 2544 3853 Πάντως
2600 3791 2653 3843 αἱ
2704 3795 2811 3844 τῶν
2871 3790 3143 3859 αἰσθητῶν
3201 3790 3501 3868 ἐπιφάνειαι
3530 3792 3617 3845 καὶ
3675 3790 3741 3844 τὶ

2088 3887 2188 3948 τῆς
2239 3886 2456 3957 Γραφῆς
2512 3874 2785 3951 σύμϐολα,
2817 3879 2949 3952 ἅπερ
2980 3876 3072 3933 τὸν
3129 3878 3344 3941 τούτοις
3399 3881 3518 3933 κατ’
3549 3878 3738 3946 α’ίσθη·

2090 3989 2169 4022 σιν
2230 3967 2626 4040 ἐναπομὲνοντα
2667 3972 2815 4040 νοῦν,
2874 3966 2963 4022 καὶ
3028 3969 3103 4041 μὴ
3159 3965 3230 4023 δι’
3274 3968 3448 4023 αὐτῶν
3482 3969 3617 4043 πρὸς
3640 3968 3740 4035 τὴν

2091 4054 2347 4126 ἀλήθειαν
2407 4055 2785 4131 ἐγρηγορότως
2845 4051 3187 4111 διοϐαίνοντα
3243 4061 3441 4132 ναρκᾷν
3486 4055 3743 4127 καὶἠλι-

2093 4151 2231 4217 θιᾷν,
2290 4145 2363 4208 ὥς
2417 4167 2559 4208 τινες
2622 4142 3015 4222 μανδραγόραι,
3072 4147 3563 4222 παρασκευάζουσι.
3593 4148 3744 4223 Παρ-

2091 4236 2253 4311 ἐσχον
2327 4232 2550 4290 εὐωδίαν
2623 4239 2728 4289 τῶν
2787 4242 2886 4305 τῆς
2939 4235 2991 4289 ἐν
3043 4233 3198 4301 ὅλοις
3251 4235 3513 4306 ἀληθείας
3562 4232 3743 4313 λόγων

2090 4327 2469 4398 πνευματικῶς
2529 4323 2944 4398 Θεωρουμένων.
2992 4327 3267 4389 Ἐντεῦθεν
3328 4322 3430 4394 δὶ,
3495 4326 3591 4381 Καὶ
3654 4324 3745 4380 ἐπὶ

2092 4414 2275 4487 θύραις
2330 4416 2490 4487 ἡμῶν
2550 4411 2723 4468 πάντα
2778 4412 2845 4469 τὰ
2899 4410 3191 4489 ἀκρόδρυα·
3227 4411 3429 4485 εἷ’τουν,
3461 4416 3579 4473 Ἐπὶ
3612 4420 3740 4476 ταῖς

2090 4500 2369 4573 αίσῦήσεσί
2433 4523 2535 4576 μου
2595 4500 2794 4577 (α’ίπερ,
2854 4502 2929 4566 ὡς
2962 4502 3118 4577 Θύραι
3159 4503 3324 4575 τινὶς,
3359 4504 3605 4580 ἐξάγουσι
3644 4505 3745 4578 μιν

330 4588 663 4662 procreatis
696 4588 883 4643 insita)
912 4590 1173 4646 veritatis
1218 4591 1493 4660 rationes,
1529 4608 1657 4665 quae
1695 4597 1887 4664 tanqu

2244 4592 2381 4667 πρὸς
2426 4593 2758 4663 ἁναζήτησίν
2815 4613 2931 4662 σου,
2992 4591 3068 4655 ὠς
3124 4594 3343 4649 πάντων
3392 4594 3589 4663 αἰτίου,
3658 4592 3750 4650 διᾶ

341 4694 525 4735 nuces
560 4685 678 4732 tum
708 4678 1139 4751 perscriptum
1199 4686 1387 4750 notas,
1448 4686 1572 4737 tum
1634 4699 1737 4755 per
1788 4698 1984 4737 rerum

341 4764 715 4824 sensibilium
740 4766 959 4837 species
971 4768 1302 4826 Judaaorum
1321 4770 1772 4843 Graecorumque
1792 4771 1987 4826 stulti-

347 4856 491 4912 tiam
527 4855 1416 4933 uutriebant.Undenovassuper
1447 4865 1671 4931 veteres,
1698 4875 1864 4931 nepos
1883 4861 1984 4930 mi,

344 4946 583 5001 servavi.
640 4945 758 5001 Hoc
814 4952 921 5014 est,
976 4953 1237 5005 recentes
1310 4950 1674 5023 evangelicae
1731 4950 1989 5006 rationes

346 5034 557 5108 (gratia
582 5034 831 5107 Spiritus
864 5043 1195 5109 renovante)
1217 5040 1631 5112 cumiantiquis
1652 5040 1984 5097 Grmcorum

341 5124 801 5197 Judaeorumque
858 5126 1198 5200 ignorantiae
1246 5135 1373 5186 tum
1430 5130 1801 5186 naturalibus
1858 5135 1983 5184 tum

342 5214 582 5287 scriptis
604 5214 928 5275 rationibus
941 5224 1304 5277 coacervatas
1317 5219 1538 5278 servavi
1557 5219 1662 5275 tibi
1680 5238 1692 5276 :
1709 5219 1986 5290 quoniam

342 5310 400 5362 et
424 5322 527 5377 per
557 5306 804 5379 scriptas
824 5307 955 5365 illas
992 5316 1238 5384 purgata
1269 5328 1401 5368 sum
1427 5328 1491 5367 ac
1518 5309 1783 5366 moribus
1812 5308 1988 5364 insti-

342 5400 495 5466 tuta,
526 5398 583 5452 et
613 5412 717 5469 per
742 5398 1037 5456 naturales
1060 5399 1414 5468 illuminata,
1434 5404 1498 5457 ut
1516 5416 1618 5473 per
1638 5415 1841 5456 eorum
1860 5414 1986 5468 quae

340 5488 497 5544 facta
523 5488 1260 5563 sunt,contemplationem,
1275 5496 1331 5550 te
1344 5489 1713 5548 Conditorem
1727 5485 1989 5545 omnium

412 5698 457 5738 το
482 5702 610 5760 Psa.
637 5716 757 5777 cm,
791 5703 878 5762 15.

2095 4687 2198 4750 τῆς
2257 4680 2463 4736 τούτων
2552 4687 2783 4759 φυσικῆς
2872 4680 2925 4735 ἐν
2980 4680 3247 4755 πνεύματι
3317 4684 3561 4758 θεωραίς’
3624 4683 3747 4737 εἷσ-

2099 4771 2286 4845 άγουσι
2345 4767 2403 4824 δέ
2455 4790 2511 4824 σε
2539 4771 2675 4825 κατὰ
2703 4774 2900 4846 γνῶσιν
2961 4770 3100 4845 πρός
3150 4793 3218 4844 με
3272 4768 3362 4826 διὰ
3397 4773 3560 4845 μέσου
3597 4774 3747 4842 νοός)

2096 4858 2388 4935 ειρόχειροί
2447 4858 2548 4914 εἶσι
2606 4858 2800 4922 πάντες
2833 4860 2884 4915 οἱ
2914 4864 3032 4922 τοῖς
3060 4880 3118 4914 τε
3149 4855 3455 4934 συμϐόλοις
3480 4868 3576 4930 τῆς
3607 4881 3750 4937 γρα-

2098 4955 2225 5025 φῆς,
2256 4948 2347 5002 καὶ
2400 4953 2522 5010 ταῖς
2571 4946 2903 5025 ἐπιφανείαις
2961 4952 3073 5003 τῶν
3123 4947 3423 5019 αἰσθητῶν,
3456 4951 3606 5024 ἅπερ,
3669 4948 3751 5009 ὡς

2100 5035 2255 5113 δρύες
2334 5038 2497 5108 τινὲς,
2585 5035 2814 5113 ἀλογίαν
2889 5034 3198 5107 Ἰουδαϊκὴν
3247 5036 3336 5093 καὶ
3414 5037 3754 5107 Ἑλληνικὴν

2097 5122 2343 5203 ἔτρεφον,
2428 5123 2931 5201 ἐγγεκεντρισμὲνοι
3002 5127 3102 5192 τῆς
3158 5125 3211 5179 ὲν
3275 5123 3436 5188 ὅλοις
3491 5125 3752 5195 ἀληθείας

2100 5212 2277 5290 λόγοι.
2317 5214 2503 5285 νΟθεν,
2554 5212 2663 5269 Νέα
2715 5212 2852 5288 πρὸς
2909 5210 3140 5280 παλαιὰ,
3172 5210 3432 5292 ἀδελφιδά
3464 5235 3583 5288 μου,
3613 5212 3758 5283 ἀττε-

2100 5304 2240 5378 ρησά
2300 5324 2406 5359 σοι.
2460 5299 2706 5373 Δηλαδή,
2776 5299 2919 5363 Τοὺς
2979 5302 3264 5371 νεάζοντας
3323 5302 3411 5376 (τῇ
3451 5306 3757 5373 καινοποιῷ

2095 5397 2193 5448 τοῦ
2252 5391 2567 5467 Πνιύματος
2636 5391 2850 5468 χάριτι)
2907 5388 3301 5467 εύαγγιλικοὺς
3356 5390 3553 5469 λόγους
3604 5391 3754 5468 πρὸς

2095 5488 2213 5546 τοῖς
2266 5481 2656 5548 παλαιωθιῖσιν
2714 5480 2817 5536 ὑπὸ
2871 5486 2972 5550 τῆς
3027 5476 3360 5552 Ἑλληνικῆς
3401 5480 3490 5536 καὶ
3520 5476 3758 5537 Ἰουδαῖ-
