4042 6198
256 350 370 410 677

1288 353 1697 417 COMMENT.
1745 351 1825 412 IN
1870 350 2268 414 CANTICUM
2314 353 2617 414 CANTIC.

3534 360 3659 424 6'78

255 489 353 552 ιῆς
403 482 621 559 ἀγνοίας
701 489 950 564 φυσικοῖς
1003 485 1090 540 καὶ
1157 491 1425 561 γραπτοῖς
1489 507 1593 559 μου
1665 480 1887 562 ἐφύλαξά

2015 488 2898 558 auctoremquecognoscerem;
2946 491 3001 543 et
3057 488 3355 562 spiritales
3404 496 3660 565 perfecta

257 592 360 626 σοι·
394 578 508 635 τοῖς
574 575 667 647 μὲν
728 579 992 650 γραπτοῖς
1042 580 1371 654 καθαρθεῖσαι
1425 575 1515 631 καὶ
1546 576 1755 645 ἠθικῶς
1784 592 1907 627 παι-

257 657 522 734 δευθεῖσα,
550 668 669 725 τοῖς
702 661 759 719 δὲ
790 669 1037 742 φυσικοῖς
1093 668 1442 740 φωτισθεῖσα,
1474 664 1563 719 καὶ
1614 667 1711 719 τοῦ
1767 681 1902 716 παν-

2016 578 2193 646 atque
2216 575 2510 643 absoluta,
2545 580 2606 631 ut
2636 580 2692 631 te
2722 592 2857 632 cum
2880 577 3049 633 Patre
3079 582 3136 634 et
3157 580 3376 651 Spiritu
3404 585 3657 639 consub-

2014 663 2348 719 stantialem
2381 664 2789 737 intelligerem,
2823 670 2877 722 et
2906 668 3301 738 praedicarem.

254 751 339 812 τὸς
363 750 538 806 αἴτιόν
574 772 631 807 σε
659 749 751 807 διὰ
779 758 880 824 τῆς
910 759 1015 809 τῶν
1044 756 1343 830 γεγονότων
1379 754 1604 827 θεωρίας
1630 749 1943 823 κατιδοῦσα,
1974 752 2062 805 καὶ
2094 756 2211 813 τοῖς
2244 758 2629 826 πνευματικοῖς
2672 753 3022 810 τελειωθεῖσα
3059 756 3147 811 καὶ
3198 758 3531 834 θεολογοῦσά
3562 782 3657 816 σου

257 839 350 912 [τὸ]
386 840 522 912 μετᾶ
551 843 761 913 Πατρὸς
790 842 883 897 καὶ
916 842 1228 916 [Ῑνεύματος
1264 842 1582 916 ὁμοούσιον.

822 951 944 1007 Τῶν
972 946 1017 1026 γ’
1048 952 1303 1027 Ιῐατέφων
1315 992 1326 1005 .

318 1036 406 1100 Τίς
462 1034 581 1109 δῴη
662 1059 742 1106 σε,
796 1036 1055 1117 ἁδελφιδέ
1112 1060 1241 1113 μου,
1302 1036 1610 1109 θηλόῖζοντα
1669 1035 1906 1112 μαστοὺς

257 1125 457 1201 μητρός
518 1146 663 1200 μου;
715 1128 946 1203 Ἥγουν,
981 1125 1309 1203 Ἐπειδηπερ
1363 1150 1429 1202 με
1475 1130 1510 1199 ἡ
1554 1129 1743 1205 πρώτη
1807 1148 1902 1182 σου

253 1216 517 1287 παρουσία
574 1216 712 1293 πρὸς
766 1217 829 1272 τὸ
885 1216 1192 1272 ἀπολαῦσαί
1252 1238 1346 1273 σου
1404 1218 1756 1291 ἡτοίμασται,
1817 1217 1901 1278 τίς

254 1324 341 1376 μοι
396 1305 536 1359 κατᾶ
594 1307 693 1374 τὴν
754 1303 1004 1380 δευτέραν
1061 1327 1156 1362 σου
1186 1307 1481 1383 παρουσίαν
1540 1308 1798 1383 παράσχῃ
1846 1327 1903 1361 σε

249 1393 332 1446 τὸν
364 1392 645 1469 ἀγαπητόν
682 1415 788 1467 μου
821 1397 938 1469 μεθ’
968 1398 1127 1468 ἡμῶν
1162 1397 1213 1451 έν
1264 1400 1333 1471 τῇ
1386 1401 1481 1451 τοῦ
1539 1396 1748 1469 Ηατρὸς
1802 1396 1899 1471 βα-

251 1481 421 1554 σιλείᾳ
454 1482 598 1556 (ἥτις
658 1484 801 1539 ἐστὶν
860 1486 894 1554 ἡ
959 1487 1144 1561 μήτηρ
1175 1488 1336 1559 ἡμῶν
1394 1490 1503 1541 τῶν
1549 1490 1754 1541 πιστῶν
1788 1483 1900 1540 ἅνω

250 1570 634 1646 Ἰερουσαλὴμ)
718 1572 942 1629 πίνοντα
1012 1576 1075 1630 τὸ
1158 1576 1343 1630 καινὸν
1421 1576 1597 1648 πόμα,
1667 1574 1784 1651 ῥέον
1847 1574 1899 1645 ἐξ

249 1660 407 1730 αὐτῆς
473 1661 550 1724 εἰς
602 1664 751 1735 ἡμᾶς
808 1663 945 1718 κατὰ
973 1664 1139 1740 χάριν
1172 1662 1410 1737 ἀμέσως,
1439 1663 1515 1726 ὠς
1562 1664 1625 1719 τὸ
1656 1665 1760 1719 ἀπὸ
1796 1686 1899 1737 μα-

252 1754 349 1819 ζῶν
405 1751 619 1825 μητρὸς
674 1751 819 1828 γάλα
878 1752 956 1817 εἷς
1009 1753 1075 1807 τὰ
1124 1751 1323 1828 ἔκγονα
1359 1752 1581 1825 ταύτης,
1614 1753 1893 1817 κάντεῦθεν

2597 952 2781 1007 Trium
2811 955 3069 1011 Patrum.

2084 1036 2215 1105 Qui:
2244 1037 2333 1094 det
2360 1044 2435 1107 te,
2455 1044 2776 1097 consobrina
2811 1046 2907 1113 mi,
2939 1048 3228 1115 augentem
3266 1045 3439 1101 ubera
3460 1048 3658 1103 matris

2010 1129 2193 1182 meai?
2222 1127 2508 1191 Quoniam
2545 1130 2704 1201 prior
2748 1132 3031 1187 adventus
3056 1140 3190 1189 tuus
3216 1148 3307 1189 me
3348 1135 3418 1189 ad
3454 1140 3509 1190 te
3536 1151 3659 1207 per-

2014 1212 2327 1272 fruendum
2362 1218 2728 1289 praeparavit,
2752 1220 2953 1291 ecquis
2977 1221 3194 1277 tribuet
3223 1221 3368 1277 mihi
3399 1225 3656 1279 secundo

2010 1304 2260 1361 adventu
2321 1310 2418 1362 tuo
2478 1308 2757 1363 dilectum
2807 1325 3003 1365 meum
3037 1310 3343 1366 nobiscum
3373 1311 3431 1367 in
3467 1312 3653 1369 Patris

2012 1393 2170 1466 regia
2198 1394 2346 1465 (quae
2376 1396 2637 1452 fidelium
2669 1407 2748 1453 est
2768 1408 2965 1463 mater,
2996 1415 3235 1471 superna
3263 1402 3651 1473 Jerusalem“)

2008 1498 2223 1538 novum
2256 1483 2554 1541 bibentem
2588 1486 2886 1558 poculum,
2911 1489 3063 1559 quod
3087 1489 3382 1560 exipsain
3414 1507 3520 1547 nos
3549 1507 3653 1562 per

2008 1572 2255 1642 gratiam
2280 1573 2407 1630 sine
2430 1575 2620 1631 medio
2644 1576 2813 1647 quasi
2833 1575 2918 1632 lac
2950 1593 3017 1633 ex
3048 1578 3253 1633 matris
3286 1579 3568 1635 uberibus
3588 1580 3649 1637 in

2008 1660 2160 1717 filios
2191 1662 2378 1734 ipsius
2403 1662 2749 1736 fluat,atque
2779 1666 2859 1721 ita
2884 1665 3133 1721 salutem
3156 1668 3487 1723 animarum
3515 1684 3650 1725 nos-

2006 1753 2233 1808 trarum
2265 1752 2507 1818 nutriat,
2568 1754 2863 1826 ﬁnemque
2921 1755 3056 1811 fidei
3108 1757 3385 1828 praebeat,
3433 1773 3649 1829 nempe

249 1815 430 1917 τρέφον
664 1815 772 1896 τῶν
831 1815 1026 1917 ψυχῶν
1085 1815 1247 1916 ἡμῶν
1302 1815 1597 1917 σωτηρίαν,
1627 1842 1691 1897 τὸ
1737 1815 1887 1905 τέλος

2005 1839 2294 1897 bonorum
2327 1858 2451 1913 qua:
2483 1860 2664 1915 supra
2679 1849 2949 1899 naturam
2986 1849 3123 1901 sunt
3145 1845 3646 1917 communionem,

251 1930 341 1997 τῆς
369 1929 610 1993 πίστεως
640 1934 747 1985 τῶν
795 1931 926 2007 ὑπὲρ
985 1930 1140 2008 φύσιν
1192 1932 1289 2001 τὴν
1336 1932 1544 2005 μέθεξιν
1592 1932 1691 2001 τὴν
1748 1933 1893 1997 θείαν

247 2018 327 2072 καὶ
384 2018 708 2091 ἀνεννόητον
768 2017 998 2091 ἡδονὴν,
1046 2023 1107 2091 ἣν
1165 2022 1329 2083 αὐτὸς
1386 2020 1632 2095 ἐμποιεῖν
1691 2023 1895 2100 πέφυκε

250 2106 389 2184 φύσει
418 2108 560 2163 κατὰ
592 2109 755 2184 χάριν
800 2115 918 2171 τοῖς
966 2109 1133 2181 ἀξίοις
1186 2109 1514 2185 ένούμενος;
1548 2109 1709 2167 Οὕτω
1765 2110 1890 2185 γὰρ,

248 2196 490 2267 Εὐρούσά
560 2218 618 2252 σε
677 2195 777 2268 ἔξω
836 2197 1055 2277 φιλήσω
1115 2220 1191 2269 σε,
1254 2199 1343 2254 καί
1401 2220 1464 2275 γε
1525 2199 1624 2255 οὐκ
1682 2197 1893 2273 ἐξουδε-

247 2285 471 2341 νώσουσί
533 2304 643 2360 με’
697 2286 845 2362 ἤτοι,
897 2290 1225 2364 Ἐπιγνοῦσοὶ
1284 2310 1341 2344 σε
1397 2289 1508 2364 οὐχ
1567 2290 1745 2363 ὥσπερ
1802 2293 1893 2343 νῦν

247 2374 369 2431 κατὰ
398 2375 604 2445 πίστιν,
641 2374 789 2431 ἀλλὰ
816 2379 931 2432 κατ’
972 2376 1135 2446 εἶδος,
1169 2377 1220 2432 ἐν
1280 2381 1349 2451 τῇ
1404 2375 1505 2447 ἔξω
1552 2385 1651 2447 τῆς
1708 2380 1891 2448 θεϊγῆς

254 2474 339 2518 σου
385 2464 576 2527 οὐσίας
624 2465 868 2540 ἡμετέρᾳ
923 2464 1074 2537 οὐσίᾳ
1113 2468 1212 2535 τὴν
1256 2466 1551 2545 ἀφθαρσίαν
1602 2470 1761 2541 ἡμῖν,
1799 2467 1890 2523 καὶ

251 2554 341 2622 τὴν
396 2554 655 2631 ἀτρεψὶαν
716 2553 803 2609 ini
860 2562 958 2625 τῆς
1014 2562 1207 2625 κοινῆς
1257 2552 1603 2632 δωρούμενον
1664 2556 1889 2611 ἀναστά-

250 2662 398 2715 σεως,
430 2643 734 2700 ἀπολαύσω
766 2665 882 2717 σου,
912 2643 1010 2701 κᾶν
1040 2649 1131 2700 νῦν
1186 2646 1334 2719 παρὰ
1380 2650 1487 2701 τῶν
1526 2645 1593 2701 τὰ
1646 2650 1743 2700 τοῦ
1796 2646 1889 2701 κό-

254 2752 383 2804 σμου
440 2732 789 2810 φρονούντων
840 2732 1283 2808 ἐξευτελίζωμαι,
1336 2734 1411 2798 ὠς
1465 2732 1555 2789 διά
1608 2736 1708 2804 τὴν
1763 2735 1888 2811 περὶ

248 2821 303 2875 οὶ
352 2823 641 2877 κατάθεσιν
719 2822 892 2878 πάντα
965 2827 1369 2901 περιφρονοῖηα
1441 2823 1508 2879 τὰ
1559 2822 1884 2899 πρόσκαιρα.

245 2909 326 2971 Τίς
354 2908 401 2965 δ’
431 2912 460 2966 ὁ
491 2911 698 2985 τρόπος
727 2918 828 2981 τῆς
858 2909 1210 2976 ἀπολαύσεως
1264 2909 1411 2967 ἔσται
1473 2933 1565 2986 μοι
1593 2931 1606 2982 ;
1640 2914 1743 2970 Καὶ
1781 2913 1885 2988 γὰρ

245 2997 645 3075 παραλήψομαί
717 3022 798 3072 σε,
883 3000 1075 3073 εἰσάξω
1156 3022 1214 3057 σε
1298 3001 1373 3065 εἰς
1450 3003 1593 3057 οἶκον
1676 3002 1884 3077 μητρός

244 3111 361 3163 μου,
417 3091 513 3147 καὶ
573 3092 653 3155 εἷς
706 3098 951 3166 ταμιεῖον
1019 3100 1119 3164 τῆς
1173 3090 1562 3165 συλλαϐούσης
1625 3115 1711 3169 με.
1772 3096 1884 3152 IIo-

2006 1933 2061 1985 st
2091 1929 2344 1986 divinam
2376 1931 2535 1987 illam
2587 1937 2762 2005 atque
2810 1933 3212 1991 incredibilem
3263 1934 3647 2008 voluptatem,

2005 2035 2184 2091 quam
2218 2020 2342 2092 ipse
2383 2021 2732 2078 naturaliter
2780 2024 3071 2091 obtinens,
3118 2024 3314 2097 dignis
3364 2026 3645 2097 conjunc-

2001 2112 2098 2164 tus
2126 2125 2229 2180 per
2274 2110 2523 2182 gratiam
2588 2111 2971 2184 impertitur?
3029 2113 3120 2169 Sic
3170 2114 3327 2169 enim
3358 2116 3646 2172 inveniens

2001 2205 2051 2253 te
2076 2200 2214 2270 [oris
2245 2202 2547 2257 suaviabor
2575 2218 2594 2256 :
2642 2206 2693 2257 et
2730 2218 2891 2258 nemo
2935 2219 3066 2258 sane
3091 2220 3178 2259 me
3196 2208 3523 2260 contemnet.
3559 2205 3643 2261 Ita

2001 2304 2362 2360 cognoscens
2392 2294 2469 2358 te,
2514 2306 2629 2345 non
2680 2294 2743 2345 ut
2792 2308 2947 2345 nunc
2999 2307 3099 2362 per
3148 2293 3342 2361 fidem,
3389 2294 3488 2347 sed
3540 2310 3645 2365 per

2002 2379 2475 2450 aspectum,l’oris
2499 2384 2661 2436 extra
2684 2380 2942 2435 divinam
2974 2380 3362 2436 substantiam
3396 2388 3557 2437 tuam
3582 2383 3642 2439 in

2001 2471 2201 2523 nostra
2230 2468 2563 2524 substantia
2601 2468 3099 2540 incorruptionem
3132 2469 3299 2525 nobis
3330 2474 3505 2542 atque
3526 2471 3644 2526 ἰω-

2001 2556 2455 2612 mutabilitatem
2488 2557 2544 2611 in
2578 2557 2876 2613 communi
2911 2556 3320 2629 dilargientem
3353 2575 3641 2616 resurrec-

1998 2646 2178 2711 tione,
2229 2646 2603 2717 perfruamur
2631 2650 2718 2702 te:
2772 2650 2828 2701 et
2859 2661 3027 2701 nemo
3076 2647 3310 2718 quidem
3359 2648 3644 2720 despiciet

1999 2749 2109 2789 me.
2148 2734 2283 2790 licet
2314 2751 2469 2790 nunc
2492 2752 2525 2789 a
2556 2735 2761 2790 mundi
2793 2734 3161 2807 sapientibus
3193 2752 3458 2808 spernar,
3483 2735 3640 2808 quod

1995 2826 2234 2894 propter
2262 2838 2521 2878 amorem
2574 2827 2738 2877 tuum
2786 2823 3007 2878 caduca
3055 2827 3450 2879 contemnam.
3497 2822 3639 2889 Quis

1995 2915 2192 2966 autem
2226 2910 2335 2966 erit
2366 2911 2510 2967 mibi
2542 2911 2771 2967 fruendi
2805 2913 3017 2967 modus
3039 2911 3066 2965 ?
3111 2912 3533 2983 Apprehendam
3566 2916 3639 2983 te,

1996 3001 2336 3057 introducam
2364 3006 2417 3055 te
2438 3003 2500 3055 in
2522 3000 2742 3055 domum
2766 3002 2972 3055 matris
2992 3017 3125 3055 mea:
3153 3010 3209 3056 et
3238 3002 3298 3055 in
3326 3002 3639 3056 cubiculum

1993 3091 2109 3163 ejus
2138 3107 2257 3161 qua:
2302 3091 2551 3157 concepit
2598 3106 2706 3144 me.
2756 3089 2910 3145 Dabo
2957 3090 3061 3144 tibi
3111 3091 3364 3161 poculum
3412 3091 3485 3145 de
3514 3091 3639 3145 vino

245 3185 340 3234 τιῶ
396 3202 457 3236 σε
515 3182 622 3236 ἀπὸ
679 3179 829 3237 οἷ’νου
905 3187 1003 3238 τοῦ
1089 3187 1412 3259 μυρεψικοῦ,
1475 3184 1579 3239 ἀπὸ
1643 3184 1883 3258 νάματος

2002 3182 2234 3247 condito,
2289 3179 2354 3235 de
2428 3180 2590 3234 latice
2647 3179 2923 3233 malorum
2986 3181 3313 3248 punicorum
3365 3194 3635 3233 meorum.

248 3267 376 3344 ῥοῶν
413 3292 546 3343 μου.
598 3268 889 3341 Δηλονότι,
916 3276 1023 3327 Σοῦ
1044 3274 1415 3349 χαριζομένου
1450 3295 1544 3347 μοι
1572 3274 1672 3343 τὴν
1698 3282 1890 3338 θέωσιν

254 3354 400 3413 λάϐω
431 3380 515 3428 σε,
546 3361 791 3424 ποθοῦσά
829 3381 925 3415 σου
979 3363 1079 3430 τήν
1146 3361 1530 3438 λαμπρότητα’
1559 3364 1650 3418 καὶ
1704 3363 1756 3419 ἂν
1808 3369 1891 3436 τῷ

240 3446 436 3519 ταύτην
496 3451 781 3512 θεάσασθαι
838 3450 1112 3527 εῒσαγάγω
1170 3472 1229 3506 σε
1284 3452 1360 3515 εἰς
1417 3458 1565 3525 νοῦν,
1622 3454 1681 3515 ὃς
1740 3453 1887 3515 οἶκος

247 3534 334 3606 μέν
368 3534 479 3591 ἐστι
507 3544 608 3605 τῆς
651 3534 743 3591 διὰ
768 3542 866 3592 τοῦ
928 3539 1302 3612 βαπτίσματος
1352 3542 1616 3611 τεκούσης
1678 3561 1764 3613 με,
1799 3543 1888 3595 οἶα

246 3626 469 3699 μητρὸς,
516 3630 618 3681 τοῦ
663 3626 931 3695 παναγίου
989 3628 1303 3701 Πνεύματος
1352 3630 1602 3705 χάριτος,
1631 3629 1706 3693 ὠς
1754 3630 1886 3683 ταύ-

239 3732 329 3781 της
386 3711 478 3769 διὰ
531 3716 595 3770 τὸ
651 3716 774 3770 καθ’
827 3716 1093 3789 ὁμοίωσιν
1148 3720 1482 3794 χωρητικός.
1514 3724 1767 3792 Ταμιεῖον
1827 3717 1885 3773 δὲ

239 3800 395 3855 πάλιν
453 3804 651 3875 αὐτῆς,
710 3805 785 3866 ὠς
840 3805 970 3868 τοὺς
1020 3808 1368 3884 ἀποκρύφους
1423 3808 1625 3878 ταύτης
1680 3810 1883 3877 θησαυ-

243 3890 363 3961 ροὺς
423 3890 605 3948 διὰτὸ
634 3896 752 3949 κατ’
784 3894 967 3949 εἰκόνα
1025 3895 1168 3971 ἔχων
1229 3896 1523 3962 ἀποθέτους
1578 3898 1630 3952 ἐν
1686 3899 1880 3970 ἑαυτῷ.

242 3981 387 4043 Ἤτις
424 4002 492 4054 με
522 3983 685 4057 χάρις
737 3979 995 4039 συνέλαϐε
1039 3983 1129 4039 διὰ
1182 3986 1432 4049 πίστεως.
1467 3988 1609 4062 Πρὸς
1665 3987 1881 4050 τούτοις

240 4064 293 4122 δὲ
344 4072 599 4145 προσαξω
656 4092 742 4127 σοι
798 4077 879 4145 τῷ
936 4071 1163 4147 διψῶντι
1193 4077 1291 4145 τῆν
1327 4075 1596 4150 σωτηρίαν
1633 4097 1759 4149 μου,
1806 4078 1879 4139 ὥς

235 4177 283 4212 τι
316 4160 489 4233 πόμα,
516 4162 620 4230 τήν
645 4181 708 4215 τε
739 4161 846 4216 ἀπὸ
876 4165 977 4227 τῆς
1025 4163 1314 4225 συνθέσεως
1355 4169 1461 4219 τῶν
1513 4164 1565 4219 ἐν
1616 4166 1761 4241 πάσῃ
1809 4170 1878 4239 τῇ

236 4248 396 4303 κτίσει
426 4248 518 4305 καὶ
544 4254 615 4323 τῇ
647 4254 833 4329 Γραφῇ
866 4248 1138 4329 διαφόρων
1174 4250 1349 4328 λόγων
1400 4254 1720 4329 ἠρτημένην
1785 4276 1878 4328 μοι

239 4334 467 4406 ἄληστόν
537 4360 633 4394 σου
724 4339 797 4402 ὠς
871 4338 1126 4410 ἀληθείας
1193 4346 1389 4418 γνῶσιν
1424 4360 1437 4375 ·
1496 4342 1619 4413 ἥτις
1682 4345 1876 4419 οἷάπερ

238 4424 437 4497 εὐώδης
470 4428 614 4491 οἶνος
646 4426 923 4504 ἱλαρύνων
959 4428 1185 4506 καρδίαν
1233 4430 1505 4509 εὐφραίνει
1561 4434 1660 4495 τὰς
1711 4454 1878 4506 μετα-

237 4511 615 4587 λαμϐανούσας
671 4518 874 4590 ταύτης
930 4521 1133 4597 ψυχὰς,
1183 4523 1270 4576 καὶ
1325 4524 1425 4592 τὴν
1480 4522 1715 4585 ἀεννάως
1779 4545 1876 4596 μοι
1908 4563 1952 4626 D

239 4600 293 4626 ax
317 4604 387 4626 Iv,
578 4606 592 4626 ν
654 4609 664 4623 ι
796 4608 807 4626 ι
1037 4608 1051 4626 ν
1155 4611 1167 4626 ς
1249 4612 1272 4626 Α
1312 4616 1339 4626 ..-
1434 4619 1461 4626 ..
1619 4617 1639 4626 ..
1757 4608 1808 4626 ιο

239 4600 536 4676 βλύζουσαν
566 4606 835 4682 ἀγάπησίν
867 4629 985 4677 σου,
1018 4608 1092 4671 ὠς
1142 4611 1364 4687 ἀγαθοῦ,
1396 4619 1496 4681 τῆς
1546 4617 1643 4667 τού
1702 4608 1875 4690 φόϐου

235 4710 323 4746 σου
350 4694 635 4770 ὑπεροχῆς
662 4697 753 4750 καὶ
781 4701 878 4751 τοῦ
916 4698 1089 4753 πόθου
1145 4706 1247 4768 τῆς
1309 4708 1550 4776 μετοχῆς
1617 4723 1734 4771 σου,
1765 4707 1872 4757 τῶν

236 4776 383 4849 δίκην
447 4784 609 4860 ῥοιῶν
665 4789 747 4857 τῷ
798 4786 890 4858 μὲν
953 4788 1229 4860 στυπτικῷ
1281 4791 1645 4866 στηριζόντων
1680 4813 1766 4865 με,
1799 4796 1877 4864 τῷ

235 4866 286 4925 δὶ
310 4870 652 4948 γλυκαίνοντι
686 4875 1079 4953 εὐφραινόντων
1118 4899 1205 4951 με.

793 4986 908 5037 Τῶν
943 4985 991 5059 γ’
1022 4986 1299 5059 Πατέρων.

296 5070 428 5126 Εἶτα
487 5071 625 5147 πρὸς
692 5072 789 5134 τὰς
872 5074 1313 5149 μαθητευομένας
1372 5075 1506 5149 αὐτῇ
1575 5077 1873 5156 στρέφουσα

233 5157 387 5213 πάλιν
418 5160 513 5214 τὸν
570 5161 737 5237 λόγον
767 5158 1005 5218 διδάσκει
1059 5169 1165 5218 τῶν
1216 5165 1538 5241 παράὐτῆς
1592 5167 1726 5241 πρὸς
1782 5169 1873 5223 τὸν

232 5247 460 5325 νυμφίον
489 5248 787 5325 εἰρημένων
798 5296 811 5322 ,
846 5252 1139 5323 φάσκουσα·

294 5337 589 5411 Εὐώνυμος
620 5339 790 5394 αὐτοῦ
824 5340 925 5396 ὑπὸ
955 5343 1054 5411 τῆν
1086 5341 1332 5421 κεφαλήν
1368 5364 1494 5416 μου.

295 5425 517 5501 Ἥγουν,
547 5426 842 5506 ἐπειδήπερ
876 5430 930 5484 αὶ
957 5434 1063 5485 τῶν
1110 5428 1535 5509 ὑποδεχομένων
1588 5436 1866 5491 κολάσεων

226 5512 347 5579 τοὺς
379 5514 434 5588 ἕξ
466 5515 746 5593 εὐωνύμου
798 5521 898 5575 τοῦ
952 5518 1192 5602 νυμφίου
1239 5518 1485 5596 ἀπειλαὶ,
1516 5526 1608 5582 νῦν
1665 5525 1768 5582 ὑπὸ
1805 5526 1867 5582 τὸ

278 5688 670 5775 "Galam,
704 5698 797 5762 26.

2000 3270 2239 3343 Capium
2272 3274 2328 3325 te
2349 3269 2447 3340 qui
2482 3267 2627 3323 mihi
2678 3268 3044 3323 divinitatem
3093 3268 3382 3339 elargiris,
3422 3268 3638 3338 cupida

1998 3358 2329 3431 splendoris
2361 3363 2470 3425 tul,
2501 3357 2559 3413 in
2594 3373 2779 3429 eoque
2799 3356 3246 3429 contemplando
3267 3356 3633 3411 introducam

1997 3449 2132 3504 tein
2167 3453 2422 3503 mentem
2444 3463 2569 3518 quae
2592 3449 2805 3501 domus
2830 3450 2919 3500 est
2941 3444 3138 3517 gratia:
3151 3444 3406 3515 Spiritus
3423 3445 3633 3517 sancti,

1997 3555 2030 3593 a
2060 3554 2174 3608 qua
2205 3542 2269 3592 ut
2298 3554 2331 3592 a
2355 3540 2536 3591 matre
2554 3552 2657 3608 per
2671 3534 2964 3605 baptisma
2986 3534 3179 3605 genita
3209 3538 3439 3602 sum,et
3459 3550 3638 3605 prop-

1996 3631 2087 3682 ter
2144 3624 2593 3683 similitudinem
2650 3624 2811 3679 illius
2879 3628 2969 3678 est
3024 3639 3223 3695 capax.
3284 3622 3634 3680 Cubiculum

1997 3719 2189 3771 autem
2225 3732 2461 3770 rursum
2494 3718 2582 3770 est
2614 3714 2822 3786 ipsius,
2858 3712 3134 3784 quoniam
3169 3717 3402 3784 propter
3432 3712 3638 3785 imagi-

1997 3822 2131 3862 nem
2163 3805 2470 3861 thesauros
2492 3805 2620 3874 ejus
2654 3804 2712 3857 in
2772 3819 2832 3857 se
2886 3804 3215 3857 reconditos
3263 3801 3457 3857 habet.
3500 3802 3637 3864 Quas

1994 3896 2233 3967 quidem
2268 3894 2456 3966 gratia
2485 3892 2751 3964 concepit
2783 3908 2873 3947 me
2904 3908 3007 3963 per
3038 3891 3233 3946 fidem.
3266 3891 3352 3945 Ad
3385 3890 3508 3945 haec
3528 3889 3634 3945 tibi

1992 3985 2217 4040 sitienti
2251 3985 2497 4039 salutem
2548 3999 2763 4052 meam,
2793 3981 2961 4053 quasi
3008 3982 3281 4052 poculum
3334 3980 3632 4052 quoddam

1991 4075 2230 4129 offeram
2264 4078 2603 4145 perpetuam
2638 4072 2721 4127 tui
2755 4073 2852 4142 qui
2874 4071 3089 4127 veritas
3114 4087 3195 4141 es,
3216 4068 3631 4141 cognitionem,

1990 4181 2058 4219 ex
2088 4162 2513 4235 compositione
2545 4162 2912 4216 diversarum
2946 4160 3238 4215 rationum
3271 4175 3401 4230 quae
3430 4158 3487 4212 in
3515 4173 3635 4213 om-

1990 4252 2165 4307 nibus
2216 4250 2498 4306 creaturis
2561 4250 2982 4320 Scripturaque
3038 4252 3203 4317 sunt,
3277 4247 3632 4301 instructam

1988 4345 2044 4397 et
2073 4341 2501 4397 concinnatam.
2523 4343 2651 4393 Haec
2677 4337 2855 4407 enim,
2876 4342 3160 4408 tanquam
3190 4335 3391 4390 vinum
3422 4335 3631 4390 odora-

1989 4436 2116 4487 tum
2165 4430 2468 4486 laztificans
2513 4446 2612 4485 cor
2672 4428 2871 4483 lzstitia
2919 4427 3253 4499 conspergit
3296 4425 3553 4493 animas,
3601 4441 3635 4479 a

1986 4522 2202 4593 quibus
2232 4520 2571 4591 percipitur,
2605 4533 3035 4589 perennemque
3059 4515 3202 4570 mihi
3233 4513 3341 4584 tui,
3376 4519 3439 4569 ut
3468 4529 3633 4569 sum-

1987 4610 2067 4664 mi
2099 4609 2256 4677 boni,
2291 4623 2551 4663 amorem
2584 4606 2862 4675 infundit,
2895 4622 2963 4660 ex
3007 4604 3344 4677 praestantia
3394 4601 3632 4658 timoris

1985 4700 2070 4755 tui
2102 4703 2159 4755 et
2201 4696 2472 4753 desiderii
2534 4700 2589 4751 te
2648 4694 3019 4766 perfruendi:
3080 4710 3332 4765 quorum
3390 4690 3629 4764 quidem

1987 4795 2270 4860 tanquam
2302 4786 2590 4843 malorum
2624 4786 2970 4856 punicorum
3002 4782 3150 4839 alter
3181 4782 3495 4839 acerbitate
3527 4798 3636 4837 sua

1985 4895 2079 4935 me
2109 4874 2464 4950 comprimit,
2499 4874 2750 4930 alterum
2803 4872 3113 4929 dulcedine
3144 4872 3417 4928 oblectat.

2571 4982 2755 5036 Trium
2787 4986 3038 5036 Patrum.

2056 5076 2273 5132 Deinde
2295 5075 2364 5129 ad
2394 5071 2717 5143 discipulae
2740 5088 2878 5127 suas
2900 5086 3231 5126 sermonem
3266 5072 3635 5134 convertens,

1982 5183 2218 5224 causam
2251 5163 2509 5235 exponit,
2557 5161 2939 5234 quamobrem
2990 5176 3058 5216 ea
3097 5158 3303 5215 dixerit
3331 5158 3403 5213 ad
3454 5174 3633 5230 spon-

1984 5273 2117 5313 sum
2140 5270 2351 5309 suum:

2052 5351 2212 5404 Laeva
2241 5346 2357 5417 ejus
2381 5344 2480 5399 sub
2510 5344 2690 5415 capite
2710 5357 2850 5398 meo.

2048 5437 2196 5504 Quia
2212 5436 2411 5510 sponsi
2429 5434 2990 5490 communicationes
3004 5430 3426 5504 suppliciorum
3444 5445 3570 5502 qum
3588 5444 3621 5483 a

1977 5529 2221 5588 sinistra
2241 5527 2369 5599 ejus
2388 5525 2743 5584 collocandis
2764 5522 3288 5596 impsndent,nunc
3302 5519 3411 5576 sub
3434 5534 3533 5591 ca:
3550 5516 3623 5571 ilo
