4042 6198
226 278 307 336 681

1221 266 1632 328 COMMENT.
1674 267 1755 326 IN
1801 267 2210 330 CANTICUM
2253 268 2557 331 CANTIC.

3478 267 3598 329 682

222 405 329 460 κατὰ
377 400 561 476 πρᾶξιν
633 397 995 472 ἀνυπόκριτον
1050 396 1144 452 καὶ
1200 392 1461 470 διάπυρον
1516 397 1836 472 ἀποτροπὴν

1954 400 2243 456 actionem
2267 400 2513 455 minime
2534 400 2644 455 sim
2655 397 3325 469 ulatam,ardentemque
3347 399 3599 454 declina-
3642 420 3645 427 ’

219 498 297 549 τού
338 493 517 545 manu“
575 483 863 551 κάντεῦθεν
924 489 1070 559 μενῶ
1123 484 1213 540 καὶ
1271 483 1432 546 αὐτὸς
1486 484 1537 538 tv
1593 485 1701 557 σοὶ,
1735 506 1839 561 φυ-

223 583 394 639 λάττων
456 577 530 640 ὥς
560 598 646 639 τις
676 576 903 653 σφραγὶς
928 579 1027 628 τοῦ
1060 571 1409 644 διανοητικοῦ
1459 594 1554 627 σου
1584 574 1682 641 τὴν
1734 571 1840 643 ἕξιν

224 670 293 726 καὶ
339 671 428 738 τὴν
487 665 755 741 ἐνέργειαν
809 663 1047 726 ἀσύλους
1102 668 1171 737 τῇ
1230 661 1410 737 σχέσει
1466 667 1572 716 τῶν
1608 661 1837 729 ὐλικῶν,

225 759 287 813 ὅτι
352 756 596 831 κραταιά,
676 752 750 817 ὠς
820 754 1068 819 θάνατος,
1147 752 1357 825 ἀγάπη,
1440 751 1702 826 σκληρὸς,
1764 750 1839 812 ὡς

222 847 349 918 ᾅδης,
403 845 592 915 ζῆλος.
650 845 829 911 ’ῚΙτοι,
890 840 977 896 ἐὰν
1037 842 1089 895 ἐν
1147 844 1216 914 τῇ
1277 840 1385 913 ἐμῇ
1417 840 1615 914 ἀγάπῃ,
1640 840 1729 893 καὶ
1762 843 1840 911 τῷ

224 935 277 990 δι’
323 935 478 1003 αὐτὴν
532 933 688 1005 ζήλῳ
722 936 920 1003 μενεῖς,
972 934 1117 1003 μενῶ
1146 930 1237 983 καὶ
1268 928 1428 991 αύτὸς
1479 927 1530 982 ἐν
1586 929 1690 983 σοί·
1748 928 1836 982 καὶ

222 1024 538 1102 ουλαχθησῃ,
568 1022 643 1082 ὡς
676 1018 908 1095 ε’ίρηται.
942 1014 1271 1092 Ἐπειδτςπερ
1305 1020 1338 1087 ἡ
1395 1020 1489 1090 μὲν
1536 1016 1701 1085 ὀλικὴ
1761 1016 1836 1078 είς

221 1114 298 1185 ἱμὶ
320 1112 487 1187 ἀγάπη
519 1109 721 1185 ἰσχυρά
746 1107 913 1177 ἰστιν,
975 1108 1049 1169 ὡς
1095 1112 1271 1161 πᾶσαν
1298 1105 1386 1161 ἰπὶ
1431 1106 1595 1160 κακὸν
1655 1107 1834 1180 ὁρμήν

217 1222 262 1256 τε
294 1200 369 1256 καὶ
409 1199 627 1269 κίνησιν
681 1195 1082 1267 καταπαύουσα,
1142 1194 1300 1266 δίκην
1352 1194 1601 1251 θανάτου.
1661 1194 1721 1251 Ὀ
1780 1190 1838 1247 δὲ

221 1288 275 1343 δι’
321 1288 407 1360 ἐμὲ
433 1286 603 1357 ζῆλος
664 1283 946 1348 ἀνένδοτος
977 1290 1056 1358 τῷ
1084 1289 1261 1357 κακῷ,
1291 1284 1366 1348 ὡς
1396 1282 1632 1357 ἀλόγους
1664 1283 1838 1357 ὁρμὰς

217 1374 493 1449 δεσμεύων,
551 1374 639 1429 καὶ
704 1373 997 1450 ἀπροίτους
1059 1375 1306 1448 κατέχων
1367 1373 1459 1427 οῑά
1518 1392 1614 1448 περ
1674 1367 1831 1442 ᾅδης.

217 1464 296 1522 Καὶ
364 1463 464 1540 γὰρ
536 1463 834 1541 περίπτερα
904 1462 1091 1532 αὐτῆς,
1147 1461 1443 1537 περίπτερα
1498 1460 1691 1535 πυρὸς,
1745 1457 1833 1514 ἄν-

216 1566 372 1628 opem:
414 1554 586 1627 πυρὸς
647 1551 850 1627 φλόγες
908 1550 1098 1621 αὐτῆς.
1159 1548 1382 1622 Δηὶαδὴ
1440 1550 1508 1605 τὰ
1563 1546 1692 1624 ἔργα
1735 1552 1833 1617 τῆς

213 1644 325 1718 πρὸς
375 1643 439 1715 μὶ
487 1640 735 1717 ἐμπύρου
800 1640 1011 1715 ἀγάπης
1041 1639 1410 1715 ἀναπτερωσις
1437 1638 1639 1708 ταύτης
1670 1637 1831 1692 ἐστίν’

218 1730 530 1805 Δύγαζούσης
572 1731 625 1785 ἐν
682 1734 762 1802 τῷ
816 1730 955 1807 φωτὶ
1016 1737 1116 1798 τῆς
1148 1726 1408 1798 ἀληθείας
1437 1728 1575 1782 κατὰ
1605 1727 1832 1799 θεωρίαν

214 1820 289 1874 τὸν
333 1823 473 1888 νοῦν,
530 1818 622 1874 καὶ
680 1817 1044 1896 ἀφανιζούσης
1098 1820 1197 1888 τὴν
1252 1814 1489 1893 ἄγνοιαν·
1552 1816 1833 1878 κάντεῦθεν

216 1905 505 1978 δαπανώσης
546 1909 685 1963 κατά
728 1907 920 1983 πρᾶξιν
970 1911 1078 1961 τῶν
1129 1906 1364 1962 ἐντολῶν
1392 1912 1562 1961 πᾶσαν
1621 1904 1832 1973 κακίαν,

214 1997 305 2068 (οἷά
350 2017 445 2069 περ
494 1994 799 2067 εὔπρηστον
862 1995 999 2067 ὕλην
1059 1994 1284 2073 φλόγες)
1341 1995 1431 2049 καὶ
1480 1991 1833 2064 ἐπιδιδούσης

216 2084 275 2147 εἷς
303 2085 529 2156 αὔξησιν.
595 2084 794 2159 Διόπερ
837 2082 982 2160 ὕδωρ
1038 2082 1183 2139 πολῦ
1242 2083 1303 2139 οὐ
1337 2081 1619 2153 δυνήσεται
1649 2078 1835 2137 σϐέσαι

212 2174 293 2242 τήν
356 2174 590 2250 ἀγάπην,
666 2173 755 2227 καὶ
831 2172 1076 2246 ποταμοὶ
1156 2172 1216 2227 οὗ
1286 2171 1679 2246 συγκλύσουσιν
1735 2171 1833 2225 ab-

212 2264 311 2333 τήν.
340 2265 542 2336 ’Ἡγουν
578 2264 631 2316 αἱ
661 2262 872 2338 ρἐυστι
906 2263 980 2324 ὠς
1011 2263 1222 2331 πλῆθος
1257 2258 1463 2316 ὑδάτων
1508 2260 1567 2315 ἐκ
1593 2265 1691 2316 τοῦ
1721 2280 1833 2335 χει-

217 2355 369 2423 μῶνος
413 2356 520 2405 τῶν
555 2351 821 2406 ἀκουσίων
855 2356 1171 2427 πειρασμῶν
1201 2349 1406 2406 πολλαὶ
1449 2349 1685 2424 θλίψεις,
1743 2348 1832 2404 καὶ

218 2442 260 2495 αἱ
283 2442 476 2496 τούτων
528 2439 965 2511 ἀλλυπάλληλοι
1026 2440 1102 2503 ὠς
1154 2439 1399 2513 ποτάμια
1457 2439 1702 2515 ῥεύματα
1741 2437 1832 2493 ἐπ-

216 2529 413 2603 ηωγαῖ,
475 2528 526 2584 ἰν
587 2531 673 2591 αἷς
722 2530 788 2583 τὶ
841 2536 942 2597 τῆς
998 2528 1265 2603 πονηρίας
1324 2527 1606 2600 πνεύματα
1631 2528 1729 2595 τὴν
1760 2526 1837 2589 είς

215 2617 294 2691 ἐμὲ
331 2619 545 2694 ἀγάπην
602 2615 921 2672 σπεύδουσιν
967 2617 1002 2686 ἢ
1060 2617 1347 2692 ἐκριζῶσαι
1402 2617 1587 2671 τέλεον
1618 2616 1709 2670 διὰ
1742 2637 1833 2689 μι-

220 2705 421 2777 σοθείας,
484 2707 518 2775 ἢ
568 2705 876 2781 καταλύψαι
921 2703 1009 2760 διὰ
1059 2705 1503 2779 μισανθρωπίας,
1555 2705 1618 2759 οὗ
1673 2702 1835 2775 δυνή-

217 2816 372 2849 σονται
433 2793 558 2851 οὗτε
610 2795 786 2866 πάντη
847 2790 1031 2850 σϐέσαι
1089 2794 1255 2863 αὐτὴν
1315 2791 1402 2848 διὰ
1459 2791 1835 2871 βλασφημίας,

215 2883 317 2938 οἷτε
376 2883 708 2940 κατακλύσαι
780 2883 870 2938 καὶ
940 2882 1189 2960 ἀφανίσαι
1255 2879 1323 2937 δι’
1401 2882 1663 2959 ἀπραξίας
1727 2886 1833 2936 τῶν

213 2971 421 3028 ἐντολῶν
485 2992 610 3047 μου’
667 2970 826 3048 α’ίπερ
877 2969 1292 3027 ἀποδεικνύουσι
1354 2972 1447 3044 μὲν
1491 2973 1590 3040 τὴν
1624 2971 1697 3033 εἷς
1740 2969 1836 3042 ἐμὶ

212 3062 418 3136 ἀγάπην,
476 3064 841 3138 συμφέρονται
901 3060 959 3116 δὲ
1016 3059 1091 3122 εἷς
1137 3061 1227 3115 τὸν
1273 3059 1529 3131 πλησίον.
1561 3058 1714 3130 Ιιλὴν
1748 3059 1835 3114 ἐὰν

209 3148 307 3223 δῴη
366 3153 501 3226 ἀνὴρ
556 3153 650 3207 τὸν
700 3151 871 3206 πάντα
918 3150 1031 3226 βίον
1090 3149 1255 3205 αὐτοῦ
1302 3150 1354 3205 ἐν
1410 3154 1477 3224 τῇ
1510 3148 1713 3225 ἀγάπῃ,
1749 3148 1835 3219 ἰξ-
1866 3142 1910 3209 C

210 3238 471 3295 ονδενώσε.
546 3237 989 3311 ὶξουδενώσουσιν
1046 3238 1203 3294 αὐτόν
1240 3259 1252 3271 ’
1307 3235 1608 3309 δηλονότι,
1671 3237 1755 3292 ἐὰν
1813 3239 1840 3292 ὁ

213 3330 274 3398 μή
298 3333 361 3403 τῇ
383 3334 490 3384 τῶν
528 3329 876 3405 προσκαίρων
911 3326 1087 3403 ἀπάτῃ
1112 3324 1375 3397 ἰκθηλυνὸ
1384 3348 1562 3400 μενος,
1583 3328 1843 3402 παράσχῃ

215 3422 315 3479 τοῖς
371 3417 654 3492 δεομὲνοις
713 3417 886 3472 πάντα
936 3417 1003 3471 τὰ
1055 3417 1370 3492 ὑπάρχοντα
1426 3416 1573 3490 αὐτῷ
1604 3414 1693 3471 διὰ
1741 3418 1840 3486 τήν

214 3505 333 3580 πρός
394 3528 461 3578 με
521 3506 755 3582 ἀγάπην,
817 3507 1126 3578 εὑτελισμῷ
1185 3503 1548 3561 εὐτελίσουσιν
1599 3505 1755 3560 αὐτὸν
1788 3507 1843 3559 αἱ

213 3593 562 3667 ἀντικείμεναι
595 3593 870 3669 δυνάμειςο
921 3597 1135 3655 πάντως
1196 3596 1240 3667 ᾧ
1298 3596 1387 3649 τὸν
1426 3590 1551 3650 Ἰὼϐ
1588 3595 1720 3667 μετά
1742 3595 1840 3663 τὴν

207 3681 469 3759 ἀφαίρεσιν
524 3685 721 3746 παντὸς
775 3688 873 3739 τοῦ
933 3683 1193 3753 αἰσθητοῦ
1224 3683 1467 3739 πλούτου
1498 3684 1664 3738 αὐτοῦ
1696 3683 1846 3755 ἐξηυ-

207 3769 431 3844 τέλισαν,
496 3772 866 3845 ἐξαιτούμεναι
919 3777 1108 3827 τοῦτον
1165 3773 1256 3827 ἀπ’
1316 3769 1452 3845 ἔμοῦ
1484 3774 1559 3835 εἷς
1593 3771 1841 3845 δοκίμιον

211 3864 306 3913 τῶν
360 3859 447 3917 διὰ
504 3863 700 3937 σαρκὸς
734 3859 963 3931 ὀδυνῶν,
1016 3862 1106 3916 καὶ
1157 3861 1284 3925 τοὺς
1322 3858 1514 3939 φίλους
1548 3860 1710 3916 αὐτοῦ
1769 3862 1847 3923 εἷς

152 3953 167 3969 ⁸
206 3950 389 4005 τούτου
442 3950 750 4024 ὀνειδισμὸν
801 3950 1191 4027 ἐπεγείρουσαι.
1252 3954 1433 4009 Ταῦτα
1481 3951 1659 4005 τοίνυν
1712 3949 1842 4020 σύτὴ

208 4037 393 4109 εἰδυῖα,
451 4040 571 4095 ὅταν
638 4040 812 4102 πάσας
873 4061 977 4112 μου
1059 4027 1154 4103 τᾶξ
1224 4039 1447 4102 ἐντολὰς
1498 4043 1698 4114 τηρῇς,
1757 4040 1843 4094 καὶ

207 4125 362 4199 ὀδύνη
419 4151 501 4185 σοι
559 4129 761 4203 ἐπέλθῃ
825 4130 1021 4203 σαρκὸς
1091 4129 1228 4184 κατὰ
1277 4130 1627 4204 συγχώρπσιν
1684 4128 1846 4202 ἐμήν,

205 4216 423 4290 γίνωσκε
448 4219 511 4273 τὸ
538 4222 786 4273 τοιοῦτον
820 4212 1224 4291 ἔπισυμϐαίνειν
1259 4239 1364 4290 σοι,
1392 4216 1486 4272 τίνα
1521 4238 1616 4272 σου
1648 4220 1682 4287 ἡ
1711 4219 1845 4289 πρὸς

204 4304 292 4376 ἐμὲ
316 4307 499 4381 ἀγάπη
532 4314 662 4362 πᾶσι
694 4304 1005 4377 καταδηλπ
1029 4306 1359 4381 γένηται,μὴ
1394 4304 1712 4377 ὶνδιδούσης
1732 4312 1848 4369 τοῖς

204 4402 541 4470 πειρασμοῖς,
570 4396 660 4451 καὶ
691 4396 821 4473 οὐχὶ
853 4393 942 4450 διὰ
991 4394 1053 4450 τὸ
1115 4397 1191 4468 μή
1254 4395 1387 4450 εἶναι
1444 4396 1699 4469 πρόνοιαν
1759 4395 1847 4451 ἐπὶ

202 4484 363 4539 πάντα
393 4483 706 4556 διήκουσαν.

274 4659 511 4741 Ἀδελφή
582 4665 745 4736 ἡμῶν
823 4663 1015 4739 μικρὰ,
1093 4662 1183 4717 καὶ
1261 4661 1497 4736 μαστοὺς
1558 4663 1661 4718 οὐκ
1708 4660 1846 4738 ἔχει.

203 4750 258 4803 Τί
323 4755 645 4826 ποιήσωμεν
721 4757 791 4827 τῇ
868 4749 1079 4827 ἀδελφῇ
1138 4754 1297 4824 ἡμῶν
1346 4750 1397 4806 ἑν
1454 4752 1634 4828 ἡμέρᾳ
1789 4749 1846 4806 ἂν

210 4837 426 4917 λαληθῇ
486 4842 537 4897 ἐν
597 4842 774 4916 αὐτῇ,
828 4842 892 4897 Ei
947 4842 1137 4917 τεῖχός
1188 4843 1348 4907 ἐστιν,
1406 4839 1848 4914 οἰκοδομήσομεν

206 4929 283 4983 ἃττ’
312 4931 486 5001 αὐτὴν
518 4931 767 5004 ἐπάλξεις
798 4932 1055 5007 ἀργυρᾶς
1091 4932 1181 4985 καὶ
1212 4931 1257 4985 εί
1289 4930 1422 5007 θύρα
1460 4930 1592 4998 ἐστὶ,
1628 4932 1852 5008 διαγρά-

208 5022 373 5091 ψομεν
411 5021 498 5075 ἐπ’
528 5022 693 5105 αὑτήν
719 5017 907 5075 σανίδα
934 5017 1211 5095 κεδρίνην.

778 5133 895 5184 Τῶν
928 5130 977 5205 γ’
1006 5127 1179 5203 ΙΙατίρ
1187 5149 1258 5183 ων
1271 5172 1282 5185 .

270 5237 333 5293 Ἡ
377 5233 441 5290 δὲ
485 5236 670 5315 νύμφη
697 5240 794 5291 τοῖ’)
822 5240 1061 5310 Χριστοῦ
1091 5235 1388 5304 Ἐκκλησία
1432 5234 1540 5307 ἤδη
1608 5237 1700 5310 μὲν
1758 5237 1855 5303 τήν

202 5325 402 5394 ἑαυτῆς
466 5327 588 5401 παρ’
640 5325 805 5380 αύτοῦ
858 5319 1102 5379 λαϐοῦσα
1149 5324 1465 5403 ἀσφάλεια),
1516 5327 1755 5380 ποθοῦσα
1804 5326 1861 5380 ὃὶ

202 5414 287 5467 καὶ
331 5416 441 5484 τὴν
512 5412 601 5469 διὰ
655 5414 1036 5490 βαπτίσματος
1086 5414 1220 5469 κατά
1275 5418 1472 5491 γνῶσιν
1523 5416 1609 5469 καὶ
1663 5414 1859 5489 ἀρετὴν

202 5502 494 5559 τελείωσιν
538 5511 636 5574 τῆς
689 5509 798 5559 τῶν
830 5503 1263 5579 κατηχουμὲνων
1300 5503 1434 5577 αὐτῇ
1481 5502 1753 5558 Ἰουδαίων
1805 5524 1865 5558 τε

201 5594 290 5648 καὶ
347 5591 640 5663 Ἑλλήνων
693 5593 1042 5669 ὁμηγύρεως,
1104 5592 1226 5667 περὶ
1280 5592 1485 5665 ταύτης
1543 5593 1676 5671 φησὶ
1730 5593 1867 5669 πρὸς

533 5726 794 5784 Ριτιιοι.
844 5726 956 5785 GR.
1002 5723 1244 5783 CXXII.

1949 488 2168 544 tionem
2198 508 2231 544 a
2262 489 2537 545 malo.Sic
2558 488 2715 544 enim
2747 488 2874 559 ipse
2907 487 3217 559 quoquein
3247 491 3304 542 te
3329 488 3601 544 manebo-

1950 583 2204 649 tuasque
2224 578 2764 649 utsignaculum,tu
2777 595 2831 632 ω
2851 575 3213 647 intelligendi
3244 580 3367 630 tum
3393 576 3603 646 agendi

1952 668 2249 738 potentias
2285 673 2347 722 ut
2376 684 2570 721 rerum
2605 666 2901 736 fragilium
2943 670 3001 720 et
3055 666 3412 720 caducarum
3472 665 3603 720 υσθ-

1951 755 2537 826 ctionibusintegras
2588 755 2965 810 conservabo.
3026 755 3169 821 Quia
3202 755 3480 824 fortisest,
3542 758 3602 809 ut

1948 860 2119 910 mors,
2151 844 2372 899 dilectio
2407 864 2420 912 ;
2454 846 2595 899 dura
2620 848 2764 900 sicut
2796 850 3071 916 infernus,
3120 843 3423 899 aemulatio.
3484 843 3601 898 Hoc

1948 943 2052 1000 est,
2087 935 2135 988 si
2173 934 2226 987 in
2259 933 2547 988 charitate
2579 950 2713 988 mea
2733 932 3154 1005 permanseris,
3188 938 3245 987 et
3295 949 3400 1004 ego
3430 930 3490 987 in
3552 938 3605 987 te

1949 1023 2407 1095 permanebo,et
2432 1022 2887 1089 conservaberis,
2934 1027 2999 1076 ut
3029 1021 3251 1076 dictum
3291 1025 3399 1076 est.
3450 1021 3596 1076 Nam

1948 1114 2178 1185 integra
2221 1116 2400 1183 atque
2432 1112 2687 1182 perfecta
2714 1128 2849 1181 erga
2868 1127 2957 1166 me
2989 1110 3246 1165 charitas
3281 1115 3396 1165 tam
3427 1108 3598 1165 fortis

1947 1207 2057 1266 est,
2088 1210 2172 1266 ut,
2208 1201 2416 1257 mortis
2440 1201 2646 1267 instar,
2675 1218 2880 1257 omnes
2925 1201 2995 1255 ad
3040 1199 3262 1256 malum
3310 1199 3599 1279 motiones

1947 1298 2121 1362 atque
2161 1290 2420 1362 impetus
2452 1291 2650 1346 sedet:
2685 1288 2979 1345 mmulatio
3002 1294 3197 1346 autem
3230 1293 3469 1361 propter
3507 1306 3599 1346 me

1948 1378 2100 1435 malo
2134 1396 2247 1434 non
2279 1378 2451 1445 cedit,
2485 1380 2586 1434 sed
2608 1385 2890 1450 tanquam
2924 1379 3196 1434 infernus
3248 1377 3458 1434 rationi
3513 1395 3601 1434 re-

1948 1478 2274 1541 pugnantes
2306 1474 2503 1524 motus
2546 1469 2749 1534 vincit,
2806 1470 3177 1541 vinctosque,
3209 1485 3280 1525 ne
3326 1469 3598 1540 progredi

1946 1558 2197 1629 possint,
2230 1563 2477 1614 coercet.
2507 1557 2623 1613 Ala:
2650 1558 2805 1613 enim
2839 1560 2969 1628 ejus
3016 1558 3115 1613 alae
3148 1558 3343 1631 ignis:
3398 1573 3594 1629 prunas

1945 1648 2121 1719 ignis,
2147 1648 2398 1702 ﬂammae
2421 1649 2572 1718 ejus.
2605 1648 2792 1719 Opera
2809 1664 3026 1719 quippe
3057 1648 3318 1703 ardentis
3344 1662 3485 1718 erga
3506 1662 3598 1701 me

1945 1737 2249 1793 cbaritatis
2281 1741 2422 1791 sunt
2450 1735 2632 1806 hujus
2691 1736 2815 1806 alte,
2866 1753 2994 1808 qua:
3051 1736 3312 1791 illustrat
3369 1735 3427 1790 in
3470 1734 3599 1790 luce

1944 1825 2205 1881 veritatis
2259 1830 2518 1880 mentem
2574 1841 2676 1897 per
2749 1824 3326 1896 contemplationem,
3419 1827 3599 1894 atque

1946 1914 2293 1987 ignorantiae
2324 1915 2594 1969 tenebras
2624 1914 2953 1984 discutit,et
2978 1930 3081 1986 per
3106 1914 3399 1969 actionem
3422 1917 3598 1984 atque

1944 2021 2121 2076 opera
2145 2004 2556 2059 mandatorum
2589 2004 2878 2059 malitiam
2932 2019 3166 2059 omnem
3200 2007 3287 2072 (ut
3345 2003 3600 2058 ﬂammis

1946 2093 2254 2148 materiam
2286 2109 2537 2147 aceensu
2570 2092 2823 2160 facilem)
2855 2092 3136 2161 absumit,
3170 2098 3227 2147 et
3276 2092 3603 2147 incremen-

1944 2187 2070 2235 tum
2103 2182 2385 2253 suggerit.
2419 2181 2809 2244 Quamobrem
2841 2198 2986 2251 aqua
3014 2183 3191 2236 multa
3238 2197 3351 2236 non
3398 2181 3598 2251 poterit

1944 2272 2297 2338 exstinguere
2359 2270 2703 2338 charitalem,
2762 2274 2815 2325 et
2870 2269 3112 2342 ﬂumina
3177 2284 3287 2325 non
3361 2268 3596 2325 obruent

1943 2359 2138 2430 ipsam.
2185 2359 2455 2413 Fluentes
2478 2357 2776 2422 nimirum,
2835 2364 2899 2413 ut
2956 2374 3245 2428 aquarum
3292 2357 3471 2428 copim
3527 2372 3596 2410 ex

1946 2446 2329 2503 molestarum
2361 2446 2553 2502 hieme
2577 2447 2970 2501 tentationum
3013 2445 3210 2501 multas
3258 2443 3590 2500 tribulatio-

1945 2553 2072 2602 nes,
2095 2541 2150 2592 et
2180 2535 2278 2591 alii
2311 2552 2491 2607 super
2520 2535 2666 2591 alios
2716 2541 3001 2607 tanquam
3054 2533 3318 2591 ﬂuviales
3372 2532 3592 2589 ﬂuctus

1944 2625 2281 2696 ingruentes
2306 2641 2510 2680 earum
2527 2623 3031 2696 impetus,quibus
3053 2623 3326 2694 nequitiae
3356 2621 3603 2694 spiritus

1947 2715 2295 2770 charitatem
2330 2730 2469 2786 erga
2499 2730 2593 2768 me
2640 2717 2930 2769 conantur
2984 2716 3087 2767 aut
3139 2709 3422 2767 radicitus
3494 2728 3598 2782 per

1946 2803 2389 2875 impietatemin
2422 2802 2607 2857 Deum
2666 2802 2930 2869 evellere,
2982 2806 3084 2856 aut
3142 2818 3243 2872 per
3288 2799 3486 2855 odium
3516 2798 3604 2869 Lin

1946 2892 2281 2963 proximum
2296 2891 2676 2959 obruere;nec
2688 2895 3007 2962 potuerunt
3022 2890 3396 2961 exstinguere
3410 2888 3599 2959 ipsam

1948 2997 2052 3051 per
2085 2980 2536 3051 blasphemiam,
2566 2996 2670 3034 nec
2703 2980 2947 3034 obruere
3006 2984 3183 3050 atque
3231 2977 3460 3033 abolere
3504 2994 3607 3048 per

1949 3075 2350 3141 contemptum
2398 3069 2831 3133 mandatorum,
2884 3084 3013 3139 quae
3070 3066 3413 3123 charitatem
3471 3070 3600 3120 tum

1948 3176 2088 3229 erga
2118 3175 2212 3213 me
2242 3157 2701 3224 declarant,tum
2729 3156 3043 3221 perﬁciunt
3074 3172 3212 3227 erga
3248 3154 3601 3226 proximum,

1949 3249 2217 3302 Attamen
2249 3248 2297 3301 si
2324 3246 2533 3301 dederit
2559 3247 2720 3300 homo
2751 3261 2965 3300 omnem
3001 3246 3168 3300 vitam
3203 3260 3362 3299 suum
3391 3243 3451 3296 in
3470 3246 3604 3296 cha-

1951 3338 2141 3403 ritate,
2161 3335 2498 3406 despectione
2534 3336 2842 3404 despiciens
2902 3351 3048 3389 eum.
3099 3332 3158 3388 Si
3214 3331 3347 3404 quis
3397 3346 3595 3385 rerum

1952 3426 2201 3480 istarum
2219 3423 2513 3495 fragilium
2534 3422 3098 3478 blanditiisminime
3120 3420 3488 3476 eﬂ‘eminatus
3508 3427 3611 3474 aut

1955 3517 2260 3585 deceptus,
2294 3516 2534 3584 propter
2554 3528 2722 3567 suam
2757 3512 2815 3566 in
2867 3528 2962 3566 me
3004 3509 3350 3566 charitatem
3405 3506 3607 3563 omnia

1956 3604 2110 3658 bona
2141 3619 2249 3658 sua
2270 3601 2625 3673 pauperibus
2650 3600 3033 3667 distribuerit,
3104 3596 3450 3653 adversaria:
3503 3612 3609 3666 po—

1956 3695 2200 3747 testates
2230 3707 2366 3745 cum
2400 3690 2895 3762 aspernabuntur,
2930 3706 2996 3744 eo
3030 3686 3312 3742 nimirum
3345 3692 3603 3741 contem-

1955 3787 2055 3851 ptu
2081 3797 2197 3851 quo
2243 3779 2377 3849 Job,
2431 3779 2711 3834 omnibus
2765 3777 2850 3833 illi
2887 3776 3121 3833 “divitiis
3171 3774 3487 3847 ademptis,
3529 3773 3613 3829 ita

1954 3870 2372 3941 despexerunt,
2406 3872 2471 3923 ut
2503 3884 2636 3924 eum
2673 3886 2705 3923 a
2728 3884 2820 3922 me
2842 3885 2943 3937 per
2974 3867 3169 3921 carnis
3225 3864 3451 3920 dolores
3511 3880 3609 3919 ex-

1956 3957 2307 4030 plorandum
2341 3957 2881 4028 ﬂagitantes,etiam
2904 3956 3125 4011 amicos
3148 3957 3277 4025 ejus
3307 3953 3379 4009 ad
3411 3953 3611 4024 ipsum

1957 4044 2331 4102 contumeliis
2352 4047 2681 4100 vexandum
2716 4044 3038 4099 incitarint.
3073 4042 3203 4098 Hac
3259 4048 3322 4097 tu
3381 4040 3610 4111 perspi-

1958 4136 2282 4201 ciens,cum
2316 4135 2512 4189 omnia
2533 4134 2809 4189 mandata
2832 4150 2962 4188 mea
2985 4131 3355 4199 custodieris,
3388 4135 3446 4185 et
3475 4146 3612 4200 per—

1958 4225 2144 4279 missu
2177 4240 2306 4278 meo
2340 4229 2394 4279 te
2421 4225 2614 4278 carnis
2638 4222 2803 4277 dolor
2851 4222 3147 4287 invaserit,
3193 4219 3384 4290 cogita
3413 4219 3471 4272 id
3504 4218 3610 4273 tibi

1959 4312 2323 4385 contingere,
2382 4328 2497 4367 non
2549 4312 2705 4383 quod
2767 4309 3132 4381 providentia
3188 4324 3306 4364 non
3364 4307 3443 4363 sit
3482 4323 3611 4377 qua:

1959 4406 2174 4458 cuncta
2203 4401 2492 4472 gubernet
2522 4417 2588 4455 ac
2613 4401 2968 4466 moderetur,
2985 4400 3088 4454 sed
3115 4406 3177 4452 ut
3201 4402 3305 4453 tua
3336 4398 3614 4451 temtatio-

1878 4509 1925 4574 Ι)
1960 4492 2134 4547 nibus
2168 4490 2411 4546 minime
2437 4488 2880 4544 succumbentis
2911 4504 3049 4559 erga
3079 4504 3172 4543 me
3203 4485 3464 4542 obaritas
3514 4487 3616 4540 ﬁat

1957 4580 2236 4637 omnibus
2268 4578 2605 4635 manifesta.

2027 4668 2197 4725 Soror
2242 4676 2433 4723 nostra
2477 4684 2675 4736 parva,
2720 4676 2772 4722 el
2820 4668 2995 4722 ubera
3049 4680 3159 4721 non
3216 4664 3395 4720 habet.
3474 4662 3615 4730 Quid

1956 4759 2229 4829 faciemus
2257 4757 2435 4812 sorori
2466 4764 2665 4810 nostrae
2688 4761 2745 4809 in
2777 4754 2863 4810 die
2896 4756 2953 4809 in
2975 4771 3079 4826 qua
3118 4752 3343 4808 verbum
3396 4755 3613 4821 [actum

1957 4848 2128 4917 fuerit
2187 4848 2243 4900 in
2293 4860 2359 4900 ea
2388 4848 2413 4897 .9
2463 4845 2523 4900 Si
2586 4860 2780 4898 murus
2835 4852 2931 4911 est,
2996 4841 3400 4911 aadiﬁcabimus
3449 4854 3616 4911 super

1961 4952 2077 4990 eam
2108 4934 2527 5005 prapugnacula
2558 4937 2859 5002 argentea:
2902 4934 2957 4987 si
3000 4934 3207 4987 ostium
3263 4934 3361 4996 est,
3412 4928 3615 4984 descri-

1966 5026 2154 5080 bemus
2183 5040 2348 5094 super
2375 5041 2494 5079 eam
2527 5022 2773 5078 tabulam
2796 5021 3099 5077 cedrinam.

2580 5131 2775 5184 Trium
2814 5130 3044 5183 Patrum

2040 5238 2267 5307 Sponsa
2298 5235 2511 5290 Christi
2549 5234 2827 5298 Ecclesia,
2850 5251 2983 5289 cum
3011 5235 3131 5305 jam
3196 5248 3363 5289 suam
3429 5229 3620 5303 ipsius

1972 5327 2042 5381 ab
2075 5342 2140 5381 eo
2167 5326 2539 5380 securitatem
2571 5331 2727 5381 esset
2756 5330 3045 5391 assecuta,
3099 5326 3454 5396 cuperetque
3492 5325 3618 5375 tum

1972 5416 2308 5472 Judmorum
2354 5419 2479 5469 tum
2513 5415 2775 5486 gentium
2802 5432 2835 5469 a
2866 5431 2928 5469 se
2958 5413 3325 5468 initiatorum
3361 5408 3621 5466 multitu-

1975 5504 2171 5561 dinem
2213 5521 2317 5575 per
2351 5503 2645 5574 baptisma
2673 5520 2741 5558 ex
2774 5503 3021 5559 scientia
3052 5508 3110 5557 et
3141 5502 3355 5556 virtute
3393 5499 3465 5553 ad
3489 5513 3620 5568 per-

1976 5595 2284 5650 fectionem
2314 5592 2767 5663 pervenire,htec
2797 5593 2869 5649 de
2899 5591 3003 5648 illa
3033 5592 3104 5647 ad
3130 5602 3414 5663 sponsum
3445 5583 3621 5641 verba

3219 5718 3296 5775 22
