4042 6198
420 339 538 403 683

1751 333 2180 397 MICHAELIS
2226 336 2493 398 PSELLl

3708 340 3834 400 684

418 475 595 533 facit:
624 478 798 532 Soror
814 478 1009 528 nostra
1034 487 1230 544 parva,
1260 477 1315 529 et
1332 474 1501 528 ubera
1528 488 1640 529 non
1664 472 1867 539 habet.
1922 473 2049 537 Qua!

2170 471 2372 527 αὐτόν’
2436 474 2499 528 Ἡ
2555 471 2767 551 ἀδελφή
2827 475 2987 545 ἡμῶν
3053 474 3224 549 μικρὰ
3277 475 3367 529 καὶ
3430 476 3666 550 μαστοὺς
3728 479 3835 533 οὐκ

417 571 639 622 naturis
662 561 1053 620 similitudine
1083 578 1248 617 soror
1294 565 1386 617 est
1438 565 1660 627 nostra,
1718 560 2061 627 multitudo,

420 671 597 727 parva
643 652 836 707 adhuc
885 653 975 705 est
1029 653 1265 721 propter
1320 648 1769 717 inﬁdelitatem;
1830 652 1888 703 et
1932 648 2063 702 ideo

417 744 673 799 rationes
703 745 762 797 et
791 754 984 795 mores
1001 738 1100 807 qui
1132 755 1165 792 a
1193 743 1249 792 te
1280 754 1496 809 sponso
1548 743 1829 810 tanquam
1881 736 2063 791 ubera

416 832 791 895 exhibentur,
823 832 887 882 ut
916 825 1169 882 salutem
1194 842 1362 881 suam
1414 842 1483 881 ex
1529 825 1651 882 illis
1698 831 1892 897 sugat,
1945 841 2060 880 non

416 922 612 976 habet.
644 920 707 974 Et
735 917 864 990 quid
881 917 1152 986 faciemus
1173 917 1356 972 sorori
1381 920 1597 973 nostra:
1626 918 1685 971 in
1730 916 1821 971 die
1859 917 1920 970 in
1955 931 2066 985 qua

413 1010 635 1066 verbum
652 1010 857 1078 facium
874 1005 1047 1076 fuerit
1078 1006 1135 1059 in
1173 1020 1240 1059 ea
1264 1004 1457 1069 .9Quid
1519 1006 1590 1061 de
1640 1004 1745 1061 hac
1789 1021 1921 1076 qua:
1956 1020 2061 1059 no-

415 1105 537 1155 stra
562 1114 728 1154 soror
757 1096 993 1162 dicitur,
1027 1111 1092 1150 eo
1124 1099 1389 1166 tempore
1446 1111 1712 1168 agemus,
1771 1111 1903 1150 cum
1960 1110 2063 1166 per

412 1189 586 1244 ﬁdem
611 1184 859 1257 accipiet
887 1182 1363 1256 praedicationem
1398 1184 1598 1239 tuam?
1633 1183 1694 1239 Si
1711 1199 1905 1239 murus
1958 1186 2059 1253 est,

406 1275 806 1347 eediﬁcabimus
848 1289 1017 1341 super
1061 1290 1183 1329 eam
1214 1273 1635 1345 propugnacula
1660 1278 1927 1342 argentea
1959 1290 1972 1328 :
2005 1278 2061 1328 et

405 1368 455 1422 si
482 1368 680 1423 ostium
721 1370 819 1433 est,
855 1362 1222 1418 describemus
1270 1378 1437 1434 super
1474 1362 1634 1417 illam
1682 1362 1925 1417 tabulam
1971 1376 2058 1416 ce-

406 1457 650 1512 drinam.
701 1453 762 1509 Si
816 1450 1097 1524 legalium
1151 1456 1579 1524 praeceptorum
1655 1451 2059 1507 observatione

406 1552 694 1617 tanquam
728 1558 936 1598 murus
974 1544 1271 1596 exstructa
1312 1545 1421 1611 est,
1469 1540 1839 1611 imponemus
1881 1556 2060 1611 super

408 1650 538 1691 eam
584 1630 763 1688 veluti
813 1627 1259 1703 propugnacula
1295 1632 1594 1701 argentea,
1651 1628 1948 1701 fulgentes
1996 1629 2055 1685 in

405 1722 581 1795 legali
606 1720 803 1776 littera
825 1718 1242 1792 mysteriorum
1261 1718 1706 1783 rationes.Quod
1731 1718 1781 1774 si
1802 1719 2058 1775 naturali

2171 555 2310 635 ἔχει·
2362 560 2557 635 είίτουν,
2611 564 2645 632 ἠ
2703 560 2793 617 διὰ
2821 563 2919 631 τήν
2949 560 3222 639 ὁμοφυίαν
3256 559 3465 633 ἀδελῶἠ
3496 567 3657 638 ἡμῶν
3691 587 3843 643 χρη-

2176 650 2470 722 ματίζουσα
2526 652 2739 722 πληθὺς
2811 651 3012 717 ἀτελὴς
3086 650 3164 706 ἔτι
3237 652 3327 707 διὰ
3397 655 3495 724 τήν
3567 656 3835 712 ἀπιστίαν

2173 738 2316 793 ἐστί·
2399 740 2489 795 καὶ
2566 738 2657 795 διὰ
2709 745 2872 797 τοῦτο
2928 740 3125 817 λόγους
3180 742 3270 795 καὶ
3325 743 3562 815 τρόπους
3621 746 3834 821 ἀρετῶν

2171 831 2647 907 προσφερομένους
2705 852 2789 885 σοι
2847 834 2927 901 τῷ
2978 830 3197 908 νυμφίῳ
3255 834 3344 886 οἷα
3388 833 3647 905 μαστοὺς,
3677 836 3751 889 ’ἐν’
3782 834 3839 889 ἐν

2169 916 2386 981 τούτοις
2440 918 2724 993 ἀπολαύσῃ
2750 925 2851 987 τῆς
2882 919 3157 993 σωτηρίας
3218 921 3412 989 αὐτῆς,
3445 923 3508 976 οὐ
3538 922 3827 993 κέκτηται.

2172 1005 2270 1060 Καὶ
2323 1008 2376 1061 τὶ
2433 1009 2753 1081 ποιήσωμεν
2812 1011 2881 1081 τῇ
2937 1005 3146 1087 ἀδελφῇ
3209 1012 3371 1082 ἡμῶν
3430 1009 3482 1065 έν
3551 1010 3735 1087 ἡμέρᾳ
3794 1012 3834 1087 ᾖ

2172 1094 2231 1148 ἃν
2291 1094 2512 1169 λαληοῇ
2571 1094 2621 1150 έν
2683 1095 2853 1169 αὐτῇς
2914 1094 3143 1167 Δηλαδὴ
3196 1098 3249 1152 τί
3283 1095 3706 1174 διαπραξώμεθα
3738 1100 3831 1155 ἐπὶ

2168 1187 2236 1257 τῇ
2296 1185 2559 1260 εἰρημένῃ
2620 1183 2829 1263 ἀδελφῇ
2887 1186 3048 1258 ήμῶν
3083 1184 3134 1240 έν
3193 1185 3240 1259 ᾧ
3268 1191 3448 1261 καιρῷ
3474 1187 3536 1243 τὸ
3569 1189 3662 1244 σὸν
3690 1190 3834 1244 κατᾶ

2169 1273 2349 1328 πίστιν
2424 1271 2779 1350 παραδέξεται
2855 1276 3168 1350 κήρυγμα;
3246 1277 3314 1330 Εἴ
3381 1278 3570 1353 τεῖχός
3643 1278 3829 1349 ἐστιν,

2169 1361 2611 1437 οἰκοδομήσομεν
2692 1364 2775 1418 ἐπ’
2853 1363 2990 1437 αὐτῇ
3075 1363 3325 1435 ἐπάλξεις
3398 1366 3663 1443 ἀργυρᾶς·
3732 1371 3826 1424 καὶ

2168 1458 2215 1507 εἴ
2300 1452 2434 1526 θύρα
2517 1453 2627 1508 ἐστὶ
2662 1497 2676 1521 ,
2766 1451 3135 1529 διαγράψομεν
3219 1455 3306 1510 ὑπ’
3392 1455 3558 1525 αὐτὴν
3634 1455 3830 1513 σανίδα

2166 1539 2439 1618 κεδρίνην.
2497 1546 2677 1612 ’Ἠτοι,
2733 1542 2821 1599 ἰὰν
2881 1543 2976 1617 μὲν
3171 1545 3361 1618 πράξει
3417 1550 3524 1601 τῶν
3570 1552 3830 1620 νομικῶν

2167 1628 2402 1685 ἐντολῶν
2477 1629 2855 1705 ὠκοδόμηται,
2928 1631 3084 1703 δίκην
3151 1632 3419 1709 τείχους,
3485 1633 3828 1711 ἐπιθήσομεν

2167 1717 2249 1773 ἐπ’
2306 1720 2476 1790 αὐτὴν
2528 1720 2710 1797 ὥσπερ
2769 1718 3017 1792 ἐπάλξεις
3072 1722 3309 1798 ἀργυρᾶς
3365 1722 3491 1786 τοὺς
3522 1722 3831 1800 τηλαυγεῖς

408 1808 899 1882 contemplatione
929 1823 1032 1880 per
1061 1823 1298 1863 sensum
1358 1811 1560 1880 aperta
1607 1811 1716 1880 est,
1775 1812 2049 1880 tanquam

2164 1808 2300 1863 κατὰ
2341 1813 2538 1885 γνῶσιν
2597 1808 2797 1886 λόγους
2852 1815 2961 1865 τῶν
3019 1811 3073 1865 έν
3129 1816 3206 1883 τῷ
3264 1816 3477 1886 νομικῷ
3529 1814 3821 1889 γράμματι

2280 1892 2368 1914 nu
2546 1898 2632 1914 ,ης
2728 1895 2770 1914 ει.
2874 1901 2901 1913 ..
3040 1900 3053 1914 .
3143 1898 3164 1914 ι
3198 1901 3222 1914 ..
3556 1906 3584 1914 -
3619 1904 3644 1914 ..
3778 1905 3790 1914 .

410 1906 579 1974 porta
607 1897 964 1971 cognitionis
1013 1897 1238 1953 aditum
1298 1897 1674 1969 patefaciens,
1734 1898 2057 1955 formemus

410 1988 470 2043 in
501 2004 569 2043 ea
598 1987 769 2059 quasi
795 1984 1056 2041 tabulam
1080 1985 1667 2054 cedrinam,mentem
1700 2002 1829 2057 quea
1847 2000 2056 2042 sensus

409 2076 720 2135 contrahat
748 2076 1144 2147 imperfectos,
1173 2091 1421 2147 quisque
1450 2076 1624 2131 ﬁdem
1665 2091 1734 2130 ex
1779 2074 2057 2146 operibus

408 2167 722 2238 perfectam
754 2164 986 2232 habeat,
1009 2168 1067 2219 et
1096 2162 1291 2236 gladio
1340 2163 1583 2233 spiritus
1630 2168 1897 2237 amputet
1925 2168 2053 2219 tum

404 2255 586 2312 falsas
644 2270 850 2310 omnes
914 2253 1248 2326 opiniones,
1306 2256 1436 2308 tum
1502 2253 1738 2309 virtutis
1791 2253 2054 2309 defectus

405 2349 581 2417 atque
603 2359 919 2410 excessus;
950 2343 1167 2414 quibus
1198 2358 1268 2398 ex
1307 2342 1484 2398 rebus
1525 2342 1941 2415 perfectionem
1992 2342 2053 2397 in

404 2440 461 2491 te
490 2432 647 2502 huic,
681 2449 856 2505 quam
879 2432 1019 2500 dixi,
1048 2431 1442 2488 multitudini.
1475 2435 1539 2488 tu
1570 2432 1810 2504 quidem
1842 2431 2053 2504 largie-

406 2523 489 2580 ris
522 2538 535 2579 :
569 2538 676 2596 ego
706 2526 906 2579 autem
940 2520 1310 2577 ministrabo.

996 2717 1182 2772 Trium
1206 2720 1456 2773 Patrum.

481 2826 795 2886 Multitudo
818 2841 885 2882 ex
913 2824 1133 2881 Judaais
1164 2824 1236 2879 ad
1284 2823 1460 2880 ﬁdem
1516 2828 1740 2893 vocata,
1791 2841 1923 2880 cum
1984 2825 2055 2881 de

408 2936 471 2975 se
490 2918 665 2976 verba
692 2914 794 2971 illa
832 2914 1032 2987 (Ubera
1060 2928 1173 2969 non
1219 2912 1437 2981 habeat,
1470 2917 1527 2969 et
1558 2930 1571 2969 :
1630 2914 1700 2969 Si
1727 2929 1919 2968 murus
1951 2913 2051 2984 est)

407 3027 441 3066 a
472 3006 755 3080 magistra
784 3020 1004 3077 sponsa
1033 3002 1147 3058 dici
1179 3002 1711 3072 animadvertisset,
1726 3002 1799 3058 ad
1833 3006 2055 3057 utrum-

407 3113 523 3170 que
584 3095 946 3168 respondens
995 3091 1361 3163 jactabunda
1411 3091 1869 3163 quodammodo,
1921 3093 2049 3163 Ego,

2167 1892 2483 1970 συμϐόλων.
2545 1898 2667 1955 Ἐὰν
2724 1895 2781 1952 δὲ
2838 1901 2905 1973 τῇ
2937 1900 3053 1953 κατ’
3104 1898 3351 1970 αἴσθησιν
3386 1906 3585 1976 φυσικῇ
3617 1904 3826 1978 Θεωρία

2164 1985 2438 2057 ἤνοικταν
2501 1990 2589 2043 οἷα
2646 1987 2940 2064 εἷ’σαγωγὸς
2972 1990 3226 2064 γνώσεως
3287 1990 3440 2066 θύρα,
3488 1989 3826 2071 διαμορφῶ-

2167 2098 2260 2151 μεν
2322 2077 2373 2132 έν
2420 2078 2556 2151 αὐτῇ
2615 2078 2780 2134 οίονεὶ
2840 2076 3027 2133 σανίδα
3081 2077 3355 2156 κεδρίνην,
3404 2082 3505 2149 τήν
3535 2082 3630 2143 τὰς
3665 2104 3826 2158 μερι-

2167 2166 2362 2237 ζούσας
2425 2168 2515 2222 τὸν
2584 2172 2708 2222 νοῦν
2772 2168 3052 2238 αἰσθήσεις
3129 2169 3545 2247 συσφίγγουσαν,
3615 2172 3710 2226 καὶ
3774 2172 3827 2243 ἐξ

2162 2253 2331 2332 ἔργων
2358 2257 2456 2325 τὴν
2493 2251 2782 2333 βεϐαίωσιν
2839 2254 3071 2332 ἔχουσαν
3129 2257 3311 2313 πίστιν
3353 2254 3830 2332 ἀποϐαλλομένην

2158 2349 2228 2419 τῇ
2285 2345 2529 2421 μαχαίρᾳ
2578 2349 2674 2400 τοῦ
2731 2345 3059 2419 πνεύματος,
3116 2350 3288 2401 πᾶσαν
3346 2368 3404 2402 τε
3432 2345 3586 2419 δόξαν
3635 2347 3819 2424 ψευδῆ

2160 2435 2250 2491 καὶ
2283 2436 2475 2511 ἀρετῆς
2506 2433 2753 2510 ἔλλειψιν
2782 2434 2872 2491 καὶ
2909 2430 3243 2510 ὑπερϐολήν.
3300 2437 3597 2502 Κὼτεῦθεν
3625 2441 3733 2509 τήν
3763 2439 3818 2495 ἐν

2163 2525 2249 2580 σοὶ
2278 2521 2595 2595 τελειότητα
2624 2524 2787 2589 αὐτὸς
2818 2525 2912 2599 μὶν
2939 2528 3008 2600 τῇ
3032 2524 3291 2601 εἲρημένῃ
3319 2524 3533 2597 πληθύϊ
3561 2524 3827 2604 δωρήσῃ·

2162 2612 2268 2689 ἐγὼ
2298 2611 2347 2669 δ’
2376 2613 2729 2691 ὑπουργήσω.

2718 2724 2838 2776 Τῶν
2885 2721 2934 2796 γ’
2978 2721 3250 2797 Πατέρων.
3284 2788 3301 2799 _

2233 2826 2381 2881 Ἐπεὶ
2412 2824 2469 2881 δὲ
2497 2824 2700 2896 ἤκουσε
2743 2832 2851 2884 τῶν
2894 2834 2994 2897 τῆς
3044 2824 3373 2883 διδασκάλου
3430 2828 3656 2909 νύμφης
3721 2832 3826 2908 ῥη-

2166 2917 2345 2987 μάτων
2418 2916 2452 2986 ἠ
2529 2915 2578 2990 ἐξ
2640 2913 2918 2971 Ἰουδαίων
2975 2916 3051 2979 τίς
3109 2918 3289 2973 πίστιν
3344 2920 3819 2993 προσκαλουμένη

2162 3002 2452 3078 ὁμήγυρις,
2511 3004 2592 3057 ὅτι
2656 3023 2715 3058 τε
2796 3002 3051 3066 Macrob:
3102 3003 3200 3059 ούκ
3255 3001 3393 3080 ἔχει,
3453 3006 3544 3060 καὶ
3598 3008 3691 3080 τὸ,
3756 3009 3823 3066 Εἰ

2158 3090 2345 3166 τεῖχός
2399 3090 2531 3160 ἐστι,
2588 3091 2712 3164 περὶ
2766 3093 2937 3163 αὐτῆς
2982 3091 3292 3167 εἰρημένον,
3342 3094 3479 3170 πρὸς
3528 3095 3825 3173 ἀμφότερα

406 3185 620 3258 inquit,
650 3198 881 3245 murus;
900 3190 953 3238 ει
997 3182 1164 3238 ubera
1209 3197 1333 3236 mea
1388 3181 1533 3237 sicut
1580 3185 1774 3235 turres.
1846 3179 2049 3235 Murus

658 3289 663 3290 ,
774 3272 787 3290 I
836 3288 895 3290 Ὗ-
970 3287 1025 3290 AM
1070 3269 1348 3290 !__A_ISA_'_
1406 3269 1641 3290 --_ﬂ-a-
1711 3268 2019 3290 .___IAZA___I_

2163 3179 2327 3234 ταῦτα
2394 3182 2492 3250 τὴν
2571 3181 2853 3255 ἀπόκρισιν
2930 3182 3259 3255 ποιουμένη,
3327 3183 3528 3259 φησὶν,
3616 3185 3822 3242 ὡσανεὶ

2170 3265 2193 3290 9
2379 3274 2404 3284 ~
2458 3288 2467 3290 _
2530 3271 2587 3290 an
2635 3270 2650 3289 \
2784 3276 2805 3285 -ι
3028 3271 3043 3290 \
3281 3270 3292 3290 ι
3493 3272 3508 3290 ι
3639 3274 3654 3290 1

405 3292 541 3331 sum
570 3289 676 3346 ego
734 3272 905 3345 plane
961 3287 1031 3327 ex
1068 3269 1351 3326 Israelitis
1400 3269 1651 3325 conﬂata
1711 3268 2050 3336 multitudo,

410 3370 609 3437 utpole
665 3361 1019 3419 exaediﬁcata
1068 3358 1343 3433 legalium
1401 3359 1817 3415 mandatorum
1883 3358 2058 3414 disci-

410 3454 608 3526 plina;
642 3450 813 3524 quale
842 3454 933 3506 est
961 3448 1106 3504 illud
1132 3465 1145 3504 :
1171 3449 1287 3504 Non
1318 3448 1671 3505 mwchaberis
1711 3448 1779 3519 ⁸¹,
1811 3451 1870 3503 et
1918 3448 2054 3503 reli-

413 3560 550 3617 qua.
609 3542 894 3599 Turribus
970 3545 1165 3596 autem
1240 3540 1514 3596 videntur
1576 3540 1800 3597 similes
1854 3540 2054 3612 figura;

411 3639 471 3691 et
495 3638 643 3689 nota:
676 3631 786 3686 illae
817 3628 1023 3702 legalis
1055 3628 1281 3698 litteris,
1316 3646 1443 3701 quas
1467 3630 1611 3685 mihi
1635 3630 1902 3693 iubarum
1938 3630 2056 3685 ins-

402 3726 498 3777 tar
526 3721 723 3777 cibum
754 3718 1086 3774 infantibus
1115 3722 1173 3773 et
1201 3718 1448 3774 rudibus
1505 3718 1834 3774 nutriendis
1875 3723 2053 3791 atque

402 3809 742 3866 imbuendis
786 3808 1063 3864 idoneum
1113 3806 1608 3863 subministrant:
1660 3823 1870 3878 meque
1913 3824 2049 3880 gen-

396 3899 548 3955 tium
632 3897 898 3954 moribus
981 3894 1498 3968 inexpugnabilem
1574 3896 1934 3951 custodiunt.
1980 3898 2049 3952 Et

395 3989 551 4045 enim
583 4004 682 4060 ego
709 3987 801 4059 fui
830 3987 887 4041 in
917 3985 1087 4042 oculis
1113 3985 1252 4057 ejus,
1300 3987 1462 4056 quasi
1510 3988 1785 4057 reperiens
1830 4002 2042 4056 pacem.

393 4080 513 4151 Ego
554 4078 811 4151 profecto
868 4074 1202 4131 visitatione
1259 4074 1458 4129 divina
1515 4074 1695 4146 digna
1742 4076 2041 4145 quondam

2166 3265 2468 3324 δεικτικῶς·
2530 3270 2667 3345 Ἐγὼ
2722 3276 2931 3346 τεῖχος,
2957 3271 3044 3325 καὶ
3099 3270 3292 3343 μαστοί
3324 3293 3430 3345 μου
3477 3272 3554 3337 ὡς
3582 3274 3817 3350 πύργοι·

2164 3357 2377 3420 πάντως
2423 3359 2458 3428 ἠ
2517 3358 2565 3432 ἐξ
2610 3358 2829 3436 Ἰσραὴλ
2873 3364 3062 3435 τεῖχος
3113 3359 3207 3433 μέν
3242 3359 3354 3433 εἰμι
3399 3361 3474 3426 ὡς
3515 3360 3822 3437 ᾠκοδομη-

2168 3449 2302 3521 μένη
2349 3452 2419 3522 τῇ
2468 3444 2790 3520 διδασκαλίᾳ
2819 3452 2928 3503 τῶν
2956 3453 3198 3522 νομικῶν
3249 3447 3509 3520 ἐντολῶν,
3541 3456 3680 3522 τῶν,
3737 3453 3820 3511 Ού

2168 3536 2520 3612 μοιχεύσεις’
2586 3537 2677 3592 καὶ
2744 3538 2810 3593 τὰ
2869 3538 3020 3607 ἑξῆς.
3080 3536 3314 3615 Πύργοις
3371 3536 3428 3594 δὲ
3477 3538 3689 3596 ἐοίκασι
3748 3543 3821 3597 τὰ

2164 3622 2320 3695 δίκην
2374 3630 2591 3698 μαστῶν
2639 3623 2893 3696 νηπιώδη
2941 3627 3148 3705 τροφὴν
3196 3627 3286 3681 καὶ
3316 3627 3679 3704 εἰσαγωγικήν
3716 3652 3817 3705 μοι

2161 3713 2459 3787 κομίζοντα
2527 3709 2781 3788 σύμϐολα
2844 3719 2940 3769 τοῦ
3018 3719 3248 3787 νομικοῦ
3302 3714 3664 3792 γράμματος·
3736 3720 3815 3782 ὡς

2160 3803 2467 3879 ἅπορθητόν
2525 3825 2591 3878 με
2637 3800 3123 3881 παραφυλάττοντα
3187 3810 3304 3867 τοῖς
3353 3805 3587 3870 ἐθνικοῖς
3638 3805 3814 3866 ἔθεσι.

2159 3892 2261 3949 Καὶ
2318 3894 2424 3969 γαρ
2484 3892 2588 3968 ἐγὼ
2626 3890 2777 3967 ἤμην
2845 3892 2899 3946 ἒν
2948 3892 3256 3971 ὀφθαλμοῖς
3313 3893 3476 3949 αὐτοῦ
3535 3896 3610 3956 ὡς
3660 3896 3813 3973 εὑρί-

2154 4003 2357 4037 σκουοα
2416 3982 2657 4058 εἰρήνην.
2720 3984 2947 4056 Ἢγουν,
2997 3983 3130 4052 αύτή
3186 4003 3318 4037 ποτε
3377 3984 3629 4059 ὑπῆρχον
3686 3984 3812 4040 ἑπι-

2155 4079 2363 4142 σκοπῆς
2421 4074 2565 4136 θείας
2616 4070 2935 4144 ἀξιουμένη,
2982 4072 3073 4126 καὶ
3126 4069 3219 4126 κᾶν
3282 4074 3358 4144 μὴ
3387 4073 3509 4126 τότε
3538 4071 3810 4147 ἐγνώκειν

389 4168 495 4224 fui.
543 4171 616 4223 Ac
676 4164 915 4222 tametsi
971 4179 1163 4219 veram
1214 4179 1415 4234 pacem
1463 4180 1570 4219 nos
1607 4163 1836 4235 proprio
1891 4163 2043 4236 patri

2163 4162 2240 4216 τὸν
2294 4159 2705 4231 καταλλάξαντα
2753 4162 2901 4234 ἡμᾶς
2961 4165 3043 4233 τῷ
3073 4158 3197 4235 ἰδίῳ
3245 4161 3407 4235 πατρὶ
3463 4162 3564 4231 τὴν
3600 4160 3813 4233 ἀληθι-

387 4257 864 4315 reconciliantem
897 4270 1015 4309 non
1058 4252 1285 4325 agnovi,
1309 4269 1438 4308 eam
1468 4259 1662 4308 tamen
1685 4269 1789 4325 per
1818 4254 2041 4325 figuras

2163 4252 2245 4320 μὴν
2294 4251 2538 4326 εῗρήνην,
2600 4247 2728 4305 ἀλλ’
2782 4248 2933 4323 ὅμως
2991 4249 3191 4320 ταύτην
3238 4249 3375 4305 κατά
3426 4248 3554 4313 τους
3591 4249 3813 4307 τύπους

385 4350 446 4404 in
481 4346 781 4421 prophetis
815 4344 1251 4401 didiceram.Ad
1283 4343 1433 4399 hanc
1464 4360 1703 4416 sponsa,
1728 4344 1812 4399 uti
1858 4343 2040 4415 magi-

2149 4338 2200 4395 ἐν
2249 4346 2365 4402 τοῖς
2421 4340 2727 4416 προφήταις
2776 4338 3039 4413 έγνωκυῖα
3089 4337 3410 4415 ἐτύγχανον,
3469 4340 3613 4413 Πρὸς
3667 4341 3814 4396 ταύ-

383 4442 544 4494 stra:
575 4436 749 4505 Quid,
774 4434 989 4507 inquit,
1013 4432 1182 4503 :mibi
1214 4437 1409 4489 vetera
1457 4432 1758 4505 ’proponis
1788 4431 1811 4486 ?
1871 4434 2037 4490 Vinea

2163 4451 2245 4499 την
2277 4426 2334 4484 δὲ
2365 4425 2765 4490 διδασκαλικῶς
2795 4429 2829 4498 ἠ
2862 4426 3048 4506 νύμφη
3092 4428 3245 4505 φησὶ,
3278 4427 3347 4485 Τί
3379 4448 3469 4501 μοι
3501 4423 3816 4505 προϐάλλῃ

377 4527 495 4595 fuit
520 4525 805 4580 Salomoni
823 4526 880 4578 in
912 4522 1251 4579 Beelamon:
1286 4520 1576 4593 spiritalis
1607 4521 1837 4577 scilicet
1868 4520 2034 4594 plan-

2163 4520 2207 4573 τὰ
2253 4518 2497 4586 παλαιάς
2557 4516 2853 4592 Ἀμπελὼν
2898 4515 3127 4593 ἐγενήθη
3159 4521 3238 4589 τῷ
3271 4515 3545 4589 Σολομὼν
3578 4516 3629 4571 ἰν
3671 4520 3812 4576 Βεε-

379 4614 524 4670 tatio
576 4612 839 4669 ﬁdelium
880 4610 1137 4667 Ecclesia
1184 4610 1337 4666 facta
1388 4614 1479 4666 est
1514 4612 1742 4682 paciﬁca
1796 4613 1917 4681 regi
1965 4612 2026 4665 in

2163 4610 2346 4682 .αμών·
2404 4605 2617 4678 δηλαδή
2651 4608 2990 4680 πνευματική
3039 4606 3232 4685 φυτεία
3276 4612 3378 4675 τῆς
3424 4610 3531 4661 τῶν
3581 4615 3808 4665 πιστῶν

374 4704 734 4761 multitudine
755 4703 1043 4772 gentium:
1078 4701 1135 4757 id
1164 4701 1319 4757 enim
1350 4700 1641 4771 significat
1687 4700 2018 4757 Beelamon.

2163 4696 2463 4767 ἐκκλησίας
2538 4698 2726 4774 γέγονε
2790 4700 2869 4769 τῷ
2926 4694 3190 4771 εἲρηνικῷ
3264 4693 3480 4770 βασιλεῖ
3531 4694 3585 4751 ἒν
3644 4696 3810 4769 πλήο

376 4793 627 4850 Tradidit
655 4794 874 4848 vineam
912 4790 1258 4847 custodibus:
1319 4790 1377 4845 id
1417 4795 1525 4855 est,
1581 4791 1876 4846 commisit
1925 4791 2023 4846 Ec-

374 4882 614 4939 clesiam
639 4879 919 4952 apostolis
940 4884 998 4935 et
1027 4877 1368 4935 doctoribus
1397 4878 1495 4950 qui
1544 4878 1855 4950 vigilanter
1892 4895 2020 4934 cus-

370 4970 606 5027 todiunt
634 4984 863 5038 eam,ne
892 4967 1061 5023 variae
1093 4967 1374 5024 adversus
1415 4965 1577 5021 illam
1637 4965 1890 5023 haereses
1934 4966 2019 5022 in-

365 5063 673 5129 surgentes
696 5073 826 5112 eam
873 5061 1128 5125 vastant,
1162 5060 1338 5127 atque
1370 5055 1659 5111 unitatem
1719 5056 1907 5128 ipsius
1957 5056 2016 5111 in

364 5150 626 5205 diversas
675 5153 875 5205 secent
914 5147 1243 5219 Opiniones.
1300 5146 1391 5201 Vir
1436 5146 1624 5218 afferet
1666 5163 1767 5217 pro
1828 5150 2016 5218 fructu

358 5238 475 5308 eius
504 5238 660 5293 mille
686 5238 998 5308 argenteos.
1036 5235 1091 5290 Is
1154 5233 1439 5289 nimirum
1498 5234 1599 5305 qui
1648 5250 1717 5288 ex
1771 5251 2014 5289 numero

2132 4787 2211 4840 θει
2295 4785 2483 4850 ἐθνῶν·
2559 4786 2691 4859 ὅπερ
2763 4786 2825 4839 τὸ
2901 4782 3195 4859 Βεελαμὼν
3260 4788 3513 4860 παριστᾷ.
3575 4782 3809 4844 Ἔδωκε

2127 4876 2217 4930 τὸν
2294 4873 2595 4947 ἀμπελῶνα
2671 4879 2789 4937 τοῖς
2878 4878 3166 4951 τηροῦσιν.
3246 4872 3461 4943 Ε’ίτουν,
3539 4877 3805 4952 παρέσχε

2126 4966 2226 5034 τήν
2297 4963 2622 5035 Ἐκκλησίαν
2691 4962 3023 5026 ἀποστόλοις
3093 4965 3183 5019 καὶ
3243 4959 3614 5033 διδασκάλοις,
3676 4972 3803 5029 τοῖς

2128 5054 2439 5131 ἐγρηγόρως
2467 5052 2830 5133 φυλάττουσιν
2893 5052 3082 5122 αὐτὴν,
3135 5050 3227 5106 τίνα
3256 5052 3332 5125 μὴ
3367 5052 3421 5106 αἱ
3469 5052 3585 5107 κάτ’
3612 5053 3802 5124 αὐτῆς

2128 5143 2537 5219 ἐπεγειρόμεναι
2594 5138 2922 5204 πολυειδεῖς
2996 5141 3227 5217 αἱρέσεις
3282 5140 3483 5211 ταύτην
3541 5142 3799 5199 καταλυ-

2128 5235 2428 5305 μήνωνται’
2488 5234 2586 5302 τήν
2645 5231 2872 5302 ἑνότητα
2916 5232 3088 5301 αὐτῆς
3120 5230 3195 5292 είς
3224 5227 3400 5291 ἄλλας
3424 5227 3581 5301 δόξας
3611 5253 3794 5288 κατα-

359 5326 776 5400 perl‘ectorum,
803 5322 1114 5380 destructis
1137 5339 1263 5395 quae
1305 5325 1468 5377 erant
1503 5321 1729 5393 parvuli
1780 5321 1841 5378 in
1883 5324 2016 5379 ali'e-

2163 5321 2432 5397 .ερίσασαι.
2512 5324 2680 5397 Ἀνὴρ
2750 5319 2883 5376 ο¹ίσει
2959 5319 3011 5375 ἐν
3084 5323 3277 5396 καρπῷ
3332 5318 3496 5374 αὐτοῦ
3556 5317 3794 5395 χιλίους

355 5416 536 5471 rendo
559 5414 690 5471 his:
720 5415 791 5469 ab
825 5409 1225 5467 initiatoribus
1256 5409 1507 5481 spiritali
1557 5410 1823 5468 Ecclesiae
1864 5413 2014 5469 fruc-

2163 5411 2430 5487 ργυρίους.
2492 5409 2759 5482 Δηλονότι
2837 5408 2897 5471 ὅς
2962 5414 3069 5464 τῶν
3123 5407 3467 5481 τελουμένων
3526 5429 3795 5483 κατ-ηρ...

352 5503 825 5577 ctu,purgatione
848 5500 1073 5557 scilicet
1101 5505 1160 5555 et
1189 5499 1570 5571 perfectione,
1593 5499 1705 5556 fert
1727 5506 2011 5575 tanquam

2163 5499 2187 5554 Ξι
2242 5504 2339 5555 τοῦ
2368 5500 2569 5571 νηπίου
2600 5498 2652 5554 ἐν
2692 5502 2771 5570 τῷ
2818 5497 3217 5576 προφερομένῳ
3255 5495 3469 5558 τούτοις
3499 5498 3645 5568 παρά
3674 5503 3791 5552 τῶν

422 5680 465 5715 ⁸¹
507 5679 687 5735 Exod.
725 5696 817 5733 xx.
