4042 6198
210 313 305 374 685

211 532 425 607 καθάρσει
480 527 626 607 φημὶ
685 526 775 582 καὶ
818 529 887 600 τῇ
943 525 1246 607 τελειώσει,
1280 523 1562 598 κομίζεται
1602 524 1687 579 οἷα
1717 544 1818 600 περ

209 604 396 698 χιλίους
446 604 739 692 ἀργυρίους
795 615 894 684 τήν
957 604 1046 669 διᾶ
1093 613 1469 690 καθαρότητος
1508 615 1599 668 καὶ
1651 634 1818 691 φωτι-

208 714 325 784 σμοῦ
365 705 701 774 τελειότητα,
756 704 1024 768 Ἀκούσας
1080 701 1137 758 δὲ
1194 705 1221 757 6
1269 703 1499 781 νυμφίος
1536 710 1634 773 τῆς
1683 703 1820 775 νύμο

210 822 315 879 ρης,
364 795 479 873 περῖ
541 794 707 850 αὐτοῦ
791 793 927 869 πρὸς
1003 793 1098 856 τὰς
1153 791 1598 866 μαθητευομίνας
1680 793 1819 864 αὐτῇ

209 886 460 961 λεγούσης,
518 886 601 939 δτι
656 880 824 938 ἔδωκε
894 883 984 938 τὸν
1034 880 1332 955 ἀμπελῶνα
1374 886 1493 943 τοῖς
1538 885 1821 957 τηροῦσιν,

206 977 280 1032 ’ἱνα
306 977 373 1047 μή
412 972 636 1044 δόξωσιν
668 974 720 1027 οἱ
768 970 1058 1033 ἀκούοντες
1099 970 1453 1048 ἀφεστηκέναι
1501 975 1691 1024 τοῦτον
1724 976 1823 1038 τῆς

206 1071 285 1121 τοῦ
328 1061 649 1136 ἀμπελῶνος
696 1059 1037 1134 ἐπιμελείας,
1086 1058 1219 1138 φησὲ
1255 1060 1392 1134 πρὸς
1443 1059 1609 1131 αὐτήν
1643 1079 1654 1091 ·
1690 1060 1825 1131 Ἀμ-

208 1152 346 1215 πιλός
405 1173 509 1225 μου
566 1150 699 1225 ἐμὸς
769 1149 999 1205 ἐνώπιόν
1070 1170 1198 1222 μου.
1252 1150 1478 1224 ”Ηγουν,
1532 1147 1627 1204 κᾶν
1676 1167 1822 1209 τινας

208 1242 417 1318 φύλακας
453 1248 558 1311 τῆς
605 1237 932 1308 Ἐκκλησίας
989 1240 1309 1310 κατέστησα,
1356 1236 1503 1293 ἀλλὰ
1551 1234 1825 1307 Δεσπότης

206 1332 374 1401 ταύτης
401 1330 507 1406 ἐγὼ
554 1331 643 1385 καὶ
692 1328 963 1407 Νυμφίος,
995 1328 1085 1383 καὶ
1115 1331 1151 1397 ἡ
1190 1327 1398 1382 τούτων
1428 1323 1638 1395 σπουδὴ
1672 1324 1722 1380 ἂν
1753 1329 1823 1399 τῇ

205 1422 293 1495 ipa]
320 1420 584 1495 ἐπισκοπῇ
613 1418 792 1494 ἰσχύει
826 1438 838 1450 ο
878 1418 928 1472 εἴ
975 1419 1050 1491 μὴ
1104 1418 1204 1494 γὰρ
1251 1416 1361 1492 ἐγὼ
1410 1414 1688 1493 φυλάσσω,
1748 1414 1823 1475 εἷς

210 1514 355 1584 μάτην
419 1510 772 1586 ἧγρῦπνησεν
825 1509 853 1563 6
911 1506 1223 1575 φυλάσσων.
1280 1508 1344 1564 ἸΙ
1376 1504 1435 1561 δὲ
1464 1506 1668 1583 Νύμφη
1702 1506 1823 1560 ἀντ·-

206 1600 574 1676 αποκρινομένη
606 1598 743 1675 πρὸς
765 1598 859 1652 τὸν
882 1596 1160 1672 Νυμφίον,
1186 1593 1369 1675 φησίψ
1392 1596 1482 1669 (Ol.
1511 1593 1694 1671 χίλιοί
1718 1615 1824 1662 σοι,

208 1690 469 1762 Σολομὼν,
517 1688 608 1743 καὶ
660 1688 713 1741 οἱ
764 1684 1035 1742 διακόσιοι
1084 1706 1201 1747 τοις
1255 1689 1485 1760 τηροῦσι
1544 1685 1635 1740 τὸν
1692 1704 1827 1759 καρ-

1212 303 1623 366 ΟΟΜΜΕΝΤ.
1669 305 1748 365 ΙΝ
1794 304 2194 366 CANTICUM
2241 306 2552 367 CANTIC.

209 442 436 499 τελεστῶν
508 441 861 512 πνευματικῷ
922 443 1022 506 τῆς
1080 432 1408 503 Ἐκκλησίας
1475 439 1690 511 καρπῷ,
1737 437 1806 508 τῇ
1838 438 1891 503 Α
1923 434 2079 491 mille

3455 313 3576 374 686

2177 443 2481 508 argenteos
2561 439 2927 511 purgationis
3006 444 3182 514 atque
3266 442 3568 503 illumina-

1928 525 2108 580 tionis
2188 526 2648 597 perfectionem.
2726 530 2981 585 Audiens
3085 547 3221 586 vero
3306 534 3573 605 Sponsus

1930 615 2218 686 Sponsam
2252 617 2322 671 de
2364 632 2426 672 se
2456 616 2862 689 discipulabus
2908 619 3032 675 suis
3080 618 3393 692 dicentem,
3427 625 3581 694 quod

1928 704 2272 760 tradidisset
2314 704 2542 761 vineam
2595 708 2977 776 custodibus;
3012 726 3084 765 ne
3115 709 3263 765 forte
3311 715 3587 782 putarent

1932 794 2031 866 qui
2085 795 2422 864 audiebant,
2457 796 2790 852 deseruisse
2821 797 2989 853 illum
3024 798 3203 853 vineas
3250 815 3475 870 curam,
3509 801 3589 857 ait

1932 883 2005 938 ad
2035 899 2162 938 eam
2194 901 2208 939 :
2250 885 2412 940 Vinea
2442 900 2563 939 mea
2591 887 2733 940 mihi
2762 902 2948 942 coram
2978 903 3083 944 me.
3110 886 3174 943 Id
3206 892 3316 959 est,
3349 890 3587 945 tametsi

1932 974 2221 1043 quosdam
2255 974 2529 1029 custodes
2569 975 2839 1031 Ecclesiae
2888 976 3153 1043 adhibui,
3185 982 3444 1035 attamen
3474 979 3589 1035 Do—

1935 1062 2134 1118 minus
2181 1063 2310 1132 ejus
2366 1063 2491 1134 ipse
2548 1080 2681 1118 sum
2733 1069 2910 1136 atque
2960 1065 3256 1137 Sponsus;
3290 1071 3347 1122 et
3375 1066 3587 1124 horum

1934 1150 2271 1206 sollicitudo
2331 1166 2433 1222 per
2489 1168 2682 1208 meam
2723 1152 2882 1226 viget
2930 1153 3220 1211 tutelam:
3256 1155 3370 1211 nisi
3430 1157 3587 1212 enim

1933 1256 2039 1312 ego
2088 1240 2436 1309 custodiero,
2474 1241 2692 1297 frustra
2742 1242 2944 1315 vigilat
2991 1244 3086 1314 qui
3141 1245 3400 1301 custodit
3421 1246 3484 1298 ⁸³.
3518 1249 3591 1301 At

1933 1335 2162 1403 Sponsa
2192 1330 2453 1387 vicissim
2481 1335 2848 1404 respondens
2869 1335 2940 1389 ad
2971 1338 3265 1407 Sponsum
3299 1335 3416 1392 ait:
3443 1337 3590 1393 Mille

1935 1423 2039 1484 tui,
2072 1421 2359 1483 Salomon;
2388 1430 2442 1478 et
2478 1423 2701 1479 ducenti
2744 1425 2816 1479 iis
2864 1425 2960 1496 qui
3005 1425 3319 1481 custodiunt
3348 1429 3592 1499 [ructum

1933 1512 2067 1580 eius.
2101 1509 2385 1566 Videlicet
2418 1529 2431 1567 :
2468 1512 2745 1585 perfectio
2776 1514 3015 1585 quidem
3050 1531 3268 1571 munus
3300 1520 3390 1571 est
3419 1520 3592 1572 tuum

1936 1599 2037 1670 qui
2082 1600 2368 1671 perfectos
2401 1601 2610 1669 efﬁcis,
2643 1618 2674 1657 ο
2708 1604 2946 1673 pacitice
2997 1620 3063 1659 ac
3111 1604 3273 1675 pacis
3322 1604 3594 1661 concilia-

1937 1694 2078 1745 tor:
2114 1690 2401 1745 revocatio
2443 1695 2642 1747 autem
2693 1696 2903 1748 nostra;
2962 1697 3184 1749 naturas
3244 1695 3315 1749 ad
3372 1697 3594 1749 statum

206 1779 287 1833 πὸν
318 1778 469 1833 αὖτοῦ
505 1797 518 1808 ·
554 1775 703 1846 ἤτοι,
754 1777 789 1845 ἡ
847 1776 943 1848 μὲν
1003 1773 1287 1845 τελειότης
1338 1795 1433 1828 σου
1481 1778 1577 1827 τοῦ
1598 1771 1822 1829 τελειω-

258 1872 279 1879 .-
311 1864 365 1879 ι..
425 1867 436 1879 ι
524 1865 538 1879 V
772 1864 791 1879 ὀ
963 1863 974 1879 1
1225 1863 1241 1879 \
1331 1862 1345 1879 Ω
1597 1862 1609 1879 1
1685 1864 1747 1879 εστ
1784 1859 1825 1879 ᾗ.

1946 1796 2115 1834 suum
2165 1779 2231 1834 ﬁt
2280 1795 2384 1852 per
2415 1782 2831 1837 mandatorum
2880 1787 3118 1839 tuorum
3169 1782 3597 1856 adimplemen-

204 1872 284 1921 τοῦ
309 1864 470 1942 δῶρόν
519 1865 688 1933 ἐστιν,
741 1863 981 1941 είρηνιοιὲ
1036 1884 1095 1918 τε
1152 1863 1243 1918 καὶ
1302 1862 1633 1939 εἷρηνοποιῦ.
1685 1864 1747 1919 Ἠ
1780 1859 1825 1917 δ’

207 1956 270 2018 εἰς
319 1956 501 2024 ἑαυτήν
555 1962 655 2025 τῆς
715 1953 927 2032 φύσεως
992 1956 1155 2026 ἡμῶν
1221 1953 1677 2024 ἀποκατάστασις,
1738 1950 1828 2006 διὰ

206 2054 288 2114 τῆς
330 2051 429 2101 τῶν
491 2050 599 2099 σῶν
667 2041 900 2099 ἐντολῶν
943 2042 1216 2119 ἐργασίας,
1266 2042 1409 2119 ἥπερ
1468 2042 1607 2097 ἐστὶν
1664 2043 1823 2115 ἡμῶν

207 2142 287 2205 τῆς
313 2133 633 2204 Ἐκκλησίας
666 2132 871 2208 καρπὸς
901 2139 1003 2201 τῆς
1034 2132 1173 2205 πρὸς
1196 2132 1497 2210 Νυμφίον.)

263 2223 352 2280 Καὶ
405 2225 432 2278 6
483 2224 797 2296 καθήμενος
858 2220 910 2275 ἐν
958 2223 1160 2291 κήποις
1232 2222 1459 2297 (ἑταῖροι
1518 2219 1829 2296 προσέχον-

204 2318 293 2386 τες)
316 2317 406 2384 τῆς
450 2321 640 2394 φωνῆς
700 2334 796 2368 σου
853 2312 1141 2366 ἀκούτισόν
1202 2332 1289 2385 με.
1350 2310 1519 2386 Φύγε,
1574 2308 1831 2388 ἀδελφιδέ

210 2426 318 2477 μου,
360 2404 446 2459 καὶ
512 2403 825 2475 ὀμοιώθητι
881 2405 951 2474 τῇ
1005 2398 1228 2477 δορκάδι
1288 2398 1324 2470 ἤ
1376 2405 1456 2473 τῷ
1508 2395 1685 2475 νεϐρῷ
1720 2405 1828 2457 τῶν

208 2493 393 2571 illius)»
422 2493 510 2549 ἐπὶ
545 2493 651 2567 ἀρὴ
683 2490 1011 2569 ἀρωμάτων.

264 2586 344 2656 Τῷ
394 2582 614 2657 νυμφίῳ
671 2583 762 2636 καὶ
818 2585 987 2636 ταῦτα
1042 2577 1515 2657 προσδιαλέγεται,
1547 2579 1637 2634 καὶ
1683 2579 1831 2653 λέγει

209 2672 341 2727 αὐτὸν
370 2672 422 2727 ἐν
478 2674 689 2742 κήποις
746 2672 1036 2740 καθῆσθαι.
1095 2672 1278 2740 Κῆποι
1334 2667 1390 2725 δὲ
1448 2669 1578 2724 εἰσιν
1620 2670 1672 2724 οἱ
1698 2670 1834 2723 θεῖοι

213 2763 330 2829 ναοὶ,
359 2764 409 2817 οἱ
435 2767 546 2817 τῶν
605 2758 893 2837 μαρτύρων
943 2758 1127 2829 σηκοὶ,
1175 2764 1285 2815 τῶν
1322 2759 1413 2814 τὸν
1464 2761 1678 2832 μονήρη
1715 2758 1831 2834 βίον

208 2852 617 2927 ὲπανῃρημένων
663 2852 732 2905 τὰ
799 2850 1138 2923 συστήματα.
1216 2850 1304 2905 Ἐν
1372 2848 1607 2916 τούτοις,
1667 2846 1833 2924 λέγει,

208 2942 322 3016 πρὸς
358 2941 582 3017 χιλίους
629 2936 1015 3007 ἀποτελοῦσιν,
1054 2940 1141 2992 καὶ
1193 2934 1499 3013 παρακαλεῖ
1537 2937 1694 2992 αὐτὸν
1757 2938 1832 3010 μή

211 3031 352 3102 μόνον
394 3036 518 3092 ταῖς
596 3027 909 3105 ἀγγελικαὶς
994 3024 1253 3101 δυνάμεσι
1321 3023 1835 3102 προσδιαλέγεσθαι,

210 3118 443 3175 ἀλλὰκαὶ
471 3119 645 3188 αὐτὴν
694 3124 795 3187 τῆς
837 3114 1065 3187 ἡδίστης
1098 3116 1262 3172 αὐτοῦ
1320 3122 1505 3193 φωνῆς
1553 3115 1777 3186 ἀξιῶσαι
1819 3134 1833 3148 ·

206 3211 282 3263 καὶ
338 3212 411 3282 μὴ
481 3212 716 3282 περιιεῖν
801 3210 1071 3270 ποθοῦσαν
1157 3206 1248 3261 καὶ
1334 3202 1577 3279 διψῶσαν
1650 3204 1834 3279 ἓντρυ-
1868 3185 1911 3252 C

209 3304 353 3370 φῆσαι
401 3297 569 3353 αὐτοῦ
624 3296 742 3358 τοὶς
822 3294 1033 3370 λόγοις.
1109 3292 1540 3371 Ηαράκελεύεται
1595 3290 1652 3349 δὲ
1691 3293 1839 3366 αὐτῷ

208 3393 371 3463 φυγεῖν
404 3406 417 3420 ’
457 3391 645 3465 φυγεῖν
692 3383 749 3440 δὶ
809 3384 977 3453 τίνας,
1036 3382 1071 3453 ἤ
1128 3386 1226 3446 τὰς
1272 3385 1513 3458 πννηράς
1541 3388 1648 3438 τῶι
1690 3383 1836 3460 αἶρε-

206 3480 350 3529 τικῶν
432 3474 772 3550 συμμορίας,
857 3474 946 3529 καὶ
1018 3474 1116 3536 τὰς
1186 3473 1533 3547 ἠκονημένας
1577 3473 1714 3527 κατά
1740 3480 1841 3543 τῆς

207 3559 456 3627 εὐσεϐείας
505 3564 784 3640 γλώσσας,
860 3562 1101 3626 Ἐκείνας
1155 3563 1317 3638 αὖρὸν
1379 3560 1685 3637 παρακαλεῖ
1740 3584 1837 3637 φυ-

206 3653 351 3726 γόντα
425 3654 516 3709 καὶ
599 3651 1017 3728 βδελυξάμενον,
1096 3653 1439 3726 ἁμοιωθῆναι
1514 3648 1735 3724 δορκάδι
1801 3648 1837 3720 ἤ

207 3737 361 3818 νεϐρῷ
407 3742 649 3819 ἐλάφων,
712 3742 802 3797 καὶ
864 3736 1117 3811 διαϐῆναι
1166 3741 1253 3796 ἐπὶ
1296 3741 1364 3795 τὰ
1392 3736 1491 3814 ὅρη
1526 3745 1632 3795 τῶν
1693 3740 1838 3814 ἀρω-

212 3831 398 3902 μάτων,
447 3833 540 3887 καὶ
600 3828 909 3907 διαφθεῖραι
969 3831 1064 3898 μὶν
1116 3828 1303 3907 ἐλάφῳ
1333 3830 1728 3903 παραπλησίως
1774 3830 1842 3885 τὰ

208 3921 529 3993 πνευματικὰ
579 3928 683 3990 τῆς
737 3917 1012 3995 πονηρίας
1063 3918 1225 3995 θηρία
1259 3937 1273 3950 ·
1335 3916 1579 3994 προϊδεῖν
1640 3916 1696 3973 δὲ
1733 3923 1842 3974 τῶν

209 4006 400 4065 ἀδικίαν
475 4010 552 4073 εἷς
634 4010 699 4065 τὸ
780 4007 913 4083 ὕψος
988 4005 1302 4064 λαλούντων
1387 4009 1486 4078 τήν
1575 4003 1841 4078 ἀσέϐειαν,

209 4095 367 4163 ἐλθεῖν
395 4096 455 4155 δὶ
509 4098 597 4154 ἐπὶ
646 4100 717 4154 τὰ.
771 4093 873 4175 ὄρη
924 4101 1032 4152 τῶν
1077 4097 1405 4172 ἀρωμάτων,
1454 4101 1555 4152 τοῦ
1590 4096 1842 4172 ὀψηλοὺς

210 4188 293 4259 μὲν
346 4190 443 4258 τήν
501 4186 764 4258 διάνοιαν,
816 4188 907 4242 καὶ
966 4185 1123 4258 δίκην
1177 4188 1320 4263 ὁρῶν
1370 4188 1731 4263 ὑπερέχοντας
1777 4187 1844 4241 τὰ

206 4277 374 4346 κοῖλα,
427 4277 660 4356 φύοντας
741 4275 801 4332 δὲ
888 4275 1131 4351 καρποὺς
1209 4276 1516 4352 ἀρωμάτων
1585 4274 1839 4350 εὐοσμίαν

208 4365 458 4443 ἀφιέντας.
491 4368 583 4428 Ὦς
633 4364 965 4440 δυναμένους
1014 4365 1186 4440 λέγειν
1237 4366 1375 4420 κατὰ
1418 4365 1511 4420 τὸν
1571 4365 1835 4443 μακάριον

207 4454 432 4526 Παῦλον,
522 4460 761 4530 Χριστοῦ
847 4451 1049 4511 εὐωδία
1120 4453 1300 4527 ἐσμέν.
1352 4455 1571 4510 Γένοιτο
1638 4453 1696 4509 δὲ
1754 4455 1843 4509 καὶ

1935 1872 2084 1936 tum,
2119 1868 2275 1941 quod
2337 1868 2533 1942 ipsum
2592 1871 2865 1927 nimirum
2907 1875 2999 1928 est
3043 1872 3270 1929 fructus
3326 1871 3598 1929 Ecclesiae

1938 1961 2170 2024 nostris,
2204 1973 2334 2029 qua:
2364 1958 2437 2014 ad
2470 1959 2762 2030 Sponsum
2794 1958 3067 2031 pertinet.

2012 2226 2117 2295 Qui
2172 2225 2322 2281 sedes
2382 2227 2443 2280 in
2499 2227 2671 2282 hortis
2727 2228 2920 2295 (amici
2977 2228 3346 2299 attendentes)
3407 2243 3592 2284 vocem

1936 2319 2090 2372 tuam
2136 2315 2335 2370 audire
2381 2331 2465 2370 me
2518 2318 2704 2386 facito.
2754 2321 2928 2386 Fuge,
2969 2316 3165 2374 dilecte
3213 2317 3311 2386 mi,
3362 2317 3595 2373 assimi-

1942 2409 2056 2463 lare
2083 2421 2296 2476 caprea
2335 2404 2635 2462 hinnulove
2673 2421 2954 2461 cervorum
3002 2422 3170 2474 super
3196 2410 3440 2463 montem
3468 2422 3595 2463 aro-

1941 2503 2179 2551 malum.

2012 2585 2097 2640 Ad
2129 2584 2423 2656 Sponsum
2464 2583 2587 2638 haec
2623 2582 2764 2639 item
2796 2583 3078 2655 loquitur,
3111 2601 3286 2658 quem
3316 2584 3377 2641 in
3409 2584 3599 2642 hortis

1945 2675 2146 2730 sedere
2209 2673 2371 2728 dicit.
2435 2673 2601 2728 Horti
2659 2678 2854 2728 autem
2912 2675 3109 2730 divina
3166 2678 3305 2730 sunt
3356 2672 3597 2745 templa,

1946 2767 2270 2835 martyrum
2350 2766 2767 2829 monumenta,
2841 2779 3046 2818 eorum
3115 2763 3216 2836 qui
3273 2762 3598 2821 solitariam

1946 2851 2197 2922 amplexi
2251 2856 2392 2906 sunt
2439 2852 2642 2921 vitam,
2675 2857 3018 2908 conventus.
3053 2856 3117 2909 In
3152 2853 3245 2908 bis
3293 2852 3454 2908 mille
3506 2870 3599 2908 ar-

1945 2946 2187 3015 genteos
2244 2957 2347 3012 pro
2396 2939 2589 2995 fructu
2637 2940 2820 2996 vineas
2869 2942 3268 3009 efferentibus,
3302 2941 3598 3015 Sponsum

1948 3030 2161 3088 asserit
2215 3028 2530 3085 habitare:
2581 3035 2755 3100 atque
2812 3029 2983 3086 illum
3044 3033 3331 3100 obsecrat,
3367 3037 3431 3088 ut
3486 3048 3597 3088 non

1947 3120 2139 3176 solum
2190 3134 2322 3173 cum
2375 3116 2659 3189 angelicis
2706 3117 3024 3175 virtutibus
3077 3120 3467 3191 colloquatur,
3498 3122 3597 3176 sed

1948 3209 2205 3280 seipsam
2256 3223 2489 3279 quoque
2535 3223 2673 3262 voce
2730 3224 2838 3262 sua
2892 3208 3132 3280 dignam
3182 3210 3418 3278 efﬁciat,
3458 3225 3601 3264 neve

1948 3302 2285 3355 contemnat
2315 3312 2377 3351 se
2408 3313 2535 3368 qua:
2587 3295 2875 3351 desiderio
2907 3296 3123 3368 sitique
3153 3298 3320 3352 ardet
3369 3296 3603 3353 fruendi

1948 3385 2320 3443 sermonibus
2379 3385 2589 3457 ipsius.
2624 3384 2763 3439 Orat
2820 3384 3018 3456 ipsum
3066 3394 3365 3457 praeterea,
3399 3390 3462 3441 ut
3509 3386 3600 3440 fu-

1947 3477 2087 3550 giat.
2123 3477 2278 3541 Quos
2320 3478 2515 3529 autem
2549 3474 2757 3545 fugiat,
2791 3473 2904 3529 nisi
2950 3492 3159 3547 pravos
3190 3474 3600 3532 haereticorum

1949 3568 2155 3631 coetus,
2191 3567 2248 3619 et
2278 3567 2481 3619 acutas
2529 3563 2814 3618 adversus
2865 3563 3142 3635 pietatem
3193 3563 3470 3638 linguas?
3501 3563 3602 3619 His

1950 3653 2259 3711 declinatis
2290 3656 2346 3708 et
2389 3652 2623 3724 spretis,
2658 3652 2927 3708 hortatur
2977 3658 3040 3708 ut
3088 3670 3306 3726 capreae
3338 3658 3440 3709 aut
3469 3652 3601 3708 hin-

1950 3742 2092 3800 nulo
2138 3757 2441 3798 cervorum
2499 3740 2734 3808 similis,
2775 3740 2964 3813 fugiat
3020 3746 3196 3813 atque
3252 3740 3312 3796 in
3372 3744 3604 3797 montes

1952 3835 2281 3890 aromatum
2311 3830 2638 3900 gascendat,
2679 3834 2737 3885 et
2792 3830 3027 3886 hinnuli
3090 3847 3250 3887 more
3306 3830 3604 3903 spiritales

1952 3920 2230 3994 nequitia:
2260 3920 2413 3976 feras
2457 3918 2751 3974 absumat.
2784 3918 3112 3991 Prospiciat
3154 3922 3351 3975 autem
3394 3918 3602 3993 impie-

1951 4014 2132 4070 tatem
2179 4024 2382 4065 eorum
2422 4008 2519 4079 qui
2565 4009 2625 4062 in
2676 4008 2916 4064 sublime
2975 4010 3278 4081 loquuntur
3324 4010 3604 4080 iniquita-

1953 4101 2150 4167 tem”,
2182 4103 2239 4154 et
2295 4098 2365 4152 ad
2427 4101 2659 4152 montes
2718 4101 3049 4154 aromatum
3098 4097 3315 4155 veniat.
3361 4098 3445 4153 Ad
3504 4115 3604 4155 eos

1954 4190 2237 4246 nimirum
2266 4186 2367 4259 qui
2416 4188 2544 4240 tum
2592 4184 2821 4242 excelsa
2852 4192 3048 4242 mente
3078 4190 3217 4242 sunt
3262 4185 3509 4258 praediti,
3541 4203 3609 4242 ac

1951 4277 2131 4335 veluti
2163 4279 2394 4330 montes
2436 4273 2591 4329 inter
2620 4274 2800 4330 valles
2831 4274 3122 4330 excellunt
3156 4291 3168 4328 :
3202 4279 3330 4330 tum
3380 4275 3606 4330 fructus

1954 4369 2148 4422 ferunt
2178 4366 2507 4420 aromatum
2547 4362 2929 4434 fragrantiam
2971 4362 3303 4419 redolentes
3328 4366 3442 4449 λιιι
3469 4378 3605 4418 cum

1955 4457 2124 4511 beato
2181 4450 2364 4507 Paulo
2422 4450 2654 4522 possint
2703 4451 2940 4506 dicere:
2987 4449 3196 4506 Christi
3254 4451 3426 4506 bonus
3480 4450 3613 4507 odor

208 4545 342 4616 ἡμᾶς
371 4547 463 4600 καὶ
485 4545 790 4620 ἀρωμάτων
840 4545 943 4620 ἀρη
995 4545 1263 4620 γενέσθαι,
1317 4542 1410 4598 ’ίνα
1460 4549 1558 4599 τοῦ
1607 4544 1831 4620 νυμφίοι

1953 4560 2139 4602 sumus
2159 4544 2227 4597 δι.
2260 4540 2423 4597 Faxit
2478 4544 2676 4595 autem
2736 4543 2912 4606 Deus,
2945 4546 3009 4594 ut
3061 4556 3169 4595 nos
3223 4539 3364 4596 item
3423 4539 3612 4596 simus

210 4631 473 4707 δεξώμεθα
500 4636 568 4689 τὰ
613 4632 938 4708 πηδήματα,
988 4633 1078 4688 καὶ
1125 4634 1215 4688 τὸν
1253 4634 1595 4708 μακαρισμὸν
1645 4633 1845 4690 ἐκεῖνον

213 4719 545 4797 ἒρεψώμεθα.
605 4724 896 4798 Μακάριος
992 4722 1129 4798 ἀνὴρ
1204 4722 1270 4776 οῦ
1356 4721 1496 4777 ἐστιν
1553 4722 1843 4797 ἀντίληψις

210 4811 343 4884 αὖτῷ
424 4813 575 4889 παρᾶ
628 4817 745 4882 σοῦ,
814 4813 870 4865 αἱ
929 4805 1213 4874 ἀναϐάσεις
1269 4832 1365 4866 σου
1417 4810 1468 4866 ἐν
1529 4815 1595 4886 τῇ
1654 4811 1849 4890 καρδία

208 4901 385 4959 αὐτοῦ.

270 5085 316 5118 ⁸³
344 5082 506 5141 Psal.
537 5100 721 5155 cxxvx,
756 5085 808 5139 1.
884 5083 929 5118 ⁸³
957 5082 1108 5140 Psal.
1143 5100 1315 5153 Lxxu,
1349 5084 1402 5137 8.

1478 5084 1524 5118 3‘
1556 5086 1601 5139 II
1635 5085 1763 5141 Cor.
1797 5101 1860 5155 ιι,
1895 5085 1982 5139 15.

1958 4638 2189 4689 montes
2221 4633 2577 4696 aromatum,
2603 4627 2704 4700 qui
2734 4628 2946 4699 Sponsi
2979 4628 3166 4685 saltus
3190 4628 3610 4700 suscipiamus,

1956 4734 2012 4779 et
2065 4720 2493 4779 beatitudinem
2551 4716 2713 4772 illam
2772 4734 3183 4790 assequamur.
3245 4721 3450 4775 Beatus
3503 4719 3614 4787 vir,

1955 4813 2111 4885 cujus
2138 4817 2219 4868 est
2260 4810 2542 4867 auxilium
2570 4807 2665 4863 abs
2693 4811 2746 4864 te
2774 4824 2793 4863 :
2834 4808 3175 4865 ascensione:
3221 4811 3334 4866 tuae
3363 4807 3425 4865 in
3450 4808 3616 4865 corde

1956 4903 2076 4974 ejus
2100 4902 2167 4958 ⁸⁵.

2058 5082 2286 5155 ⁸⁵,Ρεει1.
2322 5080 2623 5143 Lxxxm.6.
