4042 6198
408 355 526 416 687

1752 338 2172 401 MICHAELIS
2220 338 2488 399 PSELLI

3716 331 3831 390 688

1166 494 3827 533 Μ

1432 636 1567 693 ΤΟΥ
1607 634 2173 689 ΙΙΑΝΣΟΦΩΤΑΤΟΥ
2214 635 2326 687 ΚΑΙ
2368 631 2800 687 ΤΙΜΙΩΤΑΤΟΥ

867 810 1799 985 ΜΙΧΑΗΛ
1880 805 2355 978 ΤΟΥ
2428 803 3383 979 ΨΕΛΛΟΥ

1286 1104 2054 1206 ΔΙΔΑΣΚΑΛΙΑ
2124 1103 2952 1201 ΠΑΝΤΟΔΑΠΗ.

1525 1403 2061 1462 SAPIENTISSIMI
2100 1402 2190 1457 ET
2228 1402 2719 1458 CELEBERRIMI

945 1585 2270 1753 MICHAELIS

2450 1584 3295 1748 PSELLI

1387 1870 1531 1953 DE
1592 1867 2224 1957 OMNIFARIA
2300 1865 2872 1953 DOCTRINA

1095 2048 1379 2108 CAPITA
1426 2048 1530 2107 ET
1574 2045 2084 2118 QUIES'I‘IONES
2129 2044 2227 2103 AC
2277 2045 2861 2105 RESPONSIUNES
2908 2045 3159 2106 CXCIII.

1336 2206 1422 2259 AD
1461 2204 1871 2260 MICHAELEM
1920 2200 2167 2269 DUCAM,
2208 2202 2683 2258 IMPERATOREM
2724 2202 2916 2259 CPOL.

556 2358 638 2414 Ex
671 2359 1016 2433 Apographo
1050 2358 1582 2433 Lindenbrogianp,
1613 2358 1764 2433 quod
1800 2359 1989 2433 exstat
2017 2354 2341 2433 Hamburgi
2372 2356 2431 2411 in
2462 2356 2611 2433 Bibl.
2648 2358 2707 2414 ὃ.
2741 2359 3003 2425 Joannis,
3029 2359 3221 2415 Graece
3253 2362 3483 2433 primus
3513 2365 3705 2419 edidit

1436 2435 1492 2485 et
1521 2428 1724 2485 Latine
1754 2430 1923 2484 vertit
1961 2432 2129 2482 JOAN.
2160 2428 2462 2484 ALBEa'rus
2498 2430 2803 2485 FABRICUS.

485 2752 537 2807 1.
571 2751 753 2807 Credo
783 2749 844 2804 in
877 2764 1064 2803 unum
1110 2748 1363 2817 Patrem,
1397 2746 1756 2819 principium
1802 2745 2067 2801 omnium
2098 2748 2131 2813 Α

2251 2765 2303 2811 α⁹
2337 2744 2578 2799 Πιστεύω
2632 2745 2707 2807 εἷς
2753 2741 2842 2799 ἕνα
2894 2748 3104 2820 Πατέρα
3132 2750 3230 2817 τήν
3272 2750 3487 2805 πάντων
3518 2752 3708 2828 ἀρχὴν
3748 2755 3839 2809 καὶ

415 2845 473 2898 et
503 2856 762 2908 causam,
795 2855 864 2893 ex
891 2837 1049 2894 nullo
1085 2837 1301 2892 factum
1336 2841 1391 2891 et
1423 2835 1614 2891 solum
1648 2851 1835 2891 causa:
1868 2851 2067 2906 exper—

418 2935 539 2986 tem
590 2934 765 3001 atque
814 2926 1190 3000 ingenitum:
1239 2930 1451 2981 natura
1498 2927 1729 2980 Patrem
1782 2923 2069 2997 unigeniti

418 3019 546 3077 Filii
579 3019 692 3085 sui,
727 3017 984 3089 Spiritus
1036 3014 1224 3071 sancti
1272 3014 1635 3069 emissorem.
1671 3019 1736 3067 Et
1768 3013 1827 3068 in
1884 3030 2067 3067 unum

418 3109 631 3166 Filium
693 3105 1103 3178 unigenitum,
1161 3104 1479 3160 Dominum
1540 3108 1807 3158 nostrum
1862 3102 2067 3157 Jesum

418 3199 737 3254 Christum.
772 3198 841 3251 Et
873 3196 931 3250 in
962 3193 1245 3266 Spiritum
1279 3198 1546 3250 sanctum
1600 3210 1713 3247 non
1767 3195 1967 3246 natum
2001 3208 2068 3246 ex

418 3288 607 3353 Patre,
645 3286 744 3341 sed
789 3302 858 3339 ex
901 3284 1152 3339 essentia
1200 3284 1325 3353 ejus
1380 3283 1811 3353 procedentem,
1846 3280 2064 3334 dictum

415 3377 771 3432 Advocatum
816 3378 1017 3445 utpote
1063 3372 1162 3444 qui
1214 3388 1383 3427 voces
1435 3386 1752 3443 precesque
1801 3370 2063 3424 omnium

413 3464 648 3536 excipit,
680 3479 782 3536 per
812 3462 1007 3518 omnia
1061 3460 1314 3516 similem
1368 3460 1524 3515 Patri
1573 3464 1628 3513 et
1680 3458 1839 3528 Filio,
1867 3459 1966 3529 qui
2001 3475 2068 3512 ex

416 3555 581 3610 Patre
612 3552 849 3625 quidem
902 3549 1186 3623 procedit,
1237 3551 1337 3604 sed
1392 3566 1493 3620 per
1543 3548 1750 3603 Filium
1787 3548 1980 3616 datur,
2013 3554 2069 3602 et

414 3644 488 3698 ab
518 3642 677 3697 omni
712 3646 977 3696 creatura
1004 3641 1081 3711 (1)
1114 3638 1419 3710 accipitur.
1452 3642 1673 3691 Harum
1716 3636 1893 3690 trium
1936 3654 2065 3707 per-

418 3746 699 3787 sonarum
762 3729 971 3794 Patris,
1025 3727 1175 3794 Filii,
1223 3730 1279 3782 et
1334 3726 1585 3796 Spiritus
1639 3724 1824 3779 sancti
1884 3742 2064 3780 unum

417 3819 796 3892 principium,
850 3835 967 3873 una
1025 3821 1115 3873 est
1173 3819 1406 3883 natura,
1454 3831 1572 3869 una
1622 3813 1919 3880 divinitas,
1955 3832 2069 3870 una

415 3910 625 3974 forma,
660 3923 778 3963 una
807 3905 1065 3962 essentia
1096 3908 1152 3961 et
1181 3903 1461 3977 potentia.

991 4174 1257 4244 usurpari
1284 4171 1489 4227 solitis.

487 4261 755 4318 Essentia
787 4265 844 4315 et
884 4264 1092 4315 natura
1148 4259 1204 4313 in
1257 4263 1461 4315 sancta
1491 4264 1545 4315 et
1579 4258 2067 4315 consubstantiali

411 4354 692 4410 Trinitate
717 4369 898 4406 unum
937 4350 1208 4420 idemque
1239 4349 1497 4417 denotat,
1522 4350 1693 4405 ambo
1723 4351 1878 4405 enim
1912 4370 2067 4408 com-

413 4443 617 4499 munia
655 4446 793 4495 sunt
841 4444 899 4495 et
947 4438 1319 4505 universalia,
1354 4442 1412 4494 et
1443 4439 1512 4494 de
1562 4439 1752 4494 tribus
1802 4442 2070 4511 personis

413 4533 712 4600 dicuntur,
745 4544 996 4599 quarum
1029 4544 1143 4582 una
1186 4532 1391 4583 natura
1438 4532 1495 4583 et
1544 4545 1663 4583 una
1713 4529 2067 4601 substantia,

415 4637 533 4676 una
567 4620 774 4684 forma,
808 4633 925 4672 una
974 4616 1271 4687 divinitas,
1301 4634 1418 4673 una
1464 4617 1671 4689 gratia,
1705 4636 1817 4674 una
1851 4619 2070 4690 paritas

415 4714 473 4767 et
525 4707 851 4779 aequalitas,
900 4722 1017 4760 una
1075 4704 1281 4776 gloria,
1334 4723 1452 4761 una
1508 4706 1798 4762 confessio
1848 4711 1905 4763 et
1954 4725 2071 4764 una

416 4796 699 4871 potentia.

487 4884 829 4959 Hypostasis
869 4889 924 4938 et
973 4899 1223 4954 persona
1255 4883 1527 4938 similiter
1573 4899 1757 4938 unum
1807 4890 1864 4941 et
1910 4886 2065 4942 idem

413 4977 784 5050 signiﬁcant;
819 4990 953 5028 nam
984 4972 1063 5027 ita
1087 4973 1273 5040 Pater,
1300 4990 1351 5027 v.
1377 4990 1454 5042 3.,
1480 4973 1816 5045 hypostasis
1846 4982 1903 5031 et
1934 4993 2069 5048 per-

412 5083 558 5123 suna
606 5071 712 5129 est,
748 5062 1081 5136 hypostasis
1112 5067 1167 5116 et
1210 5078 1456 5135 persona
1510 5062 1707 5131 Filius,
1737 5064 2067 5136 hypostasis

410 5160 465 5211 et
514 5169 759 5227 persona
792 5152 1045 5223 Spiritus
1098 5154 1358 5205 sanctus.
1395 5149 1667 5207 Glorifica
1717 5152 1899 5224 igitur
1948 5160 2066 5209 tres

410 5261 692 5317 personas
750 5242 867 5296 sive
928 5240 1302 5311 hypostases,
1355 5255 1531 5294 unam
1597 5258 1728 5296 vero
1791 5247 2063 5297 naturam

410 5334 749 5390 earumdem
792 5336 968 5401 atque
1010 5329 1348 5383 essentiam.
1381 5328 1573 5383 Sancti
1608 5329 1825 5401 quippe
1870 5330 2065 5387 Patres

408 5441 513 5496 pro
566 5440 683 5477 uno
732 5421 1054 5489 eodemque
1105 5421 1333 5488 ponunt
1387 5416 1667 5473 vocabula
1716 5420 1980 5474 essentia:
2008 5426 2065 5476 et

2180 2831 2375 2903 αἰτίαν,
2419 2834 2517 2888 οὐκ
2560 2828 2619 2888 ἔκ
2673 2855 2819 2896 τινος
2873 2837 3213 2910 γεννηθέντα,
3248 2837 3481 2893 ἀναίτιον
3529 2843 3613 2895 καὶ
3683 2844 3841 2919 ἀγάν-

2179 2943 2339 2992 νητον
2397 2917 2584 2994 μόνον,
2634 2923 2951 2999 ὑπάρχοντα
2998 2925 3209 2998 Πατέρα
3241 2948 3391 3002 φυσει
3450 2934 3544 2983 τοῦ
3606 2917 3843 3009 μονογε-

2179 3016 2303 3072 νοῦς
2360 3011 2488 3065 Υἱοῦ
2521 3012 2707 3079 αὑτοῦ,
2745 3013 2834 3067 καὶ
2889 3008 3166 3086 προϐολεα
3216 3020 3313 3070 τοῦ
3368 3017 3523 3093 ἁγίου
3584 3008 3841 3095 [Ινιύμα-

2178 3122 2291 3162 τος.
2328 3100 2429 3156 Καί
2462 3101 2538 3163 εἷς
2571 3097 2663 3155 ἕνα
2694 3104 2814 3155 my
2846 3104 2936 3157 τὸν
2974 3112 3265 3178 μονογενῆ,
3314 3107 3403 3160 τὸν
3438 3109 3633 3181 Κύριον
3671 3114 3836 3183 ἡμῶν

2178 3191 2385 3260 Ἰησοῦν
2442 3192 2693 3263 Χριστὸν.
2752 3192 2846 3244 Καὶ
2896 3192 2970 3253 εἰς
3008 3198 3221 3265 Πνεῦμα
3255 3195 3423 3267 ἅγιον,
3458 3197 3517 3251 οὐ
3552 3204 3838 3273 γεννώμε-

2177 3300 2267 3331 νυν
2327 3278 2384 3333 ἐκ
2411 3282 2506 3332 τοῦ
2539 3281 2769 3353 Πατρὸς,
2820 3279 2949 3334 ἀλλ’
2996 3281 3055 3335 ἐκ
3101 3290 3200 3351 τῆς
3254 3283 3435 3346 οὐσίας
3464 3286 3630 3340 αὐτοῦ
3667 3290 3838 3346 ἐκπο-

2180 3367 2489 3439 ρευύμενον,
2549 3368 2907 3443 Παράκλητον
2969 3368 3372 3443 ὀνομαζόμενον
3434 3375 3509 3435 ὡς
3562 3378 3660 3439 τὰς
3725 3386 3835 3432 τῶν

2179 3454 2321 3509 ὅλων
2374 3455 2743 3529 παρακλήαεις
2772 3455 3089 3532 δεχόμενον,
3129 3460 3264 3515 κατὰ
3292 3464 3487 3525 παντὸς
3518 3460 3724 3537 ὅμοιον
3758 3469 3839 3540 τῷ

2178 3546 2348 3619 Ηατρὶ
2398 3546 2484 3599 καὶ
2519 3546 2645 3617 Υἱῳ,
2706 3546 2764 3601 ἐκ
2806 3552 2901 3601 τοῦ
2952 3549 3163 3622 Πατρὸς
3227 3551 3321 3621 μὶν
3368 3550 3835 3627 ἐκπορευόμενον,

2179 3631 2248 3688 δι’
2280 3635 2404 3688 Υὶοῦ
2437 3631 2491 3688 δὲ
2537 3632 2955 3707 μεταδιδόμενον
3004 3637 3091 3690 καὶ
3128 3636 3691 3713 μεταλαμϐανόμενον
3730 3648 3837 3701 ὑπὸ

2176 3723 2356 3794 πάσης
2386 3722 2633 3784 κτίσεως.
2695 3728 2910 3777 To?)th
2963 3722 3019 3778 δὲ
3074 3731 3180 3779 τῶν
3238 3733 3405 3799 τριῶν
3451 3732 3835 3805 ὑποστάσεων,

2179 3813 2385 3887 Πατρὸς
2434 3810 2560 3866 Υἱοῦ
2627 3813 2713 3867 καὶ
2771 3813 2925 3887 ἁγίου
2984 3814 3321 3889 Πνιύματος,
3386 3820 3481 3890 μία
3519 3821 3699 3895 ἀρχή,
3740 3826 3840 3896 μία

2179 3900 2353 3977 φύσις,
2391 3901 2485 3973 μία
2542 3901 2753 3970 θεότης,
2814 3901 2911 3974 μία
2970 3905 3177 3979 μορφὴ,
3245 3906 3339 3977 μία
3398 3908 3555 3963 οὐσία
3613 3914 3709 3966 καὶ
3744 3911 3835 3967 δύ-

2176 4011 2355 4063 ναμις.

412 4106 465 4159 2.
503 4105 577 4159 De
607 4102 886 4159 vocabuli:
910 4100 1236 4173 quibusdam
1249 4104 1321 4176 _z'n
1344 4102 1793 4176 Christianorum
1824 4100 2075 4169 dogmate
2104 4104 2131 4169 Ε

2183 4097 2245 4172 β’.
2308 4093 2436 4170 Περὶ
2499 4094 2779 4176 ὁνομάτ-ῳν
2859 4100 3020 4150 τινῶν
3061 4094 3412 4176 Δλεγομένων
3470 4101 3521 4156 ἐν
3586 4110 3669 4176 τῷ
3727 4112 3840 4161 τῶν

2690 4169 3023 4240 Χριστιανῶν
3057 4166 3309 4241 δόγματι.

2249 4255 2413 4310 Οὖσία
2440 4256 2529 4309 καὶ
2562 4277 2717 4329 φυσις
2747 4256 2832 4310 ἐπὶ
2872 4264 2969 4326 τῆς
3014 4259 3172 4332 ἁγίας
3209 4262 3296 4314 καὶ
3330 4263 3640 4335 ὁμοοπσίου
3670 4274 3842 4340 Τριά-

2180 4345 2273 4407 δος
2302 4347 2364 4400 τὸ
2390 4344 2540 4414 αὐτὸ,
2582 4345 2858 4421 ἀμφότερα
2904 4346 3001 4419 γὰρ
3050 4349 3205 4402 κοινὰ
3262 4350 3351 4403 καὶ
3411 4354 3709 4425 καθολωιᾶι⁹
3749 4360 3844 4411 καὶ

2176 4436 2311 4490 κατά
2339 4439 2503 4509 τριῶν
2535 4433 2876 4488 ὑποστάσεων
2930 4434 3216 4510 λεγόμενα.
3268 4439 3481 4493 Τούτων
3520 4443 3622 4511 μία
3648 4447 3845 4519 φύσις,

2177 4525 2265 4579 καὶ
2300 4523 2451 4578 οὐσία
2486 4522 2601 4595 μία,
2644 4523 2731 4576 καὶ
2792 4524 2891 4596 μία
2950 4522 3273 4593 ἐκτύπωσις,
3339 4528 3436 4598 μία
3481 4530 3701 4596 θεότης,
3743 4536 3847 4605 μία

2177 4615 2358 4688 χάρις,
2397 4611 2492 4683 μία
2520 4609 2718 4681 ἰσότης,
2774 4611 2868 4683 μία
2924 4609 3071 4683 δόξα,
3109 4613 3202 4685 μίά
3248 4614 3539 4692 ὁμολογία,
3590 4621 3686 4673 καὶ
3739 4626 3847 4693 μία

2179 4701 2428 4774 δύναμις.

2247 4878 2565 4941 Ὑπόστασις
2625 4876 2793 4932 πάλιν
2854 4880 2944 4933 καὶ
3004 4882 3294 4953 πρόσωπον
3351 4884 3412 4937 τὸ
3470 4883 3640 4941 αὐτό·
3718 4892 3841 4945 οἷον

2179 4967 2469 5030 ὑπόστασις
2528 4968 2616 5021 καὶ
2674 4967 2969 5042 πρόσωπον
3031 4970 3058 5023 ὁ
3118 4972 3325 5042 Πατὴρ,
3388 4974 3685 5037 ὑπόστασις
3744 4982 3845 5033 καὶ

2176 5062 2467 5137 πρόσωπον
2500 5057 2526 5112 ὁ
2560 5057 2702 5125 Υἱὸς,
2748 5056 3036 5120 ὑπόστασις
3069 5058 3155 5113 καὶ
3188 5080 3480 5135 προσωπον
3508 5064 3571 5117 τὸ
3607 5070 3846 5139 Πνεῦμα

2174 5152 2235 5205 τὸ
2297 5146 2467 5223 ἅγιον.
2505 5146 2700 5219 Δόξαζε
2733 5145 2823 5200 οὗν
2870 5146 2992 5219 τρία
3033 5148 3319 5221 πρόσωπα,
3354 5149 3649 5226 ἤτοιτριῐς
3688 5156 3842 5210 ὕπο-

2177 5239 2403 5308 στάσεις,
2459 5235 2581 5309 μίαν
2646 5233 2701 5289 δὶ
2757 5244 2913 5311 φύσιν
2959 5241 3065 5290 τῶν
3126 5236 3299 5292 αὐτῶν
3345 5240 3432 5294 καὶ
3491 5242 3710 5299 οὐσίαν,
3767 5248 3841 5301 Oi

2175 5330 2264 5383 οὖν
2322 5325 2469 5401 ἅγιοι
2527 5325 2761 5399 Πατὲρες
2817 5322 2902 5378 ἐπὶ
2958 5329 3051 5379 τοῦ
3118 5327 3288 5381 αὐτοῦ
3339 5328 3591 5384 τάττουσι
3629 5333 3693 5386 ὐὸ
3730 5342 3839 5403 τῆς

2176 5418 2357 5478 οὐσίας
2388 5413 2478 5469 καὶ
2513 5413 2722 5490 φάσεως
2753 5413 2838 5466 καὶ
2901 5421 3117 5489 μορφῆς
3168 5413 3363 5489 ὄνομα,
3405 5419 3498 5473 Καὶ
3530 5418 3701 5474 πάλιν
3741 5423 3835 5476 ἐπὶ

2000 5546 2228 5603 NOT/E.

486 5646 559 5718 (1)
590 5642 938 5701 Hominibus
969 5646 1130 5715 puta,
1165 5645 1227 5697 ut
1258 5642 1433 5697 Marc.
1469 5657 1584 5711 xv1,
1622 5642 1686 5697 15
1714 5659 1727 5698 :
1762 5642 2035 5716 Κηρύξατι
2065 5645 2125 5701 τὸ

2183 5640 2489 5719 Ξύαγγὲλιον
2517 5639 2661 5712 πάσῃ
2693 5640 2761 5710 τῇ
2794 5637 2982 5691 κτίσει.
