4042 6198
413 369 526 429 691

1761 366 2180 429 MlCHAELlS
2224 369 2499 429 PSELLI

3716 369 3839 429 692

412 505 564 569 ctus,
624 501 881 557 essentia
942 519 1076 559 vero
1128 504 1485 576 junguntur.
1540 502 1808 559 Esseutia
1866 518 2074 574 nempe

2192 502 2321 555 κατὰ
2351 498 2407 555 δὲ
2436 502 2534 571 τήν
2561 499 2742 554 οὐσίαν
2772 499 3032 569 ἥνωνται.
3061 498 3227 555 Ouini:
3271 496 3328 553 δὲ
3376 498 3517 554 ἐστιν
3575 501 3603 555 ὁ
3656 502 3846 565 κοινὸς

414 591 747 647 communis
795 597 885 647 est
934 593 1201 664 personis
1256 592 1426 661 ratio,
1461 609 1577 647 una
1626 591 1925 657 divinitas,
1961 608 2080 646 una

418 685 647 751 natura,
705 698 822 736 una
870 682 1077 736 forma.
1112 679 1660 737 Consubstantiales
1709 681 1892 753 igitur
1940 684 2081 736 sunt

420 769 605 839 Pater,
627 768 809 825 Filius
831 774 887 825 et
910 770 1163 841 Spiritus
1193 775 1434 825 sanctus
1455 777 1743 842 tanquam
1773 770 1874 841 qui
1898 772 2078 826 unius

416 859 806 931 ejusdemque
854 864 994 913 sunt
1042 859 1331 914 essentiae.
1368 860 1833 932 Distinguuntur
1879 876 2077 932 perso-

421 949 535 1017 nis,
564 953 627 1003 ut
657 948 876 1002 dictum
910 952 1019 1018 est,
1044 949 1143 1003 sed
1180 966 1361 1004 unum
1412 954 1552 1004 sunt
1599 949 1854 1005 essentia
1886 954 1943 1003 et
1973 965 2077 1004 na-

420 1040 576 1091 tura.
610 1037 745 1091 Ideo
778 1037 1316 1094 consubstantiales
1356 1043 1532 1109 atque
1561 1039 1820 1109 ejusdem
1857 1042 2078 1093 natura:

418 1122 701 1196 appellari
734 1130 1185 1182 consueverunt.

646 1288 701 1342 6.
738 1274 811 1343 De
844 1288 1010 1343 simul
1038 1305 1338 1360 personam
1368 1290 1844 1346 constituentibus.

487 1402 671 1459 Simul
719 1421 1032 1476 personam
1064 1406 1511 1480 constituentia}
1534 1407 1811 1462 differunt
1841 1406 2077 1478 quidem

417 1494 693 1559 essentia,
712 1494 811 1550 sed
836 1495 896 1549 in
921 1512 1097 1550 unam
1120 1497 1507 1568 eamdemque
1529 1513 1837 1568 personam
1857 1496 2081 1553 coalue-

415 1587 576 1651 runt,
620 1587 684 1636 ut
731 1587 818 1651 tu,
853 1583 1097 1639 Michael
1145 1585 1484 1658 imperator;
1527 1586 1889 1658 compositus
1920 1603 1982 1642 es
2011 1603 2080 1642 ex

419 1671 620 1726 anima
640 1675 698 1726 et
719 1688 979 1743 corpore.
1006 1673 1105 1729 Has
1136 1690 1267 1731 vero
1298 1680 1519 1747 partes,
1543 1675 1740 1730 anima
1763 1679 1820 1731 et
1843 1692 2076 1748 corpus,

421 1758 677 1814 essentia
707 1760 858 1815 inter
907 1779 970 1817 se
1018 1762 1478 1820 diii‘erunt:alia
1523 1763 1679 1820 enim
1732 1764 1933 1836 animi,
1966 1763 2080 1819 alia

2187 586 2351 665 λόγος
2406 595 2513 645 τῶν
2573 585 3095 660 ὑποστάσεων,ἤτοι
3155 589 3190 656 ἡ
3246 587 3340 660 μία
3389 589 3606 661 θεότης,
3640 591 3677 658 ἡ
3749 588 3847 662 μία

2187 676 2365 754 φύσις,
2397 681 2431 749 ἡ
2469 678 2567 752 μία
2600 682 2806 758 μορφή.
2840 676 3142 750 Ὀμοούσια
3201 675 3292 731 οῦν
3322 679 3349 733 ὁ
3384 679 3592 753 Πατήρ,
3626 678 3656 732 ὀ
3692 678 3844 747 Υἱὸς,

2186 766 2275 822 καῖ
2322 769 2384 823 τὸ
2441 773 2661 842 Πνεῦμα
2716 769 2780 824 τὸ
2833 770 3005 842 ἁγιον,
3071 766 3144 828 ὡς
3189 774 3289 837 τῆς
3347 766 3514 830 αὐτῆς
3566 768 3659 822 καὶ
3718 772 3847 841 μιᾶς

2184 860 2552 933 τυγχάνονται
2584 858 2787 920 οὐσίας.
2824 856 3117 933 Διῄρηνται
3166 856 3260 928 μὶν
3322 857 3435 930 οῦν,
3467 858 3541 918 ὡς
3602 854 3845 932 εἷ’ρηται,

2185 948 2318 1003 κατᾶ
2371 947 2466 1011 τὰς
2527 948 2869 1015 ὑποστάσεις,
2902 946 3139 1015 ἥνωνται
3194 943 3251 1000 δὶ
3302 945 3437 1000 κατὰ
3489 947 3589 1015 τὴν
3653 944 3842 1000 οὐσίαν

2186 1034 2309 1106 ἤτοι
2360 1036 2538 1114 φύσιν.
2573 1039 2669 1092 Διά
2714 1041 2876 1092 τοῦτο
2928 1035 3019 1091 οὖν
3070 1034 3323 1110 λέγονται
3375 1034 3666 1108 ὁμοοὺσια,
3708 1034 3849 1089 κατὰ

2188 1128 2432 1205 ὁμοφυῆ.

2651 1294 2713 1351 ς’.
2748 1286 2878 1362 Περὶ
2910 1284 3337 1359 ὁμοϋποστάτων
3349 1331 3361 1343 .

2258 1403 2674 1478 Ὁμοϋπόστατα
2705 1401 2982 1478 λέγονταί,
3016 1402 3114 1457 ὅσα
3146 1399 3387 1479 διαφίρει
3422 1403 3516 1474 μὲν
3568 1399 3846 1473 ἀλλήλων

2166 1493 2323 1547 κατὰ
2349 1493 2450 1562 τὴν
2491 1492 2708 1561 οὐσίαν,
2743 1491 2821 1554 είς
2857 1492 2979 1564 μίαν
3012 1488 3069 1545 δὲ
3098 1490 3186 1546 καὶ
3226 1492 3323 1559 τήν
3384 1491 3552 1560 αὐτῆν
3604 1491 3849 1546 ὑπόστα-

2188 1604 2268 1636 σιν
2302 1579 2582 1653 ἀλλήλοις
2617 1581 2937 1647 συντίθεται,
2971 1583 3087 1634 οἷον
3121 1579 3205 1649 σὺ,
3236 1581 3264 1634 ὁ
3299 1579 3552 1656 βασιλεὺς
3578 1580 3851 1656 Μιχαὴλ,

2187 1671 2249 1725 ἐκ
2296 1674 2484 1746 ψυχῆς
2528 1671 2618 1724 καὶ
2671 1672 2946 1743 σώματος.
2979 1673 3153 1723 Ταῦτα
3203 1665 3260 1723 δὲ
3304 1669 3372 1724 τὰ
3423 1669 3582 1745 μέρη,
3618 1673 3657 1739 ἡ
3691 1670 3848 1745 ψυχή

2186 1760 2276 1815 καὶ
2301 1760 2364 1814 τὸ
2395 1764 2575 1831 σῶμα,
2610 1757 2843 1837 διάφορά
2875 1758 2975 1813 εἶ’σι
3008 1759 3145 1813 κατὰ
3171 1759 3271 1826 τήν
3303 1757 3505 1815 οὐσίαν.
3529 1757 3721 1828 ’Ἄλλη
3745 1760 3847 1833 γὰρ

419 1848 680 1918 corporis
702 1850 956 1905 essentia
974 1855 1080 1907 est.
1107 1852 1184 1907 Ex
1208 1851 1674 1909 Christianorum
1697 1871 1828 1910 vero
1851 1858 2076 1909 senten-

2192 1848 2347 1904 ιύσία
2394 1852 2603 1923 ψυχῆς,
2655 1848 2745 1902 καὶ
2803 1844 2947 1916 ἄλλη
3009 1848 3284 1919 σώματος.
3334 1847 3756 1920 Ὁμοϋπόστατα
3794 1844 3847 1901 ’δὲ

421 1936 503 1991 tia
535 1936 712 1992 simul
747 1955 1057 2009 personam
1099 1940 1222 1997 haec
1252 1943 1644 2013 constituunt,
1669 1959 1856 2014 neque
1883 1943 2081 1998 anima

422 2023 718 2096 antiquior
733 2031 819 2083 est
842 2044 1104 2100 corpore,
1121 2046 1311 2101 neque
1328 2047 1539 2101 corpus
1558 2030 1753 2086 anima
1769 2030 2075 2099 vetustius,

420 2115 520 2168 sed
547 2114 726 2171 simul
750 2116 949 2173 anima
969 2134 1321 2191 corpusque,
1352 2124 1416 2175 ut
1436 2137 1563 2191 quas
1587 2120 1865 2175 differunt
1885 2135 2078 2174 essen-

417 2201 509 2258 tize
543 2204 790 2273 ratione,
822 2212 1317 2279 contemporanea
1348 2215 1545 2265 tamen
1579 2213 1719 2265 sunt
1766 2213 1823 2265 et
1873 2213 2077 2264 mutuo

416 2291 773 2365 subsistunt,
829 2295 1127 2367 simulque
1180 2314 1490 2369 personam
1545 2298 1967 2355 constituentia
2024 2302 2080 2353 et

417 2385 558 2438 sunt
613 2386 671 2438 et
726 2383 1118 2456 appellantur.
1152 2387 1277 2443 Non
1331 2404 1465 2445 vero
1531 2387 1707 2444 simul
1766 2404 2076 2460 personam

414 2471 844 2529 constituentes
875 2479 1016 2530 sunt
1042 2480 1229 2545 Pater,
1254 2476 1438 2532 Filius
1459 2482 1512 2533 et
1534 2478 1789 2549 Spiritus
1813 2482 2076 2548 sanctus,

416 2557 551 2614 licet
581 2560 784 2616 nullus
822 2561 1034 2618 horum
1068 2565 1368 2635 antiquior
1397 2570 1488 2621 est
1516 2565 1604 2621 vel
1633 2565 1853 2637 junior,
1887 2565 2076 2635 siqui-

417 2647 551 2703 dem
582 2650 854 2707 essentias
894 2652 1118 2709 ratione
1172 2670 1287 2709 non
1339 2653 1638 2711 ditl’erunt.
1674 2654 2076 2711 Consubstan-

418 2735 588 2793 tiales
620 2742 818 2796 autem
849 2744 908 2796 et
937 2745 1077 2797 sunt
1107 2745 1162 2797 et
1192 2742 1595 2799 nominantur.

651 2901 709 2955 7.
741 2901 816 2957 De
844 2903 1132 2959 essentialz'
1159 2905 1375 2960 unitate
1402 2908 1456 2960 et
1484 2904 1821 2976 differentia.

492 3014 838 3075 Essentialis
872 3018 1069 3075 unitas
1117 3024 1226 3085 est,
1260 3037 1377 3092 qua
1406 3019 1603 3076 multae
1635 3021 1983 3094 bypostases
2013 3021 2076 3077 in

418 3120 596 3160 unam
655 3106 967 3162 essentiam
1023 3107 1398 3180 colliguntur,
1430 3113 1496 3164 ut
1542 3109 1760 3178 singuli
1806 3110 2076 3168 homines

420 3194 687 3266 personis
716 3195 999 3267 distincti,
1032 3199 1131 3253 sed
1175 3197 1325 3253 uniti
1375 3198 1631 3254 essentia
1661 3198 1780 3253 sive
1811 3214 2073 3254 commu-

418 3282 510 3338 nis
548 3282 941 3340 humanitatis
987 3286 1230 3342 ratione.
1265 3286 1394 3343 Hsac
1443 3287 1629 3359 igitur
1679 3286 2071 3360 hypostaseon

417 3371 603 3427 unitio
632 3372 691 3427 in
728 3390 906 3429 unam
946 3376 1262 3430 essentiam
1298 3376 1515 3431 dicitur
1558 3376 1753 3431 unitas
1788 3377 2076 3433 essentia-

416 3458 511 3515 lis.
548 3461 890 3518 Essentialis
921 3478 1053 3519 vero
1086 3464 1415 3520 differentia
1445 3471 1556 3530 est.
1590 3466 1828 3537 quando
1853 3467 2073 3537 juncta:

418 3554 475 3605 et
504 3549 681 3604 unitas
712 3551 769 3605 in
804 3568 987 3607 unum
1038 3552 1381 3625 hypostasin
1415 3559 1639 3609 natura:
1671 3555 1993 3611 inconfusae
2020 3560 2078 3611 et

421 3638 575 3692 haud
616 3638 940 3694 imminutae
992 3647 1254 3709 manent,
1289 3647 1352 3697 ut
1383 3644 1514 3698 dum
1566 3649 1783 3699 naturas
1814 3644 1873 3698 in
1906 3645 2075 3699 Chri-

421 3729 536 3793 sto,
571 3725 849 3783 divinitas
889 3733 945 3783 et
995 3729 1337 3786 humanitas
1393 3732 1450 3785 in
1511 3748 1690 3786 unam
1750 3734 2074 3803 conjunctis

423 3827 737 3884 personam
772 3832 887 3870 non
922 3818 1178 3872 confusae
1211 3835 1397 3890 neque
1429 3819 1755 3876 imminutae
1789 3827 1949 3892 sunt,
1974 3823 2075 3878 sed

422 3902 726 3957 essentiali
757 3904 1090 3961 differentia
1132 3907 1597 3979 distinguuntur.
1631 3910 1887 3983 Singulas
1918 3911 2072 3968 enim

422 3988 636 4045 harum
687 3995 1029 4050 naturarum
1081 3995 1400 4052 inconfusa:
1431 4002 1482 4054 et
1525 3997 1905 4071 impermistss
1937 4005 2075 4056 sunt

422 4078 648 4135 ratione
705 4082 1004 4150 essentne,
1057 4083 1334 4140 differunt
1393 4092 1588 4142 autem
1648 4088 1898 4145 invicem
1958 4108 2073 4146 non

422 4168 614 4237 quoad
659 4186 993 4241 personam,
1029 4190 1145 4228 una
1193 4176 1350 4229 enim
1403 4177 1667 4247 utrisque
1717 4178 2072 4250 hypostasis,

421 4256 521 4312 sed
554 4259 852 4316 essentiali
884 4261 1230 4318 differentia.

661 4482 714 4539 8.
748 4483 821 4539 De
853 4486 1138 4555 personati
1168 4489 1373 4543 unione
1404 4493 1457 4543 et
1487 4489 1829 4562 cli/ferentia.

494 4604 827 4663 Personalis
876 4608 1013 4665 unio
1065 4614 1174 4679 est,
1205 4628 1331 4683 quas
1376 4612 1639 4670 diversas
1686 4615 1976 4671 essentias
2018 4619 2074 4673 et
2105 4618 2150 4682 D

429 4697 673 4750 naturas
711 4694 770 4750 in
817 4712 993 4753 unam
1042 4713 1355 4770 personam
1388 4705 1444 4757 et
1475 4720 1652 4758 unam
1701 4705 2078 4776 eamdemque

428 4782 772 4855 hypostasin
794 4785 1078 4859 colligens
1101 4805 1167 4845 ac
1185 4790 1619 4863 constringens,
1639 4797 1702 4846 ut
1722 4792 1781 4848 in
1804 4792 2076 4850 incarna-

426 4871 584 4928 tione
614 4873 847 4930 Domini
896 4877 1085 4934 nostri
1120 4878 1260 4935 Jesu
1294 4880 1507 4938 Christi
1561 4880 1696 4936 unio
1744 4882 2073 4938 intercessit

427 4961 775 5031 personalis.
802 4969 935 5019 Duae
956 4966 1114 5022 enim
1146 4972 1366 5023 naturae
1394 4969 1451 5023 in
1480 4970 1608 5041 ipso
1638 4968 1697 5024 in
1724 4987 1900 5026 unam
1925 4987 2053 5026 eam

424 5049 678 5122 demque
707 5068 1015 5126 personam
1050 5054 1359 5114 inconfuse
1386 5064 1524 5114 sunt
1556 5058 1751 5114 unitas.
1786 5060 2071 5116 Persona-

421 5136 497 5195 lis
524 5156 658 5197 vero
685 5142 1009 5199 differentia
1028 5149 1138 5213 est,
1157 5148 1394 5217 quando
1416 5149 1526 5203 sub
1556 5165 1672 5203 una
1694 5154 1751 5203 et
1772 5148 2072 5203 communi

419 5231 675 5285 essentia
722 5234 1158 5304 comprehensae
1217 5252 1478 5307 personae
1529 5236 1778 5292 invicem
1828 5253 2070 5293 numero

420 5316 885 5392 distinguuntur,
907 5327 963 5376 et
986 5322 1441 5394 proprietatibus
1463 5328 1741 5395 tanquam
1767 5325 1941 5381 certis
1969 5343 2069 5383 no-

417 5406 496 5460 tis
525 5407 725 5478 plures
771 5412 1164 5479 constituunt,
1196 5414 1696 5482 quemadmodum
1746 5418 1810 5469 tu
1858 5421 1912 5469 et
1963 5432 2068 5487 ego

416 5497 593 5566 atque
614 5497 805 5569 quivis
826 5497 923 5553 alii
944 5498 1216 5555 homines
1234 5502 1691 5573 proprietatibus
1708 5507 1765 5557 et
1780 5503 2071 5560 characte-

415 5582 582 5640 ribus
613 5585 876 5642 distincti
915 5587 989 5642 ab
1040 5586 1287 5644 invicem
1338 5607 1567 5659 sumus,
1601 5600 1656 5647 et
1684 5592 2070 5664 personaliter

417 5672 768 5732 differimus.
798 5675 890 5731 Sic
918 5675 1080 5731 verbi
1128 5677 1319 5748 gratia
1347 5694 1454 5752 ego
1496 5698 1630 5737 sum
1662 5680 1835 5754 paulo
1865 5700 2065 5755 proce-

417 5758 555 5831 rior,
587 5762 753 5820 fusco
782 5763 991 5832 colore,
1016 5767 1073 5819 et
1101 5764 1408 5825 subalbus.
1434 5769 1564 5827 Tibi
1593 5775 1820 5830 statura
1849 5771 2064 5831 medio-

2187 1938 2321 1992 κατὰ
2349 1940 2447 2008 τήν
2482 1938 2869 2011 Χριστιανικὴν
2921 1932 3104 2007 δόξαν
3146 1934 3268 1990 οὕτε
3306 1935 3411 2011 γὰρ
3441 1939 3476 2006 ἡ
3510 1938 3671 2012 ψυχή
3712 1958 3845 2012 προ⁸

2186 2026 2465 2104 γενεστὲρα
2520 2031 2616 2081 τοῦ
2661 2026 2938 2099 σώματος,
2973 2021 3094 2080 οὕτε
3149 2026 3211 2079 τὸ
3263 2030 3422 2099 σῶμα
3472 2020 3841 2099 πρεσϐύτερον

2186 2117 2285 2185 τῆς
2318 2119 2525 2191 ψυχῆς,
2555 2113 2683 2170 ἀλλ’
2713 2115 2853 2187 ὁμοῦ
2884 2114 3038 2189 ψυχὴ
3069 2113 3161 2168 καῖ
3187 2118 3367 2186 σῶμα,
3393 2113 3531 2168 ὥστε
3575 2113 3682 2167 ὅσα
3725 2111 3841 2168 δια-

2189 2204 2335 2282 φέρει
2393 2204 2527 2259 κατὰ
2575 2206 2673 2273 τὴν
2734 2204 2942 2276 οὐσίαν,
2976 2197 3260 2278 ὁμόχρονα
3309 2200 3480 2257 δὲκαὶ
3515 2202 3848 2273 συνάλληλα

2190 2293 2510 2371 ὑφέστηκεν,
2568 2295 2954 2366 ὀμοῦπόστατα
3017 2292 3107 2346 καὶ
3165 2290 3273 2346 ἔστι
3342 2291 3432 2346 καὶ
3492 2291 3848 2365 ὀνομάζεται.

2188 2383 2305 2440 Οὑκ
2337 2382 2468 2437 εἰσιν
2510 2383 2601 2436 οὖν
2637 2381 3021 2455 ὁμοϋπόστατα
3055 2383 3082 2435 ὁ
3132 2383 3342 2453 Πατὴρ,
3375 2382 3402 2434 ὁ
3450 2381 3577 2442 Υἱὸς
3637 2379 3735 2435 καὶ
3788 2380 3849 2434 τὸ

2188 2477 2407 2546 Πνεῦμα
2434 2472 2496 2527 τὸ
2529 2473 2707 2546 ἅγιον,
2741 2471 2790 2525 εἷ’
2833 2471 2921 2526 καὶ
2974 2468 3144 2544 μηδὲν
3201 2470 3413 2525 τούτων
3471 2465 3852 2544 πρεσϐύτερον

2186 2563 2275 2618 καὶ
2306 2562 2590 2637 νεώτερον,
2623 2559 2733 2615 ἐπεὶ
2788 2560 2849 2615 οὐ
2909 2558 3221 2637 διαφέρουσι
3280 2560 3414 2613 κατᾶ
3471 2560 3570 2627 τήν
3634 2557 3850 2614 οὐσίαν.

2187 2651 2488 2725 Ὁμοοόσια
2521 2648 2578 2705 δὲ
2608 2650 2698 2705 καὶ
2730 2649 2833 2704 εἶσι
2862 2649 2949 2705 καὶ
2986 2649 3372 2723 ὀνομάζονται.

2366 2904 2430 2971 ζ’.
2456 2901 2585 2978 Περὶ
2612 2899 2912 2965 οὑσιώδους
2940 2901 3183 2962 ἑνώσεως
3212 2898 3301 2955 καί
3335 2897 3622 2978 διαφορᾶς.

2254 3015 2538 3089 Οὑσιώδης
2595 3015 2792 3079 ἓνωσίς
2851 3016 3184 3087 ἐπινὴτᾶς
3240 3014 3455 3077 πολλὰς
3513 3014 3847 3075 ὑποστάσεις

2185 3107 2260 3168 εἷς
2325 3106 2446 3180 μίαν
2500 3105 2687 3162 οὐσίαν
2736 3105 3055 3181 συνάγουσα,
3089 3108 3204 3161 οἷον
3250 3107 3303 3160 οὶ
3332 3105 3467 3159 κατὰ
3500 3104 3669 3179 μέρος
3722 3102 3857 3157 πάνυ

2184 3217 2273 3258 τες
2303 3193 2936 3272 ἅνθρωποιδιῃρημὲνοι
2995 3194 3097 3250 είσὶ
3153 3194 3289 3250 κατᾶ
3339 3194 3433 3256 τὰς
3492 3194 3856 3259 ὑποστασεις,

2185 3286 2464 3357 ἡνωμένοι
2500 3281 2557 3340 δὲ
2587 3286 2724 3340 κατὰ
2752 3286 2851 3355 τὴν
2885 3283 3091 3357 οὐσίαν,
3124 3281 3248 3353 ἤτοι
3278 3284 3369 3338 τὸν
3402 3281 3568 3357 λόγον
3618 3285 3726 3346 τῆς
3760 3283 3854 3336 ἆν-

2184 3374 2559 3449 θρωπότητος.
2620 3373 2769 3444 Αὕτη
2833 3371 2925 3428 οὖν
2983 3375 3018 3442 ἡ
3078 3370 3270 3433 ’ἑνωσις
3319 3376 3424 3426 τῶν
3498 3372 3858 3427 ὑποστὰσεων

2185 3464 2319 3520 κατὰ
2346 3465 2444 3532 τὴν
2482 3463 2607 3536 μίαν
2661 3462 2843 3518 οὐσίαν
2887 3461 3099 3538 λέγεται
3156 3458 3435 3531 οὗσιώδης
3488 3459 3713 3524 ἓνωσις.
3744 3460 3856 3518 Οὐ-

2186 3550 2392 3623 σιώδης
2449 3550 2507 3607 δέ
2563 3551 2675 3607 ἐστι
2734 3549 2987 3629 διαφορὰ,
3021 3550 3147 3606 ὅταν
3207 3552 3261 3605 αἱ
3321 3549 3600 3614 ἔνωοεῖσαι
3660 3550 3857 3628 φύσεις

2186 3643 2263 3705 εἲς
2298 3642 2423 3715 μίαν
2454 3640 2744 3696 ὑπόστασιν
2777 3641 3075 3717 ἆσὺγχυτοι
3106 3640 3194 3695 καὶ
3256 3639 3519 3712 ἁμείωτοι
3583 3638 3854 3711 μένωσιν.

2186 3734 2313 3786 Οἷον
2343 3732 2397 3785 αἱ
2431 3728 2527 3785 δύο
2558 3730 2743 3808 φύσεις
2773 3734 2870 3786 τοῦ
2902 3733 3158 3803 Χριστοῦ,
3188 3727 3314 3799 ἤτοι
3343 3731 3378 3798 ἡ
3421 3728 3616 3798 θεότης
3666 3729 3765 3783 καὶ
3818 3730 3854 3796 ἡ

2186 3820 2562 3892 ἆνΟρωπὸτης,
2587 3820 2661 3882 είς
2694 3821 2818 3894 μίαν
2854 3817 3205 3875 συνελθοῦσαι
3261 3818 3553 3873 ὑπόστασιν
3610 3818 3678 3873 οὑ
3723 3839 3855 3871 συν-

2187 3910 2458 3985 εχόθησαν
2517 3907 2644 3965 οὐδὲ
2713 3907 3078 3982 ἐμειώθησαν,
3130 3907 3256 3964 ἀλλ’
3304 3901 3523 3984 ἔχουσιν
3593 3904 3851 3975 οὐσιώδη

2184 4001 2286 4068 τήν
2319 3997 2602 4077 διαφοράν.
2635 3999 2864 4070 Ἑκάστη
2898 3999 2999 4073 γὰρ
3031 4002 3137 4053 τῶν
3198 3995 3293 4052 δύο
3344 3995 3555 4072 φύσεων
3603 3994 3855 4071 ἄφυρτός

2188 4087 2300 4142 ἐστι
2347 4089 2437 4143 καὶ
2495 4088 2802 4163 άτύγχυτος
2853 4086 2988 4143 κατά
3033 4087 3125 4142 τὸν
3174 4093 3275 4156 τῆς
3310 4085 3490 4149 οὐσίας
3534 4082 3734 4160 λόγον,
3763 4084 3856 4140 χαί

2190 4174 2529 4254 διαφέρουσιν
2592 4175 2882 4248 ἀλλήλων,
2914 4176 2979 4231 οὐ
3036 4176 3174 4230 κατὰ
3222 4175 3321 4244 τὴν
3380 4174 3715 4230 ὑπόστασιν·
3759 4174 3863 4247 μία

2185 4266 2286 4341 γὰρ
2347 4266 2552 4344 ἀμφοῖν
2610 4268 2646 4336 ἡ
2708 4266 3021 4328 ὑπόστασις·
3056 4262 3202 4320 ἀλλὰ
3254 4264 3391 4320 κατὰ
3437 4264 3536 4333 τὴν
3599 4261 3861 4330 οὖσιώδη

2187 4354 2469 4435 διαφοράν.

2347 4498 2416 4561 η’.
2446 4490 2575 4566 Περὶ
2608 4490 2977 4558 ὑποπατιγῆς
3004 4488 3249 4550 ἱνώσεως
3271 4488 3362 4542 καὶ
3391 4484 3681 4565 διαφορᾶς.

2252 4615 2610 4684 Ὑποστατική
2639 4611 2831 4676 ’ένωσίς
2881 4612 3023 4668 ἔστιν
3066 4616 3102 4683 ἡ
3151 4612 3246 4675 τὰς
3296 4610 3591 4690 διαφόρους
3653 4611 3863 4675 οὐσίας

2185 4706 2276 4760 καὶ
2308 4703 2490 4783 φύσεις
2521 4704 2598 4767 εἷς
2624 4703 2679 4759 ἓν
2709 4702 3001 4778 πρόσωπον
3033 4702 3124 4757 καὶ
3154 4702 3278 4775 μίαν
3332 4702 3431 4770 τήν
3478 4700 3655 4769 αὐτὴν
3709 4701 3862 4757 ὑπό-

2186 4815 2367 4849 στασιν
2429 4790 2726 4868 συνάγουσά
2791 4811 2850 4846 τε
2903 4790 2994 4846 καὶ
3053 4788 3366 4859 συνδέουσα,
3416 4792 3529 4844 οἷον
3594 4788 3686 4843 ἐπὶ
3752 4797 3865 4859 τῆς

2184 4882 2501 4955 οἰκονομίας
2528 4885 2625 4936 τοῦ
2656 4880 2853 4954 Κυρίου
2901 4881 3062 4952 ἡμῶν
3091 4881 3273 4950 Ἰησοῦ
3321 4881 3558 4955 Χριστοῦ
3601 4877 3862 4933 ὑποστα-

2179 4973 2305 5040 τικὴ
2339 4970 2548 5045 ἐγένετο
2576 4967 2789 5031 ἵνωσις.
2824 4969 2894 5023 Αἱ
2921 4969 3025 5045 γὰρ
3059 4965 3154 5023 δύο
3186 4968 3372 5047 φύσεις
3398 4966 3547 5038 αὑτῷ
3579 4965 3656 5028 είς
3720 4967 3863 5040 μίαν

2179 5060 2269 5116 καὶ
2327 5063 2426 5130 τήν
2508 5059 2674 5129 αὑτὴν
2765 5056 3053 5113 ὑπόστασιν
3138 5057 3458 5133 ἁσυγχὺτως
3514 5054 3856 5126 ὴνὼθησαν.

2179 5150 2535 5219 Ὑποστατικὴ
2569 5148 2627 5205 δὲ
2658 5147 2769 5203 ἐστι
2812 5144 3066 5222 διαφορὰ,
3101 5145 3224 5202 ὅταν
3284 5147 3339 5201 αἱ
3390 5147 3493 5201 ὑπὸ
3541 5145 3641 5211 τὴν
3716 5143 3861 5218 μίαν

2180 5237 2363 5294 οὐσίαν
2410 5237 2726 5299 ὑποστάσεις
2761 5234 3047 5312 διῄρηνται
3101 5236 3192 5290 ἀπ’
3252 5232 3519 5305 ἀλλήλων
3575 5231 3654 5293 εἷς
3716 5232 3861 5307 ἀρι-

2180 5329 2314 5400 θμὸν
2345 5328 2434 5382 καὶ
2468 5327 2679 5397 πλῆθος
2713 5325 2798 5380 ἐπὶ
2856 5331 2974 5388 τοῖς
3024 5329 3459 5401 χαρακτηρικοῖς
3519 5320 3861 5394 ἱδιώμασιν,

2179 5419 2294 5472 οἷον
2325 5416 2388 5471 σὺ
2416 5417 2505 5473 καὶ
2537 5416 2641 5493 ἐγὼ
2671 5415 2763 5471 καὶ
2793 5413 2988 5477 πάντες
3038 5414 3090 5469 οἱ
3136 5415 3272 5470 κατὰ
3330 5416 3498 5489 μέρος
3557 5410 3858 5485 ἄνθρωποι

2175 5512 2293 5570 τοῖς
2350 5510 2782 5582 χαρακτηρικοῖς
2828 5501 3095 5577 ΐδιώμασι
3176 5501 3505 5582 διαφέρομεν
3564 5497 3855 5570 ἀλλήλων

2174 5595 2312 5651 κατὰ
2338 5594 2433 5659 τάς
2489 5596 2830 5656 ὑποστάσεις.
2862 5594 2950 5657 Ὠς
2999 5593 3126 5671 φὲρε
3170 5591 3337 5648 εἴπεῑν
3398 5592 3504 5667 ἐγὼ
3559 5589 3651 5663 μέν
3722 5588 3851 5662 εἷμί

2179 5685 2407 5760 μακρὸς,
2471 5683 2841 5761 μελάγχρους,
2902 5677 3243 5757 ὑποψελλὸς,
3299 5680 3365 5736 σὺ
3440 5678 3501 5735 δὲ
3573 5675 3850 5751 μισῆλιξ,

2177 5771 2391 5845 λευκὸς,
2432 5773 2523 5830 τὸν
2568 5770 2906 5851 προφορικὸν
2950 5768 3121 5847 λόγον
3184 5771 3369 5847 ὑγιής.
3409 5766 3687 5828 Ὡσαύτως
3748 5767 3856 5823 καὶ
