4042 6198
243 376 348 435 693

1404 377 1504 437 DE
1547 374 1989 438 OMNIFARIA
2034 320 2462 435 DOCTRINA.

3514 367 3637 429 694

245 507 293 559 οἱ
322 503 501 559 λοιποὶ
534 504 667 559 κατᾶ
708 505 877 580 μὲρος
905 502 1179 580 ἄνθρωποι
1210 511 1329 569 τοῖς
1384 507 1661 570 τοιούτοις
1718 504 1863 561 ἰδιώ-

1986 507 2123 575 cris,
2154 505 2308 562 cutis
2338 500 2608 570 candida,
2644 499 2791 556 nihil
2836 498 2896 554 in
2936 496 3153 570 lingua:
3184 512 3292 552 usu
3342 498 3401 552 et
3446 495 3637 554 elocu-

245 616 386 667 μασιν
418 593 783 663 ὑποπατικήν
816 592 1080 673 διαφορὰν
1110 588 1356 671 ἔχουσιν.

423 864 483 916 0'.
518 862 651 938 Περὶ
686 870 950 937 σχετικῆς
981 864 1224 928 ἑνώσεως
1263 865 1349 919 καὶ
1385 862 1675 943 διαφορᾶςῖ

301 954 528 1027 Σχετική
560 948 755 1015 ’ἑνωσίς
786 952 898 1007 ἐστι
929 952 1123 1029 φιλικὴ
1170 950 1427 1027 διάθεσις,
1454 956 1490 1025 ἢ
1545 951 1872 1027 θελημάτων

238 1042 553 1113 ὁμονοητικὴ
588 1041 839 1114 ὁμόνοια.
878 1044 943 1100 Οἱ
974 1048 1100 1118 γοῦν
1147 1042 1331 1122 φιλίαν
1391 1044 1529 1120 πρὸς
1585 1041 1871 1114 ἀλλήλους

238 1129 458 1205 ἔχοντες,
500 1131 641 1186 κατά
692 1132 755 1187 τὸ
812 1130 953 1195 εἶδος
1011 1139 1112 1203 τῆς
1170 1133 1356 1210 φιλίας
1416 1132 1663 1207 λέγονται
1720 1128 1865 1208 ἔχειν

237 1221 474 1295 σχετικὴν
496 1216 717 1276 ἕνωσιν.
752 1223 807 1275 Ὀ
836 1226 963 1297 γοῦν
997 1220 1264 1293 θεήλατος
1309 1221 1601 1297 Νεστόριος
1650 1223 1679 1277 6
1726 1223 1866 1297 αἱρε-

235 1308 369 1371 τικὸς
416 1317 491 1381 μή
553 1308 861 1385 δεχόμενος
908 1312 970 1366 τὸ
1025 1310 1476 1381 ἐκκλησιαστικὸν
1528 1308 1725 1387 δόγμα,
1781 1310 1864 1366 ὅτι

232 1396 372 1459 αὐτὸς
424 1399 452 1452 6
494 1400 628 1461 Θεὸς
671 1398 882 1475 ἐγένετο
931 1401 1213 1476 ἄνθρωπος
1242 1401 1327 1455 καὶ
1378 1400 1566 1471 ἠνώθη
1598 1400 1667 1475 τῇ
1726 1402 1864 1473 ἡμε-

230 1484 342 1557 τέρᾳ
398 1484 575 1562 φύσει,
638 1488 739 1556 τήν
821 1488 917 1560 μὲν
998 1489 1116 1552 καθ’
1178 1488 1465 1543 ὑπόστασιν
1546 1489 1862 1564 ἀπηρνεῖτο,

232 1571 459 1650 ἐφλυάρει
515 1573 575 1629 δὲ
636 1574 719 1631 ὅτι
779 1578 814 1645 ἡ
872 1576 997 1652 ἁγία
1045 1578 1231 1653 Μαρία
1261 1577 1543 1652 ἐγέννησεν
1574 1574 1861 1653 ἄνθρωπον

231 1662 394 1735 ψιλὸν,
427 1664 565 1737 πρὸς
596 1665 656 1719 ’ὸν
700 1665 843 1741 εἶχεν
877 1667 905 1720 6
937 1667 1065 1729 Θεὸς
1097 1666 1148 1737 ἐξ
1193 1666 1367 1738 αὐτῆς
1412 1674 1515 1737 τῆς
1562 1669 1863 1743 γεννήσεως

232 1748 433 1828 φιλικὴν
503 1750 767 1824 διάθεσιν,
810 1756 897 1811 καὶ
977 1754 1259 1831 ὡμολόγει
1324 1759 1418 1832 μὲν
1484 1752 1697 1827 ἕνωσιν,
1754 1756 1863 1832 οὐχ

236 1842 572 1913 ὑποστπικὴν
609 1841 690 1917 δὲ,
718 1843 865 1899 ἀλλὰ
895 1847 1178 1920 σχετικὴν,
1212 1846 1330 1903 ὅθεν
1365 1846 1426 1903 οὐ
1461 1847 1586 1921 μίαν
1622 1847 1858 1903 ὑπόστα-
1894 1885 1939 1949 Β

360 1932 371 1949 ῑ
438 1929 462 1949 Β
501 1931 537 1949 I\
740 1930 791 1949 τι
929 1935 939 1949 1
1007 1939 1033 1949 ι.
1157 1933 1239 1949 -ςκ
1269 1936 1281 1949 ι
1353 1934 1407 1949 κο
1528 1934 1551 1949 α
1748 1937 1758 1949 Ι

234 1950 301 1983 σιν
353 1932 379 1984 6
435 1929 679 1994 δείλαιος
737 1930 1112 2009 ἐδογμάτιζεν,
1146 1933 1293 1991 ἀλλά
1350 1934 1468 2007 δύο,
1524 1934 1860 2012 διῃρημένοις

237 2020 315 2091 μὲν
342 2018 607 2091 ἀλλήλων
642 2022 730 2077 καὶ
761 2024 896 2077 κατά
917 2024 1015 2092 τήν
1049 2023 1231 2080 οὐσίαν
1273 2025 1363 2080 καὶ
1405 2026 1541 2081 κατὰ
1578 2028 1678 2096 τὴν
1728 2024 1859 2083 ὑπό-

235 2127 415 2178 στασιν,
446 2108 742 2183 ἠνωμὲνας
774 2108 833 2166 δὲ
861 2108 1139 2183 ἀλλήλαις
1193 2114 1329 2170 κατά
1371 2113 1581 2192 φιλίαν,
1608 2114 1644 2184 ἢ
1697 2120 1863 2171 ταῦτα

236 2194 458 2271 βουλίαν,
492 2198 529 2268 ἢ
570 2201 860 2273 γνωμικὴν
892 2197 1153 2271 διάθεσιν,
1184 2200 1219 2270 ἢ
1253 2203 1354 2257 ὅσα
1380 2207 1606 2258 τοιαῦτα
1647 2202 1862 2278 ἐληρώ-

229 2282 292 2340 δει
327 2286 555 2350 ἐκεῖνος.

621 2379 673 2435 ι’.
704 2378 835 2452 Περέ
864 2385 965 2449 τῆς
997 2378 1154 2453 ἁγίας
1192 2378 1446 2456 Τριάδος.

286 2468 342 2519 ’[l
371 2465 493 2540 ἁγία
554 2466 646 2521 καὶ
693 2467 966 2537 καθολική
1000 2467 1307 2538 Ἐκκλησία
1356 2470 1449 2526 τὸν
1511 2473 1724 2548 Πατέρα
1782 2471 1868 2528 δο-

227 2555 448 2626 γματίζει
504 2556 826 2630 ἀγέννητον,
873 2558 966 2612 τὸν
1027 2555 1086 2612 δὲ
1153 2559 1276 2613 Υἱὸν
1340 2561 1601 2635 γεννητὸν
1660 2561 1718 2616 ἐκ
1767 2567 1866 2618 τοῦ

234 2644 435 2719 Πατρός,
493 2645 587 2700 καὶ
645 2647 710 2701 τὸ
767 2651 989 2719 Πνεῦμα
1045 2646 1367 2722 ἐκπορευτὸν
1419 2649 1480 2705 ἐκ
1538 2651 1715 2723 μόνου
1773 2657 1870 2706 τοῦ

233 2734 437 2808 Ματρὸς,
469 2732 603 2789 ἀλλ’
635 2734 769 2810 οὑχί
798 2736 887 2790 καὶ
920 2735 982 2792 ἐκ
1016 2741 1113 2792 τοῦ
1146 2738 1294 2795 Υὶοῦ.
1325 2740 1615 2813 Ὀνομάζει
1667 2737 1724 2795 δὲ
1771 2742 1866 2796 τὸν

231 2822 331 2921 ἷξον
381 2822 562 2898 Λόγον
633 2830 731 2879 τοῦ
806 2826 1018 2901 Πατρὸς
1072 2824 1161 2881 καί
1236 2826 1590 2904 ἀπαύγασμα,
1644 2826 1734 2884 διὰ
1807 2832 1869 2886 τὸ

231 2907 335 2963 ἄνευ
379 2910 725 2985 συνδυασμοῦ
781 2914 1028 2983 ἀπαθῶς,
1081 2914 1351 2991 ἁγρόνως,
1413 2906 1869 2993 ἀῤῥεῦστως,καῖ

232 2995 533 3072 ἀχωρίστως
576 2980 925 3077 γεγεννῆσθαι
974 2980 1033 3058 ἐκ
1225 2980 1462 3079 Πατρός..
1488 2980 1613 3062 Ϋὶὸν
1676 2980 1748 3062 δὲι
1781 2980 1871 3063 καἱ

230 3097 529 3166 χαρακτῆρα
583 3097 685 3160 τῆς
741 3099 1009 3168 πατρικῆς
1057 3094 1425 3165 ὑποστάσεως,
1460 3093 1550 3150 διὰ
1606 3098 1669 3151 τὸ
1697 3096 1869 3157 τέλει,

231 3196 281 3228 ον
307 3179 389 3231 καί
422 3179 778 3235 ἑνυπόστατον
811 3180 903 3235 καὶ
932 3184 1072 3237 κατὰ
1102 3181 1275 3238 πάντα
1319 3182 1511 3256 ὅμοιον
1561 3190 1641 3258 τῷ
1698 3185 1866 3261 Πατρῖ

226 3263 336 3319 εἶναι
366 3264 509 3336 πλὴν
560 3271 660 3335 τῆς
714 3270 1052 3345 ἆγεννησίας.
1084 3277 1361 3347 Μονογενῆ
1423 3271 1500 3342 δὲ,
1552 3274 1633 3330 ὅτι
1698 3277 1864 3349 μόνος

230 3351 280 3408 ἐκ
322 3361 413 3409 τοῦ
446 3359 656 3434 Πατρὸς
685 3358 974 3433 ἐγεννήθη,
1011 3359 1073 3415 Εἰ
1120 3360 1219 3435 γὰρ
1278 3363 1367 3416 καὶ
1420 3362 1482 3417 τὸ
1542 3368 1761 3436 Πνεῦμα
1805 3366 1868 3420 16

232 3443 364 3516 ἅγιον
396 3445 455 3501 ἑκ
488 3447 662 3521 μόνου
692 3454 789 3503 τοῦ
829 3450 1035 3525 [ἰατρὸς
1081 3450 1453 3526 ἐκπορεύεται,
1484 3452 1610 3509 ἀλλ’
1643 3453 1706 3508 οὐ
1755 3442 1871 3530 γεν-

230 3536 508 3635 “Tifata-5:)
599 3538 959 3635 ἑκπορευτῶς.
986 3539 1202 3602 ’Ἀλλος
1237 3538 1295 3595 δὲ
1338 3543 1543 3616 τρόπος
1594 3544 1871 3618 ὑπάρξεως

230 3624 403 3725 ρῧτος.
434 3626 495 3725 :H
612 3628 863 3702 γέννησις
893 3628 985 3682 καὶ
1023 3630 1058 3698 ἡ
1093 3627 1432 3705 ἐκπόρευσις,
1464 3631 1539 3693 ὡς
1592 3630 1649 3686 δὲ
1693 3632 1782 3687 καὶ
1830 3635 1865 3703 ἡ

221 3712 484 3782 ἆγεννησὶα
512 3713 575 3768 οὑ
606 3714 864 3788 σημαίνει
895 3716 1086 3779 οὐσίας
1144 3714 1429 3796 διαφορὰν,
1462 3717 1591 3775 οὐδὲ
1632 3719 1867 3795 ἀξίωμα,

238 3796 364 3854 ἀλλᾶ
390 3802 593 3876 τρόπον
627 3805 927 3879 ὑπάρξεως-

607 3894 696 3949 ια’.
730 3894 862 3969 Περὶ
889 3901 990 3963 τῆς
1022 3894 1174 3971 ἁγίας
1211 3895 1471 3970 Τριάδος.

300 3978 353 4033 Ὁ
400 3980 491 4051 μὲν
544 3982 734 4058 Πατήρ
796 3982 982 4058 ἄρτιος
1039 3984 1129 4038 καὶ
1186 3984 1496 4060 ἆγὲννητος,
1530 3987 1596 4043 οὑ
1653 3991 1755 4065 γὰρ
1809 3988 1869 4046 ἔκ

237 4084 384 4138 τινος,
414 4066 540 4123 ἀλλ’
571 4070 624 4141 ἐξ
656 4072 850 4126 ἑαυτοῦ
876 4073 940 4127 τὸ
972 4074 1104 4127 εἶναι
1135 4071 1274 4149 ἔχει.
1307 4076 1367 4133 Ὁ
1410 4073 1467 4131 δὲ
1513 4077 1635 4140 Υἱὸς
1683 4078 1743 4133 ἐκ
1770 4084 1867 4134 τοῦ

239 4157 428 4230 Πατρὸς
457 4164 759 4233 γεεμνητῶς.
790 4160 862 4215 T6
906 4158 963 4216 δὲ
1011 4165 1232 4235 Πνεῦμα
1272 4163 1336 4217 τὸ
1388 4165 1560 4240 ἅγιυν,
1594 4166 1683 4221 καὶ
1737 4167 1867 4223 αὐτὸ

244 4243 330 4345 μὲν
382 4244 440 4345 εκ
470 4250 859 4345 ,τοῦῌῌατρὸς
920 4248 1112 4322 μόνου,
1144 4249 1270 4308 ἀλλ’
1299 4251 1657 4329 ἐκπορευτῶς.
1718 4257 1867 4331 ’Δμα

240 4331 413 4433 όὲῃκαὶ
461 4338 493 4405 ἡ
538 4341 637 4433 τοῦ
671 4338 798 4392 Ποῦ
829 4336 888 4393 ὲκ
914 4343 1010 4393 τοῦ
1044 4341 1251 4416 Πατρὸς
1288 4340 1555 4416 γέννησις,
1586 4343 1676 4399 καὶ
1702 4347 1737 4416 ἠ
1768 4352 1864 4401 τοῦ

236 4420 374 4493 ἁγίου
420 4424 734 4499 Ιῐνεόματος
781 4426 1119 4498 ἐκπόρευσις.
1169 4429 1265 4491 Τίς
1315 4428 1371 4486 δὲ
1411 4432 1440 4485 ὁ
1489 4433 1691 4507 τρόπος
1746 4433 1862 4491 δια-

238 4516 392 4583 φορᾶς
419 4515 717 4588 γεννήσεως
763 4513 856 4571 καὶ
898 4514 1288 4593 ἆκπορεῦσεως,
1322 4520 1423 4575 οὐκ
1469 4519 1606 4577 οἶδεν
1662 4522 1859 4587 οὐδείς.

1987 598 2145 652 tione
2176 594 2320 651 vitii.
2355 591 2623 650 Similem
2670 588 2731 643 in
2783 588 3025 643 modum
3057 589 3116 641 et
3144 583 3363 657 singuli
3396 583 3493 640 alii
3526 585 3631 642 ho-

1985 686 2175 741 mines
2234 680 2691 755 proprietatibus
2749 675 3063 748 ejusmodi,
3126 673 3282 730 velut
3342 673 3612 746 personal

1984 772 2314 829 differentia
2342 770 2810 840 distinguuntur.

2248 862 2302 915 9.
2336 862 2410 916 De
2440 859 2679 914 relatan
2708 856 2911 912 unione
2938 862 2992 911 et
3024 852 3364 925 diﬂerentz’a.

2052 949 2308 1006 Relativa
2340 949 2475 1004 unio
2504 952 2561 1004 et
2585 946 2776 1001 amica
2804 948 2862 1000 et
2893 942 3267 999 consentiens
3297 940 3633 997 animorum

1978 1038 2465 1110 voluntatumque
2513 1033 2890 1107 conspiratio.
2924 1032 3032 1099 Qui
3081 1031 3265 1104 igitur
3313 1027 3630 1087 amicitiam

1975 1129 2224 1185 invicem
2275 1127 2494 1197 colunt,
2543 1124 2768 1181 ratione
2816 1123 2997 1194 hujus
3046 1120 3340 1190 amicitiae,
3393 1115 3631 1173 relativa

1975 1218 2195 1273 unione
2215 1215 2409 1289 juncti
2439 1231 2568 1271 esse
2598 1214 2896 1269 dicuntur.
2934 1210 3236 1269 Nestorius
3266 1207 3469 1279 itaque
3508 1204 3625 1262 ha-

1974 1308 2191 1364 reticus
2233 1325 2266 1362 a
2297 1306 2466 1362 furiis
2492 1305 2750 1378 agitatus
2780 1320 2913 1358 cum
2947 1304 3244 1372 respueret
3272 1293 3623 1354 ecclesiasti-

1973 1413 2108 1452 cum
2158 1397 2373 1467 dogma
2421 1395 2578 1467 quod
2624 1392 2882 1448 afﬁrmat
2927 1390 3109 1446 Deum
3158 1388 3353 1461 ipsum
3406 1386 3622 1440 factum

1971 1502 2099 1542 esse
2158 1484 2459 1541 hominem
2519 1486 2576 1539 et
2631 1484 2851 1536 natura;
2906 1482 3115 1534 nostrae
3174 1475 3428 1539 unitum,
3461 1474 3623 1530 illam

1972 1576 2250 1632 unionem
2304 1571 2670 1647 personatam
2721 1570 2973 1643 negavit,
3007 1574 3063 1624 et
3094 1570 3350 1639 nugatus
3400 1569 3488 1621 est
3515 1566 3622 1624 ho-

1973 1668 2191 1722 minem
2245 1666 2467 1721 nudum
2520 1667 2725 1718 natum
2758 1678 2886 1716 esse
2917 1678 2948 1715 e
2979 1664 3182 1715 sancta
3212 1657 3412 1726 Maria,
3445 1672 3620 1727 quem

1970 1758 2044 1813 ab
2074 1758 2205 1829 ipsa
2236 1771 2422 1827 usque
2471 1752 2773 1809 nativitate
2810 1752 2958 1806 Deus
3005 1764 3203 1804 amore
3232 1749 3389 1802 esset
3423 1761 3618 1816 prose-

1971 1850 2189 1903 cutus:
2233 1846 2491 1916 adeoque
2541 1842 2844 1897 cont‘cssus
2887 1838 3123 1912 quidem
3183 1839 3273 1892 est
3315 1833 3614 1907 unionem,

1972 1954 2088 1993 non
2120 1931 2488 2007 personalem
2541 1935 2764 1997 autem,
2793 1929 2896 1984 sed
2945 1926 3267 1995 relativum,
3299 1924 3456 1980 unde
3498 1938 3615 1981 non

1972 2044 2152 2084 unam
2182 2041 2494 2099 personam
2548 2023 2727 2079 miser
2773 2020 2871 2077 ille
2917 2017 3139 2089 docuit,
3169 2017 3269 2073 sed
3322 2017 3491 2079 duas,
3523 2030 3615 2070 es-

1971 2116 2160 2173 sentia
2188 2120 2245 2172 et
2274 2130 2524 2187 persona
2569 2110 2816 2166 invicem
2858 2108 3190 2173 distinctas,
3214 2106 3457 2177 junctus
3483 2118 3614 2159 vero

1972 2222 2170 2262 amore
2199 2209 2256 2261 et
2279 2204 2482 2259 eadem
2512 2200 2758 2258 volendo
2789 2214 2855 2254 ac
2884 2196 3213 2262 sentiendo,
3246 2199 3302 2251 et
3331 2211 3456 2266 qua
3488 2191 3618 2264 plu-

1975 2315 2039 2353 ra
2071 2294 2478 2368 hujuscemodi
2510 2292 2610 2349 ille
2639 2289 2931 2347 deliravit.
3670 2296 3671 2303 ‘

2358 2385 2445 2439 lO.
2480 2384 2553 2438 De
2576 2381 2919 2437 sanctissima
2951 2378 3240 2433 Trinitate.

2050 2478 2264 2532 Sancta
2293 2479 2351 2531 et
2381 2471 2668 2529 catholica
2705 2467 2964 2525 Ecclesia
2988 2467 3220 2522 Patrem
3252 2464 3422 2520 docet
3451 2461 3619 2534 inge-

1979 2566 2191 2631 nitum,
2224 2563 2432 2619 Filium
2483 2559 2746 2632 genitum
2797 2574 2866 2613 ex
2921 2556 3102 2624 Patre,
3136 2557 3193 2609 et
3238 2551 3522 2625 Spiritum
3555 2566 3626 2605 ex

1981 2654 2103 2710 solo
2137 2653 2547 2726 procedentem
2594 2650 2782 2715 Patre,
2813 2663 2925 2702 non
2956 2662 3025 2701 ex
3056 2642 3222 2711 Filio,
3254 2657 3425 2714 quem
3458 2643 3626 2695 vocat

1986 2743 2221 2798 Verbum
2267 2740 2453 2796 Patris
2498 2741 2552 2794 et
2598 2735 2967 2806 splendorem,
3004 2733 3144 2804 quia
3189 2731 3317 2787 sine
3353 2728 3625 2795 coitione,

1982 2829 2451 2903 impassibiliter,
2482 2841 2588 2884 nec
2629 2826 2690 2881 in
2722 2830 3005 2896 tempore,
3037 2826 3093 2877 et
3140 2820 3267 2877 sine
3295 2819 3526 2875 deﬂuxu
3560 2835 3628 2875 ac

1981 2919 2351 2993 separatione
2407 2921 2579 2973 natus
2637 2918 2727 2971 est
2782 2930 2849 2970 ex
2901 2913 3093 2978 Patre,
3122 2910 3331 2965 Filium
3385 2922 3520 2963 vero
3573 2913 3630 2962 et

1979 3008 2349 3064 characterem
2394 3018 2649 3074 personae
2697 3001 2913 3069 Patris,
2946 2998 3086 3071 quia
3115 2997 3407 3069 perfectus
3454 2998 3543 3050 est
3571 2997 3631 3049 et

1981 3100 2275 3173 propriam
2308 3111 2619 3166 personam
2640 3093 2897 3163 habet,et
2927 3106 3031 3162 per
3061 3088 3261 3144 omnia
3290 3086 3503 3142 similis
3534 3090 3628 3141 est

1980 3190 2156 3259 Patri,
2215 3187 2328 3243 nisi
2384 3186 2538 3257 quod
2593 3182 2693 3238 ille
2750 3185 2839 3237 est
2893 3178 3215 3251 ingenitus,
3278 3174 3629 3247 Unigenilum

1979 3280 2177 3343 etiam,
2234 3276 2389 3349 quod
2424 3274 2588 3330 solus
2619 3289 2688 3329 ex
2735 3270 2906 3325 Patre
2953 3272 3129 3322 natus
3177 3268 3285 3321 est.
3317 3264 3463 3318 Nam
3494 3261 3631 3317 licet

1979 3367 2235 3440 Spiritus
2265 3368 2504 3422 sanctus
2533 3376 2765 3435 quoque
2795 3376 2864 3416 ex
2901 3355 3024 3414 solo
3056 3356 3222 3411 Patre
3253 3351 3537 3426 procedit,
3571 3354 3632 3405 at

1985 3474 2100 3512 non
2131 3473 2234 3528 per
2263 3451 2696 3527 generationem
2749 3448 2850 3504 sed
2883 3462 2985 3518 per
3015 3441 3472 3518 processionem,
3504 3456 3632 3511 quae

1978 3545 2094 3602 alia
2121 3549 2212 3601 est
2258 3540 2578 3600 exsistendi
2629 3537 2798 3595 ratio.
2831 3534 3139 3593 Generatio
3188 3535 3387 3588 autem
3419 3536 3477 3585 et
3507 3544 3637 3601 pro-

1978 3633 2166 3690 cessio
2197 3627 2697 3704 quemadmodum
2731 3625 2908 3681 etiam
2938 3623 3027 3695 (ut
3055 3623 3138 3678 ita
3167 3617 3633 3690 dicam)ingene-

1979 3722 2244 3778 rabilitas
2300 3736 2416 3776 non
2472 3715 2740 3775 essentia
2795 3708 3035 3770 denotat
3086 3707 3480 3767 differentiam
3529 3708 3633 3761 aut

1978 3812 2348 3886 dignitatem,
2383 3808 2484 3865 sed
2519 3806 2760 3862 modum
2792 3801 3134 3860 exsistendi.

2352 3899 2438 3954 11.
2475 3902 2554 3953 De
2581 3893 2931 3950 sanctissima
2966 3891 3255 3947 Trinitate.

2048 3995 2217 4047 Pater
2246 3987 2483 4061 quidem
2532 3983 2825 4057 perfectus
2856 3985 2915 4037 et
2964 3976 3287 4051 ingenitus,
3321 3989 3436 4030 non
3466 3970 3623 4029 enim

1976 4096 2044 4135 ex
2070 4079 2184 4134 alio
2216 4078 2317 4132 sed
2348 4092 2418 4131 ex
2447 4074 2642 4145 seipse
2675 4071 2850 4126 habet
2879 4068 3035 4141 quod
3069 4070 3178 4123 est.
3212 4063 3396 4121 Filius
3425 4065 3624 4118 autem

1975 4186 2008 4224 a
2043 4170 2205 4224 Patre
2239 4183 2340 4239 per
2369 4162 2830 4236 generationem,
2863 4162 2919 4213 et
2946 4156 3198 4229 Spiritus
3228 4154 3471 4209 sanctus
3501 4150 3627 4222 ipse

1973 4258 2150 4314 etiam
2182 4237 2257 4312 ei
2278 4252 2402 4310 solo
2436 4251 2624 4319 Patre,
2658 4248 2757 4304 sed
2793 4264 2897 4319 per
2948 4241 3405 4318 processionem.
3439 4237 3627 4294 Simul

1970 4364 2105 4404 vero
2134 4349 2190 4401 et
2237 4342 2455 4416 pariter
2501 4355 2569 4395 ex
2614 4339 2786 4393 Patre
2831 4340 2890 4391 et
2936 4333 3174 4407 genitus
3220 4333 3311 4386 est
3356 4326 3539 4383 Filius
3567 4328 3627 4382 et

1970 4415 2523 4508 Spiritusisanctus
2580 4423 2885 4500 processit.
2919 4428 3054 4490 Quae
3108 4434 3283 4493 porro
3332 4417 3410 4473 sit
3460 4415 3628 4472 diffe-

1970 4504 2170 4582 rentiis
2200 4522 2355 4578 inter
2402 4515 2842 4592 generationem
2871 4529 2937 4569 ac
2983 4508 3419 4584 processionem
3452 4504 3627 4576 ratio,

239 4599 568 4676 Διαφξρουσιν
603 4603 698 4658 οὖν
749 4605 803 4659 αἱ
855 4605 1174 4669 ὑποστάσεις
1222 4607 1412 4681 μόναις
1456 4616 1574 4673 ταῖς
1635 4612 1863 4669 ὑποστα-

1978 4631 2146 4672 nemo
2180 4628 2332 4669 unus
2381 4609 2564 4665 novit.
2609 4605 2896 4662 Differ-unt
2943 4601 3125 4675 igitur
3175 4614 3437 4672 personis
3484 4594 3627 4653 solis

225 4692 383 4750 τικαῖς
418 4687 706 4763 ἰδιότησιν,
735 4690 860 4763 ἤτοι
900 4698 968 4768 τῇ
1018 4694 1310 4770 ἀγεννησία
1348 4697 1438 4752 καὶ
1486 4703 1555 4773 τῇ
1610 4704 1853 4775 γεννήσει

227 4776 396 4843 καὶτῆ
448 4778 782 4856 ὶκπορεὺσει,
816 4780 1135 4859 ἀδιαιρέτως
1182 4784 1271 4839 καὶ
1322 4791 1489 4842 ταῦτα
1536 4785 1853 4865 διαιρούμε-

224 4868 599 4956 γαιιἚκαστον
645 4869 703 4925 δὲ
750 4875 857 4925 τῶν
908 4876 1077 4945 τριῶν
1128 4874 1438 4949 προσώπων
1487 4877 1697 4934 τελείαν
1739 4875 1854 4956 ἔχει

227 4951 522 5044 ὑπόστασιν.
566 4959 658 5015 Ἐν
724 4960 828 5034 γὰρ
882 4959 1028 5035 τρισί
1083 4958 1318 5038 τελείαις
1378 4964 1698 5023 ὑποστάσεσι
1759 4951 1856 5044 μία

222 5040 547 5144 (Baliarici:
602 5044 950 5123 ὑπερτέλειος
990 5049 1080 5103 καὶ
1127 5049 1465 5125 προτέλειος.
1499 5040 1854 5131 Παράκλητον

224 5131 272 5183 δὲ
296 5133 384 5186 καὶ
411 5135 468 5188 16
496 5140 719 5209 Πνεῦμα
763 5136 853 5192 καὶ
910 5137 1004 5193 τὸν
1062 5138 1184 5193 Υἱὸν
1246 5139 1608 5216 ὀνομάζομεν,
1638 5145 1713 5209 ὡς
1763 5147 1858 5209 τὰς

218 5222 313 5321 τῶν
345 5220 483 5321 {hev
519 5224 898 5321 παρακλήσεις
928 5223 1250 5321 δεχόμενον.
1283 5230 1359 5287 Τὸ
1410 5233 1593 5305 μέντοι
1638 5240 1859 5310 Πνεῦμα

222 5315 392 5400 ξκᾼτοῦ
426 5315 630 5391 Πατρός
664 5336 840 5393 φαμεν
874 5315 1279 5392 ἐκπορεύεσθαι,
1321 5318 1393 5375 δι’
1422 5323 1550 5377 Υἱοῦ
1578 5322 1635 5379 δέ
1695 5347 1856 5400 μετα-

227 5393 453 5465 δίόοσθαι

1970 4703 2377 4780 personalibus
2400 4689 3424 4772 proprietatibus,ingenerabilitate,
3444 4701 3624 4759 gene-

1964 4776 2190 4851 ratione
2221 4797 2278 4849 et
2324 4790 2719 4864 proccssione.
2753 4790 2931 4856 atque
2982 4780 3340 4837 indistincta:
3368 4776 3618 4833 invicem

1958 4875 2048 4942 ita
2068 4902 2102 4941 a
2125 4900 2187 4940 se
2213 4874 2975 4952 distinguuntur.Quaelibet
2995 4876 3194 4929 autem
3217 4869 3398 4926 trium
3424 4881 3620 4940 perso-

1967 4991 2177 5030 narum
2235 4972 2551 5045 perfectam
2600 4963 2948 5040 bypostasin
3000 4962 3124 5019 sive
3170 4956 3619 5016 subsistentiam

1964 5063 2187 5119 habet:
2221 5060 2432 5132 hisque
2485 5057 2678 5113 tribus
2728 5053 3002 5127 perlectis
3050 5047 3473 5123 hypostasibus
3505 5051 3625 5100 una

1966 5150 2218 5225 simplex
2239 5148 2761 5219 essentia,omnem
2786 5140 3242 5215 supergrediens
3265 5140 3443 5208 atque
3455 5136 3622 5189 ante-

1967 5221 2184 5299 cellens
2214 5236 2655 5312 perfectionem,
2688 5236 2937 5290 constat.
2974 5228 3340 5287 Paracletum
3373 5221 3632 5294 denique

1967 5347 2246 5388 vocamus
2276 5333 2333 5383 et
2364 5326 2574 5383 Filium
2606 5328 2665 5380 et
2695 5322 2979 5394 Spiritum
3016 5321 3287 5375 sanctum
3320 5312 3459 5387 quia
3479 5315 3632 5368 uter'

1967 5438 2083 5492 que
2123 5418 2390 5476 omnium
2442 5414 2807 5490 precationes
2838 5410 3069 5481 excipit.
3119 5409 3187 5463 Et
3240 5404 3532 5492 Spiritum
3563 5416 3630 5456 ex

1970 5488 2139 5566 Patre
2170 5488 2540 5564 afﬁrmamus
2568 5501 2902 5577 procedere,
2934 5516 2969 5554 a
2998 5496 3142 5554 Filio
3172 5498 3369 5552 autem
3402 5488 3551 5548 dari.

288 5675 507 5767 fine
540 5700 728 5767 usque
758 5684 938 5767 editio
962 5684 1099 5743 Joh.
1133 5688 1464 5762 ngelini,
1493 5696 1772 5767 Augusta
1803 5608 2253 5756 Iillii'lrtiﬂelicoru)u
2304 5697 2371 5751 A.
2406 5691 2565 5760 1611,
2597 5689 2657 5745 in
2687 5688 2722 5743 8
2752 5704 2841 5744 vo.
2875 5687 3010 5751 Quae
3059 5684 3409 5755 sequuntur,
3459 5686 3616 5729 nunc

224 5759 471 5815 Primum
499 5757 806 5825 prodeunt.
