  <div class='ocr_page' id='page_1' title='image "/cluster/home/n/w/nwhite01/storage/ocr_20150623/122/hvd.32044073502460/362.png"; bbox 0 0 4042 6198; ppageno 0'>
   <div class='ocr_carea' id='block_1_1' title="bbox 260 366 365 427">
    <p class='ocr_par' dir='ltr' id='par_1_1' title="bbox 260 366 365 427">
     <span class='ocr_line' id='line_1_1' title="bbox 260 366 365 427; baseline -0.048 1"><span class='ocrx_word' id='word_1_1' title='bbox 260 366 365 427; x_wconf 73' lang='grc'>697</span> 
     </span>
    </p>
   </div>
   <div class='ocr_carea' id='block_1_2' title="bbox 1412 366 2464 429">
    <p class='ocr_par' dir='ltr' id='par_1_2' title="bbox 1412 366 2464 429">
     <span class='ocr_line' id='line_1_2' title="bbox 1412 366 2464 429; baseline -0.002 -2"><span class='ocrx_word' id='word_1_2' title='bbox 1412 367 1515 428; x_wconf 88' lang='lat' dir='ltr'>DE</span> <span class='ocrx_word' id='word_1_3' title='bbox 1559 366 1996 428; x_wconf 78' lang='lat' dir='ltr'><strong>OMNIFARIA</strong></span> <span class='ocrx_word' id='word_1_4' title='bbox 2048 368 2464 429; x_wconf 79' lang='lat' dir='ltr'>DOCTRINA.</span> 
     </span>
    </p>
   </div>
   <div class='ocr_carea' id='block_1_3' title="bbox 3526 352 3648 411">
    <p class='ocr_par' dir='ltr' id='par_1_3' title="bbox 3526 352 3648 411">
     <span class='ocr_line' id='line_1_3' title="bbox 3526 352 3648 411; baseline 0.008 -1"><span class='ocrx_word' id='word_1_5' title='bbox 3526 352 3648 411; x_wconf 73' lang='lat'>698</span> 
     </span>
    </p>
   </div>
   <div class='ocr_carea' id='block_1_4' title="bbox 264 484 1894 571">
    <p class='ocr_par' dir='ltr' id='par_1_4' title="bbox 264 491 1883 571">
     <span class='ocr_line' id='line_1_4' title="bbox 264 491 1883 571; baseline -0.001 -23"><span class='ocrx_word' id='word_1_6' title='bbox 264 494 450 554; x_wconf 78' lang='grc' dir='ltr'>στάσεις</span> <span class='ocrx_word' id='word_1_7' title='bbox 476 498 576 560; x_wconf 77' lang='grc' dir='ltr'>τῆς</span> <span class='ocrx_word' id='word_1_8' title='bbox 603 491 755 568; x_wconf 75' lang='grc' dir='ltr'>ἁγίας</span> <span class='ocrx_word' id='word_1_9' title='bbox 784 492 1041 564; x_wconf 77' lang='grc' dir='ltr'>θεότητος</span> <span class='ocrx_word' id='word_1_10' title='bbox 1098 495 1296 557; x_wconf 68' lang='grc' dir='ltr'>πάσαις</span> <span class='ocrx_word' id='word_1_11' title='bbox 1344 498 1464 561; x_wconf 85' lang='grc' dir='ltr'>ταῖς</span> <span class='ocrx_word' id='word_1_12' title='bbox 1515 502 1615 565; x_wconf 85' lang='grc' dir='ltr'>τῆς</span> <span class='ocrx_word' id='word_1_13' title='bbox 1672 496 1883 571; x_wconf 80' lang='grc' dir='ltr'>ἀνθρω-</span> 
     </span>
    </p>
   </div>
   <div class='ocr_carea' id='block_1_5' title="bbox 2009 484 3650 571">
    <p class='ocr_par' dir='ltr' id='par_1_5' title="bbox 2009 484 3650 568">
     <span class='ocr_line' id='line_1_5' title="bbox 2009 484 3650 568; baseline -0.009 -18"><span class='ocrx_word' id='word_1_14' title='bbox 2009 497 2262 568; x_wconf 69' lang='lat' dir='ltr'>personis</span> <span class='ocrx_word' id='word_1_15' title='bbox 2294 496 2572 553; x_wconf 87' lang='lat' dir='ltr'>humanis</span> <span class='ocrx_word' id='word_1_16' title='bbox 2599 492 2798 549; x_wconf 88' lang='lat' dir='ltr'>unitas</span> <span class='ocrx_word' id='word_1_17' title='bbox 2821 506 2948 546; x_wconf 88' lang='lat' dir='ltr'>esse</span> <span class='ocrx_word' id='word_1_18' title='bbox 2980 485 3381 560; x_wconf 76' lang='lat' dir='ltr'>personaliter,</span> <span class='ocrx_word' id='word_1_19' title='bbox 3413 484 3650 554; x_wconf 67' lang='lat' dir='ltr'>integra:</span> 
     </span>
    </p>
   </div>
   <div class='ocr_carea' id='block_1_6' title="bbox 260 582 1890 658">
    <p class='ocr_par' dir='ltr' id='par_1_6' title="bbox 260 582 1890 658">
     <span class='ocr_line' id='line_1_6' title="bbox 260 582 1890 658; baseline 0 -21"><span class='ocrx_word' id='word_1_20' title='bbox 260 583 480 651; x_wconf 70' lang='grc' dir='ltr'>πότητος</span> <span class='ocrx_word' id='word_1_21' title='bbox 514 582 843 636; x_wconf 69' lang='grc' dir='ltr'>ὑποστάσεσι</span> <span class='ocrx_word' id='word_1_22' title='bbox 890 584 1007 636; x_wconf 83' lang='grc' dir='ltr'>καθ’</span> <span class='ocrx_word' id='word_1_23' title='bbox 1041 583 1329 638; x_wconf 71' lang='grc' dir='ltr'>ὑπόστασιν</span> <span class='ocrx_word' id='word_1_24' title='bbox 1364 584 1677 654; x_wconf 73' lang='grc' dir='ltr'>ἠνώθησαν.</span> <span class='ocrx_word' id='word_1_25' title='bbox 1742 583 1890 658; x_wconf 78' lang='grc' dir='ltr'>Πάσῃ</span> 
     </span>
    </p>
   </div>
   <div class='ocr_carea' id='block_1_7' title="bbox 262 670 1889 749">
    <p class='ocr_par' dir='ltr' id='par_1_7' title="bbox 262 670 1889 749">
     <span class='ocr_line' id='line_1_7' title="bbox 262 670 1889 749; baseline 0 -23"><span class='ocrx_word' id='word_1_26' title='bbox 262 670 311 726; x_wconf 70' lang='grc' dir='ltr'>δὲ</span> <span class='ocrx_word' id='word_1_27' title='bbox 358 675 420 744; x_wconf 67' lang='grc' dir='ltr'>τῇ</span> <span class='ocrx_word' id='word_1_28' title='bbox 475 671 789 745; x_wconf 75' lang='grc' dir='ltr'>ἀνθρωπίνῃ</span> <span class='ocrx_word' id='word_1_29' title='bbox 849 671 1007 743; x_wconf 82' lang='grc' dir='ltr'>φύσει</span> <span class='ocrx_word' id='word_1_30' title='bbox 1064 673 1237 749; x_wconf 77' lang='grc' dir='ltr'>φαμὲν</span> <span class='ocrx_word' id='word_1_31' title='bbox 1291 672 1555 741; x_wconf 62' lang='grc' dir='ltr'>ἄνωθῆναι</span> <span class='ocrx_word' id='word_1_32' title='bbox 1589 679 1760 727; x_wconf 76' lang='grc' dir='ltr'>πᾶσαν</span> <span class='ocrx_word' id='word_1_33' title='bbox 1794 674 1889 740; x_wconf 70' lang='grc' dir='ltr'>τὴν</span> 
     </span>
    </p>
   </div>
   <div class='ocr_carea' id='block_1_8' title="bbox 261 758 1891 838">
    <p class='ocr_par' dir='ltr' id='par_1_8' title="bbox 261 758 1891 838">
     <span class='ocr_line' id='line_1_8' title="bbox 261 758 1891 838; baseline 0.002 -25"><span class='ocrx_word' id='word_1_34' title='bbox 261 768 348 829; x_wconf 80' lang='grc' dir='ltr'>τῆς</span> <span class='ocrx_word' id='word_1_35' title='bbox 398 760 650 829; x_wconf 81' lang='grc' dir='ltr'>θεότητος</span> <span class='ocrx_word' id='word_1_36' title='bbox 701 758 906 815; x_wconf 77' lang='grc' dir='ltr'>οὐσίαν.</span> <span class='ocrx_word' id='word_1_37' title='bbox 960 762 1089 816; x_wconf 83' lang='grc' dir='ltr'>Κατ’</span> <span class='ocrx_word' id='word_1_38' title='bbox 1146 759 1337 816; x_wconf 78' lang='grc' dir='ltr'>ούδένα</span> <span class='ocrx_word' id='word_1_39' title='bbox 1360 762 1460 838; x_wconf 83' lang='grc' dir='ltr'>γὰρ</span> <span class='ocrx_word' id='word_1_40' title='bbox 1515 760 1679 836; x_wconf 74' lang='grc' dir='ltr'>λόγον</span> <span class='ocrx_word' id='word_1_41' title='bbox 1721 783 1891 816; x_wconf 80' lang='grc' dir='ltr'>κεκοι-</span> 
     </span>
    </p>
   </div>
   <div class='ocr_carea' id='block_1_9' title="bbox 261 838 1893 926">
    <p class='ocr_par' dir='ltr' id='par_1_9' title="bbox 261 838 1893 926">
     <span class='ocr_line' id='line_1_9' title="bbox 261 838 1893 926; baseline 0 -22"><span class='ocrx_word' id='word_1_42' title='bbox 261 852 478 920; x_wconf 80' lang='grc' dir='ltr'>νώνηκεν</span> <span class='ocrx_word' id='word_1_43' title='bbox 526 851 555 903; x_wconf 92' lang='lat'>6</span> <span class='ocrx_word' id='word_1_44' title='bbox 590 851 780 924; x_wconf 79' lang='grc' dir='ltr'>Πατὴρ</span> <span class='ocrx_word' id='word_1_45' title='bbox 807 850 897 905; x_wconf 83' lang='grc' dir='ltr'>καὶ</span> <span class='ocrx_word' id='word_1_46' title='bbox 944 851 1008 905; x_wconf 92' lang='grc' dir='ltr'>τὸ</span> <span class='ocrx_word' id='word_1_47' title='bbox 1058 856 1279 925; x_wconf 72' lang='grc' dir='ltr'>Πνεῦμα</span> <span class='ocrx_word' id='word_1_48' title='bbox 1303 852 1364 905; x_wconf 87' lang='grc' dir='ltr'>τὺ</span> <span class='ocrx_word' id='word_1_49' title='bbox 1394 849 1548 926; x_wconf 76' lang='grc' dir='ltr'>ἅγιον</span> <span class='ocrx_word' id='word_1_50' title='bbox 1579 838 1893 926; x_wconf 54' lang='grc' dir='ltr'>τῇθσαρκώ-</span> 
     </span>
    </p>
   </div>
   <div class='ocr_carea' id='block_1_10' title="bbox 262 940 1890 1017">
    <p class='ocr_par' dir='ltr' id='par_1_10' title="bbox 262 940 1890 1017">
     <span class='ocr_line' id='line_1_10' title="bbox 262 940 1890 1017; baseline -0.001 -21"><span class='ocrx_word' id='word_1_51' title='bbox 262 945 439 996; x_wconf 66' lang='lat' dir='ltr'>cra-.105</span> <span class='ocrx_word' id='word_1_52' title='bbox 465 946 602 995; x_wconf 78' lang='grc' dir='ltr'>Θεοῦ</span> <span class='ocrx_word' id='word_1_53' title='bbox 636 940 826 1016; x_wconf 79' lang='grc' dir='ltr'>Λόγου,</span> <span class='ocrx_word' id='word_1_54' title='bbox 886 940 931 997; x_wconf 75' lang='grc' dir='ltr'>εἰ</span> <span class='ocrx_word' id='word_1_55' title='bbox 967 942 1061 1014; x_wconf 71' lang='grc' dir='ltr'>,μὴ</span> <span class='ocrx_word' id='word_1_56' title='bbox 1091 944 1208 997; x_wconf 85' lang='grc' dir='ltr'>κατ’</span> <span class='ocrx_word' id='word_1_57' title='bbox 1264 940 1517 998; x_wconf 75' lang='grc' dir='ltr'>εὐδοκίαν</span> <span class='ocrx_word' id='word_1_58' title='bbox 1555 942 1647 997; x_wconf 79' lang='grc' dir='ltr'>καὶ</span> <span class='ocrx_word' id='word_1_59' title='bbox 1685 940 1890 1017; x_wconf 74' lang='grc' dir='ltr'>βούλη-</span> 
     </span>
    </p>
   </div>
   <div class='ocr_carea' id='block_1_11' title="bbox 265 1030 1891 1108">
    <p class='ocr_par' dir='ltr' id='par_1_11' title="bbox 265 1030 1891 1108">
     <span class='ocr_line' id='line_1_11' title="bbox 265 1030 1891 1108; baseline 0.001 -24"><span class='ocrx_word' id='word_1_60' title='bbox 265 1050 353 1085; x_wconf 89' lang='grc' dir='ltr'>σιν.</span> <span class='ocrx_word' id='word_1_61' title='bbox 408 1034 555 1084; x_wconf 79' lang='grc' dir='ltr'>Πᾶσα</span> <span class='ocrx_word' id='word_1_62' title='bbox 614 1031 704 1084; x_wconf 77' lang='grc' dir='ltr'>οὖν</span> <span class='ocrx_word' id='word_1_63' title='bbox 758 1033 794 1100; x_wconf 81' lang='grc' dir='ltr'>ἠ</span> <span class='ocrx_word' id='word_1_64' title='bbox 846 1030 1003 1108; x_wconf 77' lang='grc' dir='ltr'>φύσις</span> <span class='ocrx_word' id='word_1_65' title='bbox 1062 1031 1128 1086; x_wconf 82' lang='grc' dir='ltr'>ού</span> <span class='ocrx_word' id='word_1_66' title='bbox 1186 1033 1323 1087; x_wconf 80' lang='grc' dir='ltr'>κατὰ</span> <span class='ocrx_word' id='word_1_67' title='bbox 1374 1036 1553 1106; x_wconf 83' lang='grc' dir='ltr'>μερῶν</span> <span class='ocrx_word' id='word_1_68' title='bbox 1613 1030 1665 1085; x_wconf 69' lang='grc' dir='ltr'>ἐν</span> <span class='ocrx_word' id='word_1_69' title='bbox 1695 1034 1763 1096; x_wconf 80' lang='grc' dir='ltr'>τῆ</span> <span class='ocrx_word' id='word_1_70' title='bbox 1792 1034 1891 1085; x_wconf 81' lang='grc' dir='ltr'>τοῦ</span> 
     </span>
    </p>
   </div>
   <div class='ocr_carea' id='block_1_12' title="bbox 262 1120 1440 1197">
    <p class='ocr_par' dir='ltr' id='par_1_12' title="bbox 262 1120 1440 1197">
     <span class='ocr_line' id='line_1_12' title="bbox 262 1120 1440 1197; baseline 0.002 -20"><span class='ocrx_word' id='word_1_71' title='bbox 262 1120 478 1195; x_wconf 79' lang='grc' dir='ltr'>Χριστοῦ</span> <span class='ocrx_word' id='word_1_72' title='bbox 506 1120 801 1174; x_wconf 74' lang='grc' dir='ltr'>ὑποστάσει</span> <span class='ocrx_word' id='word_1_73' title='bbox 834 1125 1165 1197; x_wconf 79' lang='grc' dir='ltr'>συνεργεῖται</span> <span class='ocrx_word' id='word_1_74' title='bbox 1196 1124 1275 1193; x_wconf 75' lang='grc' dir='ltr'>τῷ</span> <span class='ocrx_word' id='word_1_75' title='bbox 1304 1124 1440 1194; x_wconf 81' lang='grc' dir='ltr'>Θεῷ.</span> 
     </span>
    </p>
   </div>
   <div class='ocr_carea' id='block_1_13' title="bbox 675 1222 1473 1303">
    <p class='ocr_par' dir='ltr' id='par_1_13' title="bbox 675 1222 1473 1303">
     <span class='ocr_line' id='line_1_13' title="bbox 675 1222 1473 1303; baseline 0.004 -23"><span class='ocrx_word' id='word_1_76' title='bbox 675 1222 756 1283; x_wconf 76' lang='grc' dir='ltr'>ιδ’.</span> <span class='ocrx_word' id='word_1_77' title='bbox 791 1228 918 1301; x_wconf 85' lang='grc' dir='ltr'>Περὶ</span> <span class='ocrx_word' id='word_1_78' title='bbox 952 1225 1162 1303; x_wconf 78' lang='grc' dir='ltr'>φύσεως</span> <span class='ocrx_word' id='word_1_79' title='bbox 1195 1225 1473 1290; x_wconf 78' lang='grc' dir='ltr'>ἀπαθείας.</span> 
     </span>
    </p>
   </div>
   <div class='ocr_carea' id='block_1_14' title="bbox 322 1331 1891 1411">
    <p class='ocr_par' dir='ltr' id='par_1_14' title="bbox 322 1331 1891 1411">
     <span class='ocr_line' id='line_1_14' title="bbox 322 1331 1891 1411; baseline -0.003 -21"><span class='ocrx_word' id='word_1_80' title='bbox 322 1331 582 1411; x_wconf 68' lang='grc' dir='ltr'>Ὁφείλεις</span> <span class='ocrx_word' id='word_1_81' title='bbox 638 1331 936 1408; x_wconf 72' lang='grc' dir='ltr'>ὁμολογεῖν</span> <span class='ocrx_word' id='word_1_82' title='bbox 981 1332 1064 1387; x_wconf 73' lang='grc' dir='ltr'>δτι</span> <span class='ocrx_word' id='word_1_83' title='bbox 1122 1336 1158 1403; x_wconf 79' lang='grc' dir='ltr'>ἡ</span> <span class='ocrx_word' id='word_1_84' title='bbox 1217 1333 1374 1410; x_wconf 79' lang='grc' dir='ltr'>φύσις</span> <span class='ocrx_word' id='word_1_85' title='bbox 1402 1336 1499 1388; x_wconf 77' lang='grc' dir='ltr'>τοῦ</span> <span class='ocrx_word' id='word_1_86' title='bbox 1525 1333 1707 1408; x_wconf 79' lang='grc' dir='ltr'>Λόγου</span> <span class='ocrx_word' id='word_1_87' title='bbox 1738 1331 1891 1405; x_wconf 76' lang='grc' dir='ltr'>ἐσαρ-</span> 
     </span>
    </p>
   </div>
   <div class='ocr_carea' id='block_1_15' title="bbox 258 1420 1893 1499">
    <p class='ocr_par' dir='ltr' id='par_1_15' title="bbox 258 1420 1893 1499">
     <span class='ocr_line' id='line_1_15' title="bbox 258 1420 1893 1499; baseline -0.002 -22"><span class='ocrx_word' id='word_1_88' title='bbox 258 1423 391 1492; x_wconf 76' lang='grc' dir='ltr'>κώθη</span> <span class='ocrx_word' id='word_1_89' title='bbox 446 1422 570 1490; x_wconf 77' lang='grc' dir='ltr'>ἤτοι</span> <span class='ocrx_word' id='word_1_90' title='bbox 626 1423 815 1492; x_wconf 77' lang='grc' dir='ltr'>ἠνώθη</span> <span class='ocrx_word' id='word_1_91' title='bbox 850 1421 1027 1497; x_wconf 81' lang='grc' dir='ltr'>σαρκί.</span> <span class='ocrx_word' id='word_1_92' title='bbox 1062 1422 1139 1480; x_wconf 77' lang='grc' dir='ltr'>Οὐ</span> <span class='ocrx_word' id='word_1_93' title='bbox 1194 1423 1268 1494; x_wconf 78' lang='grc' dir='ltr'>μὴ</span> <span class='ocrx_word' id='word_1_94' title='bbox 1303 1420 1384 1477; x_wconf 84' lang='grc' dir='ltr'>ὅτι</span> <span class='ocrx_word' id='word_1_95' title='bbox 1418 1424 1453 1491; x_wconf 84' lang='grc' dir='ltr'>ἡ</span> <span class='ocrx_word' id='word_1_96' title='bbox 1487 1421 1645 1499; x_wconf 76' lang='grc' dir='ltr'>φύσις</span> <span class='ocrx_word' id='word_1_97' title='bbox 1674 1420 1771 1476; x_wconf 80' lang='grc' dir='ltr'>τοῦ</span> <span class='ocrx_word' id='word_1_98' title='bbox 1794 1421 1893 1475; x_wconf 78' lang='grc' dir='ltr'>Λό-</span> 
     </span>
    </p>
   </div>
   <div class='ocr_carea' id='block_1_16' title="bbox 259 1506 1891 1587">
    <p class='ocr_par' dir='ltr' id='par_1_16' title="bbox 259 1506 1891 1587">
     <span class='ocr_line' id='line_1_16' title="bbox 259 1506 1891 1587; baseline -0.001 -22"><span class='ocrx_word' id='word_1_99' title='bbox 259 1533 347 1587; x_wconf 71' lang='grc' dir='ltr'>γου</span> <span class='ocrx_word' id='word_1_100' title='bbox 386 1506 539 1567; x_wconf 81' lang='grc' dir='ltr'>ἔπαθε</span> <span class='ocrx_word' id='word_1_101' title='bbox 571 1511 755 1587; x_wconf 83' lang='grc' dir='ltr'>σαρκὶ,</span> <span class='ocrx_word' id='word_1_102' title='bbox 784 1510 910 1567; x_wconf 87' lang='grc' dir='ltr'>ἀλλ’</span> <span class='ocrx_word' id='word_1_103' title='bbox 942 1512 1023 1566; x_wconf 77' lang='grc' dir='ltr'>ὅτι</span> <span class='ocrx_word' id='word_1_104' title='bbox 1085 1512 1112 1565; x_wconf 97' lang='lat'>6</span> <span class='ocrx_word' id='word_1_105' title='bbox 1144 1511 1373 1586; x_wconf 78' lang='grc' dir='ltr'>Χριστὸς</span> <span class='ocrx_word' id='word_1_106' title='bbox 1405 1507 1566 1565; x_wconf 74' lang='grc' dir='ltr'>ἔπαθε</span> <span class='ocrx_word' id='word_1_107' title='bbox 1597 1510 1773 1586; x_wconf 72' lang='grc' dir='ltr'>σαρκί⁸</span> <span class='ocrx_word' id='word_1_108' title='bbox 1809 1508 1891 1564; x_wconf 76' lang='grc' dir='ltr'>ὅτι</span> 
     </span>
    </p>
   </div>
   <div class='ocr_carea' id='block_1_17' title="bbox 263 1599 1891 1677">
    <p class='ocr_par' dir='ltr' id='par_1_17' title="bbox 263 1599 1891 1677">
     <span class='ocr_line' id='line_1_17' title="bbox 263 1599 1891 1677; baseline -0.002 -20"><span class='ocrx_word' id='word_1_109' title='bbox 263 1601 342 1673; x_wconf 74' lang='grc' dir='ltr'>μὲν</span> <span class='ocrx_word' id='word_1_110' title='bbox 397 1601 493 1677; x_wconf 75' lang='grc' dir='ltr'>γὰρ</span> <span class='ocrx_word' id='word_1_111' title='bbox 555 1601 585 1655; x_wconf 88' lang='lat'>6</span> <span class='ocrx_word' id='word_1_112' title='bbox 646 1602 775 1664; x_wconf 78' lang='grc' dir='ltr'>Θεὸς</span> <span class='ocrx_word' id='word_1_113' title='bbox 827 1600 1108 1676; x_wconf 73' lang='grc' dir='ltr'>ἅνθρωπος</span> <span class='ocrx_word' id='word_1_114' title='bbox 1156 1601 1365 1676; x_wconf 71' lang='grc' dir='ltr'>γέγονε,</span> <span class='ocrx_word' id='word_1_115' title='bbox 1424 1599 1512 1654; x_wconf 83' lang='grc' dir='ltr'>καὶ</span> <span class='ocrx_word' id='word_1_116' title='bbox 1546 1602 1832 1673; x_wconf 68' lang='grc' dir='ltr'>ἄνθρωπος</span> <span class='ocrx_word' id='word_1_117' title='bbox 1865 1600 1891 1653; x_wconf 92' lang='lat'>6</span> 
     </span>
    </p>
   </div>
   <div class='ocr_carea' id='block_1_18' title="bbox 262 1688 1890 1764">
    <p class='ocr_par' dir='ltr' id='par_1_18' title="bbox 262 1688 1890 1764">
     <span class='ocr_line' id='line_1_18' title="bbox 262 1688 1890 1764; baseline -0.001 -20"><span class='ocrx_word' id='word_1_118' title='bbox 262 1690 373 1752; x_wconf 76' lang='grc' dir='ltr'>Θεὸς</span> <span class='ocrx_word' id='word_1_119' title='bbox 427 1689 832 1764; x_wconf 70' lang='grc' dir='ltr'>ὁμολογοῦμεν.</span> <span class='ocrx_word' id='word_1_120' title='bbox 882 1690 976 1744; x_wconf 68' lang='grc' dir='ltr'>Καὶ</span> <span class='ocrx_word' id='word_1_121' title='bbox 1030 1689 1113 1744; x_wconf 76' lang='grc' dir='ltr'>ὅτι</span> <span class='ocrx_word' id='word_1_122' title='bbox 1173 1691 1207 1758; x_wconf 79' lang='grc' dir='ltr'><strong>ἡ</strong></span> <span class='ocrx_word' id='word_1_123' title='bbox 1261 1688 1452 1759; x_wconf 81' lang='grc' dir='ltr'>θεότης</span> <span class='ocrx_word' id='word_1_124' title='bbox 1484 1689 1667 1759; x_wconf 73' lang='grc' dir='ltr'>ἧνώθη</span> <span class='ocrx_word' id='word_1_125' title='bbox 1700 1692 1768 1762; x_wconf 78' lang='grc' dir='ltr'>τῇ</span> <span class='ocrx_word' id='word_1_126' title='bbox 1800 1688 1890 1742; x_wconf 83' lang='grc' dir='ltr'>ἆν-</span> 
     </span>
    </p>
   </div>
   <div class='ocr_carea' id='block_1_19' title="bbox 265 1778 1891 1855">
    <p class='ocr_par' dir='ltr' id='par_1_19' title="bbox 265 1778 1891 1855">
     <span class='ocr_line' id='line_1_19' title="bbox 265 1778 1891 1855; baseline -0.002 -22"><span class='ocrx_word' id='word_1_127' title='bbox 265 1780 550 1855; x_wconf 79' lang='grc' dir='ltr'>θρωπότητι</span> <span class='ocrx_word' id='word_1_128' title='bbox 585 1779 638 1834; x_wconf 77' lang='grc' dir='ltr'>ἒν</span> <span class='ocrx_word' id='word_1_129' title='bbox 695 1784 792 1852; x_wconf 81' lang='grc' dir='ltr'>μιᾷ</span> <span class='ocrx_word' id='word_1_130' title='bbox 844 1783 954 1834; x_wconf 82' lang='grc' dir='ltr'>τῶν</span> <span class='ocrx_word' id='word_1_131' title='bbox 1010 1778 1177 1849; x_wconf 74' lang='grc' dir='ltr'>αὐτῆς</span> <span class='ocrx_word' id='word_1_132' title='bbox 1238 1779 1603 1849; x_wconf 77' lang='grc' dir='ltr'>ὑποστάσεων,</span> <span class='ocrx_word' id='word_1_133' title='bbox 1640 1779 1891 1850; x_wconf 60' lang='grc' dir='ltr'>μεμαθή-</span> 
     </span>
    </p>
   </div>
   <div class='ocr_carea' id='block_1_20' title="bbox 2003 571 3650 651">
    <p class='ocr_par' dir='ltr' id='par_1_20' title="bbox 2003 571 3650 651">
     <span class='ocr_line' id='line_1_20' title="bbox 2003 571 3650 651; baseline -0.01 -11"><span class='ocrx_word' id='word_1_134' title='bbox 2003 604 2136 640; x_wconf 82' lang='lat' dir='ltr'>vero</span> <span class='ocrx_word' id='word_1_135' title='bbox 2157 590 2293 641; x_wconf 88' lang='lat' dir='ltr'>natu</span> <span class='ocrx_word' id='word_1_136' title='bbox 2305 602 2380 641; x_wconf 65' lang='lat' dir='ltr'>ra:</span> <span class='ocrx_word' id='word_1_137' title='bbox 2402 585 2672 639; x_wconf 64' lang='lat' dir='ltr'>humanis</span> <span class='ocrx_word' id='word_1_138' title='bbox 2688 582 2973 651; x_wconf 81' lang='lat' dir='ltr'>integram</span> <span class='ocrx_word' id='word_1_139' title='bbox 2995 574 3237 631; x_wconf 81' lang='lat' dir='ltr'>Deitatis</span> <span class='ocrx_word' id='word_1_140' title='bbox 3261 571 3650 627; x_wconf 87' lang='lat' dir='ltr'>substantiam</span> 
     </span>
    </p>
   </div>
   <div class='ocr_carea' id='block_1_21' title="bbox 2004 658 3657 731">
    <p class='ocr_par' dir='ltr' id='par_1_21' title="bbox 2004 658 3657 731">
     <span class='ocr_line' id='line_1_21' title="bbox 2004 658 3657 731; baseline -0.011 -2"><span class='ocrx_word' id='word_1_141' title='bbox 2004 675 2230 731; x_wconf 85' lang='lat' dir='ltr'>unitam</span> <span class='ocrx_word' id='word_1_142' title='bbox 2264 691 2392 730; x_wconf 82' lang='lat' dir='ltr'>esse</span> <span class='ocrx_word' id='word_1_143' title='bbox 2426 674 2811 729; x_wconf 80' lang='lat' dir='ltr'>afﬁrntamus.</span> <span class='ocrx_word' id='word_1_144' title='bbox 2847 666 3017 723; x_wconf 81' lang='lat' dir='ltr'>Nulla</span> <span class='ocrx_word' id='word_1_145' title='bbox 3047 664 3202 719; x_wconf 89' lang='lat' dir='ltr'>enim</span> <span class='ocrx_word' id='word_1_146' title='bbox 3238 666 3459 717; x_wconf 80' lang='lat' dir='ltr'>ratione</span> <span class='ocrx_word' id='word_1_147' title='bbox 3490 658 3657 713; x_wconf 87' lang='lat' dir='ltr'>Pater</span> 
     </span>
    </p>
   </div>
   <div class='ocr_carea' id='block_1_22' title="bbox 2003 748 3652 836">
    <p class='ocr_par' dir='ltr' id='par_1_22' title="bbox 2003 748 3652 836">
     <span class='ocr_line' id='line_1_22' title="bbox 2003 748 3652 836; baseline -0.011 -18"><span class='ocrx_word' id='word_1_148' title='bbox 2003 768 2059 818; x_wconf 89' lang='lat' dir='ltr'>et</span> <span class='ocrx_word' id='word_1_149' title='bbox 2101 763 2354 836; x_wconf 83' lang='lat' dir='ltr'>Spiritus</span> <span class='ocrx_word' id='word_1_150' title='bbox 2388 768 2629 818; x_wconf 83' lang='lat' dir='ltr'>sanctus</span> <span class='ocrx_word' id='word_1_151' title='bbox 2660 775 2794 816; x_wconf 91' lang='lat' dir='ltr'>cum</span> <span class='ocrx_word' id='word_1_152' title='bbox 2840 754 3242 811; x_wconf 88' lang='lat' dir='ltr'>incarnatione</span> <span class='ocrx_word' id='word_1_153' title='bbox 3291 748 3461 804; x_wconf 78' lang='lat' dir='ltr'>Verbi</span> <span class='ocrx_word' id='word_1_154' title='bbox 3494 762 3652 802; x_wconf 89' lang='lat' dir='ltr'>com-</span> 
     </span>
    </p>
   </div>
   <div class='ocr_carea' id='block_1_23' title="bbox 2003 839 3658 921">
    <p class='ocr_par' dir='ltr' id='par_1_23' title="bbox 2003 839 3658 921">
     <span class='ocr_line' id='line_1_23' title="bbox 2003 839 3658 921; baseline -0.01 -14"><span class='ocrx_word' id='word_1_155' title='bbox 2003 852 2343 919; x_wconf 87' lang='lat' dir='ltr'>municavit,</span> <span class='ocrx_word' id='word_1_156' title='bbox 2378 852 2492 907; x_wconf 90' lang='lat' dir='ltr'>nisi</span> <span class='ocrx_word' id='word_1_157' title='bbox 2552 845 2972 921; x_wconf 85' lang='lat' dir='ltr'>complacendo</span> <span class='ocrx_word' id='word_1_158' title='bbox 3023 846 3081 897; x_wconf 85' lang='lat' dir='ltr'>et</span> <span class='ocrx_word' id='word_1_159' title='bbox 3124 841 3391 896; x_wconf 78' lang='lat' dir='ltr'>valendo.</span> <span class='ocrx_word' id='word_1_160' title='bbox 3426 839 3658 909; x_wconf 82' lang='lat' dir='ltr'>Integra</span> 
     </span>
    </p>
   </div>
   <div class='ocr_carea' id='block_1_24' title="bbox 2000 925 3656 1014">
    <p class='ocr_par' dir='ltr' id='par_1_24' title="bbox 2000 925 3656 1014">
     <span class='ocr_line' id='line_1_24' title="bbox 2000 925 3656 1014; baseline -0.01 -18"><span class='ocrx_word' id='word_1_161' title='bbox 2000 941 2179 1014; x_wconf 78' lang='lat' dir='ltr'>igitur</span> <span class='ocrx_word' id='word_1_162' title='bbox 2210 947 2440 1011; x_wconf 87' lang='lat' dir='ltr'>natura,</span> <span class='ocrx_word' id='word_1_163' title='bbox 2474 957 2577 995; x_wconf 88' lang='lat' dir='ltr'>nec</span> <span class='ocrx_word' id='word_1_164' title='bbox 2611 955 2743 1011; x_wconf 88' lang='lat' dir='ltr'>pars</span> <span class='ocrx_word' id='word_1_165' title='bbox 2773 938 2901 1007; x_wconf 85' lang='lat' dir='ltr'>ejus</span> <span class='ocrx_word' id='word_1_166' title='bbox 2933 937 3161 989; x_wconf 88' lang='lat' dir='ltr'>tantum</span> <span class='ocrx_word' id='word_1_167' title='bbox 3192 930 3249 984; x_wconf 91' lang='lat' dir='ltr'>in</span> <span class='ocrx_word' id='word_1_168' title='bbox 3280 925 3498 985; x_wconf 81' lang='lat' dir='ltr'>Christi</span> <span class='ocrx_word' id='word_1_169' title='bbox 3528 942 3656 998; x_wconf 89' lang='lat' dir='ltr'>per-</span> 
     </span>
    </p>
   </div>
   <div class='ocr_carea' id='block_1_25' title="bbox 2004 1024 3643 1104">
    <p class='ocr_par' dir='ltr' id='par_1_25' title="bbox 2004 1024 3643 1104">
     <span class='ocr_line' id='line_1_25' title="bbox 2004 1024 3643 1104; baseline -0.009 -18"><span class='ocrx_word' id='word_1_170' title='bbox 2004 1047 2148 1087; x_wconf 86' lang='lat' dir='ltr'>sona</span> <span class='ocrx_word' id='word_1_171' title='bbox 2179 1036 2452 1104; x_wconf 81' lang='lat' dir='ltr'>operatur</span> <span class='ocrx_word' id='word_1_172' title='bbox 2481 1030 2679 1084; x_wconf 82' lang='lat' dir='ltr'>divina</span> <span class='ocrx_word' id='word_1_173' title='bbox 2709 1024 3066 1098; x_wconf 79' lang='lat' dir='ltr'>operatione.</span> <span class='ocrx_word' id='word_1_174' title='bbox 3642 1028 3643 1033; x_wconf 83' lang='lat'>‘</span> 
     </span>
    </p>
   </div>
   <div class='ocr_carea' id='block_1_26' title="bbox 2245 1212 3413 1290">
    <p class='ocr_par' dir='ltr' id='par_1_26' title="bbox 2245 1212 3413 1290">
     <span class='ocr_line' id='line_1_26' title="bbox 2245 1212 3413 1290; baseline -0.015 -6"><span class='ocrx_word' id='word_1_175' title='bbox 2245 1229 2331 1283; x_wconf 80' lang='grc'>14.</span> <span class='ocrx_word' id='word_1_176' title='bbox 2364 1228 2437 1282; x_wconf 75' lang='lat' dir='ltr'>De</span> <span class='ocrx_word' id='word_1_177' title='bbox 2464 1230 2684 1281; x_wconf 68' lang='lat' dir='ltr'>natura:</span> <span class='ocrx_word' id='word_1_178' title='bbox 2713 1222 2916 1278; x_wconf 66' lang='lat' dir='ltr'>divinae</span> <span class='ocrx_word' id='word_1_179' title='bbox 2944 1212 3413 1290; x_wconf 73' lang='lat' dir='ltr'>impossibilitate.</span> 
     </span>
    </p>
   </div>
   <div class='ocr_carea' id='block_1_27' title="bbox 2076 1318 3651 1404">
    <p class='ocr_par' dir='ltr' id='par_1_27' title="bbox 2076 1318 3651 1404">
     <span class='ocr_line' id='line_1_27' title="bbox 2076 1318 3651 1404; baseline -0.011 -14"><span class='ocrx_word' id='word_1_180' title='bbox 2076 1335 2369 1390; x_wconf 77' lang='lat' dir='ltr'>Fateberis</span> <span class='ocrx_word' id='word_1_181' title='bbox 2401 1334 2603 1404; x_wconf 83' lang='lat' dir='ltr'>utique</span> <span class='ocrx_word' id='word_1_182' title='bbox 2635 1339 2907 1387; x_wconf 85' lang='lat' dir='ltr'>naturam</span> <span class='ocrx_word' id='word_1_183' title='bbox 2938 1324 3109 1380; x_wconf 86' lang='lat' dir='ltr'>Verbi</span> <span class='ocrx_word' id='word_1_184' title='bbox 3141 1322 3505 1383; x_wconf 85' lang='lat' dir='ltr'>incarnatam</span> <span class='ocrx_word' id='word_1_185' title='bbox 3528 1318 3651 1373; x_wconf 83' lang='lat' dir='ltr'>sive</span> 
     </span>
    </p>
   </div>
   <div class='ocr_carea' id='block_1_28' title="bbox 2004 1409 3717 1480">
    <p class='ocr_par' dir='ltr' id='par_1_28' title="bbox 2004 1409 3717 1480">
     <span class='ocr_line' id='line_1_28' title="bbox 2004 1409 3717 1480; baseline -0.01 -3"><span class='ocrx_word' id='word_1_186' title='bbox 2004 1426 2164 1477; x_wconf 89' lang='lat' dir='ltr'>carni</span> <span class='ocrx_word' id='word_1_187' title='bbox 2199 1426 2423 1478; x_wconf 81' lang='lat' dir='ltr'>auitam</span> <span class='ocrx_word' id='word_1_188' title='bbox 2457 1421 2738 1477; x_wconf 88' lang='lat' dir='ltr'>esso.Non</span> <span class='ocrx_word' id='word_1_189' title='bbox 2771 1419 2902 1472; x_wconf 92' lang='lat' dir='ltr'>ideo</span> <span class='ocrx_word' id='word_1_190' title='bbox 2936 1423 3143 1469; x_wconf 86' lang='lat' dir='ltr'>natura</span> <span class='ocrx_word' id='word_1_191' title='bbox 3170 1409 3344 1465; x_wconf 85' lang='lat' dir='ltr'>Verbi</span> <span class='ocrx_word' id='word_1_192' title='bbox 3368 1424 3541 1480; x_wconf 87' lang='lat' dir='ltr'>passa</span> <span class='ocrx_word' id='word_1_193' title='bbox 3563 1411 3654 1462; x_wconf 88' lang='lat' dir='ltr'>est</span> <span class='ocrx_word' id='word_1_194' title='bbox 3714 1446 3717 1451; x_wconf 82' lang='lat'>.</span> 
     </span>
    </p>
   </div>
   <div class='ocr_carea' id='block_1_29' title="bbox 2005 1500 3648 1582">
    <p class='ocr_par' dir='ltr' id='par_1_29' title="bbox 2005 1500 3648 1582">
     <span class='ocr_line' id='line_1_29' title="bbox 2005 1500 3648 1582; baseline -0.01 -17"><span class='ocrx_word' id='word_1_195' title='bbox 2005 1511 2061 1566; x_wconf 93' lang='lat' dir='ltr'>in</span> <span class='ocrx_word' id='word_1_196' title='bbox 2095 1528 2289 1582; x_wconf 87' lang='lat' dir='ltr'>carne,</span> <span class='ocrx_word' id='word_1_197' title='bbox 2322 1512 2421 1566; x_wconf 85' lang='lat' dir='ltr'>sed</span> <span class='ocrx_word' id='word_1_198' title='bbox 2455 1509 2727 1564; x_wconf 80' lang='lat' dir='ltr'>Christus</span> <span class='ocrx_word' id='word_1_199' title='bbox 2764 1525 2819 1562; x_wconf 86' lang='lat' dir='ltr'>Ill</span> <span class='ocrx_word' id='word_1_200' title='bbox 2856 1519 3029 1560; x_wconf 88' lang='lat' dir='ltr'>carne</span> <span class='ocrx_word' id='word_1_201' title='bbox 3061 1516 3271 1573; x_wconf 88' lang='lat' dir='ltr'>passus</span> <span class='ocrx_word' id='word_1_202' title='bbox 3298 1502 3387 1552; x_wconf 88' lang='lat' dir='ltr'>est</span> <span class='ocrx_word' id='word_1_203' title='bbox 3419 1513 3432 1551; x_wconf 87' lang='lat'><strong>:</strong></span> <span class='ocrx_word' id='word_1_204' title='bbox 3468 1500 3648 1550; x_wconf 87' lang='lat' dir='ltr'>Deum</span> 
     </span>
    </p>
   </div>
   <div class='ocr_carea' id='block_1_30' title="bbox 2003 1588 3651 1656">
    <p class='ocr_par' dir='ltr' id='par_1_30' title="bbox 2003 1588 3651 1656">
     <span class='ocr_line' id='line_1_30' title="bbox 2003 1588 3651 1656; baseline -0.012 0"><span class='ocrx_word' id='word_1_205' title='bbox 2003 1601 2156 1656; x_wconf 86' lang='lat' dir='ltr'>enim</span> <span class='ocrx_word' id='word_1_206' title='bbox 2210 1599 2509 1654; x_wconf 85' lang='lat' dir='ltr'>hominem</span> <span class='ocrx_word' id='word_1_207' title='bbox 2560 1604 2616 1651; x_wconf 90' lang='lat' dir='ltr'>et</span> <span class='ocrx_word' id='word_1_208' title='bbox 2662 1595 2960 1650; x_wconf 83' lang='lat' dir='ltr'>hominem</span> <span class='ocrx_word' id='word_1_209' title='bbox 3015 1593 3192 1644; x_wconf 84' lang='lat' dir='ltr'>Deum</span> <span class='ocrx_word' id='word_1_210' title='bbox 3246 1588 3463 1641; x_wconf 77' lang='lat' dir='ltr'>factum</span> <span class='ocrx_word' id='word_1_211' title='bbox 3523 1599 3651 1638; x_wconf 81' lang='lat' dir='ltr'>esse</span> 
     </span>
    </p>
   </div>
   <div class='ocr_carea' id='block_1_31' title="bbox 2004 1672 3656 1755">
    <p class='ocr_par' dir='ltr' id='par_1_31' title="bbox 2004 1672 3656 1755">
     <span class='ocr_line' id='line_1_31' title="bbox 2004 1672 3656 1755; baseline -0.012 -10"><span class='ocrx_word' id='word_1_212' title='bbox 2004 1687 2712 1745; x_wconf 80' lang='lat' dir='ltr'>conﬁtemur.Uidieimus</span> <span class='ocrx_word' id='word_1_213' title='bbox 2735 1700 2887 1755; x_wconf 89' lang='lat' dir='ltr'>quoq</span> <span class='ocrx_word' id='word_1_214' title='bbox 2901 1698 2969 1735; x_wconf 88' lang='lat' dir='ltr'>ne</span> <span class='ocrx_word' id='word_1_215' title='bbox 2990 1678 3355 1733; x_wconf 78' lang='lat' dir='ltr'>divinitatem</span> <span class='ocrx_word' id='word_1_216' title='bbox 3381 1690 3509 1729; x_wconf 89' lang='lat' dir='ltr'>esse</span> <span class='ocrx_word' id='word_1_217' title='bbox 3533 1672 3656 1727; x_wconf 85' lang='lat' dir='ltr'>uni-</span> 
     </span>
    </p>
   </div>
   <div class='ocr_carea' id='block_1_32' title="bbox 2003 1760 3653 1843">
    <p class='ocr_par' dir='ltr' id='par_1_32' title="bbox 2003 1760 3653 1843">
     <span class='ocr_line' id='line_1_32' title="bbox 2003 1760 3653 1843; baseline -0.013 -9"><span class='ocrx_word' id='word_1_218' title='bbox 2003 1785 2122 1834; x_wconf 82' lang='lat' dir='ltr'>tain</span> <span class='ocrx_word' id='word_1_219' title='bbox 2159 1777 2511 1833; x_wconf 87' lang='lat' dir='ltr'>humanitati</span> <span class='ocrx_word' id='word_1_220' title='bbox 2564 1776 2624 1829; x_wconf 92' lang='lat' dir='ltr'>in</span> <span class='ocrx_word' id='word_1_221' title='bbox 2683 1790 2798 1827; x_wconf 89' lang='lat' dir='ltr'>una</span> <span class='ocrx_word' id='word_1_222' title='bbox 2847 1785 3095 1843; x_wconf 86' lang='lat' dir='ltr'>persona</span> <span class='ocrx_word' id='word_1_223' title='bbox 3128 1767 3387 1821; x_wconf 88' lang='lat' dir='ltr'>humana</span> <span class='ocrx_word' id='word_1_224' title='bbox 3422 1779 3434 1817; x_wconf 90' lang='lat'>:</span> <span class='ocrx_word' id='word_1_225' title='bbox 3470 1760 3653 1815; x_wconf 87' lang='lat' dir='ltr'>deita-</span> 
     </span>
    </p>
   </div>
   <div class='ocr_carea' id='block_1_33' title="bbox 262 1853 1894 1944">
    <p class='ocr_par' dir='ltr' id='par_1_33' title="bbox 262 1866 1884 1944">
     <span class='ocr_line' id='line_1_33' title="bbox 262 1866 1884 1944; baseline -0.003 -21"><span class='ocrx_word' id='word_1_226' title='bbox 262 1889 428 1941; x_wconf 71' lang='grc' dir='ltr'>καμεν,</span> <span class='ocrx_word' id='word_1_227' title='bbox 484 1866 567 1924; x_wconf 78' lang='grc' dir='ltr'>ὅτι</span> <span class='ocrx_word' id='word_1_228' title='bbox 630 1866 687 1924; x_wconf 70' lang='grc' dir='ltr'>δὲ</span> <span class='ocrx_word' id='word_1_229' title='bbox 738 1871 772 1938; x_wconf 74' lang='grc' dir='ltr'>ἡ</span> <span class='ocrx_word' id='word_1_230' title='bbox 805 1870 996 1938; x_wconf 75' lang='grc' dir='ltr'>Θεό-της</span> <span class='ocrx_word' id='word_1_231' title='bbox 1046 1869 1330 1944; x_wconf 71' lang='grc' dir='ltr'>ἅνθρωπος</span> <span class='ocrx_word' id='word_1_232' title='bbox 1371 1866 1613 1943; x_wconf 69' lang='grc' dir='ltr'>γέγονεν,</span> <span class='ocrx_word' id='word_1_233' title='bbox 1652 1868 1687 1937; x_wconf 70' lang='grc' dir='ltr'>ἢ</span> <span class='ocrx_word' id='word_1_234' title='bbox 1732 1866 1884 1937; x_wconf 82' lang='grc' dir='ltr'>ἐνην-</span> 
     </span>
    </p>
   </div>
   <div class='ocr_carea' id='block_1_34' title="bbox 2009 1853 3654 1944">
    <p class='ocr_par' dir='ltr' id='par_1_34' title="bbox 2009 1853 3654 1923">
     <span class='ocr_line' id='line_1_34' title="bbox 2009 1853 3654 1923; baseline -0.013 0"><span class='ocrx_word' id='word_1_235' title='bbox 2009 1874 2114 1923; x_wconf 83' lang='lat' dir='ltr'>iem</span> <span class='ocrx_word' id='word_1_236' title='bbox 2146 1871 2343 1922; x_wconf 85' lang='lat' dir='ltr'>autem</span> <span class='ocrx_word' id='word_1_237' title='bbox 2377 1867 2678 1920; x_wconf 76' lang='lat' dir='ltr'>hominem</span> <span class='ocrx_word' id='word_1_238' title='bbox 2711 1878 2839 1917; x_wconf 89' lang='lat' dir='ltr'>esse</span> <span class='ocrx_word' id='word_1_239' title='bbox 2880 1859 3115 1918; x_wconf 86' lang='lat' dir='ltr'>factam,</span> <span class='ocrx_word' id='word_1_240' title='bbox 3146 1853 3229 1908; x_wconf 88' lang='lat' dir='ltr'>vel</span> <span class='ocrx_word' id='word_1_241' title='bbox 3265 1853 3654 1917; x_wconf 84' lang='lat' dir='ltr'>incarnatam,</span> 
     </span>
    </p>
   </div>
   <div class='ocr_carea' id='block_1_35' title="bbox 266 1952 1897 2031">
    <p class='ocr_par' dir='ltr' id='par_1_35' title="bbox 266 1952 1897 2031">
     <span class='ocr_line' id='line_1_35' title="bbox 266 1952 1897 2031; baseline 0.001 -22"><span class='ocrx_word' id='word_1_242' title='bbox 266 1958 543 2029; x_wconf 56' lang='lat' dir='ltr'>Qubmpsv,</span> <span class='ocrx_word' id='word_1_243' title='bbox 610 1955 871 2030; x_wconf 75' lang='grc' dir='ltr'>οὐδαμῶς</span> <span class='ocrx_word' id='word_1_244' title='bbox 933 1957 1278 2031; x_wconf 66' lang='grc' dir='ltr'>ἀκηκόαμεν.</span> <span class='ocrx_word' id='word_1_245' title='bbox 1333 1957 1482 2011; x_wconf 81' lang='grc' dir='ltr'>Ἐπεὶ</span> <span class='ocrx_word' id='word_1_246' title='bbox 1542 1952 1598 2010; x_wconf 73' lang='grc' dir='ltr'>δὲ</span> <span class='ocrx_word' id='word_1_247' title='bbox 1655 1956 1743 2010; x_wconf 81' lang='grc' dir='ltr'>οὗν</span> <span class='ocrx_word' id='word_1_248' title='bbox 1801 1953 1897 2011; x_wconf 88' lang='grc' dir='ltr'>δύο</span> 
     </span>
    </p>
   </div>
   <div class='ocr_carea' id='block_1_36' title="bbox 268 2044 1899 2123">
    <p class='ocr_par' dir='ltr' id='par_1_36' title="bbox 268 2044 1899 2123">
     <span class='ocr_line' id='line_1_36' title="bbox 268 2044 1899 2123; baseline 0.001 -25"><span class='ocrx_word' id='word_1_249' title='bbox 268 2046 427 2123; x_wconf 66' lang='grc' dir='ltr'>φῦσεις</span> <span class='ocrx_word' id='word_1_250' title='bbox 495 2050 912 2121; x_wconf 55' lang='grc' dir='ltr'>τοῦνὶίριστοῢ,</span> <span class='ocrx_word' id='word_1_251' title='bbox 976 2044 1072 2100; x_wconf 75' lang='grc' dir='ltr'>δύο</span> <span class='ocrx_word' id='word_1_252' title='bbox 1124 2045 1288 2100; x_wconf 71' lang='grc' dir='ltr'>αύτοῦ</span> <span class='ocrx_word' id='word_1_253' title='bbox 1344 2046 1430 2099; x_wconf 81' lang='grc' dir='ltr'>καὶ</span> <span class='ocrx_word' id='word_1_254' title='bbox 1489 2044 1554 2099; x_wconf 67' lang='grc' dir='ltr'>τὰ</span> <span class='ocrx_word' id='word_1_255' title='bbox 1612 2044 1899 2117; x_wconf 76' lang='grc' dir='ltr'>θελήματα</span> 
     </span>
    </p>
   </div>
   <div class='ocr_carea' id='block_1_37' title="bbox 264 2132 1901 2214">
    <p class='ocr_par' dir='ltr' id='par_1_37' title="bbox 264 2132 1901 2214">
     <span class='ocr_line' id='line_1_37' title="bbox 264 2132 1901 2214; baseline -0.001 -25"><span class='ocrx_word' id='word_1_256' title='bbox 264 2136 456 2197; x_wconf 68' lang='grc' dir='ltr'>πάντως</span> <span class='ocrx_word' id='word_1_257' title='bbox 504 2136 576 2189; x_wconf 68' lang='grc' dir='ltr'>τὰ</span> <span class='ocrx_word' id='word_1_258' title='bbox 633 2136 851 2214; x_wconf 64' lang='grc' dir='ltr'>φυσικὰ,</span> <span class='ocrx_word' id='word_1_259' title='bbox 885 2134 973 2189; x_wconf 77' lang='grc' dir='ltr'>καὶ</span> <span class='ocrx_word' id='word_1_260' title='bbox 1034 2132 1323 2204; x_wconf 81' lang='grc' dir='ltr'>θελητικὸς</span> <span class='ocrx_word' id='word_1_261' title='bbox 1354 2133 1494 2187; x_wconf 75' lang='grc' dir='ltr'>ἰστιν</span> <span class='ocrx_word' id='word_1_262' title='bbox 1527 2133 1554 2187; x_wconf 91' lang='lat'>6</span> <span class='ocrx_word' id='word_1_263' title='bbox 1586 2132 1747 2195; x_wconf 65' lang='grc' dir='ltr'>αὐτὸς</span> <span class='ocrx_word' id='word_1_264' title='bbox 1778 2132 1901 2187; x_wconf 84' lang='grc' dir='ltr'>κατ’</span> 
     </span>
    </p>
   </div>
   <div class='ocr_carea' id='block_1_38' title="bbox 263 2220 1893 2301">
    <p class='ocr_par' dir='ltr' id='par_1_38' title="bbox 263 2220 1893 2301">
     <span class='ocr_line' id='line_1_38' title="bbox 263 2220 1893 2301; baseline -0.002 -24"><span class='ocrx_word' id='word_1_265' title='bbox 263 2221 404 2301; x_wconf 68' lang='grc' dir='ltr'>ἄμφω</span> <span class='ocrx_word' id='word_1_266' title='bbox 428 2228 537 2279; x_wconf 81' lang='grc' dir='ltr'>τῶν</span> <span class='ocrx_word' id='word_1_267' title='bbox 587 2222 753 2278; x_wconf 74' lang='grc' dir='ltr'>αὑτοῦ</span> <span class='ocrx_word' id='word_1_268' title='bbox 807 2224 1039 2301; x_wconf 75' lang='grc' dir='ltr'>φύσεων.</span> <span class='ocrx_word' id='word_1_269' title='bbox 1088 2223 1203 2290; x_wconf 57' lang='grc' dir='ltr'>Τὴν</span> <span class='ocrx_word' id='word_1_270' title='bbox 1241 2222 1342 2298; x_wconf 76' lang='grc' dir='ltr'>γὰρ</span> <span class='ocrx_word' id='word_1_271' title='bbox 1376 2225 1617 2298; x_wconf 78' lang='grc' dir='ltr'>φυσικῶς</span> <span class='ocrx_word' id='word_1_272' title='bbox 1666 2220 1893 2295; x_wconf 69' lang='grc' dir='ltr'>ἐνυπάρ-</span> 
     </span>
    </p>
   </div>
   <div class='ocr_carea' id='block_1_39' title="bbox 263 2305 1893 2386">
    <p class='ocr_par' dir='ltr' id='par_1_39' title="bbox 263 2305 1893 2386">
     <span class='ocr_line' id='line_1_39' title="bbox 263 2305 1893 2386; baseline 0 -23"><span class='ocrx_word' id='word_1_273' title='bbox 263 2331 445 2386; x_wconf 60' lang='grc' dir='ltr'>χουσαν</span> <span class='ocrx_word' id='word_1_274' title='bbox 502 2315 645 2386; x_wconf 71' lang='grc' dir='ltr'>ἡμῖν</span> <span class='ocrx_word' id='word_1_275' title='bbox 677 2311 971 2383; x_wconf 72' lang='grc' dir='ltr'>θελητικήν</span> <span class='ocrx_word' id='word_1_276' title='bbox 1001 2309 1229 2384; x_wconf 80' lang='grc' dir='ltr'>δύναμιν</span> <span class='ocrx_word' id='word_1_277' title='bbox 1264 2305 1510 2367; x_wconf 70' lang='grc' dir='ltr'>ἀνέλαϐε.</span> <span class='ocrx_word' id='word_1_278' title='bbox 1545 2310 1649 2365; x_wconf 86' lang='grc' dir='ltr'>Δύο</span> <span class='ocrx_word' id='word_1_279' title='bbox 1681 2308 1771 2365; x_wconf 75' lang='grc' dir='ltr'>οὖν</span> <span class='ocrx_word' id='word_1_280' title='bbox 1804 2310 1893 2364; x_wconf 73' lang='grc' dir='ltr'>καὶ</span> 
     </span>
    </p>
   </div>
   <div class='ocr_carea' id='block_1_40' title="bbox 2009 1937 3657 2014">
    <p class='ocr_par' dir='ltr' id='par_1_40' title="bbox 2009 1937 3657 2014">
     <span class='ocr_line' id='line_1_40' title="bbox 2009 1937 3657 2014; baseline -0.013 -2"><span class='ocrx_word' id='word_1_281' title='bbox 2009 1965 2108 2011; x_wconf 86' lang='lat' dir='ltr'>aut</span> <span class='ocrx_word' id='word_1_282' title='bbox 2150 1957 2410 2010; x_wconf 85' lang='lat' dir='ltr'>humana</span> <span class='ocrx_word' id='word_1_283' title='bbox 2452 1955 2721 2008; x_wconf 88' lang='lat' dir='ltr'>indutam</span> <span class='ocrx_word' id='word_1_284' title='bbox 2771 1956 2984 2004; x_wconf 82' lang='lat' dir='ltr'>natura</span> <span class='ocrx_word' id='word_1_285' title='bbox 3028 1942 3372 2014; x_wconf 83' lang='lat' dir='ltr'>neutiquam</span> <span class='ocrx_word' id='word_1_286' title='bbox 3425 1937 3657 2009; x_wconf 84' lang='lat' dir='ltr'>audivi-</span> 
     </span>
    </p>
   </div>
   <div class='ocr_carea' id='block_1_41' title="bbox 2008 2028 3655 2101">
    <p class='ocr_par' dir='ltr' id='par_1_41' title="bbox 2008 2028 3655 2101">
     <span class='ocr_line' id='line_1_41' title="bbox 2008 2028 3655 2101; baseline -0.013 0"><span class='ocrx_word' id='word_1_287' title='bbox 2008 2064 2162 2101; x_wconf 85' lang='lat' dir='ltr'>mus.</span> <span class='ocrx_word' id='word_1_288' title='bbox 2191 2050 2332 2099; x_wconf 79' lang='lat' dir='ltr'>Cum</span> <span class='ocrx_word' id='word_1_289' title='bbox 2368 2060 2498 2098; x_wconf 91' lang='lat' dir='ltr'>vero</span> <span class='ocrx_word' id='word_1_290' title='bbox 2526 2043 2655 2096; x_wconf 70' lang='lat' dir='ltr'>duae</span> <span class='ocrx_word' id='word_1_291' title='bbox 2689 2036 3038 2095; x_wconf 85' lang='lat' dir='ltr'>sintChristi</span> <span class='ocrx_word' id='word_1_292' title='bbox 3071 2029 3492 2097; x_wconf 71' lang='lat' dir='ltr'>naturaa,etiam</span> <span class='ocrx_word' id='word_1_293' title='bbox 3525 2028 3655 2081; x_wconf 66' lang='lat' dir='ltr'>duas</span> 
     </span>
    </p>
   </div>
   <div class='ocr_carea' id='block_1_42' title="bbox 2006 2117 3655 2204">
    <p class='ocr_par' dir='ltr' id='par_1_42' title="bbox 2006 2117 3655 2204">
     <span class='ocr_line' id='line_1_42' title="bbox 2006 2117 3655 2204; baseline -0.012 -14"><span class='ocrx_word' id='word_1_294' title='bbox 2006 2142 2144 2190; x_wconf 85' lang='lat' dir='ltr'>sunt</span> <span class='ocrx_word' id='word_1_295' title='bbox 2175 2137 2304 2204; x_wconf 79' lang='lat' dir='ltr'>ejus</span> <span class='ocrx_word' id='word_1_296' title='bbox 2352 2130 2653 2188; x_wconf 86' lang='lat' dir='ltr'>naturales</span> <span class='ocrx_word' id='word_1_297' title='bbox 2701 2129 3050 2191; x_wconf 76' lang='lat' dir='ltr'>voluntates,</span> <span class='ocrx_word' id='word_1_298' title='bbox 3082 2128 3138 2177; x_wconf 89' lang='lat' dir='ltr'>et</span> <span class='ocrx_word' id='word_1_299' title='bbox 3182 2124 3306 2192; x_wconf 87' lang='lat' dir='ltr'>ipse</span> <span class='ocrx_word' id='word_1_300' title='bbox 3356 2117 3655 2173; x_wconf 82' lang='lat' dir='ltr'>voluntate</span> 
     </span>
    </p>
   </div>
   <div class='ocr_carea' id='block_1_43' title="bbox 2005 2208 3655 2297">
    <p class='ocr_par' dir='ltr' id='par_1_43' title="bbox 2005 2208 3655 2297">
     <span class='ocr_line' id='line_1_43' title="bbox 2005 2208 3655 2297; baseline -0.014 -15"><span class='ocrx_word' id='word_1_301' title='bbox 2005 2226 2219 2297; x_wconf 84' lang='lat' dir='ltr'>gaudet</span> <span class='ocrx_word' id='word_1_302' title='bbox 2248 2222 2575 2279; x_wconf 87' lang='lat' dir='ltr'>secundum</span> <span class='ocrx_word' id='word_1_303' title='bbox 2610 2225 2924 2288; x_wconf 85' lang='lat' dir='ltr'>utramque</span> <span class='ocrx_word' id='word_1_304' title='bbox 2959 2221 3254 2278; x_wconf 85' lang='lat' dir='ltr'>naturam,</span> <span class='ocrx_word' id='word_1_305' title='bbox 3277 2208 3566 2279; x_wconf 85' lang='lat' dir='ltr'>siquidem</span> <span class='ocrx_word' id='word_1_306' title='bbox 3597 2209 3655 2261; x_wconf 90' lang='lat' dir='ltr'>et</span> 
     </span>
    </p>
   </div>
   <div class='ocr_carea' id='block_1_44' title="bbox 2005 2297 3651 2379">
    <p class='ocr_par' dir='ltr' id='par_1_44' title="bbox 2005 2297 3651 2379">
     <span class='ocr_line' id='line_1_44' title="bbox 2005 2297 3651 2379; baseline -0.013 -10"><span class='ocrx_word' id='word_1_307' title='bbox 2005 2314 2339 2369; x_wconf 74' lang='lat' dir='ltr'>facultatem</span> <span class='ocrx_word' id='word_1_308' title='bbox 2390 2308 2644 2377; x_wconf 90' lang='lat' dir='ltr'>volendi,</span> <span class='ocrx_word' id='word_1_309' title='bbox 2686 2324 2812 2379; x_wconf 77' lang='lat' dir='ltr'>quae</span> <span class='ocrx_word' id='word_1_310' title='bbox 2862 2303 3033 2359; x_wconf 88' lang='lat' dir='ltr'>nobis</span> <span class='ocrx_word' id='word_1_311' title='bbox 3084 2297 3424 2355; x_wconf 84' lang='lat' dir='ltr'>naturaliter</span> <span class='ocrx_word' id='word_1_312' title='bbox 3476 2297 3651 2362; x_wconf 88' lang='lat' dir='ltr'>inest,</span> 
     </span>
    </p>
   </div>
   <div class='ocr_carea' id='block_1_45' title="bbox 2001 2382 3650 2473">
    <p class='ocr_par' dir='ltr' id='par_1_45' title="bbox 2001 2382 3650 2473">
     <span class='ocr_line' id='line_1_45' title="bbox 2001 2382 3650 2473; baseline -0.014 -14"><span class='ocrx_word' id='word_1_313' title='bbox 2001 2400 2346 2473; x_wconf 83' lang='lat' dir='ltr'>assumpsit.</span> <span class='ocrx_word' id='word_1_314' title='bbox 2397 2398 2665 2471; x_wconf 86' lang='lat' dir='ltr'>Duplices</span> <span class='ocrx_word' id='word_1_315' title='bbox 2712 2396 2892 2467; x_wconf 84' lang='lat' dir='ltr'>igitur</span> <span class='ocrx_word' id='word_1_316' title='bbox 2941 2398 3000 2447; x_wconf 84' lang='lat' dir='ltr'>et</span> <span class='ocrx_word' id='word_1_317' title='bbox 3043 2387 3411 2462; x_wconf 89' lang='lat' dir='ltr'>operationes</span> <span class='ocrx_word' id='word_1_318' title='bbox 3460 2382 3650 2456; x_wconf 88' lang='lat' dir='ltr'>ipsius</span> 
     </span>
    </p>
   </div>
   <div class='ocr_carea' id='block_1_46' title="bbox 2000 2473 3649 2547">
    <p class='ocr_par' dir='ltr' id='par_1_46' title="bbox 2000 2473 3649 2547">
     <span class='ocr_line' id='line_1_46' title="bbox 2000 2473 3649 2547; baseline -0.013 0"><span class='ocrx_word' id='word_1_319' title='bbox 2000 2508 2128 2547; x_wconf 80' lang='lat' dir='ltr'>esse</span> <span class='ocrx_word' id='word_1_320' title='bbox 2158 2491 2543 2544; x_wconf 86' lang='lat' dir='ltr'>ufiirmamus.</span> <span class='ocrx_word' id='word_1_321' title='bbox 2564 2487 2637 2543; x_wconf 91' lang='lat' dir='ltr'>Ut</span> <span class='ocrx_word' id='word_1_322' title='bbox 2665 2486 2820 2541; x_wconf 87' lang='lat' dir='ltr'>Deus</span> <span class='ocrx_word' id='word_1_323' title='bbox 2850 2481 3008 2538; x_wconf 88' lang='lat' dir='ltr'>enim</span> <span class='ocrx_word' id='word_1_324' title='bbox 3038 2485 3096 2534; x_wconf 90' lang='lat' dir='ltr'>et</span> <span class='ocrx_word' id='word_1_325' title='bbox 3126 2473 3649 2533; x_wconf 86' lang='lat' dir='ltr'>consubstantialis</span> 
     </span>
    </p>
   </div>
   <div class='ocr_carea' id='block_1_47' title="bbox 2000 2562 3649 2650">
    <p class='ocr_par' dir='ltr' id='par_1_47' title="bbox 2000 2562 3649 2650">
     <span class='ocr_line' id='line_1_47' title="bbox 2000 2562 3649 2650; baseline -0.013 -14"><span class='ocrx_word' id='word_1_326' title='bbox 2000 2581 2156 2636; x_wconf 87' lang='lat' dir='ltr'>Patri</span> <span class='ocrx_word' id='word_1_327' title='bbox 2189 2578 2384 2634; x_wconf 86' lang='lat' dir='ltr'>divina</span> <span class='ocrx_word' id='word_1_328' title='bbox 2414 2578 2630 2650; x_wconf 78' lang='lat' dir='ltr'>gaudet</span> <span class='ocrx_word' id='word_1_329' title='bbox 2660 2568 3127 2646; x_wconf 82' lang='lat' dir='ltr'>Operatione,sed</span> <span class='ocrx_word' id='word_1_330' title='bbox 3158 2571 3444 2637; x_wconf 83' lang='lat' dir='ltr'>tanquam</span> <span class='ocrx_word' id='word_1_331' title='bbox 3475 2562 3649 2617; x_wconf 88' lang='lat' dir='ltr'>homo</span> 
     </span>
    </p>
   </div>
   <div class='ocr_carea' id='block_1_48' title="bbox 1998 2651 3647 2727">
    <p class='ocr_par' dir='ltr' id='par_1_48' title="bbox 1998 2651 3647 2727">
     <span class='ocr_line' id='line_1_48' title="bbox 1998 2651 3647 2727; baseline -0.013 -1"><span class='ocrx_word' id='word_1_332' title='bbox 1998 2671 2188 2727; x_wconf 79' lang='lat' dir='ltr'>factus</span> <span class='ocrx_word' id='word_1_333' title='bbox 2218 2673 2274 2725; x_wconf 87' lang='lat' dir='ltr'>et</span> <span class='ocrx_word' id='word_1_334' title='bbox 2304 2663 2828 2723; x_wconf 86' lang='lat' dir='ltr'>consubstantialis</span> <span class='ocrx_word' id='word_1_335' title='bbox 2860 2658 3339 2727; x_wconf 73' lang='lat' dir='ltr'>nobis,humana3</span> <span class='ocrx_word' id='word_1_336' title='bbox 3356 2651 3647 2724; x_wconf 86' lang='lat' dir='ltr'>operatio-</span> 
     </span>
    </p>
   </div>
   <div class='ocr_carea' id='block_1_49' title="bbox 1999 2761 2609 2829">
    <p class='ocr_par' dir='ltr' id='par_1_49' title="bbox 1999 2761 2609 2829">
     <span class='ocr_line' id='line_1_49' title="bbox 1999 2761 2609 2829; baseline -0.01 -14"><span class='ocrx_word' id='word_1_337' title='bbox 1999 2761 2093 2816; x_wconf 90' lang='lat' dir='ltr'>nis</span> <span class='ocrx_word' id='word_1_338' title='bbox 2119 2775 2234 2814; x_wconf 89' lang='lat' dir='ltr'>non</span> <span class='ocrx_word' id='word_1_339' title='bbox 2266 2761 2356 2813; x_wconf 82' lang='lat' dir='ltr'>est</span> <span class='ocrx_word' id='word_1_340' title='bbox 2383 2771 2609 2829; x_wconf 84' lang='lat' dir='ltr'>expers.</span> 
     </span>
    </p>
   </div>
   <div class='ocr_carea' id='block_1_50' title="bbox 2605 2841 3042 2911">
    <p class='ocr_par' dir='ltr' id='par_1_50' title="bbox 2605 2841 3042 2911">
     <span class='ocr_line' id='line_1_50' title="bbox 2605 2841 3042 2911; baseline -0.014 -13"><span class='ocrx_word' id='word_1_341' title='bbox 2605 2844 2693 2898; x_wconf 80' lang='grc'>45.</span> <span class='ocrx_word' id='word_1_342' title='bbox 2727 2843 2857 2911; x_wconf 77' lang='lat' dir='ltr'>Quis</span> <span class='ocrx_word' id='word_1_343' title='bbox 2885 2841 3042 2895; x_wconf 77' lang='lat' dir='ltr'>Deus.</span> 
     </span>
    </p>
   </div>
   <div class='ocr_carea' id='block_1_51' title="bbox 2071 2919 3647 3007">
    <p class='ocr_par' dir='ltr' id='par_1_51' title="bbox 2071 2919 3647 3007">
     <span class='ocr_line' id='line_1_51' title="bbox 2071 2919 3647 3007; baseline -0.013 -14"><span class='ocrx_word' id='word_1_344' title='bbox 2071 2938 2266 3007; x_wconf 87' lang='lat' dir='ltr'>Neque</span> <span class='ocrx_word' id='word_1_345' title='bbox 2312 2934 2523 2991; x_wconf 68' lang='lat' dir='ltr'>costum</span> <span class='ocrx_word' id='word_1_346' title='bbox 2560 2935 2730 3000; x_wconf 89' lang='lat' dir='ltr'>Deus,</span> <span class='ocrx_word' id='word_1_347' title='bbox 2766 2946 2871 2986; x_wconf 89' lang='lat' dir='ltr'>nec</span> <span class='ocrx_word' id='word_1_348' title='bbox 2921 2927 3031 2990; x_wconf 90' lang='lat' dir='ltr'>sol,</span> <span class='ocrx_word' id='word_1_349' title='bbox 3066 2942 3252 2996; x_wconf 89' lang='lat' dir='ltr'>neque</span> <span class='ocrx_word' id='word_1_350' title='bbox 3283 2921 3441 2977; x_wconf 87' lang='lat' dir='ltr'>aliud</span> <span class='ocrx_word' id='word_1_351' title='bbox 3474 2919 3647 2991; x_wconf 56' lang='lat' dir='ltr'>quide</span> 
     </span>
    </p>
   </div>
   <div class='ocr_carea' id='block_1_52' title="bbox 2000 3008 3646 3098">
    <p class='ocr_par' dir='ltr' id='par_1_52' title="bbox 2000 3008 3646 3098">
     <span class='ocr_line' id='line_1_52' title="bbox 2000 3008 3646 3098; baseline -0.013 -16"><span class='ocrx_word' id='word_1_352' title='bbox 2000 3043 2178 3098; x_wconf 89' lang='lat' dir='ltr'>quam</span> <span class='ocrx_word' id='word_1_353' title='bbox 2210 3042 2415 3080; x_wconf 91' lang='lat' dir='ltr'>eorum</span> <span class='ocrx_word' id='word_1_354' title='bbox 2448 3039 2575 3093; x_wconf 66' lang='lat' dir='ltr'>quae</span> <span class='ocrx_word' id='word_1_355' title='bbox 2607 3024 2949 3084; x_wconf 90' lang='lat' dir='ltr'>cernuntur,</span> <span class='ocrx_word' id='word_1_356' title='bbox 2967 3017 3068 3071; x_wconf 88' lang='lat' dir='ltr'>sed</span> <span class='ocrx_word' id='word_1_357' title='bbox 3102 3028 3291 3084; x_wconf 91' lang='lat' dir='ltr'>neque</span> <span class='ocrx_word' id='word_1_358' title='bbox 3321 3008 3646 3065; x_wconf 34' lang='lat' dir='ltr'>honoratis‘</span> 
     </span>
    </p>
   </div>
   <div class='ocr_carea' id='block_1_53' title="bbox 2001 3099 3651 3183">
    <p class='ocr_par' dir='ltr' id='par_1_53' title="bbox 2001 3099 3651 3183">
     <span class='ocr_line' id='line_1_53' title="bbox 2001 3099 3651 3183; baseline -0.012 -14"><span class='ocrx_word' id='word_1_359' title='bbox 2001 3117 2152 3169; x_wconf 85' lang='lat' dir='ltr'>sima</span> <span class='ocrx_word' id='word_1_360' title='bbox 2181 3109 2759 3183; x_wconf 5' lang='lat' dir='ltr'>acgcelebratissinia</span> <span class='ocrx_word' id='word_1_361' title='bbox 2810 3104 3116 3160; x_wconf 86' lang='lat' dir='ltr'>hominum</span> <span class='ocrx_word' id='word_1_362' title='bbox 3174 3099 3414 3155; x_wconf 86' lang='lat' dir='ltr'>vocibus</span> <span class='ocrx_word' id='word_1_363' title='bbox 3464 3112 3651 3163; x_wconf 86' lang='lat' dir='ltr'>mens,</span> 
     </span>
    </p>
   </div>
   <div class='ocr_carea' id='block_1_54' title="bbox 2004 3189 3656 3273">
    <p class='ocr_par' dir='ltr' id='par_1_54' title="bbox 2004 3189 3656 3273">
     <span class='ocr_line' id='line_1_54' title="bbox 2004 3189 3656 3273; baseline -0.013 -13"><span class='ocrx_word' id='word_1_364' title='bbox 2004 3219 2191 3273; x_wconf 90' lang='lat' dir='ltr'>neque</span> <span class='ocrx_word' id='word_1_365' title='bbox 2234 3201 2365 3256; x_wconf 88' lang='lat' dir='ltr'>idea</span> <span class='ocrx_word' id='word_1_366' title='bbox 2394 3217 2427 3254; x_wconf 87' lang='lat' dir='ltr'>a</span> <span class='ocrx_word' id='word_1_367' title='bbox 2458 3196 2825 3268; x_wconf 87' lang='lat' dir='ltr'>corporibus,</span> <span class='ocrx_word' id='word_1_368' title='bbox 2857 3200 2918 3248; x_wconf 89' lang='lat' dir='ltr'>ut</span> <span class='ocrx_word' id='word_1_369' title='bbox 2972 3194 3141 3246; x_wconf 85' lang='lat' dir='ltr'>decet</span> <span class='ocrx_word' id='word_1_370' title='bbox 3174 3189 3354 3255; x_wconf 86' lang='lat' dir='ltr'>Plato,</span> <span class='ocrx_word' id='word_1_371' title='bbox 3387 3191 3656 3273; x_wconf 86' lang='lat' dir='ltr'>separata</span> 
     </span>
    </p>
   </div>
   <div class='ocr_carea' id='block_1_55' title="bbox 2005 3268 3658 3361">
    <p class='ocr_par' dir='ltr' id='par_1_55' title="bbox 2005 3268 3658 3361">
     <span class='ocr_line' id='line_1_55' title="bbox 2005 3268 3658 3361; baseline -0.014 -14"><span class='ocrx_word' id='word_1_372' title='bbox 2005 3310 2070 3347; x_wconf 91' lang='lat' dir='ltr'>ac</span> <span class='ocrx_word' id='word_1_373' title='bbox 2102 3292 2386 3361; x_wconf 85' lang='lat' dir='ltr'>sejuncta,</span> <span class='ocrx_word' id='word_1_374' title='bbox 2420 3304 2611 3358; x_wconf 90' lang='lat' dir='ltr'>neque</span> <span class='ocrx_word' id='word_1_375' title='bbox 2651 3290 2863 3339; x_wconf 87' lang='lat' dir='ltr'>natura</span> <span class='ocrx_word' id='word_1_376' title='bbox 2910 3279 3138 3346; x_wconf 90' lang='lat' dir='ltr'>mundi,</span> <span class='ocrx_word' id='word_1_377' title='bbox 3175 3293 3360 3347; x_wconf 89' lang='lat' dir='ltr'>neque</span> <span class='ocrx_word' id='word_1_378' title='bbox 3409 3268 3526 3329; x_wconf 83' lang='lat' dir='ltr'>vita</span> <span class='ocrx_word' id='word_1_379' title='bbox 3557 3277 3658 3325; x_wconf 90' lang='lat' dir='ltr'>aut</span> 
     </span>
    </p>
   </div>
   <div class='ocr_carea' id='block_1_56' title="bbox 2003 3362 3653 3451">
    <p class='ocr_par' dir='ltr' id='par_1_56' title="bbox 2003 3362 3653 3451">
     <span class='ocr_line' id='line_1_56' title="bbox 2003 3362 3653 3451; baseline -0.014 -14"><span class='ocrx_word' id='word_1_380' title='bbox 2003 3380 2418 3451; x_wconf 85' lang='lat' dir='ltr'>lumen,neque</span> <span class='ocrx_word' id='word_1_381' title='bbox 2450 3372 2994 3445; x_wconf 87' lang='lat' dir='ltr'>incorporalitas,ut</span> <span class='ocrx_word' id='word_1_382' title='bbox 3023 3368 3107 3422; x_wconf 89' lang='lat' dir='ltr'>ita</span> <span class='ocrx_word' id='word_1_383' title='bbox 3134 3368 3408 3430; x_wconf 87' lang='lat' dir='ltr'>dicam,et</span> <span class='ocrx_word' id='word_1_384' title='bbox 3440 3362 3653 3417; x_wconf 79' lang='lat' dir='ltr'>imma-</span> 
     </span>
    </p>
   </div>
   <div class='ocr_carea' id='block_1_57' title="bbox 2002 3459 3656 3539">
    <p class='ocr_par' dir='ltr' id='par_1_57' title="bbox 2002 3459 3656 3539">
     <span class='ocr_line' id='line_1_57' title="bbox 2002 3459 3656 3539; baseline -0.013 -14"><span class='ocrx_word' id='word_1_385' title='bbox 2002 3469 2309 3525; x_wconf 75' lang='lat' dir='ltr'>tei-ialitas.</span> <span class='ocrx_word' id='word_1_386' title='bbox 2343 3469 2543 3539; x_wconf 89' lang='lat' dir='ltr'>Neque</span> <span class='ocrx_word' id='word_1_387' title='bbox 2575 3481 2754 3521; x_wconf 90' lang='lat' dir='ltr'>sensu</span> <span class='ocrx_word' id='word_1_388' title='bbox 2788 3459 3038 3517; x_wconf 89' lang='lat' dir='ltr'>visibilis</span> <span class='ocrx_word' id='word_1_389' title='bbox 3073 3472 3261 3527; x_wconf 86' lang='lat' dir='ltr'>neque</span> <span class='ocrx_word' id='word_1_390' title='bbox 3302 3459 3495 3508; x_wconf 86' lang='lat' dir='ltr'>mente</span> <span class='ocrx_word' id='word_1_391' title='bbox 3526 3468 3656 3522; x_wconf 80' lang='lat' dir='ltr'>per~</span> 
     </span>
    </p>
   </div>
   <div class='ocr_carea' id='block_1_58' title="bbox 2001 3544 3659 3631">
    <p class='ocr_par' dir='ltr' id='par_1_58' title="bbox 2001 3544 3659 3631">
     <span class='ocr_line' id='line_1_58' title="bbox 2001 3544 3659 3631; baseline -0.013 -16"><span class='ocrx_word' id='word_1_392' title='bbox 2001 3558 2292 3631; x_wconf 87' lang='lat' dir='ltr'>ceptibilis</span> <span class='ocrx_word' id='word_1_393' title='bbox 2324 3564 2433 3625; x_wconf 86' lang='lat' dir='ltr'>est,</span> <span class='ocrx_word' id='word_1_394' title='bbox 2465 3558 2567 3611; x_wconf 89' lang='lat' dir='ltr'>sed</span> <span class='ocrx_word' id='word_1_395' title='bbox 2617 3552 2732 3609; x_wconf 90' lang='lat' dir='ltr'>alia</span> <span class='ocrx_word' id='word_1_396' title='bbox 2776 3544 3304 3620; x_wconf 87' lang='lat' dir='ltr'>imperscrutabilis</span> <span class='ocrx_word' id='word_1_397' title='bbox 3335 3546 3566 3606; x_wconf 86' lang='lat' dir='ltr'>natura,</span> <span class='ocrx_word' id='word_1_398' title='bbox 3602 3544 3659 3594; x_wconf 86' lang='lat' dir='ltr'>et</span> 
     </span>
    </p>
   </div>
   <div class='ocr_carea' id='block_1_59' title="bbox 2004 3633 3654 3719">
    <p class='ocr_par' dir='ltr' id='par_1_59' title="bbox 2004 3633 3654 3719">
     <span class='ocr_line' id='line_1_59' title="bbox 2004 3633 3654 3719; baseline -0.013 -16"><span class='ocrx_word' id='word_1_399' title='bbox 2004 3648 2262 3719; x_wconf 85' lang='lat' dir='ltr'>potentia</span> <span class='ocrx_word' id='word_1_400' title='bbox 2290 3647 2442 3717; x_wconf 88' lang='lat' dir='ltr'>ejus,</span> <span class='ocrx_word' id='word_1_401' title='bbox 2477 3640 2876 3699; x_wconf 85' lang='lat' dir='ltr'>conservatrix</span> <span class='ocrx_word' id='word_1_402' title='bbox 2905 3636 3212 3705; x_wconf 81' lang='lat' dir='ltr'>datrixque</span> <span class='ocrx_word' id='word_1_403' title='bbox 3259 3633 3389 3686; x_wconf 67' lang='lat' dir='ltr'>vitae</span> <span class='ocrx_word' id='word_1_404' title='bbox 3422 3641 3477 3682; x_wconf 86' lang='lat' dir='ltr'>et</span> <span class='ocrx_word' id='word_1_405' title='bbox 3524 3645 3654 3698; x_wconf 84' lang='lat' dir='ltr'>pro-</span> 
     </span>
    </p>
   </div>
   <div class='ocr_carea' id='block_1_60' title="bbox 2004 3715 3660 3801">
    <p class='ocr_par' dir='ltr' id='par_1_60' title="bbox 2004 3715 3660 3801">
     <span class='ocr_line' id='line_1_60' title="bbox 2004 3715 3660 3801; baseline -0.014 -10"><span class='ocrx_word' id='word_1_406' title='bbox 2004 3736 2253 3801; x_wconf 86' lang='lat' dir='ltr'>ductrix,</span> <span class='ocrx_word' id='word_1_407' title='bbox 2284 3715 2342 3791; x_wconf 84' lang='lat' dir='ltr'>et</span> <span class='ocrx_word' id='word_1_408' title='bbox 2372 3734 2552 3790; x_wconf 90' lang='lat' dir='ltr'>semel</span> <span class='ocrx_word' id='word_1_409' title='bbox 2588 3738 2650 3787; x_wconf 89' lang='lat' dir='ltr'>ut</span> <span class='ocrx_word' id='word_1_410' title='bbox 2684 3732 2897 3797; x_wconf 89' lang='lat' dir='ltr'>dicam,</span> <span class='ocrx_word' id='word_1_411' title='bbox 2928 3741 3132 3783; x_wconf 85' lang='lat' dir='ltr'>omnes</span> <span class='ocrx_word' id='word_1_412' title='bbox 3181 3720 3370 3792; x_wconf 84' lang='lat' dir='ltr'>ipsius</span> <span class='ocrx_word' id='word_1_413' title='bbox 3415 3715 3660 3772; x_wconf 78' lang='lat' dir='ltr'>faculta-</span> 
     </span>
    </p>
   </div>
   <div class='ocr_carea' id='block_1_61' title="bbox 2001 3807 3662 3892">
    <p class='ocr_par' dir='ltr' id='par_1_61' title="bbox 2001 3807 3662 3892">
     <span class='ocr_line' id='line_1_61' title="bbox 2001 3807 3662 3892; baseline -0.015 -10"><span class='ocrx_word' id='word_1_414' title='bbox 2001 3829 2089 3881; x_wconf 82' lang='lat' dir='ltr'>tes</span> <span class='ocrx_word' id='word_1_415' title='bbox 2120 3825 2360 3880; x_wconf 65' lang='lat' dir='ltr'>inﬁnitas</span> <span class='ocrx_word' id='word_1_416' title='bbox 2392 3828 2534 3879; x_wconf 87' lang='lat' dir='ltr'>sunt</span> <span class='ocrx_word' id='word_1_417' title='bbox 2563 3828 2621 3878; x_wconf 91' lang='lat' dir='ltr'>et</span> <span class='ocrx_word' id='word_1_418' title='bbox 2653 3817 2927 3892; x_wconf 87' lang='lat' dir='ltr'>principii</span> <span class='ocrx_word' id='word_1_419' title='bbox 2962 3813 3185 3870; x_wconf 85' lang='lat' dir='ltr'>ratione</span> <span class='ocrx_word' id='word_1_420' title='bbox 3215 3819 3268 3865; x_wconf 84' lang='lat' dir='ltr'>et</span> <span class='ocrx_word' id='word_1_421' title='bbox 3298 3807 3455 3863; x_wconf 83' lang='lat' dir='ltr'>ﬁnis.</span> <span class='ocrx_word' id='word_1_422' title='bbox 3478 3807 3662 3875; x_wconf 77' lang='lat' dir='ltr'>Atque</span> 
     </span>
    </p>
   </div>
   <div class='ocr_carea' id='block_1_62' title="bbox 2003 3895 3658 3985">
    <p class='ocr_par' dir='ltr' id='par_1_62' title="bbox 2003 3895 3658 3985">
     <span class='ocr_line' id='line_1_62' title="bbox 2003 3895 3658 3985; baseline -0.013 -16"><span class='ocrx_word' id='word_1_423' title='bbox 2003 3914 2165 3970; x_wconf 89' lang='lat' dir='ltr'>illius</span> <span class='ocrx_word' id='word_1_424' title='bbox 2196 3913 2435 3985; x_wconf 89' lang='lat' dir='ltr'>quidem</span> <span class='ocrx_word' id='word_1_425' title='bbox 2468 3915 2740 3982; x_wconf 76' lang='lat' dir='ltr'>mepectu</span> <span class='ocrx_word' id='word_1_426' title='bbox 2772 3907 2900 3963; x_wconf 89' lang='lat' dir='ltr'>sine</span> <span class='ocrx_word' id='word_1_427' title='bbox 2946 3901 3231 3976; x_wconf 88' lang='lat' dir='ltr'>principio</span> <span class='ocrx_word' id='word_1_428' title='bbox 3261 3913 3391 3953; x_wconf 84' lang='lat' dir='ltr'>esse</span> <span class='ocrx_word' id='word_1_429' title='bbox 3422 3895 3658 3960; x_wconf 86' lang='lat' dir='ltr'>dicitur,</span> 
     </span>
    </p>
   </div>
   <div class='ocr_carea' id='block_1_63' title="bbox 2003 3986 3659 4072">
    <p class='ocr_par' dir='ltr' id='par_1_63' title="bbox 2003 3986 3659 4072">
     <span class='ocr_line' id='line_1_63' title="bbox 2003 3986 3659 4072; baseline -0.014 -13"><span class='ocrx_word' id='word_1_430' title='bbox 2003 4004 2227 4059; x_wconf 87' lang='lat' dir='ltr'>ratione</span> <span class='ocrx_word' id='word_1_431' title='bbox 2258 4002 2436 4072; x_wconf 85' lang='lat' dir='ltr'>hujus</span> <span class='ocrx_word' id='word_1_432' title='bbox 2467 4017 2600 4055; x_wconf 87' lang='lat' dir='ltr'>vero</span> <span class='ocrx_word' id='word_1_433' title='bbox 2633 3997 2759 4054; x_wconf 90' lang='lat' dir='ltr'>sine</span> <span class='ocrx_word' id='word_1_434' title='bbox 2790 3998 2926 4064; x_wconf 81' lang='lat' dir='ltr'>fine,</span> <span class='ocrx_word' id='word_1_435' title='bbox 2958 3995 3066 4048; x_wconf 90' lang='lat' dir='ltr'>hoc</span> <span class='ocrx_word' id='word_1_436' title='bbox 3098 3995 3187 4046; x_wconf 87' lang='lat' dir='ltr'>est</span> <span class='ocrx_word' id='word_1_437' title='bbox 3224 3986 3465 4044; x_wconf 90' lang='lat' dir='ltr'>omnino</span> <span class='ocrx_word' id='word_1_438' title='bbox 3497 3988 3659 4039; x_wconf 77' lang='lat' dir='ltr'>aeter-</span> 
     </span>
    </p>
   </div>
   <div class='ocr_carea' id='block_1_64' title="bbox 2003 4072 3661 4159">
    <p class='ocr_par' dir='ltr' id='par_1_64' title="bbox 2003 4072 3661 4159">
     <span class='ocr_line' id='line_1_64' title="bbox 2003 4072 3661 4159; baseline -0.014 -11"><span class='ocrx_word' id='word_1_439' title='bbox 2003 4109 2137 4148; x_wconf 91' lang='lat' dir='ltr'>nus.</span> <span class='ocrx_word' id='word_1_440' title='bbox 2192 4090 2428 4146; x_wconf 81' lang='lat' dir='ltr'>Inﬁnita</span> <span class='ocrx_word' id='word_1_441' title='bbox 2485 4088 2667 4159; x_wconf 86' lang='lat' dir='ltr'>igitur</span> <span class='ocrx_word' id='word_1_442' title='bbox 2718 4087 3009 4158; x_wconf 79' lang='lat' dir='ltr'>potestate</span> <span class='ocrx_word' id='word_1_443' title='bbox 3057 4081 3235 4143; x_wconf 88' lang='lat' dir='ltr'>Deus,</span> <span class='ocrx_word' id='word_1_444' title='bbox 3285 4082 3343 4132; x_wconf 90' lang='lat' dir='ltr'>et</span> <span class='ocrx_word' id='word_1_445' title='bbox 3387 4072 3661 4146; x_wconf 89' lang='lat' dir='ltr'>principii</span> 
     </span>
    </p>
   </div>
   <div class='ocr_carea' id='block_1_65' title="bbox 2002 4163 3661 4251">
    <p class='ocr_par' dir='ltr' id='par_1_65' title="bbox 2002 4163 3661 4251">
     <span class='ocr_line' id='line_1_65' title="bbox 2002 4163 3661 4251; baseline -0.012 -15"><span class='ocrx_word' id='word_1_446' title='bbox 2002 4181 2260 4251; x_wconf 81' lang='lat' dir='ltr'>finisque</span> <span class='ocrx_word' id='word_1_447' title='bbox 2289 4195 2493 4249; x_wconf 85' lang='lat' dir='ltr'>expers</span> <span class='ocrx_word' id='word_1_448' title='bbox 2524 4184 2579 4231; x_wconf 88' lang='lat' dir='ltr'>et</span> <span class='ocrx_word' id='word_1_449' title='bbox 2624 4181 2876 4229; x_wconf 70' lang='lat' dir='ltr'>internus</span> <span class='ocrx_word' id='word_1_450' title='bbox 2907 4175 2996 4226; x_wconf 89' lang='lat' dir='ltr'>est</span> <span class='ocrx_word' id='word_1_451' title='bbox 3029 4185 3043 4225; x_wconf 89' lang='lat'><strong>:</strong></span> <span class='ocrx_word' id='word_1_452' title='bbox 3074 4168 3226 4240; x_wconf 90' lang='lat' dir='ltr'>quod</span> <span class='ocrx_word' id='word_1_453' title='bbox 3260 4171 3318 4221; x_wconf 83' lang='lat' dir='ltr'>et</span> <span class='ocrx_word' id='word_1_454' title='bbox 3348 4163 3661 4235; x_wconf 88' lang='lat' dir='ltr'>Gregorius</span> 
     </span>
    </p>
   </div>
   <div class='ocr_carea' id='block_1_66' title="bbox 2004 4257 3098 4339">
    <p class='ocr_par' dir='ltr' id='par_1_66' title="bbox 2004 4257 3098 4339">
     <span class='ocr_line' id='line_1_66' title="bbox 2004 4257 3098 4339; baseline -0.012 -15"><span class='ocrx_word' id='word_1_455' title='bbox 2004 4269 2336 4339; x_wconf 88' lang='lat' dir='ltr'>Theologus</span> <span class='ocrx_word' id='word_1_456' title='bbox 2367 4281 2497 4320; x_wconf 90' lang='lat' dir='ltr'>vere</span> <span class='ocrx_word' id='word_1_457' title='bbox 2525 4263 2850 4333; x_wconf 87' lang='lat' dir='ltr'>theologice</span> <span class='ocrx_word' id='word_1_458' title='bbox 2881 4257 3098 4314; x_wconf 83' lang='lat' dir='ltr'>docuit.</span> 
     </span>
    </p>
   </div>
   <div class='ocr_carea' id='block_1_67' title="bbox 2148 4361 3516 4495">
    <p class='ocr_par' dir='ltr' id='par_1_67' title="bbox 2148 4361 3516 4495">
     <span class='ocr_line' id='line_1_67' title="bbox 2148 4361 3516 4495; baseline -0.012 -66"><span class='ocrx_word' id='word_1_459' title='bbox 2148 4376 2235 4429; x_wconf 87' lang='grc'>16.</span> <span class='ocrx_word' id='word_1_460' title='bbox 2271 4371 2544 4442; x_wconf 83' lang='lat' dir='ltr'>Quomodo</span> <span class='ocrx_word' id='word_1_461' title='bbox 2572 4370 2800 4495; x_wconf 70' lang='lat' dir='ltr'>praesbcz&#39;t</span> <span class='ocrx_word' id='word_1_462' title='bbox 2829 4369 3079 4475; x_wconf 59' lang='lat' dir='ltr'>Deus9re3</span> <span class='ocrx_word' id='word_1_463' title='bbox 3106 4361 3516 4418; x_wconf 72' lang='lat' dir='ltr'>mutationibus</span> 
     </span>
     <span class='ocr_line' id='line_1_68' title="bbox 2675 4455 2975 4495; baseline -0.017 0"><span class='ocrx_word' id='word_1_464' title='bbox 2675 4458 2705 4495; x_wconf 89' lang='grc' dir='ltr'>ο</span> <span class='ocrx_word' id='word_1_465' title='bbox 2744 4455 2975 4494; x_wconf 66' lang='lat' dir='ltr'>nouas.</span> 
     </span>
    </p>
   </div>
   <div class='ocr_carea' id='block_1_68' title="bbox 2675 4455 2975 4496">
    <p class='ocr_par' dir='ltr' id='par_1_68' title="bbox 2675 4455 2975 4496">
     <span class='ocr_line' id='line_1_69' title="bbox 2675 4455 2975 4496; baseline -0.02 0"><span class='ocrx_word' id='word_1_466' title='bbox 2675 4455 2943 4496; x_wconf 72' lang='grc' dir='ltr'>οοηοπῑαε</span> <span class='ocrx_word' id='word_1_467' title='bbox 2965 4455 2975 4490; x_wconf 73' lang='lat'><em>2</em></span> 
     </span>
    </p>
   </div>
   <div class='ocr_carea' id='block_1_69' title="bbox 260 2398 1893 2480">
    <p class='ocr_par' dir='ltr' id='par_1_69' title="bbox 260 2398 1893 2480">
     <span class='ocr_line' id='line_1_70' title="bbox 260 2398 1893 2480; baseline -0.001 -26"><span class='ocrx_word' id='word_1_468' title='bbox 260 2401 339 2462; x_wconf 72' lang='grc' dir='ltr'>τὶς</span> <span class='ocrx_word' id='word_1_469' title='bbox 358 2398 623 2477; x_wconf 75' lang='grc' dir='ltr'>ἐνεργείας</span> <span class='ocrx_word' id='word_1_470' title='bbox 656 2402 826 2456; x_wconf 79' lang='grc' dir='ltr'>αὐτοῦ</span> <span class='ocrx_word' id='word_1_471' title='bbox 852 2420 1043 2480; x_wconf 78' lang='grc' dir='ltr'>φαμεν·</span> <span class='ocrx_word' id='word_1_472' title='bbox 1078 2402 1198 2475; x_wconf 75' lang='grc' dir='ltr'>εἶχε</span> <span class='ocrx_word' id='word_1_473' title='bbox 1231 2401 1325 2473; x_wconf 73' lang='grc' dir='ltr'>μὲν</span> <span class='ocrx_word' id='word_1_474' title='bbox 1356 2400 1483 2474; x_wconf 64' lang='grc' dir='ltr'>γὰρ,</span> <span class='ocrx_word' id='word_1_475' title='bbox 1522 2399 1596 2461; x_wconf 85' lang='grc' dir='ltr'>ὡς</span> <span class='ocrx_word' id='word_1_476' title='bbox 1634 2398 1728 2471; x_wconf 71' lang='grc' dir='ltr'>μὶν</span> <span class='ocrx_word' id='word_1_477' title='bbox 1762 2405 1893 2461; x_wconf 72' lang='grc' dir='ltr'>Θεος</span> 
     </span>
    </p>
   </div>
   <div class='ocr_carea' id='block_1_70' title="bbox 264 2487 1891 2566">
    <p class='ocr_par' dir='ltr' id='par_1_70' title="bbox 264 2487 1891 2566">
     <span class='ocr_line' id='line_1_71' title="bbox 264 2487 1891 2566; baseline 0.001 -26"><span class='ocrx_word' id='word_1_478' title='bbox 264 2489 431 2561; x_wconf 63' lang='grc' dir='ltr'>διιὶτῷ</span> <span class='ocrx_word' id='word_1_479' title='bbox 484 2491 658 2566; x_wconf 78' lang='grc' dir='ltr'>ηατρί</span> <span class='ocrx_word' id='word_1_480' title='bbox 690 2489 1007 2564; x_wconf 75' lang='grc' dir='ltr'>ὁμοούσιος,</span> <span class='ocrx_word' id='word_1_481' title='bbox 1038 2491 1136 2559; x_wconf 68' lang='grc' dir='ltr'>τὴν</span> <span class='ocrx_word' id='word_1_482' title='bbox 1169 2488 1310 2544; x_wconf 82' lang='grc' dir='ltr'>θείαν</span> <span class='ocrx_word' id='word_1_483' title='bbox 1345 2487 1633 2565; x_wconf 73' lang='grc' dir='ltr'>ἐνέργειαν,</span> <span class='ocrx_word' id='word_1_484' title='bbox 1687 2489 1775 2542; x_wconf 84' lang='grc' dir='ltr'>καὶ</span> <span class='ocrx_word' id='word_1_485' title='bbox 1820 2488 1891 2550; x_wconf 87' lang='grc' dir='ltr'>ὡς</span> 
     </span>
    </p>
   </div>
   <div class='ocr_carea' id='block_1_71' title="bbox 264 2575 1887 2656">
    <p class='ocr_par' dir='ltr' id='par_1_71' title="bbox 264 2575 1887 2656">
     <span class='ocr_line' id='line_1_72' title="bbox 264 2575 1887 2656; baseline 0.001 -26"><span class='ocrx_word' id='word_1_486' title='bbox 264 2575 522 2653; x_wconf 72' lang='grc' dir='ltr'>ἄνθρωπος</span> <span class='ocrx_word' id='word_1_487' title='bbox 556 2578 852 2656; x_wconf 65' lang='grc' dir='ltr'>γενόμενος</span> <span class='ocrx_word' id='word_1_488' title='bbox 900 2579 989 2633; x_wconf 81' lang='grc' dir='ltr'>καὶ</span> <span class='ocrx_word' id='word_1_489' title='bbox 1040 2581 1174 2652; x_wconf 78' lang='grc' dir='ltr'>ἡμῖν</span> <span class='ocrx_word' id='word_1_490' title='bbox 1208 2577 1525 2652; x_wconf 81' lang='grc' dir='ltr'>ὁμοούσιος,</span> <span class='ocrx_word' id='word_1_491' title='bbox 1556 2585 1654 2647; x_wconf 77' lang='grc' dir='ltr'>τῆς</span> <span class='ocrx_word' id='word_1_492' title='bbox 1683 2577 1887 2653; x_wconf 81' lang='grc' dir='ltr'>ἀνθρω-</span> 
     </span>
    </p>
   </div>
   <div class='ocr_carea' id='block_1_72' title="bbox 264 2667 1088 2746">
    <p class='ocr_par' dir='ltr' id='par_1_72' title="bbox 264 2667 1088 2746">
     <span class='ocr_line' id='line_1_73' title="bbox 264 2667 1088 2746; baseline 0.007 -26"><span class='ocrx_word' id='word_1_493' title='bbox 264 2667 401 2738; x_wconf 71' lang='grc' dir='ltr'>πίνης</span> <span class='ocrx_word' id='word_1_494' title='bbox 429 2668 639 2746; x_wconf 75' lang='grc' dir='ltr'>φύσεως</span> <span class='ocrx_word' id='word_1_495' title='bbox 670 2670 769 2739; x_wconf 77' lang='grc' dir='ltr'>τὴν</span> <span class='ocrx_word' id='word_1_496' title='bbox 799 2667 1088 2744; x_wconf 73' lang='grc' dir='ltr'>ἐνέργειαν.</span> 
     </span>
    </p>
   </div>
   <div class='ocr_carea' id='block_1_73' title="bbox 840 2847 1290 2911">
    <p class='ocr_par' dir='ltr' id='par_1_73' title="bbox 840 2847 1290 2911">
     <span class='ocr_line' id='line_1_74' title="bbox 840 2847 1290 2911; baseline -0.002 -8"><span class='ocrx_word' id='word_1_497' title='bbox 840 2849 921 2904; x_wconf 81' lang='grc' dir='ltr'>ιε’.</span> <span class='ocrx_word' id='word_1_498' title='bbox 954 2847 1052 2910; x_wconf 90' lang='grc' dir='ltr'>Τίς</span> <span class='ocrx_word' id='word_1_499' title='bbox 1086 2848 1114 2902; x_wconf 92' lang='lat'>6</span> <span class='ocrx_word' id='word_1_500' title='bbox 1142 2847 1290 2911; x_wconf 78' lang='grc' dir='ltr'>Θεός.</span> 
     </span>
    </p>
   </div>
   <div class='ocr_carea' id='block_1_74' title="bbox 322 2930 1886 3014">
    <p class='ocr_par' dir='ltr' id='par_1_74' title="bbox 322 2930 1886 3014">
     <span class='ocr_line' id='line_1_75' title="bbox 322 2930 1886 3014; baseline -0.004 -20"><span class='ocrx_word' id='word_1_501' title='bbox 322 2934 447 2994; x_wconf 68' lang='grc' dir='ltr'>Οὔτε</span> <span class='ocrx_word' id='word_1_502' title='bbox 475 2940 503 2994; x_wconf 87' lang='lat'>6</span> <span class='ocrx_word' id='word_1_503' title='bbox 536 2937 765 3014; x_wconf 75' lang='grc' dir='ltr'>οὐρανὸς</span> <span class='ocrx_word' id='word_1_504' title='bbox 798 2933 1080 3006; x_wconf 72' lang='grc' dir='ltr'>Θεὸς,οὕτε</span> <span class='ocrx_word' id='word_1_505' title='bbox 1110 2938 1138 2991; x_wconf 92' lang='lat'>6</span> <span class='ocrx_word' id='word_1_506' title='bbox 1168 2934 1351 3007; x_wconf 74' lang='grc' dir='ltr'>ἥλιος,</span> <span class='ocrx_word' id='word_1_507' title='bbox 1375 2930 1499 2990; x_wconf 66' lang='grc' dir='ltr'>οὔτε</span> <span class='ocrx_word' id='word_1_508' title='bbox 1530 2930 1671 2988; x_wconf 77' lang='grc' dir='ltr'>ἄλλο</span> <span class='ocrx_word' id='word_1_509' title='bbox 1701 2953 1751 2988; x_wconf 88' lang='grc' dir='ltr'>τι</span> <span class='ocrx_word' id='word_1_510' title='bbox 1779 2936 1886 2989; x_wconf 86' lang='grc' dir='ltr'>τῶν</span> 
     </span>
    </p>
   </div>
   <div class='ocr_carea' id='block_1_75' title="bbox 264 3020 1889 3099">
    <p class='ocr_par' dir='ltr' id='par_1_75' title="bbox 264 3020 1889 3099">
     <span class='ocr_line' id='line_1_76' title="bbox 264 3020 1889 3099; baseline 0 -22"><span class='ocrx_word' id='word_1_511' title='bbox 264 3025 559 3099; x_wconf 76' lang='grc' dir='ltr'>ὁρωμένων,</span> <span class='ocrx_word' id='word_1_512' title='bbox 591 3024 717 3081; x_wconf 80' lang='grc' dir='ltr'>ἀλλ’</span> <span class='ocrx_word' id='word_1_513' title='bbox 751 3023 877 3081; x_wconf 70' lang='grc' dir='ltr'>οὗδὶ</span> <span class='ocrx_word' id='word_1_514' title='bbox 907 3026 935 3080; x_wconf 90' lang='lat'>6</span> <span class='ocrx_word' id='word_1_515' title='bbox 964 3023 1347 3099; x_wconf 81' lang='grc' dir='ltr'>πολυτίμητος</span> <span class='ocrx_word' id='word_1_516' title='bbox 1375 3023 1465 3078; x_wconf 87' lang='grc' dir='ltr'>καὶ</span> <span class='ocrx_word' id='word_1_517' title='bbox 1496 3020 1889 3097; x_wconf 81' lang='grc' dir='ltr'>πολοθρύλλη-</span> 
     </span>
    </p>
   </div>
   <div class='ocr_carea' id='block_1_76' title="bbox 260 3111 1888 3187">
    <p class='ocr_par' dir='ltr' id='par_1_76' title="bbox 260 3111 1888 3187">
     <span class='ocr_line' id='line_1_77' title="bbox 260 3111 1888 3187; baseline -0.001 -21"><span class='ocrx_word' id='word_1_518' title='bbox 260 3133 338 3174; x_wconf 80' lang='grc' dir='ltr'>τος</span> <span class='ocrx_word' id='word_1_519' title='bbox 388 3120 527 3177; x_wconf 83' lang='grc' dir='ltr'>νοῦς’</span> <span class='ocrx_word' id='word_1_520' title='bbox 564 3112 693 3170; x_wconf 71' lang='grc' dir='ltr'>οὐδὲ</span> <span class='ocrx_word' id='word_1_521' title='bbox 720 3111 839 3169; x_wconf 75' lang='grc' dir='ltr'>ἲδέκ</span> <span class='ocrx_word' id='word_1_522' title='bbox 889 3136 973 3177; x_wconf 91' lang='grc' dir='ltr'>τις</span> <span class='ocrx_word' id='word_1_523' title='bbox 1030 3114 1166 3169; x_wconf 79' lang='grc' dir='ltr'>κατὰ</span> <span class='ocrx_word' id='word_1_524' title='bbox 1196 3112 1458 3171; x_wconf 79' lang='grc' dir='ltr'>Πλάτωνα</span> <span class='ocrx_word' id='word_1_525' title='bbox 1500 3111 1749 3187; x_wconf 78' lang='grc' dir='ltr'>χωριστή</span> <span class='ocrx_word' id='word_1_526' title='bbox 1783 3132 1888 3165; x_wconf 90' lang='grc' dir='ltr'>σω-</span> 
     </span>
    </p>
   </div>
   <div class='ocr_carea' id='block_1_77' title="bbox 264 3197 1890 3282">
    <p class='ocr_par' dir='ltr' id='par_1_77' title="bbox 264 3197 1890 3282">
     <span class='ocr_line' id='line_1_78' title="bbox 264 3197 1890 3282; baseline -0.002 -23"><span class='ocrx_word' id='word_1_527' title='bbox 264 3204 446 3274; x_wconf 76' lang='grc' dir='ltr'>μάτων,</span> <span class='ocrx_word' id='word_1_528' title='bbox 504 3204 634 3259; x_wconf 80' lang='grc' dir='ltr'>ἀλλ’</span> <span class='ocrx_word' id='word_1_529' title='bbox 694 3200 820 3259; x_wconf 74' lang='grc' dir='ltr'>οὐδὲ</span> <span class='ocrx_word' id='word_1_530' title='bbox 877 3203 1033 3282; x_wconf 66' lang='grc' dir='ltr'>φύσις</span> <span class='ocrx_word' id='word_1_531' title='bbox 1087 3204 1235 3268; x_wconf 74' lang='grc' dir='ltr'>ὅλως</span> <span class='ocrx_word' id='word_1_532' title='bbox 1265 3203 1573 3280; x_wconf 80' lang='grc' dir='ltr'>ἐγκὸσμιος,</span> <span class='ocrx_word' id='word_1_533' title='bbox 1608 3198 1732 3256; x_wconf 79' lang='grc' dir='ltr'>ἀλλ’</span> <span class='ocrx_word' id='word_1_534' title='bbox 1765 3197 1890 3255; x_wconf 65' lang='grc' dir='ltr'>οὐδὲ</span> 
     </span>
    </p>
   </div>
   <div class='ocr_carea' id='block_1_78' title="bbox 264 3241 1966 3371">
    <p class='ocr_par' dir='ltr' id='par_1_78' title="bbox 264 3241 1966 3371">
     <span class='ocr_line' id='line_1_79' title="bbox 264 3241 1966 3307; baseline -0.001 -50"><span class='ocrx_word' id='word_1_535' title='bbox 264 3241 446 3274; x_wconf 54' lang='grc' dir='ltr'>μων,</span> <span class='ocrx_word' id='word_1_536' title='bbox 504 3241 616 3259; x_wconf 54' lang='lat' dir='ltr'>am.</span> <span class='ocrx_word' id='word_1_537' title='bbox 694 3241 820 3259; x_wconf 69' lang='grc' dir='ltr'>υνυς.</span> <span class='ocrx_word' id='word_1_538' title='bbox 878 3241 1033 3282; x_wconf 46' lang='grc' dir='ltr'>γεω..</span> <span class='ocrx_word' id='word_1_539' title='bbox 1088 3241 1234 3268; x_wconf 57' lang='lat' dir='ltr'>una...</span> <span class='ocrx_word' id='word_1_540' title='bbox 1265 3241 1573 3280; x_wconf 55' lang='grc' dir='ltr'>ςιηυυμως,</span> <span class='ocrx_word' id='word_1_541' title='bbox 1766 3241 1890 3255; x_wconf 70' lang='grc' dir='ltr'>νυν.</span> <span class='ocrx_word' id='word_1_542' title='bbox 1922 3241 1966 3307; x_wconf 75' lang='lat' dir='ltr'>C</span> 
     </span>
     <span class='ocr_line' id='line_1_80' title="bbox 264 3287 1893 3371; baseline -0.005 -20"><span class='ocrx_word' id='word_1_543' title='bbox 264 3293 383 3361; x_wconf 70' lang='grc' dir='ltr'>ζωὴ,</span> <span class='ocrx_word' id='word_1_544' title='bbox 439 3291 565 3349; x_wconf 71' lang='grc' dir='ltr'>οὐδὲ</span> <span class='ocrx_word' id='word_1_545' title='bbox 621 3298 756 3371; x_wconf 77' lang='grc' dir='ltr'>φῶς,</span> <span class='ocrx_word' id='word_1_546' title='bbox 815 3291 916 3347; x_wconf 70' lang='grc' dir='ltr'>οὐκ</span> <span class='ocrx_word' id='word_1_547' title='bbox 965 3293 1350 3365; x_wconf 77' lang='grc' dir='ltr'>ἀσωματύτης,</span> <span class='ocrx_word' id='word_1_548' title='bbox 1410 3291 1509 3345; x_wconf 78' lang='grc' dir='ltr'>οὐκ</span> <span class='ocrx_word' id='word_1_549' title='bbox 1536 3287 1719 3361; x_wconf 53' lang='lat' dir='ltr'>anilia,</span> <span class='ocrx_word' id='word_1_550' title='bbox 1772 3287 1893 3343; x_wconf 72' lang='grc' dir='ltr'>οὕτε</span> 
     </span>
    </p>
   </div>
   <div class='ocr_carea' id='block_1_79' title="bbox 265 3378 1893 3453">
    <p class='ocr_par' dir='ltr' id='par_1_79' title="bbox 265 3378 1893 3453">
     <span class='ocr_line' id='line_1_81' title="bbox 265 3378 1893 3453; baseline -0.002 -19"><span class='ocrx_word' id='word_1_551' title='bbox 265 3380 487 3453; x_wconf 77' lang='grc' dir='ltr'>αἰσθήσει</span> <span class='ocrx_word' id='word_1_552' title='bbox 545 3382 733 3444; x_wconf 81' lang='grc' dir='ltr'>θεατὸς</span> <span class='ocrx_word' id='word_1_553' title='bbox 793 3382 917 3436; x_wconf 75' lang='grc' dir='ltr'>οὒτε</span> <span class='ocrx_word' id='word_1_554' title='bbox 971 3386 1048 3453; x_wconf 79' lang='grc' dir='ltr'>νῷ</span> <span class='ocrx_word' id='word_1_555' title='bbox 1104 3381 1336 3452; x_wconf 83' lang='grc' dir='ltr'>ληπτός’</span> <span class='ocrx_word' id='word_1_556' title='bbox 1398 3378 1541 3436; x_wconf 82' lang='grc' dir='ltr'>ἀλλά</span> <span class='ocrx_word' id='word_1_557' title='bbox 1588 3400 1672 3440; x_wconf 90' lang='grc' dir='ltr'>τις</span> <span class='ocrx_word' id='word_1_558' title='bbox 1740 3378 1893 3448; x_wconf 71' lang='grc' dir='ltr'>ἑτέρα</span> 
     </span>
    </p>
   </div>
   <div class='ocr_carea' id='block_1_80' title="bbox 267 3467 1888 3547">
    <p class='ocr_par' dir='ltr' id='par_1_80' title="bbox 267 3467 1888 3547">
     <span class='ocr_line' id='line_1_82' title="bbox 267 3467 1888 3547; baseline 0.003 -24"><span class='ocrx_word' id='word_1_559' title='bbox 267 3468 403 3545; x_wconf 68' lang='grc' dir='ltr'>γύσις</span> <span class='ocrx_word' id='word_1_560' title='bbox 448 3472 879 3547; x_wconf 78' lang='grc' dir='ltr'>ἆνεξερεύνητος,</span> <span class='ocrx_word' id='word_1_561' title='bbox 916 3470 1006 3525; x_wconf 81' lang='grc' dir='ltr'>καὶ</span> <span class='ocrx_word' id='word_1_562' title='bbox 1039 3470 1202 3525; x_wconf 79' lang='grc' dir='ltr'>αύτοῦ</span> <span class='ocrx_word' id='word_1_563' title='bbox 1253 3468 1505 3542; x_wconf 81' lang='grc' dir='ltr'>δύναμις,</span> <span class='ocrx_word' id='word_1_564' title='bbox 1536 3467 1570 3537; x_wconf 73' lang='grc' dir='ltr'><strong>ἢ</strong></span> <span class='ocrx_word' id='word_1_565' title='bbox 1616 3489 1675 3522; x_wconf 82' lang='grc' dir='ltr'>τε</span> <span class='ocrx_word' id='word_1_566' title='bbox 1722 3487 1888 3543; x_wconf 38' lang='grc' dir='ltr'>φρου.</span> 
     </span>
    </p>
   </div>
   <div class='ocr_carea' id='block_1_81' title="bbox 266 3552 1893 3635">
    <p class='ocr_par' dir='ltr' id='par_1_81' title="bbox 266 3552 1893 3635">
     <span class='ocr_line' id='line_1_83' title="bbox 266 3552 1893 3635; baseline -0.002 -23"><span class='ocrx_word' id='word_1_567' title='bbox 266 3560 445 3631; x_wconf 74' lang='grc' dir='ltr'>ρητικὴ</span> <span class='ocrx_word' id='word_1_568' title='bbox 495 3560 531 3630; x_wconf 71' lang='grc' dir='ltr'>ἢ</span> <span class='ocrx_word' id='word_1_569' title='bbox 587 3581 649 3615; x_wconf 79' lang='grc' dir='ltr'>ἰε</span> <span class='ocrx_word' id='word_1_570' title='bbox 708 3560 1007 3635; x_wconf 82' lang='grc' dir='ltr'>ζωογόνος,</span> <span class='ocrx_word' id='word_1_571' title='bbox 1037 3561 1071 3630; x_wconf 75' lang='grc' dir='ltr'><strong>ἢ</strong></span> <span class='ocrx_word' id='word_1_572' title='bbox 1119 3581 1178 3614; x_wconf 87' lang='grc' dir='ltr'>τε</span> <span class='ocrx_word' id='word_1_573' title='bbox 1204 3558 1539 3634; x_wconf 71' lang='grc' dir='ltr'>ἀναγωγική,</span> <span class='ocrx_word' id='word_1_574' title='bbox 1580 3556 1670 3611; x_wconf 81' lang='grc' dir='ltr'>καὶ</span> <span class='ocrx_word' id='word_1_575' title='bbox 1702 3552 1893 3617; x_wconf 81' lang='grc' dir='ltr'>ἅπλῶς</span> 
     </span>
    </p>
   </div>
   <div class='ocr_carea' id='block_1_82' title="bbox 266 3645 1890 3722">
    <p class='ocr_par' dir='ltr' id='par_1_82' title="bbox 266 3645 1890 3722">
     <span class='ocr_line' id='line_1_84' title="bbox 266 3645 1890 3722; baseline -0.002 -21"><span class='ocrx_word' id='word_1_576' title='bbox 266 3654 414 3702; x_wconf 81' lang='grc' dir='ltr'>πᾶσαι</span> <span class='ocrx_word' id='word_1_577' title='bbox 480 3651 535 3704; x_wconf 74' lang='grc' dir='ltr'>αἱ</span> <span class='ocrx_word' id='word_1_578' title='bbox 606 3647 863 3722; x_wconf 74' lang='grc' dir='ltr'>δυνάμεις</span> <span class='ocrx_word' id='word_1_579' title='bbox 941 3648 1105 3703; x_wconf 73' lang='grc' dir='ltr'>αὐτοῦ</span> <span class='ocrx_word' id='word_1_580' title='bbox 1174 3648 1387 3721; x_wconf 82' lang='grc' dir='ltr'>ἄπειροί</span> <span class='ocrx_word' id='word_1_581' title='bbox 1463 3646 1565 3701; x_wconf 73' lang='grc' dir='ltr'>εἶσι</span> <span class='ocrx_word' id='word_1_582' title='bbox 1624 3645 1714 3700; x_wconf 81' lang='grc' dir='ltr'>καὶ</span> <span class='ocrx_word' id='word_1_583' title='bbox 1773 3645 1890 3699; x_wconf 72' lang='grc' dir='ltr'>ἀνέ-</span> 
     </span>
    </p>
   </div>
   <div class='ocr_carea' id='block_1_83' title="bbox 264 3732 1893 3812">
    <p class='ocr_par' dir='ltr' id='par_1_83' title="bbox 264 3732 1893 3812">
     <span class='ocr_line' id='line_1_85' title="bbox 264 3732 1893 3812; baseline -0.002 -22"><span class='ocrx_word' id='word_1_584' title='bbox 264 3733 507 3807; x_wconf 68' lang='grc' dir='ltr'>ιιληπτοι,</span> <span class='ocrx_word' id='word_1_585' title='bbox 559 3737 651 3793; x_wconf 71' lang='lat' dir='ltr'>rati</span> <span class='ocrx_word' id='word_1_586' title='bbox 696 3737 859 3800; x_wconf 78' lang='grc' dir='ltr'>αὐτὸς</span> <span class='ocrx_word' id='word_1_587' title='bbox 890 3737 1113 3812; x_wconf 76' lang='grc' dir='ltr'>ἄπειρος</span> <span class='ocrx_word' id='word_1_588' title='bbox 1145 3737 1233 3791; x_wconf 81' lang='grc' dir='ltr'>καὶ</span> <span class='ocrx_word' id='word_1_589' title='bbox 1263 3737 1400 3791; x_wconf 86' lang='grc' dir='ltr'>κατὰ</span> <span class='ocrx_word' id='word_1_590' title='bbox 1429 3736 1605 3811; x_wconf 67' lang='grc' dir='ltr'>ἀρχὴν</span> <span class='ocrx_word' id='word_1_591' title='bbox 1637 3733 1727 3789; x_wconf 80' lang='grc' dir='ltr'>καὶ</span> <span class='ocrx_word' id='word_1_592' title='bbox 1757 3732 1893 3789; x_wconf 82' lang='grc' dir='ltr'>κατᾶ</span> 
     </span>
    </p>
   </div>
   <div class='ocr_carea' id='block_1_84' title="bbox 263 3822 1890 3899">
    <p class='ocr_par' dir='ltr' id='par_1_84' title="bbox 263 3822 1890 3899">
     <span class='ocr_line' id='line_1_86' title="bbox 263 3822 1890 3899; baseline -0.001 -22"><span class='ocrx_word' id='word_1_593' title='bbox 263 3825 424 3888; x_wconf 72' lang='grc' dir='ltr'>τέλος.</span> <span class='ocrx_word' id='word_1_594' title='bbox 482 3826 581 3883; x_wconf 78' lang='grc' dir='ltr'>Καὶ</span> <span class='ocrx_word' id='word_1_595' title='bbox 637 3828 701 3882; x_wconf 85' lang='grc' dir='ltr'>τὸ</span> <span class='ocrx_word' id='word_1_596' title='bbox 763 3827 857 3899; x_wconf 80' lang='grc' dir='ltr'>μὶν</span> <span class='ocrx_word' id='word_1_597' title='bbox 891 3824 1001 3881; x_wconf 71' lang='grc' dir='ltr'>ἅνω</span> <span class='ocrx_word' id='word_1_598' title='bbox 1042 3826 1211 3880; x_wconf 69' lang='grc' dir='ltr'>αὐτοῦ</span> <span class='ocrx_word' id='word_1_599' title='bbox 1240 3822 1477 3899; x_wconf 75' lang='grc' dir='ltr'>ἄναρχον</span> <span class='ocrx_word' id='word_1_600' title='bbox 1541 3823 1890 3896; x_wconf 80' lang='grc' dir='ltr'>ὀνομάζεται,</span> 
     </span>
    </p>
   </div>
   <div class='ocr_carea' id='block_1_85' title="bbox 265 3911 1888 3987">
    <p class='ocr_par' dir='ltr' id='par_1_85' title="bbox 265 3911 1888 3987">
     <span class='ocr_line' id='line_1_87' title="bbox 265 3911 1888 3987; baseline -0.002 -19"><span class='ocrx_word' id='word_1_601' title='bbox 265 3915 317 3968; x_wconf 84' lang='grc' dir='ltr'>τὸ</span> <span class='ocrx_word' id='word_1_602' title='bbox 344 3911 396 3970; x_wconf 72' lang='grc' dir='ltr'>δὲ</span> <span class='ocrx_word' id='word_1_603' title='bbox 418 3917 561 3971; x_wconf 69' lang='grc' dir='ltr'>κάτω</span> <span class='ocrx_word' id='word_1_604' title='bbox 591 3915 974 3985; x_wconf 80' lang='grc' dir='ltr'>ἀτελεύτητον,</span> <span class='ocrx_word' id='word_1_605' title='bbox 996 3916 1057 3969; x_wconf 90' lang='grc' dir='ltr'>τὸ</span> <span class='ocrx_word' id='word_1_606' title='bbox 1092 3912 1148 3969; x_wconf 72' lang='grc' dir='ltr'>δὲ</span> <span class='ocrx_word' id='word_1_607' title='bbox 1175 3913 1384 3987; x_wconf 83' lang='grc' dir='ltr'>ξύμπαν</span> <span class='ocrx_word' id='word_1_608' title='bbox 1419 3911 1552 3967; x_wconf 73' lang='grc' dir='ltr'>αἶ’ών</span> <span class='ocrx_word' id='word_1_609' title='bbox 1566 3933 1664 3968; x_wconf 91' lang='grc' dir='ltr'>ιον.</span> <span class='ocrx_word' id='word_1_610' title='bbox 1698 3913 1888 3969; x_wconf 80' lang='grc' dir='ltr'>Ἀπει-</span> 
     </span>
    </p>
   </div>
   <div class='ocr_carea' id='block_1_86' title="bbox 266 4003 1892 4082">
    <p class='ocr_par' dir='ltr' id='par_1_86' title="bbox 266 4003 1892 4082">
     <span class='ocr_line' id='line_1_88' title="bbox 266 4003 1892 4082; baseline -0.002 -22"><span class='ocrx_word' id='word_1_611' title='bbox 266 4026 346 4080; x_wconf 83' lang='grc' dir='ltr'>ρος</span> <span class='ocrx_word' id='word_1_612' title='bbox 375 4006 459 4061; x_wconf 72' lang='grc' dir='ltr'>οὖν</span> <span class='ocrx_word' id='word_1_613' title='bbox 483 4010 580 4078; x_wconf 74' lang='grc' dir='ltr'>τήν</span> <span class='ocrx_word' id='word_1_614' title='bbox 616 4007 843 4079; x_wconf 82' lang='grc' dir='ltr'>δύναμιν</span> <span class='ocrx_word' id='word_1_615' title='bbox 872 4009 900 4063; x_wconf 89' lang='lat'>6</span> <span class='ocrx_word' id='word_1_616' title='bbox 931 4008 1086 4076; x_wconf 83' lang='grc' dir='ltr'>Θεὸς,</span> <span class='ocrx_word' id='word_1_617' title='bbox 1119 4003 1363 4082; x_wconf 75' lang='grc' dir='ltr'>ἅναρχός</span> <span class='ocrx_word' id='word_1_618' title='bbox 1390 4026 1448 4061; x_wconf 90' lang='grc' dir='ltr'>τε</span> <span class='ocrx_word' id='word_1_619' title='bbox 1477 4005 1568 4060; x_wconf 85' lang='grc' dir='ltr'>καὶ</span> <span class='ocrx_word' id='word_1_620' title='bbox 1599 4003 1892 4075; x_wconf 81' lang='grc' dir='ltr'>ἀτελεύση-</span> 
     </span>
    </p>
   </div>
   <div class='ocr_carea' id='block_1_87' title="bbox 262 4092 1892 4170">
    <p class='ocr_par' dir='ltr' id='par_1_87' title="bbox 262 4092 1892 4170">
     <span class='ocr_line' id='line_1_89' title="bbox 262 4092 1892 4170; baseline -0.001 -23"><span class='ocrx_word' id='word_1_621' title='bbox 262 4113 340 4155; x_wconf 79' lang='grc' dir='ltr'>τος</span> <span class='ocrx_word' id='word_1_622' title='bbox 365 4094 446 4150; x_wconf 79' lang='grc' dir='ltr'>καὶ</span> <span class='ocrx_word' id='word_1_623' title='bbox 477 4096 721 4158; x_wconf 84' lang='grc' dir='ltr'>αἰώνιος.</span> <span class='ocrx_word' id='word_1_624' title='bbox 753 4098 928 4152; x_wconf 76' lang='grc' dir='ltr'>Τοῦτο</span> <span class='ocrx_word' id='word_1_625' title='bbox 961 4093 1019 4150; x_wconf 81' lang='grc' dir='ltr'>δὶ</span> <span class='ocrx_word' id='word_1_626' title='bbox 1066 4095 1158 4150; x_wconf 80' lang='grc' dir='ltr'>καὶ</span> <span class='ocrx_word' id='word_1_627' title='bbox 1201 4096 1230 4151; x_wconf 89' lang='grc' dir='ltr'>ὁ</span> <span class='ocrx_word' id='word_1_628' title='bbox 1269 4093 1542 4170; x_wconf 87' lang='grc' dir='ltr'>Θεολόγος</span> <span class='ocrx_word' id='word_1_629' title='bbox 1587 4092 1892 4169; x_wconf 79' lang='grc' dir='ltr'>Γρηγόριος</span> 
     </span>
    </p>
   </div>
   <div class='ocr_carea' id='block_1_88' title="bbox 262 4181 1177 4262">
    <p class='ocr_par' dir='ltr' id='par_1_88' title="bbox 262 4181 1177 4262">
     <span class='ocr_line' id='line_1_90' title="bbox 262 4181 1177 4262; baseline 0.008 -27"><span class='ocrx_word' id='word_1_630' title='bbox 262 4187 329 4254; x_wconf 80' lang='grc' dir='ltr'>τῷ</span> <span class='ocrx_word' id='word_1_631' title='bbox 354 4181 461 4241; x_wconf 77' lang='grc' dir='ltr'>ὄντι</span> <span class='ocrx_word' id='word_1_632' title='bbox 493 4184 828 4262; x_wconf 80' lang='grc' dir='ltr'>θεολογικῶς</span> <span class='ocrx_word' id='word_1_633' title='bbox 862 4181 1177 4261; x_wconf 79' lang='grc' dir='ltr'>διορίζεται.</span> 
     </span>
    </p>
   </div>
   <div class='ocr_carea' id='block_1_89' title="bbox 329 4374 1820 4463">
    <p class='ocr_par' dir='ltr' id='par_1_89' title="bbox 329 4374 1820 4463">
     <span class='ocr_line' id='line_1_91' title="bbox 329 4374 1820 4463; baseline 0.001 -30"><span class='ocrx_word' id='word_1_634' title='bbox 329 4382 406 4444; x_wconf 86' lang='grc' dir='ltr'>ις’.</span> <span class='ocrx_word' id='word_1_635' title='bbox 441 4384 561 4444; x_wconf 77' lang='grc' dir='ltr'>Πῶς</span> <span class='ocrx_word' id='word_1_636' title='bbox 591 4379 708 4438; x_wconf 79' lang='grc' dir='ltr'>οἶδε</span> <span class='ocrx_word' id='word_1_637' title='bbox 739 4382 868 4443; x_wconf 82' lang='grc' dir='ltr'>Θεὸς</span> <span class='ocrx_word' id='word_1_638' title='bbox 898 4380 965 4436; x_wconf 82' lang='grc' dir='ltr'>τὰ</span> <span class='ocrx_word' id='word_1_639' title='bbox 1004 4374 1460 4463; x_wconf 62' lang='grc' dir='ltr'>μεταβαλλόμενα</span> <span class='ocrx_word' id='word_1_640' title='bbox 1502 4379 1820 4454; x_wconf 79' lang='grc' dir='ltr'>πράγματα.</span> 
     </span>
    </p>
   </div>
   <div class='ocr_carea' id='block_1_90' title="bbox 327 4538 1892 4618">
    <p class='ocr_par' dir='ltr' id='par_1_90' title="bbox 327 4538 1892 4618">
     <span class='ocr_line' id='line_1_92' title="bbox 327 4538 1892 4618; baseline -0.001 -24"><span class='ocrx_word' id='word_1_641' title='bbox 327 4540 437 4617; x_wconf 73' lang='grc' dir='ltr'>Οὐχ</span> <span class='ocrx_word' id='word_1_642' title='bbox 464 4542 537 4605; x_wconf 89' lang='grc' dir='ltr'>ὡς</span> <span class='ocrx_word' id='word_1_643' title='bbox 569 4541 687 4618; x_wconf 78' lang='grc' dir='ltr'>ἔχει</span> <span class='ocrx_word' id='word_1_644' title='bbox 719 4542 785 4596; x_wconf 78' lang='grc' dir='ltr'>τὰ</span> <span class='ocrx_word' id='word_1_645' title='bbox 812 4542 1109 4617; x_wconf 83' lang='grc' dir='ltr'>πράγματα</span> <span class='ocrx_word' id='word_1_646' title='bbox 1140 4538 1390 4616; x_wconf 78' lang='grc' dir='ltr'>γινώσκει</span> <span class='ocrx_word' id='word_1_647' title='bbox 1450 4539 1478 4593; x_wconf 83' lang='lat'>6</span> <span class='ocrx_word' id='word_1_648' title='bbox 1531 4539 1659 4601; x_wconf 85' lang='grc' dir='ltr'>Θεὸς</span> <span class='ocrx_word' id='word_1_649' title='bbox 1706 4541 1892 4609; x_wconf 82' lang='grc' dir='ltr'>ταῦτα,</span> 
     </span>
    </p>
   </div>
   <div class='ocr_carea' id='block_1_91' title="bbox 2074 4518 3662 4605">
    <p class='ocr_par' dir='ltr' id='par_1_91' title="bbox 2074 4518 3662 4605">
     <span class='ocr_line' id='line_1_93' title="bbox 2074 4518 3662 4605; baseline -0.009 -16"><span class='ocrx_word' id='word_1_650' title='bbox 2074 4538 2200 4589; x_wconf 91' lang='lat' dir='ltr'>Non</span> <span class='ocrx_word' id='word_1_651' title='bbox 2234 4531 2439 4605; x_wconf 89' lang='lat' dir='ltr'>quales</span> <span class='ocrx_word' id='word_1_652' title='bbox 2470 4534 2609 4586; x_wconf 86' lang='lat' dir='ltr'>sunt</span> <span class='ocrx_word' id='word_1_653' title='bbox 2641 4545 2736 4584; x_wconf 89' lang='lat' dir='ltr'>res</span> <span class='ocrx_word' id='word_1_654' title='bbox 2767 4527 2868 4583; x_wconf 89' lang='lat' dir='ltr'>tali</span> <span class='ocrx_word' id='word_1_655' title='bbox 2888 4524 3219 4595; x_wconf 81' lang='lat' dir='ltr'>cognitione</span> <span class='ocrx_word' id='word_1_656' title='bbox 3240 4518 3541 4593; x_wconf 83' lang='lat' dir='ltr'>cognoscit</span> <span class='ocrx_word' id='word_1_657' title='bbox 3561 4534 3662 4575; x_wconf 85' lang='lat' dir='ltr'>eas</span> 
     </span>
    </p>
   </div>
   <div class='ocr_carea' id='block_1_92' title="bbox 268 4610 1894 4699">
    <p class='ocr_par' dir='ltr' id='par_1_92' title="bbox 268 4610 1894 4699">
     <span class='ocr_line' id='line_1_94' title="bbox 268 4610 1894 4699; baseline -0.001 -16"><span class='ocrx_word' id='word_1_658' title='bbox 268 4626 377 4685; x_wconf 70' lang='grc' dir='ltr'>ἀλλ’</span> <span class='ocrx_word' id='word_1_659' title='bbox 429 4631 504 4694; x_wconf 83' lang='grc' dir='ltr'>ὡς</span> <span class='ocrx_word' id='word_1_660' title='bbox 560 4628 704 4687; x_wconf 75' lang='grc' dir='ltr'>ἔστιν</span> <span class='ocrx_word' id='word_1_661' title='bbox 736 4631 895 4696; x_wconf 78' lang='grc' dir='ltr'>αὐτὸς</span> <span class='ocrx_word' id='word_1_662' title='bbox 937 4610 1062 4687; x_wconf 41' lang='grc' dir='ltr'>δέξατ’</span> <span class='ocrx_word' id='word_1_663' title='bbox 1114 4610 1321 4685; x_wconf 79' lang='grc' dir='ltr'>ούσίαν.</span> <span class='ocrx_word' id='word_1_664' title='bbox 1357 4629 1487 4687; x_wconf 79' lang='grc' dir='ltr'>Οἴόν</span> <span class='ocrx_word' id='word_1_665' title='bbox 1534 4626 1636 4682; x_wconf 77' lang='grc' dir='ltr'>εἶσι</span> <span class='ocrx_word' id='word_1_666' title='bbox 1665 4626 1731 4682; x_wconf 82' lang='grc' dir='ltr'>τὰ</span> <span class='ocrx_word' id='word_1_667' title='bbox 1760 4628 1894 4699; x_wconf 81' lang='grc' dir='ltr'>πρά-</span> 
     </span>
    </p>
   </div>
   <div class='ocr_carea' id='block_1_93' title="bbox 2009 4610 3664 4699">
    <p class='ocr_par' dir='ltr' id='par_1_93' title="bbox 2009 4610 3664 4692">
     <span class='ocr_line' id='line_1_95' title="bbox 2009 4610 3664 4692; baseline -0.012 -12"><span class='ocrx_word' id='word_1_668' title='bbox 2009 4625 2162 4680; x_wconf 88' lang='lat' dir='ltr'>Deus</span> <span class='ocrx_word' id='word_1_669' title='bbox 2184 4643 2199 4692; x_wconf 96' lang='lat'>;</span> <span class='ocrx_word' id='word_1_670' title='bbox 2224 4622 2322 4678; x_wconf 88' lang='lat' dir='ltr'>sed</span> <span class='ocrx_word' id='word_1_671' title='bbox 2354 4620 2511 4692; x_wconf 87' lang='lat' dir='ltr'>quali</span> <span class='ocrx_word' id='word_1_672' title='bbox 2534 4620 2659 4689; x_wconf 90' lang='lat' dir='ltr'>ipse</span> <span class='ocrx_word' id='word_1_673' title='bbox 2679 4623 2768 4673; x_wconf 79' lang='lat' dir='ltr'>est</span> <span class='ocrx_word' id='word_1_674' title='bbox 2789 4614 3065 4672; x_wconf 86' lang='lat' dir='ltr'>essentia.</span> <span class='ocrx_word' id='word_1_675' title='bbox 3090 4613 3276 4681; x_wconf 87' lang='lat' dir='ltr'>Sic,v.</span> <span class='ocrx_word' id='word_1_676' title='bbox 3300 4626 3384 4682; x_wconf 88' lang='lat' dir='ltr'>g.,</span> <span class='ocrx_word' id='word_1_677' title='bbox 3406 4624 3498 4663; x_wconf 82' lang='lat' dir='ltr'>res</span> <span class='ocrx_word' id='word_1_678' title='bbox 3521 4610 3664 4662; x_wconf 83' lang='lat' dir='ltr'>sunt</span> 
     </span>
    </p>
   </div>
   <div class='ocr_carea' id='block_1_94' title="bbox 266 4714 1897 4794">
    <p class='ocr_par' dir='ltr' id='par_1_94' title="bbox 266 4714 1897 4794">
     <span class='ocr_line' id='line_1_96' title="bbox 266 4714 1897 4794; baseline -0.002 -20"><span class='ocrx_word' id='word_1_679' title='bbox 266 4737 431 4790; x_wconf 73' lang='grc' dir='ltr'>γματα</span> <span class='ocrx_word' id='word_1_680' title='bbox 508 4722 774 4794; x_wconf 80' lang='grc' dir='ltr'>μεριστὰ,</span> <span class='ocrx_word' id='word_1_681' title='bbox 833 4721 862 4775; x_wconf 91' lang='lat'>6</span> <span class='ocrx_word' id='word_1_682' title='bbox 919 4717 977 4775; x_wconf 70' lang='grc' dir='ltr'>δὲ</span> <span class='ocrx_word' id='word_1_683' title='bbox 1033 4719 1161 4782; x_wconf 83' lang='grc' dir='ltr'>Θεὸς</span> <span class='ocrx_word' id='word_1_684' title='bbox 1219 4718 1534 4792; x_wconf 61' lang='grc' dir='ltr'>ἀμέριστος</span> <span class='ocrx_word' id='word_1_685' title='bbox 1588 4714 1897 4791; x_wconf 81' lang='grc' dir='ltr'>ἀμερίστως</span> 
     </span>
    </p>
   </div>
   <div class='ocr_carea' id='block_1_95' title="bbox 268 4803 1897 4883">
    <p class='ocr_par' dir='ltr' id='par_1_95' title="bbox 268 4803 1897 4883">
     <span class='ocr_line' id='line_1_97' title="bbox 268 4803 1897 4883; baseline 0 -24"><span class='ocrx_word' id='word_1_686' title='bbox 268 4805 348 4859; x_wconf 74' lang='grc' dir='ltr'>οὖν</span> <span class='ocrx_word' id='word_1_687' title='bbox 401 4808 512 4865; x_wconf 78' lang='grc' dir='ltr'>οἶδε</span> <span class='ocrx_word' id='word_1_688' title='bbox 556 4812 624 4865; x_wconf 73' lang='grc' dir='ltr'>τὰ</span> <span class='ocrx_word' id='word_1_689' title='bbox 676 4810 924 4883; x_wconf 75' lang='grc' dir='ltr'>μεριστά.</span> <span class='ocrx_word' id='word_1_690' title='bbox 956 4808 1062 4865; x_wconf 80' lang='grc' dir='ltr'>Καὶ</span> <span class='ocrx_word' id='word_1_691' title='bbox 1092 4808 1257 4863; x_wconf 70' lang='grc' dir='ltr'>πάλιν</span> <span class='ocrx_word' id='word_1_692' title='bbox 1288 4808 1357 4862; x_wconf 77' lang='grc' dir='ltr'>τὰ</span> <span class='ocrx_word' id='word_1_693' title='bbox 1380 4807 1676 4883; x_wconf 80' lang='grc' dir='ltr'>πράγματα</span> <span class='ocrx_word' id='word_1_694' title='bbox 1705 4803 1897 4860; x_wconf 74' lang='grc' dir='ltr'>ἅιλλοι⁹</span> 
     </span>
    </p>
   </div>
   <div class='ocr_carea' id='block_1_96' title="bbox 267 4893 1899 4972">
    <p class='ocr_par' dir='ltr' id='par_1_96' title="bbox 267 4893 1899 4972">
     <span class='ocr_line' id='line_1_98' title="bbox 267 4893 1899 4972; baseline -0.001 -23"><span class='ocrx_word' id='word_1_695' title='bbox 267 4896 366 4951; x_wconf 60' lang='lat' dir='ltr'>tota</span> <span class='ocrx_word' id='word_1_696' title='bbox 403 4900 490 4953; x_wconf 77' lang='grc' dir='ltr'>καὶ</span> <span class='ocrx_word' id='word_1_697' title='bbox 543 4894 883 4972; x_wconf 69' lang='grc' dir='ltr'>μεταϐλητὰ,</span> <span class='ocrx_word' id='word_1_698' title='bbox 918 4899 946 4952; x_wconf 87' lang='grc' dir='ltr'><strong>ὁ</strong></span> <span class='ocrx_word' id='word_1_699' title='bbox 973 4894 1030 4952; x_wconf 79' lang='grc' dir='ltr'>δὶ</span> <span class='ocrx_word' id='word_1_700' title='bbox 1055 4898 1184 4960; x_wconf 88' lang='grc' dir='ltr'>Θεὸς</span> <span class='ocrx_word' id='word_1_701' title='bbox 1234 4895 1603 4957; x_wconf 67' lang='grc' dir='ltr'>ἀναλλοίωτος</span> <span class='ocrx_word' id='word_1_702' title='bbox 1644 4893 1736 4949; x_wconf 77' lang='grc' dir='ltr'>καὶ</span> <span class='ocrx_word' id='word_1_703' title='bbox 1767 4894 1899 4966; x_wconf 79' lang='grc' dir='ltr'>ἀμε-</span> 
     </span>
    </p>
   </div>
   <div class='ocr_carea' id='block_1_97' title="bbox 263 4979 1902 5057">
    <p class='ocr_par' dir='ltr' id='par_1_97' title="bbox 263 4979 1902 5057">
     <span class='ocr_line' id='line_1_99' title="bbox 263 4979 1902 5057; baseline -0.001 -20"><span class='ocrx_word' id='word_1_704' title='bbox 263 4979 543 5057; x_wconf 76' lang='grc' dir='ltr'>τάϐλητος·</span> <span class='ocrx_word' id='word_1_705' title='bbox 591 4984 967 5049; x_wconf 77' lang='grc' dir='ltr'>ἀναλλοίωτος</span> <span class='ocrx_word' id='word_1_706' title='bbox 1001 4985 1091 5041; x_wconf 72' lang='grc' dir='ltr'>οὖν</span> <span class='ocrx_word' id='word_1_707' title='bbox 1135 4983 1247 5041; x_wconf 63' lang='grc' dir='ltr'>οῗδε</span> <span class='ocrx_word' id='word_1_708' title='bbox 1264 4985 1333 5040; x_wconf 77' lang='grc' dir='ltr'>τὰ</span> <span class='ocrx_word' id='word_1_709' title='bbox 1381 4982 1687 5051; x_wconf 74' lang='grc' dir='ltr'>ἄλλοιωτὰ,</span> <span class='ocrx_word' id='word_1_710' title='bbox 1717 4982 1807 5037; x_wconf 79' lang='grc' dir='ltr'>καὶ</span> <span class='ocrx_word' id='word_1_711' title='bbox 1835 4981 1902 5037; x_wconf 79' lang='grc' dir='ltr'>τὰ</span> 
     </span>
    </p>
   </div>
   <div class='ocr_carea' id='block_1_98' title="bbox 269 5066 1900 5149">
    <p class='ocr_par' dir='ltr' id='par_1_98' title="bbox 269 5066 1900 5149">
     <span class='ocr_line' id='line_1_100' title="bbox 269 5066 1900 5149; baseline -0.004 -20"><span class='ocrx_word' id='word_1_712' title='bbox 269 5070 569 5146; x_wconf 77' lang='grc' dir='ltr'>μεταϐλητὰ</span> <span class='ocrx_word' id='word_1_713' title='bbox 623 5069 1042 5149; x_wconf 72' lang='grc' dir='ltr'>ἆμεταῦλήτως.</span> <span class='ocrx_word' id='word_1_714' title='bbox 1095 5073 1279 5138; x_wconf 71' lang='grc' dir='ltr'>Οὕτως</span> <span class='ocrx_word' id='word_1_715' title='bbox 1306 5073 1394 5129; x_wconf 60' lang='grc' dir='ltr'>διαὶ</span> <span class='ocrx_word' id='word_1_716' title='bbox 1443 5073 1510 5127; x_wconf 69' lang='grc' dir='ltr'>τὰ</span> <span class='ocrx_word' id='word_1_717' title='bbox 1567 5071 1670 5127; x_wconf 84' lang='grc' dir='ltr'>ὑπὸ</span> <span class='ocrx_word' id='word_1_718' title='bbox 1696 5066 1900 5147; x_wconf 77' lang='grc' dir='ltr'>χρὸνον</span> 
     </span>
    </p>
   </div>
   <div class='ocr_carea' id='block_1_99' title="bbox 265 5157 1902 5239">
    <p class='ocr_par' dir='ltr' id='par_1_99' title="bbox 265 5157 1902 5239">
     <span class='ocr_line' id='line_1_101' title="bbox 265 5157 1902 5239; baseline -0.001 -26"><span class='ocrx_word' id='word_1_719' title='bbox 265 5162 488 5225; x_wconf 75' lang='grc' dir='ltr'>αἰωνίως</span> <span class='ocrx_word' id='word_1_720' title='bbox 542 5162 674 5235; x_wconf 71' lang='grc' dir='ltr'>οἶδε,</span> <span class='ocrx_word' id='word_1_721' title='bbox 720 5164 810 5219; x_wconf 79' lang='grc' dir='ltr'>καὶ</span> <span class='ocrx_word' id='word_1_722' title='bbox 855 5164 922 5219; x_wconf 81' lang='grc' dir='ltr'>τὰ</span> <span class='ocrx_word' id='word_1_723' title='bbox 950 5160 1283 5239; x_wconf 74' lang='grc' dir='ltr'>ἐνδεχόμενα</span> <span class='ocrx_word' id='word_1_724' title='bbox 1327 5160 1655 5238; x_wconf 66' lang='grc' dir='ltr'>ἀναγκαίως,</span> <span class='ocrx_word' id='word_1_725' title='bbox 1699 5158 1790 5214; x_wconf 77' lang='grc' dir='ltr'>καὶ</span> <span class='ocrx_word' id='word_1_726' title='bbox 1836 5157 1902 5213; x_wconf 74' lang='grc' dir='ltr'>τὰ</span> 
     </span>
    </p>
   </div>
   <div class='ocr_carea' id='block_1_100' title="bbox 270 5248 1901 5327">
    <p class='ocr_par' dir='ltr' id='par_1_100' title="bbox 270 5248 1901 5327">
     <span class='ocr_line' id='line_1_102' title="bbox 270 5248 1901 5327; baseline -0.002 -23"><span class='ocrx_word' id='word_1_727' title='bbox 270 5254 536 5324; x_wconf 77' lang='grc' dir='ltr'>σωματικᾶ</span> <span class='ocrx_word' id='word_1_728' title='bbox 580 5253 906 5327; x_wconf 75' lang='grc' dir='ltr'>ἀσωμάτως·</span> <span class='ocrx_word' id='word_1_729' title='bbox 968 5251 1120 5310; x_wconf 82' lang='grc' dir='ltr'>Ἀλλ’</span> <span class='ocrx_word' id='word_1_730' title='bbox 1178 5252 1278 5307; x_wconf 75' lang='grc' dir='ltr'>οὐκ</span> <span class='ocrx_word' id='word_1_731' title='bbox 1340 5248 1527 5319; x_wconf 73' lang='grc' dir='ltr'>ἰπειδὴ</span> <span class='ocrx_word' id='word_1_732' title='bbox 1576 5250 1830 5324; x_wconf 81' lang='grc' dir='ltr'>γινώσκει</span> <span class='ocrx_word' id='word_1_733' title='bbox 1873 5249 1901 5302; x_wconf 91' lang='lat'>6</span> 
     </span>
    </p>
   </div>
   <div class='ocr_carea' id='block_1_101' title="bbox 269 5337 1904 5415">
    <p class='ocr_par' dir='ltr' id='par_1_101' title="bbox 269 5337 1904 5415">
     <span class='ocr_line' id='line_1_103' title="bbox 269 5337 1904 5415; baseline -0.001 -23"><span class='ocrx_word' id='word_1_734' title='bbox 269 5341 384 5401; x_wconf 83' lang='grc' dir='ltr'>Θεὸς</span> <span class='ocrx_word' id='word_1_735' title='bbox 412 5342 710 5415; x_wconf 80' lang='grc' dir='ltr'>ἆσωμάτως</span> <span class='ocrx_word' id='word_1_736' title='bbox 755 5343 820 5398; x_wconf 91' lang='grc' dir='ltr'>τὸ</span> <span class='ocrx_word' id='word_1_737' title='bbox 857 5340 1038 5415; x_wconf 77' lang='grc' dir='ltr'>σῶμα,</span> <span class='ocrx_word' id='word_1_738' title='bbox 1091 5340 1385 5412; x_wconf 75' lang='grc' dir='ltr'>ἠλλοιώθη</span> <span class='ocrx_word' id='word_1_739' title='bbox 1437 5339 1605 5395; x_wconf 73' lang='grc' dir='ltr'>ἐκεῖνο</span> <span class='ocrx_word' id='word_1_740' title='bbox 1644 5337 1735 5393; x_wconf 84' lang='grc' dir='ltr'>καὶ</span> <span class='ocrx_word' id='word_1_741' title='bbox 1768 5338 1904 5393; x_wconf 75' lang='grc' dir='ltr'>ἀσώ-</span> 
     </span>
    </p>
   </div>
   <div class='ocr_carea' id='block_1_102' title="bbox 276 5425 1905 5507">
    <p class='ocr_par' dir='ltr' id='par_1_102' title="bbox 276 5425 1905 5507">
     <span class='ocr_line' id='line_1_104' title="bbox 276 5425 1905 5507; baseline -0.002 -24"><span class='ocrx_word' id='word_1_742' title='bbox 276 5447 431 5499; x_wconf 78' lang='grc' dir='ltr'>ματον</span> <span class='ocrx_word' id='word_1_743' title='bbox 458 5432 685 5507; x_wconf 66' lang='grc' dir='ltr'>γέγονεν.</span> <span class='ocrx_word' id='word_1_744' title='bbox 750 5427 907 5488; x_wconf 81' lang='grc' dir='ltr'>Ἀλλ’</span> <span class='ocrx_word' id='word_1_745' title='bbox 959 5433 993 5500; x_wconf 83' lang='grc' dir='ltr'>ἡ</span> <span class='ocrx_word' id='word_1_746' title='bbox 1049 5431 1141 5504; x_wconf 78' lang='grc' dir='ltr'>μὶν</span> <span class='ocrx_word' id='word_1_747' title='bbox 1190 5434 1288 5485; x_wconf 77' lang='grc' dir='ltr'>τοῦ</span> <span class='ocrx_word' id='word_1_748' title='bbox 1331 5432 1465 5485; x_wconf 75' lang='grc' dir='ltr'>Θεοῦ</span> <span class='ocrx_word' id='word_1_749' title='bbox 1510 5431 1711 5505; x_wconf 86' lang='grc' dir='ltr'>γνῶσις</span> <span class='ocrx_word' id='word_1_750' title='bbox 1769 5425 1905 5481; x_wconf 79' lang='grc' dir='ltr'>κατὰ</span> 
     </span>
    </p>
   </div>
   <div class='ocr_carea' id='block_1_103' title="bbox 270 5512 1905 5595">
    <p class='ocr_par' dir='ltr' id='par_1_103' title="bbox 270 5512 1905 5595">
     <span class='ocr_line' id='line_1_105' title="bbox 270 5512 1905 5595; baseline -0.001 -26"><span class='ocrx_word' id='word_1_751' title='bbox 270 5516 360 5584; x_wconf 76' lang='grc' dir='ltr'>τὴν</span> <span class='ocrx_word' id='word_1_752' title='bbox 416 5515 555 5575; x_wconf 62' lang='lat' dir='ltr'>tam</span> <span class='ocrx_word' id='word_1_753' title='bbox 605 5519 831 5594; x_wconf 74' lang='grc' dir='ltr'>ὕπαρξιν</span> <span class='ocrx_word' id='word_1_754' title='bbox 880 5512 1133 5595; x_wconf 81' lang='grc' dir='ltr'>γινώσκει</span> <span class='ocrx_word' id='word_1_755' title='bbox 1189 5519 1257 5574; x_wconf 81' lang='grc' dir='ltr'>τὰ</span> <span class='ocrx_word' id='word_1_756' title='bbox 1285 5520 1601 5593; x_wconf 82' lang='grc' dir='ltr'>πράγματα.</span> <span class='ocrx_word' id='word_1_757' title='bbox 1654 5513 1905 5573; x_wconf 84' lang='grc' dir='ltr'>Ἑκείνων</span> 
     </span>
    </p>
   </div>
   <div class='ocr_carea' id='block_1_104' title="bbox 275 5601 1904 5684">
    <p class='ocr_par' dir='ltr' id='par_1_104' title="bbox 275 5601 1904 5684">
     <span class='ocr_line' id='line_1_106' title="bbox 275 5601 1904 5684; baseline -0.001 -25"><span class='ocrx_word' id='word_1_758' title='bbox 275 5601 327 5659; x_wconf 74' lang='grc' dir='ltr'>δὶ</span> <span class='ocrx_word' id='word_1_759' title='bbox 350 5604 569 5663; x_wconf 68' lang='grc' dir='ltr'>’ἕκαστον</span> <span class='ocrx_word' id='word_1_760' title='bbox 609 5610 757 5683; x_wconf 71' lang='grc' dir='ltr'>μενει</span> <span class='ocrx_word' id='word_1_761' title='bbox 806 5606 941 5678; x_wconf 71' lang='grc' dir='ltr'>ὅπερ</span> <span class='ocrx_word' id='word_1_762' title='bbox 966 5606 1097 5664; x_wconf 78' lang='grc' dir='ltr'>ἐστί.</span> <span class='ocrx_word' id='word_1_763' title='bbox 1130 5609 1271 5678; x_wconf 85' lang='grc' dir='ltr'>Πρὸς</span> <span class='ocrx_word' id='word_1_764' title='bbox 1299 5611 1425 5684; x_wconf 79' lang='grc' dir='ltr'>γοῦν</span> <span class='ocrx_word' id='word_1_765' title='bbox 1453 5604 1581 5670; x_wconf 68' lang='grc' dir='ltr'>τοὺς</span> <span class='ocrx_word' id='word_1_766' title='bbox 1630 5604 1904 5681; x_wconf 78' lang='grc' dir='ltr'>ἀποροῦν-</span> 
     </span>
    </p>
   </div>
   <div class='ocr_carea' id='block_1_105' title="bbox 272 5690 1903 5775">
    <p class='ocr_par' dir='ltr' id='par_1_105' title="bbox 272 5690 1903 5775">
     <span class='ocr_line' id='line_1_107' title="bbox 272 5690 1903 5775; baseline -0.001 -26"><span class='ocrx_word' id='word_1_767' title='bbox 272 5713 359 5756; x_wconf 83' lang='grc' dir='ltr'>τας</span> <span class='ocrx_word' id='word_1_768' title='bbox 396 5696 485 5752; x_wconf 77' lang='grc' dir='ltr'>καὶ</span> <span class='ocrx_word' id='word_1_769' title='bbox 518 5695 767 5775; x_wconf 71' lang='grc' dir='ltr'>λέγοντας</span> <span class='ocrx_word' id='word_1_770' title='bbox 797 5695 844 5753; x_wconf 74' lang='grc' dir='ltr'>εἰ</span> <span class='ocrx_word' id='word_1_771' title='bbox 885 5692 1008 5772; x_wconf 78' lang='grc' dir='ltr'>ᾔδει</span> <span class='ocrx_word' id='word_1_772' title='bbox 1059 5697 1088 5752; x_wconf 86' lang='lat'>6</span> <span class='ocrx_word' id='word_1_773' title='bbox 1120 5696 1250 5760; x_wconf 87' lang='grc' dir='ltr'>Θεὸς</span> <span class='ocrx_word' id='word_1_774' title='bbox 1295 5697 1387 5752; x_wconf 81' lang='grc' dir='ltr'>τὸν</span> <span class='ocrx_word' id='word_1_775' title='bbox 1417 5691 1600 5769; x_wconf 76' lang='grc' dir='ltr'>Ἀδὰμ</span> <span class='ocrx_word' id='word_1_776' title='bbox 1644 5693 1714 5750; x_wconf 75' lang='grc' dir='ltr'>τὰ</span> <span class='ocrx_word' id='word_1_777' title='bbox 1763 5690 1903 5749; x_wconf 69' lang='grc' dir='ltr'>ἐντε-</span> 
     </span>
    </p>
   </div>
   <div class='ocr_carea' id='block_1_106' title="bbox 2010 4696 3665 4785">
    <p class='ocr_par' dir='ltr' id='par_1_106' title="bbox 2010 4696 3665 4785">
     <span class='ocr_line' id='line_1_108' title="bbox 2010 4696 3665 4785; baseline -0.011 -16"><span class='ocrx_word' id='word_1_778' title='bbox 2010 4712 2275 4785; x_wconf 90' lang='lat' dir='ltr'>partibus</span> <span class='ocrx_word' id='word_1_779' title='bbox 2296 4707 2620 4765; x_wconf 88' lang='lat' dir='ltr'>divisibiles</span> <span class='ocrx_word' id='word_1_780' title='bbox 2646 4727 2660 4775; x_wconf 92' lang='lat'>;</span> <span class='ocrx_word' id='word_1_781' title='bbox 2694 4706 2849 4762; x_wconf 89' lang='lat' dir='ltr'>Deus</span> <span class='ocrx_word' id='word_1_782' title='bbox 2877 4702 3132 4776; x_wconf 90' lang='lat' dir='ltr'>partium</span> <span class='ocrx_word' id='word_1_783' title='bbox 3155 4706 3213 4755; x_wconf 85' lang='lat' dir='ltr'>et</span> <span class='ocrx_word' id='word_1_784' title='bbox 3234 4696 3543 4754; x_wconf 88' lang='lat' dir='ltr'>divisionis</span> <span class='ocrx_word' id='word_1_785' title='bbox 3572 4711 3665 4751; x_wconf 82' lang='lat' dir='ltr'>ex-</span> 
     </span>
    </p>
   </div>
   <div class='ocr_carea' id='block_1_107' title="bbox 2009 4782 3663 4874">
    <p class='ocr_par' dir='ltr' id='par_1_107' title="bbox 2009 4782 3663 4874">
     <span class='ocr_line' id='line_1_109' title="bbox 2009 4782 3663 4874; baseline -0.012 -17"><span class='ocrx_word' id='word_1_786' title='bbox 2009 4782 2142 4874; x_wconf 83' lang='lat' dir='ltr'>pers</span> <span class='ocrx_word' id='word_1_787' title='bbox 2166 4818 2178 4856; x_wconf 89' lang='lat'>:</span> <span class='ocrx_word' id='word_1_788' title='bbox 2206 4816 2296 4855; x_wconf 90' lang='lat' dir='ltr'>res</span> <span class='ocrx_word' id='word_1_789' title='bbox 2318 4801 2517 4869; x_wconf 89' lang='lat' dir='ltr'>itaque</span> <span class='ocrx_word' id='word_1_790' title='bbox 2541 4795 2810 4867; x_wconf 88' lang='lat' dir='ltr'>partibus</span> <span class='ocrx_word' id='word_1_791' title='bbox 2835 4790 3159 4847; x_wconf 88' lang='lat' dir='ltr'>divisibiles</span> <span class='ocrx_word' id='word_1_792' title='bbox 3196 4782 3546 4859; x_wconf 85' lang='lat' dir='ltr'>impartibili</span> <span class='ocrx_word' id='word_1_793' title='bbox 3568 4800 3663 4838; x_wconf 90' lang='lat' dir='ltr'>ra-</span> 
     </span>
    </p>
   </div>
   <div class='ocr_carea' id='block_1_108' title="bbox 2009 4874 3665 4959">
    <p class='ocr_par' dir='ltr' id='par_1_108' title="bbox 2009 4874 3665 4959">
     <span class='ocr_line' id='line_1_110' title="bbox 2009 4874 3665 4959; baseline -0.01 -14"><span class='ocrx_word' id='word_1_794' title='bbox 2009 4890 2167 4945; x_wconf 88' lang='lat' dir='ltr'>tione</span> <span class='ocrx_word' id='word_1_795' title='bbox 2197 4886 2701 4959; x_wconf 88' lang='lat' dir='ltr'>cognoscit.Porro</span> <span class='ocrx_word' id='word_1_796' title='bbox 2731 4898 2825 4938; x_wconf 89' lang='lat' dir='ltr'>res</span> <span class='ocrx_word' id='word_1_797' title='bbox 2856 4883 2996 4936; x_wconf 87' lang='lat' dir='ltr'>sunt</span> <span class='ocrx_word' id='word_1_798' title='bbox 3027 4874 3355 4934; x_wconf 84' lang='lat' dir='ltr'>alterationi</span> <span class='ocrx_word' id='word_1_799' title='bbox 3385 4877 3443 4930; x_wconf 88' lang='lat' dir='ltr'>et</span> <span class='ocrx_word' id='word_1_800' title='bbox 3470 4874 3665 4929; x_wconf 80' lang='lat' dir='ltr'>muta-</span> 
     </span>
    </p>
   </div>
   <div class='ocr_carea' id='block_1_109' title="bbox 2010 4960 3665 5042">
    <p class='ocr_par' dir='ltr' id='par_1_109' title="bbox 2010 4960 3665 5042">
     <span class='ocr_line' id='line_1_111' title="bbox 2010 4960 3665 5042; baseline -0.011 -8"><span class='ocrx_word' id='word_1_801' title='bbox 2010 4978 2155 5035; x_wconf 91' lang='lat' dir='ltr'>tioni</span> <span class='ocrx_word' id='word_1_802' title='bbox 2189 4974 2489 5042; x_wconf 64' lang='lat' dir='ltr'>obnoxiae;</span> <span class='ocrx_word' id='word_1_803' title='bbox 2524 4979 2676 5028; x_wconf 85' lang='lat' dir='ltr'>Deus</span> <span class='ocrx_word' id='word_1_804' title='bbox 2710 4967 3095 5026; x_wconf 86' lang='lat' dir='ltr'>inalterabilis</span> <span class='ocrx_word' id='word_1_805' title='bbox 3122 4972 3178 5022; x_wconf 89' lang='lat' dir='ltr'>et</span> <span class='ocrx_word' id='word_1_806' title='bbox 3208 4963 3364 5021; x_wconf 87' lang='lat' dir='ltr'>haud</span> <span class='ocrx_word' id='word_1_807' title='bbox 3402 4960 3665 5017; x_wconf 87' lang='lat' dir='ltr'>mutabi-</span> 
     </span>
    </p>
   </div>
   <div class='ocr_carea' id='block_1_110' title="bbox 2009 5051 3666 5135">
    <p class='ocr_par' dir='ltr' id='par_1_110' title="bbox 2009 5051 3666 5135">
     <span class='ocr_line' id='line_1_112' title="bbox 2009 5051 3666 5135; baseline -0.012 -12"><span class='ocrx_word' id='word_1_808' title='bbox 2009 5067 2083 5123; x_wconf 87' lang='lat' dir='ltr'>lis</span> <span class='ocrx_word' id='word_1_809' title='bbox 2118 5084 2129 5122; x_wconf 76' lang='grc' dir='ltr'>ε</span> <span class='ocrx_word' id='word_1_810' title='bbox 2166 5064 2474 5121; x_wconf 90' lang='lat' dir='ltr'>mutabilia</span> <span class='ocrx_word' id='word_1_811' title='bbox 2525 5062 2710 5135; x_wconf 88' lang='lat' dir='ltr'>igitur</span> <span class='ocrx_word' id='word_1_812' title='bbox 2738 5065 2795 5116; x_wconf 93' lang='lat' dir='ltr'>et</span> <span class='ocrx_word' id='word_1_813' title='bbox 2826 5056 3159 5114; x_wconf 90' lang='lat' dir='ltr'>alterabilia</span> <span class='ocrx_word' id='word_1_814' title='bbox 3190 5052 3495 5127; x_wconf 88' lang='lat' dir='ltr'>cognoscit</span> <span class='ocrx_word' id='word_1_815' title='bbox 3524 5051 3666 5105; x_wconf 82' lang='lat' dir='ltr'>inal-</span> 
     </span>
    </p>
   </div>
   <div class='ocr_carea' id='block_1_111' title="bbox 2010 5145 3662 5211">
    <p class='ocr_par' dir='ltr' id='par_1_111' title="bbox 2010 5145 3662 5211">
     <span class='ocr_line' id='line_1_113' title="bbox 2010 5145 3662 5211; baseline -0.012 0"><span class='ocrx_word' id='word_1_816' title='bbox 2010 5154 2334 5211; x_wconf 82' lang='lat' dir='ltr'>terabiliter</span> <span class='ocrx_word' id='word_1_817' title='bbox 2379 5157 2436 5208; x_wconf 86' lang='lat' dir='ltr'>et</span> <span class='ocrx_word' id='word_1_818' title='bbox 2468 5148 2936 5206; x_wconf 88' lang='lat' dir='ltr'>immutabiliter.</span> <span class='ocrx_word' id='word_1_819' title='bbox 2967 5147 3051 5202; x_wconf 87' lang='lat' dir='ltr'>lta</span> <span class='ocrx_word' id='word_1_820' title='bbox 3100 5145 3275 5201; x_wconf 89' lang='lat' dir='ltr'>etiam</span> <span class='ocrx_word' id='word_1_821' title='bbox 3308 5159 3400 5198; x_wconf 81' lang='lat' dir='ltr'>res</span> <span class='ocrx_word' id='word_1_822' title='bbox 3433 5145 3662 5210; x_wconf 87' lang='lat' dir='ltr'>tempo-</span> 
     </span>
    </p>
   </div>
   <div class='ocr_carea' id='block_1_112' title="bbox 2012 5229 3664 5312">
    <p class='ocr_par' dir='ltr' id='par_1_112' title="bbox 2012 5229 3664 5312">
     <span class='ocr_line' id='line_1_114' title="bbox 2012 5229 3664 5312; baseline -0.01 -13"><span class='ocrx_word' id='word_1_823' title='bbox 2012 5245 2198 5299; x_wconf 88' lang='lat' dir='ltr'>rarias</span> <span class='ocrx_word' id='word_1_824' title='bbox 2255 5248 2472 5297; x_wconf 66' lang='lat' dir='ltr'>aeterna</span> <span class='ocrx_word' id='word_1_825' title='bbox 2527 5239 2831 5312; x_wconf 86' lang='lat' dir='ltr'>cognoscit</span> <span class='ocrx_word' id='word_1_826' title='bbox 2887 5237 3166 5305; x_wconf 83' lang='lat' dir='ltr'>ratione;</span> <span class='ocrx_word' id='word_1_827' title='bbox 3227 5247 3475 5304; x_wconf 84' lang='lat' dir='ltr'>corpora</span> <span class='ocrx_word' id='word_1_828' title='bbox 3524 5229 3664 5285; x_wconf 89' lang='lat' dir='ltr'>item</span> 
     </span>
    </p>
   </div>
   <div class='ocr_carea' id='block_1_113' title="bbox 2011 5318 3665 5402">
    <p class='ocr_par' dir='ltr' id='par_1_113' title="bbox 2011 5318 3665 5402">
     <span class='ocr_line' id='line_1_115' title="bbox 2011 5318 3665 5402; baseline -0.01 -13"><span class='ocrx_word' id='word_1_829' title='bbox 2011 5333 2236 5389; x_wconf 86' lang='lat' dir='ltr'>ratione</span> <span class='ocrx_word' id='word_1_830' title='bbox 2294 5326 2665 5402; x_wconf 88' lang='lat' dir='ltr'>incorporali.</span> <span class='ocrx_word' id='word_1_831' title='bbox 2694 5328 2818 5383; x_wconf 91' lang='lat' dir='ltr'>Non</span> <span class='ocrx_word' id='word_1_832' title='bbox 2879 5332 3073 5382; x_wconf 89' lang='lat' dir='ltr'>autem</span> <span class='ocrx_word' id='word_1_833' title='bbox 3134 5324 3263 5378; x_wconf 90' lang='lat' dir='ltr'>ideo</span> <span class='ocrx_word' id='word_1_834' title='bbox 3312 5318 3453 5391; x_wconf 88' lang='lat' dir='ltr'>quia</span> <span class='ocrx_word' id='word_1_835' title='bbox 3509 5319 3665 5374; x_wconf 88' lang='lat' dir='ltr'>Deus</span> 
     </span>
    </p>
   </div>
   <div class='ocr_carea' id='block_1_114' title="bbox 2012 5408 3664 5494">
    <p class='ocr_par' dir='ltr' id='par_1_114' title="bbox 2012 5408 3664 5494">
     <span class='ocr_line' id='line_1_116' title="bbox 2012 5408 3664 5494; baseline -0.012 -16"><span class='ocrx_word' id='word_1_836' title='bbox 2012 5437 2257 5494; x_wconf 83' lang='lat' dir='ltr'>corpora</span> <span class='ocrx_word' id='word_1_837' title='bbox 2285 5415 2639 5490; x_wconf 88' lang='lat' dir='ltr'>incorporali</span> <span class='ocrx_word' id='word_1_838' title='bbox 2686 5414 2910 5472; x_wconf 87' lang='lat' dir='ltr'>ratione</span> <span class='ocrx_word' id='word_1_839' title='bbox 2938 5411 3260 5485; x_wconf 88' lang='lat' dir='ltr'>cognoscit,</span> <span class='ocrx_word' id='word_1_840' title='bbox 3289 5408 3417 5464; x_wconf 89' lang='lat' dir='ltr'>ideo</span> <span class='ocrx_word' id='word_1_841' title='bbox 3450 5423 3664 5478; x_wconf 82' lang='lat' dir='ltr'>corpus</span> 
     </span>
    </p>
   </div>
   <div class='ocr_carea' id='block_1_115' title="bbox 2013 5496 3659 5583">
    <p class='ocr_par' dir='ltr' id='par_1_115' title="bbox 2013 5496 3659 5583">
     <span class='ocr_line' id='line_1_117' title="bbox 2013 5496 3659 5583; baseline -0.013 -13"><span class='ocrx_word' id='word_1_842' title='bbox 2013 5516 2299 5583; x_wconf 88' lang='lat' dir='ltr'>mutatur,</span> <span class='ocrx_word' id='word_1_843' title='bbox 2352 5510 2534 5582; x_wconf 84' lang='lat' dir='ltr'>ﬁtque</span> <span class='ocrx_word' id='word_1_844' title='bbox 2590 5504 2978 5579; x_wconf 87' lang='lat' dir='ltr'>incorporale.</span> <span class='ocrx_word' id='word_1_845' title='bbox 3039 5503 3149 5561; x_wconf 88' lang='lat' dir='ltr'>Sed</span> <span class='ocrx_word' id='word_1_846' title='bbox 3213 5503 3364 5557; x_wconf 90' lang='lat' dir='ltr'>Deus</span> <span class='ocrx_word' id='word_1_847' title='bbox 3419 5496 3659 5567; x_wconf 89' lang='lat' dir='ltr'>quidem</span> 
     </span>
    </p>
   </div>
   <div class='ocr_carea' id='block_1_116' title="bbox 2014 5590 3661 5672">
    <p class='ocr_par' dir='ltr' id='par_1_116' title="bbox 2014 5590 3661 5672">
     <span class='ocr_line' id='line_1_118' title="bbox 2014 5590 3661 5672; baseline -0.014 -13"><span class='ocrx_word' id='word_1_848' title='bbox 2014 5602 2253 5659; x_wconf 82' lang='lat' dir='ltr'>scientia</span> <span class='ocrx_word' id='word_1_849' title='bbox 2273 5617 2382 5659; x_wconf 88' lang='lat' dir='ltr'>sua</span> <span class='ocrx_word' id='word_1_850' title='bbox 2399 5616 2493 5657; x_wconf 89' lang='lat' dir='ltr'>res</span> <span class='ocrx_word' id='word_1_851' title='bbox 2515 5615 2619 5672; x_wconf 90' lang='lat' dir='ltr'>pro</span> <span class='ocrx_word' id='word_1_852' title='bbox 2641 5596 2849 5653; x_wconf 69' lang='lat' dir='ltr'>divinas</span> <span class='ocrx_word' id='word_1_853' title='bbox 2870 5593 3137 5651; x_wconf 65' lang='lat' dir='ltr'>essentia</span> <span class='ocrx_word' id='word_1_854' title='bbox 3172 5590 3396 5647; x_wconf 88' lang='lat' dir='ltr'>ratione</span> <span class='ocrx_word' id='word_1_855' title='bbox 3417 5598 3661 5656; x_wconf 86' lang='lat' dir='ltr'>cognos-</span> 
     </span>
    </p>
   </div>
   <div class='ocr_carea' id='block_1_117' title="bbox 2014 5668 3657 5759">
    <p class='ocr_par' dir='ltr' id='par_1_117' title="bbox 2014 5668 3657 5759">
     <span class='ocr_line' id='line_1_119' title="bbox 2014 5668 3657 5759; baseline -0.015 -11"><span class='ocrx_word' id='word_1_856' title='bbox 2014 5690 2136 5759; x_wconf 89' lang='lat' dir='ltr'>cit;</span> <span class='ocrx_word' id='word_1_857' title='bbox 2166 5690 2407 5747; x_wconf 87' lang='lat' dir='ltr'>illarum</span> <span class='ocrx_word' id='word_1_858' title='bbox 2456 5668 2650 5745; x_wconf 76' lang='lat' dir='ltr'>autem</span> <span class='ocrx_word' id='word_1_859' title='bbox 2702 5682 2977 5758; x_wconf 64' lang='lat' dir='ltr'>qualibet</span> <span class='ocrx_word' id='word_1_860' title='bbox 3017 5680 3175 5753; x_wconf 88' lang='lat' dir='ltr'>quod</span> <span class='ocrx_word' id='word_1_861' title='bbox 3206 5681 3297 5735; x_wconf 83' lang='lat' dir='ltr'>est</span> <span class='ocrx_word' id='word_1_862' title='bbox 3325 5674 3542 5731; x_wconf 82' lang='lat' dir='ltr'>manet.</span> <span class='ocrx_word' id='word_1_863' title='bbox 3572 5668 3657 5725; x_wconf 88' lang='lat' dir='ltr'>Ad</span> 
     </span>
    </p>
   </div>
  </div>
