4042 6198
1936 222 1937 225 “
2000 221 2024 239 ὁ

380 348 498 407 699

1718 350 2135 413 MICHAELIS
2177 352 2446 413 PSELLl

3675 357 3795 415 700

378 480 487 535 hos
510 481 692 552 igitur
708 482 807 553 qui
830 490 1064 539 movent
1085 485 1761 557 dubium,quzeruntque
1792 483 1844 539 si
1873 483 2019 539 Deus

2139 480 2382 555 ταλμένα
2412 478 2741 557 παραϐῆναι,
2793 488 2912 546 πῶς
2958 484 3102 549 εἷκος
3158 486 3225 554 ἦν
3283 485 3486 541 ἐκεῖνον
3547 466 3799 562 γενέσθειιι

381 569 1032 640 praesoiveritAdamum
1052 576 1326 629 mandata
1348 592 1475 630 esse
1492 581 2023 646 transgressurum,

380 660 673 729 quomodo
707 660 830 715 fieri
882 662 1137 731 potuerit
1169 668 1233 717 ut
1282 665 1541 717 Adamus
1571 680 1686 719 non
1720 660 2028 734 peccaret?

380 749 540 813 Quod
568 749 724 804 enim
751 755 900 805 Deus
942 752 1255 822 praescivit,
1286 752 1339 805 id
1369 752 1761 824 protoplastus
1782 768 2025 823 quomo-

379 836 452 891 do
476 838 663 907 potuit
683 838 896 894 evitare
918 839 1050 908 ?,Ad
1074 840 1182 895 hoc
1223 841 1468 896 dubium
1511 841 1569 896 in
1612 848 1885 913 promptu
1920 841 2026 895 tibi

380 926 460 980 sit
489 928 859 997 respondere,
895 929 1048 998 quod
1079 929 1312 1000 propria
1353 929 1508 985 Deus
1544 930 1758 985 virtute
1785 930 1941 985 novit
1969 934 2028 985 et

381 1032 509 1085 quae
532 1021 673 1069 sunt
694 1021 751 1071 et
784 1032 912 1086 qum
937 1018 1131 1072 futura
1153 1025 1314 1084 sunt,
1348 1036 1454 1075 nec
1495 1025 1798 1076 mutantur
1826 1024 2025 1075 tamen

381 1120 495 1168 res,
527 1104 638 1159 etsi
670 1103 767 1159 ille
797 1107 1141 1176 perfectiora
1172 1107 1304 1163 illas
1336 1109 1561 1165 ratione
1598 1109 1728 1165 scit.
1762 1109 2029 1175 Quando-

375 1191 608 1261 quidem
644 1193 824 1257 igitur
853 1195 1072 1251 sciebat
1088 1198 1376 1254 Adamum
1411 1198 1592 1254 tuisse
1610 1198 2025 1270 prolapsurum

369 1281 435 1336 in
469 1288 797 1353 peccatum,
832 1286 962 1356 ejus
996 1288 1257 1358 cognitio
1290 1306 1403 1344 non
1436 1289 1547 1343 fuit
1593 1289 1817 1344 homini
1848 1306 2027 1345 causa

372 1371 674 1440 peccandi.
706 1372 832 1427 Non
882 1375 1039 1429 enim
1073 1376 1292 1447 eripuit
1340 1377 1388 1432 ei
1441 1377 1915 1448 aequilibritatem
1949 1379 2023 1433 ad

373 1459 757 1529 opinandum,
791 1466 850 1519 et
885 1462 1022 1517 boni
1070 1464 1120 1519 si
1151 1464 1323 1520 vellet
1350 1465 1602 1538 eligendi
1635 1465 1970 1521 facultatem
2006 1482 2020 1521 :

374 1550 477 1604 scd
500 1550 653 1605 Deus
677 1552 914 1621 quidem
939 1554 1309 1626 sciebatquid
1335 1555 1596 1611 futurum
1619 1556 2022 1623 esset,Adamo

373 1642 567 1693 autem
601 1656 715 1694 non
741 1645 941 1712 erepta
979 1647 1101 1697 erat
1133 1643 1315 1699 animi
1349 1645 1417 1699 ad
1454 1646 1673 1700 bonum
1700 1644 2018 1699 inclinandi

314 1772 317 1779 .
374 1727 650 1797 potentia.
674 1728 739 1782 Et
764 1730 1023 1786 Adamus
1052 1733 1285 1803 quidem
1308 1734 1378 1788 ad
1403 1735 1694 1790 contraria
1715 1733 2019 1789 indeﬁnito

376 1816 548 1871 modo
571 1833 632 1871 se
653 1816 906 1922 habebat
933 1836 946 1875 :
996 1820 1151 1921 Deus
1174 1826 1365 1922 autem
1388 1822 1757 1922 indefinitum
1781 1824 2021 1879 deﬁnita
2056 1857 2098 1922 Β

374 1906 762 1975 cognoscebat
795 1908 1040 1965 ratione.
1076 1909 1231 1965 Sicut
1262 1911 1417 1967 enim
1449 1929 1662 1985 corpus
1694 1913 2021 1986 incorpora-

372 1993 524 2065 liter,
557 1995 643 2051 sic
673 2000 729 2051 et
758 1996 1134 2055 indefinitum
1168 2002 1404 2058 definite
1435 2002 1614 2058 novit.

409 2103 496 2157 17.
531 2103 816 2171 Quodnam
842 2108 1088 2182 primum
1116 2110 1466 2173 elementum.
1499 2128 1531 2165 η
1563 2128 1669 2182 quo
1700 2112 1970 2167 mundum

886 2180 1112 2235 condere
1142 2184 1303 2251 cepit
1333 2187 1515 2237 Deus?

441 2262 669 2336 Moyses
717 2267 978 2337 quidem,
1012 2269 1112 2340 qui
1148 2271 1327 2325 Deum
1374 2271 1537 2336 vidit,
1569 2272 1711 2327 caelo
1762 2271 1937 2328 simul
1968 2277 2025 2327 et

369 2355 535 2407 terrae
569 2354 824 2425 primum
861 2357 1052 2413 locum
1075 2361 1337 2432 assignat
1363 2360 1420 2415 in
1446 2362 1650 2416 mundi
1672 2362 2021 2432 originibus.

373 2441 533 2496 Inter
563 2443 894 2500 Gracorum
949 2465 1083 2503 vero
1134 2450 1434 2521 sapientes
1462 2450 1560 2504 alii
1611 2449 1769 2505 aliud
1804 2450 2025 2522 opinati

372 2536 534 2585 sunt.
568 2531 846 2588 Nonnulli
900 2536 1055 2589 enim
1108 2541 1324 2591 terram
1377 2540 1692 2608 przeferunt
1740 2543 2022 2609 tanquam

374 2624 639 2675 centrum
664 2622 869 2677 circuli
892 2626 1169 2690 caelestis,
1205 2627 1358 2696 quod
1386 2627 1564 2681 etiam
1601 2628 1657 2680 in
1692 2627 1865 2698 plano
1898 2644 2026 2681 cen-

375 2712 532 2761 trum
566 2708 644 2763 sit
675 2711 894 2765 circulo
928 2713 1091 2783 prius
1122 2720 1178 2767 et
1206 2715 1654 2786 antiquius.Alii
1686 2716 2020 2772 universum

376 2796 667 2851 mundum
698 2798 1070 2871 distinguunt
1097 2802 1157 2855 in
1188 2810 1444 2875 quatuor
1462 2803 1830 2874 elementa,et
1858 2805 2020 2877 quin-

372 2885 499 2936 tum
528 2884 843 2940 aethereum
859 2903 1044 2959 genus
1075 2891 1371 2962 corporis:
1398 2898 1771 2964 quatuorque
1793 2893 1891 2949 illa
1912 2895 2023 2950 sub

378 2973 590 3027 rethere
622 2972 929 3045 disposita,
963 2976 1427 3048 pulcherrimum
1471 2998 1603 3037 vero
1635 2982 1897 3038 aetherem
1931 3001 2026 3038 na-

378 3065 520 3115 tura:
551 3059 763 3118 caelum
802 3065 1058 3137 primum
1109 3070 1375 3125 omnium
1428 3071 1642 3127 factum
1689 3089 1818 3128 esse
1870 3074 2024 3127 affir-

382 3155 566 3205 mant.
599 3153 705 3216 Qui
738 3171 873 3210 vero
898 3156 1116 3213 factum
1154 3160 1438 3215 mundum
1470 3161 1627 3216 haud
1657 3162 1901 3218 obscure
1928 3180 2022 3217 ne-

372 3245 534 3311 gant,
569 3241 906 3300 universum
936 3245 1111 3302 simul
1146 3249 1434 3304 exsistens
1465 3256 1852 3321 congruenter
1883 3269 2019 3323 pro-
2051 3228 2093 3294 (ἶ

372 3330 513 3400 prize
545 3331 803 3402 Opinioni
851 3341 1139 3392 statuunt.
1174 3339 1284 3394 Eas
1337 3344 1532 3394 autem
1580 3340 1774 3410 potius
1821 3342 2017 3395 existi-

374 3435 536 3474 mare
591 3421 782 3493 primo
832 3423 955 3480 loco
1006 3427 1221 3482 factum
1282 3427 1517 3497 coelum,
1552 3433 1752 3500 utpote
1808 3447 2020 3501 corpus

374 3511 772 3581 praestantius,
822 3519 877 3569 et
924 3517 1079 3586 quod
1127 3521 1334 3572 caetera
1384 3516 1795 3591 complectitur
1846 3524 2021 3596 atque

374 3600 838 3670 comprehendit.

517 3706 603 3762 18.
639 3708 787 3763 Unde
818 3708 1068 3765 homines
1099 3715 1376 3768 notionem
1408 3715 1506 3769 Dei
1532 3718 1881 3786 acceperint?

446 3792 755 3849 Notionem
817 3796 915 3851 Dei
971 3797 1300 3855 hauserunt
1373 3800 1641 3858 homines
1698 3820 1768 3859 ex
1819 3806 2021 3860 ordine

373 3896 670 3948 rerum,ex
699 3888 921 3939 naturae
949 3886 1272 3957 mqualibus
1297 3887 1548 3960 legibus,
1573 3908 1639 3946 ex
1658 3892 2021 3963 providentia

374 3969 446 4023 ad
479 3971 677 4025 omnia
725 3972 1108 4043 pertingente.
1141 3977 1482 4048 Magnorum
1537 3980 1693 4035 enim
1726 3979 2019 4036 luminum

373 4061 540 4112 ortus
566 4064 623 4113 et
651 4076 897 4116 occasus
928 4061 1136 4119 iisdem
1168 4066 1534 4138 temporibus
1562 4069 1765 4124 eodem
1794 4087 2023 4142 semper

374 4163 438 4201 se
467 4146 692 4203 habens
725 4152 921 4220 modo,
956 4157 1013 4207 et
1041 4169 1252 4210 cursus
1297 4155 1559 4212 siderum
1599 4159 1866 4214 eamdem
1898 4177 2018 4216 ser-

371 4241 575 4291 vantes
625 4239 931 4307 rationem,
966 4246 1022 4296 et
1066 4243 1504 4301 circumrotatio
1547 4246 1675 4302 cmli
1720 4247 2021 4304 circularis

371 4327 574 4381 omnia
619 4328 900 4401 colligens
951 4348 1017 4387 ac
1068 4334 1499 4406 constringens,
1531 4336 1762 4408 aliaque
1802 4354 1928 4410 quae
1959 4338 2019 4393 in

371 4413 502 4470 aliis
533 4418 877 4486 corporibus
909 4420 1295 4477 consimiliter
1325 4440 1386 4478 se
1431 4423 1670 4490 habent,
1702 4426 2023 4497 praedicant

370 4520 498 4559 esse
520 4506 835 4576 quemdam
870 4508 971 4579 qui
1004 4510 1261 4566 universi
1293 4528 1489 4567 curam
1524 4513 1674 4584 gerit
1702 4513 1871 4586 eique
1891 4532 2020 4587 pro-

2139 572 2516 645 ἀναμάρτητον
2543 591 2556 641 ;
2586 574 2654 629 ’Ὸ
2683 572 2785 647 γὰρ
2819 571 3102 645 ἐγίνωσκεν
3128 576 3156 628 6
3187 575 3338 643 Θεὸς,
3360 579 3479 638 πῶς
3508 576 3538 628 6
3569 574 3792 650 πρωτό-

2136 660 2375 724 ¹ιτλοιστος
2427 657 2722 738 ὑπερϐῆναι
2780 660 3017 731 ἠδύνατο
3047 706 3059 719 .
3096 666 3235 740 Πρὸς
3289 668 3415 740 γοῦν
3458 662 3586 725 τοὺς
3630 667 3796 719 τοῦτο

2135 751 2471 827 ἀποροῦντας
2520 751 2815 825 ἀποκρίνου
2860 752 3034 821 εὐθὺς,
3096 748 3178 807 ὅτι
3238 753 3266 806 6
3325 754 3453 814 Θεὸς
3499 753 3638 807 κατά
3692 754 3794 821 τὴν

2136 837 2276 894 ἰδίαν
2330 838 2580 911 ἱδιότητα
2640 838 2753 895 οἶδε
2801 843 2888 895 καὶ
2919 840 2985 895 τὶ
3035 842 3298 917 γενόμενα
3347 842 3532 896 καίτά
3560 841 3792 916 γενησό-

2137 950 2290 996 μενα.
2352 930 2453 984 Καὶ
2507 928 2671 984 πάλιν
2734 930 2834 985 οὐκ
2889 929 3213 985 ἀλλοιοῦται
3267 932 3336 986 τά
3362 931 3682 1006 πράγματα,
3744 930 3791 986 si

2133 1018 2334 1081 ἐκεῖνος
2392 1018 2715 1095 κρειττόνως
2778 1019 2914 1074 αὐτὰ
2970 1018 3271 1076 ἐπίσταται*
3322 1018 3544 1089 Ἐπειδή
3603 1018 3794 1074 τοίνυν

2134 1109 2403 1178 ἠπίστατο
2463 1108 2544 1163 ὅτι
2604 1115 2842 1164 πεσεῖται
2904 1110 3009 1164 ὑπὸ
3066 1111 3166 1178 τὴν
3227 1109 3550 1184 ἆμαρτίανὸ
3583 1107 3790 1189 Ἀδὰμ.

2134 1196 2242 1273 οὐχ
2286 1200 2321 1267 ἡ
2374 1202 2572 1273 γνῶσις
2603 1197 2767 1253 αὐτοῦ
2793 1197 2939 1253 αἰτία
2968 1201 3064 1267 τῆς
3117 1200 3381 1273 ἁμαρτίας
3407 1204 3485 1270 τῷ
3514 1199 3792 1273 ἀνθρώπῳ

2135 1285 2363 1362 ἐγένετο.
2420 1286 2497 1344 Ού
2553 1287 2656 1361 γὰρ
2713 1285 2962 1361 ἀφείλετο
3014 1286 3177 1342 αὐτοῦ
3207 1289 3307 1357 τήν
3336 1286 3654 1364 ἰσορροπίαν
3688 1294 3793 1356 τῆς

2130 1376 2356 1449 γνώμης
2401 1374 2490 1431 καὶ
2536 1378 2635 1445 τὴν
2684 1380 2780 1430 τοῦ
2825 1375 2999 1432 καλοῦ
3032 1374 3258 1450 αἵρεσιν,
3302 1374 3449 1452 εἷίπερ
3496 1371 3785 1444 ἐϐούλετο,

2129 1464 2254 1519 ἀλλ’
2287 1466 2313 1519 6
2367 1465 2460 1536 μὶν
2494 1464 2624 1526 Θεὸς
2674 1463 2940 1534 ἠπίστατο
2984 1464 3047 1520 τὸ
3076 1466 3351 1539 ἐσόμενον,
3382 1470 3461 1538 τῷ
3494 1463 3551 1520 δὶ
3602 1462 3788 1539 ’Δδάμ

2132 1554 2230 1609 οὐκ
2276 1553 2521 1633 ἀφῃρέθη
2573 1555 2608 1624 ἡ
2642 1553 2729 1608 ἐπὶ
2758 1554 2821 1609 τὸ
2850 1552 3015 1609 καλὸν
3045 1554 3216 1630 ὁρμή.
3279 1554 3375 1609 Καὶ
3409 1556 3436 1610 6
3472 1556 3565 1628 μὲν
3604 1552 3787 1628 ’Λδάμ

2130 1643 2381 1716 ἀόριστον
2432 1643 2548 1719 εἶχε
2590 1644 2687 1712 τὴν
2734 1642 2823 1698 ἐπὶ
2863 1644 2929 1698 τά
2973 1644 3184 1699 ἐναντία
3230 1643 3430 1720 ῥοπὴν,
3482 1645 3510 1698 6
3542 1640 3600 1700 δὲ
3650 1644 3784 1705 Θεός

2130 1734 2447 1805 ὡρισμένως
2489 1732 2747 1807 ἐγίνωσκε
2792 1733 2855 1787 τὸ
2895 1732 3170 1807 ἀόριστον.
3224 1734 3311 1795 Ὡς
3368 1734 3472 1809 γὰρ
3512 1734 3572 1788 τὸ
3624 1738 3785 1806 σῶμα

2129 1823 2435 1895 ἀσωμάτως
2500 1819 2666 1890 οἶδεν,
2730 1821 2872 1877 οὕτω
2933 1823 3025 1896 μὲν
3082 1823 3172 1877 καὶ
3224 1823 3286 1877 τὸ
3327 1821 3573 1896 ἀόριστον
3607 1823 3782 1899 ὡρισ-

2132 1913 2327 1986 μένως.

2134 2111 2214 2180 ιζ’.
2260 2110 2398 2164 Ἀπὸ
2441 2108 2601 2164 ποίου
2640 2110 2859 2184 πρώτου
2911 2108 3189 2185 στοιχεξου
3226 2108 3426 2185 ἤρξατο
3453 2109 3547 2164 τὸν
3572 2108 3787 2183 κόσμον

2733 2187 2907 2236 ποιεῖν
2953 2182 2981 2235 6
3022 2181 3172 2243 Θεός.

2205 2272 2446 2340 Μωυσῆς
2501 2270 2596 2341 μὲν
2651 2271 2679 2324 6
2732 2270 2967 2341 θεόπτης
3015 2270 3232 2347 οὐρανῷ
3285 2270 3398 2343 ἅμα
3443 2270 3533 2324 καὶ
3586 2273 3662 2345 γῇ
3720 2271 3792 2325 τά

2131 2355 2392 2432 πρεσϐεῖα
2444 2356 2631 2413 δίδωσι
2678 2366 2777 2429 τῆς
2827 2364 2928 2414 τοῦ
2976 2359 3187 2432 κόσμου
3236 2360 3515 2434 γενέσεως.
3548 2360 3670 2414 Τῶν
3735 2356 3794 2413 δὲ

2131 2450 2259 2524 παρ’
2285 2447 2526 2520 Ἕλλησι
2558 2454 2737 2528 σοφῶν
2767 2447 2930 2504 ἄλλοι
2954 2446 3142 2510 ἅλλῶς
3173 2448 3449 2521 ᾠήθησαν.
3473 2450 3540 2506 Οἳ
3567 2448 3662 2521 μὲν
3686 2448 3792 2524 γὰρ

2132 2540 2229 2607 τὴν
2280 2545 2382 2614 γῆν
2425 2542 2643 2613 πρῶτον
2702 2539 3038 2614 παράγουσιν
3093 2538 3167 2600 ὡς
3197 2539 3417 2614 κέντρον
3475 2542 3571 2592 τοῦ
3621 2537 3790 2609 ούρα-

2132 2628 2250 2682 νίου
2298 2626 2527 2696 κύκλου,
2562 2626 2679 2683 ἐπεὶ
2719 2628 2805 2683 καὶ
2855 2632 2953 2683 τοῦ
3011 2624 3267 2683 ἐπιπέδου
3316 2626 3522 2682 κύκλου
3568 2648 3627 2680 τν
3677 2625 3794 2681 κέν-

2132 2738 2257 2792 τρον
2310 2711 2697 2793 πρεσϐύτερον.
2748 2719 2963 2793 Ἕτεροι
3004 2714 3061 2771 δὲ
3109 2716 3184 2781 εἰς
3227 2718 3295 2771 τά
3353 2715 3581 2791 τέσσαρα
3640 2736 3791 2770 στοι-

2134 2810 2260 2880 χεῖα
2310 2806 2399 2860 καὶ
2441 2806 2504 2859 τὸ
2553 2806 2800 2879 πέμπτον
2835 2810 2995 2879 σῶμα
3022 2805 3085 2860 τὸ
3113 2804 3350 2881 αἰθέριον
3379 2805 3472 2859 τὸν
3501 2804 3793 2877 σύμπαντα

2135 2891 2468 2971 διαιροῦντες
2530 2894 2739 2968 κόσμον
2816 2894 2905 2950 καὶ
2955 2894 3020 2949 τὸ
3075 2896 3462 2970 τετράστοιχον
3524 2894 3632 2948 ὑπὸ
3690 2898 3788 2948 τοῦ

2133 2982 2347 3060 αἰθέρος
2381 2981 2700 3048 διοικεῖσθαι
2748 2985 3082 3057 νομίζοντες.
3141 2984 3211 3038 Τὸ
3268 2980 3570 3039 κάλλιστον
3604 2980 3666 3037 δὲ
3690 2987 3787 3037 τοῦ

2132 3072 2343 3149 αἰθέρος
2428 3074 2456 3127 6
2536 3071 2786 3150 οὐρανὸς,
2865 3071 2921 3127 ὅν
2998 3077 3216 3148 πρῶτον
3286 3071 3493 3128 τούτων
3567 3074 3791 3148 γεγενῆ-

2134 3161 2254 3227 σθαί
2313 3184 2493 3240 φασιν.
2550 3164 2707 3219 "Odor
2768 3160 2826 3217 δὲ
2870 3162 3161 3238 ἀγέννητον
3209 3161 3300 3217 τὸν
3358 3160 3566 3235 κόσμον
3602 3164 3788 3237 σαφῶς

2131 3253 2470 3330 ἀπεφήναντο
2528 3253 2669 3325 ὁμοῦ
2723 3253 2786 3307 τὸ
2832 3257 2934 3307 πᾶν
3008 3251 3138 3306 εἶναι
3191 3249 3509 3314 ἀκολούθως
3571 3251 3787 3310 ἑαυτοῖς

2131 3340 2376 3416 λέγουσι.
2436 3346 2526 3396 Δεῖ
2555 3337 2613 3396 δὲ
2656 3338 2867 3414 μᾶλλον
2924 3337 3127 3404 οἳεσθαι
3156 3341 3246 3395 τὸν
3304 3340 3529 3411 οὐρανὸν
3558 3344 3780 3415 πρῶτον

2129 3437 2470 3506 γεγενῆσθαι,
2521 3431 2596 3493 ὡς
2648 3430 2738 3485 καὶ
2794 3434 3036 3505 κρεῖττον
3092 3433 3251 3503 σῶμα
3298 3430 3385 3485 καὶ
3433 3433 3541 3483 τῶν
3596 3427 3784 3484 ἄλλων

2129 3518 2549 3594 περιληπτικόν.

2348 3717 2418 3785 ιη’
2451 3714 2617 3779 Πόθεν
2652 3712 2857 3769 ἔννοιαν
2892 3712 3053 3790 ἔσχον
3088 3719 3221 3771 Θεοῦ
3251 3713 3524 3790 ἅνθρωποι
3553 3734 3568 3784 ;

2198 3807 2447 3861 ⁸Έννοιαν
2500 3801 2630 3879 ἔσχε
2672 3808 2805 3859 Θεοῦ
2857 3805 3138 3880 ἄνθρωπος
3182 3805 3287 3859 ἀπὸ
3334 3808 3434 3869 τῆς
3462 3808 3573 3858 τῶν
3609 3800 3783 3858 ὄντων

2127 3894 2347 3965 τάξεως,
2400 3894 2504 3949 ἀπὸ
2551 3900 2651 3963 τῆς
2704 3893 2986 3966 ἰσονομίας
3015 3900 3123 3948 τῶν
3177 3894 3405 3970 φύσεων.
3439 3893 3547 3948 ἀπὸ
3577 3901 3680 3963 τῆς
3711 3892 3786 3953 εἷς

2127 3984 2195 4038 τά
2236 3983 2409 4037 πάντα
2449 3981 2764 4053 διοικούσης
2791 3982 3071 4057 προνοίας.
3104 3984 3173 4038 "H
3229 4003 3287 4036 τε
3311 3983 3413 4057 γὰρ
3467 3986 3578 4035 τῶν
3613 3981 3785 4056 μεγά-

2131 4069 2241 4126 λων
2276 4074 2578 4148 φωστῆρων
2630 4068 2870 4141 ἀνατολὴ
2903 4072 2993 4125 καὶ
3024 4068 3172 4132 δύσις
3216 4070 3266 4124 ἐν
3297 4076 3414 4134 τοῖς
3446 4070 3632 4133 αὐτοῖς
3660 4092 3782 4124 και-

2131 4180 2248 4236 ροις
2282 4159 2362 4214 ἀεὶ
2413 4160 2620 4234 ὁμοίως
2663 4154 2886 4235 ἔχουσα,
2930 4159 3020 4214 καὶ
3076 4161 3127 4214 οἱ
3156 4164 3262 4214 τῶν
3313 4159 3545 4234 ἀστέρων
3583 4157 3789 4234 δρόμοι

2126 4251 2229 4318 τὴν
2296 4250 2603 4320 ταυτότητα
2667 4250 2952 4318 σώζοντες,
3000 4249 3091 4303 καὶ
3142 4251 3176 4318 ἡ
3222 4252 3319 4303 τοῦ
3358 4248 3591 4322 ούρανοῦ
3635 4269 3789 4323 περι-

2130 4337 2272 4415 φορά
2317 4339 2405 4393 καὶ
2455 4336 2707 4413 περίοδος
2748 4336 3083 4414 κυκλοτερὴς
3141 4338 3312 4392 πάντα
3366 4336 3668 4412 σφίγγουσα
3697 4337 3789 4390 καὶ

2130 4424 2441 4495 συνδέουσα,
2490 4427 2580 4482 καὶ
2608 4428 2657 4481 τ’
2705 4424 2851 4481 ἄλλα
2899 4425 3159 4489 ὡσαύτως
3190 4423 3389 4501 ἔχοντα
3419 4426 3472 4480 ἐν
3501 4424 3784 4495 ἀλλήλοις

2128 4517 2368 4589 σώμασι,
2402 4518 2715 4591 προνοητήν
2747 4536 2867 4571 τινα
2895 4519 2992 4570 τοῦ
3042 4515 3245 4577 παντὸς
3296 4516 3428 4569 εἶναι
3478 4513 3786 4589 ἀνακηρύτ-

366 4593 546 4649 videt.
577 4594 634 4648 Si
673 4596 830 4649 enim
880 4597 1024 4653 forte
1079 4603 1134 4654 et
1182 4616 1320 4655 casu
1372 4600 1631 4656 mundus
1677 4602 2015 4670 coaluisset,

2134 4626 2327 4659 εουσιν.
2375 4604 2442 4661 Ei’
2469 4606 2570 4679 γὰρ
2600 4604 2801 4680 τυχαία
2848 4604 2938 4658 καὶ
2990 4604 3303 4677 αὐτόματος
3334 4604 3403 4672 ἧν
3447 4605 3482 4672 ἡ
3522 4606 3623 4658 τοῦ
3653 4601 3787 4657 κόσ-

370 4685 565 4752 partes
610 4685 738 4753 ejus
771 4684 897 4739 sine
928 4686 1131 4743 ordine
1160 4693 1215 4743 et
1246 4690 1469 4744 ratione
1494 4691 1782 4747 ferrentur
1814 4709 1827 4748 :
1863 4710 2018 4749 nunc

368 4786 502 4825 vero
536 4777 730 4827 motus
767 4773 1019 4847 universi
1052 4781 1209 4831 certo
1243 4795 1486 4834 numero
1512 4784 1567 4835 et
1615 4780 1816 4837 ordine
1847 4798 2017 4839 cons-

364 4858 604 4929 titutus,
636 4865 695 4916 et
727 4864 881 4934 quod
935 4864 1080 4918 nihil
1114 4866 1240 4923 sine
1270 4867 1492 4924 ratione
1520 4868 1608 4924 vel
1640 4877 1904 4927 movetur
1925 4871 2016 4927 vel

367 4947 637 5018 quiescit,
670 4952 767 5006 sed
821 4954 1020 5009 omnia
1079 4955 1246 5011 facile
1302 4974 1369 5012 ac
1416 4959 1718 5015 commode
1775 4961 1896 5033 regi
1954 4978 2016 5016 se

367 5037 697 5109 patiuntur,
732 5041 914 5098 Deum
950 5044 1121 5099 nobis
1153 5045 1407 5101 universi
1444 5047 1718 5104 factorem
1752 5051 2015 5105 condito-

368 5142 611 5199 remque
642 5130 1070 5187 demonstrant.

606 5237 692 5291 19.
724 5238 997 5295 Pluresne
1025 5243 1138 5296 sint
1169 5243 1359 5313 angeli
1385 5260 1459 5298 an
1490 5243 1738 5301 homines
1762 5248 1787 5297 .9

434 5323 746 5381 Pauciores
768 5329 1149 5386 multitudine
1170 5336 1312 5387 sunt
1329 5332 1520 5403 angeli
1534 5350 1712 5404 quam
1726 5333 2012 5390 homines.

363 5410 507 5466 Vide
538 5412 694 5468 enim
728 5418 1022 5485 quomodo
1054 5420 1287 5475 numeri
1317 5436 1520 5476 omnes
1538 5437 1653 5492 quo
1686 5422 2014 5493 propriores

366 5504 506 5554 sunt
543 5502 772 5572 unario,
804 5521 870 5560 eo
904 5506 1162 5562 minores
1207 5511 1344 5562 sunt
1382 5510 1644 5565 numeris
1675 5508 1909 5583 longius
1938 5513 2010 5568 ab

364 5586 465 5643 illo
487 5588 973 5650 distantibus.Uti
995 5595 1283 5664 binarius,
1305 5597 1601 5654 ternarias
1622 5602 1681 5655 et
1697 5605 2011 5671 quaterna-

364 5675 490 5733 rius
522 5677 781 5737 minores
831 5687 971 5739 sunt
1028 5684 1318 5742 vicenario
1374 5688 1432 5742 et
1486 5685 1820 5747 tricenario.
1849 5689 2012 5748 Sicut

2131 4715 2236 4767 μου
2282 4693 2602 4767 σύμπλεξις,
2659 4693 2726 4761 ἦν
2778 4690 2836 4747 ἂν
2885 4691 2976 4748 καὶ
3005 4691 3237 4767 τὰμέρη
3286 4696 3383 4746 τοῦ
3411 4690 3627 4764 κόσμου
3656 4692 3785 4745 ἀτά-

2125 4803 2269 4845 κτως
2299 4783 2387 4837 καὶ
2442 4780 2657 4857 ἀλόγως
2689 4780 2982 4858 φερόμενα.
3024 4785 3132 4834 Νῦν
3183 4778 3311 4849 δὶ’ἡ
3368 4776 3636 4853 εὔρυθμος
3685 4783 3783 4833 τοῦ

2125 4871 2324 4932 παντὸς
2374 4870 2612 4939 κίνησις,
2644 4870 2735 4924 καὶ
2778 4870 2839 4924 τὸ
2887 4866 3059 4942 μηδὲν
3105 4868 3324 4943 ἀλόγως
3372 4869 3409 4938 ἢ
3435 4868 3537 4937 τὴν
3568 4867 3785 4939 κίνησιν

2126 4954 2273 5034 ἔχειν
2308 4958 2464 5028 ἢτὴν
2497 4956 2755 5034 ἡσυχίαν,
2791 4955 2936 5014 ἀλλά
2981 4959 3157 5013 πάντα
3200 4957 3494 5032 εὖαγώγως
3523 4959 3778 5032 ἡνιοχεῖ-

2125 5050 2266 5116 σθαι,
2314 5047 2405 5103 τὸν
2459 5049 2589 5103 Θεὸν
2622 5050 2758 5121 ἡμῖν
2790 5044 3130 5102 ἀναδείκνυσι
3162 5047 3400 5116 ποιητήν
3430 5049 3527 5099 τοῦ
3556 5045 3779 5107 παντὸς.

2231 5245 2318 5302 ιθ’.
2355 5243 2588 5321 Πότερον
2622 5243 2848 5307 πλείους
2879 5244 2931 5297 οἱ
2962 5240 3187 5319 ἄγγελοι
3220 5241 3255 5311 ἢ
3288 5243 3339 5296 οἱ
3372 5243 3676 5318 ἄνθρωποι.

2194 5331 2490 5396 Ἐλάττους
2522 5338 2629 5389 τῶν
2675 5334 2974 5409 ἀνθρώπων
3022 5333 3159 5387 κατά
3203 5331 3265 5387 τὸ
3306 5333 3521 5400 πιςῆθος
3552 5333 3607 5385 οἱ
3636 5331 3782 5405 ἄγγει

2123 5420 2235 5478 λοι.
2300 5423 2504 5478 Σκόπει
2566 5424 2693 5499 γὰρ,
2730 5424 2814 5478 ὅτι
2860 5421 3056 5483 πάντες
3114 5420 3167 5475 οἱ
3197 5419 3421 5497 ἀριθμοὶ
3454 5421 3508 5475 οἱ
3536 5418 3776 5490 πλησιά-

2124 5515 2303 5580 ζοντες
2331 5515 2399 5585 τῇ
2455 5509 2673 5586 μονάδι,
2706 5510 2963 5574 ἐλάττους
3014 5508 3119 5565 εἶσι
3171 5508 3305 5565 κατά
3349 5508 3413 5563 τὸ
3442 5508 3611 5564 ποσὸν
3667 5510 3770 5563 τῶν

2119 5598 2483 5677 πορῥωτέρων
2516 5603 2785 5677 ἀριθμῶν.
2835 5603 2966 5660 Οἷον
2997 5601 3032 5669 ἡ
3063 5595 3215 5668 δυὰς,
3259 5601 3294 5668 ἡ
3324 5597 3479 5674 τριάς
3506 5599 3598 5653 καὶ
3629 5600 3665 5667 ἡ
3692 5616 3774 5651 τι·

2119 5689 2253 5766 τράς
2281 5688 2627 5766 ἐλαττότιραι
2674 5689 2778 5747 εἱσι
2819 5694 2926 5748 τῶν
2957 5685 3129 5745 εἴκοσι
3154 5687 3243 5745 καὶ
3298 5686 3610 5765 τριάκοντα.
3641 5689 3769 5742 ’Ὠσ-
