4042 6198
316 329 427 390 ἸΟΙ

1504 334 1605 394 DE
1648 332 2088 394 OMNIFARIA
2133 332 2549 393 DOCTRINA.

3605 331 3726 389 702

316 479 415 533 περ
446 456 540 513 οῦν
585 461 639 514 οἱ
689 457 968 536 ἐγγύτεροι
1021 467 1121 530 τῆς
1179 458 1367 524 ἒνάὸος
1429 461 1652 538 ἀριθμοὶ
1708 461 1948 518 ἐλάττοω

2079 464 2260 536 igitur
2317 464 2618 536 proniores
2694 460 2903 516 unario
2955 461 3187 515 numeri
3252 467 3395 515 sunt
3444 462 3721 532 minores,

316 547 472 615 εἶσῖν,
503 549 556 602 οἱ
602 547 659 604 δὲ
702 549 1060 626 πορῥωτὲρω,
1120 549 1361 620 πλείους,
1407 553 1578 614 οὕτως
1612 553 1663 607 οἱ
1696 551 1969 628 ἑγγῦτεροι

312 642 409 692 τοῦ
440 637 556 699 ἐνὸς
612 640 702 693 καὶ
762 639 932 712 μόνου
980 644 1137 712 Θεοῦ,
1188 635 1412 697 ἔλαττον
1462 639 1651 717 ἔχουσι
1709 642 1772 696 τὸ
1802 642 1967 696 ποσὸν

313 726 365 781 οξ
399 725 455 781 δὲ
484 727 846 805 πορῥωτερω,
894 726 1083 786 πλέον.
1136 730 1451 806 Ἐγγῦτεροι
1497 727 1555 785 δὲ
1582 735 1678 785 τοῦ
1711 734 1842 786 Θεοῦ
1873 728 1970 805 ἅγ-

309 814 489 893 γελοι,
553 815 921 893 ἁρχάγγελοι,
988 819 1077 873 καὶ
1136 820 1193 874 αἱ
1267 819 1633 893 περικείμεναι
1694 817 1967 892 δυνάμεις,

310 905 649 981 πορρωτὲρω
683 904 741 961 δὲ
794 908 847 962 οὶ
898 909 1199 985 ἄνθρωποι.
1247 909 1407 964 Ὥστε
1461 907 1685 971 πλείους
1729 908 1826 963 εἶσὶ
1859 913 1966 963 τῶν

312 994 569 1069 ἀγγέλων
601 996 654 1049 οἱ
708 993 1010 1071 ἄνθρωποι,
1069 993 1188 1061 ὅθεν
1232 999 1320 1052 καὶ
1374 998 1425 1051 οἱ
1459 998 1554 1071 μὲν
1584 994 1812 1072 ἄγγελοι
1856 994 1964 1068 ἤδη

309 1083 445 1139 κατὰ
472 1084 571 1139 τὸν
626 1084 857 1158 ἀριθμὸν
902 1084 1344 1162 ἐπερατώθησαν,
1375 1092 1491 1150 τοῖς
1549 1084 1607 1144 δὲ
1663 1087 1966 1160 ἀνθρώποις

312 1172 386 1234 εἷς
414 1173 482 1227 τὸ
514 1170 741 1248 ἄπειρον
786 1180 1078 1251 προχεῖται
1130 1178 1165 1245 ἡ
1217 1196 1495 1250 γεννησις.
1546 1175 1877 1246 Σταθήσεται
1911 1174 1967 1229 δὲ

308 1261 446 1332 αὗτῆ
480 1262 619 1317 κατὰ
654 1263 746 1318 τὸν
776 1271 878 1335 τῆς
906 1264 1213 1329 συντελείας
1245 1266 1453 1343 καιρόν.

948 1462 1015 1529 κ’,
1050 1462 1179 1536 Περὶ
1203 1466 1318 1516 νοῦ.

370 1547 453 1604 Οὔ
486 1554 595 1609 πᾶς
650 1552 778 1612 νοῦς
838 1549 1123 1626 μετέχεται
1186 1552 1286 1605 ὑπὸ
1335 1550 1514 1621 πάσης
1560 1554 1764 1627 ψυχῆς.
1811 1554 1872 1609 Ὀ
1904 1551 1961 1607 δὲ

302 1642 527 1710 πρῶτος
557 1642 684 1700 νοῦς
717 1639 806 1693 ὑπ’
855 1635 1113 1712 οὐδεμιᾶς
1163 1643 1352 1715 ψυχῆς
1413 1641 1667 1714 μεθεκτός
1700 1642 1864 1697 ἐστιν.
1898 1644 1958 1699 Ὀ

302 1726 399 1800 γὰρ
436 1727 577 1795 ὑπὲρ
608 1728 782 1782 πᾶντα
809 1729 876 1782 τὰ
930 1724 1060 1782 ὄντα
1100 1733 1227 1791 νοῦς
1275 1731 1367 1784 καὶ
1412 1736 1627 1785 πάντων
1675 1739 1956 1808 Δημιουρ-

2084 551 2317 624 longius
2347 568 2480 607 vero
2514 551 2724 607 remoti
2758 551 3011 620 majores
3042 555 3098 604 et
3136 548 3594 613 numerosiores,
3641 550 3727 605 sic

2082 658 2212 713 quae
2232 641 2334 696 uni
2373 646 2431 697 et
2452 641 2558 697 soli
2591 641 2705 697 Deo
2731 640 3003 712 propiora
3033 644 3193 706 sunt,
3225 639 3431 694 eadem
3450 639 3725 709 pauciora

2080 746 2311 802 quoque
2344 735 2520 798 sunt;
2555 747 2681 802 quae
2702 747 2839 785 vero
2862 729 3096 801 longius
3124 729 3370 795 distant,
3394 726 3564 799 plura
3587 732 3725 782 sunt

2081 835 2349 876 numero.
2368 818 2671 892 Pr0piores
2695 823 2887 874 autem
2907 819 3023 874 Deo
3062 821 3201 873 sunt
3228 816 3439 888 angeli,
3472 815 3724 872 archan-

2078 908 2213 979 geli,
2245 913 2301 964 et
2330 909 2423 965 his
2456 908 2729 979 proximae
2761 912 3134 980 protestates.
3191 904 3450 977 Longius
3499 904 3572 960 ab
3624 904 3725 960 illo

2079 999 2294 1054 absunt
2323 998 2614 1054 homines.
2649 998 2836 1071 Igitur
2867 998 3061 1070 plures
3085 1002 3227 1052 sunt
3248 994 3519 1051 homines
3543 1011 3721 1066 quam

2077 1087 2288 1161 angeli,
2321 1088 2477 1143 unde
2508 1092 2564 1142 et
2593 1087 2935 1159 angelorum
2955 1086 3380 1156 numerusjam
3404 1091 3494 1139 est
3515 1083 3721 1139 ﬁnitus

2075 1182 2133 1233 et
2163 1177 2664 1250 circumscriptus,
2696 1177 3004 1232 hominum
3044 1192 3178 1232 vero
3203 1174 3500 1248 generatio
3532 1174 3591 1228 in
3624 1174 3718 1227 in-

2077 1266 2306 1321 ﬁnitum
2340 1266 2682 1334 effunditur,
2718 1283 2848 1339 quis
2876 1270 3073 1322 tamen
3108 1271 3163 1321 et
3190 1265 3319 1337 ipsa
3363 1263 3609 1320 sistetur
3657 1263 3715 1318 in

2075 1355 2420 1412 saaculorum
2453 1355 2981 1413 consummatione.

2675 1462 2766 1517 20.
2800 1464 2875 1517 De
2904 1470 3106 1517 mente.

2141 1557 2268 1608 Non
2302 1551 2577 1624 quislibet
2607 1568 2775 1607 mens
2798 1552 2869 1606 ab
2892 1552 3090 1605 anima
3113 1564 3461 1621 quacunque
3483 1548 3714 1620 partici-

2071 1646 2261 1712 patur.
2297 1641 2642 1713 Principalis
2674 1658 2840 1696 mens
2870 1658 2903 1695 a
2933 1639 3096 1695 nulla
3126 1639 3326 1694 anima
3372 1637 3713 1709 participari

2069 1737 2279 1804 potest.
2314 1733 2448 1796 Quae
2482 1732 2637 1787 enim
2661 1731 2937 1787 omnibus
2959 1730 3134 1786 rebus
3156 1745 3324 1784 mens
3348 1728 3715 1800 praestantior

304 1816 416 1889 γὸς,
458 1821 579 1877 πῶς
608 1814 668 1870 ἂν
728 1816 833 1871 ὑπὸ
889 1819 1075 1892 ψυχῆς
1125 1819 1484 1894 μετασχεθείη
1533 1821 1676 1882 τινός
1714 1840 1726 1890 ;
1770 1822 1948 1892 Herem

2066 1826 2179 1890 est,
2209 1827 2267 1875 et
2293 1821 2557 1877 omnium
2573 1821 2785 1893 opifex,
2809 1820 3101 1892 quomodo
3124 1818 3197 1873 ab
3217 1818 3414 1872 anima
3436 1815 3555 1870 ulla
3577 1833 3715 1887 par-

303 1904 398 1979 7&9
430 1910 629 1981 νοερᾶς
655 1904 906 1976 πληοῦος
935 1907 1025 1961 καὶ
1066 1911 1163 1962 τοῦ
1210 1906 1459 1978 πλήθους
1499 1913 1606 1965 τῶν
1638 1915 1777 1965 νοῶν
1800 1914 1953 1987 ἡγεῖ-

301 1992 384 2046 ταί
430 2014 524 2055 τις
563 1998 712 2054 νοῦς.
768 1995 871 2050 Κιὶ
927 1995 1221 2067 ἆμεθεκτος
1279 1998 1368 2052 καὶ
1417 2003 1634 2070 πρῶτος
1694 2000 1789 2072 μὲν
1829 1999 1953 2062 νοῦς

303 2082 462 2144 οὗτος
498 2078 610 2138 ἔστι
665 2084 754 2138 καὶ
813 2084 1158 2157 ἆνομάζεται.
1219 2087 1371 2143 Μετὰ
1427 2084 1483 2142 δὲ
1530 2089 1620 2143 τὸν
1654 2088 1952 2161 ἀμέοεκτον

301 2176 442 2241 νοῦν,
515 2174 543 2227 6
604 2174 863 2246 μεθεκτὸς
928 2174 1046 2247 μὶν,
1107 2175 1214 2250 οὐχ
1269 2178 1298 2231 6
1343 2176 1631 2253 ἐγχόσμιος
1662 2175 1738 2245 δὲ,
1773 2176 1953 2233 ἀλλ’ὁ

302 2262 676 2338 ὑπερκόσμιος
706 2263 795 2318 καὶ
841 2265 1114 2340 χωριστὸς
1158 2270 1256 2319 τοῦ
1303 2265 1534 2339 κόσμου,
1576 2269 1692 2322 εἶτα
1740 2269 1768 2322 ὁ
1801 2268 1952 2342 ἐγιιό-

300 2371 488 2423 σμιος,
546 2353 693 2408 Ἐπεὶ
728 2355 865 2408 κατά
890 2353 1016 2418 τοὺς
1053 2360 1162 2409 τῶν
1204 2354 1488 2425 Ἑλλήνων
1523 2355 1718 2431 λόγους
1745 2358 1834 2412 καὶ
1858 2358 1951 2413 αὖ·

295 2441 437 2503 τὸςὸ
498 2443 705 2514 κόσμος
755 2439 1007 2518 ἔμψυχος
1059 2442 1172 2516 ἅμα
1220 2443 1311 2499 καὶ
1359 2442 1541 2507 ἔννους
1592 2445 1725 2503 ἐστί.
1778 2447 1873 2502 Καὶ
1914 2451 1948 2518 ἡ

296 2529 591 2605 ἒγκόσμιος
636 2532 792 2606 ψυχὴ
828 2533 931 2586 οὐκ
976 2531 1131 2596 εὐθὺς
1184 2532 1400 2609 μετέχει
1447 2539 1544 2589 τοῦ
1580 2536 1949 2611 ὑπερκοσμίου

298 2618 434 2683 νοὸς,
464 2616 616 2673 ἀλλὰ
643 2620 879 2694 πρώτως
906 2624 1002 2675 τοῦ
1051 2619 1367 2696 ἐγκοσμίου.
1394 2626 1581 2680 Ἔστιν
1612 2625 1703 2679 οὖν
1735 2628 1769 2695 ἡ
1800 2628 1946 2699 τάξις

296 2707 702 2781 καὶὸἆριθμὸς
754 2709 846 2764 καὶ
896 2711 964 2765 τὰ
1019 2710 1260 2783 ὀνόματα
1318 2710 1509 2774 οὕτως.
1554 2715 1612 2770 Ὀ
1652 2713 1949 2787 ἆμὲθεκτος

298 2799 438 2869 νοῦς,
471 2798 501 2851 6
536 2797 923 2873 ὑπερκόσμιος,
955 2800 1045 2855 καὶ
1078 2801 1105 2854 ὁ
1136 2800 1447 2877 ἐγκόσμιος.

848 3072 949 3121 κα¹.
983 3068 1101 3121 Ἔτι
1128 3067 1250 3141 περῖ
1282 3073 1398 3125 νοῦ.

365 3157 477 3213 Πᾶς
507 3155 640 3214 νοῦς
698 3152 883 3207 ἑαυτὸν
944 3158 1078 3209 νοεῖ.
1141 3152 1295 3209 Ἀλλ’
1347 3156 1375 3209 6
1424 3161 1643 3233 πρῶτος
1674 3162 1799 3221 νοῦς
1856 3160 1946 3213 καὶ

302 3240 596 3312 ἆμὲθεκτος
653 3241 839 3296 ἑαυτὸν
901 3240 1086 3314 μόνον.
1140 3240 1277 3298 Οὖδὶ
1322 3244 1422 3320 γὰρ
1473 3242 1590 3321 ἔχει
1633 3268 1686 3302 τι
1715 3247 1822 3324 πρὸ
1849 3249 1943 3303 αὐ-

299 3325 413 3399 τοῦ,
464 3326 560 3382 ’ίνα
618 3328 791 3385 ἐκεῖνο
849 3332 1043 3405 νοήσῃ.
1094 3332 1169 3385 Τὰ
1220 3328 1277 3386 δὲ
1333 3334 1463 3405 μετἨ
1507 3334 1668 3390 αὐτὸν
1729 3337 1832 3391 οὐκ
1888 3334 1945 3392 ἂν

299 3420 558 3487 νοήσειεν.
638 3417 795 3475 Ἀλλ’
870 3414 986 3496 ἔχει
1051 3420 1259 3475 τούτων
1318 3424 1418 3490 τήν
1472 3426 1665 3494 νοήσιν
1715 3426 1947 3498 ἀνοησίᾳ

300 3507 562 3580 κρείττονι
618 3509 876 3578 νοήσεως.
936 3508 1035 3564 Καὶ
1096 3507 1261 3581 ἔστιν,
1323 3512 1404 3566 ὅτι
1454 3514 1611 3578 οὗτος
1650 3519 1799 3586 νοῦς,
1823 3519 1947 3577 νοῦς

301 3595 406 3667 ἅμα
435 3596 527 3650 καὶ
586 3596 803 3666 νοητόν.
856 3601 997 3662 Νοῦς
1055 3599 1148 3671 μὲν
1211 3599 1286 3662 ὡς
1330 3605 1466 3655 νοῶν
1497 3602 1705 3672 ἑαυτὸν,
1748 3602 1943 3674 νοητὸν

302 3680 374 3754 δὲ,
406 3684 481 3747 ὡς
513 3684 814 3759 νοούμενον
848 3686 934 3763 ὑφ’
988 3687 1202 3743 ἑαυτοῦ.
1262 3693 1321 3746 '0
1375 3686 1433 3744 δὶ
1484 3690 1618 3763 μετὰ
1670 3692 1762 3747 τὸν
1811 3692 1942 3766 ἀμέ-

304 3774 485 3827 θεκτον
519 3774 777 3846 μεθεκτὸς
835 3779 958 3836 νοῦς
1016 3775 1203 3831 ἑαυτόν
1249 3798 1308 3831 τε
1365 3779 1480 3851 ἅμα
1533 3785 1668 3847 νοεῖ,
1717 3779 1805 3835 καὶ
1853 3780 1943 3836 τὸν

302 3862 399 3935 πρὸ
426 3862 593 3917 αὐτοῦ
620 3866 771 3917 νοῦν.
836 3870 943 3926 Πᾶς
1002 3864 1105 3939 γὰρ
1151 3870 1278 3928 νοῦς
1326 3864 1361 3936 ἤ
1412 3866 1598 3923 ἑαυτὸν
1648 3875 1781 3937 νοεῖ,
1822 3867 1946 3939 ἤτὸ

305 3949 428 4023 ὑπὲρ
461 3952 675 4021 ἑαυτὸν,
705 3951 742 4020 ἤ
772 3952 835 4007 τὸ
885 3959 1002 4026 μεθ’
1044 3952 1254 4009 ἑαυτόν.
1308 3953 1465 4013 Ἀλλ’
1514 3956 1564 4011 εἷ’
1605 3958 1698 4031 μὲν
1730 3959 1792 4013 τὸ
1830 3960 1945 4031 μεθ’

301 4037 479 4093 ἑαυτὸν
529 4046 668 4107 νοεῖ,
728 4041 864 4096 κατὰ
921 4042 983 4096 τὸ
1040 4048 1229 4118 χεῖρον
1283 4042 1609 4122 ἐπιστρέφει.
1671 4045 1737 4103 Εἴ
1778 4044 1834 4102 δὲ
1882 4048 1945 4103 τὸ

298 4125 423 4203 ὑπὲρ
471 4129 661 4184 ἑαυτὸν
713 4135 847 4201 νοεῖ,
900 4129 944 4185 εί
994 4131 1088 4203 μὶν
1142 4128 1233 4186 διὰ
1271 4140 1370 4202 τῆς
1424 4133 1613 4190 ἑαυτοῦ
1669 4137 1942 4212 γνώσεως,

298 4214 478 4271 ἑαυτὸν
529 4218 643 4291 ἅμα
691 4219 907 4273 κάκεῖνο
964 4219 1248 4294 γνώσεται.
1325 4222 1391 4280 Εἰ
1454 4221 1511 4278 δὲ
1558 4224 1732 4280 ἐκεῖνο
1777 4226 1941 4298 μόνον

298 4304 477 4360 ἱαυτὸν
522 4306 780 4380 ἀγνοήσει
824 4312 950 4370 νοῦς
1003 4303 1098 4364 ὤν.
1153 4309 1329 4367 Ἀλλᾶ
1378 4312 1441 4367 τὸ
1484 4313 1589 4390 πρὸ
1636 4315 1827 4370 ἑαυτοῦ
1857 4337 1943 4391 γι-

296 4394 534 4463 νώσκων,
563 4396 830 4470 γνώσεται
876 4397 967 4452 καὶ
1020 4398 1227 4456 ἑαυτόν.
1275 4401 1457 4457 Ἔστιν
1503 4400 1607 4476 ἄρα
1651 4403 1740 4457 καὶ
1783 4402 1833 4458 ἄν
1864 4409 1945 4477 τῷ

2065 1909 2341 1982 ticipetur
2360 1911 2388 1965 Ἰ
2416 1910 2623 1966 Omnis
2642 1910 2796 1965 enim
2820 1907 3210 1980 intelligibilis
3236 1904 3634 1961 multitudinis
3656 1907 3714 1959 et

2068 1999 2466 2055 multitudinis
2499 1999 2786 2055 mentium
2819 1999 3096 2071 princeps
3126 2000 3212 2052 est
3243 2012 3409 2051 mens
3441 1994 3709 2067 quaedam

2065 2088 2289 2145 nullius
2310 2088 2521 2145 animae
2539 2088 2851 2161 particeps.
2878 2093 3067 2158 Atque
3089 2087 3210 2141 haec
3233 2085 3422 2157 prima
3436 2100 3602 2139 mens
3622 2086 3712 2137 est

2063 2184 2120 2234 et
2150 2178 2509 2234 nominatur.
2542 2182 2682 2234 Post
2712 2178 2863 2233 hanc
2880 2177 3104 2232 nullius
3126 2174 3473 2247 participem
3497 2172 3706 2228 animm

2062 2267 2326 2324 succedit
2345 2284 2514 2324 mens
2526 2284 2641 2322 non
2657 2268 2959 2322 mundana
2973 2264 3342 2338 quidem,sed
3358 2278 3712 2334 supramun-

2061 2358 2217 2412 dana
2245 2363 2300 2412 et
2347 2373 2381 2412 a
2429 2357 2650 2411 mundo
2701 2355 3068 2428 separabilis.
3113 2352 3332 2409 Deinde
3379 2351 3703 2418 mundana,

2062 2463 2220 2513 nam,
2254 2446 2579 2501 secundum
2612 2445 2942 2501 Graecorum
2974 2442 3348 2509 sententiam,
3380 2440 3506 2512 ipse
3526 2439 3702 2494 etiam

2062 2536 2322 2591 mundus
2353 2536 2551 2591 anima
2578 2551 2642 2590 ac
2674 2540 2870 2590 mente
2903 2533 3184 2605 praeditus
3229 2535 3336 2587 est.
3391 2531 3459 2585 Et
3508 2528 3705 2584 anima

2061 2624 2266 2680 mundi
2300 2641 2415 2680 non
2447 2624 2648 2680 statim
2680 2623 2941 2680 continet
2970 2621 3518 2693 supramundanam
3540 2632 3706 2673 men-

2057 2719 2198 2783 tem,
2222 2715 2324 2771 sed
2349 2713 2540 2786 primo
2560 2714 2946 2770 mundanam.
2970 2713 3123 2768 Ordo
3145 2706 3324 2783 igitur
3349 2713 3406 2765 et
3422 2723 3706 2765 numerus

2059 2805 2235 2874 atque
2268 2801 2508 2857 nomina
2536 2802 2622 2857 sic
2652 2819 2714 2858 se
2733 2801 2990 2857 habent:
3018 2816 3184 2856 mens
3205 2800 3373 2870 cujus
3394 2796 3560 2853 nulla
3575 2795 3705 2852 ani-

2059 2907 2158 2946 ma
2186 2907 2424 2961 compos
2456 2893 2512 2945 et
2541 2891 2833 2962 particeps
2864 2890 2985 2945 ﬁeri
3014 2893 3226 2960 potest,
3260 2893 3384 2942 tum
3420 2902 3588 2942 mens
3610 2901 3700 2940 su-

2059 2980 2472 3052 pramundana
2502 2995 2568 3033 ac
2600 2979 2851 3050 denique
2884 2979 3202 3033 mundana.

2555 3069 2645 3121 21.
2680 3070 2885 3123 lterum
2912 3067 2977 3122 de
3004 3071 3203 3122 mente.

2128 3157 2332 3212 Omnis
2364 3172 2531 3211 mens
2561 3155 2817 3227 seipsam
2849 3154 3143 3227 intelligit.
3180 3155 3289 3209 Sed
3318 3155 3506 3225 prima
3538 3169 3705 3208 mens

2059 3264 2181 3317 quae
2214 3263 2246 3301 a
2276 3244 2436 3300 nullo
2469 3244 2871 3317 participatur,
2897 3261 2958 3299 se
2985 3242 3260 3312 intelligit
3283 3240 3704 3312 solam.Neque

2060 3335 2213 3390 enim
2248 3335 2425 3389 habet
2456 3332 2677 3404 aliquid
2708 3349 2770 3389 se
2803 3334 2988 3405 prius,
3021 3331 3176 3403 quod
3213 3329 3521 3401 intelligat.
3571 3330 3705 3393 Quae

2058 3442 2189 3480 vero
2222 3429 2355 3496 post
2385 3426 2543 3489 sunt,
2571 3440 2686 3477 non
2720 3422 2957 3494 quidem
2989 3419 3355 3488 intellexerit,
3382 3419 3486 3474 sed
3520 3418 3696 3473 habet

2058 3531 2260 3569 eorum
2294 3512 2685 3585 cognitionem
2719 3512 2848 3567 sine
2893 3510 3303 3583 intelligentia,
3364 3525 3468 3581 per
3515 3524 3702 3581 genus

2057 3603 2447 3676 perceptionis
2470 3602 2626 3673 quod
2650 3600 3014 3673 intelligendi
3036 3605 3166 3655 actu
3184 3605 3284 3679 .est
3305 3598 3700 3671 praestantius.

2054 3696 2132 3748 Ac
2164 3709 2333 3748 mens
2363 3693 2498 3747 talis
2532 3690 2867 3746 intellectus
2899 3689 3079 3745 simul
3109 3694 3199 3744 est
3229 3694 3287 3745 et
3309 3687 3698 3757 intelligibile.

2058 3782 2395 3838 Intellectus
2419 3782 2678 3852 quidem,
2704 3784 2994 3853 quatenus
3017 3796 3079 3835 se
3100 3775 3703 3851 ipseintelligil,intel-

2056 3871 2281 3945 ligibile
2311 3888 2468 3941 vero,
2502 3874 2793 3943 quatenus
2845 3887 2879 3925 a
2920 3870 3115 3941 seipse
3165 3866 3537 3939 intelligitur.
3569 3868 3702 3932 Quae

2055 3960 2191 4016 hinc
2206 3965 2337 4033 post
2357 3959 2911 4033 imparticipabilem
2928 3964 3184 4014 mentem
3211 3972 3379 4011 mens
3401 3955 3708 4027 participa-

2055 4050 2192 4106 bilis
2213 4050 2756 4122 succedit,seipsam
2780 4047 2958 4105 simul
2984 4045 3257 4117 intelligit
3282 4050 3338 4101 et
3358 4044 3519 4099 illam
3546 4044 3704 4113 prio-

2056 4155 2177 4194 rem
2211 4156 2273 4194 se
2305 4139 2434 4210 ipsa
2463 4144 2741 4193 mentem.
2775 4136 2981 4193 Omnis
3014 4135 3172 4191 enim
3207 4149 3376 4190 mens
3405 4132 3493 4188 vel
3524 4130 3702 4186 intel-

2055 4227 2185 4299 ligit
2215 4228 2497 4299 seipsam,
2531 4226 2615 4282 vel
2649 4228 2803 4298 quod
2828 4243 3006 4297 supra
3037 4242 3119 4295 se,
3153 4225 3238 4279 vel
3273 4223 3429 4294 quod
3462 4222 3615 4276 infra
3637 4237 3703 4275 ac

2054 4320 2185 4388 post
2214 4333 2276 4371 se
2304 4320 2412 4371 est.
2445 4318 2513 4371 At
2544 4317 2780 4387 quando
2813 4315 2922 4370 hoc
2954 4315 3108 4387 quod
3142 4312 3297 4369 infra
3320 4327 3382 4368 se
3413 4313 3501 4366 est
3527 4308 3699 4365 intel-

2053 4404 2202 4477 ligit,
2217 4406 2287 4461 ad
2320 4403 2577 4459 deterius
2608 4420 2671 4459 se
2693 4403 2994 4459 convertit.
3029 4402 3273 4467 Quando
3303 4403 3502 4456 autem
3527 4398 3699 4455 intel-

296 4487 366 4555 νῷ
391 4486 614 4555 νοητὸν,
646 4484 738 4539 καὶ
770 4483 822 4539 ἐν
853 4491 931 4558 τῷ
976 4492 1162 4559 νοητῷ
1191 4493 1338 4559 νοῦς,
1369 4490 1460 4545 καὶ
1491 4492 1519 4546 6
1555 4491 1651 4565 μὶν
1682 4490 1943 4549 ὁλικώτε-

2064 4494 2180 4566 ligit
2203 4494 2257 4547 id
2282 4494 2436 4565 quod
2461 4509 2641 4574 supra
2661 4508 2723 4548 se
2743 4496 3036 4562 est,atque
3064 4506 3167 4562 per
3184 4489 3478 4563 suiipsius
3496 4487 3699 4561 cogni-

297 4591 401 4645 ρος,
433 4574 463 4627 6
496 4571 554 4628 δὲ
579 4572 970 4649 μερικώτερος.

2051 4583 2292 4648 tionem,
2324 4580 2579 4653 seipsam
2613 4579 2829 4652 pariter
2858 4584 2915 4635 et
2943 4578 3091 4635 illud
3123 4582 3463 4651 cognoscet:
3497 4578 3546 4633 si
3570 4593 3699 4633 vero

296 4661 433 4718 illud
467 4663 688 4736 solum,
721 4664 978 4737 seipsam
1009 4667 1305 4738 ignorabit
1336 4674 1590 4727 'nentem
1620 4688 1770 4728 esse.
1804 4672 1915 4728 Sed
1950 4672 2153 4743 utique
2184 4671 2326 4726 dum
2356 4670 2413 4725 id
2448 4669 2598 4740 quod
2633 4686 2696 4725 se
2726 4670 2891 4741 prius
2935 4675 3024 4724 est
3071 4668 3390 4739 cognoscit,
3451 4681 3697 4740 cognos-

297 4760 382 4806 cet
410 4753 586 4808 etiam
615 4770 680 4809 se
711 4753 922 4825 ipsam.
959 4755 1058 4810 Est
1088 4755 1269 4828 igitur
1296 4762 1354 4814 et
1383 4759 1442 4814 in
1477 4766 1669 4817 mente
1699 4760 2089 4833 intelligibile,
2123 4766 2181 4816 et
2208 4760 2269 4815 in
2300 4758 2649 4831 intelligibili
2681 4774 2849 4814 mens
2881 4759 3000 4813 sive
3033 4757 3368 4814 intellectus
3392 4756 3544 4813 alius
3562 4756 3694 4812 uni-

292 4840 588 4909 versalior,
622 4841 1037 4914 particularior
1058 4842 1235 4901 alius.

834 4947 943 5021 κβ’,
972 4948 1092 5003 ‘Eu
1123 4949 1246 5025 περῖ
1272 4956 1386 5009 νοῦ.

358 5034 471 5097 Πᾶς
509 5039 631 5097 νοῦς
660 5034 750 5089 καὶ
788 5042 887 5105 τῆν
942 5035 1128 5092 οὐσίαν
1158 5040 1248 5094 καὶ
1288 5043 1389 5111 τὴν
1442 5040 1670 5116 δύναμιν
1715 5043 1805 5098 καὶ
1831 5045 1929 5113 τὴν

292 5120 573 5196 ἐνέργειαν,
602 5124 804 5179 αἱώτια
857 5122 997 5200 ἔχει.
1043 5124 1187 5199 ’Ὀλη
1239 5150 1302 5205 γε
1331 5131 1443 5203 ἅμα
1474 5131 1617 5187 ἐστὶν
1676 5134 1711 5202 ἠ
1772 5133 1932 5188 οὐσία

295 5215 388 5264 τοῦ
428 5216 525 5265 νοῦ
554 5213 641 5269 καὶ
701 5210 827 5268 οὔτε
885 5212 1096 5285 αὔξεται
1148 5214 1270 5273 οὔτε
1328 5221 1695 5296 μεγεθύνεται,
1728 5219 1852 5277 οὐδὲ
1902 5222 1931 5276 ’ὀ

298 5301 532 5375 σήμερον
581 5300 697 5358 ἔστι
751 5302 884 5377 χθὶς
941 5302 1042 5358 οὐκ
1096 5307 1185 5373 ἧν.
1236 5308 1334 5362 Καὶ
1376 5310 1412 5379 ἡ
1444 5309 1630 5381 νόησις
1678 5309 1736 5366 δὲ
1766 5311 1931 5366 αὐτοῦ

292 5387 450 5460 ὁμοία
483 5388 591 5445 ἐστὶ
618 5393 690 5462 τῇ
732 5390 910 5463 οὐσίᾳ.
970 5390 1328 5469 ΙΙληρεστάτη
1381 5398 1482 5474 γὰρ
1532 5400 1622 5454 καὶ
1680 5398 1809 5471 ὅλη,
1840 5401 1931 5454 καὶ
1972 5402 1977 5407 ’

291 5476 427 5547 ὁμοῦ
458 5478 631 5533 πάντα
675 5484 811 5549 νοεῖ,
843 5479 933 5534 καὶ
966 5478 1088 5536 οὔτε
1113 5484 1177 5538 τὸ
1228 5485 1608 5561 παρεληλυθὸς
1655 5487 1774 5565 ὁρᾷ,
1810 5485 1933 5545 οὔτε

288 5564 349 5619 τὸ
373 5564 576 5637 μέλλον
604 5569 678 5631 ὡς
726 5566 985 5642 ἐσόμενον
1044 5569 1210 5642 οἶδεν,
1261 5573 1388 5631 ἀλλ’
1444 5576 1495 5632 ἰν
1555 5581 1634 5649 τῷ
1679 5575 1930 5633 ἐνεστῶτι

292 5653 460 5710 πάντα
489 5652 651 5729 οἶδεν,
702 5655 766 5713 οὐ
810 5657 1154 5733 κινούμενος,
1195 5662 1257 5719 οὔ
1306 5663 1787 5743 συλλογιζόμενος,
1819 5667 1931 5744 οὐχ

2545 4956 2636 5012 22.
2668 4958 2876 5010 lterum
2907 4954 3193 5011 demente.

2115 5047 2278 5101 Mens
2299 5044 2639 5113 essentiam,
2656 5045 2979 5116 potentiam
2994 5049 3051 5100 et
3063 5044 3462 5116 operationem
3477 5046 3694 5099 interna

2041 5135 2239 5191 habet.
2270 5133 2544 5192 Essentia
2565 5134 2782 5189 mentis
2812 5133 2991 5189 simul
3021 5140 3139 5190 tota
3168 5138 3278 5202 est,
3303 5149 3494 5204 neque
3517 5149 3693 5204 auge-

2040 5229 2139 5279 tur
2168 5240 2354 5295 neque
2377 5222 2436 5277 in
2461 5223 2743 5294 majorem
2770 5222 3240 5295 magnitudinem
3268 5221 3693 5294 crescit,neque

2042 5313 2196 5384 quod
2220 5312 2392 5368 hodie
2413 5316 2502 5367 est
2525 5311 2653 5366 heri
2676 5328 2790 5366 non
2814 5316 2960 5380 erat,
2993 5317 3050 5368 et
3096 5311 3415 5369 intellectio
3438 5313 3567 5383 ejus
3599 5328 3690 5366 es-

2040 5402 2231 5458 sentia
2261 5407 2351 5458 est
2379 5400 2611 5457 similis.
2636 5399 2986 5457 Plenissima
3007 5401 3165 5457 enim
3192 5405 3249 5457 et
3272 5405 3395 5457 tota
3414 5399 3692 5468 intelligit

2041 5497 2100 5546 et
2131 5508 2332 5548 omnes
2354 5507 2447 5547 res
2478 5489 2679 5558 simul,
2712 5493 2770 5545 et
2801 5506 2906 5546 nec
2929 5490 3219 5562 praeterita
3238 5495 3521 5563 tanquam
3549 5503 3688 5561 prai-

2038 5580 2232 5653 terita,
2260 5597 2449 5653 neque
2478 5578 2676 5635 futura
2707 5583 2989 5652 tanquam
3020 5580 3218 5637 futura
3237 5578 3557 5652 cognoscit,
3581 5574 3682 5631 sed

2042 5670 2240 5727 omnia
2268 5668 2549 5741 intelligit
2575 5672 2858 5740 tanquam
2890 5669 3201 5742 prasentia
3227 5686 3240 5725 :
3271 5685 3385 5724 non
3418 5669 3685 5720 movetur
