  <div class='ocr_page' id='page_1' title='image "/cluster/home/n/w/nwhite01/storage/ocr_20150623/122/hvd.32044073502460/366.png"; bbox 0 0 4042 6198; ppageno 0'>
   <div class='ocr_carea' id='block_1_1' title="bbox 274 329 376 388">
    <p class='ocr_par' dir='ltr' id='par_1_1' title="bbox 274 329 376 388">
     <span class='ocr_line' id='line_1_1' title="bbox 274 329 376 388; baseline -0.039 1"><span class='ocrx_word' id='word_1_1' title='bbox 274 329 376 388; x_wconf 77' lang='lat'>705</span> 
     </span>
    </p>
   </div>
   <div class='ocr_carea' id='block_1_2' title="bbox 1418 266 2477 385">
    <p class='ocr_par' dir='ltr' id='par_1_2' title="bbox 1418 266 2477 385">
     <span class='ocr_line' id='line_1_2' title="bbox 1418 266 2477 385; baseline -0.007 0"><span class='ocrx_word' id='word_1_2' title='bbox 1418 324 1522 385; x_wconf 77' lang='lat' dir='ltr'>ne</span> <span class='ocrx_word' id='word_1_3' title='bbox 1564 266 2006 385; x_wconf 67' lang='lat' dir='ltr'>cumnam</span> <span class='ocrx_word' id='word_1_4' title='bbox 2053 316 2477 378; x_wconf 75' lang='lat' dir='ltr'>DOCTRINA.</span> 
     </span>
    </p>
   </div>
   <div class='ocr_carea' id='block_1_3' title="bbox 3538 332 3658 394">
    <p class='ocr_par' dir='ltr' id='par_1_3' title="bbox 3538 332 3658 394">
     <span class='ocr_line' id='line_1_3' title="bbox 3538 332 3658 394; baseline 0.033 -4"><span class='ocrx_word' id='word_1_5' title='bbox 3538 332 3658 394; x_wconf 84' lang='lat'>706</span> 
     </span>
    </p>
   </div>
   <div class='ocr_carea' id='block_1_4' title="bbox 269 446 1891 533">
    <p class='ocr_par' dir='ltr' id='par_1_4' title="bbox 269 446 1891 527">
     <span class='ocr_line' id='line_1_4' title="bbox 269 446 1891 527; baseline -0.008 -15"><span class='ocrx_word' id='word_1_6' title='bbox 269 458 420 513; x_wconf 71' lang='grc' dir='ltr'>πάντα</span> <span class='ocrx_word' id='word_1_7' title='bbox 454 453 541 510; x_wconf 79' lang='grc' dir='ltr'>διὰ</span> <span class='ocrx_word' id='word_1_8' title='bbox 569 454 803 523; x_wconf 70' lang='grc' dir='ltr'>πάντων,</span> <span class='ocrx_word' id='word_1_9' title='bbox 831 455 923 509; x_wconf 84' lang='grc' dir='ltr'>καὶ</span> <span class='ocrx_word' id='word_1_10' title='bbox 969 454 1021 509; x_wconf 76' lang='grc' dir='ltr'>ἐν</span> <span class='ocrx_word' id='word_1_11' title='bbox 1074 454 1251 527; x_wconf 64' lang='grc' dir='ltr'>ἑαυτῷ</span> <span class='ocrx_word' id='word_1_12' title='bbox 1306 454 1447 509; x_wconf 76' lang='grc' dir='ltr'>ἐστιν</span> <span class='ocrx_word' id='word_1_13' title='bbox 1504 450 1756 508; x_wconf 66' lang='grc' dir='ltr'>ἓκασταν.</span> <span class='ocrx_word' id='word_1_14' title='bbox 1815 446 1891 502; x_wconf 70' lang='grc' dir='ltr'>Τᾶ</span> 
     </span>
    </p>
   </div>
   <div class='ocr_carea' id='block_1_5' title="bbox 2006 446 3656 533">
    <p class='ocr_par' dir='ltr' id='par_1_5' title="bbox 2011 446 3656 533">
     <span class='ocr_line' id='line_1_5' title="bbox 2011 446 3656 533; baseline 0.012 -32"><span class='ocrx_word' id='word_1_15' title='bbox 2011 446 2316 505; x_wconf 83' lang='lat' dir='ltr'>visionem.</span> <span class='ocrx_word' id='word_1_16' title='bbox 2347 450 2557 507; x_wconf 81' lang='lat' dir='ltr'><strong>Omnia</strong></span> <span class='ocrx_word' id='word_1_17' title='bbox 2589 451 2769 524; x_wconf 88' lang='lat' dir='ltr'>igitur</span> <span class='ocrx_word' id='word_1_18' title='bbox 2800 468 2903 524; x_wconf 90' lang='lat' dir='ltr'>per</span> <span class='ocrx_word' id='word_1_19' title='bbox 2948 455 3148 513; x_wconf 82' lang='lat' dir='ltr'><strong>omnia</strong></span> <span class='ocrx_word' id='word_1_20' title='bbox 3190 466 3514 533; x_wconf 76' lang='lat' dir='ltr'>permeant,</span> <span class='ocrx_word' id='word_1_21' title='bbox 3550 480 3656 520; x_wconf 90' lang='lat' dir='ltr'>nec</span> 
     </span>
    </p>
   </div>
   <div class='ocr_carea' id='block_1_6' title="bbox 274 532 1888 620">
    <p class='ocr_par' dir='ltr' id='par_1_6' title="bbox 274 532 1888 620">
     <span class='ocr_line' id='line_1_6' title="bbox 274 532 1888 620; baseline -0.007 -20"><span class='ocrx_word' id='word_1_22' title='bbox 274 548 353 620; x_wconf 72' lang='grc' dir='ltr'>μὲν</span> <span class='ocrx_word' id='word_1_23' title='bbox 408 545 644 618; x_wconf 81' lang='grc' dir='ltr'>σώματα,</span> <span class='ocrx_word' id='word_1_24' title='bbox 702 545 819 599; x_wconf 79' lang='grc' dir='ltr'>καθ’</span> <span class='ocrx_word' id='word_1_25' title='bbox 873 543 1036 598; x_wconf 68' lang='grc' dir='ltr'>δαυτά</span> <span class='ocrx_word' id='word_1_26' title='bbox 1084 543 1194 599; x_wconf 70' lang='grc' dir='ltr'>ἰστι</span> <span class='ocrx_word' id='word_1_27' title='bbox 1242 540 1489 614; x_wconf 70' lang='grc' dir='ltr'>ἕκαστον,</span> <span class='ocrx_word' id='word_1_28' title='bbox 1547 541 1638 596; x_wconf 81' lang='grc' dir='ltr'>καὶ</span> <span class='ocrx_word' id='word_1_29' title='bbox 1698 537 1760 593; x_wconf 80' lang='grc' dir='ltr'>οὐ</span> <span class='ocrx_word' id='word_1_30' title='bbox 1821 532 1888 589; x_wconf 84' lang='grc' dir='ltr'>δι’</span> 
     </span>
    </p>
   </div>
   <div class='ocr_carea' id='block_1_7' title="bbox 272 624 1892 711">
    <p class='ocr_par' dir='ltr' id='par_1_7' title="bbox 272 624 1892 711">
     <span class='ocr_line' id='line_1_7' title="bbox 272 624 1892 711; baseline -0.008 -20"><span class='ocrx_word' id='word_1_31' title='bbox 272 634 508 705; x_wconf 71' lang='grc' dir='ltr'>ἀλλήλων</span> <span class='ocrx_word' id='word_1_32' title='bbox 564 639 753 711; x_wconf 75' lang='grc' dir='ltr'>φοιτᾷν</span> <span class='ocrx_word' id='word_1_33' title='bbox 806 631 1024 688; x_wconf 68' lang='grc' dir='ltr'>δύναται</span> <span class='ocrx_word' id='word_1_34' title='bbox 1085 631 1174 688; x_wconf 74' lang='grc' dir='ltr'>διὰ</span> <span class='ocrx_word' id='word_1_35' title='bbox 1228 634 1326 703; x_wconf 73' lang='grc' dir='ltr'>τήν</span> <span class='ocrx_word' id='word_1_36' title='bbox 1390 630 1780 709; x_wconf 80' lang='grc' dir='ltr'>παγυμέρειαν.</span> <span class='ocrx_word' id='word_1_37' title='bbox 1813 624 1892 679; x_wconf 72' lang='grc' dir='ltr'>Τὰ</span> 
     </span>
    </p>
   </div>
   <div class='ocr_carea' id='block_1_8' title="bbox 271 711 1893 798">
    <p class='ocr_par' dir='ltr' id='par_1_8' title="bbox 271 711 1893 798">
     <span class='ocr_line' id='line_1_8' title="bbox 271 711 1893 798; baseline -0.007 -19"><span class='ocrx_word' id='word_1_38' title='bbox 271 723 319 779; x_wconf 68' lang='grc' dir='ltr'>δὲ</span> <span class='ocrx_word' id='word_1_39' title='bbox 363 724 613 796; x_wconf 62' lang='grc' dir='ltr'>ἀσώματα</span> <span class='ocrx_word' id='word_1_40' title='bbox 668 724 755 777; x_wconf 69' lang='grc' dir='ltr'><strong>καῖ</strong></span> <span class='ocrx_word' id='word_1_41' title='bbox 812 723 974 798; x_wconf 81' lang='grc' dir='ltr'>νοερά</span> <span class='ocrx_word' id='word_1_42' title='bbox 1026 720 1143 793; x_wconf 66' lang='grc' dir='ltr'>εἴδη</span> <span class='ocrx_word' id='word_1_43' title='bbox 1196 724 1348 788; x_wconf 69' lang='grc' dir='ltr'>ἐκτὸς</span> <span class='ocrx_word' id='word_1_44' title='bbox 1392 720 1711 797; x_wconf 67' lang='grc' dir='ltr'>παχύτητος</span> <span class='ocrx_word' id='word_1_45' title='bbox 1768 711 1893 769; x_wconf 77' lang='grc' dir='ltr'>ὄντα</span> 
     </span>
    </p>
   </div>
   <div class='ocr_carea' id='block_1_9' title="bbox 270 803 1892 888">
    <p class='ocr_par' dir='ltr' id='par_1_9' title="bbox 270 803 1892 888">
     <span class='ocr_line' id='line_1_9' title="bbox 270 803 1892 888; baseline -0.006 -21"><span class='ocrx_word' id='word_1_46' title='bbox 270 813 344 867; x_wconf 74' lang='grc' dir='ltr'>κ2ἶ</span> <span class='ocrx_word' id='word_1_47' title='bbox 422 811 697 886; x_wconf 74' lang='grc' dir='ltr'>μεγέθους,</span> <span class='ocrx_word' id='word_1_48' title='bbox 755 810 825 867; x_wconf 75' lang='grc' dir='ltr'>δι’</span> <span class='ocrx_word' id='word_1_49' title='bbox 884 810 1150 883; x_wconf 77' lang='grc' dir='ltr'>ἀλλήλων</span> <span class='ocrx_word' id='word_1_50' title='bbox 1238 817 1488 888; x_wconf 78' lang='grc' dir='ltr'>φοιτῶσι.</span> <span class='ocrx_word' id='word_1_51' title='bbox 1566 808 1662 863; x_wconf 77' lang='grc' dir='ltr'>Καὶ</span> <span class='ocrx_word' id='word_1_52' title='bbox 1738 803 1892 865; x_wconf 77' lang='grc' dir='ltr'>αὖθις</span> 
     </span>
    </p>
   </div>
   <div class='ocr_carea' id='block_1_10' title="bbox 269 896 1893 978">
    <p class='ocr_par' dir='ltr' id='par_1_10' title="bbox 269 896 1893 978">
     <span class='ocr_line' id='line_1_10' title="bbox 269 896 1893 978; baseline -0.007 -20"><span class='ocrx_word' id='word_1_53' title='bbox 269 901 520 978; x_wconf 58' lang='grc' dir='ltr'>ἀσᾶγχυτα</span> <span class='ocrx_word' id='word_1_54' title='bbox 583 902 851 975; x_wconf 81' lang='grc' dir='ltr'>μένουσιν.</span> <span class='ocrx_word' id='word_1_55' title='bbox 903 903 991 959; x_wconf 80' lang='grc' dir='ltr'>Ἐν</span> <span class='ocrx_word' id='word_1_56' title='bbox 1043 900 1319 973; x_wconf 71' lang='grc' dir='ltr'>ἀλλήλοις</span> <span class='ocrx_word' id='word_1_57' title='bbox 1374 905 1500 978; x_wconf 69' lang='grc' dir='ltr'>γοῦν</span> <span class='ocrx_word' id='word_1_58' title='bbox 1560 899 1661 954; x_wconf 78' lang='grc' dir='ltr'>εἶσι</span> <span class='ocrx_word' id='word_1_59' title='bbox 1720 896 1893 950; x_wconf 73' lang='grc' dir='ltr'>πάντα</span> 
     </span>
    </p>
   </div>
   <div class='ocr_carea' id='block_1_11' title="bbox 268 983 1890 1067">
    <p class='ocr_par' dir='ltr' id='par_1_11' title="bbox 268 983 1890 1067">
     <span class='ocr_line' id='line_1_11' title="bbox 268 983 1890 1067; baseline -0.006 -20"><span class='ocrx_word' id='word_1_60' title='bbox 268 993 323 1048; x_wconf 73' lang='grc' dir='ltr'>τὶ</span> <span class='ocrx_word' id='word_1_61' title='bbox 346 992 492 1065; x_wconf 70' lang='grc' dir='ltr'>νοερὰ</span> <span class='ocrx_word' id='word_1_62' title='bbox 534 989 655 1062; x_wconf 72' lang='grc' dir='ltr'>εἶ’δη</span> <span class='ocrx_word' id='word_1_63' title='bbox 706 992 1030 1064; x_wconf 74' lang='grc' dir='ltr'>ἡνωμένως,</span> <span class='ocrx_word' id='word_1_64' title='bbox 1063 991 1153 1045; x_wconf 84' lang='grc' dir='ltr'>καὶ</span> <span class='ocrx_word' id='word_1_65' title='bbox 1195 990 1373 1067; x_wconf 74' lang='grc' dir='ltr'>χωρὶς</span> <span class='ocrx_word' id='word_1_66' title='bbox 1425 987 1649 1045; x_wconf 71' lang='grc' dir='ltr'>’ἕκαστον</span> <span class='ocrx_word' id='word_1_67' title='bbox 1713 983 1890 1041; x_wconf 82' lang='grc' dir='ltr'>διακε-</span> 
     </span>
    </p>
   </div>
   <div class='ocr_carea' id='block_1_12' title="bbox 266 1075 1895 1155">
    <p class='ocr_par' dir='ltr' id='par_1_12' title="bbox 266 1075 1895 1155">
     <span class='ocr_line' id='line_1_12' title="bbox 266 1075 1895 1155; baseline -0.004 -21"><span class='ocrx_word' id='word_1_68' title='bbox 266 1077 577 1155; x_wconf 73' lang='grc' dir='ltr'>κριμμίνως,</span> <span class='ocrx_word' id='word_1_69' title='bbox 640 1079 822 1155; x_wconf 73' lang='grc' dir='ltr'>ὥσπερ</span> <span class='ocrx_word' id='word_1_70' title='bbox 899 1078 964 1150; x_wconf 74' lang='grc' dir='ltr'>δὴ</span> <span class='ocrx_word' id='word_1_71' title='bbox 1042 1079 1133 1134; x_wconf 78' lang='grc' dir='ltr'>καὶ</span> <span class='ocrx_word' id='word_1_72' title='bbox 1181 1081 1249 1134; x_wconf 76' lang='grc' dir='ltr'>τά</span> <span class='ocrx_word' id='word_1_73' title='bbox 1301 1081 1631 1155; x_wconf 78' lang='grc' dir='ltr'>θεωρήματα</span> <span class='ocrx_word' id='word_1_74' title='bbox 1687 1075 1738 1130; x_wconf 77' lang='grc' dir='ltr'>ἐν</span> <span class='ocrx_word' id='word_1_75' title='bbox 1795 1077 1895 1146; x_wconf 86' lang='grc' dir='ltr'>μιᾶ</span> 
     </span>
    </p>
   </div>
   <div class='ocr_carea' id='block_1_13' title="bbox 267 1172 421 1244">
    <p class='ocr_par' dir='ltr' id='par_1_13' title="bbox 267 1172 421 1244">
     <span class='ocr_line' id='line_1_13' title="bbox 267 1172 421 1244; baseline -0.006 0"><span class='ocrx_word' id='word_1_76' title='bbox 267 1172 421 1244; x_wconf 68' lang='grc' dir='ltr'>ψυχῆς</span> 
     </span>
    </p>
   </div>
   <div class='ocr_carea' id='block_1_14' title="bbox 855 1276 1271 1349">
    <p class='ocr_par' dir='ltr' id='par_1_14' title="bbox 855 1276 1271 1349">
     <span class='ocr_line' id='line_1_14' title="bbox 855 1276 1271 1349; baseline 0.002 -19"><span class='ocrx_word' id='word_1_77' title='bbox 855 1283 953 1339; x_wconf 66' lang='grc' dir='ltr'>κζ’.</span> <span class='ocrx_word' id='word_1_78' title='bbox 987 1276 1119 1349; x_wconf 82' lang='grc' dir='ltr'>Ηερὶ</span> <span class='ocrx_word' id='word_1_79' title='bbox 1150 1281 1244 1330; x_wconf 76' lang='grc' dir='ltr'>νοῦ</span> <span class='ocrx_word' id='word_1_80' title='bbox 1261 1319 1271 1331; x_wconf 95' lang='grc'>.</span> 
     </span>
    </p>
   </div>
   <div class='ocr_carea' id='block_1_15' title="bbox 326 1362 1895 1441">
    <p class='ocr_par' dir='ltr' id='par_1_15' title="bbox 326 1362 1895 1441">
     <span class='ocr_line' id='line_1_15' title="bbox 326 1362 1895 1441; baseline -0.002 -19"><span class='ocrx_word' id='word_1_81' title='bbox 326 1367 427 1430; x_wconf 77' lang='grc' dir='ltr'>Πᾶς</span> <span class='ocrx_word' id='word_1_82' title='bbox 451 1370 575 1430; x_wconf 79' lang='grc' dir='ltr'>νοῦς</span> <span class='ocrx_word' id='word_1_83' title='bbox 606 1363 831 1440; x_wconf 79' lang='grc' dir='ltr'>πλήρης</span> <span class='ocrx_word' id='word_1_84' title='bbox 857 1363 969 1420; x_wconf 80' lang='grc' dir='ltr'>ἐστὶ</span> <span class='ocrx_word' id='word_1_85' title='bbox 998 1369 1106 1420; x_wconf 91' lang='grc' dir='ltr'>τῶν</span> <span class='ocrx_word' id='word_1_86' title='bbox 1153 1366 1311 1420; x_wconf 84' lang='grc' dir='ltr'>θείων</span> <span class='ocrx_word' id='word_1_87' title='bbox 1357 1362 1542 1437; x_wconf 79' lang='grc' dir='ltr'>εἷ’δῶν,</span> <span class='ocrx_word' id='word_1_88' title='bbox 1573 1368 1713 1433; x_wconf 79' lang='grc' dir='ltr'>οἷον,</span> <span class='ocrx_word' id='word_1_89' title='bbox 1754 1366 1895 1441; x_wconf 83' lang='grc' dir='ltr'>ἀγα-</span> 
     </span>
    </p>
   </div>
   <div class='ocr_carea' id='block_1_16' title="bbox 266 1451 1892 1528">
    <p class='ocr_par' dir='ltr' id='par_1_16' title="bbox 266 1451 1892 1528">
     <span class='ocr_line' id='line_1_16' title="bbox 266 1451 1892 1528; baseline -0.001 -19"><span class='ocrx_word' id='word_1_90' title='bbox 266 1454 490 1525; x_wconf 80' lang='grc' dir='ltr'>θότητος,</span> <span class='ocrx_word' id='word_1_91' title='bbox 553 1455 863 1525; x_wconf 76' lang='grc' dir='ltr'>ὁσιότητος,</span> <span class='ocrx_word' id='word_1_92' title='bbox 915 1451 1284 1526; x_wconf 77' lang='grc' dir='ltr'>δικαιοσύνης,</span> <span class='ocrx_word' id='word_1_93' title='bbox 1313 1454 1667 1525; x_wconf 84' lang='grc' dir='ltr'>ταυτότητος,</span> <span class='ocrx_word' id='word_1_94' title='bbox 1702 1453 1892 1528; x_wconf 88' lang='grc' dir='ltr'>ὁμοιὸ-</span> 
     </span>
    </p>
   </div>
   <div class='ocr_carea' id='block_1_17' title="bbox 264 1541 1892 1620">
    <p class='ocr_par' dir='ltr' id='par_1_17' title="bbox 264 1541 1892 1620">
     <span class='ocr_line' id='line_1_17' title="bbox 264 1541 1892 1620; baseline -0.001 -22"><span class='ocrx_word' id='word_1_95' title='bbox 264 1565 407 1613; x_wconf 78' lang='grc' dir='ltr'>τηιος</span> <span class='ocrx_word' id='word_1_96' title='bbox 444 1542 533 1598; x_wconf 80' lang='grc' dir='ltr'>καὶ</span> <span class='ocrx_word' id='word_1_97' title='bbox 594 1547 704 1599; x_wconf 85' lang='grc' dir='ltr'>τῶν</span> <span class='ocrx_word' id='word_1_98' title='bbox 757 1543 990 1613; x_wconf 82' lang='grc' dir='ltr'>λοιπῶν,</span> <span class='ocrx_word' id='word_1_99' title='bbox 1023 1541 1149 1598; x_wconf 86' lang='grc' dir='ltr'>ἀλλ’</span> <span class='ocrx_word' id='word_1_100' title='bbox 1212 1544 1240 1598; x_wconf 90' lang='grc' dir='ltr'>ὁ</span> <span class='ocrx_word' id='word_1_101' title='bbox 1300 1544 1394 1617; x_wconf 73' lang='grc' dir='ltr'>μὶν</span> <span class='ocrx_word' id='word_1_102' title='bbox 1455 1543 1725 1620; x_wconf 84' lang='grc' dir='ltr'>θειότερος</span> <span class='ocrx_word' id='word_1_103' title='bbox 1773 1547 1892 1606; x_wconf 74' lang='grc' dir='ltr'>νοῦς</span> 
     </span>
    </p>
   </div>
   <div class='ocr_carea' id='block_1_18' title="bbox 266 1629 1894 1710">
    <p class='ocr_par' dir='ltr' id='par_1_18' title="bbox 266 1629 1894 1710">
     <span class='ocr_line' id='line_1_18' title="bbox 266 1629 1894 1710; baseline -0.001 -21"><span class='ocrx_word' id='word_1_104' title='bbox 266 1631 588 1708; x_wconf 74' lang='grc' dir='ltr'>ὁλικωτέρων</span> <span class='ocrx_word' id='word_1_105' title='bbox 651 1631 762 1687; x_wconf 77' lang='grc' dir='ltr'>ἐστὶ</span> <span class='ocrx_word' id='word_1_106' title='bbox 816 1633 1154 1710; x_wconf 84' lang='grc' dir='ltr'>περιεκτικὸς</span> <span class='ocrx_word' id='word_1_107' title='bbox 1212 1629 1397 1700; x_wconf 72' lang='grc' dir='ltr'>εἰδῶν,</span> <span class='ocrx_word' id='word_1_108' title='bbox 1446 1634 1474 1687; x_wconf 97' lang='lat'>6</span> <span class='ocrx_word' id='word_1_109' title='bbox 1533 1631 1590 1687; x_wconf 67' lang='grc' dir='ltr'><strong>δί</strong></span> <span class='ocrx_word' id='word_1_110' title='bbox 1644 1633 1894 1688; x_wconf 82' lang='grc' dir='ltr'>ταπεινό-</span> 
     </span>
    </p>
   </div>
   <div class='ocr_carea' id='block_1_19' title="bbox 265 1720 1895 1798">
    <p class='ocr_par' dir='ltr' id='par_1_19' title="bbox 265 1720 1895 1798">
     <span class='ocr_line' id='line_1_19' title="bbox 265 1720 1895 1798; baseline -0.001 -21"><span class='ocrx_word' id='word_1_111' title='bbox 265 1743 400 1797; x_wconf 72' lang='grc' dir='ltr'>τερος</span> <span class='ocrx_word' id='word_1_112' title='bbox 434 1722 816 1798; x_wconf 80' lang='grc' dir='ltr'>μερικωτέρων</span> <span class='ocrx_word' id='word_1_113' title='bbox 843 1742 854 1754; x_wconf 93' lang='grc'><strong>·</strong></span> <span class='ocrx_word' id='word_1_114' title='bbox 890 1723 941 1775; x_wconf 66' lang='grc' dir='ltr'>οἱ</span> <span class='ocrx_word' id='word_1_115' title='bbox 998 1722 1092 1794; x_wconf 80' lang='grc' dir='ltr'>μὶν</span> <span class='ocrx_word' id='word_1_116' title='bbox 1137 1723 1237 1797; x_wconf 73' lang='grc' dir='ltr'>γὰρ</span> <span class='ocrx_word' id='word_1_117' title='bbox 1285 1722 1541 1796; x_wconf 75' lang='grc' dir='ltr'>ἀνωτέρω</span> <span class='ocrx_word' id='word_1_118' title='bbox 1592 1720 1760 1785; x_wconf 77' lang='grc' dir='ltr'>θείαις</span> <span class='ocrx_word' id='word_1_119' title='bbox 1809 1720 1895 1777; x_wconf 78' lang='grc' dir='ltr'>δυο</span> 
     </span>
    </p>
   </div>
   <div class='ocr_carea' id='block_1_20' title="bbox 2002 536 3655 621">
    <p class='ocr_par' dir='ltr' id='par_1_20' title="bbox 2002 536 3655 621">
     <span class='ocr_line' id='line_1_20' title="bbox 2002 536 3655 621; baseline 0.011 -31"><span class='ocrx_word' id='word_1_120' title='bbox 2002 536 2200 593; x_wconf 90' lang='lat' dir='ltr'>minus</span> <span class='ocrx_word' id='word_1_121' title='bbox 2235 542 2700 613; x_wconf 89' lang='lat' dir='ltr'>unumquodque</span> <span class='ocrx_word' id='word_1_122' title='bbox 2724 546 2814 597; x_wconf 91' lang='lat' dir='ltr'>est</span> <span class='ocrx_word' id='word_1_123' title='bbox 2847 560 2950 614; x_wconf 89' lang='lat' dir='ltr'>per</span> <span class='ocrx_word' id='word_1_124' title='bbox 2972 549 3133 600; x_wconf 77' lang='lat' dir='ltr'>se.At</span> <span class='ocrx_word' id='word_1_125' title='bbox 3162 546 3318 603; x_wconf 90' lang='lat' dir='ltr'>enim</span> <span class='ocrx_word' id='word_1_126' title='bbox 3343 566 3655 621; x_wconf 83' lang='lat' dir='ltr'>corporum</span> 
     </span>
    </p>
   </div>
   <div class='ocr_carea' id='block_1_21' title="bbox 2000 624 3655 708">
    <p class='ocr_par' dir='ltr' id='par_1_21' title="bbox 2000 624 3655 708">
     <span class='ocr_line' id='line_1_21' title="bbox 2000 624 3655 708; baseline 0.013 -30"><span class='ocrx_word' id='word_1_127' title='bbox 2000 624 2296 695; x_wconf 79' lang='lat' dir='ltr'>quodlibet</span> <span class='ocrx_word' id='word_1_128' title='bbox 2331 644 2432 700; x_wconf 90' lang='lat' dir='ltr'>per</span> <span class='ocrx_word' id='word_1_129' title='bbox 2464 646 2525 684; x_wconf 91' lang='lat' dir='ltr'>se</span> <span class='ocrx_word' id='word_1_130' title='bbox 2556 636 2668 697; x_wconf 91' lang='lat' dir='ltr'>est,</span> <span class='ocrx_word' id='word_1_131' title='bbox 2703 648 2806 689; x_wconf 91' lang='lat' dir='ltr'>nec</span> <span class='ocrx_word' id='word_1_132' title='bbox 2854 651 2960 705; x_wconf 91' lang='lat' dir='ltr'>per</span> <span class='ocrx_word' id='word_1_133' title='bbox 3005 636 3119 691; x_wconf 88' lang='lat' dir='ltr'>alia</span> <span class='ocrx_word' id='word_1_134' title='bbox 3169 642 3363 708; x_wconf 85' lang='lat' dir='ltr'>potest</span> <span class='ocrx_word' id='word_1_135' title='bbox 3395 640 3466 696; x_wconf 91' lang='lat' dir='ltr'>ob</span> <span class='ocrx_word' id='word_1_136' title='bbox 3499 658 3655 699; x_wconf 86' lang='lat' dir='ltr'>cras-</span> 
     </span>
    </p>
   </div>
   <div class='ocr_carea' id='block_1_22' title="bbox 2003 713 3657 797">
    <p class='ocr_par' dir='ltr' id='par_1_22' title="bbox 2003 713 3657 797">
     <span class='ocr_line' id='line_1_22' title="bbox 2003 713 3657 797; baseline 0.012 -30"><span class='ocrx_word' id='word_1_137' title='bbox 2003 713 2193 770; x_wconf 82' lang='lat' dir='ltr'>sitiem</span> <span class='ocrx_word' id='word_1_138' title='bbox 2227 732 2547 787; x_wconf 89' lang='lat' dir='ltr'>permeare.</span> <span class='ocrx_word' id='word_1_139' title='bbox 2585 720 2626 774; x_wconf 88' lang='lat' dir='ltr'><strong>E</strong></span> <span class='ocrx_word' id='word_1_140' title='bbox 2655 721 2946 778; x_wconf 87' lang='lat' dir='ltr'>contrario</span> <span class='ocrx_word' id='word_1_141' title='bbox 2976 722 3368 797; x_wconf 90' lang='lat' dir='ltr'>incorporalia</span> <span class='ocrx_word' id='word_1_142' title='bbox 3397 734 3454 785; x_wconf 92' lang='lat' dir='ltr'>et</span> <span class='ocrx_word' id='word_1_143' title='bbox 3484 731 3657 786; x_wconf 89' lang='lat' dir='ltr'>intel-</span> 
     </span>
    </p>
   </div>
   <div class='ocr_carea' id='block_1_23' title="bbox 2001 803 3655 892">
    <p class='ocr_par' dir='ltr' id='par_1_23' title="bbox 2001 803 3655 892">
     <span class='ocr_line' id='line_1_23' title="bbox 2001 803 3655 892; baseline 0.011 -35"><span class='ocrx_word' id='word_1_144' title='bbox 2001 803 2247 877; x_wconf 79' lang='lat' dir='ltr'>ligibitia</span> <span class='ocrx_word' id='word_1_145' title='bbox 2279 810 2480 879; x_wconf 87' lang='lat' dir='ltr'>utpote</span> <span class='ocrx_word' id='word_1_146' title='bbox 2510 809 2799 866; x_wconf 90' lang='lat' dir='ltr'>crassitiei</span> <span class='ocrx_word' id='word_1_147' title='bbox 2824 817 2880 866; x_wconf 83' lang='lat' dir='ltr'>et</span> <span class='ocrx_word' id='word_1_148' title='bbox 2910 814 3339 885; x_wconf 82' lang='lat' dir='ltr'>magnitudinis</span> <span class='ocrx_word' id='word_1_149' title='bbox 3370 820 3655 892; x_wconf 84' lang='lat' dir='ltr'>expertia,</span> 
     </span>
    </p>
   </div>
   <div class='ocr_carea' id='block_1_24' title="bbox 2004 893 3659 982">
    <p class='ocr_par' dir='ltr' id='par_1_24' title="bbox 2004 893 3659 982">
     <span class='ocr_line' id='line_1_24' title="bbox 2004 893 3659 982; baseline 0.011 -35"><span class='ocrx_word' id='word_1_150' title='bbox 2004 893 2249 950; x_wconf 83' lang='lat' dir='ltr'>invicem</span> <span class='ocrx_word' id='word_1_151' title='bbox 2281 912 2343 951; x_wconf 92' lang='lat' dir='ltr'>se</span> <span class='ocrx_word' id='word_1_152' title='bbox 2372 905 2773 969; x_wconf 84' lang='lat' dir='ltr'>permeant,ac</span> <span class='ocrx_word' id='word_1_153' title='bbox 2797 900 3182 961; x_wconf 82' lang='lat' dir='ltr'>nihilominus</span> <span class='ocrx_word' id='word_1_154' title='bbox 3213 905 3524 965; x_wconf 80' lang='lat' dir='ltr'>inconfusa</span> <span class='ocrx_word' id='word_1_155' title='bbox 3557 928 3659 982; x_wconf 86' lang='lat' dir='ltr'>per</span> 
     </span>
    </p>
   </div>
   <div class='ocr_carea' id='block_1_25' title="bbox 2004 984 3655 1067">
    <p class='ocr_par' dir='ltr' id='par_1_25' title="bbox 2004 984 3655 1067">
     <span class='ocr_line' id='line_1_25' title="bbox 2004 984 3655 1067; baseline 0.01 -30"><span class='ocrx_word' id='word_1_156' title='bbox 2004 984 2491 1041; x_wconf 89' lang='lat' dir='ltr'>manent.0mnes</span> <span class='ocrx_word' id='word_1_157' title='bbox 2522 987 2702 1059; x_wconf 82' lang='lat' dir='ltr'>igitur</span> <span class='ocrx_word' id='word_1_158' title='bbox 2734 990 2958 1061; x_wconf 78' lang='lat' dir='ltr'>species</span> <span class='ocrx_word' id='word_1_159' title='bbox 2991 993 3394 1067; x_wconf 87' lang='lat' dir='ltr'>intelligibiles</span> <span class='ocrx_word' id='word_1_160' title='bbox 3425 997 3539 1053; x_wconf 84' lang='lat' dir='ltr'>sibi</span> <span class='ocrx_word' id='word_1_161' title='bbox 3567 1000 3655 1054; x_wconf 88' lang='lat' dir='ltr'>in-</span> 
     </span>
    </p>
   </div>
   <div class='ocr_carea' id='block_1_26' title="bbox 2002 1072 3657 1160">
    <p class='ocr_par' dir='ltr' id='par_1_26' title="bbox 2002 1072 3657 1160">
     <span class='ocr_line' id='line_1_26' title="bbox 2002 1072 3657 1160; baseline 0.011 -34"><span class='ocrx_word' id='word_1_162' title='bbox 2002 1072 2185 1129; x_wconf 89' lang='lat' dir='ltr'>vicem</span> <span class='ocrx_word' id='word_1_163' title='bbox 2218 1072 2423 1130; x_wconf 87' lang='lat' dir='ltr'>insunt</span> <span class='ocrx_word' id='word_1_164' title='bbox 2450 1082 2625 1149; x_wconf 89' lang='lat' dir='ltr'>atque</span> <span class='ocrx_word' id='word_1_165' title='bbox 2658 1080 2823 1135; x_wconf 80' lang='lat' dir='ltr'>unita</span> <span class='ocrx_word' id='word_1_166' title='bbox 2852 1086 3128 1149; x_wconf 89' lang='lat' dir='ltr'>sunt,nec</span> <span class='ocrx_word' id='word_1_167' title='bbox 3163 1085 3360 1141; x_wconf 88' lang='lat' dir='ltr'>minus</span> <span class='ocrx_word' id='word_1_168' title='bbox 3384 1094 3657 1160; x_wconf 80' lang='lat' dir='ltr'>separata</span> 
     </span>
    </p>
   </div>
   <div class='ocr_carea' id='block_1_27' title="bbox 2004 1163 3529 1247">
    <p class='ocr_par' dir='ltr' id='par_1_27' title="bbox 2004 1163 3529 1247">
     <span class='ocr_line' id='line_1_27' title="bbox 2004 1163 3529 1247; baseline 0.012 -32"><span class='ocrx_word' id='word_1_169' title='bbox 2004 1165 2145 1217; x_wconf 89' lang='lat' dir='ltr'>sunt</span> <span class='ocrx_word' id='word_1_170' title='bbox 2173 1178 2236 1218; x_wconf 87' lang='lat' dir='ltr'>ac</span> <span class='ocrx_word' id='word_1_171' title='bbox 2269 1163 2585 1235; x_wconf 85' lang='lat' dir='ltr'>disjuncta,</span> <span class='ocrx_word' id='word_1_172' title='bbox 2620 1167 2774 1224; x_wconf 88' lang='lat' dir='ltr'>sicut</span> <span class='ocrx_word' id='word_1_173' title='bbox 2805 1168 2862 1224; x_wconf 90' lang='lat' dir='ltr'>in</span> <span class='ocrx_word' id='word_1_174' title='bbox 2895 1170 3095 1229; x_wconf 89' lang='lat' dir='ltr'>anima</span> <span class='ocrx_word' id='word_1_175' title='bbox 3125 1174 3529 1247; x_wconf 82' lang='lat' dir='ltr'>cogitationes.</span> 
     </span>
    </p>
   </div>
   <div class='ocr_carea' id='block_1_28' title="bbox 2516 1274 3150 1336">
    <p class='ocr_par' dir='ltr' id='par_1_28' title="bbox 2516 1274 3150 1336">
     <span class='ocr_line' id='line_1_28' title="bbox 2516 1274 3150 1336; baseline 0.014 -9"><span class='ocrx_word' id='word_1_176' title='bbox 2516 1274 2607 1329; x_wconf 86' lang='lat'>26.</span> <span class='ocrx_word' id='word_1_177' title='bbox 2638 1276 2824 1332; x_wconf 79' lang='lat' dir='ltr'>Adhuc</span> <span class='ocrx_word' id='word_1_178' title='bbox 2847 1280 2915 1335; x_wconf 79' lang='lat' dir='ltr'>de</span> <span class='ocrx_word' id='word_1_179' title='bbox 2950 1289 3150 1336; x_wconf 77' lang='lat' dir='ltr'>mente.</span> 
     </span>
    </p>
   </div>
   <div class='ocr_carea' id='block_1_29' title="bbox 2075 1356 3654 1443">
    <p class='ocr_par' dir='ltr' id='par_1_29' title="bbox 2075 1356 3654 1443">
     <span class='ocr_line' id='line_1_29' title="bbox 2075 1356 3654 1443; baseline 0.013 -32"><span class='ocrx_word' id='word_1_180' title='bbox 2075 1356 2281 1415; x_wconf 88' lang='lat' dir='ltr'>Omnis</span> <span class='ocrx_word' id='word_1_181' title='bbox 2315 1376 2481 1417; x_wconf 92' lang='lat' dir='ltr'>mens</span> <span class='ocrx_word' id='word_1_182' title='bbox 2510 1364 2727 1421; x_wconf 89' lang='lat' dir='ltr'>divinis</span> <span class='ocrx_word' id='word_1_183' title='bbox 2758 1366 2933 1438; x_wconf 87' lang='lat' dir='ltr'>plena</span> <span class='ocrx_word' id='word_1_184' title='bbox 2964 1374 3053 1425; x_wconf 87' lang='lat' dir='ltr'>est</span> <span class='ocrx_word' id='word_1_185' title='bbox 3078 1371 3321 1441; x_wconf 88' lang='lat' dir='ltr'>ideis,ut</span> <span class='ocrx_word' id='word_1_186' title='bbox 3349 1373 3654 1443; x_wconf 85' lang='lat' dir='ltr'>bonitatis,</span> 
     </span>
    </p>
   </div>
   <div class='ocr_carea' id='block_1_30' title="bbox 2004 1448 3658 1527">
    <p class='ocr_par' dir='ltr' id='par_1_30' title="bbox 2004 1448 3658 1527">
     <span class='ocr_line' id='line_1_30' title="bbox 2004 1448 3658 1527; baseline 0.011 -25"><span class='ocrx_word' id='word_1_187' title='bbox 2004 1448 2354 1517; x_wconf 85' lang='lat' dir='ltr'>sanctitatis,</span> <span class='ocrx_word' id='word_1_188' title='bbox 2379 1452 2651 1524; x_wconf 64' lang='lat' dir='ltr'>justitiaa,</span> <span class='ocrx_word' id='word_1_189' title='bbox 2683 1455 3028 1527; x_wconf 82' lang='lat' dir='ltr'>identitatis,</span> <span class='ocrx_word' id='word_1_190' title='bbox 3060 1460 3469 1521; x_wconf 81' lang='lat' dir='ltr'>similitudinis</span> <span class='ocrx_word' id='word_1_191' title='bbox 3493 1470 3658 1520; x_wconf 83' lang='lat' dir='ltr'>caete-</span> 
     </span>
    </p>
   </div>
   <div class='ocr_carea' id='block_1_31' title="bbox 2005 1535 3652 1618">
    <p class='ocr_par' dir='ltr' id='par_1_31' title="bbox 2005 1535 3652 1618">
     <span class='ocr_line' id='line_1_31' title="bbox 2005 1535 3652 1618; baseline 0.012 -29"><span class='ocrx_word' id='word_1_192' title='bbox 2005 1535 2205 1607; x_wconf 89' lang='lat' dir='ltr'>risque</span> <span class='ocrx_word' id='word_1_193' title='bbox 2234 1554 2246 1593; x_wconf 93' lang='lat'>:</span> <span class='ocrx_word' id='word_1_194' title='bbox 2281 1546 2341 1593; x_wconf 90' lang='lat' dir='ltr'>at</span> <span class='ocrx_word' id='word_1_195' title='bbox 2370 1540 2621 1597; x_wconf 72' lang='lat' dir='ltr'>divinior</span> <span class='ocrx_word' id='word_1_196' title='bbox 2664 1561 2831 1602; x_wconf 80' lang='lat' dir='ltr'>mens</span> <span class='ocrx_word' id='word_1_197' title='bbox 2881 1547 3227 1618; x_wconf 77' lang='lat' dir='ltr'>integriores</span> <span class='ocrx_word' id='word_1_198' title='bbox 3274 1551 3436 1608; x_wconf 88' lang='lat' dir='ltr'>ideas</span> <span class='ocrx_word' id='word_1_199' title='bbox 3466 1555 3652 1609; x_wconf 89' lang='lat' dir='ltr'>conti-</span> 
     </span>
    </p>
   </div>
   <div class='ocr_carea' id='block_1_32' title="bbox 2008 1626 3653 1707">
    <p class='ocr_par' dir='ltr' id='par_1_32' title="bbox 2008 1626 3653 1707">
     <span class='ocr_line' id='line_1_32' title="bbox 2008 1626 3653 1707; baseline 0.012 -28"><span class='ocrx_word' id='word_1_200' title='bbox 2008 1633 2124 1694; x_wconf 86' lang='lat' dir='ltr'>net,</span> <span class='ocrx_word' id='word_1_201' title='bbox 2154 1626 2415 1683; x_wconf 88' lang='lat' dir='ltr'>vicissim</span> <span class='ocrx_word' id='word_1_202' title='bbox 2450 1647 2565 1702; x_wconf 92' lang='lat' dir='ltr'>quo</span> <span class='ocrx_word' id='word_1_203' title='bbox 2598 1632 2837 1690; x_wconf 80' lang='lat' dir='ltr'>inferior</span> <span class='ocrx_word' id='word_1_204' title='bbox 2867 1642 2975 1707; x_wconf 91' lang='lat' dir='ltr'>est,</span> <span class='ocrx_word' id='word_1_205' title='bbox 3008 1653 3075 1693; x_wconf 91' lang='lat' dir='ltr'>eo</span> <span class='ocrx_word' id='word_1_206' title='bbox 3107 1639 3366 1697; x_wconf 89' lang='lat' dir='ltr'>minores</span> <span class='ocrx_word' id='word_1_207' title='bbox 3414 1640 3653 1698; x_wconf 88' lang='lat' dir='ltr'>illarum</span> 
     </span>
    </p>
   </div>
   <div class='ocr_carea' id='block_1_33' title="bbox 2005 1718 3656 1796">
    <p class='ocr_par' dir='ltr' id='par_1_33' title="bbox 2005 1718 3656 1796">
     <span class='ocr_line' id='line_1_33' title="bbox 2005 1718 3656 1796; baseline 0.012 -29"><span class='ocrx_word' id='word_1_208' title='bbox 2005 1728 2217 1785; x_wconf 80' lang='lat' dir='ltr'>partes.</span> <span class='ocrx_word' id='word_1_209' title='bbox 2243 1718 2587 1789; x_wconf 78' lang='lat' dir='ltr'>Superiores</span> <span class='ocrx_word' id='word_1_210' title='bbox 2619 1723 2774 1777; x_wconf 91' lang='lat' dir='ltr'>enim</span> <span class='ocrx_word' id='word_1_211' title='bbox 2810 1727 3133 1796; x_wconf 83' lang='lat' dir='ltr'>majoribus</span> <span class='ocrx_word' id='word_1_212' title='bbox 3166 1728 3379 1784; x_wconf 83' lang='lat' dir='ltr'>divinis</span> <span class='ocrx_word' id='word_1_213' title='bbox 3411 1730 3656 1786; x_wconf 86' lang='lat' dir='ltr'>faculta-</span> 
     </span>
    </p>
   </div>
   <div class='ocr_carea' id='block_1_34' title="bbox 268 1803 1891 1886">
    <p class='ocr_par' dir='ltr' id='par_1_34' title="bbox 268 1807 1891 1886">
     <span class='ocr_line' id='line_1_34' title="bbox 268 1807 1891 1886; baseline 0.001 -22"><span class='ocrx_word' id='word_1_214' title='bbox 268 1813 436 1884; x_wconf 64' lang='grc' dir='ltr'>νάμασι</span> <span class='ocrx_word' id='word_1_215' title='bbox 491 1815 739 1886; x_wconf 87' lang='grc' dir='ltr'>χρῶνται</span> <span class='ocrx_word' id='word_1_216' title='bbox 795 1810 1135 1884; x_wconf 84' lang='grc' dir='ltr'>μείζοσιν,οἰ</span> <span class='ocrx_word' id='word_1_217' title='bbox 1177 1807 1235 1864; x_wconf 72' lang='grc' dir='ltr'>δὲ</span> <span class='ocrx_word' id='word_1_218' title='bbox 1271 1811 1569 1885; x_wconf 79' lang='grc' dir='ltr'>κατώτιροι</span> <span class='ocrx_word' id='word_1_219' title='bbox 1617 1810 1891 1881; x_wconf 83' lang='grc' dir='ltr'>πληθυνό-</span> 
     </span>
    </p>
   </div>
   <div class='ocr_carea' id='block_1_35' title="bbox 2006 1803 3658 1886">
    <p class='ocr_par' dir='ltr' id='par_1_35' title="bbox 2007 1803 3658 1878">
     <span class='ocr_line' id='line_1_35' title="bbox 2007 1803 3658 1878; baseline 0.011 -21"><span class='ocrx_word' id='word_1_220' title='bbox 2007 1803 2166 1860; x_wconf 84' lang='lat' dir='ltr'>tibus</span> <span class='ocrx_word' id='word_1_221' title='bbox 2196 1813 2462 1878; x_wconf 91' lang='lat' dir='ltr'>utuntur,</span> <span class='ocrx_word' id='word_1_222' title='bbox 2495 1810 2800 1867; x_wconf 82' lang='lat' dir='ltr'>inferiores</span> <span class='ocrx_word' id='word_1_223' title='bbox 2834 1830 2963 1869; x_wconf 91' lang='lat' dir='ltr'>vero</span> <span class='ocrx_word' id='word_1_224' title='bbox 2996 1823 3223 1872; x_wconf 88' lang='lat' dir='ltr'>mentes</span> <span class='ocrx_word' id='word_1_225' title='bbox 3283 1819 3423 1873; x_wconf 92' lang='lat' dir='ltr'>dum</span> <span class='ocrx_word' id='word_1_226' title='bbox 3452 1820 3658 1874; x_wconf 88' lang='lat' dir='ltr'>multi-</span> 
     </span>
    </p>
   </div>
   <div class='ocr_carea' id='block_1_36' title="bbox 269 1896 1889 1975">
    <p class='ocr_par' dir='ltr' id='par_1_36' title="bbox 269 1896 1889 1975">
     <span class='ocr_line' id='line_1_36' title="bbox 269 1896 1889 1975; baseline 0.001 -20"><span class='ocrx_word' id='word_1_227' title='bbox 269 1921 420 1972; x_wconf 80' lang='grc' dir='ltr'>μενοι,</span> <span class='ocrx_word' id='word_1_228' title='bbox 463 1899 680 1974; x_wconf 69' lang='grc' dir='ltr'>μᾶλλον</span> <span class='ocrx_word' id='word_1_229' title='bbox 739 1898 1025 1955; x_wconf 75' lang='grc' dir='ltr'>ἐλαττοῦσι</span> <span class='ocrx_word' id='word_1_230' title='bbox 1082 1899 1177 1962; x_wconf 74' lang='grc' dir='ltr'>τὰς</span> <span class='ocrx_word' id='word_1_231' title='bbox 1233 1896 1510 1974; x_wconf 82' lang='grc' dir='ltr'>δννάμεις,</span> <span class='ocrx_word' id='word_1_232' title='bbox 1562 1899 1621 1962; x_wconf 77' lang='grc' dir='ltr'>ἃς</span> <span class='ocrx_word' id='word_1_233' title='bbox 1672 1898 1889 1975; x_wconf 80' lang='grc' dir='ltr'>ἔχουσι.</span> 
     </span>
    </p>
   </div>
   <div class='ocr_carea' id='block_1_37' title="bbox 264 1987 1892 2066">
    <p class='ocr_par' dir='ltr' id='par_1_37' title="bbox 264 1987 1892 2066">
     <span class='ocr_line' id='line_1_37' title="bbox 264 1987 1892 2066; baseline -0.001 -21"><span class='ocrx_word' id='word_1_234' title='bbox 264 1990 330 2045; x_wconf 75' lang='grc' dir='ltr'>Τὰ</span> <span class='ocrx_word' id='word_1_235' title='bbox 376 1989 472 2066; x_wconf 76' lang='grc' dir='ltr'>γὰρ</span> <span class='ocrx_word' id='word_1_236' title='bbox 526 1994 610 2061; x_wconf 78' lang='grc' dir='ltr'>τῷ</span> <span class='ocrx_word' id='word_1_237' title='bbox 668 1989 744 2043; x_wconf 70' lang='grc' dir='ltr'>ἑνὶ</span> <span class='ocrx_word' id='word_1_238' title='bbox 807 1990 1193 2065; x_wconf 81' lang='grc' dir='ltr'>συγγενέα-τερα</span> <span class='ocrx_word' id='word_1_239' title='bbox 1248 1987 1573 2063; x_wconf 81' lang='grc' dir='ltr'>ἐλαττότερα</span> <span class='ocrx_word' id='word_1_240' title='bbox 1633 1990 1729 2063; x_wconf 79' lang='grc' dir='ltr'>μέν</span> <span class='ocrx_word' id='word_1_241' title='bbox 1788 1988 1892 2044; x_wconf 66' lang='grc' dir='ltr'>εἶσι</span> 
     </span>
    </p>
   </div>
   <div class='ocr_carea' id='block_1_38' title="bbox 262 2076 1891 2156">
    <p class='ocr_par' dir='ltr' id='par_1_38' title="bbox 262 2076 1891 2156">
     <span class='ocr_line' id='line_1_38' title="bbox 262 2076 1891 2156; baseline 0.002 -25"><span class='ocrx_word' id='word_1_242' title='bbox 262 2077 328 2149; x_wconf 79' lang='grc' dir='ltr'>τῷ</span> <span class='ocrx_word' id='word_1_243' title='bbox 347 2078 560 2148; x_wconf 76' lang='grc' dir='ltr'>πλήθει,</span> <span class='ocrx_word' id='word_1_244' title='bbox 594 2083 704 2133; x_wconf 87' lang='grc' dir='ltr'>τῶν</span> <span class='ocrx_word' id='word_1_245' title='bbox 739 2078 832 2156; x_wconf 82' lang='grc' dir='ltr'>ὐφ’</span> <span class='ocrx_word' id='word_1_246' title='bbox 862 2078 1048 2147; x_wconf 73' lang='grc' dir='ltr'>ἑαυτὰ,</span> <span class='ocrx_word' id='word_1_247' title='bbox 1079 2082 1149 2151; x_wconf 78' lang='grc' dir='ltr'>τῇ</span> <span class='ocrx_word' id='word_1_248' title='bbox 1204 2076 1426 2151; x_wconf 75' lang='grc' dir='ltr'>δυνάμει</span> <span class='ocrx_word' id='word_1_249' title='bbox 1486 2076 1544 2134; x_wconf 65' lang='grc' dir='ltr'>δὲ</span> <span class='ocrx_word' id='word_1_250' title='bbox 1592 2078 1891 2155; x_wconf 79' lang='grc' dir='ltr'>ὑπεραίρει.</span> 
     </span>
    </p>
   </div>
   <div class='ocr_carea' id='block_1_39' title="bbox 261 2162 1894 2243">
    <p class='ocr_par' dir='ltr' id='par_1_39' title="bbox 261 2162 1894 2243">
     <span class='ocr_line' id='line_1_39' title="bbox 261 2162 1894 2243; baseline 0.001 -22"><span class='ocrx_word' id='word_1_251' title='bbox 261 2168 323 2221; x_wconf 76' lang='grc' dir='ltr'>Τὰ</span> <span class='ocrx_word' id='word_1_252' title='bbox 373 2166 427 2222; x_wconf 69' lang='grc' dir='ltr'>δὲ</span> <span class='ocrx_word' id='word_1_253' title='bbox 473 2172 575 2221; x_wconf 75' lang='grc' dir='ltr'>τοῦ</span> <span class='ocrx_word' id='word_1_254' title='bbox 631 2167 748 2229; x_wconf 74' lang='grc' dir='ltr'>ἑνὸς</span> <span class='ocrx_word' id='word_1_255' title='bbox 783 2166 1146 2243; x_wconf 66' lang='grc' dir='ltr'>πορῥωτέρω,</span> <span class='ocrx_word' id='word_1_256' title='bbox 1185 2162 1422 2241; x_wconf 75' lang='grc' dir='ltr'>ἔμπαλιν</span> <span class='ocrx_word' id='word_1_257' title='bbox 1453 2172 1533 2239; x_wconf 79' lang='grc' dir='ltr'>τῷ</span> <span class='ocrx_word' id='word_1_258' title='bbox 1592 2168 1684 2241; x_wconf 72' lang='grc' dir='ltr'>μὲν</span> <span class='ocrx_word' id='word_1_259' title='bbox 1736 2173 1894 2241; x_wconf 85' lang='grc' dir='ltr'>ποσῷ</span> 
     </span>
    </p>
   </div>
   <div class='ocr_carea' id='block_1_40' title="bbox 260 2253 1890 2332">
    <p class='ocr_par' dir='ltr' id='par_1_40' title="bbox 260 2253 1890 2332">
     <span class='ocr_line' id='line_1_40' title="bbox 260 2253 1890 2332; baseline 0.002 -23"><span class='ocrx_word' id='word_1_260' title='bbox 260 2255 720 2332; x_wconf 74' lang='grc' dir='ltr'>πληθυντικώτερά</span> <span class='ocrx_word' id='word_1_261' title='bbox 805 2256 929 2325; x_wconf 68' lang='grc' dir='ltr'>εἶσι,</span> <span class='ocrx_word' id='word_1_262' title='bbox 989 2260 1058 2329; x_wconf 78' lang='grc' dir='ltr'>τῇ</span> <span class='ocrx_word' id='word_1_263' title='bbox 1139 2253 1197 2310; x_wconf 73' lang='grc' dir='ltr'>δὲ</span> <span class='ocrx_word' id='word_1_264' title='bbox 1265 2254 1484 2329; x_wconf 80' lang='grc' dir='ltr'>δυνάμει</span> <span class='ocrx_word' id='word_1_265' title='bbox 1545 2255 1890 2329; x_wconf 80' lang='grc' dir='ltr'>ἐλαττότιρα.</span> 
     </span>
    </p>
   </div>
   <div class='ocr_carea' id='block_1_41' title="bbox 266 2340 1891 2421">
    <p class='ocr_par' dir='ltr' id='par_1_41' title="bbox 266 2340 1891 2421">
     <span class='ocr_line' id='line_1_41' title="bbox 266 2340 1891 2421; baseline 0.001 -23"><span class='ocrx_word' id='word_1_266' title='bbox 266 2350 356 2399; x_wconf 71' lang='lat' dir='ltr'>[liv</span> <span class='ocrx_word' id='word_1_267' title='bbox 388 2346 477 2417; x_wconf 74' lang='grc' dir='ltr'>μὲν</span> <span class='ocrx_word' id='word_1_268' title='bbox 508 2346 614 2421; x_wconf 80' lang='grc' dir='ltr'>γὰρ</span> <span class='ocrx_word' id='word_1_269' title='bbox 647 2340 711 2399; x_wconf 76' lang='grc' dir='ltr'>τὸ</span> <span class='ocrx_word' id='word_1_270' title='bbox 741 2344 1157 2418; x_wconf 80' lang='grc' dir='ltr'>πληθυνόμενον</span> <span class='ocrx_word' id='word_1_271' title='bbox 1220 2344 1541 2401; x_wconf 74' lang='grc' dir='ltr'>ἐλαττοῦται</span> <span class='ocrx_word' id='word_1_272' title='bbox 1600 2348 1737 2401; x_wconf 86' lang='grc' dir='ltr'>κατᾶ</span> <span class='ocrx_word' id='word_1_273' title='bbox 1791 2347 1891 2415; x_wconf 79' lang='grc' dir='ltr'>τὴν</span> 
     </span>
    </p>
   </div>
   <div class='ocr_carea' id='block_1_42' title="bbox 265 2430 1890 2510">
    <p class='ocr_par' dir='ltr' id='par_1_42' title="bbox 265 2430 1890 2510">
     <span class='ocr_line' id='line_1_42' title="bbox 265 2430 1890 2510; baseline 0.002 -23"><span class='ocrx_word' id='word_1_274' title='bbox 265 2430 483 2506; x_wconf 66' lang='grc' dir='ltr'>δῦνιμιν,</span> <span class='ocrx_word' id='word_1_275' title='bbox 521 2439 628 2488; x_wconf 80' lang='grc' dir='ltr'>πᾶν</span> <span class='ocrx_word' id='word_1_276' title='bbox 662 2431 719 2488; x_wconf 72' lang='grc' dir='ltr'>δὲ</span> <span class='ocrx_word' id='word_1_277' title='bbox 747 2432 810 2487; x_wconf 86' lang='grc' dir='ltr'>τὸ</span> <span class='ocrx_word' id='word_1_278' title='bbox 840 2431 1124 2503; x_wconf 70' lang='grc' dir='ltr'>ἑνούμενον</span> <span class='ocrx_word' id='word_1_279' title='bbox 1152 2438 1222 2507; x_wconf 80' lang='grc' dir='ltr'>τῇ</span> <span class='ocrx_word' id='word_1_280' title='bbox 1286 2435 1383 2506; x_wconf 71' lang='grc' dir='ltr'>μὲν</span> <span class='ocrx_word' id='word_1_281' title='bbox 1440 2431 1662 2508; x_wconf 82' lang='grc' dir='ltr'>δυνάμει</span> <span class='ocrx_word' id='word_1_282' title='bbox 1726 2456 1890 2510; x_wconf 86' lang='grc' dir='ltr'>μεγα-</span> 
     </span>
    </p>
   </div>
   <div class='ocr_carea' id='block_1_43' title="bbox 266 2520 1895 2597">
    <p class='ocr_par' dir='ltr' id='par_1_43' title="bbox 266 2520 1895 2597">
     <span class='ocr_line' id='line_1_43' title="bbox 266 2520 1895 2597; baseline 0.001 -21"><span class='ocrx_word' id='word_1_283' title='bbox 266 2521 476 2591; x_wconf 75' lang='grc' dir='ltr'>λύνιται,</span> <span class='ocrx_word' id='word_1_284' title='bbox 523 2521 845 2577; x_wconf 73' lang='grc' dir='ltr'>ἇλαττοῦται</span> <span class='ocrx_word' id='word_1_285' title='bbox 898 2520 955 2577; x_wconf 67' lang='grc' dir='ltr'>δὲ</span> <span class='ocrx_word' id='word_1_286' title='bbox 1010 2523 1147 2577; x_wconf 74' lang='grc' dir='ltr'>κατὰ</span> <span class='ocrx_word' id='word_1_287' title='bbox 1197 2524 1298 2591; x_wconf 80' lang='grc' dir='ltr'>τὴν</span> <span class='ocrx_word' id='word_1_288' title='bbox 1353 2523 1647 2591; x_wconf 82' lang='grc' dir='ltr'>ποσότητα·</span> <span class='ocrx_word' id='word_1_289' title='bbox 1707 2527 1737 2591; x_wconf 77' lang='grc' dir='ltr'>ἡ</span> <span class='ocrx_word' id='word_1_290' title='bbox 1801 2524 1895 2597; x_wconf 82' lang='grc' dir='ltr'>μὶν</span> 
     </span>
    </p>
   </div>
   <div class='ocr_carea' id='block_1_44' title="bbox 262 2608 1895 2686">
    <p class='ocr_par' dir='ltr' id='par_1_44' title="bbox 262 2608 1895 2686">
     <span class='ocr_line' id='line_1_44' title="bbox 262 2608 1895 2686; baseline 0.001 -21"><span class='ocrx_word' id='word_1_291' title='bbox 262 2611 347 2685; x_wconf 78' lang='grc' dir='ltr'>γὰρ</span> <span class='ocrx_word' id='word_1_292' title='bbox 373 2608 558 2674; x_wconf 73' lang='grc' dir='ltr'>’ἑνωσις</span> <span class='ocrx_word' id='word_1_293' title='bbox 592 2609 1026 2686; x_wconf 79' lang='grc' dir='ltr'>δυναμικωτὲρα,</span> <span class='ocrx_word' id='word_1_294' title='bbox 1072 2613 1106 2681; x_wconf 75' lang='grc' dir='ltr'>ἡ</span> <span class='ocrx_word' id='word_1_295' title='bbox 1169 2609 1225 2666; x_wconf 69' lang='grc' dir='ltr'>δὲ</span> <span class='ocrx_word' id='word_1_296' title='bbox 1274 2609 1531 2686; x_wconf 82' lang='grc' dir='ltr'>διαίρεσις</span> <span class='ocrx_word' id='word_1_297' title='bbox 1591 2611 1895 2683; x_wconf 86' lang='grc' dir='ltr'>πληθυντι-</span> 
     </span>
    </p>
   </div>
   <div class='ocr_carea' id='block_1_45' title="bbox 266 2697 1893 2780">
    <p class='ocr_par' dir='ltr' id='par_1_45' title="bbox 266 2697 1893 2780">
     <span class='ocr_line' id='line_1_45' title="bbox 266 2697 1893 2780; baseline 0.002 -27"><span class='ocrx_word' id='word_1_298' title='bbox 266 2703 473 2775; x_wconf 77' lang='grc' dir='ltr'>ιιωτέρα.</span> <span class='ocrx_word' id='word_1_299' title='bbox 505 2701 606 2757; x_wconf 75' lang='grc' dir='ltr'>Καὶ</span> <span class='ocrx_word' id='word_1_300' title='bbox 638 2703 674 2771; x_wconf 77' lang='grc' dir='ltr'>ἡ</span> <span class='ocrx_word' id='word_1_301' title='bbox 711 2721 808 2775; x_wconf 54' lang='grc' dir='ltr'>μῖν</span> <span class='ocrx_word' id='word_1_302' title='bbox 855 2697 1329 2780; x_wconf 41' lang='grc' dir='ltr'>ἓνωσιςλλάττων</span> <span class='ocrx_word' id='word_1_303' title='bbox 1388 2702 1523 2756; x_wconf 81' lang='grc' dir='ltr'>κατὰ</span> <span class='ocrx_word' id='word_1_304' title='bbox 1566 2703 1664 2771; x_wconf 78' lang='grc' dir='ltr'>τήν</span> <span class='ocrx_word' id='word_1_305' title='bbox 1722 2703 1893 2757; x_wconf 87' lang='grc' dir='ltr'>ποσό-</span> 
     </span>
    </p>
   </div>
   <div class='ocr_carea' id='block_1_46' title="bbox 266 2787 1892 2865">
    <p class='ocr_par' dir='ltr' id='par_1_46' title="bbox 266 2787 1892 2865">
     <span class='ocr_line' id='line_1_46' title="bbox 266 2787 1892 2865; baseline 0.002 -22"><span class='ocrx_word' id='word_1_306' title='bbox 266 2810 405 2861; x_wconf 72' lang='grc' dir='ltr'>τητα,</span> <span class='ocrx_word' id='word_1_307' title='bbox 459 2792 495 2860; x_wconf 80' lang='grc' dir='ltr'>ἠ</span> <span class='ocrx_word' id='word_1_308' title='bbox 558 2787 617 2844; x_wconf 78' lang='grc' dir='ltr'>δὶ</span> <span class='ocrx_word' id='word_1_309' title='bbox 662 2787 923 2865; x_wconf 83' lang='grc' dir='ltr'>διαίρεσις</span> <span class='ocrx_word' id='word_1_310' title='bbox 971 2790 1317 2865; x_wconf 76' lang='grc' dir='ltr'>ἀσθενέστερα</span> <span class='ocrx_word' id='word_1_311' title='bbox 1371 2790 1508 2845; x_wconf 81' lang='grc' dir='ltr'>κατὰ</span> <span class='ocrx_word' id='word_1_312' title='bbox 1562 2792 1659 2859; x_wconf 82' lang='grc' dir='ltr'>τήν</span> <span class='ocrx_word' id='word_1_313' title='bbox 1733 2789 1892 2847; x_wconf 78' lang='grc' dir='ltr'>δύνα-</span> 
     </span>
    </p>
   </div>
   <div class='ocr_carea' id='block_1_47' title="bbox 272 2900 369 2949">
    <p class='ocr_par' dir='ltr' id='par_1_47' title="bbox 272 2900 369 2949">
     <span class='ocr_line' id='line_1_47' title="bbox 272 2900 369 2949; baseline 0 -18"><span class='ocrx_word' id='word_1_314' title='bbox 272 2900 369 2949; x_wconf 86' lang='grc' dir='ltr'>μιν.</span> 
     </span>
    </p>
   </div>
   <div class='ocr_carea' id='block_1_48' title="bbox 807 2967 1306 3042">
    <p class='ocr_par' dir='ltr' id='par_1_48' title="bbox 807 2967 1306 3042">
     <span class='ocr_line' id='line_1_48' title="bbox 807 2967 1306 3042; baseline 0.006 -22"><span class='ocrx_word' id='word_1_315' title='bbox 807 2968 904 3036; x_wconf 86' lang='grc' dir='ltr'>κζ’.</span> <span class='ocrx_word' id='word_1_316' title='bbox 936 2967 1067 3036; x_wconf 79' lang='grc' dir='ltr'>Περὶ</span> <span class='ocrx_word' id='word_1_317' title='bbox 1098 2969 1306 3042; x_wconf 82' lang='grc' dir='ltr'>ψυχῆς.</span> 
     </span>
    </p>
   </div>
   <div class='ocr_carea' id='block_1_49' title="bbox 322 3046 1890 3132">
    <p class='ocr_par' dir='ltr' id='par_1_49' title="bbox 322 3046 1890 3132">
     <span class='ocr_line' id='line_1_49' title="bbox 322 3046 1890 3132; baseline 0.003 -22"><span class='ocrx_word' id='word_1_318' title='bbox 322 3046 503 3132; x_wconf 77' lang='grc' dir='ltr'>Τρίτον</span> <span class='ocrx_word' id='word_1_319' title='bbox 536 3055 648 3111; x_wconf 79' lang='grc' dir='ltr'>ἐστὶ</span> <span class='ocrx_word' id='word_1_320' title='bbox 677 3056 740 3110; x_wconf 85' lang='grc' dir='ltr'>τὸ</span> <span class='ocrx_word' id='word_1_321' title='bbox 770 3056 940 3118; x_wconf 71' lang='grc' dir='ltr'>πάθος</span> <span class='ocrx_word' id='word_1_322' title='bbox 968 3063 1067 3126; x_wconf 83' lang='grc' dir='ltr'>τῆς</span> <span class='ocrx_word' id='word_1_323' title='bbox 1097 3059 1302 3131; x_wconf 81' lang='grc' dir='ltr'>ψυχῆς.</span> <span class='ocrx_word' id='word_1_324' title='bbox 1338 3056 1435 3111; x_wconf 82' lang='grc' dir='ltr'>Καὶ</span> <span class='ocrx_word' id='word_1_325' title='bbox 1464 3057 1527 3112; x_wconf 83' lang='grc' dir='ltr'>τὸ</span> <span class='ocrx_word' id='word_1_326' title='bbox 1583 3060 1676 3131; x_wconf 79' lang='grc' dir='ltr'>μὲν</span> <span class='ocrx_word' id='word_1_327' title='bbox 1723 3059 1890 3132; x_wconf 84' lang='grc' dir='ltr'>ἀκρό-</span> 
     </span>
    </p>
   </div>
   <div class='ocr_carea' id='block_1_50' title="bbox 253 3145 1905 3217">
    <p class='ocr_par' dir='ltr' id='par_1_50' title="bbox 253 3145 1905 3217">
     <span class='ocr_line' id='line_1_50' title="bbox 253 3145 1905 3217; baseline 0.002 -17"><span class='ocrx_word' id='word_1_328' title='bbox 253 3166 397 3200; x_wconf 80' lang='grc' dir='ltr'>τατον</span> <span class='ocrx_word' id='word_1_329' title='bbox 428 3146 623 3215; x_wconf 74' lang='grc' dir='ltr'>αὐτῆς,</span> <span class='ocrx_word' id='word_1_330' title='bbox 666 3146 728 3199; x_wconf 82' lang='grc' dir='ltr'>τὸ</span> <span class='ocrx_word' id='word_1_331' title='bbox 757 3150 873 3206; x_wconf 85' lang='grc' dir='ltr'>τοῖς</span> <span class='ocrx_word' id='word_1_332' title='bbox 924 3151 1145 3215; x_wconf 83' lang='grc' dir='ltr'>νοητοῖς</span> <span class='ocrx_word' id='word_1_333' title='bbox 1186 3145 1491 3217; x_wconf 76' lang='grc' dir='ltr'>ἡνωμένον,</span> <span class='ocrx_word' id='word_1_334' title='bbox 1526 3147 1712 3215; x_wconf 80' lang='grc' dir='ltr'>νόησις</span> <span class='ocrx_word' id='word_1_335' title='bbox 1768 3148 1905 3217; x_wconf 77' lang='grc' dir='ltr'>ὠνό,</span> 
     </span>
    </p>
   </div>
   <div class='ocr_carea' id='block_1_51' title="bbox 258 3234 1888 3310">
    <p class='ocr_par' dir='ltr' id='par_1_51' title="bbox 258 3234 1888 3310">
     <span class='ocr_line' id='line_1_51' title="bbox 258 3234 1888 3310; baseline 0.002 -21"><span class='ocrx_word' id='word_1_336' title='bbox 258 3256 456 3307; x_wconf 64' lang='lat' dir='ltr'>pastui.</span> <span class='ocrx_word' id='word_1_337' title='bbox 486 3236 559 3289; x_wconf 84' lang='grc' dir='ltr'>Τὸ</span> <span class='ocrx_word' id='word_1_338' title='bbox 590 3234 648 3290; x_wconf 74' lang='grc' dir='ltr'>δὲ</span> <span class='ocrx_word' id='word_1_339' title='bbox 695 3234 924 3309; x_wconf 78' lang='grc' dir='ltr'>ἔσχατον</span> <span class='ocrx_word' id='word_1_340' title='bbox 975 3236 1036 3288; x_wconf 86' lang='grc' dir='ltr'>τὸ</span> <span class='ocrx_word' id='word_1_341' title='bbox 1082 3239 1189 3288; x_wconf 89' lang='grc' dir='ltr'>τῶν</span> <span class='ocrx_word' id='word_1_342' title='bbox 1237 3234 1510 3304; x_wconf 79' lang='grc' dir='ltr'>αἰσθητῶν</span> <span class='ocrx_word' id='word_1_343' title='bbox 1566 3240 1888 3310; x_wconf 83' lang='grc' dir='ltr'>γνωστικὸν,</span> 
     </span>
    </p>
   </div>
   <div class='ocr_carea' id='block_1_52' title="bbox 259 3320 1891 3399">
    <p class='ocr_par' dir='ltr' id='par_1_52' title="bbox 259 3320 1891 3399">
     <span class='ocr_line' id='line_1_52' title="bbox 259 3320 1891 3399; baseline 0.004 -22"><span class='ocrx_word' id='word_1_344' title='bbox 259 3320 335 3377; x_wconf 67' lang='grc' dir='ltr'>διὰ</span> <span class='ocrx_word' id='word_1_345' title='bbox 390 3323 557 3396; x_wconf 82' lang='grc' dir='ltr'>μέσης</span> <span class='ocrx_word' id='word_1_346' title='bbox 616 3331 713 3393; x_wconf 64' lang='grc' dir='ltr'>τῆς</span> <span class='ocrx_word' id='word_1_347' title='bbox 754 3329 943 3392; x_wconf 79' lang='grc' dir='ltr'>κοινῆς</span> <span class='ocrx_word' id='word_1_348' title='bbox 1002 3323 1304 3393; x_wconf 73' lang='grc' dir='ltr'>αἰσθήσεως</span> <span class='ocrx_word' id='word_1_349' title='bbox 1362 3320 1486 3393; x_wconf 80' lang='grc' dir='ltr'>δόξα</span> <span class='ocrx_word' id='word_1_350' title='bbox 1544 3324 1778 3399; x_wconf 78' lang='grc' dir='ltr'>λέγεται.</span> <span class='ocrx_word' id='word_1_351' title='bbox 1820 3330 1891 3383; x_wconf 84' lang='grc' dir='ltr'>Τὸ</span> 
     </span>
    </p>
   </div>
   <div class='ocr_carea' id='block_1_53' title="bbox 261 3410 1888 3490">
    <p class='ocr_par' dir='ltr' id='par_1_53' title="bbox 261 3410 1888 3490">
     <span class='ocr_line' id='line_1_53' title="bbox 261 3410 1888 3490; baseline 0.003 -23"><span class='ocrx_word' id='word_1_352' title='bbox 261 3410 309 3467; x_wconf 70' lang='grc' dir='ltr'>δὲ</span> <span class='ocrx_word' id='word_1_353' title='bbox 338 3414 492 3486; x_wconf 74' lang='grc' dir='ltr'>μέσον</span> <span class='ocrx_word' id='word_1_354' title='bbox 544 3414 605 3467; x_wconf 87' lang='grc' dir='ltr'>τὸ</span> <span class='ocrx_word' id='word_1_355' title='bbox 660 3413 858 3467; x_wconf 74' lang='grc' dir='ltr'>ἀνιέναι</span> <span class='ocrx_word' id='word_1_356' title='bbox 918 3413 1006 3467; x_wconf 82' lang='grc' dir='ltr'>καὶ</span> <span class='ocrx_word' id='word_1_357' title='bbox 1054 3412 1289 3466; x_wconf 88' lang='grc' dir='ltr'>κατιέναι</span> <span class='ocrx_word' id='word_1_358' title='bbox 1346 3413 1602 3490; x_wconf 85' lang='grc' dir='ltr'>πεφυκὸς,</span> <span class='ocrx_word' id='word_1_359' title='bbox 1656 3411 1888 3473; x_wconf 80' lang='grc' dir='ltr'>διάνοια.</span> 
     </span>
    </p>
   </div>
   <div class='ocr_carea' id='block_1_54' title="bbox 262 3498 1889 3577">
    <p class='ocr_par' dir='ltr' id='par_1_54' title="bbox 262 3498 1889 3577">
     <span class='ocr_line' id='line_1_54' title="bbox 262 3498 1889 3577; baseline 0.002 -20"><span class='ocrx_word' id='word_1_360' title='bbox 262 3501 351 3557; x_wconf 71' lang='grc' dir='ltr'>Καὶ</span> <span class='ocrx_word' id='word_1_361' title='bbox 411 3500 573 3577; x_wconf 76' lang='grc' dir='ltr'>μέχρι</span> <span class='ocrx_word' id='word_1_362' title='bbox 639 3502 733 3574; x_wconf 82' lang='grc' dir='ltr'>μὶν</span> <span class='ocrx_word' id='word_1_363' title='bbox 789 3501 1019 3569; x_wconf 68' lang='grc' dir='ltr'>τούτων,</span> <span class='ocrx_word' id='word_1_364' title='bbox 1082 3502 1111 3555; x_wconf 88' lang='grc' dir='ltr'>ὁ</span> <span class='ocrx_word' id='word_1_365' title='bbox 1183 3498 1485 3577; x_wconf 74' lang='grc' dir='ltr'>ἄνθρωπος,</span> <span class='ocrx_word' id='word_1_366' title='bbox 1546 3500 1669 3571; x_wconf 72' lang='grc' dir='ltr'>ἤτοι</span> <span class='ocrx_word' id='word_1_367' title='bbox 1742 3503 1889 3576; x_wconf 79' lang='grc' dir='ltr'>νοῦς,</span> 
     </span>
    </p>
   </div>
   <div class='ocr_carea' id='block_1_55' title="bbox 260 3586 1891 3669">
    <p class='ocr_par' dir='ltr' id='par_1_55' title="bbox 260 3586 1891 3669">
     <span class='ocr_line' id='line_1_55' title="bbox 260 3586 1891 3669; baseline 0.005 -26"><span class='ocrx_word' id='word_1_368' title='bbox 260 3586 477 3661; x_wconf 83' lang='grc' dir='ltr'>διάνοια,</span> <span class='ocrx_word' id='word_1_369' title='bbox 508 3588 657 3661; x_wconf 81' lang='grc' dir='ltr'>δόξα,</span> <span class='ocrx_word' id='word_1_370' title='bbox 693 3590 829 3663; x_wconf 82' lang='grc' dir='ltr'>μετά</span> <span class='ocrx_word' id='word_1_371' title='bbox 882 3588 939 3645; x_wconf 77' lang='grc' dir='ltr'>δὲ</span> <span class='ocrx_word' id='word_1_372' title='bbox 993 3593 1159 3644; x_wconf 76' lang='grc' dir='ltr'>ταῦτα</span> <span class='ocrx_word' id='word_1_373' title='bbox 1212 3591 1435 3645; x_wconf 71' lang='grc' dir='ltr'>εἶναιτὸ</span> <span class='ocrx_word' id='word_1_374' title='bbox 1469 3595 1628 3659; x_wconf 82' lang='grc' dir='ltr'>ζῶον.</span> <span class='ocrx_word' id='word_1_375' title='bbox 1671 3593 1735 3649; x_wconf 86' lang='grc' dir='ltr'>Ἡ</span> <span class='ocrx_word' id='word_1_376' title='bbox 1796 3596 1891 3669; x_wconf 79' lang='grc' dir='ltr'>μὶν</span> 
     </span>
    </p>
   </div>
   <div class='ocr_carea' id='block_1_56' title="bbox 257 3676 1895 3759">
    <p class='ocr_par' dir='ltr' id='par_1_56' title="bbox 257 3676 1895 3759">
     <span class='ocr_line' id='line_1_56' title="bbox 257 3676 1895 3759; baseline 0.004 -28"><span class='ocrx_word' id='word_1_377' title='bbox 257 3677 346 3752; x_wconf 76' lang='grc' dir='ltr'>γάρ</span> <span class='ocrx_word' id='word_1_378' title='bbox 374 3678 770 3741; x_wconf 77' lang='grc' dir='ltr'>πολυποίκιλος</span> <span class='ocrx_word' id='word_1_379' title='bbox 798 3678 979 3753; x_wconf 70' lang='grc' dir='ltr'>φύσις,</span> <span class='ocrx_word' id='word_1_380' title='bbox 1012 3681 1045 3749; x_wconf 77' lang='grc' dir='ltr'><strong>ἡ</strong></span> <span class='ocrx_word' id='word_1_381' title='bbox 1074 3676 1131 3733; x_wconf 74' lang='grc' dir='ltr'>δὲ</span> <span class='ocrx_word' id='word_1_382' title='bbox 1159 3685 1259 3747; x_wconf 84' lang='grc' dir='ltr'>τῆς</span> <span class='ocrx_word' id='word_1_383' title='bbox 1302 3680 1449 3743; x_wconf 78' lang='grc' dir='ltr'>θείας</span> <span class='ocrx_word' id='word_1_384' title='bbox 1501 3680 1697 3753; x_wconf 75' lang='grc' dir='ltr'>μοίρας</span> <span class='ocrx_word' id='word_1_385' title='bbox 1729 3683 1895 3759; x_wconf 71' lang='grc' dir='ltr'>ὑπάρ-</span> 
     </span>
    </p>
   </div>
   <div class='ocr_carea' id='block_1_57' title="bbox 256 3767 1893 3846">
    <p class='ocr_par' dir='ltr' id='par_1_57' title="bbox 256 3767 1893 3846">
     <span class='ocr_line' id='line_1_57' title="bbox 256 3767 1893 3846; baseline 0.004 -25"><span class='ocrx_word' id='word_1_386' title='bbox 256 3786 435 3841; x_wconf 71' lang='grc' dir='ltr'>χουσα,</span> <span class='ocrx_word' id='word_1_387' title='bbox 467 3771 502 3838; x_wconf 79' lang='grc' dir='ltr'>ἡ</span> <span class='ocrx_word' id='word_1_388' title='bbox 537 3768 630 3842; x_wconf 85' lang='grc' dir='ltr'>μέν</span> <span class='ocrx_word' id='word_1_389' title='bbox 662 3790 722 3842; x_wconf 79' lang='grc' dir='ltr'>γε</span> <span class='ocrx_word' id='word_1_390' title='bbox 780 3768 1041 3841; x_wconf 77' lang='grc' dir='ltr'>ἐπιθυμία</span> <span class='ocrx_word' id='word_1_391' title='bbox 1088 3767 1466 3846; x_wconf 69' lang='grc' dir='ltr'>πολυκέφαλον</span> <span class='ocrx_word' id='word_1_392' title='bbox 1513 3770 1725 3845; x_wconf 83' lang='grc' dir='ltr'>θηρίον,</span> <span class='ocrx_word' id='word_1_393' title='bbox 1760 3773 1788 3825; x_wconf 87' lang='grc' dir='ltr'>ὁ</span> <span class='ocrx_word' id='word_1_394' title='bbox 1837 3771 1893 3828; x_wconf 77' lang='grc' dir='ltr'>δὲ</span> 
     </span>
    </p>
   </div>
   <div class='ocr_carea' id='block_1_58' title="bbox 258 3854 1890 3936">
    <p class='ocr_par' dir='ltr' id='par_1_58' title="bbox 258 3854 1890 3936">
     <span class='ocr_line' id='line_1_58' title="bbox 258 3854 1890 3936; baseline 0.007 -29"><span class='ocrx_word' id='word_1_395' title='bbox 258 3856 413 3929; x_wconf 60' lang='grc' dir='ltr'>θυμὸς</span> <span class='ocrx_word' id='word_1_396' title='bbox 471 3854 805 3928; x_wconf 78' lang='grc' dir='ltr'>λεοντώδης,</span> <span class='ocrx_word' id='word_1_397' title='bbox 838 3858 866 3911; x_wconf 93' lang='lat'>6</span> <span class='ocrx_word' id='word_1_398' title='bbox 920 3854 977 3912; x_wconf 67' lang='grc' dir='ltr'>δὲ</span> <span class='ocrx_word' id='word_1_399' title='bbox 1029 3855 1196 3932; x_wconf 80' lang='grc' dir='ltr'>λόγος</span> <span class='ocrx_word' id='word_1_400' title='bbox 1239 3857 1266 3911; x_wconf 90' lang='grc' dir='ltr'>ὁ</span> <span class='ocrx_word' id='word_1_401' title='bbox 1316 3856 1529 3928; x_wconf 74' lang='grc' dir='ltr'>ἀληθὴς</span> <span class='ocrx_word' id='word_1_402' title='bbox 1586 3858 1890 3936; x_wconf 85' lang='grc' dir='ltr'>ἄνθρωπος.</span> 
     </span>
    </p>
   </div>
   <div class='ocr_carea' id='block_1_59' title="bbox 262 3944 1893 4022">
    <p class='ocr_par' dir='ltr' id='par_1_59' title="bbox 262 3944 1893 4022">
     <span class='ocr_line' id='line_1_59' title="bbox 262 3944 1893 4022; baseline 0.004 -24"><span class='ocrx_word' id='word_1_403' title='bbox 262 3945 392 4000; x_wconf 79' lang='grc' dir='ltr'>Ἐστὶ</span> <span class='ocrx_word' id='word_1_404' title='bbox 449 3946 506 4001; x_wconf 73' lang='grc' dir='ltr'>δὲ</span> <span class='ocrx_word' id='word_1_405' title='bbox 550 3947 751 4001; x_wconf 67' lang='grc' dir='ltr'>τούτου</span> <span class='ocrx_word' id='word_1_406' title='bbox 791 3946 879 4000; x_wconf 84' lang='grc' dir='ltr'>καὶ</span> <span class='ocrx_word' id='word_1_407' title='bbox 926 3944 1095 4008; x_wconf 77' lang='grc' dir='ltr'>ἄλλος</span> <span class='ocrx_word' id='word_1_408' title='bbox 1144 3945 1416 4022; x_wconf 86' lang='grc' dir='ltr'>θειότερος</span> <span class='ocrx_word' id='word_1_409' title='bbox 1464 3944 1745 4022; x_wconf 74' lang='grc' dir='ltr'>ἅνθρωπος</span> <span class='ocrx_word' id='word_1_410' title='bbox 1800 3951 1893 4005; x_wconf 78' lang='grc' dir='ltr'>καὶ</span> 
     </span>
    </p>
   </div>
   <div class='ocr_carea' id='block_1_60' title="bbox 263 4030 1891 4115">
    <p class='ocr_par' dir='ltr' id='par_1_60' title="bbox 263 4030 1891 4115">
     <span class='ocr_line' id='line_1_60' title="bbox 263 4030 1891 4115; baseline 0.004 -28"><span class='ocrx_word' id='word_1_411' title='bbox 263 4030 622 4109; x_wconf 76' lang='grc' dir='ltr'>ἀληθέστερος,</span> <span class='ocrx_word' id='word_1_412' title='bbox 683 4036 712 4090; x_wconf 87' lang='lat'>6</span> <span class='ocrx_word' id='word_1_413' title='bbox 770 4036 980 4108; x_wconf 71' lang='grc' dir='ltr'>νοερὸς,</span> <span class='ocrx_word' id='word_1_414' title='bbox 1045 4035 1101 4089; x_wconf 80' lang='grc' dir='ltr'>ὃν</span> <span class='ocrx_word' id='word_1_415' title='bbox 1162 4033 1549 4110; x_wconf 81' lang='grc' dir='ltr'>αὐτάνθρωπον</span> <span class='ocrx_word' id='word_1_416' title='bbox 1622 4058 1891 4115; x_wconf 86' lang='grc' dir='ltr'>προσαγο-</span> 
     </span>
    </p>
   </div>
   <div class='ocr_carea' id='block_1_61' title="bbox 263 4121 1890 4202">
    <p class='ocr_par' dir='ltr' id='par_1_61' title="bbox 263 4121 1890 4202">
     <span class='ocr_line' id='line_1_61' title="bbox 263 4121 1890 4202; baseline 0.005 -27"><span class='ocrx_word' id='word_1_417' title='bbox 263 4121 491 4195; x_wconf 65' lang='grc' dir='ltr'>ρεύουσιν</span> <span class='ocrx_word' id='word_1_418' title='bbox 540 4126 589 4178; x_wconf 72' lang='grc' dir='ltr'>οἱ</span> <span class='ocrx_word' id='word_1_419' title='bbox 642 4128 749 4179; x_wconf 84' lang='grc' dir='ltr'>τῶν</span> <span class='ocrx_word' id='word_1_420' title='bbox 806 4121 963 4179; x_wconf 71' lang='grc' dir='ltr'>εἶ’δῶν</span> <span class='ocrx_word' id='word_1_421' title='bbox 1022 4124 1444 4202; x_wconf 71' lang='grc' dir='ltr'>φιλοθεάμονες.</span> <span class='ocrx_word' id='word_1_422' title='bbox 1478 4124 1673 4200; x_wconf 86' lang='grc' dir='ltr'>Τρίτον</span> <span class='ocrx_word' id='word_1_423' title='bbox 1721 4124 1812 4181; x_wconf 76' lang='grc' dir='ltr'>οὖν</span> <span class='ocrx_word' id='word_1_424' title='bbox 1864 4128 1890 4183; x_wconf 86' lang='lat'>6</span> 
     </span>
    </p>
   </div>
   <div class='ocr_carea' id='block_1_62' title="bbox 262 4208 1891 4293">
    <p class='ocr_par' dir='ltr' id='par_1_62' title="bbox 262 4208 1891 4293">
     <span class='ocr_line' id='line_1_62' title="bbox 262 4208 1891 4293; baseline 0.006 -31"><span class='ocrx_word' id='word_1_425' title='bbox 262 4208 547 4287; x_wconf 75' lang='grc' dir='ltr'>ἄνθρωπος,</span> <span class='ocrx_word' id='word_1_426' title='bbox 578 4213 608 4266; x_wconf 87' lang='lat'>6</span> <span class='ocrx_word' id='word_1_427' title='bbox 644 4213 742 4285; x_wconf 75' lang='grc' dir='ltr'>μὲν</span> <span class='ocrx_word' id='word_1_428' title='bbox 774 4212 959 4287; x_wconf 84' lang='grc' dir='ltr'>νοερὸς</span> <span class='ocrx_word' id='word_1_429' title='bbox 989 4212 1079 4266; x_wconf 82' lang='grc' dir='ltr'>καὶ</span> <span class='ocrx_word' id='word_1_430' title='bbox 1129 4209 1441 4285; x_wconf 73' lang='grc' dir='ltr'>μονοειδὴς,</span> <span class='ocrx_word' id='word_1_431' title='bbox 1475 4214 1503 4267; x_wconf 89' lang='lat'>6</span> <span class='ocrx_word' id='word_1_432' title='bbox 1561 4211 1619 4268; x_wconf 75' lang='grc' dir='ltr'>δὲ</span> <span class='ocrx_word' id='word_1_433' title='bbox 1671 4212 1891 4293; x_wconf 83' lang='grc' dir='ltr'>λογικὸς</span> 
     </span>
    </p>
   </div>
   <div class='ocr_carea' id='block_1_63' title="bbox 258 4298 1889 4378">
    <p class='ocr_par' dir='ltr' id='par_1_63' title="bbox 258 4298 1889 4378">
     <span class='ocr_line' id='line_1_63' title="bbox 258 4298 1889 4378; baseline 0.003 -26"><span class='ocrx_word' id='word_1_434' title='bbox 258 4299 337 4352; x_wconf 82' lang='grc' dir='ltr'>καὶ</span> <span class='ocrx_word' id='word_1_435' title='bbox 391 4302 649 4378; x_wconf 61' lang='grc' dir='ltr'>τριμερής</span> <span class='ocrx_word' id='word_1_436' title='bbox 704 4302 794 4355; x_wconf 73' lang='grc' dir='ltr'>καὶ</span> <span class='ocrx_word' id='word_1_437' title='bbox 844 4298 1196 4377; x_wconf 63' lang='grc' dir='ltr'>τριδΰναμος,</span> <span class='ocrx_word' id='word_1_438' title='bbox 1232 4302 1259 4355; x_wconf 91' lang='lat'>6</span> <span class='ocrx_word' id='word_1_439' title='bbox 1318 4298 1375 4355; x_wconf 77' lang='grc' dir='ltr'>δὲ</span> <span class='ocrx_word' id='word_1_440' title='bbox 1426 4300 1744 4373; x_wconf 76' lang='grc' dir='ltr'>αἷσθητικὸς</span> <span class='ocrx_word' id='word_1_441' title='bbox 1800 4304 1889 4359; x_wconf 87' lang='grc' dir='ltr'>καὶ</span> 
     </span>
    </p>
   </div>
   <div class='ocr_carea' id='block_1_64' title="bbox 259 4387 1889 4466">
    <p class='ocr_par' dir='ltr' id='par_1_64' title="bbox 259 4387 1889 4466">
     <span class='ocr_line' id='line_1_64' title="bbox 259 4387 1889 4466; baseline 0.004 -25"><span class='ocrx_word' id='word_1_442' title='bbox 259 4388 536 4459; x_wconf 68' lang='grc' dir='ltr'>πολυειδής</span> <span class='ocrx_word' id='word_1_443' title='bbox 563 4392 652 4445; x_wconf 76' lang='grc' dir='ltr'>καὶ</span> <span class='ocrx_word' id='word_1_444' title='bbox 687 4387 1055 4453; x_wconf 81' lang='grc' dir='ltr'>παντοδαπός.</span> <span class='ocrx_word' id='word_1_445' title='bbox 1087 4391 1156 4444; x_wconf 79' lang='grc' dir='ltr'>Τὸ</span> <span class='ocrx_word' id='word_1_446' title='bbox 1190 4388 1248 4444; x_wconf 72' lang='grc' dir='ltr'>δὲ</span> <span class='ocrx_word' id='word_1_447' title='bbox 1287 4388 1649 4466; x_wconf 78' lang='grc' dir='ltr'>λογιζόμενον</span> <span class='ocrx_word' id='word_1_448' title='bbox 1699 4391 1789 4448; x_wconf 88' lang='grc' dir='ltr'>καὶ</span> <span class='ocrx_word' id='word_1_449' title='bbox 1829 4393 1889 4447; x_wconf 89' lang='grc' dir='ltr'>τὸ</span> 
     </span>
    </p>
   </div>
   <div class='ocr_carea' id='block_1_65' title="bbox 260 4477 1887 4557">
    <p class='ocr_par' dir='ltr' id='par_1_65' title="bbox 260 4477 1887 4557">
     <span class='ocr_line' id='line_1_65' title="bbox 260 4477 1887 4557; baseline 0.007 -27"><span class='ocrx_word' id='word_1_450' title='bbox 260 4477 481 4552; x_wconf 76' lang='grc' dir='ltr'>θεωροῦν</span> <span class='ocrx_word' id='word_1_451' title='bbox 511 4483 673 4552; x_wconf 74' lang='grc' dir='ltr'>ἡμεῖς</span> <span class='ocrx_word' id='word_1_452' title='bbox 730 4478 1104 4553; x_wconf 74' lang='grc' dir='ltr'>ἐσμεν·ἠμεῖς</span> <span class='ocrx_word' id='word_1_453' title='bbox 1160 4478 1261 4553; x_wconf 79' lang='grc' dir='ltr'>γὰρ</span> <span class='ocrx_word' id='word_1_454' title='bbox 1320 4479 1409 4534; x_wconf 82' lang='grc' dir='ltr'>καὶ</span> <span class='ocrx_word' id='word_1_455' title='bbox 1463 4483 1616 4557; x_wconf 76' lang='grc' dir='ltr'>ψυχὴ</span> <span class='ocrx_word' id='word_1_456' title='bbox 1670 4483 1887 4541; x_wconf 89' lang='grc' dir='ltr'>ταυτόν.</span> 
     </span>
    </p>
   </div>
   <div class='ocr_carea' id='block_1_66' title="bbox 809 4763 1316 4840">
    <p class='ocr_par' dir='ltr' id='par_1_66' title="bbox 809 4763 1316 4840">
     <span class='ocr_line' id='line_1_66' title="bbox 809 4763 1316 4840; baseline 0 -21"><span class='ocrx_word' id='word_1_457' title='bbox 809 4766 913 4835; x_wconf 84' lang='grc' dir='ltr'>κη’.</span> <span class='ocrx_word' id='word_1_458' title='bbox 947 4763 1078 4840; x_wconf 78' lang='grc' dir='ltr'>Περὶ</span> <span class='ocrx_word' id='word_1_459' title='bbox 1109 4766 1262 4839; x_wconf 76' lang='grc' dir='ltr'>ψυχῇ</span> <span class='ocrx_word' id='word_1_460' title='bbox 1274 4786 1316 4826; x_wconf 89' lang='grc' dir='ltr'>ς.</span> 
     </span>
    </p>
   </div>
   <div class='ocr_carea' id='block_1_67' title="bbox 316 4852 1887 4931">
    <p class='ocr_par' dir='ltr' id='par_1_67' title="bbox 316 4852 1887 4931">
     <span class='ocr_line' id='line_1_67' title="bbox 316 4852 1887 4931; baseline -0.001 -23"><span class='ocrx_word' id='word_1_461' title='bbox 316 4854 431 4908; x_wconf 88' lang='grc' dir='ltr'>Τῶν</span> <span class='ocrx_word' id='word_1_462' title='bbox 463 4855 583 4927; x_wconf 86' lang='grc' dir='ltr'>παρ’</span> <span class='ocrx_word' id='word_1_463' title='bbox 607 4852 851 4924; x_wconf 82' lang='grc' dir='ltr'>’Ἐλλησι</span> <span class='ocrx_word' id='word_1_464' title='bbox 886 4858 1065 4931; x_wconf 89' lang='grc' dir='ltr'>σοφῶν</span> <span class='ocrx_word' id='word_1_465' title='bbox 1112 4853 1209 4921; x_wconf 66' lang='grc' dir='ltr'>τὴν</span> <span class='ocrx_word' id='word_1_466' title='bbox 1263 4854 1472 4927; x_wconf 70' lang='grc' dir='ltr'>ψυχὴν,</span> <span class='ocrx_word' id='word_1_467' title='bbox 1507 4852 1733 4908; x_wconf 83' lang='grc' dir='ltr'>Πλάτων</span> <span class='ocrx_word' id='word_1_468' title='bbox 1793 4854 1887 4925; x_wconf 78' lang='grc' dir='ltr'>μὲν</span> 
     </span>
    </p>
   </div>
   <div class='ocr_carea' id='block_1_68' title="bbox 251 4941 1889 5017">
    <p class='ocr_par' dir='ltr' id='par_1_68' title="bbox 251 4941 1889 5017">
     <span class='ocr_line' id='line_1_68' title="bbox 251 4941 1889 5017; baseline 0.003 -25"><span class='ocrx_word' id='word_1_469' title='bbox 251 4942 333 4993; x_wconf 75' lang='grc' dir='ltr'>καὶ</span> <span class='ocrx_word' id='word_1_470' title='bbox 379 4943 791 5014; x_wconf 78' lang='grc' dir='ltr'>Ἀριστοτέλης,</span> <span class='ocrx_word' id='word_1_471' title='bbox 854 4942 928 5004; x_wconf 82' lang='grc' dir='ltr'>ὡς</span> <span class='ocrx_word' id='word_1_472' title='bbox 1009 4941 1227 5016; x_wconf 80' lang='grc' dir='ltr'>ὀργάνῳ</span> <span class='ocrx_word' id='word_1_473' title='bbox 1302 4942 1429 5016; x_wconf 82' lang='grc' dir='ltr'>φασὶ</span> <span class='ocrx_word' id='word_1_474' title='bbox 1518 4949 1756 5017; x_wconf 76' lang='grc' dir='ltr'>χρῆσθαι</span> <span class='ocrx_word' id='word_1_475' title='bbox 1811 4946 1889 5013; x_wconf 81' lang='grc' dir='ltr'>τῷ</span> 
     </span>
    </p>
   </div>
   <div class='ocr_carea' id='block_1_69' title="bbox 252 5028 1886 5107">
    <p class='ocr_par' dir='ltr' id='par_1_69' title="bbox 252 5028 1886 5107">
     <span class='ocr_line' id='line_1_69' title="bbox 252 5028 1886 5107; baseline 0.002 -26"><span class='ocrx_word' id='word_1_476' title='bbox 252 5028 474 5100; x_wconf 70' lang='grc' dir='ltr'>σώματι.</span> <span class='ocrx_word' id='word_1_477' title='bbox 532 5038 620 5087; x_wconf 75' lang='grc' dir='ltr'>Δεῖ</span> <span class='ocrx_word' id='word_1_478' title='bbox 690 5031 814 5107; x_wconf 72' lang='grc' dir='ltr'>γάρ,</span> <span class='ocrx_word' id='word_1_479' title='bbox 883 5030 1045 5101; x_wconf 79' lang='grc' dir='ltr'>φησὶν</span> <span class='ocrx_word' id='word_1_480' title='bbox 1108 5029 1520 5107; x_wconf 82' lang='grc' dir='ltr'>’Λριστοτέλης,</span> <span class='ocrx_word' id='word_1_481' title='bbox 1600 5033 1699 5099; x_wconf 81' lang='grc' dir='ltr'>τὴν</span> <span class='ocrx_word' id='word_1_482' title='bbox 1792 5031 1886 5103; x_wconf 80' lang='grc' dir='ltr'>μὶν</span> 
     </span>
    </p>
   </div>
   <div class='ocr_carea' id='block_1_70' title="bbox 249 5116 1887 5196">
    <p class='ocr_par' dir='ltr' id='par_1_70' title="bbox 249 5116 1887 5196">
     <span class='ocr_line' id='line_1_70' title="bbox 249 5116 1887 5196; baseline 0.001 -25"><span class='ocrx_word' id='word_1_483' title='bbox 249 5117 438 5193; x_wconf 75' lang='grc' dir='ltr'>τέχνην</span> <span class='ocrx_word' id='word_1_484' title='bbox 514 5128 751 5196; x_wconf 80' lang='grc' dir='ltr'>χρῆσθαι</span> <span class='ocrx_word' id='word_1_485' title='bbox 834 5126 946 5182; x_wconf 80' lang='grc' dir='ltr'>τοῖς</span> <span class='ocrx_word' id='word_1_486' title='bbox 1024 5120 1301 5195; x_wconf 84' lang='grc' dir='ltr'>ὀργάνοις,</span> <span class='ocrx_word' id='word_1_487' title='bbox 1376 5122 1477 5189; x_wconf 71' lang='grc' dir='ltr'>τὴν</span> <span class='ocrx_word' id='word_1_488' title='bbox 1562 5116 1619 5174; x_wconf 71' lang='grc' dir='ltr'>δὲ</span> <span class='ocrx_word' id='word_1_489' title='bbox 1701 5120 1887 5195; x_wconf 75' lang='grc' dir='ltr'>ψυχὴν</span> 
     </span>
    </p>
   </div>
   <div class='ocr_carea' id='block_1_71' title="bbox 250 5206 1890 5286">
    <p class='ocr_par' dir='ltr' id='par_1_71' title="bbox 250 5206 1890 5286">
     <span class='ocr_line' id='line_1_71' title="bbox 250 5206 1890 5286; baseline 0.001 -27"><span class='ocrx_word' id='word_1_490' title='bbox 250 5210 324 5276; x_wconf 77' lang='grc' dir='ltr'>τῷ</span> <span class='ocrx_word' id='word_1_491' title='bbox 380 5210 608 5282; x_wconf 79' lang='grc' dir='ltr'>σώματι.</span> <span class='ocrx_word' id='word_1_492' title='bbox 664 5210 728 5263; x_wconf 70' lang='grc' dir='ltr'>Οἱ</span> <span class='ocrx_word' id='word_1_493' title='bbox 805 5206 861 5263; x_wconf 70' lang='grc' dir='ltr'>δὶ</span> <span class='ocrx_word' id='word_1_494' title='bbox 934 5207 994 5263; x_wconf 78' lang='grc' dir='ltr'>ἐκ</span> <span class='ocrx_word' id='word_1_495' title='bbox 1068 5207 1372 5284; x_wconf 77' lang='grc' dir='ltr'>Περιπάτου</span> <span class='ocrx_word' id='word_1_496' title='bbox 1447 5207 1740 5286; x_wconf 75' lang='grc' dir='ltr'>φιλόσοφοι</span> <span class='ocrx_word' id='word_1_497' title='bbox 1817 5209 1890 5270; x_wconf 86' lang='grc' dir='ltr'>ὡς</span> 
     </span>
    </p>
   </div>
   <div class='ocr_carea' id='block_1_72' title="bbox 248 5291 1886 5371">
    <p class='ocr_par' dir='ltr' id='par_1_72' title="bbox 248 5291 1886 5371">
     <span class='ocr_line' id='line_1_72' title="bbox 248 5291 1886 5371; baseline 0.002 -23"><span class='ocrx_word' id='word_1_498' title='bbox 248 5291 427 5351; x_wconf 80' lang='grc' dir='ltr'>ἔνυλον</span> <span class='ocrx_word' id='word_1_499' title='bbox 464 5296 596 5361; x_wconf 75' lang='grc' dir='ltr'>εἶδος</span> <span class='ocrx_word' id='word_1_500' title='bbox 652 5297 967 5371; x_wconf 68' lang='grc' dir='ltr'>μιγνύουσιν</span> <span class='ocrx_word' id='word_1_501' title='bbox 1018 5296 1184 5365; x_wconf 69' lang='grc' dir='ltr'>αὐτὴν</span> <span class='ocrx_word' id='word_1_502' title='bbox 1227 5298 1305 5369; x_wconf 77' lang='grc' dir='ltr'>τῷ</span> <span class='ocrx_word' id='word_1_503' title='bbox 1352 5297 1567 5371; x_wconf 85' lang='grc' dir='ltr'>σώματι</span> <span class='ocrx_word' id='word_1_504' title='bbox 1622 5297 1711 5351; x_wconf 77' lang='grc' dir='ltr'>καὶ</span> <span class='ocrx_word' id='word_1_505' title='bbox 1771 5292 1886 5351; x_wconf 87' lang='grc' dir='ltr'>δια-</span> 
     </span>
    </p>
   </div>
   <div class='ocr_carea' id='block_1_73' title="bbox 247 5382 1890 5461">
    <p class='ocr_par' dir='ltr' id='par_1_73' title="bbox 247 5382 1890 5461">
     <span class='ocr_line' id='line_1_73' title="bbox 247 5382 1890 5461; baseline 0.001 -24"><span class='ocrx_word' id='word_1_506' title='bbox 247 5382 546 5442; x_wconf 66' lang='grc' dir='ltr'>πλέκουσιν.</span> <span class='ocrx_word' id='word_1_507' title='bbox 590 5388 653 5440; x_wconf 73' lang='grc' dir='ltr'><strong>Οἱ</strong></span> <span class='ocrx_word' id='word_1_508' title='bbox 705 5384 762 5441; x_wconf 78' lang='grc' dir='ltr'>δὶ</span> <span class='ocrx_word' id='word_1_509' title='bbox 812 5386 933 5461; x_wconf 76' lang='grc' dir='ltr'>περὶ</span> <span class='ocrx_word' id='word_1_510' title='bbox 982 5382 1266 5456; x_wconf 76' lang='grc' dir='ltr'>Κλεάνθην</span> <span class='ocrx_word' id='word_1_511' title='bbox 1316 5386 1404 5440; x_wconf 77' lang='grc' dir='ltr'>καὶ</span> <span class='ocrx_word' id='word_1_512' title='bbox 1468 5390 1626 5458; x_wconf 84' lang='grc' dir='ltr'>σῶμα</span> <span class='ocrx_word' id='word_1_513' title='bbox 1688 5384 1890 5455; x_wconf 67' lang='grc' dir='ltr'>ταύτην</span> 
     </span>
    </p>
   </div>
   <div class='ocr_carea' id='block_1_74' title="bbox 248 5471 1888 5551">
    <p class='ocr_par' dir='ltr' id='par_1_74' title="bbox 248 5471 1888 5551">
     <span class='ocr_line' id='line_1_74' title="bbox 248 5471 1888 5551; baseline 0.001 -25"><span class='ocrx_word' id='word_1_514' title='bbox 248 5471 643 5551; x_wconf 72' lang='grc' dir='ltr'>ἂποφαίνονται,</span> <span class='ocrx_word' id='word_1_515' title='bbox 701 5472 1007 5548; x_wconf 76' lang='grc' dir='ltr'>δυναμένην</span> <span class='ocrx_word' id='word_1_516' title='bbox 1070 5476 1253 5548; x_wconf 84' lang='grc' dir='ltr'>μέντοι</span> <span class='ocrx_word' id='word_1_517' title='bbox 1310 5476 1372 5551; x_wconf 85' lang='grc' dir='ltr'>γέ</span> <span class='ocrx_word' id='word_1_518' title='bbox 1428 5494 1562 5529; x_wconf 79' lang='grc' dir='ltr'>ποτε</span> <span class='ocrx_word' id='word_1_519' title='bbox 1631 5474 1722 5529; x_wconf 81' lang='grc' dir='ltr'>καὶ</span> <span class='ocrx_word' id='word_1_520' title='bbox 1791 5478 1888 5529; x_wconf 79' lang='grc' dir='ltr'>τοῦ</span> 
     </span>
    </p>
   </div>
   <div class='ocr_carea' id='block_1_75' title="bbox 247 5560 1888 5640">
    <p class='ocr_par' dir='ltr' id='par_1_75' title="bbox 247 5560 1888 5640">
     <span class='ocr_line' id='line_1_75' title="bbox 247 5560 1888 5640; baseline 0.001 -27"><span class='ocrx_word' id='word_1_521' title='bbox 247 5563 561 5634; x_wconf 73' lang='grc' dir='ltr'>φαινομένου</span> <span class='ocrx_word' id='word_1_522' title='bbox 609 5563 943 5640; x_wconf 79' lang='grc' dir='ltr'>χωρίζεσθαι</span> <span class='ocrx_word' id='word_1_523' title='bbox 992 5564 1264 5638; x_wconf 84' lang='grc' dir='ltr'>σώματος.</span> <span class='ocrx_word' id='word_1_524' title='bbox 1319 5561 1602 5626; x_wconf 86' lang='grc' dir='ltr'>Πλωτῖνος</span> <span class='ocrx_word' id='word_1_525' title='bbox 1651 5560 1708 5618; x_wconf 77' lang='grc' dir='ltr'>δέ</span> <span class='ocrx_word' id='word_1_526' title='bbox 1754 5583 1888 5640; x_wconf 84' lang='grc' dir='ltr'>φησι</span> 
     </span>
    </p>
   </div>
   <div class='ocr_carea' id='block_1_76' title="bbox 251 5650 1887 5730">
    <p class='ocr_par' dir='ltr' id='par_1_76' title="bbox 251 5650 1887 5730">
     <span class='ocr_line' id='line_1_76' title="bbox 251 5650 1887 5730; baseline 0.002 -26"><span class='ocrx_word' id='word_1_527' title='bbox 251 5650 322 5721; x_wconf 72' lang='grc' dir='ltr'>μὴ</span> <span class='ocrx_word' id='word_1_528' title='bbox 355 5652 734 5727; x_wconf 73' lang='grc' dir='ltr'>ἀναγκάζεσθαι</span> <span class='ocrx_word' id='word_1_529' title='bbox 766 5650 1016 5730; x_wconf 76' lang='grc' dir='ltr'>δέχεσθαι</span> <span class='ocrx_word' id='word_1_530' title='bbox 1072 5655 1173 5725; x_wconf 78' lang='grc' dir='ltr'>τήν</span> <span class='ocrx_word' id='word_1_531' title='bbox 1234 5654 1419 5728; x_wconf 71' lang='grc' dir='ltr'>ψυχὴν</span> <span class='ocrx_word' id='word_1_532' title='bbox 1470 5653 1536 5708; x_wconf 73' lang='grc' dir='ltr'>τὶ</span> <span class='ocrx_word' id='word_1_533' title='bbox 1588 5653 1732 5723; x_wconf 84' lang='grc' dir='ltr'>πάθη</span> <span class='ocrx_word' id='word_1_534' title='bbox 1790 5656 1887 5707; x_wconf 84' lang='grc' dir='ltr'>τοῦ</span> 
     </span>
    </p>
   </div>
   <div class='ocr_carea' id='block_1_77' title="bbox 2004 1891 3649 1973">
    <p class='ocr_par' dir='ltr' id='par_1_77' title="bbox 2004 1891 3649 1973">
     <span class='ocr_line' id='line_1_77' title="bbox 2004 1891 3649 1973; baseline 0.012 -29"><span class='ocrx_word' id='word_1_535' title='bbox 2004 1891 2317 1965; x_wconf 84' lang='lat' dir='ltr'>plicantur,</span> <span class='ocrx_word' id='word_1_536' title='bbox 2352 1897 2733 1957; x_wconf 82' lang='lat' dir='ltr'>facultatibus</span> <span class='ocrx_word' id='word_1_537' title='bbox 2761 1919 2906 1973; x_wconf 89' lang='lat' dir='ltr'>quas</span> <span class='ocrx_word' id='word_1_538' title='bbox 2936 1903 3152 1960; x_wconf 85' lang='lat' dir='ltr'>habent</span> <span class='ocrx_word' id='word_1_539' title='bbox 3184 1910 3434 1962; x_wconf 92' lang='lat' dir='ltr'>utuntur</span> <span class='ocrx_word' id='word_1_540' title='bbox 3463 1907 3649 1963; x_wconf 89' lang='lat' dir='ltr'>imbe-</span> 
     </span>
    </p>
   </div>
   <div class='ocr_carea' id='block_1_78' title="bbox 2004 1979 3651 2069">
    <p class='ocr_par' dir='ltr' id='par_1_78' title="bbox 2004 1979 3651 2069">
     <span class='ocr_line' id='line_1_78' title="bbox 2004 1979 3651 2069; baseline 0.01 -34"><span class='ocrx_word' id='word_1_541' title='bbox 2004 1979 2353 2069; x_wconf 83' lang='lat' dir='ltr'>cillioribus.</span> <span class='ocrx_word' id='word_1_542' title='bbox 2384 1987 2519 2049; x_wconf 61' lang='lat' dir='ltr'>Quae</span> <span class='ocrx_word' id='word_1_543' title='bbox 2548 1988 2705 2043; x_wconf 92' lang='lat' dir='ltr'>enim</span> <span class='ocrx_word' id='word_1_544' title='bbox 2740 1991 2947 2046; x_wconf 85' lang='lat' dir='ltr'>unitati</span> <span class='ocrx_word' id='word_1_545' title='bbox 2984 1994 3249 2063; x_wconf 86' lang='lat' dir='ltr'>proxima</span> <span class='ocrx_word' id='word_1_546' title='bbox 3280 1997 3651 2066; x_wconf 85' lang='lat' dir='ltr'>sunt,multi-</span> 
     </span>
    </p>
   </div>
   <div class='ocr_carea' id='block_1_79' title="bbox 2003 2070 3651 2157">
    <p class='ocr_par' dir='ltr' id='par_1_79' title="bbox 2003 2070 3651 2157">
     <span class='ocr_line' id='line_1_79' title="bbox 2003 2070 3651 2157; baseline 0.012 -35"><span class='ocrx_word' id='word_1_547' title='bbox 2003 2070 2204 2125; x_wconf 83' lang='lat' dir='ltr'>tudine</span> <span class='ocrx_word' id='word_1_548' title='bbox 2236 2073 2474 2143; x_wconf 84' lang='lat' dir='ltr'>quidem</span> <span class='ocrx_word' id='word_1_549' title='bbox 2501 2076 2574 2130; x_wconf 88' lang='lat' dir='ltr'>ab</span> <span class='ocrx_word' id='word_1_550' title='bbox 2598 2077 2974 2136; x_wconf 77' lang='lat' dir='ltr'>interioribus</span> <span class='ocrx_word' id='word_1_551' title='bbox 3005 2084 3339 2154; x_wconf 83' lang='lat' dir='ltr'>vincuntur,</span> <span class='ocrx_word' id='word_1_552' title='bbox 3390 2087 3651 2157; x_wconf 86' lang='lat' dir='ltr'>potentia</span> 
     </span>
    </p>
   </div>
   <div class='ocr_carea' id='block_1_80' title="bbox 2004 2165 3652 2245">
    <p class='ocr_par' dir='ltr' id='par_1_80' title="bbox 2004 2165 3652 2245">
     <span class='ocr_line' id='line_1_80' title="bbox 2004 2165 3652 2245; baseline 0.012 -34"><span class='ocrx_word' id='word_1_553' title='bbox 2004 2166 2198 2213; x_wconf 89' lang='lat' dir='ltr'>autem</span> <span class='ocrx_word' id='word_1_554' title='bbox 2231 2169 2527 2231; x_wconf 61' lang='lat' dir='ltr'>praestant.</span> <span class='ocrx_word' id='word_1_555' title='bbox 2579 2165 2848 2223; x_wconf 88' lang='lat' dir='ltr'>Vicissim</span> <span class='ocrx_word' id='word_1_556' title='bbox 2894 2186 3022 2241; x_wconf 75' lang='lat' dir='ltr'>quis</span> <span class='ocrx_word' id='word_1_557' title='bbox 3049 2173 3121 2227; x_wconf 88' lang='lat' dir='ltr'>ab</span> <span class='ocrx_word' id='word_1_558' title='bbox 3145 2173 3368 2228; x_wconf 88' lang='lat' dir='ltr'>unitate</span> <span class='ocrx_word' id='word_1_559' title='bbox 3416 2174 3652 2245; x_wconf 80' lang='lat' dir='ltr'>longius</span> 
     </span>
    </p>
   </div>
   <div class='ocr_carea' id='block_1_81' title="bbox 2005 2248 3648 2329">
    <p class='ocr_par' dir='ltr' id='par_1_81' title="bbox 2005 2248 3648 2329">
     <span class='ocr_line' id='line_1_81' title="bbox 2005 2248 3648 2329; baseline 0.012 -29"><span class='ocrx_word' id='word_1_560' title='bbox 2005 2248 2304 2315; x_wconf 79' lang='lat' dir='ltr'>recedunt,</span> <span class='ocrx_word' id='word_1_561' title='bbox 2340 2268 2583 2309; x_wconf 88' lang='lat' dir='ltr'>numero</span> <span class='ocrx_word' id='word_1_562' title='bbox 2614 2254 2913 2326; x_wconf 90' lang='lat' dir='ltr'>plura,sed</span> <span class='ocrx_word' id='word_1_563' title='bbox 2945 2262 3206 2329; x_wconf 88' lang='lat' dir='ltr'>potentia</span> <span class='ocrx_word' id='word_1_564' title='bbox 3235 2264 3464 2319; x_wconf 87' lang='lat' dir='ltr'>minora</span> <span class='ocrx_word' id='word_1_565' title='bbox 3485 2271 3648 2319; x_wconf 88' lang='lat' dir='ltr'>sunt.</span> 
     </span>
    </p>
   </div>
   <div class='ocr_carea' id='block_1_82' title="bbox 2003 2339 3655 2423">
    <p class='ocr_par' dir='ltr' id='par_1_82' title="bbox 2003 2339 3655 2423">
     <span class='ocr_line' id='line_1_82' title="bbox 2003 2339 3655 2423; baseline 0.008 -29"><span class='ocrx_word' id='word_1_566' title='bbox 2003 2339 2300 2412; x_wconf 88' lang='lat' dir='ltr'>Quidquid</span> <span class='ocrx_word' id='word_1_567' title='bbox 2341 2340 2496 2396; x_wconf 86' lang='lat' dir='ltr'>enim</span> <span class='ocrx_word' id='word_1_568' title='bbox 2564 2342 2623 2397; x_wconf 93' lang='lat' dir='ltr'>in</span> <span class='ocrx_word' id='word_1_569' title='bbox 2692 2345 3137 2403; x_wconf 80' lang='lat' dir='ltr'>multitudinem</span> <span class='ocrx_word' id='word_1_570' title='bbox 3194 2350 3338 2418; x_wconf 85' lang='lat' dir='ltr'>abit,</span> <span class='ocrx_word' id='word_1_571' title='bbox 3390 2354 3655 2423; x_wconf 88' lang='lat' dir='ltr'>potentia</span> 
     </span>
    </p>
   </div>
   <div class='ocr_carea' id='block_1_83' title="bbox 2004 2430 3651 2511">
    <p class='ocr_par' dir='ltr' id='par_1_83' title="bbox 2004 2430 3651 2511">
     <span class='ocr_line' id='line_1_83' title="bbox 2004 2430 3651 2511; baseline 0.007 -25"><span class='ocrx_word' id='word_1_572' title='bbox 2004 2430 2312 2499; x_wconf 88' lang='lat' dir='ltr'>minuitur,</span> <span class='ocrx_word' id='word_1_573' title='bbox 2362 2430 2462 2485; x_wconf 91' lang='lat' dir='ltr'>sed</span> <span class='ocrx_word' id='word_1_574' title='bbox 2512 2433 2667 2503; x_wconf 90' lang='lat' dir='ltr'>quod</span> <span class='ocrx_word' id='word_1_575' title='bbox 2714 2435 2932 2503; x_wconf 89' lang='lat' dir='ltr'>unitur,</span> <span class='ocrx_word' id='word_1_576' title='bbox 2981 2439 3242 2508; x_wconf 89' lang='lat' dir='ltr'>potentia</span> <span class='ocrx_word' id='word_1_577' title='bbox 3289 2447 3537 2511; x_wconf 82' lang='lat' dir='ltr'>augetur</span> <span class='ocrx_word' id='word_1_578' title='bbox 3583 2457 3651 2496; x_wconf 92' lang='lat' dir='ltr'>ac</span> 
     </span>
    </p>
   </div>
   <div class='ocr_carea' id='block_1_84' title="bbox 2003 2520 3649 2586">
    <p class='ocr_par' dir='ltr' id='par_1_84' title="bbox 2003 2520 3649 2586">
     <span class='ocr_line' id='line_1_84' title="bbox 2003 2520 3649 2586; baseline 0.005 -10"><span class='ocrx_word' id='word_1_579' title='bbox 2003 2520 2231 2586; x_wconf 87' lang='lat' dir='ltr'>crescit,</span> <span class='ocrx_word' id='word_1_580' title='bbox 2266 2520 2399 2576; x_wconf 88' lang='lat' dir='ltr'>licet</span> <span class='ocrx_word' id='word_1_581' title='bbox 2426 2538 2672 2577; x_wconf 88' lang='lat' dir='ltr'>numero</span> <span class='ocrx_word' id='word_1_582' title='bbox 2704 2522 3229 2581; x_wconf 86' lang='lat' dir='ltr'>minuatur.Unitiu</span> <span class='ocrx_word' id='word_1_583' title='bbox 3260 2528 3416 2583; x_wconf 90' lang='lat' dir='ltr'>enim</span> <span class='ocrx_word' id='word_1_584' title='bbox 3451 2529 3649 2586; x_wconf 89' lang='lat' dir='ltr'>valen-</span> 
     </span>
    </p>
   </div>
   <div class='ocr_carea' id='block_1_85' title="bbox 2002 2608 3650 2686">
    <p class='ocr_par' dir='ltr' id='par_1_85' title="bbox 2002 2608 3650 2686">
     <span class='ocr_line' id='line_1_85' title="bbox 2002 2608 3650 2686; baseline 0.006 -22"><span class='ocrx_word' id='word_1_585' title='bbox 2002 2613 2117 2665; x_wconf 83' lang='lat' dir='ltr'>tior</span> <span class='ocrx_word' id='word_1_586' title='bbox 2162 2614 2271 2677; x_wconf 92' lang='lat' dir='ltr'>est,</span> <span class='ocrx_word' id='word_1_587' title='bbox 2320 2608 2532 2666; x_wconf 89' lang='lat' dir='ltr'>divisio</span> <span class='ocrx_word' id='word_1_588' title='bbox 2576 2610 2977 2669; x_wconf 88' lang='lat' dir='ltr'>multitudinis</span> <span class='ocrx_word' id='word_1_589' title='bbox 3024 2616 3400 2686; x_wconf 86' lang='lat' dir='ltr'>procreatrix.</span> <span class='ocrx_word' id='word_1_590' title='bbox 3454 2617 3650 2674; x_wconf 91' lang='lat' dir='ltr'>Unitio</span> 
     </span>
    </p>
   </div>
   <div class='ocr_carea' id='block_1_86' title="bbox 2005 2699 3354 2772">
    <p class='ocr_par' dir='ltr' id='par_1_86' title="bbox 2005 2699 3354 2772">
     <span class='ocr_line' id='line_1_86' title="bbox 2005 2699 3354 2772; baseline 0.004 -18"><span class='ocrx_word' id='word_1_591' title='bbox 2005 2699 2197 2754; x_wconf 91' lang='lat' dir='ltr'>minor</span> <span class='ocrx_word' id='word_1_592' title='bbox 2226 2715 2492 2767; x_wconf 90' lang='lat' dir='ltr'>numero,</span> <span class='ocrx_word' id='word_1_593' title='bbox 2521 2700 2730 2756; x_wconf 88' lang='lat' dir='ltr'>divisio</span> <span class='ocrx_word' id='word_1_594' title='bbox 2763 2703 3019 2772; x_wconf 88' lang='lat' dir='ltr'>potentia</span> <span class='ocrx_word' id='word_1_595' title='bbox 3045 2703 3354 2759; x_wconf 83' lang='lat' dir='ltr'>inﬁrmior.</span> 
     </span>
    </p>
   </div>
   <div class='ocr_carea' id='block_1_87' title="bbox 2605 2968 3039 3025">
    <p class='ocr_par' dir='ltr' id='par_1_87' title="bbox 2605 2968 3039 3025">
     <span class='ocr_line' id='line_1_87' title="bbox 2605 2968 3039 3025; baseline 0.012 -6"><span class='ocrx_word' id='word_1_596' title='bbox 2605 2968 2693 3021; x_wconf 81' lang='grc'>27.</span> <span class='ocrx_word' id='word_1_597' title='bbox 2724 2968 2799 3023; x_wconf 82' lang='lat' dir='ltr'>De</span> <span class='ocrx_word' id='word_1_598' title='bbox 2826 2970 3039 3025; x_wconf 78' lang='lat' dir='ltr'>anima.</span> 
     </span>
    </p>
   </div>
   <div class='ocr_carea' id='block_1_88' title="bbox 2072 3055 3649 3131">
    <p class='ocr_par' dir='ltr' id='par_1_88' title="bbox 2072 3055 3649 3131">
     <span class='ocr_line' id='line_1_88' title="bbox 2072 3055 3649 3131; baseline 0.006 -22"><span class='ocrx_word' id='word_1_599' title='bbox 2072 3055 2214 3110; x_wconf 88' lang='lat' dir='ltr'>Tres</span> <span class='ocrx_word' id='word_1_600' title='bbox 2244 3060 2386 3110; x_wconf 88' lang='lat' dir='ltr'>sunt</span> <span class='ocrx_word' id='word_1_601' title='bbox 2431 3055 2637 3110; x_wconf 68' lang='lat' dir='ltr'>animae</span> <span class='ocrx_word' id='word_1_602' title='bbox 2686 3057 3013 3127; x_wconf 87' lang='lat' dir='ltr'>passiones.</span> <span class='ocrx_word' id='word_1_603' title='bbox 3057 3059 3254 3115; x_wconf 90' lang='lat' dir='ltr'>Prima</span> <span class='ocrx_word' id='word_1_604' title='bbox 3300 3060 3540 3131; x_wconf 89' lang='lat' dir='ltr'>quidem</span> <span class='ocrx_word' id='word_1_605' title='bbox 3590 3067 3649 3118; x_wconf 86' lang='lat' dir='ltr'>et</span> 
     </span>
    </p>
   </div>
   <div class='ocr_carea' id='block_1_89' title="bbox 2012 3143 3649 3220">
    <p class='ocr_par' dir='ltr' id='par_1_89' title="bbox 2012 3143 3649 3220">
     <span class='ocr_line' id='line_1_89' title="bbox 2012 3143 3649 3220; baseline 0.004 -20"><span class='ocrx_word' id='word_1_606' title='bbox 2012 3162 2248 3201; x_wconf 88' lang='lat' dir='ltr'>summa</span> <span class='ocrx_word' id='word_1_607' title='bbox 2274 3143 2874 3216; x_wconf 83' lang='lat' dir='ltr'>quaintelligibilibus</span> <span class='ocrx_word' id='word_1_608' title='bbox 2890 3148 3290 3219; x_wconf 79' lang='lat' dir='ltr'>cunjungitur,</span> <span class='ocrx_word' id='word_1_609' title='bbox 3314 3149 3649 3220; x_wconf 80' lang='lat' dir='ltr'>intelligen-</span> 
     </span>
    </p>
   </div>
   <div class='ocr_carea' id='block_1_90' title="bbox 2014 3232 3656 3308">
    <p class='ocr_par' dir='ltr' id='par_1_90' title="bbox 2014 3232 3656 3308">
     <span class='ocr_line' id='line_1_90' title="bbox 2014 3232 3656 3308; baseline 0.002 -19"><span class='ocrx_word' id='word_1_610' title='bbox 2014 3234 2095 3289; x_wconf 89' lang='lat' dir='ltr'>tia</span> <span class='ocrx_word' id='word_1_611' title='bbox 2115 3232 2464 3304; x_wconf 85' lang='lat' dir='ltr'>appellatur.</span> <span class='ocrx_word' id='word_1_612' title='bbox 2488 3234 2694 3288; x_wconf 87' lang='lat' dir='ltr'>Inﬁma</span> <span class='ocrx_word' id='word_1_613' title='bbox 2717 3250 2835 3305; x_wconf 90' lang='lat' dir='ltr'>qua</span> <span class='ocrx_word' id='word_1_614' title='bbox 2865 3252 2959 3289; x_wconf 89' lang='lat' dir='ltr'>res</span> <span class='ocrx_word' id='word_1_615' title='bbox 2990 3236 3235 3291; x_wconf 84' lang='lat' dir='ltr'>sensiles</span> <span class='ocrx_word' id='word_1_616' title='bbox 3271 3254 3373 3308; x_wconf 88' lang='lat' dir='ltr'>per</span> <span class='ocrx_word' id='word_1_617' title='bbox 3414 3254 3656 3293; x_wconf 75' lang='lat' dir='ltr'>sensum</span> 
     </span>
    </p>
   </div>
   <div class='ocr_carea' id='block_1_91' title="bbox 2001 3321 3653 3396">
    <p class='ocr_par' dir='ltr' id='par_1_91' title="bbox 2001 3321 3653 3396">
     <span class='ocr_line' id='line_1_91' title="bbox 2001 3321 3653 3396; baseline 0.002 -18"><span class='ocrx_word' id='word_1_618' title='bbox 2001 3337 2378 3379; x_wconf 88' lang='lat' dir='ltr'>communem</span> <span class='ocrx_word' id='word_1_619' title='bbox 2431 3321 2865 3392; x_wconf 86' lang='lat' dir='ltr'>cognoscimus,</span> <span class='ocrx_word' id='word_1_620' title='bbox 2917 3323 3132 3378; x_wconf 86' lang='lat' dir='ltr'>dicitur</span> <span class='ocrx_word' id='word_1_621' title='bbox 3170 3325 3388 3394; x_wconf 90' lang='lat' dir='ltr'>opinio.</span> <span class='ocrx_word' id='word_1_622' title='bbox 3440 3326 3653 3396; x_wconf 87' lang='lat' dir='ltr'>Media,</span> 
     </span>
    </p>
   </div>
   <div class='ocr_carea' id='block_1_92' title="bbox 2002 3410 3654 3484">
    <p class='ocr_par' dir='ltr' id='par_1_92' title="bbox 2002 3410 3654 3484">
     <span class='ocr_line' id='line_1_92' title="bbox 2002 3410 3654 3484; baseline 0.002 -19"><span class='ocrx_word' id='word_1_623' title='bbox 2002 3428 2128 3482; x_wconf 65' lang='lat' dir='ltr'>qua:</span> <span class='ocrx_word' id='word_1_624' title='bbox 2152 3410 2520 3466; x_wconf 86' lang='lat' dir='ltr'>ascendendo</span> <span class='ocrx_word' id='word_1_625' title='bbox 2543 3414 2600 3465; x_wconf 89' lang='lat' dir='ltr'>et</span> <span class='ocrx_word' id='word_1_626' title='bbox 2618 3411 3028 3467; x_wconf 74' lang='lat' dir='ltr'>descendendo</span> <span class='ocrx_word' id='word_1_627' title='bbox 3051 3412 3325 3483; x_wconf 87' lang='lat' dir='ltr'>colligere</span> <span class='ocrx_word' id='word_1_628' title='bbox 3358 3421 3492 3484; x_wconf 88' lang='lat' dir='ltr'>apta</span> <span class='ocrx_word' id='word_1_629' title='bbox 3516 3419 3654 3469; x_wconf 86' lang='lat' dir='ltr'>nata</span> 
     </span>
    </p>
   </div>
   <div class='ocr_carea' id='block_1_93' title="bbox 2003 3498 3657 3571">
    <p class='ocr_par' dir='ltr' id='par_1_93' title="bbox 2003 3498 3657 3571">
     <span class='ocr_line' id='line_1_93' title="bbox 2003 3498 3657 3571; baseline 0.002 -16"><span class='ocrx_word' id='word_1_630' title='bbox 2003 3507 2303 3569; x_wconf 83' lang='lat' dir='ltr'>est.Atque</span> <span class='ocrx_word' id='word_1_631' title='bbox 2316 3498 2492 3554; x_wconf 87' lang='lat' dir='ltr'>homo</span> <span class='ocrx_word' id='word_1_632' title='bbox 2508 3498 2743 3569; x_wconf 87' lang='lat' dir='ltr'>quidem</span> <span class='ocrx_word' id='word_1_633' title='bbox 2760 3500 3657 3571; x_wconf 84' lang='lat' dir='ltr'>hactenus,mens,ratiocinatio,</span> 
     </span>
    </p>
   </div>
   <div class='ocr_carea' id='block_1_94' title="bbox 2002 3587 3653 3661">
    <p class='ocr_par' dir='ltr' id='par_1_94' title="bbox 2002 3587 3653 3661">
     <span class='ocr_line' id='line_1_94' title="bbox 2002 3587 3653 3661; baseline 0.001 -16"><span class='ocrx_word' id='word_1_634' title='bbox 2002 3589 2197 3661; x_wconf 90' lang='lat' dir='ltr'>opinio</span> <span class='ocrx_word' id='word_1_635' title='bbox 2231 3605 2243 3644; x_wconf 90' lang='lat'><strong>:</strong></span> <span class='ocrx_word' id='word_1_636' title='bbox 2277 3589 2434 3659; x_wconf 85' lang='lat' dir='ltr'>quod</span> <span class='ocrx_word' id='word_1_637' title='bbox 2465 3593 2736 3659; x_wconf 85' lang='lat' dir='ltr'>superest</span> <span class='ocrx_word' id='word_1_638' title='bbox 2768 3587 2987 3642; x_wconf 88' lang='lat' dir='ltr'>animal</span> <span class='ocrx_word' id='word_1_639' title='bbox 3017 3592 3129 3656; x_wconf 88' lang='lat' dir='ltr'>est,</span> <span class='ocrx_word' id='word_1_640' title='bbox 3163 3593 3375 3644; x_wconf 88' lang='lat' dir='ltr'>natura</span> <span class='ocrx_word' id='word_1_641' title='bbox 3403 3590 3566 3647; x_wconf 87' lang='lat' dir='ltr'>varia</span> <span class='ocrx_word' id='word_1_642' title='bbox 3586 3608 3653 3647; x_wconf 88' lang='lat' dir='ltr'>ac</span> 
     </span>
    </p>
   </div>
   <div class='ocr_carea' id='block_1_95' title="bbox 2001 3676 3649 3749">
    <p class='ocr_par' dir='ltr' id='par_1_95' title="bbox 2001 3676 3649 3749">
     <span class='ocr_line' id='line_1_95' title="bbox 2001 3676 3649 3749; baseline 0 -15"><span class='ocrx_word' id='word_1_643' title='bbox 2001 3677 2329 3749; x_wconf 78' lang='lat' dir='ltr'>multiplex.</span> <span class='ocrx_word' id='word_1_644' title='bbox 2363 3694 2498 3748; x_wconf 75' lang='lat' dir='ltr'>pars</span> <span class='ocrx_word' id='word_1_645' title='bbox 2530 3676 2739 3731; x_wconf 67' lang='lat' dir='ltr'>divinae</span> <span class='ocrx_word' id='word_1_646' title='bbox 2770 3676 2946 3732; x_wconf 88' lang='lat' dir='ltr'>sortis</span> <span class='ocrx_word' id='word_1_647' title='bbox 2977 3676 3292 3749; x_wconf 84' lang='lat' dir='ltr'>particeps,</span> <span class='ocrx_word' id='word_1_648' title='bbox 3329 3694 3465 3749; x_wconf 89' lang='lat' dir='ltr'>pars</span> <span class='ocrx_word' id='word_1_649' title='bbox 3510 3695 3649 3734; x_wconf 83' lang='lat' dir='ltr'>con-</span> 
     </span>
    </p>
   </div>
   <div class='ocr_carea' id='block_1_96' title="bbox 2003 3764 3651 3838">
    <p class='ocr_par' dir='ltr' id='par_1_96' title="bbox 2003 3764 3651 3838">
     <span class='ocr_line' id='line_1_96' title="bbox 2003 3764 3651 3838; baseline -0.001 -14"><span class='ocrx_word' id='word_1_650' title='bbox 2003 3767 2362 3838; x_wconf 86' lang='lat' dir='ltr'>cupisccntia</span> <span class='ocrx_word' id='word_1_651' title='bbox 2395 3764 2705 3835; x_wconf 87' lang='lat' dir='ltr'>multiceps</span> <span class='ocrx_word' id='word_1_652' title='bbox 2740 3766 2951 3831; x_wconf 88' lang='lat' dir='ltr'>bestia,</span> <span class='ocrx_word' id='word_1_653' title='bbox 2984 3772 3041 3820; x_wconf 82' lang='lat' dir='ltr'>et</span> <span class='ocrx_word' id='word_1_654' title='bbox 3073 3764 3159 3821; x_wconf 84' lang='lat' dir='ltr'>ira</span> <span class='ocrx_word' id='word_1_655' title='bbox 3189 3766 3381 3837; x_wconf 88' lang='lat' dir='ltr'>qualis</span> <span class='ocrx_word' id='word_1_656' title='bbox 3410 3772 3500 3823; x_wconf 89' lang='lat' dir='ltr'>est</span> <span class='ocrx_word' id='word_1_657' title='bbox 3530 3766 3651 3823; x_wconf 87' lang='lat' dir='ltr'>leo-</span> 
     </span>
    </p>
   </div>
   <div class='ocr_carea' id='block_1_97' title="bbox 2003 3852 3654 3928">
    <p class='ocr_par' dir='ltr' id='par_1_97' title="bbox 2003 3852 3654 3928">
     <span class='ocr_line' id='line_1_97' title="bbox 2003 3852 3654 3928; baseline -0.001 -16"><span class='ocrx_word' id='word_1_658' title='bbox 2003 3875 2146 3912; x_wconf 88' lang='lat' dir='ltr'>num</span> <span class='ocrx_word' id='word_1_659' title='bbox 2179 3873 2192 3911; x_wconf 93' lang='lat'>:</span> <span class='ocrx_word' id='word_1_660' title='bbox 2227 3855 2328 3911; x_wconf 87' lang='lat' dir='ltr'>sed</span> <span class='ocrx_word' id='word_1_661' title='bbox 2361 3870 2531 3909; x_wconf 87' lang='lat' dir='ltr'>verus</span> <span class='ocrx_word' id='word_1_662' title='bbox 2566 3852 2739 3909; x_wconf 90' lang='lat' dir='ltr'>homo</span> <span class='ocrx_word' id='word_1_663' title='bbox 2773 3854 2917 3909; x_wconf 88' lang='lat' dir='ltr'>ratio</span> <span class='ocrx_word' id='word_1_664' title='bbox 2948 3859 3056 3911; x_wconf 89' lang='lat' dir='ltr'>est.</span> <span class='ocrx_word' id='word_1_665' title='bbox 3104 3854 3350 3911; x_wconf 83' lang='lat' dir='ltr'>Exsistit</span> <span class='ocrx_word' id='word_1_666' title='bbox 3390 3873 3564 3928; x_wconf 88' lang='lat' dir='ltr'>porro</span> <span class='ocrx_word' id='word_1_667' title='bbox 3596 3859 3654 3912; x_wconf 89' lang='lat' dir='ltr'>et</span> 
     </span>
    </p>
   </div>
   <div class='ocr_carea' id='block_1_98' title="bbox 2002 3942 3652 4017">
    <p class='ocr_par' dir='ltr' id='par_1_98' title="bbox 2002 3942 3652 4017">
     <span class='ocr_line' id='line_1_98' title="bbox 2002 3942 3652 4017; baseline 0 -16"><span class='ocrx_word' id='word_1_668' title='bbox 2002 3945 2153 4001; x_wconf 87' lang='lat' dir='ltr'>alius</span> <span class='ocrx_word' id='word_1_669' title='bbox 2182 3944 2358 4001; x_wconf 90' lang='lat' dir='ltr'>homo</span> <span class='ocrx_word' id='word_1_670' title='bbox 2390 3942 2640 3998; x_wconf 89' lang='lat' dir='ltr'>divinior</span> <span class='ocrx_word' id='word_1_671' title='bbox 2673 3944 2998 4014; x_wconf 86' lang='lat' dir='ltr'>veriorque,</span> <span class='ocrx_word' id='word_1_672' title='bbox 3031 3943 3441 4015; x_wconf 81' lang='lat' dir='ltr'>intelligibilis,</span> <span class='ocrx_word' id='word_1_673' title='bbox 3476 3961 3652 4017; x_wconf 90' lang='lat' dir='ltr'>quem</span> 
     </span>
    </p>
   </div>
   <div class='ocr_carea' id='block_1_99' title="bbox 2002 4031 3643 4105">
    <p class='ocr_par' dir='ltr' id='par_1_99' title="bbox 2002 4031 3643 4105">
     <span class='ocr_line' id='line_1_99' title="bbox 2002 4031 3643 4105; baseline 0.002 -19"><span class='ocrx_word' id='word_1_674' title='bbox 2002 4032 2389 4105; x_wconf 74' lang='grc' dir='ltr'>αὐτάνθρωπον</span> <span class='ocrx_word' id='word_1_675' title='bbox 2433 4031 2832 4104; x_wconf 89' lang='lat' dir='ltr'>ipshominem</span> <span class='ocrx_word' id='word_1_676' title='bbox 2864 4032 2986 4088; x_wconf 89' lang='lat' dir='ltr'>sive</span> <span class='ocrx_word' id='word_1_677' title='bbox 3017 4032 3207 4089; x_wconf 77' lang='lat' dir='ltr'>idenm</span> <span class='ocrx_word' id='word_1_678' title='bbox 3256 4032 3517 4089; x_wconf 91' lang='lat' dir='ltr'>hominis</span> <span class='ocrx_word' id='word_1_679' title='bbox 3546 4050 3643 4089; x_wconf 87' lang='lat' dir='ltr'>vo-</span> 
     </span>
    </p>
   </div>
   <div class='ocr_carea' id='block_1_100' title="bbox 2001 4121 3649 4194">
    <p class='ocr_par' dir='ltr' id='par_1_100' title="bbox 2001 4121 3649 4194">
     <span class='ocr_line' id='line_1_100' title="bbox 2001 4121 3649 4194; baseline 0.001 -17"><span class='ocrx_word' id='word_1_680' title='bbox 2001 4127 2135 4177; x_wconf 76' lang='lat' dir='ltr'>cant</span> <span class='ocrx_word' id='word_1_681' title='bbox 2165 4121 2263 4194; x_wconf 91' lang='lat' dir='ltr'>qui</span> <span class='ocrx_word' id='word_1_682' title='bbox 2288 4121 2551 4177; x_wconf 86' lang='lat' dir='ltr'>idearum</span> <span class='ocrx_word' id='word_1_683' title='bbox 2582 4138 2648 4176; x_wconf 91' lang='lat' dir='ltr'>ac</span> <span class='ocrx_word' id='word_1_684' title='bbox 2668 4122 2998 4192; x_wconf 88' lang='lat' dir='ltr'>specierum</span> <span class='ocrx_word' id='word_1_685' title='bbox 3030 4122 3527 4194; x_wconf 87' lang='lat' dir='ltr'>contemplatione</span> <span class='ocrx_word' id='word_1_686' title='bbox 3552 4123 3649 4179; x_wconf 90' lang='lat' dir='ltr'>ob-</span> 
     </span>
    </p>
   </div>
   <div class='ocr_carea' id='block_1_101' title="bbox 2000 4209 3655 4282">
    <p class='ocr_par' dir='ltr' id='par_1_101' title="bbox 2000 4209 3655 4282">
     <span class='ocr_line' id='line_1_101' title="bbox 2000 4209 3655 4282; baseline 0 -15"><span class='ocrx_word' id='word_1_687' title='bbox 2000 4212 2311 4267; x_wconf 85' lang='lat' dir='ltr'>lectantur.</span> <span class='ocrx_word' id='word_1_688' title='bbox 2345 4209 2573 4282; x_wconf 75' lang='lat' dir='ltr'>Triplex</span> <span class='ocrx_word' id='word_1_689' title='bbox 2602 4209 2784 4281; x_wconf 80' lang='lat' dir='ltr'>igitur</span> <span class='ocrx_word' id='word_1_690' title='bbox 2814 4212 2988 4266; x_wconf 91' lang='lat' dir='ltr'>homo</span> <span class='ocrx_word' id='word_1_691' title='bbox 3021 4211 3213 4278; x_wconf 87' lang='lat' dir='ltr'>datur,</span> <span class='ocrx_word' id='word_1_692' title='bbox 3250 4228 3404 4267; x_wconf 91' lang='lat' dir='ltr'>unus</span> <span class='ocrx_word' id='word_1_693' title='bbox 3438 4211 3655 4267; x_wconf 88' lang='lat' dir='ltr'>intelli-</span> 
     </span>
    </p>
   </div>
   <div class='ocr_carea' id='block_1_102' title="bbox 1999 4298 3653 4373">
    <p class='ocr_par' dir='ltr' id='par_1_102' title="bbox 1999 4298 3653 4373">
     <span class='ocr_line' id='line_1_102' title="bbox 1999 4298 3653 4373; baseline 0.002 -20"><span class='ocrx_word' id='word_1_694' title='bbox 1999 4298 2337 4373; x_wconf 88' lang='lat' dir='ltr'>gibilis,iste</span> <span class='ocrx_word' id='word_1_695' title='bbox 2368 4303 2424 4353; x_wconf 84' lang='lat' dir='ltr'>et</span> <span class='ocrx_word' id='word_1_696' title='bbox 2447 4298 2655 4353; x_wconf 90' lang='lat' dir='ltr'>unicus</span> <span class='ocrx_word' id='word_1_697' title='bbox 2686 4316 2751 4353; x_wconf 91' lang='lat' dir='ltr'>ac</span> <span class='ocrx_word' id='word_1_698' title='bbox 2774 4298 3060 4370; x_wconf 59' lang='lat' dir='ltr'>simplex;</span> <span class='ocrx_word' id='word_1_699' title='bbox 3095 4299 3242 4354; x_wconf 87' lang='lat' dir='ltr'>alter</span> <span class='ocrx_word' id='word_1_700' title='bbox 3262 4300 3653 4369; x_wconf 87' lang='lat' dir='ltr'>rationabilis,</span> 
     </span>
    </p>
   </div>
   <div class='ocr_carea' id='block_1_103' title="bbox 1999 4385 3653 4459">
    <p class='ocr_par' dir='ltr' id='par_1_103' title="bbox 1999 4385 3653 4459">
     <span class='ocr_line' id='line_1_103' title="bbox 1999 4385 3653 4459; baseline -0.001 -15"><span class='ocrx_word' id='word_1_701' title='bbox 1999 4389 2188 4444; x_wconf 82' lang='lat' dir='ltr'>tribus</span> <span class='ocrx_word' id='word_1_702' title='bbox 2225 4386 2601 4442; x_wconf 81' lang='lat' dir='ltr'>facultatibus</span> <span class='ocrx_word' id='word_1_703' title='bbox 2658 4403 2724 4443; x_wconf 90' lang='lat' dir='ltr'>ac</span> <span class='ocrx_word' id='word_1_704' title='bbox 2758 4385 2932 4443; x_wconf 84' lang='lat' dir='ltr'>veluti</span> <span class='ocrx_word' id='word_1_705' title='bbox 2992 4388 3259 4459; x_wconf 86' lang='lat' dir='ltr'>partibus</span> <span class='ocrx_word' id='word_1_706' title='bbox 3318 4394 3602 4445; x_wconf 79' lang='lat' dir='ltr'>constans</span> <span class='ocrx_word' id='word_1_707' title='bbox 3639 4405 3653 4443; x_wconf 90' lang='lat'>:</span> 
     </span>
    </p>
   </div>
   <div class='ocr_carea' id='block_1_104' title="bbox 1998 4474 3653 4548">
    <p class='ocr_par' dir='ltr' id='par_1_104' title="bbox 1998 4474 3653 4548">
     <span class='ocr_line' id='line_1_104' title="bbox 1998 4474 3653 4548; baseline 0.001 -17"><span class='ocrx_word' id='word_1_708' title='bbox 1998 4476 2205 4531; x_wconf 81' lang='lat' dir='ltr'>tertius</span> <span class='ocrx_word' id='word_1_709' title='bbox 2248 4474 2550 4531; x_wconf 84' lang='lat' dir='ltr'>sensibilis</span> <span class='ocrx_word' id='word_1_710' title='bbox 2598 4479 2654 4531; x_wconf 92' lang='lat' dir='ltr'>et</span> <span class='ocrx_word' id='word_1_711' title='bbox 2698 4474 3005 4548; x_wconf 86' lang='lat' dir='ltr'>multiplex</span> <span class='ocrx_word' id='word_1_712' title='bbox 3053 4476 3388 4548; x_wconf 88' lang='lat' dir='ltr'>variusque.</span> <span class='ocrx_word' id='word_1_713' title='bbox 3433 4481 3653 4533; x_wconf 85' lang='lat' dir='ltr'>Sumus</span> 
     </span>
    </p>
   </div>
   <div class='ocr_carea' id='block_1_105' title="bbox 1918 4556 3648 4636">
    <p class='ocr_par' dir='ltr' id='par_1_105' title="bbox 1918 4556 3648 4636">
     <span class='ocr_line' id='line_1_105' title="bbox 1918 4556 3648 4636; baseline 0.001 -15"><span class='ocrx_word' id='word_1_714' title='bbox 1918 4556 1965 4621; x_wconf 89' lang='lat' dir='ltr'><strong>D</strong></span> <span class='ocrx_word' id='word_1_715' title='bbox 1998 4570 2195 4622; x_wconf 87' lang='lat' dir='ltr'>autem</span> <span class='ocrx_word' id='word_1_716' title='bbox 2227 4563 2284 4619; x_wconf 89' lang='lat' dir='ltr'>id</span> <span class='ocrx_word' id='word_1_717' title='bbox 2317 4565 2473 4636; x_wconf 90' lang='lat' dir='ltr'>quod</span> <span class='ocrx_word' id='word_1_718' title='bbox 2517 4564 2742 4621; x_wconf 89' lang='lat' dir='ltr'>ratione</span> <span class='ocrx_word' id='word_1_719' title='bbox 2790 4568 2849 4620; x_wconf 88' lang='lat' dir='ltr'>et</span> <span class='ocrx_word' id='word_1_720' title='bbox 2895 4565 3361 4623; x_wconf 86' lang='lat' dir='ltr'>consideratione</span> <span class='ocrx_word' id='word_1_721' title='bbox 3414 4567 3648 4623; x_wconf 89' lang='lat' dir='ltr'>utitur:</span> 
     </span>
    </p>
   </div>
   <div class='ocr_carea' id='block_1_106' title="bbox 1999 4651 3212 4726">
    <p class='ocr_par' dir='ltr' id='par_1_106' title="bbox 1999 4651 3212 4726">
     <span class='ocr_line' id='line_1_106' title="bbox 1999 4651 3212 4726; baseline 0 -16"><span class='ocrx_word' id='word_1_722' title='bbox 1999 4654 2199 4710; x_wconf 89' lang='lat' dir='ltr'>anima</span> <span class='ocrx_word' id='word_1_723' title='bbox 2226 4653 2383 4709; x_wconf 90' lang='lat' dir='ltr'>enim</span> <span class='ocrx_word' id='word_1_724' title='bbox 2415 4653 2702 4724; x_wconf 87' lang='lat' dir='ltr'>cujusque</span> <span class='ocrx_word' id='word_1_725' title='bbox 2732 4651 2784 4709; x_wconf 91' lang='lat' dir='ltr'>is</span> <span class='ocrx_word' id='word_1_726' title='bbox 2815 4657 2904 4709; x_wconf 92' lang='lat' dir='ltr'>est</span> <span class='ocrx_word' id='word_1_727' title='bbox 2935 4653 3212 4726; x_wconf 92' lang='lat' dir='ltr'>quisque.</span> 
     </span>
    </p>
   </div>
   <div class='ocr_carea' id='block_1_107' title="bbox 2591 4761 3038 4817">
    <p class='ocr_par' dir='ltr' id='par_1_107' title="bbox 2591 4761 3038 4817">
     <span class='ocr_line' id='line_1_107' title="bbox 2591 4761 3038 4817; baseline 0.004 -2"><span class='ocrx_word' id='word_1_728' title='bbox 2591 4761 2681 4815; x_wconf 89' lang='lat'>28.</span> <span class='ocrx_word' id='word_1_729' title='bbox 2716 4764 2798 4817; x_wconf 86' lang='lat' dir='ltr'>De</span> <span class='ocrx_word' id='word_1_730' title='bbox 2826 4762 3038 4817; x_wconf 77' lang='lat' dir='ltr'>anima.</span> 
     </span>
    </p>
   </div>
   <div class='ocr_carea' id='block_1_108' title="bbox 2072 4850 3656 4921">
    <p class='ocr_par' dir='ltr' id='par_1_108' title="bbox 2072 4850 3656 4921">
     <span class='ocr_line' id='line_1_108' title="bbox 2072 4850 3656 4921; baseline 0.001 -16"><span class='ocrx_word' id='word_1_731' title='bbox 2072 4852 2227 4906; x_wconf 90' lang='lat' dir='ltr'>Inter</span> <span class='ocrx_word' id='word_1_732' title='bbox 2256 4850 2488 4905; x_wconf 72' lang='lat' dir='ltr'>Graeciaa</span> <span class='ocrx_word' id='word_1_733' title='bbox 2518 4850 2812 4921; x_wconf 88' lang='lat' dir='ltr'>sapientes</span> <span class='ocrx_word' id='word_1_734' title='bbox 2844 4850 3003 4906; x_wconf 86' lang='lat' dir='ltr'>Plato</span> <span class='ocrx_word' id='word_1_735' title='bbox 3032 4855 3090 4906; x_wconf 89' lang='lat' dir='ltr'>et</span> <span class='ocrx_word' id='word_1_736' title='bbox 3115 4850 3455 4907; x_wconf 84' lang='lat' dir='ltr'>Aristoteles</span> <span class='ocrx_word' id='word_1_737' title='bbox 3486 4852 3656 4907; x_wconf 89' lang='lat' dir='ltr'>aiunt</span> 
     </span>
    </p>
   </div>
   <div class='ocr_carea' id='block_1_109' title="bbox 2000 4940 3655 5010">
    <p class='ocr_par' dir='ltr' id='par_1_109' title="bbox 2000 4940 3655 5010">
     <span class='ocr_line' id='line_1_109' title="bbox 2000 4940 3655 5010; baseline 0.001 -16"><span class='ocrx_word' id='word_1_738' title='bbox 2000 4941 2259 4996; x_wconf 88' lang='lat' dir='ltr'>animam</span> <span class='ocrx_word' id='word_1_739' title='bbox 2304 4955 2545 5010; x_wconf 90' lang='lat' dir='ltr'>corpore</span> <span class='ocrx_word' id='word_1_740' title='bbox 2605 4940 2686 4993; x_wconf 90' lang='lat' dir='ltr'>uti</span> <span class='ocrx_word' id='word_1_741' title='bbox 2740 4946 3021 5010; x_wconf 86' lang='lat' dir='ltr'>tanquam</span> <span class='ocrx_word' id='word_1_742' title='bbox 3081 4941 3496 4996; x_wconf 83' lang='lat' dir='ltr'>instrumento.</span> <span class='ocrx_word' id='word_1_743' title='bbox 3551 4942 3655 4997; x_wconf 77' lang='lat' dir='ltr'>Ars</span> 
     </span>
    </p>
   </div>
   <div class='ocr_carea' id='block_1_110' title="bbox 1996 5026 3655 5102">
    <p class='ocr_par' dir='ltr' id='par_1_110' title="bbox 1996 5026 3655 5102">
     <span class='ocr_line' id='line_1_110' title="bbox 1996 5026 3655 5102; baseline 0.001 -18"><span class='ocrx_word' id='word_1_744' title='bbox 1996 5030 2167 5097; x_wconf 79' lang='lat' dir='ltr'>enim,</span> <span class='ocrx_word' id='word_1_745' title='bbox 2198 5027 2390 5098; x_wconf 84' lang='lat' dir='ltr'>inquit</span> <span class='ocrx_word' id='word_1_746' title='bbox 2417 5026 3395 5100; x_wconf 71' lang='lat' dir='ltr'>Aristoteles,inslrumentis,anima</span> <span class='ocrx_word' id='word_1_747' title='bbox 3423 5046 3655 5102; x_wconf 75' lang='lat' dir='ltr'>corpore</span> 
     </span>
    </p>
   </div>
   <div class='ocr_carea' id='block_1_111' title="bbox 1999 5115 3655 5190">
    <p class='ocr_par' dir='ltr' id='par_1_111' title="bbox 1999 5115 3655 5190">
     <span class='ocr_line' id='line_1_111' title="bbox 1999 5115 3655 5190; baseline 0.002 -17"><span class='ocrx_word' id='word_1_748' title='bbox 1999 5118 2228 5187; x_wconf 70' lang='lat' dir='ltr'>indiget.</span> <span class='ocrx_word' id='word_1_749' title='bbox 2263 5122 2330 5170; x_wconf 80' lang='lat' dir='ltr'>At</span> <span class='ocrx_word' id='word_1_750' title='bbox 2373 5115 2741 5186; x_wconf 85' lang='lat' dir='ltr'>Peripatetici</span> <span class='ocrx_word' id='word_1_751' title='bbox 2798 5117 3133 5190; x_wconf 88' lang='lat' dir='ltr'>philosophi</span> <span class='ocrx_word' id='word_1_752' title='bbox 3176 5120 3461 5188; x_wconf 89' lang='lat' dir='ltr'>animam,</span> <span class='ocrx_word' id='word_1_753' title='bbox 3493 5120 3655 5176; x_wconf 87' lang='lat' dir='ltr'>velut</span> 
     </span>
    </p>
   </div>
   <div class='ocr_carea' id='block_1_112' title="bbox 1999 5205 3651 5281">
    <p class='ocr_par' dir='ltr' id='par_1_112' title="bbox 1999 5205 3651 5281">
     <span class='ocr_line' id='line_1_112' title="bbox 1999 5205 3651 5281; baseline 0.003 -20"><span class='ocrx_word' id='word_1_754' title='bbox 1999 5207 2247 5261; x_wconf 77' lang='lat' dir='ltr'>formam</span> <span class='ocrx_word' id='word_1_755' title='bbox 2283 5205 2557 5273; x_wconf 64' lang='lat' dir='ltr'>materiis,</span> <span class='ocrx_word' id='word_1_756' title='bbox 2588 5205 2966 5262; x_wconf 66' lang='lat' dir='ltr'>inhaerentem</span> <span class='ocrx_word' id='word_1_757' title='bbox 2993 5207 3221 5281; x_wconf 89' lang='lat' dir='ltr'>corpori</span> <span class='ocrx_word' id='word_1_758' title='bbox 3252 5208 3563 5281; x_wconf 89' lang='lat' dir='ltr'>implicant</span> <span class='ocrx_word' id='word_1_759' title='bbox 3585 5226 3651 5266; x_wconf 86' lang='lat' dir='ltr'>ac</span> 
     </span>
    </p>
   </div>
   <div class='ocr_carea' id='block_1_113' title="bbox 2000 5292 3651 5371">
    <p class='ocr_par' dir='ltr' id='par_1_113' title="bbox 2000 5292 3651 5371">
     <span class='ocr_line' id='line_1_113' title="bbox 2000 5292 3651 5371; baseline 0.004 -22"><span class='ocrx_word' id='word_1_760' title='bbox 2000 5293 2373 5367; x_wconf 87' lang='lat' dir='ltr'>permiscent.</span> <span class='ocrx_word' id='word_1_761' title='bbox 2407 5292 2718 5350; x_wconf 82' lang='lat' dir='ltr'>Cleanthes</span> <span class='ocrx_word' id='word_1_762' title='bbox 2766 5300 2824 5350; x_wconf 90' lang='lat' dir='ltr'>et</span> <span class='ocrx_word' id='word_1_763' title='bbox 2861 5296 3122 5352; x_wconf 84' lang='lat' dir='ltr'>animam</span> <span class='ocrx_word' id='word_1_764' title='bbox 3177 5297 3388 5353; x_wconf 87' lang='lat' dir='ltr'>statuit</span> <span class='ocrx_word' id='word_1_765' title='bbox 3437 5314 3651 5371; x_wconf 89' lang='lat' dir='ltr'>corpus</span> 
     </span>
    </p>
   </div>
   <div class='ocr_carea' id='block_1_114' title="bbox 1998 5386 3647 5458">
    <p class='ocr_par' dir='ltr' id='par_1_114' title="bbox 1998 5386 3647 5458">
     <span class='ocr_line' id='line_1_114' title="bbox 1998 5386 3647 5458; baseline 0.003 -18"><span class='ocrx_word' id='word_1_766' title='bbox 1998 5401 2148 5451; x_wconf 91' lang='lat' dir='ltr'>esse,</span> <span class='ocrx_word' id='word_1_767' title='bbox 2184 5388 2383 5456; x_wconf 91' lang='lat' dir='ltr'>utpote</span> <span class='ocrx_word' id='word_1_768' title='bbox 2413 5399 2540 5454; x_wconf 67' lang='lat' dir='ltr'>quae</span> <span class='ocrx_word' id='word_1_769' title='bbox 2572 5386 2760 5455; x_wconf 87' lang='lat' dir='ltr'>possit</span> <span class='ocrx_word' id='word_1_770' title='bbox 2791 5403 2824 5440; x_wconf 88' lang='lat' dir='ltr'>a</span> <span class='ocrx_word' id='word_1_771' title='bbox 2855 5402 3095 5458; x_wconf 89' lang='lat' dir='ltr'>corpore</span> <span class='ocrx_word' id='word_1_772' title='bbox 3126 5389 3282 5457; x_wconf 92' lang='lat' dir='ltr'>quod</span> <span class='ocrx_word' id='word_1_773' title='bbox 3314 5386 3501 5445; x_wconf 89' lang='lat' dir='ltr'>oculis</span> <span class='ocrx_word' id='word_1_774' title='bbox 3525 5405 3647 5445; x_wconf 85' lang='lat' dir='ltr'>cer-</span> 
     </span>
    </p>
   </div>
   <div class='ocr_carea' id='block_1_115' title="bbox 1998 5471 3651 5549">
    <p class='ocr_par' dir='ltr' id='par_1_115' title="bbox 1998 5471 3651 5549">
     <span class='ocr_line' id='line_1_115' title="bbox 1998 5471 3651 5549; baseline 0.002 -21"><span class='ocrx_word' id='word_1_775' title='bbox 1998 5473 2159 5529; x_wconf 89' lang='lat' dir='ltr'>nitur</span> <span class='ocrx_word' id='word_1_776' title='bbox 2191 5471 2452 5544; x_wconf 87' lang='lat' dir='ltr'>separari</span> <span class='ocrx_word' id='word_1_777' title='bbox 2484 5488 2548 5527; x_wconf 85' lang='lat' dir='ltr'>ac</span> <span class='ocrx_word' id='word_1_778' title='bbox 2579 5474 2869 5529; x_wconf 90' lang='lat' dir='ltr'>secedere.</span> <span class='ocrx_word' id='word_1_779' title='bbox 2904 5474 3171 5531; x_wconf 89' lang='lat' dir='ltr'>Plotinus</span> <span class='ocrx_word' id='word_1_780' title='bbox 3204 5481 3379 5549; x_wconf 87' lang='lat' dir='ltr'>negat</span> <span class='ocrx_word' id='word_1_781' title='bbox 3411 5494 3651 5534; x_wconf 89' lang='lat' dir='ltr'>necesse</span> 
     </span>
    </p>
   </div>
   <div class='ocr_carea' id='block_1_116' title="bbox 1999 5561 3647 5635">
    <p class='ocr_par' dir='ltr' id='par_1_116' title="bbox 1999 5561 3647 5635">
     <span class='ocr_line' id='line_1_116' title="bbox 1999 5561 3647 5635; baseline 0 -16"><span class='ocrx_word' id='word_1_782' title='bbox 1999 5579 2128 5619; x_wconf 87' lang='lat' dir='ltr'>esse</span> <span class='ocrx_word' id='word_1_783' title='bbox 2160 5567 2223 5617; x_wconf 92' lang='lat' dir='ltr'>ut</span> <span class='ocrx_word' id='word_1_784' title='bbox 2251 5561 2449 5618; x_wconf 87' lang='lat' dir='ltr'>anima</span> <span class='ocrx_word' id='word_1_785' title='bbox 2480 5563 2740 5634; x_wconf 90' lang='lat' dir='ltr'>corporis</span> <span class='ocrx_word' id='word_1_786' title='bbox 2770 5564 3148 5635; x_wconf 88' lang='lat' dir='ltr'>passionibus</span> <span class='ocrx_word' id='word_1_787' title='bbox 3178 5566 3489 5635; x_wconf 82' lang='lat' dir='ltr'>afﬁciatur,</span> <span class='ocrx_word' id='word_1_788' title='bbox 3512 5583 3647 5621; x_wconf 87' lang='lat' dir='ltr'>nam</span> 
     </span>
    </p>
   </div>
   <div class='ocr_carea' id='block_1_117' title="bbox 1999 5651 3649 5724">
    <p class='ocr_par' dir='ltr' id='par_1_117' title="bbox 1999 5651 3649 5724">
     <span class='ocr_line' id='line_1_117' title="bbox 1999 5651 3649 5724; baseline -0.001 -17"><span class='ocrx_word' id='word_1_789' title='bbox 1999 5667 2105 5708; x_wconf 88' lang='lat' dir='ltr'>nec</span> <span class='ocrx_word' id='word_1_790' title='bbox 2136 5651 2421 5708; x_wconf 81' lang='lat' dir='ltr'>artiﬁcem</span> <span class='ocrx_word' id='word_1_791' title='bbox 2455 5667 2520 5706; x_wconf 87' lang='lat' dir='ltr'>ea</span> <span class='ocrx_word' id='word_1_792' title='bbox 2552 5667 2679 5723; x_wconf 73' lang='lat' dir='ltr'>qua:</span> <span class='ocrx_word' id='word_1_793' title='bbox 2708 5651 3121 5709; x_wconf 86' lang='lat' dir='ltr'>instrumentis</span> <span class='ocrx_word' id='word_1_794' title='bbox 3147 5653 3270 5709; x_wconf 90' lang='lat' dir='ltr'>suis</span> <span class='ocrx_word' id='word_1_795' title='bbox 3300 5654 3649 5724; x_wconf 81' lang='lat' dir='ltr'>contingunt</span> 
     </span>
    </p>
   </div>
  </div>
