  <div class='ocr_page' id='page_1' title='image "/cluster/home/n/w/nwhite01/storage/ocr_20150623/122/hvd.32044073502460/367.png"; bbox 0 0 4042 6198; ppageno 0'>
   <div class='ocr_carea' id='block_1_1' title="bbox 344 300 459 360">
    <p class='ocr_par' dir='ltr' id='par_1_1' title="bbox 344 300 459 360">
     <span class='ocr_line' id='line_1_1' title="bbox 344 300 459 360; baseline -0.035 0"><span class='ocrx_word' id='word_1_1' title='bbox 344 300 459 360; x_wconf 81' lang='lat'>707</span> 
     </span>
    </p>
   </div>
   <div class='ocr_carea' id='block_1_2' title="bbox 1675 286 2420 353">
    <p class='ocr_par' dir='ltr' id='par_1_2' title="bbox 1675 286 2420 353">
     <span class='ocr_line' id='line_1_2' title="bbox 1675 286 2420 353; baseline 0.005 -5"><span class='ocrx_word' id='word_1_2' title='bbox 1675 286 2103 350; x_wconf 79' lang='lat' dir='ltr'>MICHAELIS</span> <span class='ocrx_word' id='word_1_3' title='bbox 2148 289 2420 353; x_wconf 82' lang='lat' dir='ltr'>PSELLI</span> 
     </span>
    </p>
   </div>
   <div class='ocr_carea' id='block_1_3' title="bbox 3632 297 3760 358">
    <p class='ocr_par' dir='ltr' id='par_1_3' title="bbox 3632 297 3760 358">
     <span class='ocr_line' id='line_1_3' title="bbox 3632 297 3760 358; baseline 0.016 -2"><span class='ocrx_word' id='word_1_4' title='bbox 3632 297 3760 358; x_wconf 87' lang='lat'>708</span> 
     </span>
    </p>
   </div>
   <div class='ocr_carea' id='block_1_4' title="bbox 340 416 1966 503">
    <p class='ocr_par' dir='ltr' id='par_1_4' title="bbox 340 416 1962 503">
     <span class='ocr_line' id='line_1_4' title="bbox 340 416 1962 503; baseline -0.009 -16"><span class='ocrx_word' id='word_1_5' title='bbox 340 445 603 503; x_wconf 85' lang='lat' dir='ltr'>unquam</span> <span class='ocrx_word' id='word_1_6' title='bbox 634 419 1424 498; x_wconf 84' lang='lat' dir='ltr'>persentiscere.Necessario</span> <span class='ocrx_word' id='word_1_7' title='bbox 1455 422 1652 475; x_wconf 88' lang='lat' dir='ltr'>autem</span> <span class='ocrx_word' id='word_1_8' title='bbox 1685 417 1773 474; x_wconf 90' lang='lat' dir='ltr'>uti</span> <span class='ocrx_word' id='word_1_9' title='bbox 1803 416 1962 473; x_wconf 87' lang='lat' dir='ltr'>sensi</span> 
     </span>
    </p>
   </div>
   <div class='ocr_carea' id='block_1_5' title="bbox 2084 416 3751 503">
    <p class='ocr_par' dir='ltr' id='par_1_5' title="bbox 2102 418 3751 503">
     <span class='ocr_line' id='line_1_5' title="bbox 2102 418 3751 503; baseline 0.007 -32"><span class='ocrx_word' id='word_1_10' title='bbox 2102 419 2377 492; x_wconf 87' lang='grc' dir='ltr'>σώματος,</span> <span class='ocrx_word' id='word_1_11' title='bbox 2411 418 2524 477; x_wconf 77' lang='grc' dir='ltr'>ἐπεὶ</span> <span class='ocrx_word' id='word_1_12' title='bbox 2562 419 2702 495; x_wconf 77' lang='grc' dir='ltr'>μηδὲ</span> <span class='ocrx_word' id='word_1_13' title='bbox 2729 425 2988 500; x_wconf 79' lang='grc' dir='ltr'>τεχνίτης</span> <span class='ocrx_word' id='word_1_14' title='bbox 3024 426 3092 479; x_wconf 77' lang='grc' dir='ltr'>τὰ</span> <span class='ocrx_word' id='word_1_15' title='bbox 3136 427 3283 497; x_wconf 79' lang='grc' dir='ltr'>πάθη</span> <span class='ocrx_word' id='word_1_16' title='bbox 3332 430 3442 481; x_wconf 81' lang='grc' dir='ltr'>τῶν</span> <span class='ocrx_word' id='word_1_17' title='bbox 3501 426 3751 503; x_wconf 74' lang='grc' dir='ltr'>ὀργάνων</span> 
     </span>
    </p>
   </div>
   <div class='ocr_carea' id='block_1_6' title="bbox 340 512 1983 582">
    <p class='ocr_par' dir='ltr' id='par_1_6' title="bbox 340 512 1983 582">
     <span class='ocr_line' id='line_1_6' title="bbox 340 512 1983 582; baseline -0.01 -4"><span class='ocrx_word' id='word_1_18' title='bbox 340 524 452 578; x_wconf 87' lang='lat' dir='ltr'>bus</span> <span class='ocrx_word' id='word_1_19' title='bbox 484 512 915 575; x_wconf 89' lang='lat' dir='ltr'>animam.Nam</span> <span class='ocrx_word' id='word_1_20' title='bbox 947 514 1012 564; x_wconf 91' lang='lat' dir='ltr'>ut</span> <span class='ocrx_word' id='word_1_21' title='bbox 1042 525 1144 582; x_wconf 87' lang='lat' dir='ltr'>per</span> <span class='ocrx_word' id='word_1_22' title='bbox 1173 526 1384 580; x_wconf 87' lang='lat' dir='ltr'>corpus</span> <span class='ocrx_word' id='word_1_23' title='bbox 1410 512 1706 580; x_wconf 82' lang='lat' dir='ltr'>operetur,</span> <span class='ocrx_word' id='word_1_24' title='bbox 1741 524 1983 563; x_wconf 85' lang='lat' dir='ltr'>sensum</span> 
     </span>
    </p>
   </div>
   <div class='ocr_carea' id='block_1_7' title="bbox 340 597 1986 671">
    <p class='ocr_par' dir='ltr' id='par_1_7' title="bbox 340 597 1986 671">
     <span class='ocr_line' id='line_1_7' title="bbox 340 597 1986 671; baseline -0.01 -5"><span class='ocrx_word' id='word_1_25' title='bbox 340 612 554 666; x_wconf 82' lang='lat' dir='ltr'>habere</span> <span class='ocrx_word' id='word_1_26' title='bbox 585 603 1011 666; x_wconf 84' lang='lat' dir='ltr'>auxiliatorem,</span> <span class='ocrx_word' id='word_1_27' title='bbox 1049 605 1114 654; x_wconf 91' lang='lat' dir='ltr'>ut</span> <span class='ocrx_word' id='word_1_28' title='bbox 1144 617 1245 671; x_wconf 91' lang='lat' dir='ltr'>per</span> <span class='ocrx_word' id='word_1_29' title='bbox 1285 597 1451 653; x_wconf 89' lang='lat' dir='ltr'>illum</span> <span class='ocrx_word' id='word_1_30' title='bbox 1483 602 1724 653; x_wconf 81' lang='lat' dir='ltr'>externa</span> <span class='ocrx_word' id='word_1_31' title='bbox 1770 612 1986 669; x_wconf 88' lang='lat' dir='ltr'>cogno-</span> 
     </span>
    </p>
   </div>
   <div class='ocr_carea' id='block_1_8' title="bbox 336 686 1982 764">
    <p class='ocr_par' dir='ltr' id='par_1_8' title="bbox 336 686 1982 764">
     <span class='ocr_line' id='line_1_8' title="bbox 336 686 1982 764; baseline -0.009 -9"><span class='ocrx_word' id='word_1_32' title='bbox 336 704 481 755; x_wconf 83' lang='lat' dir='ltr'>scat.</span> <span class='ocrx_word' id='word_1_33' title='bbox 515 691 1000 764; x_wconf 79' lang='lat' dir='ltr'>Quandoquidem</span> <span class='ocrx_word' id='word_1_34' title='bbox 1033 689 1214 760; x_wconf 82' lang='lat' dir='ltr'>igitur</span> <span class='ocrx_word' id='word_1_35' title='bbox 1243 686 1630 759; x_wconf 85' lang='lat' dir='ltr'>incorporalis</span> <span class='ocrx_word' id='word_1_36' title='bbox 1661 686 1859 742; x_wconf 86' lang='lat' dir='ltr'>anima</span> <span class='ocrx_word' id='word_1_37' title='bbox 1875 688 1982 755; x_wconf 87' lang='lat' dir='ltr'>est,</span> 
     </span>
    </p>
   </div>
   <div class='ocr_carea' id='block_1_9' title="bbox 337 776 1983 863">
    <p class='ocr_par' dir='ltr' id='par_1_9' title="bbox 337 776 1983 863">
     <span class='ocr_line' id='line_1_9' title="bbox 337 776 1983 863; baseline -0.01 -17"><span class='ocrx_word' id='word_1_38' title='bbox 337 788 641 863; x_wconf 76' lang='lat' dir='ltr'>passiones</span> <span class='ocrx_word' id='word_1_39' title='bbox 663 781 923 854; x_wconf 90' lang='lat' dir='ltr'>corporis</span> <span class='ocrx_word' id='word_1_40' title='bbox 953 779 1025 835; x_wconf 91' lang='lat' dir='ltr'>ad</span> <span class='ocrx_word' id='word_1_41' title='bbox 1044 794 1172 833; x_wconf 85' lang='lat' dir='ltr'>eam</span> <span class='ocrx_word' id='word_1_42' title='bbox 1204 794 1319 833; x_wconf 92' lang='lat' dir='ltr'>non</span> <span class='ocrx_word' id='word_1_43' title='bbox 1353 777 1720 848; x_wconf 87' lang='lat' dir='ltr'>pertingent;</span> <span class='ocrx_word' id='word_1_44' title='bbox 1753 777 1909 848; x_wconf 88' lang='lat' dir='ltr'>quod</span> <span class='ocrx_word' id='word_1_45' title='bbox 1935 776 1983 832; x_wconf 91' lang='lat' dir='ltr'>si</span> 
     </span>
    </p>
   </div>
   <div class='ocr_carea' id='block_1_10' title="bbox 335 866 1984 952">
    <p class='ocr_par' dir='ltr' id='par_1_10' title="bbox 335 866 1984 952">
     <span class='ocr_line' id='line_1_10' title="bbox 335 866 1984 952; baseline -0.01 -16"><span class='ocrx_word' id='word_1_46' title='bbox 335 879 695 952; x_wconf 80' lang='lat' dir='ltr'>pertingant,</span> <span class='ocrx_word' id='word_1_47' title='bbox 726 889 844 928; x_wconf 90' lang='lat' dir='ltr'>non</span> <span class='ocrx_word' id='word_1_48' title='bbox 875 868 1189 926; x_wconf 84' lang='lat' dir='ltr'>essentiam</span> <span class='ocrx_word' id='word_1_49' title='bbox 1220 867 1349 938; x_wconf 84' lang='lat' dir='ltr'>ejus</span> <span class='ocrx_word' id='word_1_50' title='bbox 1379 866 1657 938; x_wconf 78' lang='lat' dir='ltr'>afﬁciant,</span> <span class='ocrx_word' id='word_1_51' title='bbox 1682 883 1883 923; x_wconf 91' lang='lat' dir='ltr'>verum</span> <span class='ocrx_word' id='word_1_52' title='bbox 1906 867 1984 921; x_wconf 72' lang='lat' dir='ltr'>fa~</span> 
     </span>
    </p>
   </div>
   <div class='ocr_carea' id='block_1_11' title="bbox 333 960 1087 1036">
    <p class='ocr_par' dir='ltr' id='par_1_11' title="bbox 333 960 1087 1036">
     <span class='ocr_line' id='line_1_11' title="bbox 333 960 1087 1036; baseline -0.019 -10"><span class='ocrx_word' id='word_1_53' title='bbox 333 969 583 1025; x_wconf 88' lang='lat' dir='ltr'>cultates</span> <span class='ocrx_word' id='word_1_54' title='bbox 614 970 670 1021; x_wconf 89' lang='lat' dir='ltr'>et</span> <span class='ocrx_word' id='word_1_55' title='bbox 701 960 1087 1036; x_wconf 84' lang='lat' dir='ltr'>operationes.</span> 
     </span>
    </p>
   </div>
   <div class='ocr_carea' id='block_1_12' title="bbox 935 1136 1369 1193">
    <p class='ocr_par' dir='ltr' id='par_1_12' title="bbox 935 1136 1369 1193">
     <span class='ocr_line' id='line_1_12' title="bbox 935 1136 1369 1193; baseline -0.009 0"><span class='ocrx_word' id='word_1_56' title='bbox 935 1139 1025 1193; x_wconf 87' lang='lat'>29.</span> <span class='ocrx_word' id='word_1_57' title='bbox 1055 1138 1129 1191; x_wconf 82' lang='lat' dir='ltr'>De</span> <span class='ocrx_word' id='word_1_58' title='bbox 1157 1136 1369 1190; x_wconf 80' lang='lat' dir='ltr'>anima.</span> 
     </span>
    </p>
   </div>
   <div class='ocr_carea' id='block_1_13' title="bbox 403 1223 1981 1304">
    <p class='ocr_par' dir='ltr' id='par_1_13' title="bbox 403 1223 1981 1304">
     <span class='ocr_line' id='line_1_13' title="bbox 403 1223 1981 1304; baseline -0.008 -13"><span class='ocrx_word' id='word_1_59' title='bbox 403 1239 535 1304; x_wconf 66' lang='lat' dir='ltr'>Quae</span> <span class='ocrx_word' id='word_1_60' title='bbox 568 1232 911 1296; x_wconf 83' lang='lat' dir='ltr'>miscentur,</span> <span class='ocrx_word' id='word_1_61' title='bbox 959 1224 1048 1281; x_wconf 86' lang='lat' dir='ltr'>vel</span> <span class='ocrx_word' id='word_1_62' title='bbox 1097 1224 1179 1279; x_wconf 87' lang='lat' dir='ltr'>ita</span> <span class='ocrx_word' id='word_1_63' title='bbox 1229 1223 1553 1279; x_wconf 84' lang='lat' dir='ltr'>miscentur</span> <span class='ocrx_word' id='word_1_64' title='bbox 1612 1223 1765 1279; x_wconf 89' lang='lat' dir='ltr'>inter</span> <span class='ocrx_word' id='word_1_65' title='bbox 1796 1239 1881 1293; x_wconf 90' lang='lat' dir='ltr'>se,</span> <span class='ocrx_word' id='word_1_66' title='bbox 1915 1227 1981 1278; x_wconf 90' lang='lat' dir='ltr'>ut</span> 
     </span>
    </p>
   </div>
   <div class='ocr_carea' id='block_1_14' title="bbox 328 1311 1982 1389">
    <p class='ocr_par' dir='ltr' id='par_1_14' title="bbox 328 1311 1982 1389">
     <span class='ocr_line' id='line_1_14' title="bbox 328 1311 1982 1389; baseline -0.01 -6"><span class='ocrx_word' id='word_1_67' title='bbox 328 1324 791 1389; x_wconf 81' lang='lat' dir='ltr'>confundantur,</span> <span class='ocrx_word' id='word_1_68' title='bbox 852 1314 1353 1388; x_wconf 86' lang='lat' dir='ltr'>quemadmodum</span> <span class='ocrx_word' id='word_1_69' title='bbox 1414 1312 1718 1381; x_wconf 88' lang='lat' dir='ltr'>humores,</span> <span class='ocrx_word' id='word_1_70' title='bbox 1751 1311 1858 1384; x_wconf 84' lang='lat' dir='ltr'>_vel</span> <span class='ocrx_word' id='word_1_71' title='bbox 1917 1316 1982 1367; x_wconf 91' lang='lat' dir='ltr'>ut</span> 
     </span>
    </p>
   </div>
   <div class='ocr_carea' id='block_1_15' title="bbox 327 1400 1981 1483">
    <p class='ocr_par' dir='ltr' id='par_1_15' title="bbox 327 1400 1981 1483">
     <span class='ocr_line' id='line_1_15' title="bbox 327 1400 1981 1483; baseline -0.011 -11"><span class='ocrx_word' id='word_1_72' title='bbox 327 1416 498 1473; x_wconf 92' lang='lat' dir='ltr'>modo</span> <span class='ocrx_word' id='word_1_73' title='bbox 529 1409 908 1483; x_wconf 84' lang='lat' dir='ltr'>implicentur</span> <span class='ocrx_word' id='word_1_74' title='bbox 939 1407 1143 1460; x_wconf 90' lang='lat' dir='ltr'>mutuo</span> <span class='ocrx_word' id='word_1_75' title='bbox 1186 1419 1251 1457; x_wconf 86' lang='lat' dir='ltr'>ac</span> <span class='ocrx_word' id='word_1_76' title='bbox 1292 1405 1615 1474; x_wconf 87' lang='lat' dir='ltr'>permeent,</span> <span class='ocrx_word' id='word_1_77' title='bbox 1650 1400 1734 1456; x_wconf 86' lang='lat' dir='ltr'>uti</span> <span class='ocrx_word' id='word_1_78' title='bbox 1795 1416 1894 1456; x_wconf 89' lang='lat' dir='ltr'>aer</span> <span class='ocrx_word' id='word_1_79' title='bbox 1924 1405 1981 1455; x_wconf 90' lang='lat' dir='ltr'>et</span> 
     </span>
    </p>
   </div>
   <div class='ocr_carea' id='block_1_16' title="bbox 326 1490 1977 1573">
    <p class='ocr_par' dir='ltr' id='par_1_16' title="bbox 326 1490 1977 1573">
     <span class='ocr_line' id='line_1_16' title="bbox 326 1490 1977 1573; baseline -0.011 -11"><span class='ocrx_word' id='word_1_80' title='bbox 326 1507 447 1573; x_wconf 80' lang='lat' dir='ltr'>lux;</span> <span class='ocrx_word' id='word_1_81' title='bbox 483 1504 531 1560; x_wconf 88' lang='lat' dir='ltr'>si</span> <span class='ocrx_word' id='word_1_82' title='bbox 564 1500 696 1573; x_wconf 86' lang='lat' dir='ltr'>quis</span> <span class='ocrx_word' id='word_1_83' title='bbox 729 1514 858 1571; x_wconf 76' lang='lat' dir='ltr'>quas</span> <span class='ocrx_word' id='word_1_84' title='bbox 905 1492 1141 1566; x_wconf 88' lang='lat' dir='ltr'>singula</span> <span class='ocrx_word' id='word_1_85' title='bbox 1183 1492 1534 1559; x_wconf 89' lang='lat' dir='ltr'>consideret,</span> <span class='ocrx_word' id='word_1_86' title='bbox 1566 1490 1668 1546; x_wconf 91' lang='lat' dir='ltr'>illa</span> <span class='ocrx_word' id='word_1_87' title='bbox 1696 1492 1850 1562; x_wconf 89' lang='lat' dir='ltr'>quad</span> <span class='ocrx_word' id='word_1_88' title='bbox 1883 1506 1977 1545; x_wconf 88' lang='lat' dir='ltr'>es-</span> 
     </span>
    </p>
   </div>
   <div class='ocr_carea' id='block_1_17' title="bbox 326 1576 1968 1654">
    <p class='ocr_par' dir='ltr' id='par_1_17' title="bbox 326 1576 1968 1654">
     <span class='ocr_line' id='line_1_17' title="bbox 326 1576 1968 1654; baseline -0.014 -1"><span class='ocrx_word' id='word_1_89' title='bbox 326 1593 577 1652; x_wconf 87' lang='lat' dir='ltr'>sentiam</span> <span class='ocrx_word' id='word_1_90' title='bbox 609 1588 910 1649; x_wconf 85' lang='lat' dir='ltr'>distincta,</span> <span class='ocrx_word' id='word_1_91' title='bbox 952 1580 1391 1654; x_wconf 78' lang='lat' dir='ltr'>operationibus</span> <span class='ocrx_word' id='word_1_92' title='bbox 1435 1577 1719 1650; x_wconf 89' lang='lat' dir='ltr'>permista</span> <span class='ocrx_word' id='word_1_93' title='bbox 1768 1576 1968 1646; x_wconf 87' lang='lat' dir='ltr'>depre-</span> 
     </span>
    </p>
   </div>
   <div class='ocr_carea' id='block_1_18' title="bbox 324 1665 1972 1741">
    <p class='ocr_par' dir='ltr' id='par_1_18' title="bbox 324 1665 1972 1741">
     <span class='ocr_line' id='line_1_18' title="bbox 324 1665 1972 1741; baseline -0.014 0"><span class='ocrx_word' id='word_1_94' title='bbox 324 1685 563 1741; x_wconf 89' lang='lat' dir='ltr'>hendet.</span> <span class='ocrx_word' id='word_1_95' title='bbox 595 1678 743 1734; x_wconf 87' lang='lat' dir='ltr'>Hinc</span> <span class='ocrx_word' id='word_1_96' title='bbox 776 1671 1119 1729; x_wconf 85' lang='lat' dir='ltr'>Aristotcles</span> <span class='ocrx_word' id='word_1_97' title='bbox 1152 1668 1449 1741; x_wconf 89' lang='lat' dir='ltr'>duplicem</span> <span class='ocrx_word' id='word_1_98' title='bbox 1499 1666 1664 1740; x_wconf 87' lang='lat' dir='ltr'>ponit</span> <span class='ocrx_word' id='word_1_99' title='bbox 1713 1665 1972 1722; x_wconf 87' lang='lat' dir='ltr'>animam</span> 
     </span>
    </p>
   </div>
   <div class='ocr_carea' id='block_1_19' title="bbox 323 1755 1975 1841">
    <p class='ocr_par' dir='ltr' id='par_1_19' title="bbox 323 1755 1975 1841">
     <span class='ocr_line' id='line_1_19' title="bbox 323 1755 1975 1841; baseline -0.014 -11"><span class='ocrx_word' id='word_1_100' title='bbox 323 1774 501 1831; x_wconf 89' lang='lat' dir='ltr'>aliam</span> <span class='ocrx_word' id='word_1_101' title='bbox 520 1763 1053 1841; x_wconf 85' lang='lat' dir='ltr'>separatam,aliam</span> <span class='ocrx_word' id='word_1_102' title='bbox 1086 1776 1212 1832; x_wconf 69' lang='lat' dir='ltr'>qua:</span> <span class='ocrx_word' id='word_1_103' title='bbox 1242 1757 1304 1814; x_wconf 90' lang='lat' dir='ltr'>in</span> <span class='ocrx_word' id='word_1_104' title='bbox 1334 1772 1575 1829; x_wconf 88' lang='lat' dir='ltr'>corpore</span> <span class='ocrx_word' id='word_1_105' title='bbox 1605 1755 1975 1811; x_wconf 84' lang='lat' dir='ltr'>subsistit.Al</span> 
     </span>
    </p>
   </div>
   <div class='ocr_carea' id='block_1_20' title="bbox 322 1845 1968 1922">
    <p class='ocr_par' dir='ltr' id='par_1_20' title="bbox 322 1845 1968 1922">
     <span class='ocr_line' id='line_1_20' title="bbox 322 1845 1968 1922; baseline -0.013 -2"><span class='ocrx_word' id='word_1_106' title='bbox 322 1881 439 1920; x_wconf 89' lang='lat' dir='ltr'>non</span> <span class='ocrx_word' id='word_1_107' title='bbox 471 1859 652 1917; x_wconf 88' lang='lat' dir='ltr'>sentit</span> <span class='ocrx_word' id='word_1_108' title='bbox 680 1856 881 1913; x_wconf 89' lang='lat' dir='ltr'>anima</span> <span class='ocrx_word' id='word_1_109' title='bbox 913 1869 976 1909; x_wconf 91' lang='lat' dir='ltr'>se</span> <span class='ocrx_word' id='word_1_110' title='bbox 1006 1848 1233 1922; x_wconf 90' lang='lat' dir='ltr'>corpori</span> <span class='ocrx_word' id='word_1_111' title='bbox 1264 1864 1395 1905; x_wconf 88' lang='lat' dir='ltr'>esse</span> <span class='ocrx_word' id='word_1_112' title='bbox 1443 1845 1810 1919; x_wconf 88' lang='lat' dir='ltr'>permistam,</span> <span class='ocrx_word' id='word_1_113' title='bbox 1869 1845 1968 1899; x_wconf 90' lang='lat' dir='ltr'>sed</span> 
     </span>
    </p>
   </div>
   <div class='ocr_carea' id='block_1_21' title="bbox 321 1933 1974 2024">
    <p class='ocr_par' dir='ltr' id='par_1_21' title="bbox 321 1933 1974 2024">
     <span class='ocr_line' id='line_1_21' title="bbox 321 1933 1974 2024; baseline -0.013 -15"><span class='ocrx_word' id='word_1_114' title='bbox 321 1967 532 2024; x_wconf 89' lang='lat' dir='ltr'>corpus</span> <span class='ocrx_word' id='word_1_115' title='bbox 561 1949 908 2005; x_wconf 89' lang='lat' dir='ltr'>animatum.</span> <span class='ocrx_word' id='word_1_116' title='bbox 957 1942 1182 2013; x_wconf 88' lang='lat' dir='ltr'>Corpus</span> <span class='ocrx_word' id='word_1_117' title='bbox 1227 1938 1384 1993; x_wconf 90' lang='lat' dir='ltr'>enim</span> <span class='ocrx_word' id='word_1_118' title='bbox 1433 1937 1643 1993; x_wconf 81' lang='lat' dir='ltr'>animas</span> <span class='ocrx_word' id='word_1_119' title='bbox 1689 1933 1974 1992; x_wconf 84' lang='lat' dir='ltr'>beneﬁcio</span> 
     </span>
    </p>
   </div>
   <div class='ocr_carea' id='block_1_22' title="bbox 320 2024 1977 2112">
    <p class='ocr_par' dir='ltr' id='par_1_22' title="bbox 320 2024 1977 2112">
     <span class='ocr_line' id='line_1_22' title="bbox 320 2024 1977 2112; baseline -0.014 -12"><span class='ocrx_word' id='word_1_120' title='bbox 320 2042 499 2099; x_wconf 83' lang='lat' dir='ltr'>habet</span> <span class='ocrx_word' id='word_1_121' title='bbox 534 2038 690 2112; x_wconf 90' lang='lat' dir='ltr'>quod</span> <span class='ocrx_word' id='word_1_122' title='bbox 737 2035 920 2091; x_wconf 87' lang='lat' dir='ltr'>sentit</span> <span class='ocrx_word' id='word_1_123' title='bbox 964 2030 1328 2103; x_wconf 90' lang='lat' dir='ltr'>appetitque,</span> <span class='ocrx_word' id='word_1_124' title='bbox 1381 2031 1557 2100; x_wconf 87' lang='lat' dir='ltr'>atque</span> <span class='ocrx_word' id='word_1_125' title='bbox 1606 2024 1856 2081; x_wconf 88' lang='lat' dir='ltr'>aliarum</span> <span class='ocrx_word' id='word_1_126' title='bbox 1887 2026 1977 2078; x_wconf 87' lang='lat' dir='ltr'>est</span> 
     </span>
    </p>
   </div>
   <div class='ocr_carea' id='block_1_23' title="bbox 320 2111 1973 2198">
    <p class='ocr_par' dir='ltr' id='par_1_23' title="bbox 320 2111 1973 2198">
     <span class='ocr_line' id='line_1_23' title="bbox 320 2111 1973 2198; baseline -0.015 -9"><span class='ocrx_word' id='word_1_127' title='bbox 320 2131 693 2188; x_wconf 71' lang='lat' dir='ltr'>aﬂ‘ectionum</span> <span class='ocrx_word' id='word_1_128' title='bbox 720 2124 1036 2198; x_wconf 87' lang='lat' dir='ltr'>particeps.</span> <span class='ocrx_word' id='word_1_129' title='bbox 1066 2121 1269 2190; x_wconf 84' lang='lat' dir='ltr'>Itaque</span> <span class='ocrx_word' id='word_1_130' title='bbox 1293 2117 1453 2171; x_wconf 88' lang='lat' dir='ltr'>Plato</span> <span class='ocrx_word' id='word_1_131' title='bbox 1482 2112 1824 2185; x_wconf 88' lang='lat' dir='ltr'>statuitipsi</span> <span class='ocrx_word' id='word_1_132' title='bbox 1852 2111 1973 2166; x_wconf 88' lang='lat' dir='ltr'>ani-</span> 
     </span>
    </p>
   </div>
   <div class='ocr_carea' id='block_1_24' title="bbox 320 2203 1973 2283">
    <p class='ocr_par' dir='ltr' id='par_1_24' title="bbox 320 2203 1973 2283">
     <span class='ocr_line' id='line_1_24' title="bbox 320 2203 1973 2283; baseline -0.014 -5"><span class='ocrx_word' id='word_1_133' title='bbox 320 2239 427 2277; x_wconf 71' lang='lat' dir='ltr'>mae</span> <span class='ocrx_word' id='word_1_134' title='bbox 477 2234 605 2275; x_wconf 92' lang='lat' dir='ltr'>esse</span> <span class='ocrx_word' id='word_1_135' title='bbox 660 2230 855 2270; x_wconf 77' lang='lat' dir='ltr'>veram</span> <span class='ocrx_word' id='word_1_136' title='bbox 906 2209 1326 2283; x_wconf 88' lang='lat' dir='ltr'>propriamque</span> <span class='ocrx_word' id='word_1_137' title='bbox 1370 2203 1765 2261; x_wconf 79' lang='lat' dir='ltr'>substantiam</span> <span class='ocrx_word' id='word_1_138' title='bbox 1799 2219 1814 2257; x_wconf 88' lang='lat'><strong>:</strong></span> <span class='ocrx_word' id='word_1_139' title='bbox 1846 2218 1973 2272; x_wconf 64' lang='lat' dir='ltr'>quas</span> 
     </span>
    </p>
   </div>
   <div class='ocr_carea' id='block_1_25' title="bbox 316 2291 1974 2367">
    <p class='ocr_par' dir='ltr' id='par_1_25' title="bbox 316 2291 1974 2367">
     <span class='ocr_line' id='line_1_25' title="bbox 316 2291 1974 2367; baseline -0.011 -1"><span class='ocrx_word' id='word_1_140' title='bbox 316 2311 474 2367; x_wconf 89' lang='lat' dir='ltr'>enim</span> <span class='ocrx_word' id='word_1_141' title='bbox 506 2308 564 2363; x_wconf 90' lang='lat' dir='ltr'>in</span> <span class='ocrx_word' id='word_1_142' title='bbox 595 2304 710 2362; x_wconf 92' lang='lat' dir='ltr'>alio</span> <span class='ocrx_word' id='word_1_143' title='bbox 754 2299 1027 2358; x_wconf 85' lang='lat' dir='ltr'>subsistit</span> <span class='ocrx_word' id='word_1_144' title='bbox 1078 2300 1287 2361; x_wconf 75' lang='lat' dir='ltr'>forma,</span> <span class='ocrx_word' id='word_1_145' title='bbox 1337 2295 1410 2351; x_wconf 89' lang='lat' dir='ltr'>ab</span> <span class='ocrx_word' id='word_1_146' title='bbox 1463 2294 1667 2349; x_wconf 90' lang='lat' dir='ltr'>eodem</span> <span class='ocrx_word' id='word_1_147' title='bbox 1718 2291 1974 2364; x_wconf 86' lang='lat' dir='ltr'>qualitas</span> 
     </span>
    </p>
   </div>
   <div class='ocr_carea' id='block_1_26' title="bbox 317 2384 1568 2466">
    <p class='ocr_par' dir='ltr' id='par_1_26' title="bbox 317 2384 1568 2466">
     <span class='ocr_line' id='line_1_26' title="bbox 317 2384 1568 2466; baseline -0.014 -10"><span class='ocrx_word' id='word_1_148' title='bbox 317 2396 674 2466; x_wconf 89' lang='lat' dir='ltr'>essentialis,</span> <span class='ocrx_word' id='word_1_149' title='bbox 709 2410 825 2450; x_wconf 90' lang='lat' dir='ltr'>non</span> <span class='ocrx_word' id='word_1_150' title='bbox 856 2388 1191 2447; x_wconf 86' lang='lat' dir='ltr'>substantia</span> <span class='ocrx_word' id='word_1_151' title='bbox 1221 2384 1568 2458; x_wconf 88' lang='lat' dir='ltr'>appellatur.</span> 
     </span>
    </p>
   </div>
   <div class='ocr_carea' id='block_1_27' title="bbox 815 2494 1473 2555">
    <p class='ocr_par' dir='ltr' id='par_1_27' title="bbox 815 2494 1473 2555">
     <span class='ocr_line' id='line_1_27' title="bbox 815 2494 1473 2555; baseline -0.012 -1"><span class='ocrx_word' id='word_1_152' title='bbox 815 2500 907 2555; x_wconf 90' lang='lat'>30.</span> <span class='ocrx_word' id='word_1_153' title='bbox 941 2496 1126 2553; x_wconf 80' lang='lat' dir='ltr'>Adhuc</span> <span class='ocrx_word' id='word_1_154' title='bbox 1166 2494 1230 2549; x_wconf 81' lang='lat' dir='ltr'>de</span> <span class='ocrx_word' id='word_1_155' title='bbox 1258 2495 1473 2548; x_wconf 78' lang='lat' dir='ltr'>anima.</span> 
     </span>
    </p>
   </div>
   <div class='ocr_carea' id='block_1_28' title="bbox 389 2578 1971 2664">
    <p class='ocr_par' dir='ltr' id='par_1_28' title="bbox 389 2578 1971 2664">
     <span class='ocr_line' id='line_1_28' title="bbox 389 2578 1971 2664; baseline -0.012 -14"><span class='ocrx_word' id='word_1_156' title='bbox 389 2594 571 2650; x_wconf 82' lang='lat' dir='ltr'>Aliter</span> <span class='ocrx_word' id='word_1_157' title='bbox 600 2590 900 2664; x_wconf 79' lang='lat' dir='ltr'>physicus,</span> <span class='ocrx_word' id='word_1_158' title='bbox 932 2586 1104 2641; x_wconf 85' lang='lat' dir='ltr'>aliter</span> <span class='ocrx_word' id='word_1_159' title='bbox 1132 2582 1476 2639; x_wconf 89' lang='lat' dir='ltr'>dialecticus</span> <span class='ocrx_word' id='word_1_160' title='bbox 1533 2578 1793 2635; x_wconf 88' lang='lat' dir='ltr'>animam</span> <span class='ocrx_word' id='word_1_161' title='bbox 1827 2578 1971 2633; x_wconf 85' lang='lat' dir='ltr'>deﬁ-</span> 
     </span>
    </p>
   </div>
   <div class='ocr_carea' id='block_1_29' title="bbox 322 2667 1974 2751">
    <p class='ocr_par' dir='ltr' id='par_1_29' title="bbox 322 2667 1974 2751">
     <span class='ocr_line' id='line_1_29' title="bbox 322 2667 1974 2751; baseline -0.01 -11"><span class='ocrx_word' id='word_1_162' title='bbox 322 2685 512 2740; x_wconf 90' lang='lat' dir='ltr'>niunt.</span> <span class='ocrx_word' id='word_1_163' title='bbox 567 2679 853 2751; x_wconf 86' lang='lat' dir='ltr'>Physicus</span> <span class='ocrx_word' id='word_1_164' title='bbox 910 2674 1118 2730; x_wconf 78' lang='lat' dir='ltr'>animae</span> <span class='ocrx_word' id='word_1_165' title='bbox 1182 2669 1579 2727; x_wconf 86' lang='lat' dir='ltr'>substantiam</span> <span class='ocrx_word' id='word_1_166' title='bbox 1637 2667 1974 2724; x_wconf 86' lang='lat' dir='ltr'>considerat</span> 
     </span>
    </p>
   </div>
   <div class='ocr_carea' id='block_1_30' title="bbox 321 2754 1969 2842">
    <p class='ocr_par' dir='ltr' id='par_1_30' title="bbox 321 2754 1969 2842">
     <span class='ocr_line' id='line_1_30' title="bbox 321 2754 1969 2842; baseline -0.011 -16"><span class='ocrx_word' id='word_1_167' title='bbox 321 2776 617 2842; x_wconf 88' lang='lat' dir='ltr'>quatenus</span> <span class='ocrx_word' id='word_1_168' title='bbox 641 2782 756 2820; x_wconf 90' lang='lat' dir='ltr'>non</span> <span class='ocrx_word' id='word_1_169' title='bbox 779 2767 869 2819; x_wconf 87' lang='lat' dir='ltr'>est</span> <span class='ocrx_word' id='word_1_170' title='bbox 893 2780 927 2817; x_wconf 91' lang='lat' dir='ltr'>a</span> <span class='ocrx_word' id='word_1_171' title='bbox 946 2776 1186 2832; x_wconf 89' lang='lat' dir='ltr'>corpore</span> <span class='ocrx_word' id='word_1_172' title='bbox 1208 2762 1509 2830; x_wconf 89' lang='lat' dir='ltr'>separata:</span> <span class='ocrx_word' id='word_1_173' title='bbox 1538 2760 1758 2811; x_wconf 61' lang='lat' dir='ltr'>naturae</span> <span class='ocrx_word' id='word_1_174' title='bbox 1786 2754 1969 2825; x_wconf 89' lang='lat' dir='ltr'>siqui-</span> 
     </span>
    </p>
   </div>
   <div class='ocr_carea' id='block_1_31' title="bbox 323 2843 1967 2923">
    <p class='ocr_par' dir='ltr' id='par_1_31' title="bbox 323 2843 1967 2923">
     <span class='ocr_line' id='line_1_31' title="bbox 323 2843 1967 2923; baseline -0.011 -7"><span class='ocrx_word' id='word_1_175' title='bbox 323 2861 455 2915; x_wconf 90' lang='lat' dir='ltr'>dem</span> <span class='ocrx_word' id='word_1_176' title='bbox 489 2855 794 2912; x_wconf 87' lang='lat' dir='ltr'>scientiam</span> <span class='ocrx_word' id='word_1_177' title='bbox 827 2852 1148 2923; x_wconf 81' lang='lat' dir='ltr'>prol‘essus,</span> <span class='ocrx_word' id='word_1_178' title='bbox 1181 2846 1468 2919; x_wconf 90' lang='lat' dir='ltr'>spectabit</span> <span class='ocrx_word' id='word_1_179' title='bbox 1522 2844 1779 2901; x_wconf 84' lang='lat' dir='ltr'>animam</span> <span class='ocrx_word' id='word_1_180' title='bbox 1811 2843 1967 2899; x_wconf 89' lang='lat' dir='ltr'>haud</span> 
     </span>
    </p>
   </div>
   <div class='ocr_carea' id='block_1_32' title="bbox 324 2933 1967 3019">
    <p class='ocr_par' dir='ltr' id='par_1_32' title="bbox 324 2933 1967 3019">
     <span class='ocr_line' id='line_1_32' title="bbox 324 2933 1967 3019; baseline -0.01 -15"><span class='ocrx_word' id='word_1_181' title='bbox 324 2949 652 3019; x_wconf 89' lang='lat' dir='ltr'>sejunctam</span> <span class='ocrx_word' id='word_1_182' title='bbox 684 2960 717 2998; x_wconf 92' lang='lat' dir='ltr'>a</span> <span class='ocrx_word' id='word_1_183' title='bbox 736 2943 1058 3013; x_wconf 90' lang='lat' dir='ltr'>corpore,et</span> <span class='ocrx_word' id='word_1_184' title='bbox 1077 2942 1371 3010; x_wconf 88' lang='lat' dir='ltr'>quatenus</span> <span class='ocrx_word' id='word_1_185' title='bbox 1398 2936 1553 2990; x_wconf 86' lang='lat' dir='ltr'>haud</span> <span class='ocrx_word' id='word_1_186' title='bbox 1578 2933 1967 3005; x_wconf 58' lang='lat' dir='ltr'>sejunctaﬁest.</span> 
     </span>
    </p>
   </div>
   <div class='ocr_carea' id='block_1_33' title="bbox 326 3021 1970 3092">
    <p class='ocr_par' dir='ltr' id='par_1_33' title="bbox 326 3021 1970 3092">
     <span class='ocr_line' id='line_1_33' title="bbox 326 3021 1970 3092; baseline -0.009 -1"><span class='ocrx_word' id='word_1_187' title='bbox 326 3034 676 3092; x_wconf 87' lang='lat' dir='ltr'>Dialecticns</span> <span class='ocrx_word' id='word_1_188' title='bbox 702 3048 837 3087; x_wconf 93' lang='lat' dir='ltr'>vero</span> <span class='ocrx_word' id='word_1_189' title='bbox 859 3029 1035 3086; x_wconf 84' lang='lat' dir='ltr'>etiam</span> <span class='ocrx_word' id='word_1_190' title='bbox 1070 3026 1326 3082; x_wconf 81' lang='lat' dir='ltr'>rationes</span> <span class='ocrx_word' id='word_1_191' title='bbox 1354 3024 1622 3080; x_wconf 74' lang='lat' dir='ltr'>essentiae</span> <span class='ocrx_word' id='word_1_192' title='bbox 1642 3022 1800 3078; x_wconf 86' lang='lat' dir='ltr'>illius</span> <span class='ocrx_word' id='word_1_193' title='bbox 1822 3021 1879 3076; x_wconf 93' lang='lat' dir='ltr'>in</span> <span class='ocrx_word' id='word_1_194' title='bbox 1908 3038 1970 3077; x_wconf 94' lang='lat' dir='ltr'>se</span> 
     </span>
    </p>
   </div>
   <div class='ocr_carea' id='block_1_34' title="bbox 321 3112 1970 3198">
    <p class='ocr_par' dir='ltr' id='par_1_34' title="bbox 321 3112 1970 3198">
     <span class='ocr_line' id='line_1_34' title="bbox 321 3112 1970 3198; baseline -0.01 -16"><span class='ocrx_word' id='word_1_195' title='bbox 321 3130 616 3198; x_wconf 88' lang='lat' dir='ltr'>spectatas</span> <span class='ocrx_word' id='word_1_196' title='bbox 649 3120 959 3194; x_wconf 83' lang='lat' dir='ltr'>expendit;</span> <span class='ocrx_word' id='word_1_197' title='bbox 990 3126 1045 3173; x_wconf 87' lang='lat' dir='ltr'>et</span> <span class='ocrx_word' id='word_1_198' title='bbox 1084 3112 1540 3171; x_wconf 87' lang='lat' dir='ltr'>mathematicus</span> <span class='ocrx_word' id='word_1_199' title='bbox 1592 3112 1887 3168; x_wconf 87' lang='lat' dir='ltr'>abstracta</span> <span class='ocrx_word' id='word_1_200' title='bbox 1937 3128 1970 3167; x_wconf 91' lang='lat' dir='ltr'>a</span> 
     </span>
    </p>
   </div>
   <div class='ocr_carea' id='block_1_35' title="bbox 318 3201 1966 3287">
    <p class='ocr_par' dir='ltr' id='par_1_35' title="bbox 318 3201 1966 3287">
     <span class='ocr_line' id='line_1_35' title="bbox 318 3201 1966 3287; baseline -0.01 -16"><span class='ocrx_word' id='word_1_201' title='bbox 318 3229 559 3287; x_wconf 78' lang='lat' dir='ltr'>corpore</span> <span class='ocrx_word' id='word_1_202' title='bbox 588 3207 1017 3280; x_wconf 85' lang='lat' dir='ltr'>contemplatur</span> <span class='ocrx_word' id='word_1_203' title='bbox 1049 3223 1062 3261; x_wconf 92' lang='lat'>:</span> <span class='ocrx_word' id='word_1_204' title='bbox 1097 3206 1197 3261; x_wconf 89' lang='lat' dir='ltr'>sed</span> <span class='ocrx_word' id='word_1_205' title='bbox 1233 3204 1459 3276; x_wconf 91' lang='lat' dir='ltr'>primus</span> <span class='ocrx_word' id='word_1_206' title='bbox 1485 3201 1873 3274; x_wconf 83' lang='lat' dir='ltr'>philosophus</span> <span class='ocrx_word' id='word_1_207' title='bbox 1895 3201 1966 3255; x_wconf 92' lang='lat' dir='ltr'>de</span> 
     </span>
    </p>
   </div>
   <div class='ocr_carea' id='block_1_36' title="bbox 318 3291 1965 3376">
    <p class='ocr_par' dir='ltr' id='par_1_36' title="bbox 318 3291 1965 3376">
     <span class='ocr_line' id='line_1_36' title="bbox 318 3291 1965 3376; baseline -0.01 -17"><span class='ocrx_word' id='word_1_208' title='bbox 318 3301 753 3376; x_wconf 82' lang='lat' dir='ltr'>separabilitate</span> <span class='ocrx_word' id='word_1_209' title='bbox 775 3298 905 3353; x_wconf 68' lang='lat' dir='ltr'>vitae</span> <span class='ocrx_word' id='word_1_210' title='bbox 935 3297 1007 3353; x_wconf 86' lang='lat' dir='ltr'>ab</span> <span class='ocrx_word' id='word_1_211' title='bbox 1039 3295 1240 3351; x_wconf 86' lang='lat' dir='ltr'>anima</span> <span class='ocrx_word' id='word_1_212' title='bbox 1269 3298 1360 3349; x_wconf 88' lang='lat' dir='ltr'>est</span> <span class='ocrx_word' id='word_1_213' title='bbox 1384 3291 1965 3355; x_wconf 78' lang='lat' dir='ltr'>sollicitus.Quaerere</span> 
     </span>
    </p>
   </div>
   <div class='ocr_carea' id='block_1_37' title="bbox 317 3379 1964 3461">
    <p class='ocr_par' dir='ltr' id='par_1_37' title="bbox 317 3379 1964 3461">
     <span class='ocr_line' id='line_1_37' title="bbox 317 3379 1964 3461; baseline -0.009 -13"><span class='ocrx_word' id='word_1_214' title='bbox 317 3393 598 3448; x_wconf 89' lang='lat' dir='ltr'>nimirum</span> <span class='ocrx_word' id='word_1_215' title='bbox 631 3393 859 3461; x_wconf 84' lang='lat' dir='ltr'>Oportet</span> <span class='ocrx_word' id='word_1_216' title='bbox 888 3402 1029 3442; x_wconf 88' lang='lat' dir='ltr'>num</span> <span class='ocrx_word' id='word_1_217' title='bbox 1065 3382 1400 3440; x_wconf 87' lang='lat' dir='ltr'>substantia</span> <span class='ocrx_word' id='word_1_218' title='bbox 1430 3382 1505 3437; x_wconf 87' lang='lat' dir='ltr'>sit</span> <span class='ocrx_word' id='word_1_219' title='bbox 1532 3379 1731 3435; x_wconf 87' lang='lat' dir='ltr'>anima</span> <span class='ocrx_word' id='word_1_220' title='bbox 1761 3395 1964 3446; x_wconf 89' lang='lat' dir='ltr'>necne,</span> 
     </span>
    </p>
   </div>
   <div class='ocr_carea' id='block_1_38' title="bbox 315 3470 1962 3553">
    <p class='ocr_par' dir='ltr' id='par_1_38' title="bbox 315 3470 1962 3553">
     <span class='ocr_line' id='line_1_38' title="bbox 315 3470 1962 3553; baseline -0.01 -15"><span class='ocrx_word' id='word_1_221' title='bbox 315 3488 370 3538; x_wconf 89' lang='lat' dir='ltr'>et</span> <span class='ocrx_word' id='word_1_222' title='bbox 401 3479 735 3553; x_wconf 87' lang='lat' dir='ltr'>potentiane</span> <span class='ocrx_word' id='word_1_223' title='bbox 767 3494 840 3532; x_wconf 90' lang='lat' dir='ltr'>an</span> <span class='ocrx_word' id='word_1_224' title='bbox 871 3481 1005 3531; x_wconf 86' lang='lat' dir='ltr'>actu</span> <span class='ocrx_word' id='word_1_225' title='bbox 1038 3471 1372 3529; x_wconf 88' lang='lat' dir='ltr'>substantia</span> <span class='ocrx_word' id='word_1_226' title='bbox 1398 3470 1521 3526; x_wconf 90' lang='lat' dir='ltr'>sit?</span> <span class='ocrx_word' id='word_1_227' title='bbox 1550 3473 1741 3541; x_wconf 87' lang='lat' dir='ltr'>Atque</span> <span class='ocrx_word' id='word_1_228' title='bbox 1765 3473 1962 3523; x_wconf 84' lang='lat' dir='ltr'>utrum</span> 
     </span>
    </p>
   </div>
   <div class='ocr_carea' id='block_1_39' title="bbox 314 3556 1961 3643">
    <p class='ocr_par' dir='ltr' id='par_1_39' title="bbox 314 3556 1961 3643">
     <span class='ocr_line' id='line_1_39' title="bbox 314 3556 1961 3643; baseline -0.01 -16"><span class='ocrx_word' id='word_1_229' title='bbox 314 3586 523 3643; x_wconf 87' lang='lat' dir='ltr'>corpus</span> <span class='ocrx_word' id='word_1_230' title='bbox 554 3568 731 3638; x_wconf 88' lang='lat' dir='ltr'>sit,an</span> <span class='ocrx_word' id='word_1_231' title='bbox 764 3562 1249 3634; x_wconf 87' lang='lat' dir='ltr'>incorporalis,an</span> <span class='ocrx_word' id='word_1_232' title='bbox 1283 3566 1598 3630; x_wconf 87' lang='lat' dir='ltr'>utrumque</span> <span class='ocrx_word' id='word_1_233' title='bbox 1623 3561 1645 3613; x_wconf 71' lang='grc' dir='ltr'>Ρ</span> <span class='ocrx_word' id='word_1_234' title='bbox 1670 3556 1961 3620; x_wconf 87' lang='lat' dir='ltr'>Quodam-</span> 
     </span>
    </p>
   </div>
   <div class='ocr_carea' id='block_1_40' title="bbox 319 3645 1960 3722">
    <p class='ocr_par' dir='ltr' id='par_1_40' title="bbox 319 3645 1960 3722">
     <span class='ocr_line' id='line_1_40' title="bbox 319 3645 1960 3722; baseline -0.01 -6"><span class='ocrx_word' id='word_1_235' title='bbox 319 3660 489 3715; x_wconf 89' lang='lat' dir='ltr'>modo</span> <span class='ocrx_word' id='word_1_236' title='bbox 520 3658 698 3713; x_wconf 90' lang='lat' dir='ltr'>etiam</span> <span class='ocrx_word' id='word_1_237' title='bbox 731 3671 799 3710; x_wconf 80' lang='lat' dir='ltr'>ex</span> <span class='ocrx_word' id='word_1_238' title='bbox 827 3652 898 3708; x_wconf 89' lang='lat' dir='ltr'>iis</span> <span class='ocrx_word' id='word_1_239' title='bbox 931 3668 1056 3722; x_wconf 83' lang='lat' dir='ltr'>quae</span> <span class='ocrx_word' id='word_1_240' title='bbox 1079 3650 1288 3705; x_wconf 70' lang='lat' dir='ltr'>animae</span> <span class='ocrx_word' id='word_1_241' title='bbox 1319 3649 1536 3704; x_wconf 88' lang='lat' dir='ltr'>adsunt</span> <span class='ocrx_word' id='word_1_242' title='bbox 1564 3645 1960 3703; x_wconf 83' lang='lat' dir='ltr'>substantiam</span> 
     </span>
    </p>
   </div>
   <div class='ocr_carea' id='block_1_41' title="bbox 313 3733 1960 3820">
    <p class='ocr_par' dir='ltr' id='par_1_41' title="bbox 313 3733 1960 3820">
     <span class='ocr_line' id='line_1_41' title="bbox 313 3733 1960 3820; baseline -0.01 -16"><span class='ocrx_word' id='word_1_243' title='bbox 313 3750 442 3820; x_wconf 88' lang='lat' dir='ltr'>ejus</span> <span class='ocrx_word' id='word_1_244' title='bbox 472 3744 797 3817; x_wconf 86' lang='lat' dir='ltr'>intelligere</span> <span class='ocrx_word' id='word_1_245' title='bbox 827 3743 915 3797; x_wconf 84' lang='lat' dir='ltr'>fas</span> <span class='ocrx_word' id='word_1_246' title='bbox 946 3744 1053 3795; x_wconf 85' lang='lat' dir='ltr'>est.</span> <span class='ocrx_word' id='word_1_247' title='bbox 1087 3741 1370 3794; x_wconf 68' lang='lat' dir='ltr'>Caeterum</span> <span class='ocrx_word' id='word_1_248' title='bbox 1401 3736 1519 3791; x_wconf 88' lang='lat' dir='ltr'>vita</span> <span class='ocrx_word' id='word_1_249' title='bbox 1549 3739 1750 3790; x_wconf 88' lang='lat' dir='ltr'>nostra</span> <span class='ocrx_word' id='word_1_250' title='bbox 1781 3733 1960 3789; x_wconf 90' lang='lat' dir='ltr'>ratio-</span> 
     </span>
    </p>
   </div>
   <div class='ocr_carea' id='block_1_42' title="bbox 313 3823 1961 3906">
    <p class='ocr_par' dir='ltr' id='par_1_42' title="bbox 313 3823 1961 3906">
     <span class='ocr_line' id='line_1_42' title="bbox 313 3823 1961 3906; baseline -0.008 -15"><span class='ocrx_word' id='word_1_251' title='bbox 313 3835 549 3901; x_wconf 87' lang='lat' dir='ltr'>nabilis,</span> <span class='ocrx_word' id='word_1_252' title='bbox 582 3850 761 3906; x_wconf 88' lang='lat' dir='ltr'>quam</span> <span class='ocrx_word' id='word_1_253' title='bbox 792 3835 1050 3887; x_wconf 89' lang='lat' dir='ltr'>mentem</span> <span class='ocrx_word' id='word_1_254' title='bbox 1078 3824 1421 3885; x_wconf 91' lang='lat' dir='ltr'>Aristoteles</span> <span class='ocrx_word' id='word_1_255' title='bbox 1444 3823 1830 3897; x_wconf 88' lang='lat' dir='ltr'>appellat,pro</span> <span class='ocrx_word' id='word_1_256' title='bbox 1854 3839 1961 3878; x_wconf 89' lang='lat' dir='ltr'>sua</span> 
     </span>
    </p>
   </div>
   <div class='ocr_carea' id='block_1_43' title="bbox 310 3912 1959 3996">
    <p class='ocr_par' dir='ltr' id='par_1_43' title="bbox 310 3912 1959 3996">
     <span class='ocr_line' id='line_1_43' title="bbox 310 3912 1959 3996; baseline -0.008 -15"><span class='ocrx_word' id='word_1_257' title='bbox 310 3927 384 3981; x_wconf 90' lang='lat' dir='ltr'>ad</span> <span class='ocrx_word' id='word_1_258' title='bbox 415 3916 628 3996; x_wconf 82' lang='lat' dir='ltr'>corpus</span> <span class='ocrx_word' id='word_1_259' title='bbox 660 3920 1037 3978; x_wconf 89' lang='lat' dir='ltr'>inclinatione</span> <span class='ocrx_word' id='word_1_260' title='bbox 1066 3923 1124 3975; x_wconf 90' lang='lat' dir='ltr'>et</span> <span class='ocrx_word' id='word_1_261' title='bbox 1153 3914 1499 3989; x_wconf 88' lang='lat' dir='ltr'>separabilis</span> <span class='ocrx_word' id='word_1_262' title='bbox 1531 3918 1622 3969; x_wconf 91' lang='lat' dir='ltr'>est</span> <span class='ocrx_word' id='word_1_263' title='bbox 1650 3916 1708 3969; x_wconf 90' lang='lat' dir='ltr'>et</span> <span class='ocrx_word' id='word_1_264' title='bbox 1733 3912 1959 3985; x_wconf 75' lang='lat' dir='ltr'>insepa-</span> 
     </span>
    </p>
   </div>
   <div class='ocr_carea' id='block_1_44' title="bbox 311 4014 536 4072">
    <p class='ocr_par' dir='ltr' id='par_1_44' title="bbox 311 4014 536 4072">
     <span class='ocr_line' id='line_1_44' title="bbox 311 4014 536 4072; baseline -0.009 -1"><span class='ocrx_word' id='word_1_265' title='bbox 311 4014 536 4072; x_wconf 86' lang='lat' dir='ltr'>rabilis.</span> 
     </span>
    </p>
   </div>
   <div class='ocr_carea' id='block_1_45' title="bbox 907 4097 1351 4154">
    <p class='ocr_par' dir='ltr' id='par_1_45' title="bbox 907 4097 1351 4154">
     <span class='ocr_line' id='line_1_45' title="bbox 907 4097 1351 4154; baseline -0.007 0"><span class='ocrx_word' id='word_1_266' title='bbox 907 4100 993 4154; x_wconf 86' lang='grc'>31.</span> <span class='ocrx_word' id='word_1_267' title='bbox 1027 4100 1102 4153; x_wconf 83' lang='lat' dir='ltr'>De</span> <span class='ocrx_word' id='word_1_268' title='bbox 1132 4097 1351 4152; x_wconf 82' lang='lat' dir='ltr'>anima.</span> 
     </span>
    </p>
   </div>
   <div class='ocr_carea' id='block_1_46' title="bbox 381 4182 1959 4262">
    <p class='ocr_par' dir='ltr' id='par_1_46' title="bbox 381 4182 1959 4262">
     <span class='ocr_line' id='line_1_46' title="bbox 381 4182 1959 4262; baseline -0.006 -15"><span class='ocrx_word' id='word_1_269' title='bbox 381 4191 589 4248; x_wconf 85' lang='lat' dir='ltr'>Anima</span> <span class='ocrx_word' id='word_1_270' title='bbox 636 4207 763 4262; x_wconf 84' lang='lat' dir='ltr'>quae</span> <span class='ocrx_word' id='word_1_271' title='bbox 810 4188 1065 4262; x_wconf 87' lang='lat' dir='ltr'>seipsam</span> <span class='ocrx_word' id='word_1_272' title='bbox 1120 4183 1423 4258; x_wconf 86' lang='lat' dir='ltr'>cognoscit</span> <span class='ocrx_word' id='word_1_273' title='bbox 1452 4187 1509 4240; x_wconf 90' lang='lat' dir='ltr'>et</span> <span class='ocrx_word' id='word_1_274' title='bbox 1556 4182 1710 4255; x_wconf 90' lang='lat' dir='ltr'>quod</span> <span class='ocrx_word' id='word_1_275' title='bbox 1763 4182 1959 4238; x_wconf 89' lang='lat' dir='ltr'>divina</span> 
     </span>
    </p>
   </div>
   <div class='ocr_carea' id='block_1_47' title="bbox 310 4276 1956 4354">
    <p class='ocr_par' dir='ltr' id='par_1_47' title="bbox 310 4276 1956 4354">
     <span class='ocr_line' id='line_1_47' title="bbox 310 4276 1956 4354; baseline -0.006 -19"><span class='ocrx_word' id='word_1_276' title='bbox 310 4281 525 4354; x_wconf 80' lang='lat' dir='ltr'>gaudet</span> <span class='ocrx_word' id='word_1_277' title='bbox 537 4276 1115 4353; x_wconf 56' lang='lat' dir='ltr'>prsarogativaﬁonge</span> <span class='ocrx_word' id='word_1_278' title='bbox 1131 4276 1311 4330; x_wconf 89' lang='lat' dir='ltr'>distat</span> <span class='ocrx_word' id='word_1_279' title='bbox 1335 4290 1369 4329; x_wconf 91' lang='lat' dir='ltr'>a</span> <span class='ocrx_word' id='word_1_280' title='bbox 1388 4277 1600 4328; x_wconf 90' lang='lat' dir='ltr'>natura</span> <span class='ocrx_word' id='word_1_281' title='bbox 1620 4287 1956 4343; x_wconf 88' lang='lat' dir='ltr'>corporum,</span> 
     </span>
    </p>
   </div>
   <div class='ocr_carea' id='block_1_48' title="bbox 313 4360 1955 4441">
    <p class='ocr_par' dir='ltr' id='par_1_48' title="bbox 313 4360 1955 4441">
     <span class='ocr_line' id='line_1_48' title="bbox 313 4360 1955 4441; baseline -0.007 -15"><span class='ocrx_word' id='word_1_282' title='bbox 313 4370 709 4441; x_wconf 88' lang='lat' dir='ltr'>omnibusque</span> <span class='ocrx_word' id='word_1_283' title='bbox 745 4371 985 4439; x_wconf 63' lang='lat' dir='ltr'>praestat</span> <span class='ocrx_word' id='word_1_284' title='bbox 1015 4364 1364 4421; x_wconf 90' lang='lat' dir='ltr'>seminibus.</span> <span class='ocrx_word' id='word_1_285' title='bbox 1408 4360 1586 4417; x_wconf 88' lang='lat' dir='ltr'>Multo</span> <span class='ocrx_word' id='word_1_286' title='bbox 1619 4360 1798 4416; x_wconf 89' lang='lat' dir='ltr'>etiam</span> <span class='ocrx_word' id='word_1_287' title='bbox 1822 4364 1955 4415; x_wconf 87' lang='lat' dir='ltr'>ante</span> 
     </span>
    </p>
   </div>
   <div class='ocr_carea' id='block_1_49' title="bbox 308 4449 1953 4527">
    <p class='ocr_par' dir='ltr' id='par_1_49' title="bbox 308 4449 1953 4527">
     <span class='ocr_line' id='line_1_49' title="bbox 308 4449 1953 4527; baseline -0.007 -13"><span class='ocrx_word' id='word_1_288' title='bbox 308 4460 431 4514; x_wconf 69' lang='lat' dir='ltr'>haec</span> <span class='ocrx_word' id='word_1_289' title='bbox 462 4460 534 4514; x_wconf 88' lang='lat' dir='ltr'>ab</span> <span class='ocrx_word' id='word_1_290' title='bbox 566 4458 842 4513; x_wconf 90' lang='lat' dir='ltr'>omnibus</span> <span class='ocrx_word' id='word_1_291' title='bbox 871 4454 1219 4527; x_wconf 91' lang='lat' dir='ltr'>corporibus</span> <span class='ocrx_word' id='word_1_292' title='bbox 1249 4452 1531 4508; x_wconf 90' lang='lat' dir='ltr'>distincta</span> <span class='ocrx_word' id='word_1_293' title='bbox 1561 4454 1672 4516; x_wconf 88' lang='lat' dir='ltr'>est,</span> <span class='ocrx_word' id='word_1_294' title='bbox 1696 4449 1953 4520; x_wconf 88' lang='lat' dir='ltr'>atquein</span> 
     </span>
    </p>
   </div>
   <div class='ocr_carea' id='block_1_50' title="bbox 2097 506 3753 594">
    <p class='ocr_par' dir='ltr' id='par_1_50' title="bbox 2097 506 3753 594">
     <span class='ocr_line' id='line_1_50' title="bbox 2097 506 3753 594; baseline 0.006 -32"><span class='ocrx_word' id='word_1_295' title='bbox 2097 506 2400 580; x_wconf 78' lang='grc' dir='ltr'>ὕποδέξαιτ’</span> <span class='ocrx_word' id='word_1_296' title='bbox 2432 511 2491 565; x_wconf 83' lang='grc' dir='ltr'>ἄν</span> <span class='ocrx_word' id='word_1_297' title='bbox 2524 532 2675 569; x_wconf 83' lang='grc' dir='ltr'>ποτε.</span> <span class='ocrx_word' id='word_1_298' title='bbox 2710 512 2969 584; x_wconf 82' lang='grc' dir='ltr'>Αἷσθήσει</span> <span class='ocrx_word' id='word_1_299' title='bbox 3001 512 3059 569; x_wconf 75' lang='grc' dir='ltr'>δὲ</span> <span class='ocrx_word' id='word_1_300' title='bbox 3088 515 3328 589; x_wconf 82' lang='grc' dir='ltr'>χρῆσθαί</span> <span class='ocrx_word' id='word_1_301' title='bbox 3357 537 3518 594; x_wconf 79' lang='grc' dir='ltr'>φησιν</span> <span class='ocrx_word' id='word_1_302' title='bbox 3581 517 3753 592; x_wconf 81' lang='grc' dir='ltr'>ἀναγ-</span> 
     </span>
    </p>
   </div>
   <div class='ocr_carea' id='block_1_51' title="bbox 2091 598 3751 682">
    <p class='ocr_par' dir='ltr' id='par_1_51' title="bbox 2091 598 3751 682">
     <span class='ocr_line' id='line_1_51' title="bbox 2091 598 3751 682; baseline 0.005 -32"><span class='ocrx_word' id='word_1_303' title='bbox 2091 603 2270 665; x_wconf 82' lang='grc' dir='ltr'>καῖον,</span> <span class='ocrx_word' id='word_1_304' title='bbox 2330 599 2394 653; x_wconf 86' lang='grc' dir='ltr'>τὸ</span> <span class='ocrx_word' id='word_1_305' title='bbox 2478 602 2583 675; x_wconf 75' lang='grc' dir='ltr'>γὰρ</span> <span class='ocrx_word' id='word_1_306' title='bbox 2668 598 2758 656; x_wconf 79' lang='grc' dir='ltr'>διὰ</span> <span class='ocrx_word' id='word_1_307' title='bbox 2832 604 3083 676; x_wconf 87' lang='grc' dir='ltr'>σώματος</span> <span class='ocrx_word' id='word_1_308' title='bbox 3144 602 3418 679; x_wconf 80' lang='grc' dir='ltr'>ἰνεργοῦν,</span> <span class='ocrx_word' id='word_1_309' title='bbox 3475 602 3593 682; x_wconf 80' lang='grc' dir='ltr'>ἔχει</span> <span class='ocrx_word' id='word_1_310' title='bbox 3648 608 3751 675; x_wconf 73' lang='grc' dir='ltr'>τὴν</span> 
     </span>
    </p>
   </div>
   <div class='ocr_carea' id='block_1_52' title="bbox 2094 682 3752 766">
    <p class='ocr_par' dir='ltr' id='par_1_52' title="bbox 2094 682 3752 766">
     <span class='ocr_line' id='line_1_52' title="bbox 2094 682 3752 766; baseline 0.006 -27"><span class='ocrx_word' id='word_1_311' title='bbox 2094 682 2363 756; x_wconf 58' lang='grc' dir='ltr'>αἴσθησιν,</span> <span class='ocrx_word' id='word_1_312' title='bbox 2392 686 2481 742; x_wconf 72' lang='grc' dir='ltr'>’ἶνα</span> <span class='ocrx_word' id='word_1_313' title='bbox 2513 684 2581 744; x_wconf 80' lang='grc' dir='ltr'>δι’</span> <span class='ocrx_word' id='word_1_314' title='bbox 2614 689 2780 762; x_wconf 81' lang='grc' dir='ltr'>αὐτῆς</span> <span class='ocrx_word' id='word_1_315' title='bbox 2818 692 3056 766; x_wconf 84' lang='grc' dir='ltr'>γινώσκῃ</span> <span class='ocrx_word' id='word_1_316' title='bbox 3082 692 3152 747; x_wconf 71' lang='grc' dir='ltr'>τὰ</span> <span class='ocrx_word' id='word_1_317' title='bbox 3196 688 3409 764; x_wconf 78' lang='grc' dir='ltr'>ἔξωθεν.</span> <span class='ocrx_word' id='word_1_318' title='bbox 3443 694 3508 751; x_wconf 74' lang='grc' dir='ltr'>Εἰ</span> <span class='ocrx_word' id='word_1_319' title='bbox 3568 694 3661 749; x_wconf 77' lang='grc' dir='ltr'>οῦν</span> <span class='ocrx_word' id='word_1_320' title='bbox 3715 699 3752 766; x_wconf 74' lang='grc' dir='ltr'><strong>ἡ</strong></span> 
     </span>
    </p>
   </div>
   <div class='ocr_carea' id='block_1_53' title="bbox 2093 776 3751 857">
    <p class='ocr_par' dir='ltr' id='par_1_53' title="bbox 2093 776 3751 857">
     <span class='ocr_line' id='line_1_53' title="bbox 2093 776 3751 857; baseline 0.007 -29"><span class='ocrx_word' id='word_1_321' title='bbox 2093 777 2251 851; x_wconf 76' lang='grc' dir='ltr'>ψυχὴ</span> <span class='ocrx_word' id='word_1_322' title='bbox 2300 776 2615 851; x_wconf 81' lang='grc' dir='ltr'>ἀσώματος,</span> <span class='ocrx_word' id='word_1_323' title='bbox 2646 780 2714 835; x_wconf 74' lang='grc' dir='ltr'>τὰ</span> <span class='ocrx_word' id='word_1_324' title='bbox 2770 780 2915 852; x_wconf 79' lang='grc' dir='ltr'>πάθη</span> <span class='ocrx_word' id='word_1_325' title='bbox 2975 787 3071 836; x_wconf 89' lang='grc' dir='ltr'>τοῦ</span> <span class='ocrx_word' id='word_1_326' title='bbox 3120 784 3375 857; x_wconf 84' lang='grc' dir='ltr'>σώματος</span> <span class='ocrx_word' id='word_1_327' title='bbox 3432 783 3493 839; x_wconf 78' lang='grc' dir='ltr'>οὗ</span> <span class='ocrx_word' id='word_1_328' title='bbox 3553 781 3751 856; x_wconf 68' lang='grc' dir='ltr'>διαϐή-</span> 
     </span>
    </p>
   </div>
   <div class='ocr_carea' id='block_1_54' title="bbox 2095 865 3755 949">
    <p class='ocr_par' dir='ltr' id='par_1_54' title="bbox 2095 865 3755 949">
     <span class='ocr_line' id='line_1_54' title="bbox 2095 865 3755 949; baseline 0.006 -30"><span class='ocrx_word' id='word_1_329' title='bbox 2095 886 2241 920; x_wconf 88' lang='grc' dir='ltr'>σεται</span> <span class='ocrx_word' id='word_1_330' title='bbox 2276 865 2360 922; x_wconf 81' lang='grc' dir='ltr'>ἐπ’</span> <span class='ocrx_word' id='word_1_331' title='bbox 2390 868 2580 938; x_wconf 71' lang='grc' dir='ltr'>αὗτήν.</span> <span class='ocrx_word' id='word_1_332' title='bbox 2612 869 2679 924; x_wconf 68' lang='lat' dir='ltr'>Ei</span> <span class='ocrx_word' id='word_1_333' title='bbox 2710 867 2769 924; x_wconf 63' lang='grc' dir='ltr'>δὲ</span> <span class='ocrx_word' id='word_1_334' title='bbox 2816 869 2905 925; x_wconf 84' lang='grc' dir='ltr'>καὶ</span> <span class='ocrx_word' id='word_1_335' title='bbox 2958 867 3200 949; x_wconf 75' lang='grc' dir='ltr'>ἔρχεται,</span> <span class='ocrx_word' id='word_1_336' title='bbox 3232 872 3332 928; x_wconf 80' lang='grc' dir='ltr'>οὐκ</span> <span class='ocrx_word' id='word_1_337' title='bbox 3377 873 3450 935; x_wconf 74' lang='grc' dir='ltr'>εἰς</span> <span class='ocrx_word' id='word_1_338' title='bbox 3495 875 3597 943; x_wconf 82' lang='grc' dir='ltr'>τὴν</span> <span class='ocrx_word' id='word_1_339' title='bbox 3658 875 3755 929; x_wconf 80' lang='grc' dir='ltr'>οὐ·</span> 
     </span>
    </p>
   </div>
   <div class='ocr_carea' id='block_1_55' title="bbox 2095 955 3756 1037">
    <p class='ocr_par' dir='ltr' id='par_1_55' title="bbox 2095 955 3756 1037">
     <span class='ocr_line' id='line_1_55' title="bbox 2095 955 3756 1037; baseline 0.006 -29"><span class='ocrx_word' id='word_1_340' title='bbox 2095 955 2208 1009; x_wconf 85' lang='grc' dir='ltr'>σίαν</span> <span class='ocrx_word' id='word_1_341' title='bbox 2270 956 2437 1027; x_wconf 75' lang='grc' dir='ltr'>αὐτῆς</span> <span class='ocrx_word' id='word_1_342' title='bbox 2494 956 2738 1034; x_wconf 72' lang='grc' dir='ltr'>ἔρχεται,</span> <span class='ocrx_word' id='word_1_343' title='bbox 2789 957 2915 1015; x_wconf 83' lang='grc' dir='ltr'>ἀλλ’</span> <span class='ocrx_word' id='word_1_344' title='bbox 2948 958 3025 1021; x_wconf 71' lang='grc' dir='ltr'>εἷς</span> <span class='ocrx_word' id='word_1_345' title='bbox 3072 962 3168 1022; x_wconf 79' lang='grc' dir='ltr'>τὰς</span> <span class='ocrx_word' id='word_1_346' title='bbox 3221 958 3475 1037; x_wconf 83' lang='grc' dir='ltr'>δυνάμεις</span> <span class='ocrx_word' id='word_1_347' title='bbox 3521 964 3610 1017; x_wconf 75' lang='grc' dir='ltr'>καὶ</span> <span class='ocrx_word' id='word_1_348' title='bbox 3654 965 3756 1029; x_wconf 79' lang='grc' dir='ltr'>τὰς</span> 
     </span>
    </p>
   </div>
   <div class='ocr_carea' id='block_1_56' title="bbox 2092 1042 2386 1119">
    <p class='ocr_par' dir='ltr' id='par_1_56' title="bbox 2092 1042 2386 1119">
     <span class='ocr_line' id='line_1_56' title="bbox 2092 1042 2386 1119; baseline 0.007 -21"><span class='ocrx_word' id='word_1_349' title='bbox 2092 1042 2386 1119; x_wconf 79' lang='grc' dir='ltr'>ἐνεργείας.</span> 
     </span>
    </p>
   </div>
   <div class='ocr_carea' id='block_1_57' title="bbox 2662 1138 3174 1215">
    <p class='ocr_par' dir='ltr' id='par_1_57' title="bbox 2662 1138 3174 1215">
     <span class='ocr_line' id='line_1_57' title="bbox 2662 1138 3174 1215; baseline 0.008 -23"><span class='ocrx_word' id='word_1_350' title='bbox 2662 1139 2758 1195; x_wconf 77' lang='grc' dir='ltr'>κθ’.</span> <span class='ocrx_word' id='word_1_351' title='bbox 2800 1138 2929 1214; x_wconf 84' lang='grc' dir='ltr'>Περὶ</span> <span class='ocrx_word' id='word_1_352' title='bbox 2969 1142 3174 1215; x_wconf 80' lang='grc' dir='ltr'>ψυχῆς.</span> 
     </span>
    </p>
   </div>
   <div class='ocr_carea' id='block_1_58' title="bbox 2159 1223 3747 1305">
    <p class='ocr_par' dir='ltr' id='par_1_58' title="bbox 2159 1223 3747 1305">
     <span class='ocr_line' id='line_1_58' title="bbox 2159 1223 3747 1305; baseline 0.004 -25"><span class='ocrx_word' id='word_1_353' title='bbox 2159 1223 2422 1300; x_wconf 84' lang='grc' dir='ltr'>Μίγνυται</span> <span class='ocrx_word' id='word_1_354' title='bbox 2479 1227 2546 1281; x_wconf 75' lang='grc' dir='ltr'>τὰ</span> <span class='ocrx_word' id='word_1_355' title='bbox 2626 1227 2930 1302; x_wconf 79' lang='grc' dir='ltr'>μιγνύμενα</span> <span class='ocrx_word' id='word_1_356' title='bbox 2986 1230 3022 1300; x_wconf 72' lang='grc' dir='ltr'>ἢ</span> <span class='ocrx_word' id='word_1_357' title='bbox 3087 1229 3386 1305; x_wconf 75' lang='grc' dir='ltr'>κιρνάμενα</span> <span class='ocrx_word' id='word_1_358' title='bbox 3468 1231 3747 1303; x_wconf 78' lang='grc' dir='ltr'>ἀλλήλοις</span> 
     </span>
    </p>
   </div>
   <div class='ocr_carea' id='block_1_59' title="bbox 2090 1313 3746 1397">
    <p class='ocr_par' dir='ltr' id='par_1_59' title="bbox 2090 1313 3746 1397">
     <span class='ocr_line' id='line_1_59' title="bbox 2090 1313 3746 1397; baseline 0.005 -29"><span class='ocrx_word' id='word_1_359' title='bbox 2090 1313 2270 1389; x_wconf 80' lang='grc' dir='ltr'>ὥσπερ</span> <span class='ocrx_word' id='word_1_360' title='bbox 2301 1315 2367 1369; x_wconf 79' lang='grc' dir='ltr'>τὰ</span> <span class='ocrx_word' id='word_1_361' title='bbox 2401 1315 2555 1391; x_wconf 73' lang='grc' dir='ltr'>ὑγρὰ,</span> <span class='ocrx_word' id='word_1_362' title='bbox 2586 1316 2623 1385; x_wconf 77' lang='grc' dir='ltr'><strong>ἢ</strong></span> <span class='ocrx_word' id='word_1_363' title='bbox 2656 1314 3062 1391; x_wconf 84' lang='grc' dir='ltr'>διαπλεκόμενα</span> <span class='ocrx_word' id='word_1_364' title='bbox 3114 1319 3295 1395; x_wconf 82' lang='grc' dir='ltr'>ὥσπερ</span> <span class='ocrx_word' id='word_1_365' title='bbox 3326 1321 3355 1375; x_wconf 78' lang='grc' dir='ltr'>’ὀ</span> <span class='ocrx_word' id='word_1_366' title='bbox 3385 1342 3444 1376; x_wconf 76' lang='grc' dir='ltr'>τι</span> <span class='ocrx_word' id='word_1_367' title='bbox 3497 1321 3605 1397; x_wconf 74' lang='grc' dir='ltr'>ἀὴρ</span> <span class='ocrx_word' id='word_1_368' title='bbox 3652 1322 3746 1377; x_wconf 82' lang='grc' dir='ltr'>καὶ</span> 
     </span>
    </p>
   </div>
   <div class='ocr_carea' id='block_1_60' title="bbox 2085 1402 3748 1484">
    <p class='ocr_par' dir='ltr' id='par_1_60' title="bbox 2085 1402 3748 1484">
     <span class='ocr_line' id='line_1_60' title="bbox 2085 1402 3748 1484; baseline 0.007 -28"><span class='ocrx_word' id='word_1_369' title='bbox 2085 1403 2149 1456; x_wconf 82' lang='grc' dir='ltr'>τὸ</span> <span class='ocrx_word' id='word_1_370' title='bbox 2181 1407 2315 1481; x_wconf 76' lang='grc' dir='ltr'>φῶς.</span> <span class='ocrx_word' id='word_1_371' title='bbox 2348 1404 2410 1458; x_wconf 84' lang='lat' dir='ltr'>El</span> <span class='ocrx_word' id='word_1_372' title='bbox 2452 1402 2510 1459; x_wconf 76' lang='grc' dir='ltr'>δὶ</span> <span class='ocrx_word' id='word_1_373' title='bbox 2569 1406 2796 1484; x_wconf 66' lang='grc' dir='ltr'>ἐφάπτοι</span> <span class='ocrx_word' id='word_1_374' title='bbox 2826 1407 2889 1461; x_wconf 85' lang='grc' dir='ltr'>τὸ</span> <span class='ocrx_word' id='word_1_375' title='bbox 2951 1408 3138 1481; x_wconf 87' lang='grc' dir='ltr'>μόνον,</span> <span class='ocrx_word' id='word_1_376' title='bbox 3169 1412 3238 1483; x_wconf 76' lang='grc' dir='ltr'>τῇ</span> <span class='ocrx_word' id='word_1_377' title='bbox 3295 1410 3388 1483; x_wconf 73' lang='grc' dir='ltr'>μὶν</span> <span class='ocrx_word' id='word_1_378' title='bbox 3447 1409 3607 1483; x_wconf 78' lang='grc' dir='ltr'>οὐσίᾳ</span> <span class='ocrx_word' id='word_1_379' title='bbox 3650 1433 3748 1467; x_wconf 81' lang='grc' dir='ltr'>κε-</span> 
     </span>
    </p>
   </div>
   <div class='ocr_carea' id='block_1_61' title="bbox 2087 1492 3746 1574">
    <p class='ocr_par' dir='ltr' id='par_1_61' title="bbox 2087 1492 3746 1574">
     <span class='ocr_line' id='line_1_61' title="bbox 2087 1492 3746 1574; baseline 0.006 -29"><span class='ocrx_word' id='word_1_380' title='bbox 2087 1492 2378 1566; x_wconf 84' lang='grc' dir='ltr'>χώρισται,</span> <span class='ocrx_word' id='word_1_381' title='bbox 2410 1499 2530 1556; x_wconf 83' lang='grc' dir='ltr'>ταῖς</span> <span class='ocrx_word' id='word_1_382' title='bbox 2580 1492 2637 1549; x_wconf 80' lang='grc' dir='ltr'>δὲ</span> <span class='ocrx_word' id='word_1_383' title='bbox 2693 1495 2982 1572; x_wconf 76' lang='grc' dir='ltr'>ἱνεργείαις</span> <span class='ocrx_word' id='word_1_384' title='bbox 3013 1499 3297 1571; x_wconf 68' lang='grc' dir='ltr'>μέμικται.</span> <span class='ocrx_word' id='word_1_385' title='bbox 3350 1499 3449 1553; x_wconf 78' lang='grc' dir='ltr'>Καὶ</span> <span class='ocrx_word' id='word_1_386' title='bbox 3493 1502 3746 1574; x_wconf 67' lang='grc' dir='ltr'>Ἄριστος</span> 
     </span>
    </p>
   </div>
   <div class='ocr_carea' id='block_1_62' title="bbox 2086 1579 3744 1662">
    <p class='ocr_par' dir='ltr' id='par_1_62' title="bbox 2086 1579 3744 1662">
     <span class='ocr_line' id='line_1_62' title="bbox 2086 1579 3744 1662; baseline 0.004 -27"><span class='ocrx_word' id='word_1_387' title='bbox 2086 1580 2250 1652; x_wconf 77' lang='grc' dir='ltr'>τὲλης</span> <span class='ocrx_word' id='word_1_388' title='bbox 2308 1579 2396 1637; x_wconf 80' lang='grc' dir='ltr'>διὰ</span> <span class='ocrx_word' id='word_1_389' title='bbox 2447 1588 2609 1638; x_wconf 87' lang='grc' dir='ltr'>τοῦτο</span> <span class='ocrx_word' id='word_1_390' title='bbox 2665 1586 2765 1654; x_wconf 74' lang='grc' dir='ltr'>τὴν</span> <span class='ocrx_word' id='word_1_391' title='bbox 2825 1588 3010 1662; x_wconf 74' lang='grc' dir='ltr'>ψυχὴν</span> <span class='ocrx_word' id='word_1_392' title='bbox 3044 1593 3195 1641; x_wconf 85' lang='grc' dir='ltr'>ποιεῖ</span> <span class='ocrx_word' id='word_1_393' title='bbox 3241 1585 3446 1656; x_wconf 75' lang='grc' dir='ltr'>διττὴν,</span> <span class='ocrx_word' id='word_1_394' title='bbox 3476 1589 3578 1656; x_wconf 74' lang='grc' dir='ltr'>τὴν</span> <span class='ocrx_word' id='word_1_395' title='bbox 3644 1590 3744 1661; x_wconf 73' lang='grc' dir='ltr'>μὲν</span> 
     </span>
    </p>
   </div>
   <div class='ocr_carea' id='block_1_63' title="bbox 2086 1670 3741 1749">
    <p class='ocr_par' dir='ltr' id='par_1_63' title="bbox 2086 1670 3741 1749">
     <span class='ocr_line' id='line_1_63' title="bbox 2086 1670 3741 1749; baseline 0.006 -26"><span class='ocrx_word' id='word_1_396' title='bbox 2086 1672 2527 1746; x_wconf 75' lang='grc' dir='ltr'>κεχωρισμένην,</span> <span class='ocrx_word' id='word_1_397' title='bbox 2584 1675 2684 1742; x_wconf 75' lang='grc' dir='ltr'>τὴν</span> <span class='ocrx_word' id='word_1_398' title='bbox 2755 1670 2813 1728; x_wconf 78' lang='lat' dir='ltr'>6‘s</span> <span class='ocrx_word' id='word_1_399' title='bbox 2868 1672 2919 1728; x_wconf 71' lang='grc' dir='ltr'>ἐν</span> <span class='ocrx_word' id='word_1_400' title='bbox 2999 1676 3212 1749; x_wconf 86' lang='grc' dir='ltr'>σώματι</span> <span class='ocrx_word' id='word_1_401' title='bbox 3286 1677 3384 1745; x_wconf 75' lang='grc' dir='ltr'>τὴν</span> <span class='ocrx_word' id='word_1_402' title='bbox 3445 1676 3741 1733; x_wconf 75' lang='grc' dir='ltr'>ὑπόστασιν</span> 
     </span>
    </p>
   </div>
   <div class='ocr_carea' id='block_1_64' title="bbox 2089 1758 3743 1841">
    <p class='ocr_par' dir='ltr' id='par_1_64' title="bbox 2089 1758 3743 1841">
     <span class='ocr_line' id='line_1_64' title="bbox 2089 1758 3743 1841; baseline 0.005 -28"><span class='ocrx_word' id='word_1_403' title='bbox 2089 1758 2518 1833; x_wconf 76' lang='grc' dir='ltr'>ἔχουσαν.Πλὴν</span> <span class='ocrx_word' id='word_1_404' title='bbox 2538 1761 2644 1839; x_wconf 79' lang='grc' dir='ltr'>οὐχ</span> <span class='ocrx_word' id='word_1_405' title='bbox 2673 1764 2708 1832; x_wconf 77' lang='grc' dir='ltr'><strong>ἡ</strong></span> <span class='ocrx_word' id='word_1_406' title='bbox 2739 1765 2892 1839; x_wconf 76' lang='grc' dir='ltr'>ψυχὴ</span> <span class='ocrx_word' id='word_1_407' title='bbox 2926 1762 3231 1820; x_wconf 73' lang='grc' dir='ltr'>αἰσθάνεται</span> <span class='ocrx_word' id='word_1_408' title='bbox 3264 1767 3299 1836; x_wconf 69' lang='grc' dir='ltr'><strong>ἡ</strong></span> <span class='ocrx_word' id='word_1_409' title='bbox 3332 1764 3384 1820; x_wconf 76' lang='grc' dir='ltr'>ἐν</span> <span class='ocrx_word' id='word_1_410' title='bbox 3412 1770 3495 1838; x_wconf 77' lang='grc' dir='ltr'>τῷ</span> <span class='ocrx_word' id='word_1_411' title='bbox 3524 1767 3743 1841; x_wconf 85' lang='grc' dir='ltr'>σώματι</span> 
     </span>
    </p>
   </div>
   <div class='ocr_carea' id='block_1_65' title="bbox 2086 1847 3741 1933">
    <p class='ocr_par' dir='ltr' id='par_1_65' title="bbox 2086 1847 3741 1933">
     <span class='ocr_line' id='line_1_65' title="bbox 2086 1847 3741 1933; baseline 0.005 -30"><span class='ocrx_word' id='word_1_412' title='bbox 2086 1848 2216 1904; x_wconf 78' lang='grc' dir='ltr'>οὖσα</span> <span class='ocrx_word' id='word_1_413' title='bbox 2266 1847 2415 1926; x_wconf 57' lang='grc' dir='ltr'>εἷεπερ</span> <span class='ocrx_word' id='word_1_414' title='bbox 2468 1852 2722 1928; x_wconf 68' lang='grc' dir='ltr'>κέκραται</span> <span class='ocrx_word' id='word_1_415' title='bbox 2769 1857 2849 1926; x_wconf 77' lang='grc' dir='ltr'>τῷ</span> <span class='ocrx_word' id='word_1_416' title='bbox 2900 1853 3135 1928; x_wconf 84' lang='grc' dir='ltr'>σώματι,</span> <span class='ocrx_word' id='word_1_417' title='bbox 3166 1852 3315 1909; x_wconf 83' lang='grc' dir='ltr'>ἀλλᾶ</span> <span class='ocrx_word' id='word_1_418' title='bbox 3365 1856 3428 1910; x_wconf 88' lang='grc' dir='ltr'>τὸ</span> <span class='ocrx_word' id='word_1_419' title='bbox 3485 1850 3741 1933; x_wconf 75' lang='grc' dir='ltr'>ἔμψυχον</span> 
     </span>
    </p>
   </div>
   <div class='ocr_carea' id='block_1_66' title="bbox 2084 1939 3742 2020">
    <p class='ocr_par' dir='ltr' id='par_1_66' title="bbox 2084 1939 3742 2020">
     <span class='ocr_line' id='line_1_66' title="bbox 2084 1939 3742 2020; baseline 0.007 -29"><span class='ocrx_word' id='word_1_420' title='bbox 2084 1942 2264 2011; x_wconf 80' lang='grc' dir='ltr'>σῶμα.</span> <span class='ocrx_word' id='word_1_421' title='bbox 2295 1939 2365 1994; x_wconf 85' lang='grc' dir='ltr'>Τὸ</span> <span class='ocrx_word' id='word_1_422' title='bbox 2421 1939 2520 2015; x_wconf 79' lang='grc' dir='ltr'>γὰρ</span> <span class='ocrx_word' id='word_1_423' title='bbox 2581 1944 2741 2013; x_wconf 80' lang='grc' dir='ltr'>σῶμα</span> <span class='ocrx_word' id='word_1_424' title='bbox 2799 1940 2888 1997; x_wconf 68' lang='grc' dir='ltr'>διὰ</span> <span class='ocrx_word' id='word_1_425' title='bbox 2924 1944 3026 2013; x_wconf 71' lang='grc' dir='ltr'>τὴν</span> <span class='ocrx_word' id='word_1_426' title='bbox 3083 1943 3270 2019; x_wconf 79' lang='grc' dir='ltr'>ψυχὴν</span> <span class='ocrx_word' id='word_1_427' title='bbox 3303 1944 3616 2015; x_wconf 79' lang='grc' dir='ltr'>αἰσθητικὸν</span> <span class='ocrx_word' id='word_1_428' title='bbox 3650 1945 3742 2020; x_wconf 73' lang='grc' dir='ltr'>γέ-</span> 
     </span>
    </p>
   </div>
   <div class='ocr_carea' id='block_1_67' title="bbox 2082 2028 3741 2103">
    <p class='ocr_par' dir='ltr' id='par_1_67' title="bbox 2082 2028 3741 2103">
     <span class='ocr_line' id='line_1_67' title="bbox 2082 2028 3741 2103; baseline 0.006 -22"><span class='ocrx_word' id='word_1_429' title='bbox 2082 2029 2344 2102; x_wconf 86' lang='grc' dir='ltr'>γονε,καὶ</span> <span class='ocrx_word' id='word_1_430' title='bbox 2390 2030 2666 2103; x_wconf 80' lang='grc' dir='ltr'>ὀρεκτικὸν</span> <span class='ocrx_word' id='word_1_431' title='bbox 2698 2031 2788 2086; x_wconf 81' lang='grc' dir='ltr'>καὶ</span> <span class='ocrx_word' id='word_1_432' title='bbox 2819 2036 2926 2087; x_wconf 85' lang='grc' dir='ltr'>τῶν</span> <span class='ocrx_word' id='word_1_433' title='bbox 2982 2028 3166 2087; x_wconf 77' lang='grc' dir='ltr'>ἄλλων</span> <span class='ocrx_word' id='word_1_434' title='bbox 3227 2038 3415 2097; x_wconf 79' lang='grc' dir='ltr'>παθῶν</span> <span class='ocrx_word' id='word_1_435' title='bbox 3468 2032 3741 2093; x_wconf 77' lang='grc' dir='ltr'>δεκτικόν.</span> 
     </span>
    </p>
   </div>
   <div class='ocr_carea' id='block_1_68' title="bbox 2084 2117 3740 2199">
    <p class='ocr_par' dir='ltr' id='par_1_68' title="bbox 2084 2117 3740 2199">
     <span class='ocr_line' id='line_1_68' title="bbox 2084 2117 3740 2199; baseline 0.005 -27"><span class='ocrx_word' id='word_1_436' title='bbox 2084 2119 2309 2174; x_wconf 78' lang='grc' dir='ltr'>Πλάτων</span> <span class='ocrx_word' id='word_1_437' title='bbox 2340 2117 2397 2175; x_wconf 70' lang='grc' dir='ltr'>δὶ</span> <span class='ocrx_word' id='word_1_438' title='bbox 2423 2121 2522 2189; x_wconf 82' lang='grc' dir='ltr'>τήν</span> <span class='ocrx_word' id='word_1_439' title='bbox 2583 2120 2850 2192; x_wconf 73' lang='grc' dir='ltr'>ἀληθινὴν</span> <span class='ocrx_word' id='word_1_440' title='bbox 2898 2121 3079 2177; x_wconf 79' lang='grc' dir='ltr'>οὐσίαν</span> <span class='ocrx_word' id='word_1_441' title='bbox 3140 2129 3242 2193; x_wconf 84' lang='grc' dir='ltr'>τῆς</span> <span class='ocrx_word' id='word_1_442' title='bbox 3291 2124 3479 2199; x_wconf 72' lang='grc' dir='ltr'>ψυχῆς</span> <span class='ocrx_word' id='word_1_443' title='bbox 3538 2125 3740 2196; x_wconf 73' lang='grc' dir='ltr'>ἑαυτῆς</span> 
     </span>
    </p>
   </div>
   <div class='ocr_carea' id='block_1_69' title="bbox 2083 2209 3743 2290">
    <p class='ocr_par' dir='ltr' id='par_1_69' title="bbox 2083 2209 3743 2290">
     <span class='ocr_line' id='line_1_69' title="bbox 2083 2209 3743 2290; baseline 0.002 -27"><span class='ocrx_word' id='word_1_444' title='bbox 2083 2228 2243 2285; x_wconf 71' lang='grc' dir='ltr'>φησιν</span> <span class='ocrx_word' id='word_1_445' title='bbox 2299 2210 2453 2266; x_wconf 76' lang='grc' dir='ltr'>εἶναι.</span> <span class='ocrx_word' id='word_1_446' title='bbox 2487 2210 2564 2267; x_wconf 84' lang='grc' dir='ltr'>Τὸ</span> <span class='ocrx_word' id='word_1_447' title='bbox 2604 2212 2706 2285; x_wconf 79' lang='grc' dir='ltr'>γὰρ</span> <span class='ocrx_word' id='word_1_448' title='bbox 2766 2211 2817 2266; x_wconf 67' lang='grc' dir='ltr'>ιν</span> <span class='ocrx_word' id='word_1_449' title='bbox 2880 2209 3040 2284; x_wconf 76' lang='grc' dir='ltr'>ἄλλῳ</span> <span class='ocrx_word' id='word_1_450' title='bbox 3095 2213 3193 2280; x_wconf 81' lang='grc' dir='ltr'>τὴν</span> <span class='ocrx_word' id='word_1_451' title='bbox 3258 2211 3545 2267; x_wconf 82' lang='grc' dir='ltr'>ὑπόστασιν</span> <span class='ocrx_word' id='word_1_452' title='bbox 3610 2211 3743 2290; x_wconf 78' lang='grc' dir='ltr'>ἔχον</span> 
     </span>
    </p>
   </div>
   <div class='ocr_carea' id='block_1_70' title="bbox 2083 2280 3681 2372">
    <p class='ocr_par' dir='ltr' id='par_1_70' title="bbox 2083 2280 3681 2372">
     <span class='ocr_line' id='line_1_70' title="bbox 2083 2280 3681 2372; baseline 0.006 -21"><span class='ocrx_word' id='word_1_453' title='bbox 2083 2294 2248 2368; x_wconf 76' lang='grc' dir='ltr'>εἶδος,</span> <span class='ocrx_word' id='word_1_454' title='bbox 2279 2299 2549 2370; x_wconf 81' lang='grc' dir='ltr'>ποιότητα</span> <span class='ocrx_word' id='word_1_455' title='bbox 2579 2298 2819 2372; x_wconf 80' lang='grc' dir='ltr'>οὐσιώδη</span> <span class='ocrx_word' id='word_1_456' title='bbox 2853 2299 3033 2358; x_wconf 83' lang='grc' dir='ltr'>καλεῖ.</span> <span class='ocrx_word' id='word_1_457' title='bbox 3067 2300 3197 2357; x_wconf 85' lang='grc' dir='ltr'>ἀλλ’</span> <span class='ocrx_word' id='word_1_458' title='bbox 3224 2300 3322 2356; x_wconf 71' lang='grc' dir='ltr'>οὐκ</span> <span class='ocrx_word' id='word_1_459' title='bbox 3350 2301 3563 2360; x_wconf 76' lang='grc' dir='ltr'>οὐσίαν.</span> <span class='ocrx_word' id='word_1_460' title='bbox 3644 2280 3681 2291; x_wconf 47' lang='lat' dir='ltr'>u</span> 
     </span>
    </p>
   </div>
   <div class='ocr_carea' id='block_1_71' title="bbox 2663 2492 3137 2571">
    <p class='ocr_par' dir='ltr' id='par_1_71' title="bbox 2663 2492 3137 2571">
     <span class='ocr_line' id='line_1_71' title="bbox 2663 2492 3137 2571; baseline 0.006 -22"><span class='ocrx_word' id='word_1_461' title='bbox 2663 2492 2733 2552; x_wconf 86' lang='grc' dir='ltr'>λ’.</span> <span class='ocrx_word' id='word_1_462' title='bbox 2767 2496 2897 2570; x_wconf 83' lang='grc' dir='ltr'>Περὶ</span> <span class='ocrx_word' id='word_1_463' title='bbox 2929 2498 3137 2571; x_wconf 83' lang='grc' dir='ltr'>ψυχῆς.</span> 
     </span>
    </p>
   </div>
   <div class='ocr_carea' id='block_1_72' title="bbox 2151 2582 3741 2664">
    <p class='ocr_par' dir='ltr' id='par_1_72' title="bbox 2151 2582 3741 2664">
     <span class='ocr_line' id='line_1_72' title="bbox 2151 2582 3741 2664; baseline 0.005 -28"><span class='ocrx_word' id='word_1_464' title='bbox 2151 2582 2434 2661; x_wconf 82' lang='grc' dir='ltr'>Διαφόρως</span> <span class='ocrx_word' id='word_1_465' title='bbox 2466 2585 2705 2659; x_wconf 84' lang='grc' dir='ltr'>ὁρίζεται</span> <span class='ocrx_word' id='word_1_466' title='bbox 2753 2585 2851 2653; x_wconf 80' lang='grc' dir='ltr'>τὴν</span> <span class='ocrx_word' id='word_1_467' title='bbox 2885 2585 3071 2661; x_wconf 78' lang='grc' dir='ltr'>ψυχὴν</span> <span class='ocrx_word' id='word_1_468' title='bbox 3123 2586 3150 2640; x_wconf 99' lang='lat'>6</span> <span class='ocrx_word' id='word_1_469' title='bbox 3190 2588 3410 2664; x_wconf 75' lang='grc' dir='ltr'>φυσικὸς</span> <span class='ocrx_word' id='word_1_470' title='bbox 3461 2589 3556 2643; x_wconf 80' lang='grc' dir='ltr'>καὶ</span> <span class='ocrx_word' id='word_1_471' title='bbox 3618 2585 3741 2644; x_wconf 75' lang='grc' dir='ltr'>δια-</span> 
     </span>
    </p>
   </div>
   <div class='ocr_carea' id='block_1_73' title="bbox 2081 2667 3742 2752">
    <p class='ocr_par' dir='ltr' id='par_1_73' title="bbox 2081 2667 3742 2752">
     <span class='ocr_line' id='line_1_73' title="bbox 2081 2667 3742 2752; baseline 0.004 -27"><span class='ocrx_word' id='word_1_472' title='bbox 2081 2667 2330 2735; x_wconf 87' lang='grc' dir='ltr'>λεκτικός</span> <span class='ocrx_word' id='word_1_473' title='bbox 2363 2691 2376 2704; x_wconf 90' lang='grc'><strong>·</strong></span> <span class='ocrx_word' id='word_1_474' title='bbox 2438 2674 2466 2727; x_wconf 88' lang='lat'>6</span> <span class='ocrx_word' id='word_1_475' title='bbox 2524 2673 2616 2746; x_wconf 76' lang='grc' dir='ltr'>μὲν</span> <span class='ocrx_word' id='word_1_476' title='bbox 2679 2674 2781 2749; x_wconf 74' lang='grc' dir='ltr'>γὰρ</span> <span class='ocrx_word' id='word_1_477' title='bbox 2841 2674 3063 2752; x_wconf 68' lang='grc' dir='ltr'>φυσικὸς</span> <span class='ocrx_word' id='word_1_478' title='bbox 3118 2670 3576 2748; x_wconf 76' lang='grc' dir='ltr'>ἀντιλαμϐάνεται</span> <span class='ocrx_word' id='word_1_479' title='bbox 3635 2685 3742 2747; x_wconf 82' lang='grc' dir='ltr'>τῆς</span> 
     </span>
    </p>
   </div>
   <div class='ocr_carea' id='block_1_74' title="bbox 2078 2761 3740 2842">
    <p class='ocr_par' dir='ltr' id='par_1_74' title="bbox 2078 2761 3740 2842">
     <span class='ocr_line' id='line_1_74' title="bbox 2078 2761 3740 2842; baseline 0.005 -28"><span class='ocrx_word' id='word_1_480' title='bbox 2078 2763 2323 2835; x_wconf 79' lang='grc' dir='ltr'>ψυχικῆς</span> <span class='ocrx_word' id='word_1_481' title='bbox 2369 2761 2580 2833; x_wconf 80' lang='grc' dir='ltr'>οὐσίας,</span> <span class='ocrx_word' id='word_1_482' title='bbox 2612 2763 2840 2817; x_wconf 80' lang='grc' dir='ltr'>καθόσον</span> <span class='ocrx_word' id='word_1_483' title='bbox 2902 2762 3013 2818; x_wconf 78' lang='grc' dir='ltr'>ἐστὶ</span> <span class='ocrx_word' id='word_1_484' title='bbox 3071 2763 3338 2838; x_wconf 80' lang='grc' dir='ltr'>σωμάτων</span> <span class='ocrx_word' id='word_1_485' title='bbox 3392 2764 3740 2842; x_wconf 79' lang='grc' dir='ltr'>ἀχώριστος.</span> 
     </span>
    </p>
   </div>
   <div class='ocr_carea' id='block_1_75' title="bbox 2076 2848 3738 2931">
    <p class='ocr_par' dir='ltr' id='par_1_75' title="bbox 2076 2848 3738 2931">
     <span class='ocr_line' id='line_1_75' title="bbox 2076 2848 3738 2931; baseline 0.005 -29"><span class='ocrx_word' id='word_1_486' title='bbox 2076 2854 2130 2902; x_wconf 86' lang='lat'>‘0</span> <span class='ocrx_word' id='word_1_487' title='bbox 2177 2854 2304 2924; x_wconf 88' lang='grc' dir='ltr'>γοῦν</span> <span class='ocrx_word' id='word_1_488' title='bbox 2365 2848 2696 2928; x_wconf 82' lang='grc' dir='ltr'>φυσιολόγος</span> <span class='ocrx_word' id='word_1_489' title='bbox 2785 2850 3210 2925; x_wconf 77' lang='grc' dir='ltr'>ἑπιστημονικὸς</span> <span class='ocrx_word' id='word_1_490' title='bbox 3288 2850 3403 2926; x_wconf 79' lang='grc' dir='ltr'>ὢν,</span> <span class='ocrx_word' id='word_1_491' title='bbox 3451 2855 3542 2909; x_wconf 81' lang='grc' dir='ltr'>καὶ</span> <span class='ocrx_word' id='word_1_492' title='bbox 3626 2858 3738 2931; x_wconf 72' lang='grc' dir='ltr'>γὰρ</span> 
     </span>
    </p>
   </div>
   <div class='ocr_carea' id='block_1_76' title="bbox 2079 2937 3738 3017">
    <p class='ocr_par' dir='ltr' id='par_1_76' title="bbox 2079 2937 3738 3017">
     <span class='ocr_line' id='line_1_76' title="bbox 2079 2937 3738 3017; baseline 0.004 -25"><span class='ocrx_word' id='word_1_493' title='bbox 2079 2938 2386 3013; x_wconf 81' lang='grc' dir='ltr'>ἀχώριστον</span> <span class='ocrx_word' id='word_1_494' title='bbox 2421 2937 2617 2995; x_wconf 76' lang='grc' dir='ltr'>εἷ’σεται</span> <span class='ocrx_word' id='word_1_495' title='bbox 2676 2941 2766 2995; x_wconf 88' lang='grc' dir='ltr'>καὶ</span> <span class='ocrx_word' id='word_1_496' title='bbox 2825 2940 2974 3004; x_wconf 77' lang='grc' dir='ltr'>ὅπως</span> <span class='ocrx_word' id='word_1_497' title='bbox 3034 2940 3364 3017; x_wconf 83' lang='grc' dir='ltr'>ἀχώριστον.</span> <span class='ocrx_word' id='word_1_498' title='bbox 3405 2943 3462 2996; x_wconf 69' lang='grc' dir='ltr'>Ὀ</span> <span class='ocrx_word' id='word_1_499' title='bbox 3493 2940 3554 2997; x_wconf 74' lang='grc' dir='ltr'>δὲ</span> <span class='ocrx_word' id='word_1_500' title='bbox 3614 2941 3738 2998; x_wconf 83' lang='grc' dir='ltr'>δια-</span> 
     </span>
    </p>
   </div>
   <div class='ocr_carea' id='block_1_77' title="bbox 2080 3027 3741 3107">
    <p class='ocr_par' dir='ltr' id='par_1_77' title="bbox 2080 3027 3741 3107">
     <span class='ocr_line' id='line_1_77' title="bbox 2080 3027 3741 3107; baseline 0.004 -25"><span class='ocrx_word' id='word_1_501' title='bbox 2080 3028 2328 3090; x_wconf 78' lang='grc' dir='ltr'>λεκτικὸς</span> <span class='ocrx_word' id='word_1_502' title='bbox 2392 3029 2484 3084; x_wconf 86' lang='grc' dir='ltr'>καὶ</span> <span class='ocrx_word' id='word_1_503' title='bbox 2556 3028 2685 3094; x_wconf 71' lang='grc' dir='ltr'>τοὺς</span> <span class='ocrx_word' id='word_1_504' title='bbox 2749 3027 3034 3092; x_wconf 80' lang='grc' dir='ltr'>οὖσιώδεις</span> <span class='ocrx_word' id='word_1_505' title='bbox 3093 3029 3291 3107; x_wconf 83' lang='grc' dir='ltr'>Λόγους</span> <span class='ocrx_word' id='word_1_506' title='bbox 3347 3032 3465 3086; x_wconf 78' lang='grc' dir='ltr'>καθ’</span> <span class='ocrx_word' id='word_1_507' title='bbox 3507 3031 3741 3095; x_wconf 63' lang='grc' dir='ltr'>ἑαυτοὺς</span> 
     </span>
    </p>
   </div>
   <div class='ocr_carea' id='block_1_78' title="bbox 2079 3115 3740 3200">
    <p class='ocr_par' dir='ltr' id='par_1_78' title="bbox 2079 3115 3740 3200">
     <span class='ocr_line' id='line_1_78' title="bbox 2079 3115 3740 3200; baseline 0.004 -29"><span class='ocrx_word' id='word_1_508' title='bbox 2079 3115 2235 3179; x_wconf 77' lang='grc' dir='ltr'>ὄντας</span> <span class='ocrx_word' id='word_1_509' title='bbox 2319 3116 2544 3174; x_wconf 68' lang='grc' dir='ltr'>ἐπινοεῖ.</span> <span class='ocrx_word' id='word_1_510' title='bbox 2588 3120 2649 3176; x_wconf 91' lang='grc' dir='ltr'>Ὁ</span> <span class='ocrx_word' id='word_1_511' title='bbox 2706 3118 2764 3174; x_wconf 74' lang='grc' dir='ltr'>δὲ</span> <span class='ocrx_word' id='word_1_512' title='bbox 2850 3120 3229 3194; x_wconf 80' lang='grc' dir='ltr'>μαθηματικὸς</span> <span class='ocrx_word' id='word_1_513' title='bbox 3287 3118 3338 3194; x_wconf 81' lang='grc' dir='ltr'><strong>ἐξ</strong></span> <span class='ocrx_word' id='word_1_514' title='bbox 3397 3121 3740 3200; x_wconf 73' lang='grc' dir='ltr'>ἀφαιρέσεως</span> 
     </span>
    </p>
   </div>
   <div class='ocr_carea' id='block_1_79' title="bbox 2075 3206 3738 3288">
    <p class='ocr_par' dir='ltr' id='par_1_79' title="bbox 2075 3206 3738 3288">
     <span class='ocr_line' id='line_1_79' title="bbox 2075 3206 3738 3288; baseline 0.003 -27"><span class='ocrx_word' id='word_1_515' title='bbox 2075 3206 2282 3261; x_wconf 75' lang='grc' dir='ltr'>τούτων</span> <span class='ocrx_word' id='word_1_516' title='bbox 2337 3206 2747 3263; x_wconf 73' lang='grc' dir='ltr'>ἐπισκεπτεται·</span> <span class='ocrx_word' id='word_1_517' title='bbox 2794 3208 2822 3263; x_wconf 94' lang='lat'>6</span> <span class='ocrx_word' id='word_1_518' title='bbox 2882 3206 2941 3264; x_wconf 70' lang='grc' dir='ltr'>δὲ</span> <span class='ocrx_word' id='word_1_519' title='bbox 2983 3213 3200 3285; x_wconf 79' lang='grc' dir='ltr'>πρῶτος</span> <span class='ocrx_word' id='word_1_520' title='bbox 3255 3207 3559 3285; x_wconf 77' lang='grc' dir='ltr'>φιλόσοφος</span> <span class='ocrx_word' id='word_1_521' title='bbox 3604 3213 3738 3288; x_wconf 70' lang='grc' dir='ltr'>περὶ</span> 
     </span>
    </p>
   </div>
   <div class='ocr_carea' id='block_1_80' title="bbox 2073 3300 3738 3375">
    <p class='ocr_par' dir='ltr' id='par_1_80' title="bbox 2073 3300 3738 3375">
     <span class='ocr_line' id='line_1_80' title="bbox 2073 3300 3738 3375; baseline 0.004 -25"><span class='ocrx_word' id='word_1_522' title='bbox 2073 3302 2173 3365; x_wconf 77' lang='grc' dir='ltr'>τῆς</span> <span class='ocrx_word' id='word_1_523' title='bbox 2229 3300 2568 3372; x_wconf 78' lang='grc' dir='ltr'>χωριστικῆς</span> <span class='ocrx_word' id='word_1_524' title='bbox 2639 3302 2784 3367; x_wconf 80' lang='grc' dir='ltr'>ζωῆς</span> <span class='ocrx_word' id='word_1_525' title='bbox 2850 3305 2953 3368; x_wconf 82' lang='grc' dir='ltr'>τῆς</span> <span class='ocrx_word' id='word_1_526' title='bbox 3028 3301 3214 3374; x_wconf 76' lang='grc' dir='ltr'>ψυχῆς</span> <span class='ocrx_word' id='word_1_527' title='bbox 3267 3300 3738 3375; x_wconf 76' lang='grc' dir='ltr'>πραγματεύεται.</span> 
     </span>
    </p>
   </div>
   <div class='ocr_carea' id='block_1_81' title="bbox 2075 3385 3739 3464">
    <p class='ocr_par' dir='ltr' id='par_1_81' title="bbox 2075 3385 3739 3464">
     <span class='ocr_line' id='line_1_81' title="bbox 2075 3385 3739 3464; baseline 0.001 -22"><span class='ocrx_word' id='word_1_528' title='bbox 2075 3393 2165 3442; x_wconf 82' lang='grc' dir='ltr'>Δεῖ</span> <span class='ocrx_word' id='word_1_529' title='bbox 2222 3385 2280 3442; x_wconf 75' lang='grc' dir='ltr'>δὲ</span> <span class='ocrx_word' id='word_1_530' title='bbox 2339 3393 2518 3459; x_wconf 84' lang='grc' dir='ltr'>ζητεῖν</span> <span class='ocrx_word' id='word_1_531' title='bbox 2576 3387 2805 3464; x_wconf 88' lang='grc' dir='ltr'>πότερον</span> <span class='ocrx_word' id='word_1_532' title='bbox 2854 3387 3011 3444; x_wconf 78' lang='grc' dir='ltr'>οὐσία</span> <span class='ocrx_word' id='word_1_533' title='bbox 3058 3392 3093 3459; x_wconf 78' lang='grc' dir='ltr'><strong>ἡ</strong></span> <span class='ocrx_word' id='word_1_534' title='bbox 3151 3390 3306 3464; x_wconf 72' lang='grc' dir='ltr'>ψυχή</span> <span class='ocrx_word' id='word_1_535' title='bbox 3357 3388 3394 3460; x_wconf 72' lang='grc' dir='ltr'>ἢ</span> <span class='ocrx_word' id='word_1_536' title='bbox 3442 3386 3666 3447; x_wconf 74' lang='grc' dir='ltr'>οὕ.Καῖ</span> <span class='ocrx_word' id='word_1_537' title='bbox 3699 3391 3739 3462; x_wconf 75' lang='grc' dir='ltr'>ἢ</span> 
     </span>
    </p>
   </div>
   <div class='ocr_carea' id='block_1_82' title="bbox 2074 3474 3742 3554">
    <p class='ocr_par' dir='ltr' id='par_1_82' title="bbox 2074 3474 3742 3554">
     <span class='ocr_line' id='line_1_82' title="bbox 2074 3474 3742 3554; baseline 0.002 -22"><span class='ocrx_word' id='word_1_538' title='bbox 2074 3476 2231 3532; x_wconf 81' lang='grc' dir='ltr'>οὐσία</span> <span class='ocrx_word' id='word_1_539' title='bbox 2276 3474 2523 3550; x_wconf 82' lang='grc' dir='ltr'>δυνάμει,</span> <span class='ocrx_word' id='word_1_540' title='bbox 2555 3479 2590 3548; x_wconf 75' lang='grc' dir='ltr'><strong>ἢ</strong></span> <span class='ocrx_word' id='word_1_541' title='bbox 2650 3476 2910 3554; x_wconf 81' lang='grc' dir='ltr'>ἐνεργείᾳ.</span> <span class='ocrx_word' id='word_1_542' title='bbox 2945 3479 3043 3533; x_wconf 87' lang='grc' dir='ltr'>Καὶ</span> <span class='ocrx_word' id='word_1_543' title='bbox 3106 3482 3265 3551; x_wconf 83' lang='grc' dir='ltr'>σῶμα</span> <span class='ocrx_word' id='word_1_544' title='bbox 3318 3480 3353 3547; x_wconf 75' lang='grc' dir='ltr'><strong>ἢ</strong></span> <span class='ocrx_word' id='word_1_545' title='bbox 3414 3480 3742 3553; x_wconf 79' lang='grc' dir='ltr'>ἀσώματος,</span> 
     </span>
    </p>
   </div>
   <div class='ocr_carea' id='block_1_83' title="bbox 2072 3564 3739 3645">
    <p class='ocr_par' dir='ltr' id='par_1_83' title="bbox 2072 3564 3739 3645">
     <span class='ocr_line' id='line_1_83' title="bbox 2072 3564 3739 3645; baseline 0.002 -24"><span class='ocrx_word' id='word_1_546' title='bbox 2072 3566 2107 3636; x_wconf 73' lang='grc' dir='ltr'><strong>ἢ</strong></span> <span class='ocrx_word' id='word_1_547' title='bbox 2140 3564 2304 3644; x_wconf 77' lang='grc' dir='ltr'>ἄμφω</span> <span class='ocrx_word' id='word_1_548' title='bbox 2326 3567 2531 3642; x_wconf 85' lang='grc' dir='ltr'>τρόπον</span> <span class='ocrx_word' id='word_1_549' title='bbox 2561 3568 2702 3636; x_wconf 78' lang='grc' dir='ltr'>τινὰ,</span> <span class='ocrx_word' id='word_1_550' title='bbox 2739 3568 2827 3623; x_wconf 77' lang='grc' dir='ltr'>καὶ</span> <span class='ocrx_word' id='word_1_551' title='bbox 2861 3567 3044 3623; x_wconf 75' lang='grc' dir='ltr'>ἐκτῶν</span> <span class='ocrx_word' id='word_1_552' title='bbox 3084 3568 3438 3644; x_wconf 82' lang='grc' dir='ltr'>ὑπαρχόντων</span> <span class='ocrx_word' id='word_1_553' title='bbox 3462 3572 3536 3642; x_wconf 81' lang='grc' dir='ltr'>τῇ</span> <span class='ocrx_word' id='word_1_554' title='bbox 3570 3572 3739 3645; x_wconf 79' lang='grc' dir='ltr'>ψυχῇ</span> 
     </span>
    </p>
   </div>
   <div class='ocr_carea' id='block_1_84' title="bbox 2069 3653 3736 3732">
    <p class='ocr_par' dir='ltr' id='par_1_84' title="bbox 2069 3653 3736 3732">
     <span class='ocr_line' id='line_1_84' title="bbox 2069 3653 3736 3732; baseline 0.002 -23"><span class='ocrx_word' id='word_1_555' title='bbox 2069 3655 2169 3724; x_wconf 81' lang='grc' dir='ltr'>τήν</span> <span class='ocrx_word' id='word_1_556' title='bbox 2202 3656 2390 3710; x_wconf 76' lang='grc' dir='ltr'>οὐσίαν</span> <span class='ocrx_word' id='word_1_557' title='bbox 2422 3656 2590 3725; x_wconf 77' lang='grc' dir='ltr'>αὐτῆς</span> <span class='ocrx_word' id='word_1_558' title='bbox 2634 3655 2856 3713; x_wconf 79' lang='grc' dir='ltr'>ἐννοεῖν.</span> <span class='ocrx_word' id='word_1_559' title='bbox 2890 3657 2952 3711; x_wconf 90' lang='grc' dir='ltr'>Ἡ</span> <span class='ocrx_word' id='word_1_560' title='bbox 3011 3653 3067 3710; x_wconf 76' lang='grc' dir='ltr'>δὲ</span> <span class='ocrx_word' id='word_1_561' title='bbox 3121 3655 3321 3732; x_wconf 86' lang='grc' dir='ltr'>λογική</span> <span class='ocrx_word' id='word_1_562' title='bbox 3380 3659 3542 3729; x_wconf 72' lang='grc' dir='ltr'>ἡμῶν</span> <span class='ocrx_word' id='word_1_563' title='bbox 3611 3660 3736 3728; x_wconf 74' lang='grc' dir='ltr'>ζωὴ</span> 
     </span>
    </p>
   </div>
   <div class='ocr_carea' id='block_1_85' title="bbox 2071 3744 3740 3821">
    <p class='ocr_par' dir='ltr' id='par_1_85' title="bbox 2071 3744 3740 3821">
     <span class='ocr_line' id='line_1_85' title="bbox 2071 3744 3740 3821; baseline 0.004 -24"><span class='ocrx_word' id='word_1_564' title='bbox 2071 3744 2134 3812; x_wconf 77' lang='grc' dir='ltr'>ἣν</span> <span class='ocrx_word' id='word_1_565' title='bbox 2180 3744 2567 3821; x_wconf 71' lang='grc' dir='ltr'>προσαγορεύει</span> <span class='ocrx_word' id='word_1_566' title='bbox 2623 3749 2746 3800; x_wconf 87' lang='grc' dir='ltr'>νοῦν</span> <span class='ocrx_word' id='word_1_567' title='bbox 2794 3744 3198 3821; x_wconf 69' lang='grc' dir='ltr'>Ἀριστοτέλης,</span> <span class='ocrx_word' id='word_1_568' title='bbox 3234 3744 3284 3799; x_wconf 84' lang='grc' dir='ltr'>ἐν</span> <span class='ocrx_word' id='word_1_569' title='bbox 3341 3749 3409 3819; x_wconf 79' lang='grc' dir='ltr'>τῇ</span> <span class='ocrx_word' id='word_1_570' title='bbox 3467 3745 3611 3819; x_wconf 85' lang='grc' dir='ltr'>πρὸς</span> <span class='ocrx_word' id='word_1_571' title='bbox 3670 3747 3740 3803; x_wconf 83' lang='grc' dir='ltr'>τὸ</span> 
     </span>
    </p>
   </div>
   <div class='ocr_carea' id='block_1_86' title="bbox 2069 3834 3582 3911">
    <p class='ocr_par' dir='ltr' id='par_1_86' title="bbox 2069 3834 3582 3911">
     <span class='ocr_line' id='line_1_86' title="bbox 2069 3834 3582 3911; baseline 0.004 -24"><span class='ocrx_word' id='word_1_572' title='bbox 2069 3837 2230 3907; x_wconf 82' lang='grc' dir='ltr'>σῶμα</span> <span class='ocrx_word' id='word_1_573' title='bbox 2274 3834 2443 3890; x_wconf 74' lang='grc' dir='ltr'>νεύσει</span> <span class='ocrx_word' id='word_1_574' title='bbox 2476 3836 2723 3911; x_wconf 76' lang='grc' dir='ltr'>χωριστή</span> <span class='ocrx_word' id='word_1_575' title='bbox 2753 3855 2813 3890; x_wconf 87' lang='grc' dir='ltr'>τε</span> <span class='ocrx_word' id='word_1_576' title='bbox 2842 3836 2954 3907; x_wconf 75' lang='grc' dir='ltr'>ἅμα</span> <span class='ocrx_word' id='word_1_577' title='bbox 2985 3836 3096 3890; x_wconf 71' lang='grc' dir='ltr'>ἐστὶ</span> <span class='ocrx_word' id='word_1_578' title='bbox 3124 3834 3214 3890; x_wconf 87' lang='grc' dir='ltr'>καὶ</span> <span class='ocrx_word' id='word_1_579' title='bbox 3247 3835 3582 3911; x_wconf 81' lang='grc' dir='ltr'>ἀχώριστος.</span> 
     </span>
    </p>
   </div>
   <div class='ocr_carea' id='block_1_87' title="bbox 2626 4099 3152 4178">
    <p class='ocr_par' dir='ltr' id='par_1_87' title="bbox 2626 4099 3152 4178">
     <span class='ocr_line' id='line_1_87' title="bbox 2626 4099 3152 4178; baseline -0.002 -23"><span class='ocrx_word' id='word_1_580' title='bbox 2626 4099 2729 4160; x_wconf 86' lang='grc' dir='ltr'>λα’.</span> <span class='ocrx_word' id='word_1_581' title='bbox 2773 4102 2902 4177; x_wconf 83' lang='grc' dir='ltr'>Περὶ</span> <span class='ocrx_word' id='word_1_582' title='bbox 2946 4105 3152 4178; x_wconf 78' lang='grc' dir='ltr'>ψυχῆς.</span> 
     </span>
    </p>
   </div>
   <div class='ocr_carea' id='block_1_88' title="bbox 2137 4183 3742 4265">
    <p class='ocr_par' dir='ltr' id='par_1_88' title="bbox 2137 4183 3742 4265">
     <span class='ocr_line' id='line_1_88' title="bbox 2137 4183 3742 4265; baseline 0.002 -21"><span class='ocrx_word' id='word_1_583' title='bbox 2137 4192 2306 4265; x_wconf 86' lang='grc' dir='ltr'>Ψυχή</span> <span class='ocrx_word' id='word_1_584' title='bbox 2339 4190 2531 4257; x_wconf 71' lang='grc' dir='ltr'>ἑαυτὴν</span> <span class='ocrx_word' id='word_1_585' title='bbox 2590 4195 2815 4265; x_wconf 84' lang='grc' dir='ltr'>γνοῦσα,</span> <span class='ocrx_word' id='word_1_586' title='bbox 2847 4190 2936 4244; x_wconf 81' lang='grc' dir='ltr'>καὶ</span> <span class='ocrx_word' id='word_1_587' title='bbox 2992 4191 3074 4245; x_wconf 83' lang='grc' dir='ltr'>δτι</span> <span class='ocrx_word' id='word_1_588' title='bbox 3115 4190 3256 4244; x_wconf 78' lang='grc' dir='ltr'>θεῖον</span> <span class='ocrx_word' id='word_1_589' title='bbox 3310 4183 3427 4265; x_wconf 79' lang='grc' dir='ltr'>ἔχει</span> <span class='ocrx_word' id='word_1_590' title='bbox 3484 4189 3742 4265; x_wconf 77' lang='grc' dir='ltr'>ἀξίωμα,</span> 
     </span>
    </p>
   </div>
   <div class='ocr_carea' id='block_1_89' title="bbox 2064 4276 3739 4356">
    <p class='ocr_par' dir='ltr' id='par_1_89' title="bbox 2064 4276 3739 4356">
     <span class='ocr_line' id='line_1_89' title="bbox 2064 4276 3739 4356; baseline -0.002 -17"><span class='ocrx_word' id='word_1_591' title='bbox 2064 4278 2256 4356; x_wconf 76' lang='grc' dir='ltr'>πόρῥω</span> <span class='ocrx_word' id='word_1_592' title='bbox 2317 4279 2412 4351; x_wconf 73' lang='grc' dir='ltr'>μὲν</span> <span class='ocrx_word' id='word_1_593' title='bbox 2469 4281 2568 4349; x_wconf 73' lang='grc' dir='ltr'>τῆς</span> <span class='ocrx_word' id='word_1_594' title='bbox 2637 4278 2846 4356; x_wconf 71' lang='grc' dir='ltr'>φύσεως</span> <span class='ocrx_word' id='word_1_595' title='bbox 2919 4276 3156 4334; x_wconf 68' lang='grc' dir='ltr'>ἵσταται.</span> <span class='ocrx_word' id='word_1_596' title='bbox 3210 4277 3431 4333; x_wconf 84' lang='grc' dir='ltr'>Πάντων</span> <span class='ocrx_word' id='word_1_597' title='bbox 3494 4276 3557 4334; x_wconf 74' lang='grc' dir='ltr'>δὲ</span> <span class='ocrx_word' id='word_1_598' title='bbox 3614 4286 3739 4336; x_wconf 81' lang='grc' dir='ltr'>τῶν</span> 
     </span>
    </p>
   </div>
   <div class='ocr_carea' id='block_1_90' title="bbox 2065 4366 3738 4445">
    <p class='ocr_par' dir='ltr' id='par_1_90' title="bbox 2065 4366 3738 4445">
     <span class='ocr_line' id='line_1_90' title="bbox 2065 4366 3738 4445; baseline 0.002 -23"><span class='ocrx_word' id='word_1_599' title='bbox 2065 4367 2388 4444; x_wconf 83' lang='grc' dir='ltr'>σπερμάτων</span> <span class='ocrx_word' id='word_1_600' title='bbox 2444 4368 2695 4443; x_wconf 70' lang='grc' dir='ltr'>προέχει.</span> <span class='ocrx_word' id='word_1_601' title='bbox 2760 4367 2908 4425; x_wconf 80' lang='grc' dir='ltr'>Πολὺ</span> <span class='ocrx_word' id='word_1_602' title='bbox 2970 4366 3028 4423; x_wconf 70' lang='grc' dir='ltr'>δὲ</span> <span class='ocrx_word' id='word_1_603' title='bbox 3084 4389 3135 4422; x_wconf 88' lang='grc' dir='ltr'>τι</span> <span class='ocrx_word' id='word_1_604' title='bbox 3194 4367 3400 4422; x_wconf 82' lang='grc' dir='ltr'>τούτων</span> <span class='ocrx_word' id='word_1_605' title='bbox 3454 4368 3738 4445; x_wconf 83' lang='grc' dir='ltr'>πρότερον</span> 
     </span>
    </p>
   </div>
   <div class='ocr_carea' id='block_1_91' title="bbox 2064 4451 3744 4532">
    <p class='ocr_par' dir='ltr' id='par_1_91' title="bbox 2064 4451 3744 4532">
     <span class='ocr_line' id='line_1_91' title="bbox 2064 4451 3744 4532; baseline 0.001 -21"><span class='ocrx_word' id='word_1_606' title='bbox 2064 4456 2277 4512; x_wconf 77' lang='grc' dir='ltr'>πάντων</span> <span class='ocrx_word' id='word_1_607' title='bbox 2335 4455 2599 4529; x_wconf 79' lang='grc' dir='ltr'>σωμάτων</span> <span class='ocrx_word' id='word_1_608' title='bbox 2650 4457 3007 4532; x_wconf 82' lang='grc' dir='ltr'>κεχώρισται,</span> <span class='ocrx_word' id='word_1_609' title='bbox 3066 4456 3157 4511; x_wconf 85' lang='grc' dir='ltr'>καὶ</span> <span class='ocrx_word' id='word_1_610' title='bbox 3230 4455 3311 4532; x_wconf 77' lang='grc' dir='ltr'>ἐφ’</span> <span class='ocrx_word' id='word_1_611' title='bbox 3363 4451 3533 4529; x_wconf 51' lang='grc' dir='ltr'>’ἑαυτῇ</span> <span class='ocrx_word' id='word_1_612' title='bbox 3595 4453 3744 4531; x_wconf 70' lang='grc' dir='ltr'>ἕδρᾳ</span> 
     </span>
    </p>
   </div>
   <div class='ocr_carea' id='block_1_92' title="bbox 310 4539 1966 4622">
    <p class='ocr_par' dir='ltr' id='par_1_92' title="bbox 310 4539 1956 4620">
     <span class='ocr_line' id='line_1_92' title="bbox 310 4539 1956 4620; baseline -0.005 -16"><span class='ocrx_word' id='word_1_613' title='bbox 310 4549 545 4620; x_wconf 84' lang='lat' dir='ltr'>propria</span> <span class='ocrx_word' id='word_1_614' title='bbox 576 4548 713 4604; x_wconf 91' lang='lat' dir='ltr'>sede</span> <span class='ocrx_word' id='word_1_615' title='bbox 742 4563 921 4618; x_wconf 89' lang='lat' dir='ltr'>supra</span> <span class='ocrx_word' id='word_1_616' title='bbox 951 4561 1156 4600; x_wconf 90' lang='lat' dir='ltr'>omnes</span> <span class='ocrx_word' id='word_1_617' title='bbox 1187 4541 1484 4599; x_wconf 88' lang='lat' dir='ltr'>naturales</span> <span class='ocrx_word' id='word_1_618' title='bbox 1526 4559 1592 4597; x_wconf 87' lang='lat' dir='ltr'>ac</span> <span class='ocrx_word' id='word_1_619' title='bbox 1642 4539 1956 4596; x_wconf 86' lang='lat' dir='ltr'>seminales</span> 
     </span>
    </p>
   </div>
   <div class='ocr_carea' id='block_1_93' title="bbox 2084 4539 3737 4622">
    <p class='ocr_par' dir='ltr' id='par_1_93' title="bbox 2084 4542 3737 4622">
     <span class='ocr_line' id='line_1_93' title="bbox 2084 4542 3737 4622; baseline -0.001 -22"><span class='ocrx_word' id='word_1_620' title='bbox 2084 4544 2174 4601; x_wconf 87' lang='grc' dir='ltr'>ἱνω</span> <span class='ocrx_word' id='word_1_621' title='bbox 2231 4566 2336 4599; x_wconf 84' lang='grc' dir='ltr'>που</span> <span class='ocrx_word' id='word_1_622' title='bbox 2389 4543 2669 4617; x_wconf 70' lang='grc' dir='ltr'>καθημένη</span> <span class='ocrx_word' id='word_1_623' title='bbox 2725 4545 2831 4598; x_wconf 81' lang='grc' dir='ltr'>τὼν</span> <span class='ocrx_word' id='word_1_624' title='bbox 2893 4548 3133 4622; x_wconf 78' lang='grc' dir='ltr'>φυσικῶν</span> <span class='ocrx_word' id='word_1_625' title='bbox 3194 4542 3372 4617; x_wconf 83' lang='grc' dir='ltr'>λόγων</span> <span class='ocrx_word' id='word_1_626' title='bbox 3440 4544 3532 4598; x_wconf 77' lang='grc' dir='ltr'>καὶ</span> <span class='ocrx_word' id='word_1_627' title='bbox 3613 4550 3737 4601; x_wconf 79' lang='grc' dir='ltr'>τῶν</span> 
     </span>
    </p>
   </div>
   <div class='ocr_carea' id='block_1_94' title="bbox 308 4629 1960 4705">
    <p class='ocr_par' dir='ltr' id='par_1_94' title="bbox 308 4629 1960 4705">
     <span class='ocr_line' id='line_1_94' title="bbox 308 4629 1960 4705; baseline -0.007 -10"><span class='ocrx_word' id='word_1_628' title='bbox 308 4636 836 4705; x_wconf 83' lang='lat' dir='ltr'>rationes,dixerim</span> <span class='ocrx_word' id='word_1_629' title='bbox 857 4636 1033 4690; x_wconf 86' lang='lat' dir='ltr'>etiam</span> <span class='ocrx_word' id='word_1_630' title='bbox 1057 4634 1247 4705; x_wconf 89' lang='lat' dir='ltr'>ipsius</span> <span class='ocrx_word' id='word_1_631' title='bbox 1267 4632 1520 4688; x_wconf 89' lang='lat' dir='ltr'>universi</span> <span class='ocrx_word' id='word_1_632' title='bbox 1543 4629 1960 4687; x_wconf 87' lang='lat' dir='ltr'>collocata.Ne-</span> 
     </span>
    </p>
   </div>
   <div class='ocr_carea' id='block_1_95' title="bbox 308 4721 1953 4804">
    <p class='ocr_par' dir='ltr' id='par_1_95' title="bbox 308 4721 1953 4804">
     <span class='ocr_line' id='line_1_95' title="bbox 308 4721 1953 4804; baseline -0.007 -18"><span class='ocrx_word' id='word_1_633' title='bbox 308 4749 421 4804; x_wconf 88' lang='lat' dir='ltr'>que</span> <span class='ocrx_word' id='word_1_634' title='bbox 447 4730 604 4785; x_wconf 91' lang='lat' dir='ltr'>enim</span> <span class='ocrx_word' id='word_1_635' title='bbox 626 4745 695 4784; x_wconf 85' lang='lat' dir='ltr'>ex</span> <span class='ocrx_word' id='word_1_636' title='bbox 724 4726 1055 4783; x_wconf 84' lang='lat' dir='ltr'>deﬂuxione</span> <span class='ocrx_word' id='word_1_637' title='bbox 1099 4726 1360 4782; x_wconf 87' lang='lat' dir='ltr'>siderum</span> <span class='ocrx_word' id='word_1_638' title='bbox 1388 4725 1447 4779; x_wconf 90' lang='lat' dir='ltr'>in</span> <span class='ocrx_word' id='word_1_639' title='bbox 1504 4739 1749 4794; x_wconf 90' lang='lat' dir='ltr'>corpora</span> <span class='ocrx_word' id='word_1_640' title='bbox 1775 4721 1953 4789; x_wconf 89' lang='lat' dir='ltr'>venit,</span> 
     </span>
    </p>
   </div>
   <div class='ocr_carea' id='block_1_96' title="bbox 308 4813 1954 4892">
    <p class='ocr_par' dir='ltr' id='par_1_96' title="bbox 308 4813 1954 4892">
     <span class='ocr_line' id='line_1_96' title="bbox 308 4813 1954 4892; baseline -0.007 -16"><span class='ocrx_word' id='word_1_641' title='bbox 308 4835 498 4892; x_wconf 86' lang='lat' dir='ltr'>neque</span> <span class='ocrx_word' id='word_1_642' title='bbox 544 4815 797 4873; x_wconf 88' lang='lat' dir='ltr'>naturali</span> <span class='ocrx_word' id='word_1_643' title='bbox 868 4816 990 4872; x_wconf 85' lang='lat' dir='ltr'>sive</span> <span class='ocrx_word' id='word_1_644' title='bbox 1039 4813 1329 4887; x_wconf 87' lang='lat' dir='ltr'>corporali</span> <span class='ocrx_word' id='word_1_645' title='bbox 1392 4829 1555 4869; x_wconf 89' lang='lat' dir='ltr'>more</span> <span class='ocrx_word' id='word_1_646' title='bbox 1619 4814 1954 4883; x_wconf 86' lang='lat' dir='ltr'>generatur,</span> 
     </span>
    </p>
   </div>
   <div class='ocr_carea' id='block_1_97' title="bbox 308 4899 1958 4980">
    <p class='ocr_par' dir='ltr' id='par_1_97' title="bbox 308 4899 1958 4980">
     <span class='ocr_line' id='line_1_97' title="bbox 308 4899 1958 4980; baseline -0.005 -15"><span class='ocrx_word' id='word_1_647' title='bbox 308 4925 494 4980; x_wconf 85' lang='lat' dir='ltr'>neque</span> <span class='ocrx_word' id='word_1_648' title='bbox 524 4906 841 4964; x_wconf 89' lang='lat' dir='ltr'>seminales</span> <span class='ocrx_word' id='word_1_649' title='bbox 882 4905 1139 4962; x_wconf 87' lang='lat' dir='ltr'>rationes</span> <span class='ocrx_word' id='word_1_650' title='bbox 1170 4920 1298 4960; x_wconf 86' lang='lat' dir='ltr'>eam</span> <span class='ocrx_word' id='word_1_651' title='bbox 1330 4903 1388 4958; x_wconf 91' lang='lat' dir='ltr'>in</span> <span class='ocrx_word' id='word_1_652' title='bbox 1419 4919 1632 4976; x_wconf 90' lang='lat' dir='ltr'>corpus</span> <span class='ocrx_word' id='word_1_653' title='bbox 1663 4899 1958 4974; x_wconf 89' lang='lat' dir='ltr'>ejaculant</span> 
     </span>
    </p>
   </div>
   <div class='ocr_carea' id='block_1_98' title="bbox 308 4991 1954 5067">
    <p class='ocr_par' dir='ltr' id='par_1_98' title="bbox 308 4991 1954 5067">
     <span class='ocr_line' id='line_1_98' title="bbox 308 4991 1954 5067; baseline -0.005 -13"><span class='ocrx_word' id='word_1_654' title='bbox 308 4997 409 5054; x_wconf 89' lang='lat' dir='ltr'>sed</span> <span class='ocrx_word' id='word_1_655' title='bbox 441 5014 473 5051; x_wconf 89' lang='lat' dir='ltr'>a</span> <span class='ocrx_word' id='word_1_656' title='bbox 504 4996 620 5052; x_wconf 92' lang='lat' dir='ltr'>Deo</span> <span class='ocrx_word' id='word_1_657' title='bbox 670 4996 925 5067; x_wconf 89' lang='lat' dir='ltr'>desuper</span> <span class='ocrx_word' id='word_1_658' title='bbox 970 4992 1294 5050; x_wconf 86' lang='lat' dir='ltr'>descendit.</span> <span class='ocrx_word' id='word_1_659' title='bbox 1326 4992 1462 5056; x_wconf 70' lang='lat' dir='ltr'>Qua</span> <span class='ocrx_word' id='word_1_660' title='bbox 1509 5008 1643 5047; x_wconf 90' lang='lat' dir='ltr'>vero</span> <span class='ocrx_word' id='word_1_661' title='bbox 1696 4991 1954 5063; x_wconf 85' lang='lat' dir='ltr'>seipsam</span> 
     </span>
    </p>
   </div>
   <div class='ocr_carea' id='block_1_99' title="bbox 307 5084 1955 5163">
    <p class='ocr_par' dir='ltr' id='par_1_99' title="bbox 307 5084 1955 5163">
     <span class='ocr_line' id='line_1_99' title="bbox 307 5084 1955 5163; baseline -0.004 -22"><span class='ocrx_word' id='word_1_662' title='bbox 307 5087 757 5163; x_wconf 83' lang='lat' dir='ltr'>ignorat,neque</span> <span class='ocrx_word' id='word_1_663' title='bbox 787 5085 900 5141; x_wconf 87' lang='lat' dir='ltr'>scit</span> <span class='ocrx_word' id='word_1_664' title='bbox 931 5084 1161 5139; x_wconf 78' lang='lat' dir='ltr'>cceleste</span> <span class='ocrx_word' id='word_1_665' title='bbox 1188 5098 1363 5138; x_wconf 88' lang='lat' dir='ltr'>suum</span> <span class='ocrx_word' id='word_1_666' title='bbox 1390 5097 1577 5153; x_wconf 88' lang='lat' dir='ltr'>genus</span> <span class='ocrx_word' id='word_1_667' title='bbox 1608 5097 1739 5137; x_wconf 90' lang='lat' dir='ltr'>esse</span> <span class='ocrx_word' id='word_1_668' title='bbox 1768 5096 1834 5136; x_wconf 90' lang='lat' dir='ltr'>ac</span> <span class='ocrx_word' id='word_1_669' title='bbox 1856 5096 1955 5134; x_wconf 84' lang='lat' dir='ltr'>no-</span> 
     </span>
    </p>
   </div>
   <div class='ocr_carea' id='block_1_100' title="bbox 307 5168 1952 5248">
    <p class='ocr_par' dir='ltr' id='par_1_100' title="bbox 307 5168 1952 5248">
     <span class='ocr_line' id='line_1_100' title="bbox 307 5168 1952 5248; baseline -0.005 -17"><span class='ocrx_word' id='word_1_670' title='bbox 307 5175 750 5248; x_wconf 82' lang='lat' dir='ltr'>bile,liberaque</span> <span class='ocrx_word' id='word_1_671' title='bbox 780 5173 1115 5231; x_wconf 89' lang='lat' dir='ltr'>conditione</span> <span class='ocrx_word' id='word_1_672' title='bbox 1145 5188 1205 5227; x_wconf 89' lang='lat' dir='ltr'>se</span> <span class='ocrx_word' id='word_1_673' title='bbox 1234 5171 1535 5227; x_wconf 86' lang='lat' dir='ltr'>conditam</span> <span class='ocrx_word' id='word_1_674' title='bbox 1568 5186 1632 5225; x_wconf 90' lang='lat' dir='ltr'>ac</span> <span class='ocrx_word' id='word_1_675' title='bbox 1660 5168 1952 5225; x_wconf 86' lang='lat' dir='ltr'>constitu-</span> 
     </span>
    </p>
   </div>
   <div class='ocr_carea' id='block_1_101' title="bbox 306 5255 1951 5334">
    <p class='ocr_par' dir='ltr' id='par_1_101' title="bbox 306 5255 1951 5334">
     <span class='ocr_line' id='line_1_101' title="bbox 306 5255 1951 5334; baseline -0.005 -15"><span class='ocrx_word' id='word_1_676' title='bbox 306 5269 449 5333; x_wconf 87' lang='lat' dir='ltr'>tam,</span> <span class='ocrx_word' id='word_1_677' title='bbox 474 5265 579 5321; x_wconf 89' lang='lat' dir='ltr'>illa</span> <span class='ocrx_word' id='word_1_678' title='bbox 607 5262 889 5334; x_wconf 90' lang='lat' dir='ltr'>mancipii</span> <span class='ocrx_word' id='word_1_679' title='bbox 912 5261 972 5316; x_wconf 88' lang='lat' dir='ltr'>in</span> <span class='ocrx_word' id='word_1_680' title='bbox 1003 5275 1227 5316; x_wconf 88' lang='lat' dir='ltr'>morem</span> <span class='ocrx_word' id='word_1_681' title='bbox 1257 5258 1483 5332; x_wconf 91' lang='lat' dir='ltr'>corpori</span> <span class='ocrx_word' id='word_1_682' title='bbox 1505 5255 1951 5328; x_wconf 90' lang='lat' dir='ltr'>inservit,liber-</span> 
     </span>
    </p>
   </div>
   <div class='ocr_carea' id='block_1_102' title="bbox 305 5348 1951 5428">
    <p class='ocr_par' dir='ltr' id='par_1_102' title="bbox 305 5348 1951 5428">
     <span class='ocr_line' id='line_1_102' title="bbox 305 5348 1951 5428; baseline -0.006 -15"><span class='ocrx_word' id='word_1_683' title='bbox 305 5362 606 5428; x_wconf 87' lang='lat' dir='ltr'>tatemque</span> <span class='ocrx_word' id='word_1_684' title='bbox 640 5354 828 5428; x_wconf 86' lang='lat' dir='ltr'>perdit</span> <span class='ocrx_word' id='word_1_685' title='bbox 863 5370 875 5407; x_wconf 89' lang='lat'><strong>:</strong></span> <span class='ocrx_word' id='word_1_686' title='bbox 907 5357 964 5408; x_wconf 91' lang='lat' dir='ltr'>et</span> <span class='ocrx_word' id='word_1_687' title='bbox 995 5368 1249 5423; x_wconf 86' lang='lat' dir='ltr'>magnus</span> <span class='ocrx_word' id='word_1_688' title='bbox 1271 5351 1460 5423; x_wconf 91' lang='lat' dir='ltr'>ipsius</span> <span class='ocrx_word' id='word_1_689' title='bbox 1485 5348 1690 5405; x_wconf 91' lang='lat' dir='ltr'>oculus</span> <span class='ocrx_word' id='word_1_690' title='bbox 1719 5365 1753 5403; x_wconf 90' lang='lat' dir='ltr'>a</span> <span class='ocrx_word' id='word_1_691' title='bbox 1782 5352 1951 5404; x_wconf 89' lang='lat' dir='ltr'>natu-</span> 
     </span>
    </p>
   </div>
   <div class='ocr_carea' id='block_1_103' title="bbox 305 5437 1593 5509">
    <p class='ocr_par' dir='ltr' id='par_1_103' title="bbox 305 5437 1593 5509">
     <span class='ocr_line' id='line_1_103' title="bbox 305 5437 1593 5509; baseline -0.006 -9"><span class='ocrx_word' id='word_1_692' title='bbox 305 5444 413 5500; x_wconf 87' lang='lat' dir='ltr'>rali</span> <span class='ocrx_word' id='word_1_693' title='bbox 444 5444 733 5501; x_wconf 88' lang='lat' dir='ltr'>velamine</span> <span class='ocrx_word' id='word_1_694' title='bbox 758 5439 1030 5498; x_wconf 90' lang='lat' dir='ltr'>obruitur</span> <span class='ocrx_word' id='word_1_695' title='bbox 1057 5444 1161 5495; x_wconf 89' lang='lat' dir='ltr'>aut</span> <span class='ocrx_word' id='word_1_696' title='bbox 1188 5437 1593 5509; x_wconf 88' lang='lat' dir='ltr'>exstinguitur.</span> 
     </span>
    </p>
   </div>
   <div class='ocr_carea' id='block_1_104' title="bbox 553 5546 1700 5618">
    <p class='ocr_par' dir='ltr' id='par_1_104' title="bbox 553 5546 1700 5618">
     <span class='ocr_line' id='line_1_104' title="bbox 553 5546 1700 5618; baseline -0.007 -11"><span class='ocrx_word' id='word_1_697' title='bbox 553 5552 642 5607; x_wconf 88' lang='lat'>32.</span> <span class='ocrx_word' id='word_1_698' title='bbox 676 5550 817 5607; x_wconf 86' lang='lat' dir='ltr'>Num</span> <span class='ocrx_word' id='word_1_699' title='bbox 846 5564 1039 5604; x_wconf 65' lang='lat' dir='ltr'>anima</span> <span class='ocrx_word' id='word_1_700' title='bbox 1068 5548 1129 5602; x_wconf 82' lang='lat' dir='ltr'>in</span> <span class='ocrx_word' id='word_1_701' title='bbox 1152 5546 1409 5618; x_wconf 81' lang='lat' dir='ltr'>angelum</span> <span class='ocrx_word' id='word_1_702' title='bbox 1436 5546 1700 5600; x_wconf 75' lang='lat' dir='ltr'>mutetur.</span> 
     </span>
    </p>
   </div>
   <div class='ocr_carea' id='block_1_105' title="bbox 380 5632 1947 5710">
    <p class='ocr_par' dir='ltr' id='par_1_105' title="bbox 380 5632 1947 5710">
     <span class='ocr_line' id='line_1_105' title="bbox 380 5632 1947 5710; baseline -0.004 -11"><span class='ocrx_word' id='word_1_703' title='bbox 380 5645 515 5708; x_wconf 78' lang='lat' dir='ltr'>Quae</span> <span class='ocrx_word' id='word_1_704' title='bbox 547 5639 790 5696; x_wconf 89' lang='lat' dir='ltr'>diversis</span> <span class='ocrx_word' id='word_1_705' title='bbox 822 5655 924 5710; x_wconf 87' lang='lat' dir='ltr'>per</span> <span class='ocrx_word' id='word_1_706' title='bbox 953 5635 1271 5694; x_wconf 85' lang='lat' dir='ltr'>essentiam</span> <span class='ocrx_word' id='word_1_707' title='bbox 1302 5634 1612 5707; x_wconf 79' lang='lat' dir='ltr'>generibus</span> <span class='ocrx_word' id='word_1_708' title='bbox 1642 5632 1769 5691; x_wconf 76' lang='lat' dir='ltr'>vitaa</span> <span class='ocrx_word' id='word_1_709' title='bbox 1800 5652 1947 5708; x_wconf 63' lang='lat' dir='ltr'>pre-</span> 
     </span>
    </p>
   </div>
   <div class='ocr_carea' id='block_1_106' title="bbox 2067 4629 3738 4708">
    <p class='ocr_par' dir='ltr' id='par_1_106' title="bbox 2067 4629 3738 4708">
     <span class='ocr_line' id='line_1_106' title="bbox 2067 4629 3738 4708; baseline 0.001 -19"><span class='ocrx_word' id='word_1_710' title='bbox 2067 4637 2468 4708; x_wconf 80' lang='grc' dir='ltr'>σπερματικῶν,</span> <span class='ocrx_word' id='word_1_711' title='bbox 2505 4631 2674 4686; x_wconf 77' lang='grc' dir='ltr'>εἰπεῖν</span> <span class='ocrx_word' id='word_1_712' title='bbox 2729 4629 2787 4686; x_wconf 75' lang='grc' dir='ltr'>δὲ</span> <span class='ocrx_word' id='word_1_713' title='bbox 2840 4633 2930 4686; x_wconf 81' lang='grc' dir='ltr'>καὶ</span> <span class='ocrx_word' id='word_1_714' title='bbox 2991 4630 3154 4687; x_wconf 73' lang='grc' dir='ltr'>αὺτοῦ</span> <span class='ocrx_word' id='word_1_715' title='bbox 3210 4635 3305 4686; x_wconf 88' lang='grc' dir='ltr'>τοῦ</span> <span class='ocrx_word' id='word_1_716' title='bbox 3363 4631 3591 4694; x_wconf 82' lang='grc' dir='ltr'>παντός.</span> <span class='ocrx_word' id='word_1_717' title='bbox 3651 4632 3738 4691; x_wconf 70' lang='grc' dir='ltr'>Οὔ</span> 
     </span>
    </p>
   </div>
   <div class='ocr_carea' id='block_1_107' title="bbox 2064 4718 3739 4799">
    <p class='ocr_par' dir='ltr' id='par_1_107' title="bbox 2064 4718 3739 4799">
     <span class='ocr_line' id='line_1_107' title="bbox 2064 4718 3739 4799; baseline -0.001 -21"><span class='ocrx_word' id='word_1_718' title='bbox 2064 4723 2162 4799; x_wconf 78' lang='grc' dir='ltr'>γὰρ</span> <span class='ocrx_word' id='word_1_719' title='bbox 2190 4723 2295 4777; x_wconf 84' lang='grc' dir='ltr'>ἀπὸ</span> <span class='ocrx_word' id='word_1_720' title='bbox 2323 4729 2423 4792; x_wconf 84' lang='grc' dir='ltr'>τῆς</span> <span class='ocrx_word' id='word_1_721' title='bbox 2451 4726 2558 4777; x_wconf 78' lang='grc' dir='ltr'>τῶν</span> <span class='ocrx_word' id='word_1_722' title='bbox 2592 4718 2799 4798; x_wconf 71' lang='grc' dir='ltr'>ἄστρων</span> <span class='ocrx_word' id='word_1_723' title='bbox 2834 4720 3132 4799; x_wconf 70' lang='grc' dir='ltr'>ἀπορροίας</span> <span class='ocrx_word' id='word_1_724' title='bbox 3160 4725 3241 4793; x_wconf 78' lang='grc' dir='ltr'>τῷ</span> <span class='ocrx_word' id='word_1_725' title='bbox 3288 4722 3501 4795; x_wconf 84' lang='grc' dir='ltr'>σώματι</span> <span class='ocrx_word' id='word_1_726' title='bbox 3552 4744 3739 4797; x_wconf 81' lang='grc' dir='ltr'>παρα-</span> 
     </span>
    </p>
   </div>
   <div class='ocr_carea' id='block_1_108' title="bbox 2063 4805 3735 4888">
    <p class='ocr_par' dir='ltr' id='par_1_108' title="bbox 2063 4805 3735 4888">
     <span class='ocr_line' id='line_1_108' title="bbox 2063 4805 3735 4888; baseline -0.002 -21"><span class='ocrx_word' id='word_1_727' title='bbox 2063 4812 2288 4887; x_wconf 82' lang='grc' dir='ltr'>γίνεται,</span> <span class='ocrx_word' id='word_1_728' title='bbox 2339 4808 2462 4866; x_wconf 78' lang='grc' dir='ltr'>οὕτε</span> <span class='ocrx_word' id='word_1_729' title='bbox 2546 4809 2652 4865; x_wconf 83' lang='grc' dir='ltr'>ἀπὸ</span> <span class='ocrx_word' id='word_1_730' title='bbox 2737 4808 2946 4888; x_wconf 74' lang='grc' dir='ltr'>φύσεως</span> <span class='ocrx_word' id='word_1_731' title='bbox 3030 4807 3105 4871; x_wconf 79' lang='grc' dir='ltr'>εὶς</span> <span class='ocrx_word' id='word_1_732' title='bbox 3183 4808 3385 4884; x_wconf 62' lang='grc' dir='ltr'>γίνεσιν</span> <span class='ocrx_word' id='word_1_733' title='bbox 3467 4805 3735 4885; x_wconf 77' lang='grc' dir='ltr'>ἔρχεται,</span> 
     </span>
    </p>
   </div>
   <div class='ocr_carea' id='block_1_109' title="bbox 2066 4896 3740 4974">
    <p class='ocr_par' dir='ltr' id='par_1_109' title="bbox 2066 4896 3740 4974">
     <span class='ocr_line' id='line_1_109' title="bbox 2066 4896 3740 4974; baseline -0.003 -16"><span class='ocrx_word' id='word_1_734' title='bbox 2066 4899 2189 4959; x_wconf 70' lang='grc' dir='ltr'>οὔτε</span> <span class='ocrx_word' id='word_1_735' title='bbox 2237 4899 2541 4974; x_wconf 76' lang='grc' dir='ltr'>σωματικαὶ</span> <span class='ocrx_word' id='word_1_736' title='bbox 2610 4898 2767 4974; x_wconf 90' lang='grc' dir='ltr'>λόγοι</span> <span class='ocrx_word' id='word_1_737' title='bbox 2827 4900 3025 4970; x_wconf 70' lang='grc' dir='ltr'>ταύτην</span> <span class='ocrx_word' id='word_1_738' title='bbox 3086 4897 3162 4960; x_wconf 85' lang='grc' dir='ltr'>εἰς</span> <span class='ocrx_word' id='word_1_739' title='bbox 3218 4898 3281 4953; x_wconf 83' lang='grc' dir='ltr'>τὸ</span> <span class='ocrx_word' id='word_1_740' title='bbox 3312 4902 3472 4972; x_wconf 79' lang='grc' dir='ltr'>σῶμα</span> <span class='ocrx_word' id='word_1_741' title='bbox 3504 4896 3740 4969; x_wconf 75' lang='grc' dir='ltr'>ἱξακον-</span> 
     </span>
    </p>
   </div>
   <div class='ocr_carea' id='block_1_110' title="bbox 2063 4988 3741 5064">
    <p class='ocr_par' dir='ltr' id='par_1_110' title="bbox 2063 4988 3741 5064">
     <span class='ocr_line' id='line_1_110' title="bbox 2063 4988 3741 5064; baseline -0.002 -17"><span class='ocrx_word' id='word_1_742' title='bbox 2063 4992 2320 5061; x_wconf 81' lang='grc' dir='ltr'>τίζουσιν,</span> <span class='ocrx_word' id='word_1_743' title='bbox 2377 4988 2504 5045; x_wconf 81' lang='grc' dir='ltr'>ἀλλ’</span> <span class='ocrx_word' id='word_1_744' title='bbox 2546 4988 2742 5053; x_wconf 78' lang='grc' dir='ltr'>ἄνωθεν</span> <span class='ocrx_word' id='word_1_745' title='bbox 2802 4989 2909 5045; x_wconf 81' lang='grc' dir='ltr'>ἀπὸ</span> <span class='ocrx_word' id='word_1_746' title='bbox 2967 4992 3100 5045; x_wconf 83' lang='grc' dir='ltr'>Θεοῦ</span> <span class='ocrx_word' id='word_1_747' title='bbox 3156 4988 3416 5045; x_wconf 78' lang='grc' dir='ltr'>κάτεισιν.</span> <span class='ocrx_word' id='word_1_748' title='bbox 3475 4988 3741 5064; x_wconf 71' lang='grc' dir='ltr'>Ἀγνοή-</span> 
     </span>
    </p>
   </div>
   <div class='ocr_carea' id='block_1_111' title="bbox 2065 5076 3739 5153">
    <p class='ocr_par' dir='ltr' id='par_1_111' title="bbox 2065 5076 3739 5153">
     <span class='ocr_line' id='line_1_111' title="bbox 2065 5076 3739 5153; baseline -0.001 -19"><span class='ocrx_word' id='word_1_749' title='bbox 2065 5101 2197 5135; x_wconf 88' lang='grc' dir='ltr'>σασα</span> <span class='ocrx_word' id='word_1_750' title='bbox 2242 5077 2299 5134; x_wconf 73' lang='grc' dir='ltr'>δὲ</span> <span class='ocrx_word' id='word_1_751' title='bbox 2330 5077 2662 5150; x_wconf 73' lang='grc' dir='ltr'>ὲαυτήν,καὶ</span> <span class='ocrx_word' id='word_1_752' title='bbox 2723 5077 2807 5132; x_wconf 79' lang='grc' dir='ltr'>ὅτι</span> <span class='ocrx_word' id='word_1_753' title='bbox 2856 5084 2957 5147; x_wconf 81' lang='grc' dir='ltr'>τῆς</span> <span class='ocrx_word' id='word_1_754' title='bbox 3012 5077 3211 5132; x_wconf 82' lang='grc' dir='ltr'>ἄνωθεν</span> <span class='ocrx_word' id='word_1_755' title='bbox 3275 5076 3550 5153; x_wconf 79' lang='grc' dir='ltr'>εὐγενείας</span> <span class='ocrx_word' id='word_1_756' title='bbox 3615 5076 3739 5133; x_wconf 75' lang='grc' dir='ltr'>ἐστὶ</span> 
     </span>
    </p>
   </div>
   <div class='ocr_carea' id='block_1_112' title="bbox 2062 5163 3738 5253">
    <p class='ocr_par' dir='ltr' id='par_1_112' title="bbox 2062 5163 3738 5253">
     <span class='ocr_line' id='line_1_112' title="bbox 2062 5163 3738 5253; baseline -0.002 -28"><span class='ocrx_word' id='word_1_757' title='bbox 2062 5170 2148 5225; x_wconf 83' lang='grc' dir='ltr'>καὶ</span> <span class='ocrx_word' id='word_1_758' title='bbox 2211 5168 2465 5243; x_wconf 63' lang='grc' dir='ltr'>ἐλευθέρα</span> <span class='ocrx_word' id='word_1_759' title='bbox 2511 5165 2863 5238; x_wconf 77' lang='grc' dir='ltr'>καθέστηκεν,</span> <span class='ocrx_word' id='word_1_760' title='bbox 2909 5163 3303 5253; x_wconf 52' lang='grc' dir='ltr'>δομλοπρεπῶς</span> <span class='ocrx_word' id='word_1_761' title='bbox 3363 5165 3580 5236; x_wconf 75' lang='grc' dir='ltr'>θητεόει</span> <span class='ocrx_word' id='word_1_762' title='bbox 3648 5172 3738 5241; x_wconf 70' lang='grc' dir='ltr'>τῷ</span> 
     </span>
    </p>
   </div>
   <div class='ocr_carea' id='block_1_113' title="bbox 2065 5252 3739 5333">
    <p class='ocr_par' dir='ltr' id='par_1_113' title="bbox 2065 5252 3739 5333">
     <span class='ocr_line' id='line_1_113' title="bbox 2065 5252 3739 5333; baseline -0.003 -19"><span class='ocrx_word' id='word_1_763' title='bbox 2065 5259 2301 5332; x_wconf 86' lang='grc' dir='ltr'>σώματι,</span> <span class='ocrx_word' id='word_1_764' title='bbox 2333 5256 2419 5312; x_wconf 80' lang='grc' dir='ltr'>καὶ</span> <span class='ocrx_word' id='word_1_765' title='bbox 2468 5257 2566 5326; x_wconf 81' lang='grc' dir='ltr'>τήν</span> <span class='ocrx_word' id='word_1_766' title='bbox 2618 5255 2927 5333; x_wconf 75' lang='grc' dir='ltr'>ὶλευθερίαν</span> <span class='ocrx_word' id='word_1_767' title='bbox 2973 5252 3302 5312; x_wconf 70' lang='grc' dir='ltr'>ἀπόλλυσιν.</span> <span class='ocrx_word' id='word_1_768' title='bbox 3336 5255 3435 5310; x_wconf 81' lang='grc' dir='ltr'>Καὶ</span> <span class='ocrx_word' id='word_1_769' title='bbox 3484 5256 3513 5310; x_wconf 83' lang='lat'>6</span> <span class='ocrx_word' id='word_1_770' title='bbox 3549 5253 3739 5331; x_wconf 65' lang='grc' dir='ltr'>μέγας</span> 
     </span>
    </p>
   </div>
   <div class='ocr_carea' id='block_1_114' title="bbox 2062 5343 3736 5425">
    <p class='ocr_par' dir='ltr' id='par_1_114' title="bbox 2062 5343 3736 5425">
     <span class='ocr_line' id='line_1_114' title="bbox 2062 5343 3736 5425; baseline -0.002 -21"><span class='ocrx_word' id='word_1_771' title='bbox 2062 5349 2232 5417; x_wconf 83' lang='grc' dir='ltr'>αὐτῆς</span> <span class='ocrx_word' id='word_1_772' title='bbox 2265 5346 2550 5425; x_wconf 75' lang='grc' dir='ltr'>ὀφθαλμὸς</span> <span class='ocrx_word' id='word_1_773' title='bbox 2587 5346 2690 5399; x_wconf 81' lang='grc' dir='ltr'>ὑπὸ</span> <span class='ocrx_word' id='word_1_774' title='bbox 2735 5345 2832 5401; x_wconf 80' lang='grc' dir='ltr'>τοῦ</span> <span class='ocrx_word' id='word_1_775' title='bbox 2862 5349 3088 5425; x_wconf 69' lang='grc' dir='ltr'>φυσικοῦ</span> <span class='ocrx_word' id='word_1_776' title='bbox 3134 5343 3498 5419; x_wconf 82' lang='grc' dir='ltr'>καλύμματος</span> <span class='ocrx_word' id='word_1_777' title='bbox 3549 5366 3736 5401; x_wconf 79' lang='grc' dir='ltr'>κατα-</span> 
     </span>
    </p>
   </div>
   <div class='ocr_carea' id='block_1_115' title="bbox 2063 5428 2871 5514">
    <p class='ocr_par' dir='ltr' id='par_1_115' title="bbox 2063 5428 2871 5514">
     <span class='ocr_line' id='line_1_115' title="bbox 2063 5428 2871 5514; baseline 0 -22"><span class='ocrx_word' id='word_1_778' title='bbox 2063 5439 2360 5514; x_wconf 86' lang='grc' dir='ltr'>χώννυται,</span> <span class='ocrx_word' id='word_1_779' title='bbox 2392 5436 2427 5506; x_wconf 76' lang='grc' dir='ltr'><strong>ἢ</strong></span> <span class='ocrx_word' id='word_1_780' title='bbox 2458 5428 2871 5492; x_wconf 73' lang='grc' dir='ltr'>ἀποσϐέννυται.</span> 
     </span>
    </p>
   </div>
   <div class='ocr_carea' id='block_1_116' title="bbox 2307 5535 3463 5617">
    <p class='ocr_par' dir='ltr' id='par_1_116' title="bbox 2307 5535 3463 5617">
     <span class='ocr_line' id='line_1_116' title="bbox 2307 5535 3463 5617; baseline 0 -20"><span class='ocrx_word' id='word_1_781' title='bbox 2307 5540 2416 5617; x_wconf 86' lang='grc' dir='ltr'>λβ¹.</span> <span class='ocrx_word' id='word_1_782' title='bbox 2449 5539 2513 5596; x_wconf 80' lang='lat' dir='ltr'>Ei</span> <span class='ocrx_word' id='word_1_783' title='bbox 2552 5535 2882 5615; x_wconf 77' lang='grc' dir='ltr'>μεταϐἀΛλει</span> <span class='ocrx_word' id='word_1_784' title='bbox 2913 5540 3067 5616; x_wconf 77' lang='grc' dir='ltr'>ψυχὴ</span> <span class='ocrx_word' id='word_1_785' title='bbox 3102 5537 3180 5606; x_wconf 77' lang='grc' dir='ltr'>εἷς</span> <span class='ocrx_word' id='word_1_786' title='bbox 3205 5536 3463 5616; x_wconf 68' lang='grc' dir='ltr'>ἄγγελον.</span> 
     </span>
    </p>
   </div>
   <div class='ocr_carea' id='block_1_117' title="bbox 2130 5625 3734 5710">
    <p class='ocr_par' dir='ltr' id='par_1_117' title="bbox 2130 5625 3734 5710">
     <span class='ocr_line' id='line_1_117' title="bbox 2130 5625 3734 5710; baseline -0.007 -16"><span class='ocrx_word' id='word_1_787' title='bbox 2130 5635 2207 5695; x_wconf 81' lang='grc' dir='ltr'>Οὗ</span> <span class='ocrx_word' id='word_1_788' title='bbox 2277 5627 2609 5710; x_wconf 76' lang='grc' dir='ltr'>μεταϐάλλει</span> <span class='ocrx_word' id='word_1_789' title='bbox 2666 5630 2734 5689; x_wconf 78' lang='grc' dir='ltr'>τὰ</span> <span class='ocrx_word' id='word_1_790' title='bbox 2789 5632 2906 5689; x_wconf 86' lang='grc' dir='ltr'>κατ’</span> <span class='ocrx_word' id='word_1_791' title='bbox 2963 5629 3154 5688; x_wconf 78' lang='grc' dir='ltr'>οὐσίαν</span> <span class='ocrx_word' id='word_1_792' title='bbox 3224 5626 3380 5708; x_wconf 71' lang='grc' dir='ltr'>ἕτερα</span> <span class='ocrx_word' id='word_1_793' title='bbox 3437 5625 3559 5700; x_wconf 71' lang='grc' dir='ltr'>εἴδη</span> <span class='ocrx_word' id='word_1_794' title='bbox 3615 5636 3734 5700; x_wconf 78' lang='grc' dir='ltr'>τῆς</span> 
     </span>
    </p>
   </div>
  </div>
