3966 6216
205 311 309 370 713

1378 309 1476 368 DE
1521 306 1958 369 OMNIFABIA
2006 306 2424 367 DOCTlthA.

3486 314 3604 373 7H

204 445 354 515 μέσον
410 448 570 521 ἡμῶν
626 442 717 497 καὶ
775 442 910 497 Θεοῦ
961 437 1236 513 τιθὲαμεν,
1273 437 1415 494 οὕτω
1466 435 1532 506 δὴ
1581 437 1671 491 καὶ
1729 442 1836 492 τῶν

2019 438 2242 496 asmodi
2275 440 2393 495 sive
2427 438 2676 508 minora,
2701 438 2881 494 Deum
2904 439 3057 496 inter
3087 445 3145 496 et
3174 446 3406 499 nosmet
3435 444 3607 516 poni-

202 534 443 606 ἐλλήνων
507 536 559 590 οἱ
619 531 760 603 ὃῆοα
801 528 1102 608 σοφώτεροι
1162 525 1320 583 {vitam
1349 527 1469 582 τινὰ
1503 527 1842 601 ἐξῃρημένην

201 623 571 700 ἐδογμάτισαν,
629 620 720 676 καὶ
773 619 908 693 μετὰ
963 622 1130 672 ταῦτα
1187 613 1332 690 ὄντα,
1390 615 1478 671 καὶ
1541 620 1716 684 ζῶντα
1753 615 1842 670 καὶ

198 714 412 770 νοοῦντά
441 734 583 782 τινα,
617 713 728 766 εἶτα
762 707 1164 783 ὑπερκοσμίους
1205 711 1350 776 νοῦς,
1381 705 1469 760 καὶ
1505 702 1656 768 αὖθις
1689 703 1844 781 ἐγκο-

200 805 400 877 σμίους·
436 803 522 858 καὶ
563 800 698 875 μετᾶ
753 798 982 859 τούτους
1024 797 1123 864 τήν
1155 794 1291 866 ὅλην
1337 795 1548 870 ψυχὴν,
1581 795 1670 849 καὶ
1712 795 1846 867 μετὰ

194 892 381 964 ταύτην
410 893 511 962 τὴν
561 891 659 946 τοῦ
705 886 928 950 παντός⁹
978 885 1068 940 καὶ
1124 884 1281 946 τέλος
1310 885 1404 946 τὰς
1443 881 1691 959 μερικας.
1746 883 1840 938 Καὶ

196 981 276 1037 τὸν
325 980 564 1057 ψυχικὸν
597 977 648 1034 ἐν
678 977 847 1051 ταύτῃ
878 972 1268 1050 συμπληροῦσι
1310 972 1629 1047 διάκοσμον.

326 1175 433 1241 λθ’.
486 1176 654 1232 Πόσαι
686 1174 742 1228 αἱ
771 1179 871 1243 τῆς
901 1175 1087 1247 ψυχῆς
1119 1169 1375 1244 δυνάμεις
1402 1171 1492 1224 καὶ
1523 1168 1661 1231 τίνες
1686 1187 1699 1238 ;

261 1274 368 1336 Σῆς
417 1270 604 1340 ψυχῆς
654 1266 688 1334 ἠ
742 1263 838 1336 μὶν
886 1261 1243 1350 ἀντιλεπτική
1303 1259 1383 1322 τίς
1591 1256 1846 1350 δύναμις⁹

194 1358 300 1412 καθ’
350 1358 414 1425 ἢν
461 1360 570 1410 τῶν
603 1349 768 1408 ὄντων
813 1345 1297 1424 ἀντιλαμϐάνεται·
1351 1351 1386 1418 ἠ
1449 1345 1504 1404 δὲ
1537 1345 1844 1429 παθητικὴ,

188 1446 296 1510 καθ’
346 1447 410 1515 ἣν
467 1443 756 1508 διατίθεται
837 1440 1054 1502 οἰκείως
1130 1439 1219 1494 καὶ
1278 1435 1632 1514 ἀλλοτρίως’
1693 1439 1728 1507 ἡ
1790 1434 1849 1492 δὲ

189 1535 482 1610 πρακτικὴ,
535 1534 650 1588 καθ’
705 1533 767 1601 ἦν
817 1530 956 1606 πρὸς
986 1531 1081 1592 τὰς
1127 1526 1346 1604 πράξεις
1373 1527 1634 1590 ἑκουσίως
1672 1528 1846 1602 ὁρμᾷ.

195 1625 280 1680 κ’
351 1629 375 1638 -
476 1620 503 1679 δ
590 1623 600 1638 ’
805 1619 897 1654 η’
1072 1615 1230 1674 νλλο
1323 1617 1350 1672 ι
1439 1615 1597 1672 an»
1693 1615 1785 1656 ιι

233 1647 283 1680 αι
310 1645 422 1680 των
509 1643 757 1695 υναμεων
816 1641 1013 1676 ..ουτων
1068 1639 1097 1674 α
1182 1639 1234 1672 α.
1284 1639 1323 1690 μ
1361 1639 1377 1670 Ι
1476 1638 1514 1671 π
1594 1637 1706 1670 δτο.
1739 1637 1840 1671 ε.σι

193 1717 272 1770 καὶ
331 1717 511 1789 μόνης
556 1721 656 1783 τῆς
683 1715 891 1788 ψυχῆς,
928 1708 1092 1766 ἄλλαι
1121 1707 1178 1764 δὲ
1207 1715 1307 1778 τῆς
1339 1711 1526 1783 ψυχῆς
1558 1706 1650 1762 καὶ
1685 1706 1845 1780 αὐγο-

196 1802 380 1860 ειδέσιν
435 1803 768 1878 ἑποχοῦνται
822 1802 1058 1873 σώμασι,
1105 1799 1246 1860 τινὶς
1281 1795 1338 1853 δὲ
1369 1795 1635 1869 πνεύματι
1668 1795 1843 1868 ὲνύλῳ
1877 1823 1920 1888 Β

201 1896 680 1973 συνυφεστήκασιν,
737 1891 793 1945 αἱ
852 1888 909 1945 δὶ
963 1889 1273 1945 τελευταῖαι
1306 1886 1380 1949 εἷς
1428 1886 1491 1941 τὸ
1549 1881 1844 1960 ὀστρεῶδες

200 1972 344 2056 σῶμα
419 1980 878 2038 ἀποτελευτῶσιν.
960 1980 1024 2034 Ἠ
1081 1975 1139 2032 δὲ
1196 1976 1528 2053 φανταστική
1591 1972 1842 2048 δύναμις,

201 2075 321 2146 πρὸς
369 2073 548 2134 πάσας
592 2070 689 2133 τὰς
740 2066 995 2143 δυνάμεις
1053 2074 1155 2137 τῆς
1211 2071 1398 2142 ψυχῆς
1454 2063 1804 2158 παραπὶιρυκε
1833 2129 1849 2158 ’

196 2163 272 2216 καὶ
331 2163 450 2217 οἷον
508 2160 826 2234 ἐκμάττεται
880 2155 1104 2228 ταύτην,
1168 2155 1408 2230 καὶξταῖς
1446 2154 1540 2227 μὶν
1573 2152 1846 2229 κρείττοσί

194 2252 277 2314 τας
336 2247 728 2326 ὑποδεεστέρας
787 2247 1087 2316 ἀποτυποῖ,
1144 2250 1262 2307 ταῖς
1319 2241 1378 2299 δι
1438 2240 1848 2316 ὑποδεεστέραις

196 2342 278 2404 τὰς
324 2341 663 2415 κρείττονας.
725 2337 1177 2409 ’Λποτυπουμένη
1208 2333 1307 2410 γὰρ
1339 2333 1432 2394 τὰς
1462 2332 1652 2407 νοερᾶς
1686 2329 1846 2387 δυνά-

201 2451 308 2503 μεις
332 2435 406 2505 τῇ
443 2428 655 2500 διανοίᾳ
680 2425 878 2488 ταύτας
906 2423 1370 2503 ἐπισφραγίζεται,
1405 2422 1493 2478 καὶ
1525 2423 1679 2486 αὖθις
1711 2421 1848 2476 ἀπο·

197 2521 504 2594 ματτομὲνη
527 2518 596 2573 τὰ
615 2515 978 2590 διανοήματα,
1007 2518 1089 2586 τῷ
1117 2518 1196 2585 νῷ
1225 2517 1394 2568 ταῦτα
1421 2510 1844 2587 ἐγκατατίθεται.

754 2607 826 2679 μ’.
851 2604 912 2658 Τί
943 2602 1053 2658 ἐστι
1086 2601 1280 2680 φύσιςς

262 2700 428 2760 Φῦσις
488 2697 600 2753 ἐστὶ
651 2693 903 2770 δύναμις,
953 2692 1266 2772 ὀφθαλμοῖς
1323 2690 1417 2766 μὶν
1471 2689 1736 2760 ἀθέατος,
1769 2692 1846 2760 νῷ

201 2785 251 2843 ἴε
302 2789 586 2863 Θεωρητή,
660 2789 776 2846 τοῖς
842 2783 1087 2856 σώμασιν
1161 2777 1641 2856 ξγκατεσπαρμένη
1702 2777 1848 2853 παρὰ

201 2882 344 2946 Θεοῦ,
405 2877 559 2952 ἀρχὴ
615 2876 882 2945 κινήσεως
938 2872 1025 2926 καὶ
1065 2870 1320 2944 ἠρεμίας.
1383 2865 1533 2937 Αῧτὴ
1567 2868 1671 2944 γὰρ
1703 2865 1844 2922 ἐστιν

198 2970 230 3036 ἡ
285 2970 510 3022 κινοῦσα
574 2965 642 3019 τὰ
705 2962 904 3041 φυσικᾶ
957 2961 1206 3034 σώματα,
1265 2959 1355 3014 καὶ
1418 2959 1567 3022 αὖθις
1617 2959 1842 3032 ἠρεμεῖν

199 3062 442 3112 ποιοῦσα.
505 3057 686 3110 Πάντα
734 3051 836 3128 γὰρ
893 3050 959 3105 τὰ
999 3049 1249 3122 σώματα,
1304 3051 1418 3102 οἷον
1475 3047 1543 3101 τὰ
1601 3050 1846 3120 στοιχεῖα

195 3148 276 3202 καί
323 3149 389 3200 τὰ
449 3143 510 3200 in
555 3142 760 3198 τούτων
813 3139 1158 3214 συγκείμενα,
1194 3132 1241 3193 εἷ’
1297 3137 1385 3192 καὶ
1445 3137 1548 3191 ὑπὸ
1597 3139 1731 3190 Θεοῦ
1758 3134 1842 3189 καῖ

1954 547 2110 596 mus,
2134 529 2218 585 sic
2249 536 2306 585 et
2335 528 2762 601 sapientissimi
2795 528 3015 601 quique
3045 533 3377 587 Griecorum
3411 539 3607 590 unita-

1952 620 2069 673 tem
2119 618 2394 674 eximiam
2428 619 2745 690 quamdam
2779 624 3132 688 statuerunt,
3166 625 3409 692 postque
3456 621 3607 678 hanc

1953 707 2131 774 entia,
2193 713 2252 763 et
2307 708 2562 764 viventia
2618 714 2796 780 atque
2857 709 3242 782 intelligentia
3301 711 3608 783 nonnulla,

1954 796 2164 851 deinde
2198 799 2716 869 supramundanas
2747 802 2803 853 et
2834 798 3326 856 intramundanas
3361 805 3606 872 mentes,

1954 890 2011 940 et
2043 889 2173 956 post
2221 885 2328 940 has
2381 887 2638 942 animam
2671 888 3092 957 omnimodam,
3129 896 3302 961 atque
3333 890 3610 962 deinceps

1956 975 2214 1030 animam
2249 975 2527 1044 universi,
2559 982 2615 1032 et
2645 977 2900 1049 denique
2941 979 3323 1049 particulares
3356 980 3608 1037 animas.

1954 1063 2048 1119 Sic
2078 1065 2220 1134 ordo
2251 1068 2307 1120 et
2337 1065 2517 1121 series
2549 1067 2878 1122 animarum
2908 1066 3025 1123 illis
3057 1067 3405 1140 completur.

2098 1173 2187 1228 39.
2224 1173 2360 1240 Quot
2388 1182 2440 1229 et
2465 1189 2732 1246 quamam
2759 1177 2871 1230 sint
2901 1175 3110 1232 animae
3137 1176 3470 1246 facultates?

2027 1263 2250 1317 Anima:
2283 1262 2398 1318 alia
2425 1262 2673 1319 facultas
2695 1269 2783 1320 est
2805 1267 3152 1337 perceptrix,
3179 1282 3280 1337 per
3306 1281 3483 1337 quam
3514 1283 3609 1321 res
3639 1329 3642 1332 _

1957 1351 2232 1422 percipit;
2264 1351 2378 1407 alia
2408 1353 2664 1422 passiva,
2699 1370 2813 1424 qua
2845 1354 2931 1408 vel
2963 1359 3354 1426 congruenter
3386 1359 3607 1409 natura

1955 1457 2076 1496 sua:
2109 1440 2195 1496 vel
2228 1440 2550 1512 injucundo
2585 1444 2756 1498 modo
2787 1443 3073 1512 afficitur;
3106 1443 3220 1500 alia
3250 1444 3456 1516 activa,
3492 1461 3610 1516 qua

1957 1533 2166 1601 sponte
2199 1530 2383 1586 fertur
2412 1531 2481 1586 ad
2525 1531 2805 1588 actiones.
2841 1533 3058 1588 Harum
3105 1533 3449 1590 facultatum
3481 1534 3608 1590 alias

1956 1624 2095 1674 sunt
2128 1619 2404 1675 absoluta:
2435 1625 2492 1676 et
2522 1621 2593 1676 ad
2625 1623 2811 1677 solam
2847 1623 3141 1694 pertinent
3169 1623 3449 1694 animam,
3481 1623 3606 1678 alia:

1957 1707 2134 1764 etiam
2159 1709 2365 1764 animae
2388 1709 2602 1767 lucidis
2629 1710 2835 1766 insunt
2857 1713 3220 1784 corporibus,
3245 1711 3370 1768 alia:
3393 1712 3611 1784 pariter

1958 1796 2017 1852 in
2050 1797 2260 1868 spiritu
2293 1799 2584 1855 materiali
2615 1800 2896 1869 existunt,
2927 1807 3234 1874 postrema:
3270 1802 3609 1874 pertingant

1954 1886 2024 1940 ad
2060 1886 2248 1957 ipsam
2283 1892 2494 1944 testam
2542 1905 2722 1960 usque
2770 1891 2952 1946 crassi
3003 1891 3284 1964 corporis.
3318 1890 3606 1947 Omnibus

1953 1981 2150 2031 autem
2184 1975 2391 2031 anima:
2425 1977 2805 2035 facultatibus
2835 1981 3213 2052 superaddita
3239 1985 3328 2036 est
3359 1979 3606 2036 facultas

1956 2063 2350 2136 imaginatrix,
2372 2083 2498 2137 quas
2521 2066 2698 2122 veluti
2721 2069 2994 2139 exprimit
3026 2068 3155 2125 illas
3177 2086 3243 2124 ac
3275 2070 3608 2143 consignat,

1955 2157 2010 2208 et
2053 2154 2558 2224 praestantioribus
2591 2155 2906 2212 deteriores
2937 2161 2991 2212 et
3037 2158 3426 2216 deterioribus
3458 2177 3610 2233 prte-

1957 2243 2271 2298 stantiores
2297 2242 2551 2298 detineat
2583 2261 2647 2299 ac
2680 2245 2976 2302 describit.
3013 2246 3418 2319 Intelligibiles
3449 2249 3608 2305 enim

1958 2331 2268 2386 facultates
2295 2350 2423 2387 cum
2457 2333 2704 2404 efﬁngit,
2738 2333 3075 2405 cogitationi
3125 2335 3258 2392 illas
3300 2338 3609 2409 imprimit,

1957 2426 2015 2476 et
2053 2420 2310 2477 vicissim
2342 2438 2476 2477 cum
2509 2421 2778 2478 etl‘ormat
2804 2423 3210 2495 cogitationes,
3234 2427 3485 2499 imponit
3514 2443 3614 2484 eas

1961 2509 2167 2566 menti.

2458 2601 2548 2655 40.
2583 2600 2722 2668 Quid
2756 2604 2832 2656 est
2863 2605 3115 2658 natura?

2029 2688 2250 2744 Natura
2279 2693 2368 2744 est
2409 2689 2654 2745 facultas
2704 2707 2819 2746 non
2865 2690 3168 2747 oculorum
3199 2692 3615 2765 conspicienda

1957 2777 2102 2840 acie,
2134 2778 2237 2833 sed
2265 2790 2459 2835 mente
2491 2779 2964 2852 contemplanda,
2999 2781 3338 2853 corporibus
3369 2781 3613 2839 insemi-

1957 2874 2096 2923 nata
2126 2885 2158 2922 a
2188 2867 2326 2938 Deo,
2361 2873 2556 2924 motus
2601 2869 2938 2940 quietisque
2981 2870 3360 2942 principium.
3393 2871 3612 2928 Natura

1957 2956 2174 3029 quippe
2205 2963 2295 3012 est
2325 2975 2451 3027 qua:
2483 2973 2728 3028 corpora
2779 2959 3066 3014 naturalia
3119 2965 3331 3027 movet,
3364 2960 3609 3018 iterum-

1956 3043 2090 3116 que'
2124 3045 2261 3100 facit
2318 3045 2634 3116 quiescere.
2685 3046 2939 3119 Corpora
2996 3049 3155 3103 enim
3215 3049 3511 3121 quaslibet,
3548 3055 3612 3106 ut

1957 3134 2243 3190 elementa
2274 3141 2331 3190 et
2361 3152 2487 3206 qua:
2520 3152 2589 3190 ex
2620 3135 2712 3190 his
2735 3137 3060 3208 composita
3082 3143 3241 3207 sunt,
3265 3139 3400 3194 licet
3430 3157 3464 3194 a
3498 3142 3608 3196 Deo

197 3195 276 3202 -.η
333 3195 389 3200 -_
452 3195 510 3200 __-
893 3195 903 3214 ι
1005 3195 1014 3213 _
1146 3195 1158 3206 ,

194 3237 283 3302 τὴν
337 3235 558 3303 κίνησιν
607 3232 695 3288 καὶ
750 3231 850 3301 τὴν
905 3228 1140 3304 ἡσυχίαν
1199 3226 1336 3302 ἔχει,
1370 3224 1514 3281 ἀλλὰ
1554 3228 1838 3300 προσεχῶς

2023 3229 2184 3279 etum
2217 3229 2273 3280 et
2297 3223 2552 3297 quietem
2575 3224 2815 3292 habent,
2843 3230 3038 3281 tamen
3067 3226 3327 3297 proxime
3349 3245 3382 3283 a
3405 3234 3615 3284 natura

198 3325 293 3380 ὑπὸ
350 3324 567 3402 φύσεως
618 3326 868 3376 κινεῖται.
921 3315 1113 3373 Πολλᾶ
1147 3316 1242 3388 μὶν
1270 3314 1373 3390 γάρ
1409 3314 1509 3369 εἰσι
1542 3314 1609 3369 τὰ
1634 3317 1849 3370 κινοῦν-

194 3435 254 3468 τα
305 3414 374 3468 τὰ
443 3411 688 3485 σώματα,
723 3414 942 3483 πρῶτον
973 3409 999 3462 ὁ
1043 3407 1198 3475 Θεὸς,
1257 3405 1368 3460 εἶτα
1427 3406 1455 3460 ὁ
1496 3408 1643 3472 νοῦς,
1670 3403 1782 3458 εἶτα
1812 3405 1845 3472 ἡ

194 3505 362 3577 ψυχή,
390 3500 575 3560 Ἀλλὰ
601 3498 912 3556 τελευταῖον
949 3499 985 3566 ἡ
1046 3494 1221 3574 φύσις,
1273 3497 1389 3550 οἷον
1449 3488 1672 3569 ὄργανόν
1734 3491 1843 3547 ἐστι

193 3597 282 3646 τοῦ
335 3588 495 3648 Θεοῦ.
526 3590 632 3647 Τὸν
684 3589 778 3662 μὶν
838 3586 938 3663 γὰρ
971 3583 1250 3659 ἄνθρωπον
1283 3583 1373 3638 καὶ
1423 3583 1490 3638 τὰ
1531 3580 1704 3656 ἄλογα
1737 3585 1848 3650 ζῶα

194 3687 324 3736 κινεῖ
371 3681 464 3735 καὶ
514 3681 550 3749 ἡ
583 3678 738 3753 ψυχή
787 3676 875 3731 καὶ
921 3677 957 3745 ἡ
989 3672 1165 3752 φύσις.
1216 3674 1290 3727 Τὰ
1317 3670 1374 3727 δὲ
1407 3673 1633 3745 σώματα
1661 3670 1750 3725 καὶ
1779 3669 1846 3725 τὰ

196 3770 336 3826 ἁπλᾶ
375 3769 470 3824 καὶ
501 3768 570 3822 τὰ
616 3765 859 3833 σύνθετα,
914 3763 1050 3839 μόνη
1083 3763 1118 3832 ἡ
1152 3762 1308 3840 φῦσις
1336 3766 1495 3830 κινεῖ,
1527 3760 1616 3816 καὶ
1675 3757 1839 3815 πάλιν

197 3857 368 3930 ἵστησι
397 3865 500 3928 τῆς
531 3858 820 3927 κινήσεως.

200 3975 298 4039 μα’.
327 3967 421 4029 Τίς
449 3968 484 4034 ἡ
519 3962 780 4040 διαίρεσις
826 3966 934 4040 τῷν
981 3964 1180 4040 κοινῶν
1213 3958 1494 4034 ἐνεργειῶν
1527 3963 1627 4028 τῆς
1657 3960 1843 4032 ψυχῆς

777 4035 912 4107 πρὸς
942 4034 1005 4088 τὸ
1035 4037 1195 4106 σῶμα
1219 4051 1233 4101 ;

258 4129 379 4185 Τῶν
411 4125 694 4202 ἆνεργειῶν
749 4125 803 4178 αὶ
855 4123 950 4196 μὶν
1005 4122 1266 4198 ἄρχονται
1299 4118 1406 4174 ἀπὸ
1436 4121 1624 4194 ψυχῆς
1657 4112 1838 4191 ὥσπερ

192 4218 242 4272 αἱ
261 4216 545 4290 κρείττους
572 4215 661 4269 καὶ
695 4212 1054 4286 προέχουσαι,
1085 4209 1140 4264 αἱ
1189 4205 1247 4263 δὲ
1296 4207 1400 4262 ἀπὸ
1451 4209 1546 4260 τοῦ
1575 4207 1840 4278 ’τώματος

193 4307 571 4383 ἀνεγείρονται,
616 4301 742 4358 ὅταν
789 4298 922 4375 διψῇ
977 4299 1069 4373 μὲν
1122 4299 1342 4371 ἤπεινῇ
1385 4294 1420 4364 ἢ
1453 4294 1600 4371 ριγῇ,
1695 4315 1841 4357 τινος

193 4395 361 4452 ἄλλου
414 4391 670 4449 τοιούτου
701 4388 884 4462 δέηται
909 4391 945 4458 ἡ
992 4389 1145 4462 ψυχὴ
1179 4383 1235 4442 δὲ
1262 4386 1324 4441 τὸ
1382 4383 1618 4448 ἐντεῦθεν
1675 4383 1840 4460 πορί-

194 4491 274 4554 ζοι
323 4485 397 4540 τὰ
447 4480 766 4538 ἐλλείποντα
817 4483 898 4551 τῷ
935 4479 1170 4551 σώματι.
1203 4473 1375 4532 ΙΙᾶλιν
1410 4473 1586 4530 τοίνυν
1615 4473 1681 4528 τὰ
1743 4473 1839 4546 μὶν

1962 3317 2287 3368 moventur.
2329 3311 2500 3367 Plura
2547 3313 2702 3368 enim
2756 3319 2896 3368 sunt
2926 3332 3052 3385 qua:
3085 3331 3298 3388 corpus
3331 3322 3565 3373 movent
3598 3334 3612 3375 :

1959 3403 2112 3458 Deus
2145 3403 2427 3475 primum,
2462 3407 2587 3457 tum
2635 3419 2823 3469 mens,
2858 3403 3068 3459 deinde
3117 3405 3334 3476 anima,
3367 3406 3618 3476 denique

1960 3497 2172 3547 natura
2242 3497 2522 3563 tanquam
2582 3492 2682 3546 Dei
2756 3491 3240 3550 instrumentum.
3302 3495 3612 3552 Hominem

1956 3580 2169 3636 etenim
2196 3585 2252 3635 et
2279 3581 2483 3635 brutas
2507 3580 2834 3636 animantes
2861 3582 3057 3636 anima
3078 3588 3134 3638 et
3157 3588 3366 3639 natura
3396 3589 3616 3640 movet.

1955 3669 2209 3742 Corpora
2241 3675 2362 3725 tum
2395 3667 2690 3741 simplicia
2733 3677 2859 3725 tum
2915 3670 3241 3743 composita
3274 3689 3307 3727 a
3339 3672 3463 3729 sola
3497 3690 3623 3731 me-

1951 3763 2160 3816 ventur
2190 3762 2426 3830 natura,
2449 3774 2577 3831 quas
2610 3759 2823 3815 iterum
2852 3776 3090 3832 quoque
3122 3765 3348 3818 motum
3383 3779 3626 3820 eorum-

1952 3851 2083 3906 dem
2112 3848 2292 3906 sistit.

1987 3958 2076 4014 41.
2109 3957 2386 4026 Quomodo
2416 3957 2839 4028 distinguuntur
2877 3973 3196 4015 commune:
3247 3963 3592 4029 operatione:

2475 4031 2684 4086 anime
2713 4033 2762 4084 et
2792 4031 3036 4100 corporis
3061 4035 3079 4084 !

2021 4117 2439 4190 Operationum
2473 4116 2598 4174 aliae
2631 4117 2988 4191 principium
3030 4119 3252 4176 habent
3284 4120 3357 4176 at»
3388 4121 3588 4178 anima

1952 4211 2016 4262 ut
2047 4207 2302 4278 potiores
2332 4210 2388 4262 et
2427 4206 2863 4278 praestantiorcs
2893 4225 2904 4263 :
2939 4207 3064 4263 aliae
3123 4227 3156 4263 a
3187 4225 3427 4282 corpore
3459 4209 3614 4266 exci-

1952 4299 2172 4364 tantur,
2207 4295 2444 4367 quando
2477 4294 2624 4362 sitit,
2659 4295 2743 4351 vel
2791 4297 2976 4352 esurit
3009 4302 3110 4352 aut
3143 4298 3335 4369 friget,
3371 4304 3472 4354 aut
3501 4298 3619 4355 alia

1952 4384 2245 4456 ejusmodi
2287 4401 2346 4438 re
2400 4384 2642 4456 indiget,
2679 4385 2833 4441 unde
2885 4385 3086 4442 anima
3139 4386 3254 4459 ipsi
3285 4387 3620 4445 desiderata

1952 4473 2313 4546 suppeditat.
2334 4471 2612 4529 Vicissim
2636 4490 2848 4546 corpus
2875 4476 3180 4536 passiones
3207 4477 3385 4532 sentit
3406 4477 3619 4534 animas

191 4571 283 4627 τοῦ
342 4569 605 4644 σώματός
664 4567 777 4624 ἐστι
834 4568 1130 4638 παθήματα
1188 4561 1258 4618 δι’
1309 4562 1502 4633 αὐτὴν,
1544 4561 1725 4637 ὥσπερ
1780 4561 1838 4616 τὸ

2019 4581 2152 4630 usa,
2186 4567 2250 4618 ut
2299 4563 2611 4633 erubescit,
2646 4564 2880 4636 quando
2912 4564 3114 4620 anima
3167 4565 3390 4638 aliquid
3447 4573 3620 4638 turpe

193 4661 468 4737 ἀρυοριᾷν,
526 4657 665 4714 διότι
711 4659 746 4726 ἡ
796 4656 948 4731 ψυχὴ
980 4651 1209 4728 αἰσχρόν
1237 4673 1288 4707 τι
1338 4648 1532 4726 ἔκρινε.
1565 4653 1641 4706 Τὰ
1665 4647 1723 4706 δὶ
1748 4657 1846 4719 τῆς

193 4756 375 4826 ψυχῆς
414 4747 504 4804 διὰ
532 4748 596 4802 τὸ
629 4751 810 4818 σῶμα,
865 4743 1047 4818 ὥσπερ
1093 4742 1148 4796 αἱ
1178 4737 1376 4811 ἡδοναὶ
1432 4739 1520 4794 καὶ
1576 4741 1630 4794 αἱ
1680 4738 1848 4826 ldum,

193 4823 411 4909 Sta-15W
439 4837 535 4893 τοῦ
565 4837 818 4908 σώματος
845 4833 1048 4909 γὲνεσιν
1091 4831 1215 4905 περὶ
1249 4831 1348 4898 τὴν
1396 4831 1581 4904 ψυχὴν
1635 4823 1846 4883 διαϐαί-

190 4950 393 4984 νουσιν.
426 4927 507 4982 Τὰ
537 4922 594 4980 δὶ
641 4923 755 4978 ἐπεὶ
805 4925 1057 4977 κοινωνεῖ
1107 4919 1158 4990 ἐξ
1214 4916 1357 4988 ἴσου,
1418 4917 1599 4994 ὥσπερ
1631 4914 1698 4986 δὴ
1757 4916 1847 4972 καὶ

187 5019 247 5073 τὸ
272 5017 535 5097 τέρεσθαι
580 5014 717 5068 κατὰ
769 5011 960 5067 τόπον.
991 5009 1076 5097 Τὸ⁸
1115 5009 1209 5082 μὶν
1237 5007 1338 5082 γὰρ
1401 5002 1700 5097 διαμείϐειν
1759 5003 1850 5097 τό-

187 5094 294 5162 πον-
318 5103 467 5162 ἴδιόν
498 5103 610 5158 ἐστι
643 5101 915 5173 σώματος’
946 5099 1008 5154 τὸ
1059 5094 1116 5152 δὶ
1157 5101 1327 5152 κινεῖν
1358 5096 1492 5150 κατᾶ
1521 5098 1619 5166 τήν
1653 5095 1851 5172 φορὰν,

188 5200 340 5272 ψυχῇ
353 5218 378 5257 ς
409 5194 646 5268 ὑπάρχει
680 5188 946 5266 ἰνὲργεια.

258 5303 375 5378 μβ’.
415 5299 555 5355 Πότε
585 5298 621 5367 ἠ
652 5297 805 5371 ψυχὴ
837 5299 915 5368 τῷ
964 5292 1249 5367 κυουμένῳ
1281 5291 1495 5348 ἑνοῦται
1528 5291 1776 5365 σώματι;

255 5394 320 5448 Ὁ
386 5391 483 5462 μὲν
536 5388 635 5456 τήν
699 5382 989 5458 Θεολογίαν
1055 5383 1216 5457 μέγας
1277 5383 1586 5458 ι’ρηγόριος
1643 5381 1852 5458 ἀσαφής

186 5482 262 5536 ἰτι
317 5480 452 5554 περὶ
509 5480 670 5530 τοῦτο
719 5474 782 5528 τὸ
840 5473 1028 5546 μὶρος,
1087 5470 1178 5526 καὶ
1233 5469 1331 5526 οὐκ
1361 5469 1420 5524 ἂν
1455 5467 1653 5546 ῥᾳδίως
1689 5469 1850 5524 αὐτὸν

185 5572 372 5646 εὕροις
437 5565 607 5639 ταύτῃ
660 5563 696 5633 ἢ
747 5561 922 5636 ἐκείνῃ
968 5560 1357 5638 προσκείμενον
1407 5564 1515 5615 τῶν
1564 5557 1757 5632 δοξῶν.
1790 5559 1852 5618 Ὀ

188 5659 244 5717 ελ
304 5659 465 5725 octo:
543 5651 847 5732 Γρηγόριος
901 5652 930 5707 ὁ
979 5649 1220 5713 Noomin;
1278 5648 1367 5704 καὶ
1432 5651 1460 5705 ὁ
1520 5647 1694 5712 πολὺς
1749 5648 1850 5718 τὴν

525 5785 788 5848 Ρλτιιοι..
835 5781 948 5844 Gs.
993 5778 1227 5844 CXXII.
1279 5851 1282 5854 ν

1953 4652 2262 4724 judicavit.
2299 4652 2506 4708 Anima
2536 4651 2740 4708 itidem
2792 4653 3050 4708 afﬁcitur
3097 4659 3331 4725 propter
3377 4672 3614 4727 corpus,

1959 4743 2157 4813 itaque
2187 4740 2522 4814 voluptates
2555 4759 2618 4797 ac
2651 4739 2881 4798 dolores
2912 4758 2980 4796 ex
3002 4745 3261 4814 corporis
3285 4743 3616 4799 conditione

1959 4831 2020 4886 in
2066 4831 2321 4886 animam
2376 4834 2706 4901 penetrant.
2744 4832 2819 4886 De
2869 4831 3000 4887 aliis
3051 4832 3490 4904 Operationibus
3549 4850 3616 4888 ex

1962 4935 2130 4990 aequo
2180 4920 2536 4991 participant
2588 4925 2854 4991 utraque,
2889 4924 2950 4974 ut
2990 4922 3226 4991 quando
3275 4922 3345 4976 de
3399 4921 3524 4978 loco
3557 4923 3617 4978 in

1962 5009 2154 5064 locum
2188 5008 2364 5064 homo
2397 5015 2680 5064 movetur.
2710 5009 2854 5064 Nam
2892 5017 3118 5065 mutare
3150 5010 3364 5077 locum,
3390 5013 3617 5084 corpori

1965 5097 2265 5170 proprium
2298 5104 2405 5166 est,
2441 5098 2541 5152 sed
2587 5115 2817 5154 movere
2852 5105 2908 5154 et
2942 5099 3260 5172 impellere,
3297 5101 3505 5156 anima:
3532 5108 3619 5157 est

1962 5187 2246 5258 operatio.

2104 5294 2191 5348 42.
2227 5294 2452 5361 Quando
2485 5296 2675 5350 anima
2723 5299 2972 5353 nascenti
3001 5299 3218 5367 corpori
3245 5301 3480 5353 unitur?

2035 5383 2288 5453 Magnus
2336 5382 2665 5456 Theologus
2701 5385 3018 5457 Gregorius
3052 5387 3158 5442 hac
3211 5389 3270 5441 in
3322 5396 3484 5460 parte
3516 5389 3620 5444 ob-

1963 5489 2173 5528 scurus
2205 5477 2314 5540 est,
2347 5490 2452 5528 nec
2500 5473 2667 5530 facile
2718 5492 2852 5530 cum
2902 5477 3312 5548 deprehendas
3363 5479 3500 5533 huic
3533 5489 3617 5543 vel

1963 5561 2047 5616 illi
2079 5561 2338 5633 opinioni
2384 5563 2701 5619 adhaerere.
2730 5566 2801 5619 At
2845 5565 3002 5620 enim
3036 5566 3271 5622 divinus
3305 5567 3617 5638 Gregorius

1963 5650 2284 5723 Nyssenus,
2316 5656 2370 5706 et
2420 5651 2710 5708 Maximus
2762 5654 3010 5725 insignis
3057 5655 3151 5710 ille
3202 5657 3498 5712 confessor
3549 5672 3617 5712 ao

3215 5784 3294 5840 23
