4042 6198
386 311 457 370 Ἠ
470 316 503 370 5

1727 303 2148 365 MICHAELIS
2196 300 2462 365 PSELLI

3684 312 3812 372 716

388 439 779 515 philosophus
810 440 1067 496 animam
1091 455 1199 496 nec
1227 438 1616 511 antiquiorem
1645 453 1906 511 corpore,
1938 453 2017 494 ne

2155 432 2460 511 ὁμολογίαν
2494 434 2584 490 καὶ
2614 436 2713 505 τὴν
2746 432 3069 516 φιλοσοφίαν
3111 435 3362 511 Μάξιμος
3409 436 3533 495 οὔτε
3574 436 3819 516 πρεσϐυο

388 530 780 604 postgenitam
829 534 1118 601 statuunt,
1151 530 1253 586 sed
1306 528 1484 585 simul
1531 543 1667 584 cum
1721 527 2044 599 dejectione

388 621 634 677 seminis
677 621 749 676 ad
799 620 1058 677 animam
1107 618 1547 692 suscipiendam
1599 616 1740 691 apti,
1772 618 2043 674 eamdem

387 710 715 767 subsistere
737 709 1451 766 afﬁrmant.Ethnicorum
1475 711 1666 764 autem
1691 707 1888 764 eximii
1911 711 2044 780 post

384 800 706 873 perfectum
741 799 1004 856 naturale
1032 799 1494 855 instrumentum
1527 798 1646 854 sive
1670 814 1884 870 corpus
1914 813 2043 869 pro-

385 894 766 962 gnatumque,
791 889 1051 944 animam
1077 887 1160 943 illi
1181 888 1348 944 aiunt
1369 886 1721 961 ingenerari.
1742 888 1811 942 Et
1831 903 2039 959 quam-

386 978 489 1034 diu
522 977 672 1035 uteri
702 977 938 1050 quidem
989 977 1179 1034 adhuc
1213 977 1511 1033 radicibus
1558 976 1798 1049 embryo
1829 975 2040 1032 afﬁxus

387 1068 583 1137 haaret,
617 1066 942 1124 naturalem
987 1066 1072 1122 illi
1103 1066 1362 1123 animam
1396 1066 1686 1137 tribuunt,
1719 1066 2039 1139 egredienti

384 1161 583 1213 autem
637 1156 1004 1228 rationalem,
1037 1160 1095 1213 et
1124 1157 1475 1229 procedente
1506 1161 1769 1230 tempore
1819 1155 2038 1212 intelli-

382 1250 640 1320 gentem.

648 1355 739 1410 43.
775 1356 1048 1424 Quomodo
1079 1356 1271 1411 anima
1297 1357 1494 1411 unitur
1517 1356 1779 1427 corpori?

448 1444 722 1501 Insinuat
751 1461 814 1502 se
843 1446 1074 1519 corpori
1106 1445 1304 1502 anima
1346 1446 1499 1503 sicut
1546 1445 1633 1502 sol
1682 1446 1879 1503 oriens
1911 1461 2034 1502 mo-

380 1538 580 1591 mento
632 1534 831 1591 omnia
876 1535 1007 1592 luce
1055 1535 1356 1607 complet:
1400 1552 1538 1591 nam
1592 1537 1675 1592 sic
1723 1539 1781 1592 et
1835 1534 2036 1591 anima

380 1640 596 1696 corpus
628 1624 828 1681 statim
882 1623 1149 1681 accendit
1195 1626 1265 1681 ad
1313 1627 1492 1681 vitam
1526 1629 1581 1681 et
1610 1624 1883 1695 vivificat,
1917 1641 2032 1697 quo

380 1712 510 1784 ipso
538 1719 595 1769 et
623 1713 770 1770 illud
801 1701 1050 1788 indiget,
1083 1719 1148 1770 ut
1176 1730 1311 1770 cum
1342 1732 1410 1771 ea
1441 1714 1596 1771 uniri
1629 1704 1834 1788 possit.
1868 1714 2033 1772 Sicut

2150 522 2307 601 τὲραν
2337 526 2435 594 τήν
2463 527 2649 601 ψυχὴν
2679 530 2775 582 τοῦ
2830 527 3107 600 σώματος,
3167 524 3292 582 οὔτε
3353 532 3815 607 μεταιίενεστὲραν

2150 616 2426 687 τιθὲασιν,
2486 613 2612 670 ἀλλ’
2671 616 2810 688 ὁμοῦ
2867 620 2936 691 τῇ
2992 611 3275 692 καταϐολῇ
3332 622 3429 673 τοῦ
3488 619 3812 695 σπέρματος

2151 700 2463 774 ἐπιτηδείου
2512 704 2648 779 πρὸς
2678 702 2961 782 ὑποδοχὴν
3007 709 3195 782 ψυχῆς
3245 708 3640 783 τυγχάνοντος,
3673 709 3815 764 ταύ-

2148 813 2249 863 την
2309 793 2676 871 ὑφιστάνουσι.
2737 797 2856 853 Τῶν
2917 793 2975 851 δὶ
3041 793 3326 868 Ἑλλήνων
3379 797 3429 852 οἱ
3484 798 3809 875 πρόκριτοι,

2153 882 2288 956 μετά
2340 885 2438 954 τήν
2498 884 2781 940 τελείωσιν
2837 889 2934 940 τοῦ
2992 890 3223 961 φυσικοῦ
3282 887 3510 964 ὀργάνου
3566 889 3661 943 καὶ
3701 889 3811 958 τήν

2149 971 2451 1043 ἀποκύησιν
2506 973 2724 1046 τούτου,
2785 973 3123 1051 ξνσπείρουσι
3176 976 3375 1047 ταύτην
3426 981 3506 1051 τῷ
3553 976 3806 1052 σώματι,

2147 1059 2294 1131 πλὴν
2345 1060 2433 1117 ὅτε
2485 1062 2580 1136 μὲν
2639 1057 2832 1119 ἔσωθεν
2879 1062 2916 1138 ᾗ
2943 1063 3405 1142 κατεῤῥιζωμὲνον
3435 1066 3497 1120 τὸ
3527 1061 3805 1140 ἔμϐρυον,

2147 1150 2244 1219 τήν
2274 1152 2507 1227 φυσικὴν
2538 1153 2722 1228 ψυχήν
2755 1151 2932 1226 τούτῳ
2984 1150 3245 1224 διδόασιν,
3276 1153 3545 1225 ἐξελθόντι
3588 1152 3649 1211 δὲ
3698 1157 3805 1225 τὴν

2148 1237 2400 1316 λογικὴν,
2429 1239 2520 1296 καὶ
2552 1242 2800 1318 προϊόντι
2829 1241 2929 1311 τὴν
2955 1239 3163 1319 νοεράνε

2387 1348 2493 1422 pf.
2529 1352 2654 1411 ιιῶς
2684 1346 2895 1403 ἑνοῦται
2929 1352 3007 1421 τῷ
3037 1349 3248 1422 σώματι
3279 1350 3314 1420 ἧ
3526 1370 3540 1420 ἶ

2216 1435 2551 1511 Εἶσκρίνεται
2606 1440 2688 1509 τῷ
2740 1438 2951 1511 σώματι
2998 1439 3036 1508 ἡ
3082 1438 3235 1514 ψυχὴ
3268 1438 3448 1515 ὥσπερ
3476 1438 3515 1509 ἢ
3546 1438 3802 1509 ἀνατολή

2141 1529 2239 1580 τοῦ
2288 1523 2455 1596 ἡλίου
2508 1524 2681 1581 πάντα
2729 1526 2973 1601 ἀνθρόως
3024 1525 3380 1602 ἐμπίμπλησι
3436 1533 3532 1584 τοῦ
3585 1529 3799 1605 φωτός.

2145 1614 2245 1672 Καὶ
2302 1615 2403 1692 γὰρ
2450 1615 2539 1670 καὶ
2570 1616 2709 1687 αύτὴ
2763 1614 2975 1691 ἀθρόως
3008 1615 3218 1690 ἐξάπτει
3270 1618 3334 1673 τὸ
3391 1622 3549 1692 σῶμα
3579 1618 3658 1681 είς
3690 1620 3798 1688 τὴν

2143 1705 2310 1775 ζωὴν,
2369 1704 2457 1760 καὶ
2522 1710 2802 1778 ζωοποιεῖ,
2851 1709 3014 1761 τοῦτο
3074 1703 3399 1778 ἑπιτηδείως
3454 1702 3583 1784 ἔχον
3652 1709 3800 1782 πρὸς

382 1818 555 1874 porro
585 1803 766 1871 nervi,
798 1802 1034 1876 longius
1078 1803 1311 1861 etiamsi
1362 1806 1602 1873 absunt,
1634 1822 1753 1862 una
1798 1821 2017 1862 moven-

2137 1794 2236 1863 τὴν
2295 1789 2480 1849 ἕνωσιν
2538 1794 2759 1866 ταύτης.
2810 1796 3011 1867 Ὥσπερ
3072 1794 3161 1850 οὖν
3191 1796 3245 1851 αἱ
3299 1796 3479 1871 νευραὶ
3510 1797 3564 1850 αἱ
3590 1817 3795 1875 cump-

381 1894 501 1962 tur,
553 1896 612 1947 et
658 1892 813 1948 sicut
858 1892 1092 1965 Naphta
1144 1909 1323 1964 quam
1381 1899 1591 1950 vocant
1645 1893 2032 1951 transilientis

371 1979 529 2053 ignis
572 1981 692 2037 vim
745 1982 1020 2054 concipit,
1057 1983 1249 2038 medio
1280 2000 1409 2040 aere
1468 2000 1584 2040 non
1643 1983 2028 2056 inﬂammato,

370 2070 456 2125 sic
486 2074 544 2125 et
575 2086 789 2143 corpus
820 2071 892 2126 ab
924 2073 1123 2128 anima
1166 2076 1356 2128 totum
1401 2073 1598 2129 statim
1632 2071 2025 2141 illuminatur,

370 2175 559 2232 neque
586 2165 812 2232 oportet
840 2162 1217 2219 indivisibilis
1237 2163 1368 2221 vitae
1390 2167 1446 2220 et
1476 2164 1772 2220 facultatis
1805 2164 2023 2220 divisas

364 2246 828 2306 illuminationes
850 2250 936 2307 vel
965 2251 1444 2324 participationes
1470 2252 1854 2309 comminisci.
1875 2254 2021 2309 Con-

366 2338 503 2394 ferri
534 2344 730 2395 autem
757 2340 879 2395 haec
908 2345 1100 2412 potest
1128 2356 1264 2397 cum
1290 2342 1736 2418 participatione
1757 2344 1833 2415 (6)
1866 2343 2019 2399 entis

365 2443 493 2498 quae
536 2428 595 2483 in
644 2444 705 2484 re
762 2428 919 2485 ﬂuxa
974 2430 1343 2489 observatur.
1376 2433 1884 2498 Quemadmodum
1936 2431 2018 2488 rei

364 2517 533 2573 ﬂuxas
563 2518 721 2574 enim
753 2534 859 2575 ens
908 2520 1077 2576 adest
1108 2520 1237 2576 sine
1266 2524 1550 2593 tempore,
1584 2522 1669 2577 sic
1716 2525 1770 2578 et
1820 2521 2019 2579 anima

364 2605 490 2662 sine
516 2611 780 2680 tempore
804 2608 971 2664 adest
1000 2609 1251 2681 corpori.

2145 1884 2411 1957 μοσμέναι
2457 1884 2546 1939 καὶ
2584 1883 2630 1939 εἰ
2684 1882 2873 1961 πόρῥω
2927 1882 3152 1961 τύχοιεν
3182 1885 3357 1957 οὖσαι,
3386 1890 3792 1960 συγκινοῦνται·

2141 1972 2230 2028 καὶ
2270 1974 2297 2027 ὁ
2344 1972 2683 2046 καλούμενος
2710 1974 2847 2051 φθὰς
2873 1971 3090 2049 δέχεται
3145 1978 3241 2030 τοῦ
3296 1974 3467 2045 πυρὸς
3493 1976 3594 2045 τήν
3624 1972 3793 2030 δύνα-

2143 2084 2232 2136 μιν
2264 2067 2361 2118 τοῦ
2390 2062 2585 2136 μεταξὺ
2616 2065 2771 2140 ἀέρος
2812 2064 2887 2137 μὴ
2926 2063 3291 2141 πυρουμὲνου,
3326 2063 3467 2119 οὕτω
3498 2061 3565 2134 δὴ
3598 2065 3689 2120 καὶ
3723 2065 3791 2121 τὸ

2137 2156 2296 2225 σῶμα
2348 2152 2560 2228 ἀθρόως
2617 2151 2954 2226 ἐλλάμπεται
3016 2154 3117 2208 ὑπὸ
3171 2160 3271 2224 τῆς
3327 2158 3535 2230 ψυχῆς,
3581 2156 3672 2209 καὶ
3723 2155 3790 2210 οὗ

2133 2238 2214 2296 δεῖ
2268 2249 2369 2312 τῆς
2422 2242 2715 2317 ἀμερίστου
2771 2247 2915 2313 ζωῆς
2969 2242 3060 2297 καὶ
3119 2241 3400 2317 δυνάμεως
3440 2241 3793 2319 διῃρημένας

2130 2329 2362 2386 ἐπινοεῖν
2393 2331 2489 2394 τὰς
2513 2330 2840 2406 ἐλλάμψεις,
2871 2332 3021 2404 ἢτάς
3054 2332 3708 2409 μετοχάς.Ἀπεικαστέον
3729 2332 3793 2391 δὶ

2129 2419 2297 2489 αὐτὴν
2315 2423 2384 2495 τῇ
2414 2424 2509 2475 τοῦ
2541 2416 2695 2483 ὄντος
2731 2426 2944 2499 μετοχῇ
2997 2422 3072 2485 εἰς
3098 2422 3162 2478 τὸ
3206 2423 3517 2498 γινόμενον.
3570 2426 3789 2499 Ὠσπερ

2125 2510 2226 2585 γὰρ
2255 2510 2318 2564 τὸ
2349 2507 2407 2564 ὅν
2436 2508 2690 2585 ἀχρύνως
2725 2514 2805 2582 τῷ
2850 2511 3125 2587 γινομὲ·.ῳ
3161 2510 3432 2587 πάρεστιν,
3464 2511 3642 2576 οὕτως
3687 2513 3786 2567 καὶ

2127 2598 2266 2668 αὐτὴ
2298 2597 2550 2675 ἀχρόνως
2580 2597 2802 2674 πάρεστι
2831 2603 2911 2672 τῷ
2941 2600 3176 2674 σώματι.
3231 2631 3241 2640 -

2586 2702 2692 2780 μδ’.
2725 2706 2857 2783 Περὶ
2887 2705 3091 2784 ἀλόγου
3121 2710 3331 2784 ψυχῆς.

2198 2795 2284 2851 Ἐν
2337 2794 2587 2872 τέσσαρσι
2635 2795 2851 2860 τούτοις
2895 2796 3022 2871 παρ’
3078 2796 3344 2868 Ἕλλησιν
3378 2798 3431 2852 οἱ
3480 2796 3783 2877 φιλοσοφί-

2126 2905 2308 2948 σαντες
2356 2886 2454 2954 τὴν
2504 2882 2701 2960 ἄλογον
2751 2886 2936 2962 ψυχὴν
2990 2884 3361 2965 ἀφορίζουσιν
3410 2885 3462 2940 ἐν
3492 2889 3560 2961 τῇ
3617 2886 3783 2962 ὀρεκ-

361 2996 569 3037 sumus
601 2997 668 3037 ac
693 2979 910 3038 doloris
944 2981 1293 3054 participes;
1327 2980 1601 3053 opinione
1632 2999 1759 3054 quas
1791 2983 2014 3041 medias

2131 2977 2270 3048 τικῇ,
2328 2975 2448 3029 καθ’
2499 2975 2560 3043 ἦν
2608 2969 2815 3045 ἡδονῆς
2859 2973 2950 3029 καὶ
3000 2972 3180 3046 λύπης
3232 2972 3648 3051 μετέχομε,,.έν
3700 2980 3780 3052 τῇ

360 3069 631 3142 designat
668 3070 925 3126 rationes
974 3071 1127 3126 inter
1173 3070 1399 3143 species
1447 3069 1718 3138 sensiles,
1749 3076 1806 3127 et
1834 3089 2013 3144 puras

2131 3059 2436 3138 δοξαστικῇ,
2483 3062 2605 3132 ἥτις
2632 3062 2757 3126 τοὺς
2807 3062 3005 3137 μέσους
3043 3062 3241 3141 λόγους
3284 3062 3375 3119 καὶ
3410 3064 3607 3138 μεταξὺ
3656 3070 3775 3121 τῶν

360 3160 535 3230 atque
567 3175 601 3213 ο.
630 3158 874 3214 materia
903 3159 1229 3215 abstractas
1262 3159 1517 3216 rationes
1551 3176 1565 3215 :
1600 3159 1889 3216 sentiendi
1924 3164 2004 3218 fa-

2131 3151 2393 3224 κίσοητῶν
2448 3150 2605 3208 εἰδῶν
2633 3156 2860 3208 καὶτῶν
2907 3150 3088 3209 ἂύλων
3136 3152 3227 3209 καὶ
3275 3154 3523 3228 καθαρῶν
3583 3152 3780 3230 λόγων

356 3246 595 3318 cultate,
645 3265 770 3319 quas
827 3248 1083 3305 externis
1139 3247 1449 3321 speciebus
1506 3248 1891 3321 assimilatur,
1938 3267 2004 3307 ac

2131 3241 2441 3319 ἀφώρισται·
2502 3240 2554 3296 ἐν
2608 3246 2676 3317 τῇ
2735 3241 3065 3317 αίσθητικῇ,
3122 3240 3247 3312 ἥτις
3294 3244 3430 3318 πρὸς
3493 3243 3564 3298 ri
3616 3243 3783 3309 ἒκτὸς

358 3336 657 3409 przssentii
683 3340 942 3405 externa,
978 3337 1339 3395 salutariane
1395 3338 1516 3394 sint
1566 3356 1640 3395 an
1698 3339 1946 3395 exitiosa
1988 3356 2002 3396 :

2131 3327 2233 3401 ιίδη
2266 3330 2572 3404 ὡμοίωται,
2613 3330 2702 3386 καὶ
2747 3330 3159 3409 προαισθάνεται
3204 3330 3271 3387 τὰ
3300 3324 3523 3403 ἔξσωθεν
3578 3335 3771 3405 σωτή-

353 3431 567 3482 natura
595 3427 868 3499 denique,
904 3446 1030 3500 qua:
1070 3427 1301 3500 prOprie
1331 3431 1421 3483 est
1449 3444 1628 3484 causa
1674 3429 2006 3499 generatio-

2131 3439 2207 3474 >ια
2268 3421 2356 3475 καὶ
2420 3416 2677 3495 ὀλέθρια·
2729 3419 2779 3475 ἐν
2836 3424 2905 3486 τῇ
2951 3424 3172 3499 φυσικῇ,
3221 3420 3344 3490 ⁴ἥτις
3400 3417 3510 3476 ἔστι
3562 3421 3781 3497 κυρίως

354 3515 445 3572 nis
493 3519 551 3571 et
608 3517 868 3588 proxime
922 3517 1269 3588 corporibus
1321 3517 1598 3587 adhaeret,
1649 3525 2005 3591 generatque

2131 3511 2527 3586 (ενεσιουργὸς,
2582 3508 2673 3565 καὶ
2732 3509 3101 3585 συμπλέκεται
3157 3513 3447 3586 προσεχῶς
3493 3516 3614 3573 τοῖς
3660 3511 3776 3565 σώ-

348 3603 451 3659 illa
496 3608 553 3660 et
601 3605 738 3661 facit
786 3610 851 3660 ut
897 3610 1184 3671 crescant,
1217 3606 1623 3678 gubernatque
1670 3624 1737 3662 ac
1781 3607 2001 3680 dirigit.

2131 3619 2266 3667 ιασι,
2352 3604 2598 3675 γεννᾶται
2656 3600 2793 3655 αὐτὰ
2865 3598 2955 3655 καὶ
3039 3596 3183 3671 αὔξει
3250 3600 3340 3655 καὶ
3420 3597 3624 3655 διοικεῖ
3668 3602 3771 3656 καὶ

348 3692 452 3748 His
500 3698 750 3764 quatuor
807 3695 982 3750 rebus
1032 3693 1301 3751 nonnulli
1361 3694 1845 3766 philosophorum
1906 3714 2003 3754 es-

2131 3687 2442 3743 ιατευῦύνει.
2492 3690 2582 3744 Ἐκ
2611 3689 2817 3744 τούτων
2848 3686 2914 3758 δὴ
2963 3693 3070 3744 τῶν
3120 3700 3390 3764 τεσσάρων
3422 3691 3520 3760 τήν
3556 3688 3766 3768 ἄλογον

347 3781 597 3836 sentiam
629 3782 841 3838 animm
889 3783 1312 3839 irrationabilis
1343 3784 1663 3839 consistere
1711 3789 1999 3854 statuunt,

2131 3779 2294 3853 μυχήν
2370 3773 2503 3832 ἔνιοι
2573 3782 2679 3833 τῶν
2766 3777 3083 3857 φιλοσόφων
3156 3778 3511 3843 οὖσιώσαντες
3581 3778 3767 3856 ἐγκενο

347 3887 413 3926 ac
453 3870 629 3926 veluti
678 3871 988 3927 insititiam
1038 3888 1167 3927 esse
1217 3872 1487 3928 rationali
1536 3873 1745 3929 animas
1794 3892 1999 3948 corpo-

2131 3868 2379 3942 τρίζουσιν
2413 3867 2525 3921 οἷον
2577 3870 2646 3940 τῇ
2679 3865 2876 3943 λογικῇ
2905 3865 3079 3943 ψυχῇ,
3136 3866 3228 3922 καὶ
3280 3871 3360 3941 τῷ
3390 3870 3607 3941 σώματι
3643 3889 3765 3923 συν-

344 3959 507 4030 rique
555 3958 734 4015 simul
794 3960 1098 4016 inductam
1152 3976 1166 4015 :
1215 3960 1352 4015 huic
1402 3977 1637 4033 quoque
1695 3965 1998 4021 irrationa-

2138 3958 2386 4033 ισάγουσι
2422 4002 2434 4015 .
2491 3957 2597 4027 Τὴν
2658 3954 2715 4012 δὲ
2782 3955 2987 4034 ἄλογον
3044 3956 3353 4031 οἰκονομεῖν
3406 3958 3471 4013 τὰ
3525 3958 3761 4032 σώματα

341 4048 446 4103 bili
476 4047 686 4105 animo)
738 4048 1061 4122 injungunt
1110 4065 1327 4107 munus
1376 4051 1833 4110 administrandi
1867 4071 1997 4112 cor-

2136 4046 2503 4123 πιτρέπουσιν.

339 4152 520 4208 poris.

468 4245 556 4301 45.
590 4246 733 4314 Quid
760 4247 1013 4304 voluntas
1043 4250 1095 4302 et
1125 4249 1485 4305 ratiocinium
1511 4252 1871 4321 praclicum?

404 4350 687 4408 Voluntas
717 4353 789 4409 ad
826 4352 1330 4411 ratiocinatoriam
1363 4355 1572 4412 anima)
1604 4363 1830 4429 partem
1864 4374 1990 4429 per-

2144 4356 2230 4405 νιΗ
2263 4348 2530 4426 βούλησις
2581 4349 2705 4426 περὶ
2758 4348 2821 4404 τὸ
2874 4345 3183 4423 λογιστικὸν
3237 4349 3427 4425 μόριον
3479 4349 3593 4406 ἐστὶ
3653 4358 3762 4422 τῆς

328 4439 498 4507 tinet,
530 4445 723 4498 movet
751 4442 909 4499 enim
959 4443 1284 4515 appetitum
1336 4444 1396 4500 in
1448 4462 1571 4505 rem
1620 4447 1983 4503 desiderabi-

2131 4442 2306 4516 ιυχῆς.
2368 4444 2515 4495 Κινεῖ
2572 4438 2666 4513 μὲν
2714 4437 2814 4514 γὰρ
2874 4438 2975 4508 τὴν
3033 4432 3205 4512 ὄρεξιν
3259 4438 3396 4513 πρὸς
3446 4438 3511 4493 τὸ
3562 4439 3761 4517 ἐφετὸν

329 4529 468 4599 lem,
519 4548 700 4603 quam
750 4532 887 4605 quia
942 4550 1058 4590 non
1108 4533 1235 4589 sine
1294 4535 1600 4592 ratiocinio
1652 4537 1988 4624 deligimus,

2131 4530 2217 4585 πεί
2284 4527 2343 4585 δὲ
2364 4528 2560 4586 τούτου
2616 4528 2716 4583 οὐκ
2765 4525 2889 4582 ἄνευ
2946 4523 3217 4604 λογισμοῦ
3246 4526 3684 4602 προαιρούμεθα,
3717 4531 3753 4600 ἠ

327 4617 451 4676 haec
509 4621 661 4677 actio
718 4621 975 4695 impetus
1030 4622 1352 4680 voluntatis
1412 4624 1764 4698 appellatur,
1805 4628 1907 4701 qui
1957 4614 1991 4686 a

2131 4620 2215 4675 at’
2290 4618 2420 4674 αὐτὸ
2497 4617 2732 4694 ἐνέργεια
2807 4614 3134 4691 βσυλευτική
3212 4616 3362 4689 ὁρμή
3423 4614 3755 4692 ὠνομάσθη,

323 4710 631 4767 ratiocinio
661 4710 789 4783 ipso
821 4716 912 4767 est
934 4712 1222 4770 diversus.
1248 4714 1348 4770 Est
1379 4719 1574 4771 autem
1610 4717 1980 4775 ratiocinium

2131 4707 2254 4784 τέρα
2310 4705 2441 4763 οὖσα
2496 4710 2594 4762 τοῦ
2646 4705 2941 4782 λογισμοῦ.
3005 4706 3307 4776 Πρακτικὸς
3355 4703 3412 4761 δὲ
3442 4704 3555 4761 ἐστι
3588 4706 3756 4785 λογι-

322 4800 671 4869 practicum,
714 4805 848 4872 post
897 4802 1224 4874 appetitum
1277 4804 1358 4859 rei
1405 4804 1813 4864 desiderabilis
1844 4824 1979 4864 cum

320 4887 546 4944 ratione
602 4894 873 4962 suscepta
928 4891 1081 4947 actio
1140 4896 1198 4947 et
1257 4892 1539 4963 operatio.
1579 4894 1750 4951 Noris
1808 4913 1978 4968 porro

318 4975 529 5031 animos
558 4994 799 5050 corpore
838 4978 1044 5035 solutae
1074 4983 1130 5035 et
1160 4982 1389 5052 corpori
1424 4982 1617 5039 adhuc
1647 4985 1976 5055 conjunctae

313 5080 430 5120 non
463 5082 647 5121 unum
698 5066 977 5141 idemque
1011 5068 1414 5125 ratiocinium.
1448 5071 1765 5135 Quibusvis
1816 5073 1973 5129 enim

310 5153 819 5222 praestantioribus
868 5157 1069 5211 anima
1100 5172 1161 5212 se
1208 5156 1522 5228 assimilat,
1558 5163 1669 5215 Deo
1721 5162 1971 5218 archan-

309 5240 476 5313 gelis,
536 5242 761 5316 angelis
819 5248 875 5300 et
932 5245 1156 5301 castoris
1217 5247 1640 5318 potentatibus,
1702 5249 1859 5306 unde
1914 5254 1971 5307 et

307 5345 483 5402 opera
508 5331 639 5403 ejus
681 5332 811 5403 jam
842 5333 1063 5402 divina,
1090 5333 1219 5404 jam
1269 5334 1553 5406 humana,
1582 5336 1703 5405 jam
1736 5342 1967 5396 contra-

1900 5465 1947 5521 Ν
1953 5465 2139 5524 ΟΤίΕ.

374 5566 448 5637 (6)
480 5564 852 5641 Intellige-ut
898 5583 1080 5641 supra
1110 5564 1172 5620 τὸ
1202 5560 1483 5641 ὃντωςῇὅν,
1514 5583 1620 5623 ens
1668 5572 1953 5629 aeternum
2065 5572 2347 5636 nascitur,
2401 5584 2467 5641 ac
2524 5564 2953 5622 mutationibus
2998 5566 3089 5620 est
3137 5563 3500 5637 obnoxium,
3555 5569 3733 5641 atque

301 5635 611 5693 ac'stabile
643 5635 785 5693 :cui
823 5635 1139 5710 opponitur
1184 5637 1245 5693 τό
1285 5635 1566 5713 γινόμενον
1609 5642 1765 5711 quod
1796 5642 1861 5700 fit
1891 5649 1949 5702 et
2059 5648 2205 5704 adeo
2236 5640 2463 5698 Platoni
2497 5642 2748 5710 negatur
2777 5650 2908 5695 esse
2936 5650 3143 5694 verum
3167 5651 3296 5694 eas.

754 2713 841 2768 44.
874 2713 950 2769 De
977 2716 1177 2770 anima
1214 2713 1625 2770 irrationabili.

435 2802 696 2868 Quatuor
749 2802 911 2859 hisce
969 2803 1302 2859 Graecorum
1363 2803 1699 2876 philosophi
1754 2806 2013 2862 animam

362 2890 826 2948 irrationabilem
860 2891 1152 2947 deﬁniunt
1185 2909 1196 2948 :
1232 2894 1515 2964 appetitu,
1550 2911 1662 2964 quo
1699 2892 2015 2967 voluptatis

2106 4245 2206 4317 με’.
2257 4244 2351 4305 Τίς
2400 4245 2436 4313 ἡ
2484 4240 2748 4319 βούλησις
2798 4239 2889 4297 καὶ
2935 4240 3018 4305 τίς
3049 4242 3078 4297 ὁ
3108 4241 3401 4319 πρακτικὸς
3429 4238 3754 4319 λογισμός;

2093 4798 2253 4872 σμὸς,
2295 4799 2330 4867 ἡ
2387 4795 2520 4870 μετά
2568 4796 2670 4864 τήν
2725 4792 2896 4868 ὄρεξιν
2936 4794 3033 4850 τοῦ
3066 4792 3256 4874 ἐφετοῦ
3304 4794 3439 4869 μετὰ
3469 4793 3752 4870 λογισμοῦ

2088 4886 2276 4964 πρᾶξίς
2329 4907 2388 4942 τε
2437 4885 2527 4941 καὶ
2581 4884 2838 4959 ἐνέργεια.
2899 4886 3076 4941 Τοῦτο
3108 4880 3166 4938 δέ
3224 4904 3310 4939 σοι
3339 4879 3497 4955 ἔστω,
3531 4883 3618 4939 ὅτι
3651 4888 3752 4960 ψυ-

2089 4981 2198 5053 χῆς
2256 4972 2622 5046 ἀπολυθείσης
2678 4975 2933 5047 σώματος
2989 4972 3080 5027 καὶ
3138 4970 3214 5028 ἔτι
3272 4972 3553 5048 παρούσης
3580 4972 3635 5029 ἐν
3662 4979 3749 5048 τῷ

2086 5067 2297 5139 σώματι
2366 5065 2468 5120 οὐκ
2520 5062 2680 5126 αὐτός
2727 5061 2839 5117 ἐστι
2880 5058 3166 5139 λογισμός.
3222 5059 3437 5120 Ἐπεὶδὶ
3460 5068 3593 5117 πᾶσι
3622 5068 3745 5127 τοῖς

2081 5155 2379 5229 κρείττοσιν
2439 5154 2724 5229 ἀφοιοῦται
2792 5152 2827 5222 ἠ
2905 5152 3085 5226 ψυχὴ,
3141 5156 3282 5224 Θεῷ,
3336 5151 3740 5227 ἀρχαγγέλοις,

2078 5244 2329 5322 ἀγγέλοις
2374 5243 2465 5299 καὶ
2515 5246 2633 5306 ταῖς
2680 5240 2907 5303 λοιπαῖς
2957 5237 3239 5315 δυνάμεσι,
3299 5238 3389 5296 διὰ
3429 5245 3595 5297 τοῦτο
3642 5242 3739 5298 καὶ

2074 5336 2143 5392 τὰ
2193 5330 2321 5410 ἔργα
2349 5333 2536 5402 αὐτοῦ,
2567 5331 2633 5386 τὰ
2664 5328 2758 5404 μὲν
2791 5329 2935 5397 θεῖα,
2993 5331 3061 5384 τὰ
3113 5326 3172 5384 δὲ
3213 5327 3547 5405 ἀνθρώπινα,
3580 5331 3649 5388 τὰ
3679 5326 3739 5387 δί
