4042 6198
218 380 321 438 ῊἹ

219 507 455 575 ὶναντία,
518 504 613 562 ’ίνα
700 506 778 580 μὴ
847 503 914 561 τὰ
993 504 1232 580 ὀνόματα
1311 504 1455 583 λέγω
1491 526 1504 540 °

217 596 354 653 ϐάνει
415 597 518 674 γάρ
567 597 660 658 τὰς
718 594 1007 672 ἐνεργείας,
1044 597 1182 672 πρὸς
1233 596 1266 650 ’ά
1307 593 1575 672 λαμϐάνει
1631 600 1719 655 καὶ
1771 601 1870 670 τήν

219 690 504 762 ὁμοίωσιν.

461 797 566 870 μέ.
601 795 731 870 Περὶ
763 795 1131 870 προαιρέσεως
1159 796 1245 850 καὶ
1283 801 1595 874 προσοχῆς.

280 884 445 940 Mica:
482 883 734 959 δυνάμεις
769 883 870 939 εἶσὶ
900 890 998 954 τῆς
1030 888 1216 959 ψυχῆς
1267 889 1522 962 προσοχή
1575 886 1667 942 καὶ
1729 906 1865 961 προ-

225 974 436 1050 αίρεσις.
468 971 627 1030 Ἀλλ’
675 975 709 1042 ἡ
774 973 870 1046 μὲν
925 972 1240 1049 προαίρεσις
1299 978 1510 1052 ἡγεῖται
1561 980 1669 1031 τῶν
1725 973 1867 1051 πρά-

225 1065 366 1136 ξεων,
402 1061 520 1140 ἔχει
579 1060 636 1118 δὶ
692 1062 782 1117 καὶ
840 1062 1006 1138 Λόγον
1065 1060 1116 1117 ἐν
1167 1065 1212 1136 ᾧ
1256 1065 1424 1138 κρίνει
1476 1067 1542 1120 τά
1571 1064 1732 1133 καλὰ,
1773 1060 1865 1119 καὶ

227 1148 387 1226 ὄρεξιν
435 1154 538 1222 τήν
599 1150 889 1230 ἐφιεμένην
937 1157 1046 1207 τῶν
1090 1151 1307 1209 οἷ’κείων
1355 1154 1444 1209 καὶ
1499 1155 1735 1230 ἀγαθῶν,
1767 1155 1856 1209 καὶ

234 1243 321 1309 τὴν
378 1241 796 1314 ἀναπληροῦσαν
865 1239 944 1297 ἀεὶ
988 1241 1056 1295 τά
1103 1239 1454 1300 ἐλλείποντα.
1515 1242 1869 1321 Ἀμφοτὲρων

233 1332 312 1385 οὖν
341 1335 437 1385 τοῦ
468 1329 753 1408 λόγουκαὶ
795 1337 895 1400 τῆς
944 1330 1172 1405 ὀρέξεως
1227 1332 1534 1388 συνίσταται
1593 1336 1628 1402 ἡ
1674 1332 1868 1406 προαί-

234 1440 389 1494 ρεσις.
419 1421 683 1496 Προσοχή
719 1417 776 1475 δὲ
807 1419 916 1476 ἐστὶ
953 1422 1072 1484 καθ’
1101 1422 1162 1490 ἣν
1222 1424 1570 1498 προσέχομεν
1617 1428 1734 1484 τοῖς
1783 1417 1871 1498 ἕρ-

226 1531 333 1586 γοις
405 1512 488 1573 οἷς
559 1509 865 1586 πράττομεν
937 1511 1027 1566 καὶ
1099 1515 1217 1573 τοῖς
1305 1510 1491 1588 λόγοις
1560 1513 1642 1574 οἷς
1699 1510 1862 1587 λὲγο-

227 1619 330 1672 μεν·
363 1599 497 1672 αῦτη
546 1599 652 1676 γάρ
702 1601 834 1656 ποτὲ
894 1602 990 1674 μὲν
1045 1602 1111 1656 τὰ
1163 1604 1263 1671 τῆς
1321 1605 1507 1678 ψυχῆς
1564 1599 1672 1673 ἤθη
1737 1603 1864 1658 ἀνα-

231 1696 491 1744 σκοπεῖται
540 1689 659 1744 τίνα
701 1711 760 1745 τε
808 1687 916 1744 ἔστῖ
966 1692 1052 1746 καὶ
1101 1695 1219 1753 πῶς
1269 1687 1385 1768 ἔχει
1436 1693 1572 1767 πρὸς
1619 1689 1863 1762 ἄλληλα·

234 1779 351 1834 ποτὶ
379 1777 434 1834 δὶ
464 1779 530 1833 αὗ
559 1779 624 1834 τὸ
655 1783 793 1850 ζῶον
829 1786 1022 1857 θεωρεῖ
1048 1782 1100 1835 τί
1139 1781 1362 1855 πράττει
1419 1782 1510 1838 καὶ
1568 1789 1643 1852 πῆ
1704 1803 1874 1858 παρα-

1391 377 1489 436 ΒΕ
1534 371 1971 440 ΟΜΝΙΕἋΒΙἈ
2025 379 2449 442 DOC’l‘RINA.

3523 390 3639 452 718

1589 507 1869 583 μεταλαμ-
1900 516 1953 584 Α
1987 512 2092 579 ria,
2125 515 2189 568 ut
2239 513 2580 570 nominibus
2628 514 2978 571 abstineam.
3012 515 3237 581 Quibus
3287 519 3444 578 enim
3490 522 3638 580 assi-

1980 601 2146 657 milat
2205 621 2302 675 se,
2353 602 2589 660 illorum
2640 609 2696 661 et
2746 620 2924 678 opera
2978 606 3215 662 asciscit
3271 613 3448 681 atque
3503 610 3635 667 imi-

1977 693 2159 747 tatur.

2348 801 2433 856 46.
2468 802 2541 857 De
2569 801 2830 858 electione
2857 810 2913 858 et
2942 806 3262 860 attentione.

2051 886 2251 943 Media:
2285 894 2426 945 sunt
2455 890 2638 945 animi
2689 890 2992 947 facultates
3042 892 3286 948 attentio
3321 898 3377 950 et
3407 894 3632 966 electio,

1978 977 2079 1031 sed
2112 975 2314 1033 electio
2365 979 2626 1035 actiones
2659 980 2878 1052 dirigit,
2913 981 3216 1054 utiturque
3264 983 3488 1040 ratione
3518 1002 3637 1057 qua

1989 1065 2124 1136 quid
2158 1066 2472 1138 pulchrum
2505 1068 2581 1124 sit
2605 1069 2853 1138 judicat,
2887 1075 2943 1126 et
2971 1073 3231 1143 appetitu
3266 1073 3636 1131 desiderante

1982 1171 2049 1210 ea
2079 1172 2206 1227 qua:
2236 1159 2618 1230 congruentia
2640 1159 2750 1214 sibi
2776 1163 2916 1215 sunt
2942 1164 2999 1215 et
3026 1161 3199 1224 bona,
3224 1178 3351 1233 quae
3380 1179 3511 1218 vero
3541 1165 3638 1219 de-

1983 1244 2207 1316 ﬁciunt,
2233 1262 2465 1318 semper
2513 1247 2789 1304 studente
2820 1248 3114 1320 supplere.
3150 1249 3407 1323 Utroque
3456 1252 3639 1324 igitur

1981 1332 2182 1388 electio
2219 1340 2466 1403 constat,
2491 1336 2718 1392 ratione
2748 1341 2803 1392 et
2833 1337 3118 1409 appetitu.
3150 1339 3406 1396 Attentio
3437 1345 3637 1397 autem

1983 1426 2072 1476 est
2101 1439 2218 1493 qua
2261 1425 2627 1482 attendimus
2657 1427 2727 1481 ad
2762 1425 3020 1482 actiones
3050 1443 3198 1498 quas
3251 1428 3637 1501 suscipimus,

1982 1515 2039 1565 et
2069 1511 2140 1566 ad
2173 1513 2348 1568 verba
2387 1531 2511 1584 quae
2557 1513 2874 1587 loquimur.
2910 1513 3038 1570 Haec
3072 1517 3423 1589 quandoque
3455 1518 3639 1574 animi

1982 1616 2174 1656 mores
2205 1601 2565 1674 speculatur,
2599 1603 2800 1674 quales
2844 1604 2960 1660 sint
2987 1610 3045 1660 et
3075 1606 3366 1677 quomodo
3393 1605 3545 1662 inter
3575 1624 3640 1665 se

1983 1696 2314 1762 congruant
2345 1707 2358 1746 :
2394 1693 2520 1763 jam
2569 1692 2821 1748 animale
2852 1691 3202 1765 considerat,
3229 1699 3285 1750 et
3317 1696 3458 1768 quid
3491 1696 3638 1753 illud

1984 1784 2137 1851 agat,
2172 1780 2342 1836 ubive
2402 1787 2600 1853 peccet
2638 1783 2725 1837 vel
2783 1781 3005 1856 aliquid
3061 1785 3314 1842 omittat.
3348 1785 3638 1844 Caeterum

239 1863 417 1942 ϐαίνει,
445 1869 536 1924 καὶ
567 1868 620 1923 τί
658 1865 925 1926 ἐλλείπει.
959 1868 1106 1925 Μὲσα
1138 1867 1195 1926 δέ
1236 1870 1340 1925 εἶσι
1386 1871 1568 1927 καὶτὰ
1614 1875 1721 1925 τῶν
1775 1892 1858 1945 μαι

1987 1869 2162 1924 medii
2193 1870 2426 1941 generis
2456 1871 2633 1927 etiam
2682 1877 2824 1928 sunt
2873 1873 3299 1930 mathematica
3354 1877 3638 1933 exercita-

243 1960 480 2031 θημάτων
537 1959 847 2032 ἀσκηματα,
905 1960 994 2014 καὶ
1028 1959 1117 2015 ’τά
1169 1965 1278 2015 τῶν
1349 1965 1691 2036 καθαρτικῶν
1749 1962 1867 2038 ἀρε-

231 2051 322 2102 τῶν
374 2044 803 2122 ἐπιτηδεύματα.
857 2048 1009 2106 Mica
1061 2046 1118 2104 δὲ
1188 2047 1434 2124 λέγονται
1501 2051 1575 2114 ὡς
1657 2052 1852 2125 μεταξὺ

231 2135 428 2209 κείμενα
451 2141 560 2192 τῶν
586 2141 794 2214 νοερῶν
826 2135 1009 2213 λόγων
1040 2138 1128 2193 καὶ
1159 2143 1266 2193 τῶν
1302 2136 1659 2210 δοξαστικῶν.

240 2244 331 2316 μζ.
363 2243 600 2320 Πότερον
631 2246 666 2314 ἡ
701 2245 856 2320 ψυχὴ
892 2243 1085 2321 ’λύεται
1132 2245 1240 2300 ἀπὸ
1276 2251 1372 2300 τοῦ
1421 2247 1698 2321 σώματος,
1732 2249 1767 2318 ἢ
1795 2248 1861 2303 τὸ

692 2318 851 2390 σῶμα
882 2318 987 2372 ἀπὸ
1016 2324 1116 2388 τῆς
1151 2321 1336 2393 ψυχῆς
1369 2339 1382 2389 ;

286 2405 395 2462 Ἐπὶ
459 2406 554 2479 μὲν
612 2410 710 2461 τοῦ
769 2411 998 2484 φυσικοῦ
1056 2408 1309 2477 θανάτου,
1341 2409 1402 2463 τὸ
1457 2412 1617 2483 σῶμα
1669 2406 1860 2484 λύεται

232 2494 321 2549 ἀπὸ
346 2501 440 2565 τῆς
471 2499 684 2571 ψυχῆς,
716 2494 804 2551 ἐπὶ
836 2493 893 2551 δὲ
920 2500 1018 2551 τοῦ
1048 2501 1247 2568 νοητοῦ
1293 2499 1328 2567 ἡ
1377 2499 1531 2574 ψυχὴ
1591 2498 1697 2553 ἀπὸ
1752 2503 1850 2553 τοῦ

229 2583 478 2656 σώματος.
510 2588 573 2639 Ἥ
638 2585 734 2658 μὲν
792 2586 896 2661 γὰρ
951 2586 1107 2666 φύσις
1165 2583 1326 2657 ἔδησε
1353 2587 1414 2642 τὸ
1464 2592 1624 2662 σῶμα
1681 2586 1731 2642 ἐν
1783 2591 1852 2662 τῇ

229 2675 381 2748 ψυχῇ,
412 2673 477 2728 Εἴ
519 2675 613 2747 μὶν
645 2675 746 2752 γὰρ
775 2675 1060 2751 κατείχετο
1089 2677 1152 2731 τὸ
1183 2681 1343 2749 σῶμα
1374 2677 1477 2732 ὑπὸ
1505 2685 1606 2747 τῆς
1647 2680 1858 2753 ψυχῆς.

230 2762 282 2815 οὒ
324 2759 606 2818 ὂιαλὲλυτο
666 2766 749 2821 ἄν.
809 2767 966 2829 Ὅθεν
1025 2765 1077 2820 ἐν
1134 2770 1215 2838 τῷ
1273 2765 1482 2839 θανάτῳ
1541 2765 1728 2821 λύεται
1792 2767 1856 2823 τὸ

233 2856 370 2924 σῶμα
399 2853 500 2907 άπὸ
529 2859 632 2923 τῆς
659 2856 868 2929 ψυχῆς.
902 2855 963 2910 Ἦ
995 2851 1052 2910 δὲ
1081 2858 1234 2931 ψυχή
1285 2850 1472 2926 ἔδησεν
1531 2856 1725 2926 ἑαυτὴν
1773 2860 1855 2930 τῷ

238 2940 426 3013 σώματι
460 2939 548 2997 διὰ
575 2946 684 2997 τῶν
716 2948 923 3008 παθῶν.
955 2945 1018 3000 Ἡ
1051 2943 1142 2998 οῦν
1176 2947 1328 3021 ψυχὴ
1362 2945 1560 3014 ἑαυτὴν
1593 2944 1712 3001 λύει
1753 2946 1860 3000 ἀπὸ

233 3030 315 3084 τοῦ
343 3031 608 3104 σώματος.
643 3032 753 3090 Καὶ
785 3035 820 3103 ἡ
858 3033 952 3106 μὲν
986 3035 1140 3109 ψυχὴ
1204 3033 1340 3107 μέση
1397 3032 1506 3089 ἐστὶ
1569 3037 1665 3104 τῆς
1724 3035 1862 3107 ἆμε-

235 3119 399 3192 ρίστου
452 3122 539 3175 καὶ
595 3128 698 3190 τῆς
759 3129 1020 3196 μεριστῆς
1079 3121 1287 3185 ούσίας.
1327 3120 1460 3178 Ούτε
1527 3124 1629 3200 γάρ
1689 3125 1860 3178 καθα-

235 3212 329 3280 ρῶς
357 3207 487 3264 ἐστιν
520 3209 813 3282 ἀμέριστος
862 3212 890 3264 ὁ
937 3215 1086 3278 νοῦς,
1119 3207 1243 3266 οὔτε
1298 3211 1470 3281 πάντη
1533 3212 1767 3288 ἀμερὴς,
1795 3213 1858 3268 τὸ

236 3301 370 3367 σῶμα
401 3297 456 3353 δὲ
497 3297 671 3369 πάντη
729 3301 1005 3374 μεριστόν.
1039 3299 1140 3356 Καὶ
1196 3301 1250 3354 αἱ
1308 3300 1598 3372 ποιότητες
1651 3301 1741 3357 καὶ
1793 3303 1859 3357 τὰ

233 3379 374 3440 ἔνυλα
431 3384 546 3458 εἷ’δη
599 3386 723 3460 περὶ
765 3388 827 3442 τὸ
876 3392 1035 3461 σῶμα
1088 3389 1334 3464 μεριστά,
1380 3389 1470 3444 καὶ
1529 3388 1703 3445 πάντα
1766 3392 1859 3464 μὶν

234 3470 277 3526 ἐν
300 3481 464 3533 πᾶσιν.
499 3474 659 3532 Ἀλλ’
691 3478 718 3529 ὁ
752 3477 848 3550 μὶν
895 3481 1027 3541 νοῦς
1068 3482 1270 3554 νοερῶς
1323 3473 1438 3554 ἔχει
1487 3478 1678 3536 πάντα.
1711 3481 1772 3536 Ἡ
1803 3479 1861 3535 δὲ

233 3564 363 3637 ψυχὴ
414 3561 677 3639 λογικῶς.
736 3566 807 3620 Τὸ
866 3563 924 3621 δὲ
982 3567 1144 3644 φυτὸν
1222 3573 1625 3643 σπερματικῶς,
1681 3570 1744 3624 τὸ
1802 3567 1860 3624 δὲ

233 3655 370 3723 σῶμα
397 3654 460 3707 τὰ
489 3651 692 3709 εἶῖωλα
715 3649 840 3731 Δἔχει
867 3659 975 3710 τῶν
1009 3652 1202 3726 ὄντων,
1228 3656 1255 3711 ὁ
1280 3654 1337 3712 δὲ
1366 3658 1495 3721 Θεὸς
1528 3658 1859 3730 ἀνεννοήτως

232 3741 306 3793 καὶ
335 3742 682 3818 ὑπερουσίως.

765 3836 878 3907 μη’.
912 3835 1042 3911 Περὶ
1073 3823 1300 3910 ἀρετῶν.

296 3920 440 3993 Τρεῖς
471 3925 643 3997 τάξεις
678 3921 780 3978 εἶ’σί
835 3928 944 3978 τῶν
998 3923 1224 4000 ἀρετῶν.
1258 3925 1327 3980 Ai
1389 3926 1483 3998 μὲν
1532 3925 1635 4001 γὰρ
1687 3923 1860 3981 αὐτῶν

220 4015 454 4080 κοσμοῦσι
500 4014 592 4067 τὸν
646 4009 931 4088 ἄνθρωπον
962 4014 996 4084 ἢ
1028 4015 1128 4084 τὴν
1176 4019 1273 4069 τοῦ
1323 4015 1578 4088 σώματος
1639 4016 1850 4091 ψυχήνο

222 4095 342 4152 αἰδὲ
378 4100 690 4176 καθαίρουσι
735 4103 834 4170 τήν
891 4105 1076 4179 ψυχὴν
1138 4104 1243 4159 ἀπὸ
1299 4101 1397 4160 τοῦ
1456 4105 1732 4178 σώματος,
1766 4104 1856 4158 καὶ

223 4184 568 4268 ἐπιστρέφουσι
629 4192 767 4268 πρὸς
827 4193 1046 4264 ὲαυτήν,
1106 4193 1306 4258 αἳτινες
1369 4194 1460 4250 καὶ
1527 4195 1852 4270 καθαρτικαὶ

226 4277 512 4339 καλοῦνται.
564 4282 636 4339 Αἱ
692 4279 749 4337 δὲ
811 4281 1036 4347 τελείως
1085 4288 1431 4358 καθαρθεῖσαι
1488 4285 1586 4353 τήν
1642 4285 1859 4360 ψυχὴν,

233 4366 617 4444 ἀπασχολοῦσιν
652 4371 728 4434 εἷς
770 4372 999 4449 θεωρίαν
1049 4378 1152 4429 τῶν
1202 4378 1439 4446 νοητῶν,
1472 4372 1672 4438 α’ίτινες
1730 4386 1859 4438 θεω-

235 4459 426 4527 ρητικαὶ
509 4461 602 4515 καὶ
685 4462 866 4536 νοεραὶ
948 4462 1330 4536 ὀνομάζονται.
1395 4465 1492 4521 Καὶ
1555 4461 1698 4535 ἄλλη
1763 4465 1856 4538 μὲν

229 4539 362 4617 ἀρετὴ
393 4553 548 4618 Θεοῦ,
581 4546 730 4621 ἄλλη
769 4548 829 4606 δὲ
862 4550 1116 4628 ἆγγὲλου,
1148 4550 1294 4623 ἄλλη
1331 4549 1387 4608 δὲ
1419 4553 1734 4626 ἀνθρώπου.
1771 4554 1860 4617 Ὠς

1982 1957 2192 2029 tiones,
2224 1963 2281 2014 et
2329 1961 2733 2032 purgatorium
2775 1961 3060 2017 virtutum
3114 1964 3399 2037 studium,
3433 1965 3641 2022 dicun-

1979 2051 2190 2119 turque
2226 2039 2401 2104 medii
2433 2050 2684 2121 generis,
2719 2051 2860 2123 quia
2899 2051 3093 2107 media
3123 2052 3244 2110 htBO
3276 2054 3469 2126 posita
3499 2058 3642 2112 sunt

1978 2136 2131 2192 inter
2161 2135 2563 2210 intelligibiles
2593 2144 2648 2194 et
2679 2139 3005 2211 opinabiles
3039 2141 3317 2199 rationes.

2120 2244 2208 2298 47.
2243 2243 2431 2301 Utrum
2460 2260 2655 2317 corpus
2689 2247 2901 2321 anima,
2933 2263 3006 2301 an
3046 2249 3238 2304 anima
3266 2264 3498 2321 corpore

2661 2319 2914 2372 solvatur
2933 2321 2959 2370 γ

2051 2402 2312 2460 Naturali
2345 2409 2530 2460 morte
2561 2422 2776 2479 corpus
2817 2407 2888 2462 ab
2943 2406 3160 2476 anima,
3194 2409 3294 2464 sed
3328 2413 3514 2466 morte
3544 2410 3637 2466 in-

1976 2493 2271 2566 telligibili
2322 2489 2520 2551 anima
2566 2494 2808 2552 solvitur
2841 2514 2874 2551 a
2913 2513 3175 2569 corpore.
3207 2498 3431 2555 Natura
3477 2499 3637 2559 enim

1977 2599 2192 2656 corpus
2244 2583 2450 2639 animae
2493 2583 2774 2656 alligavit.
2806 2589 2937 2641 Jam
2970 2587 3018 2642 si
3051 2603 3265 2658 corpus
3314 2588 3385 2644 ab
3435 2589 3636 2646 animo.

1979 2675 2297 2739 teneretur,
2333 2689 2444 2726 non
2469 2671 2812 2729 solveretur.
2842 2673 3101 2728 Solvitur
3132 2673 3331 2747 itaque
3363 2675 3419 2730 in
3447 2680 3638 2733 morte

1978 2760 2050 2816 ab
2073 2760 2272 2816 anima
2293 2778 2527 2832 corpus.
2548 2763 2619 2817 At
2639 2763 2792 2818 enim
2814 2762 3011 2818 anima
3033 2780 3097 2819 se
3121 2762 3378 2835 alligavit
3403 2765 3638 2838 corpori

1978 2867 2078 2921 per
2110 2850 2371 2918 all‘ectus,
2398 2850 2804 2922 animajgitur
2833 2851 3009 2906 etiam
3041 2853 3297 2924 seipsam
3331 2871 3364 2908 a
3395 2870 3637 2927 corpore

1978 2937 2151 2994 solvit
2181 2955 2245 2994 ac
2278 2939 2508 2995 liberat.
2538 2944 2606 2995 Et
2644 2940 2842 2996 anima
2873 2941 3110 3011 quidem
3144 2943 3336 3000 media
3363 2946 3454 3000 est
3483 2943 3639 3001 inter

1978 3028 2296 3084 essentiam
2321 3029 2399 3084 im
2412 3030 2742 3102 partibilem
2769 3030 3242 3104 partibilemque,
3266 3049 3454 3105 neque
3478 3035 3634 3090 enim

1979 3133 2146 3172 mens
2204 3134 2346 3188 pure
2404 3118 2805 3188 impartibilis,
2839 3136 3028 3190 neque
3085 3121 3344 3191 partium
3395 3123 3634 3178 omnino

1979 3223 2182 3278 expers
2213 3212 2324 3270 est,
2358 3223 2569 3279 corpus
2619 3213 2814 3263 autem
2845 3209 3086 3264 omnino
3118 3214 3206 3264 est
3238 3210 3529 3281 partibile.
3567 3212 3633 3266 Et

1971 3296 2284 3367 qualitates
2315 3297 2657 3369 speciesque
2707 3296 3038 3353 materiales
3070 3297 3128 3352 in
3170 3315 3411 3370 corpore
3447 3301 3628 3372 parti-

1967 3385 2112 3442 biles
2161 3391 2304 3442 sunt
2337 3387 2553 3458 quaevis
2594 3387 2653 3441 in
2685 3387 3068 3458 quibuslibet.
3103 3387 3215 3443 Sed
3265 3405 3433 3445 mens
3463 3406 3626 3462 quae-

1966 3494 2199 3549 cunque
2229 3478 2424 3544 hrzbet,
2449 3477 2625 3534 habet
2650 3477 3028 3548 intelligibili,
3052 3477 3253 3535 anima
3283 3479 3624 3535 rationabili

1967 3569 2212 3634 ratione,
2272 3568 2473 3640 planta
2519 3583 2653 3623 vero
2704 3567 3090 3623 seminaliter.
3125 3568 3347 3641 Corpus
3400 3569 3628 3626 entium

1966 3659 2238 3713 umbram
2269 3657 2706 3730 imaginemque
2735 3657 2930 3724 refert,
2955 3657 3109 3714 Deus
3133 3675 3266 3727 vero
3290 3675 3471 3730 supra
3500 3675 3624 3716 om-

1966 3762 2098 3803 nem
2130 3746 2493 3803 intelleetum
2530 3751 2587 3802 et
2625 3745 2941 3802 essentiam
2973 3752 3063 3802 est
3093 3748 3476 3804 constitutus.

2525 3836 2609 3891 48.
2646 3837 2718 3891 De
2749 3837 3068 3892 virtutibus.

2036 3928 2176 3982 Tres
2216 3931 2358 3983 sunt
2404 3925 2638 3982 ordines
2671 3926 2970 3982 virtutum.
3006 3927 3147 3983 Alia:
3199 3932 3485 3984 exornant
3516 3928 3625 3984 ho-

1967 4017 2188 4072 minem
2231 4017 2352 4072 sive
2399 4016 2659 4072 animam
2692 4016 2917 4088 corpori
2961 4016 3254 4085 junctam.
3291 4017 3434 4073 Alizn
3483 4035 3622 4090 pur-

1968 4112 2110 4179 gant
2147 4107 2406 4162 animam
2439 4126 2472 4162 a
2500 4123 2761 4178 corpore,
2793 4112 2849 4161 et
2879 4106 2939 4161 in
2971 4108 3226 4178 seipsam
3283 4108 3487 4163 reverti
3520 4110 3622 4166 do-

1969 4200 2122 4264 cent,
2155 4202 2552 4266 vocanturque
2602 4196 2970 4267 purgatoriai.
3012 4196 3153 4250 Aliae
3205 4198 3454 4267 perfecte
3486 4216 3624 4270 pur-

1969 4293 2162 4359 gatam
2195 4289 2452 4343 animam
2484 4286 2728 4342 trahunt
2759 4288 2829 4341 ad
2873 4285 3427 4356 contemplationem
3459 4285 3626 4346 intel-

1966 4376 2304 4448 ligibilium,
2336 4381 2393 4432 et
2443 4377 2720 4432 dicuntur
2766 4376 3096 4431 theoretiezn
3132 4381 3307 4448 atque
3356 4378 3619 4458 intellec-

1967 4465 2175 4522 tuales.
2210 4465 2338 4522 Alia
2371 4483 2542 4537 porro
2591 4464 2778 4520 virtus
2825 4470 2914 4520 est
2963 4465 3084 4530 Dei,
3119 4465 3308 4537 angeli
3342 4466 3476 4538 alia,
3510 4467 3624 4525 alia

1967 4554 2246 4611 hominis.
2279 4554 2350 4610 Ut
2381 4554 2537 4610 enim
2567 4553 2834 4609 essentizn
2866 4557 3006 4609 sunt
3036 4555 3298 4626 diversae,
3334 4556 3415 4611 ita
3443 4553 3622 4613 etiam

230 4633 311 4707 γάρ
338 4637 387 4688 αἱ
419 4638 596 4693 οὐσίαι
644 4638 822 4693 αὐτῶν
872 4637 1148 4718 διάφοροι,
1195 4640 1342 4695 οὕτω
1391 4641 1480 4696 καὶ
1532 4642 1586 4696 αἱ
1645 4640 1849 4718 ἀρεταί.

1979 4644 2228 4700 rirtutes.
2255 4648 2440 4715 Atque
2471 4642 2670 4698 anima
2700 4643 2933 4714 preprie
2959 4647 3049 4698 est
3080 4642 3414 4716 diciturque
3446 4647 3622 4702 ratio-

235 4719 316 4774 Κπῖ
359 4727 504 4801 ψυχή
562 4727 661 4800 μὶν
709 4728 911 4799 κυρίως
940 4731 974 4798 ἡ
1010 4728 1210 4805 λογική
1248 4728 1358 4784 ἐστί
1386 4751 1445 4785 τε
1500 4729 1591 4784 καὶ
1650 4729 1858 4804 ὀνομά-

238 4812 372 4880 ζεται,
399 4815 458 4868 τὸ
488 4812 547 4870 δὲ
584 4816 717 4890 ὑπὲρ
767 4818 865 4885 τήν
913 4819 1122 4894 ψυχήν,
1155 4823 1304 4881 νοῦς.
1336 4820 1406 4873 Τὸ
1459 4817 1516 4873 δὲ
1572 4821 1707 4892 μετά
1753 4821 1852 4889 τήν

239 4893 434 4972 λογικῇν
474 4906 684 4980 ψυχὴν,
727 4895 927 4981 ἄλογος
976 4893 1156 4984 ψυχὴ,
1204 4908 1295 4963 καὶ
1354 4906 1585 4964 εἷ’δωλον
1645 4912 1852 4985 ψυχῆς.

238 4991 409 5056 Ιίάσαις
463 4993 520 5051 δὲ
560 5004 680 5060 ταῖς
725 5002 833 5052 τῶν
876 4996 1124 5076 ἀγγέλων
1173 4999 1380 5070 τάξεσιν
1425 5003 1460 5070 ἡ
1494 4999 1657 5076 ἀρετή
1717 5021 1854 5073 συμ-

238 5077 462 5152 πρύεισιν,
495 5083 697 5149 ἄνωθεν
759 5087 864 5141 ἀπὸ
921 5092 1028 5142 τῶν
1095 5091 1360 5164 σεραφεῖμ
1413 5091 1728 5165 ἀρχομένης
1790 5090 1851 5147 Ὀ

235 5165 312 5242 γᾶρ
340 5172 458 5235 Θεὸς
504 5174 594 5228 καὶ
627 5174 874 5230 ἐπέκεινα
904 5175 1101 5251 ἀρετῆς
1129 5177 1218 5232 καὶ
1248 5179 1450 5240 παντὸς
1511 5179 1711 5253 ἀγαθοῦ
1761 5177 1852 5233 καὶ

232 5257 384 5328 πάσης
409 5259 782 5336 τελειότητος.

752 5380 858 5447 μθ’.
893 5372 1024 5449 Περὶ
1059 5374 1286 5449 ἀρετῶν.

289 5454 367 5528 Ἓξ
399 5459 522 5516 εἰσὶν
560 5462 613 5517 οἱ
641 5467 752 5518 τῶν
784 5464 989 5540 ἀρετῶν
1045 5464 1268 5540 βαθμοί.
1301 5470 1455 5520 ’Ἐστι
1503 5466 1604 5541 γάρ
1659 5467 1695 5534 ἡ
1755 5463 1848 5539 μιν

233 5560 306 5630 ξιξ
343 5551 526 5623 φυσική
585 5552 778 5627 ἀρετὴ,
810 5551 932 5622 ἥτις
961 5553 1048 5609 καὶ
1084 5551 1137 5608 ἐν
1170 5553 1388 5630 θηρίοις
1429 5554 1753 5629 εὑρίσκεται.
1786 5555 1851 5612 Ἡ

236 5624 288 5684 δὲ
311 5633 482 5707 ἠθικὴ,
511 5640 571 5708 ἣν
605 5635 736 5695 ἔνιοι
767 5641 858 5696 καὶ
887 5643 994 5696 τῶν
1032 5638 1370 5698 ἀπαιδεύτων
1422 5640 1664 5718 ἔχουσιν.
1698 5644 1761 5699 Ἠ
1795 5641 1852 5699 δὲ

235 5718 466 5796 πολιτικὴ
498 5729 532 5798 ἡ
565 5731 700 5802 μετὰ
727 5727 896 5807 λόγου
924 5731 1019 5786 καὶ
1059 5723 1375 5808 φρονήσεως
1421 5730 1848 5809 κατορθουμένη.

1970 4733 2205 4803 nubilis,
2229 4738 2284 4788 et
2314 4733 2468 4804 quod
2502 4749 2680 4803 supra
2702 4730 2955 4786 animum
2991 4736 3100 4799 est,
3129 4750 3295 4788 mens
3327 4739 3416 4789 est
3447 4731 3620 4806 atque

1965 4821 2316 4877 intellectus.
2353 4822 2508 4876 Infra
2539 4821 2798 4876 animam
2834 4820 3238 4876 rationabilem
3272 4828 3360 4877 est
3393 4823 3622 4879 irratio-

1965 4909 2180 4966 nabilis
2219 4909 2436 4975 anima,
2471 4910 2797 4980 animaeque
2833 4908 3021 4980 imago
3054 4910 3176 4965 sive
3221 4910 3465 4967 idolum.
3500 4918 3618 4967 An-

1963 4997 2228 5069 gelorum
2261 4997 2568 5052 ordinibus
2599 4996 3048 5067 quibuscunque
3079 4997 3150 5051 ab
3177 4997 3484 5069 Seraphim
3520 5015 3620 5054 us-

1964 5105 2077 5159 que
2135 5087 2540 5142 descendendo
2598 5087 2841 5140 virtutes
2901 5103 3017 5139 suae
3076 5092 3427 5159 congruunt.
3463 5087 3618 5143 Deus

1963 5177 2141 5232 etiam
2191 5193 2371 5248 supra
2400 5175 2672 5230 virtutem
2706 5180 2762 5229 et
2793 5175 3012 5229 bonum
3047 5191 3219 5231 omne
3261 5180 3437 5247 atque
3488 5193 3617 5248 per-

1963 5266 2212 5322 fectione
2242 5264 2400 5321 omni
2434 5269 2522 5320 est
2553 5263 2843 5335 superior.

2513 5373 2601 5426 49.
2633 5373 2707 5427 De
2739 5370 3058 5427 virtutibus.

2033 5463 2144 5518 Sex
2201 5466 2337 5518 sunt
2378 5461 2662 5516 virtutum
2721 5463 2959 5533 gradus.
2993 5459 3138 5514 Nam
3199 5459 3371 5516 datur
3429 5462 3616 5519 virtus

1962 5552 2224 5627 physica,
2258 5551 2450 5624 qualis
2483 5557 2538 5606 et
2583 5552 2641 5605 in
2675 5550 2877 5607 bestiis
2910 5550 3216 5621 reperitur,
3242 5554 3367 5606 tum
3399 5553 3612 5620 ethica,

1961 5660 2088 5715 qua:
2118 5641 2290 5697 etiam
2323 5645 2413 5697 est
2444 5641 2502 5695 in
2537 5639 2879 5696 hominibus
2929 5637 3092 5694 nulla
3122 5639 3390 5695 doctrina
3417 5640 3612 5696 imbu-

1960 5733 2068 5802 tis;
2103 5736 2279 5802 atque
2313 5729 2568 5804 politica,
2593 5745 2722 5800 quae
2746 5729 2969 5785 ratione.
3001 5734 3058 5784 et
3089 5727 3397 5799 prudentia
3430 5729 3616 5785 utitur
