4042 6198
409 332 527 394 719

1746 321 2164 386 MICHAELIS
2211 324 2486 398 PSELLI

3707 347 3827 406 720

411 467 482 523 ad
517 468 670 520 recte
721 463 1048 535 agendum;
1083 462 1440 533 purgatoria,
1476 477 1600 531 quae
1633 461 1701 515 ab
1762 462 2059 517 affectibus

2181 462 2239 516 Ἡ
2296 462 2353 520 δὲ
2408 477 2728 549 καθαρτικὴ,
2762 478 2796 544 ἡ
2853 477 3182 553 καθαίρουσα
3236 478 3327 530 τὸν
3383 477 3664 553 ἄνθρωπον
3723 479 3827 534 ἀπὸ

413 555 691 610 omnibus
722 551 1019 608 hominem
1045 550 1284 618 liberat;
1314 549 1632 604 theoretica
1655 567 1783 621 quae
1813 557 2068 606 mentem

393 638 873 713 contemplatur,
911 647 968 695 et
998 640 1326 711 Theurgica
1357 640 1632 711 denique,
1665 657 1792 711 quae
1823 640 1880 694 id
1914 641 2069 712 quod

413 749 474 804 in
510 733 711 788 anima
759 737 958 786 nostra
999 730 1262 784 divinum
1315 731 1567 783 maxime
1615 736 1704 785 est
1749 731 1983 799 excitat,
2015 735 2074 785 et

417 826 530 877 Deo
578 821 690 893 ipsi
743 821 892 878 unit.
929 820 1308 888 divinumque
1356 820 1415 873 in
1466 819 1665 874 anima
1711 820 1966 874 furorem
2014 824 2070 873 et

417 912 891 966 enthusiasmum
919 912 1127 963 movet.
1154 907 1378 962 Dantur
1401 908 1580 962 etiam
1607 925 1785 979 supra
1809 908 1915 963 has
1945 907 2069 962 aliae

414 999 788 1055 sublimiores
819 997 1087 1064 virtutes,
1122 1014 1249 1067 qua
1277 1003 1416 1051 sunt
1446 1003 1788 1052 czeterarum
1822 998 2068 1052 istarum

415 1087 701 1160 exempla,
734 1103 980 1158 qumque
1027 1102 1260 1141 omnem
1313 1087 1709 1141 substantiam
1760 1101 2068 1159 supergre-

414 1178 678 1246 diuntur,
714 1192 898 1246 neque
945 1181 1085 1231 sunt
1125 1175 1471 1240 accidentia,
1504 1175 1586 1229 uti
1640 1175 1853 1230 accidit
1899 1176 2067 1230 nobis

413 1270 654 1321 caateras
683 1266 930 1320 virtutes
973 1265 1198 1334 adesse,
1231 1280 1432 1319 verum
1481 1270 1620 1319 sunt
1666 1263 2067 1336 intelligibiles

411 1360 468 1412 et
500 1353 1104 1427 supersubstantiales
1135 1353 1423 1408 essentice.

965 1464 1056 1517 50.
1089 1464 1163 1518 De
1191 1463 1512 1518 virtutibus.

480 1558 623 1613 Tres
683 1559 824 1610 sunt
869 1553 1113 1607 virtutes
1161 1569 1289 1623 qua
1347 1552 1647 1607 hominem
1708 1551 2060 1622 perﬁciunt:

411 1647 696 1702 sanctitas
728 1645 843 1699 Deo
893 1641 1117 1715 operari
1171 1641 1435 1706 studens,
1468 1640 1765 1712 vitamque
1805 1641 2065 1697 hominis

413 1734 652 1789 Numini
685 1748 1069 1798 consecrans;
1104 1729 1289 1785 altera
1323 1729 1579 1799 justitia,
1611 1747 1738 1801 qua:
1771 1731 2063 1784 inferiori-

2179 558 2375 620 παντὸς
2437 565 2664 626 πάθους.
2710 567 2772 622 Ἠ
2829 563 2885 620 δὲ
2943 566 3251 641 θεωρητική
3310 569 3344 635 ἡ
3401 569 3677 642 θεωροῦσα
3736 569 3824 622 τὸν

2178 652 2328 702 νοῦν.
2390 652 2449 703 Ἡ
2509 651 2566 707 δὲ
2615 657 2906 730 θεουργικὴ
2968 658 3002 725 ἡ
3062 656 3124 709 τὸ
3183 657 3455 710 θειότατον
3513 659 3676 729 ἡμῶν
3731 660 3827 725 τῆς

2178 739 2366 812 ψυχῆς
2398 742 2738 817 ἀνεγείρουσα
2785 745 2872 800 καὶ
2933 744 3082 816 αὐτῷ
3139 745 3386 814 ἑνίζουσα
3442 752 3520 819 τῶ
3560 751 3705 818 Θεῷ,
3739 749 3825 802 καὶ

2177 825 2274 892 τὴν
2309 828 2454 889 θείαν
2487 829 2769 907 ἐνεργοῦσα
2804 833 3014 905 μανίαν.
3048 833 3168 888 Εἰσὶ
3202 831 3258 888 δὲ
3286 835 3374 889 καὶ
3426 834 3672 890 ἐπέκεινα
3703 837 3829 891 τοῦ-

2177 935 2284 968 των
2313 913 2490 992 ἕτεραι
2541 919 2745 993 ἀρεταὶ,
2780 922 2833 975 αἱ
2891 923 2985 993 μὲν
3033 924 3199 979 οἱονεῖ
3259 921 3672 998 παραδείγματα
3719 930 3827 980 τῶν

2180 1000 2392 1058 λοιπῶν
2453 1007 2678 1082 ἀρετῶν,
2714 1011 2766 1064 αἱ
2827 1008 2883 1064 δὲ
2943 1013 3073 1083 ὑπὲρ
3133 1017 3303 1068 πᾶσαν
3355 1012 3554 1070 οὐσίαν.
3618 1013 3830 1076 Αἷτινες

2180 1092 2243 1145 οὐ
2335 1091 2719 1168 συμϐεϐηκότα
2799 1099 2934 1155 εἰσὶν
3037 1099 3217 1176 ὥσπερ
3321 1097 3825 1175 ἑπισυμῧεϐήκασιν

2177 1182 2313 1252 ἡμῖν
2344 1185 2396 1237 αἱ
2449 1183 2639 1241 λοιπαὶ
2672 1189 2878 1265 ἀρεταὶ,
2912 1188 3040 1245 ἀλλ’
3069 1189 3243 1245 οὐσίαι
3301 1192 3474 1262 νοεραὶ
3533 1193 3622 1246 καὶ
3693 1193 3826 1268 ὑπερ

2178 1269 2373 1330 οὐσιοι,

2678 1458 2740 1514 ν’.
2773 1460 2890 1514 Ἔτι
2921 1457 3046 1533 περί
3076 1459 3300 1533 ἀρετῶν.

2246 1545 2409 1616 Τρεῖς
2466 1544 2596 1599 εἰσιν
2654 1547 2707 1600 αἱ
2767 1548 2949 1618 ἀρεταὶ
3011 1549 3065 1602 αἱ
3112 1549 3415 1605 τελιιοῦσαί
3460 1552 3550 1604 τὸν
3606 1548 3826 1624 ἅνθρω-

2173 1651 2294 1686 πον·
2331 1633 2573 1703 ὁσιότης,
2605 1637 2805 1710 ἠπρὸς
2860 1638 2952 1692 τὸν
3012 1639 3139 1693 Θεὸν
3200 1639 3428 1715 ἐνεργεῖν
3486 1638 3822 1710 σπεύδουσα,

2175 1723 2287 1774 οἷον
2322 1724 2354 1790 ἡ
2389 1723 2687 1796 ἀφοσιοῦσα
2715 1728 2814 1795 την
2847 1731 2942 1781 τοῦ
2995 1727 3281 1801 ἀνθρώπου
3342 1730 3484 1797 ζωήν
3511 1733 3623 1801 -τῷ
3682 1736 3824 1804 Θεῷ·

413 1825 524 1878 bus
569 1823 899 1894 prospicere
948 1819 1198 1891 satagit;
1251 1825 1308 1873 et
1356 1821 1527 1873 tertia
1574 1819 1906 1890 prudentia,
1940 1836 2059 1889 quae

2181 1808 2420 1885 δεύτερον
2451 1810 2763 1885 δικαιοσύνη
2796 1816 2830 1884 ἡ
2871 1817 2969 1882 τήν
2999 1817 3258 1890 πρόνοιαν
3311 1823 3420 1872 τῶν
3477 1816 3824 1874 καταδεεστέ-

414 1918 660 1967 conatur
707 1916 973 1981 respectu
1008 1908 1191 1963 nostri
1242 1908 1430 1978 ipsius
1461 1909 1637 1962 vitam
1673 1907 2067 1976 intelligenter

388 1989 740 2056 'instituere.
776 1999 1026 2054 Unimur
1076 1997 1256 2068 igitur
1297 2014 1398 2067 per
1443 1998 1815 2052 sanctitatem
1863 1997 1977 2051 Deo
2009 2003 2067 2051 et

415 2091 539 2157 uni,
574 2106 674 2161 per
709 2088 1004 2158 justitiam
1056 2086 1174 2141 illis
1229 2087 1328 2158 qui
1373 2087 1663 2142 inferioris
1713 2086 2065 2141 conditionis

412 2184 552 2234 sunt
611 2177 1007 2249 providemus,
1056 2179 1112 2230 et
1170 2191 1269 2245 per
1313 2174 1684 2245 prudentiam
1734 2175 2066 2246 cognitione

410 2286 527 2324 non
561 2267 785 2338 vulgari
820 2265 1165 2319 imbuimur.
1200 2266 1353 2334 Aque
1385 2264 1578 2319 ethica
1607 2263 1794 2319 virtus
1826 2265 2064 2334 quidem

409 2375 442 2413 a
481 2354 797 2428 prudentia
845 2353 1255 2425 proﬁciscitur,
1290 2368 1478 2422 neque
1526 2358 1722 2407 tamen
1775 2369 1876 2423 per
1926 2369 2062 2422 pru-

409 2447 670 2501 dentiam
703 2449 996 2514 operatur,
1020 2443 1120 2496 sed
1147 2447 1521 2512 comparatur
1554 2458 1655 2510 per
1681 2457 1854 2495 usum
1890 2439 2064 2513 longo

411 2542 694 2606 tempore.
726 2533 1010 2588 Caeterum
1044 2538 1164 2587 tam
1197 2533 1395 2586 divina
1443 2537 1532 2586 est
1565 2537 1774 2586 natura
1806 2533 2063 2601 virtutis,

406 2629 471 2678 ut
501 2641 605 2694 per
654 2623 850 2676 omnia
900 2621 1058 2675 entia
1106 2621 1402 2691 pervadat.
1437 2620 1620 2674 Datur
1671 2621 1827 2675 enim
1879 2621 2066 2677 virtus

425 2701 901 2785 supraccelestis,
970 2709 1378 2781 coclestisque,
1440 2709 1944 2780 supramundialis
2030 2727 2060 2765 e

403 2801 727 2870 mundana,
761 2798 1032 2854 mentalis
1063 2805 1119 2852 et
1148 2799 1374 2865 animae,
1407 2798 1667 2870 angelica
1699 2798 1838 2854 item
1868 2804 2070 2871 atquct

407 2894 691 2949 humana.
725 2890 907 2946 Datur
957 2887 1133 2943 etiam
1186 2888 1313 2942 l'ons
1364 2887 1668 2954 virtutum,
1701 2904 1875 2958 quem
1925 2892 2068 2942 tunc

412 2997 830 3053 assequemur,
889 2978 1122 3048 quando
1190 2975 1519 3048 cognitione
1590 2976 1824 3048 partiali
1883 2977 2066 3032 missa

410 3073 583 3136 facta,
615 3068 1104 3141 perfectissimam
1126 3065 1398 3120 virtutem
1433 3070 1566 3120 actu
1596 3069 1653 3120 et
1681 3080 1853 3136 opere
1875 3064 2064 3136 capri-

413 3177 662 3216 memus.

895 3250 986 3304 51.
1019 3247 1205 3302 Adhuc
1248 3245 1314 3301 de
1341 3247 1566 3301 virtute.

477 3340 816 3396 Aristoteles
843 3337 1227 3410 philosophus
1250 3340 1505 3405 quatuor
1532 3333 1834 3406 generales
1864 3349 2064 3388 nume-

407 3437 498 3486 rat
536 3431 779 3485 virtutes
815 3445 827 3484 :
865 3426 1264 3500 prudentiam,
1290 3424 1608 3493 justitiam,
1657 3422 2062 3477 fortitudinem

402 3527 459 3576 et
490 3519 971 3590 temperantiam.
1007 3517 1078 3570 Et
1110 3514 1480 3584 prudentiam
1514 3511 1749 3582 quidem
1785 3511 1960 3566 refert
1991 3510 2061 3564 ad

405 3609 796 3674 intellectum,
831 3615 1068 3660 caeteras
1100 3619 1230 3656 vero
1263 3607 1378 3656 tres
1428 3601 1498 3654 ad
1551 3600 1891 3670 passibilein
1925 3600 2063 3653 effe-

406 3699 714 3767 ctibusque
747 3694 1061 3750 obnoxiam
1104 3690 1311 3745 animae
1345 3695 1592 3760 partem.
1626 3689 1813 3757 Atque
1846 3689 1926 3742 ita
1958 3703 2063 3744 nec

410 3786 781 3859 prudentiam
827 3781 1089 3854 passibili
1141 3779 1290 3850 parti
1345 3776 1574 3842 tribuit,
1609 3793 1798 3846 neque
1829 3782 2062 3831 caateras

404 3883 526 3931 tres
579 3876 826 3928 virtutes
876 3872 934 3924 in
983 3868 1287 3923 intellectu
1349 3866 1612 3920 collocat.
1646 3865 1807 3919 Plato
1863 3870 2059 3920 autem

411 3971 662 4037 quatuor
692 3963 975 4016 virtutum
1005 3957 1308 4013 constituit
1330 3955 1584 4022 ordines,
1607 3970 1637 4008 e
1669 3954 1884 4023 quibus
1916 3955 2061 4010 alias

407 4059 572 4108 vocat
605 4050 872 4122 politicas
895 4065 1020 4118 qua
1055 4046 1273 4101 homini
1310 4043 1366 4097 in
1389 4043 1506 4097 vita
1526 4044 1783 4097 versanti
1815 4050 2062 4114 possunt

409 4159 538 4198 esse
569 4142 913 4196 ornamento
943 4153 956 4191 :
993 4133 1362 4208 purgatorias
1401 4132 1571 4199 alias,
1598 4131 1860 4203 aliasque
1894 4133 2057 4188 theo-

408 4233 640 4287 reticas.
673 4227 874 4283 Furori
906 4231 1100 4282 autem
1134 4223 1396 4294 proxima
1427 4221 1608 4276 virtus
1639 4237 1672 4276 a
1700 4221 1940 4277 Platone
1971 4222 2058 4276 di-

409 4322 561 4378 citur
590 4338 719 4394 quae
748 4320 864 4375 Deo
897 4317 1155 4388 agitante
1195 4319 1284 4370 est
1319 4313 1601 4368 instincta
1632 4311 2056 4379 cnthusiasmo,

403 4413 785 4480 animamque
815 4408 951 4464 facit
973 4405 1126 4462 circa
1147 4403 1345 4459 divina
1367 4401 1663 4470 exardere,
1687 4405 1742 4455 et
1762 4399 2054 4467 bacchari,

405 4506 688 4572 tanquam
720 4497 894 4570 plena
937 4493 1324 4552 commotione
1352 4491 1549 4546 divina
1577 4494 1632 4546 et
1662 4489 1958 4562 limphatze
1990 4507 2055 4544 ac

2177 1920 2290 1974 ριον
2319 1905 2569 1955 ποιοῦσαο
2602 1903 2862 1979 φρόνησις
2893 1907 2926 1974 ἡ
2958 1907 3095 1976 πρὸς
3125 1909 3272 1978 ἡμᾶς
3303 1905 3496 1968 αὐτοὺς
3526 1909 3626 1973 τῆν
3674 1911 3822 1977 ζωήν

2173 1991 2360 2063 νοεράν
2410 1991 2798 2067 ἀπεργάζεσθαι
2863 1993 3195 2068 βουλομένη.
3249 1996 3351 2051 Καὶ
3404 1997 3506 2071 γὰρ
3560 1996 3830 2070 ἐνούμεθα

2173 2079 2308 2132 κατὰ
2357 2081 2456 2147 τήν
2516 2081 2772 2152 ὁσιότητα
2823 2084 2958 2157 πρὸς
3009 2084 3100 2138 τὸν
3143 2086 3272 2140 Θεὸν
3304 2084 3391 2139 καὶ
3420 2087 3483 2140 τὸ
3506 2085 3586 2153 ἓν,
3621 2108 3828 2161 προνο-

2176 2174 2340 2250 οῦμεν
2367 2169 2423 2225 δὲ
2452 2176 2558 2225 τῶν
2603 2170 2907 2228 ἐλαττόνων
2953 2176 3088 2230 κατὰ
3135 2176 3196 2230 τὸ
3247 2173 3476 2233 δίκαιον.
3510 2181 3723 2231 Γνῶσιν
3777 2176 3832 2233 δὶ

2175 2257 2411 2334 ἄρρητον
2444 2257 2647 2334 ἔχομεν
2679 2263 2816 2316 κατά
2851 2264 2949 2331 τὴν
2985 2260 3268 2337 φρόνησιν.
3300 2248 3372 2319 Ἠ,
3415 2265 3596 2338 μέντοι
3662 2267 3833 2336 ἠθικὴ

2176 2349 2338 2422 ἀρετή
2390 2349 2494 2404 ἀπὸ
2545 2354 2859 2427 φρονήσεως
2893 2354 2987 2424 μὲν
3020 2353 3287 2427 πρόεισιν,
3323 2353 3382 2408 οὗ
3443 2357 3632 2426 μέντοι
3702 2357 3836 2428 μετᾶ

2165 2440 2490 2511 ’φρονήσεως
2552 2439 2772 2514 ἐνεργεῖ.
2829 2440 2977 2497 ἀλλὰ
3019 2438 3185 2517 τριϐῇ
3265 2443 3472 2518 χρονίῳ
3533 2444 3835 2518 ἐγγίνεται.

2175 2529 2360 2596 Διήκει
2410 2525 2466 2582 δὲ
2520 2531 2553 2598 ἡ
2612 2536 2712 2599 τῆς
2764 2530 2957 2604 ἀρετῆς
3041 2533 3258 2602 θειότης
3315 2530 3402 2587 διὰ
3459 2535 3679 2588 πάντων
3725 2539 3836 2589 τῶν

2176 2612 2368 2672 ὄντων.
2429 2619 2578 2672 Ἔστι
2622 2621 2721 2692 γὰρ
2776 2619 2864 2674 καὶ
2925 2621 3316 2696 ὑπερουράνιος
3357 2623 3519 2697 ἀρετὴ
3573 2623 3672 2677 καὶ
3749 2625 3838 2678 οὗ·

2177 2708 2394 2781 ράνιος·
2436 2705 2526 2760 καί
2581 2708 2943 2783 ὑπερκόσμιος
2999 2710 3086 2765 καὶ
3144 2710 3455 2786 ὲγκόσμιος,
3513 2713 3604 2766 καὶ
3668 2714 3838 2788 νοερᾶ

2173 2796 2261 2849 καὶ
2294 2798 2528 2870 ψυχικὴ,
2558 2797 2647 2851 καὶ
2701 2797 2965 2874 ἀγγελική
3015 2799 3104 2854 καὶ
3148 2800 3484 2875 ἀνθρωπική.
3520 2807 3682 2856 ’Ἐστι
3744 2802 3838 2856 καὶ

2173 2885 2324 2960 πηγὴ
2382 2886 2607 2960 ἀρετῶν,
2665 2889 2730 2956 ἧς
2783 2889 2905 2944 τότε
2971 2884 3482 2962 καταλαμϐάνομεν,
3537 2890 3670 2946 ὅταν
3731 2892 3836 2960 τήν

2178 2977 2436 3048 μεριστὴν
2514 2975 2734 3053 ἀφέντες
2809 2976 3020 3047 νόησιν,
3098 2978 3463 3051 τελειωτάτην
3531 2979 3834 3052 σύμπασαν

2174 3064 2367 3138 ἀρετὴν
2402 3063 2782 3139 ἆνεργήσομεν.

2659 3254 2756 3301 va‘.
2790 3249 2908 3304 Ἔτι
2947 3247 3070 3322 περὶ
3103 3249 3325 3325 ἀρετῶν.

2246 3332 2629 3404 Ἀριστοτέλης
2660 3337 2753 3408 μὲν
2786 3337 2814 3391 ὁ
2847 3335 3150 3414 φιλόσοφος
3200 3337 3456 3413 τὲσσαρας
3483 3341 3711 3413 γενικὰς
3765 3339 3844 3412 ἒξ-

2173 3424 2393 3497 αριθμεῖ
2437 3424 2648 3494 ιτὶρετᾶις⁵
2685 3425 2971 3501 φρόνησιν,
3025 3423 3392 3496 δικαιοσύνην,
3432 3425 3687 3503 ἀνδρείαν
3746 3431 3843 3484 καὶ

2173 3511 2551 3584 σωφροσύνην.
2613 3513 2710 3567 Καὶ
2795 3515 2892 3581 τὴν
2984 3515 3078 3587 μὲν
3162 3515 3420 3592 φρόνησιν
3476 3517 3662 3571 τάττει
3735 3519 3844 3572 ὑπὸ

2171 3602 2268 3669 τὴν
2305 3597 2563 3654 διάνοιαν·
2596 3601 2690 3663 τὰς
2725 3600 2781 3656 δὲ
2813 3601 3007 3664 λοιπὰς
3053 3609 3200 3678 τρεῖς
3253 3605 3356 3659 ὑπὸ
3409 3605 3470 3659 τὸ
3521 3607 3846 3676 παθητικὸν

2171 3691 2271 3756 τῆς
2313 3690 2520 3764 ψυχῆς.
2554 3689 2659 3745 Καὶ
2692 3691 2815 3745 οὗτε
2854 3694 2953 3760 τὴν
3003 3691 3262 3769 φρόνησιν
3315 3692 3366 3748 ἐν
3413 3698 3490 3764 τῷ
3531 3702 3843 3768 παθητικῷ

2176 3780 2326 3853 μέρει
2357 3780 2694 3846 κατατάττει,
2728 3777 2850 3834 οὕτε
2872 3780 2968 3842 τὰς
3011 3787 3158 3856 τρεῖς
3213 3782 3402 3855 ἀρετὰς
3461 3782 3512 3836 ὲν
3571 3787 3648 3856 τῇ
3719 3782 3844 3839 δια-

2171 3869 2290 3938 νοίᾳ
2337 3869 2558 3924 τίθεται.
2592 3870 2653 3925 Ὀ
2708 3865 2765 3923 δὲ
2814 3866 3044 3924 Πλάτων
3076 3871 3334 3944 τέσσαρας
3382 3870 3557 3941 τάξεις
3616 3873 3841 3948 ἀρετῶν

2169 3957 2527 4026 ποιεῖται,καὶ
2557 3957 2651 4018 τὰς
2688 3959 2780 4030 μὲν
2815 3959 3072 4032 ὀνομάζει
3101 3959 3410 4029 πολιτικὰς,
3429 3961 3549 4013 ὅσαι
3577 3968 3842 4033 κοσμοῦν

2169 4070 2221 4101 σι
2250 4048 2340 4100 τὸν
2364 4046 2414 4101 ἐν
2449 4052 2526 4120 τῷ
2562 4047 2664 4122 βίῳ
2693 4046 3119 4120 πολιτευόμενον
3152 4046 3456 4123 ἄνθρωπον·
3492 4050 3562 4103 τᾶ
3607 4047 3671 4104 δὲ
3706 4065 3846 4114 x90-

2169 4137 2412 4211 αρτικὰς,
2444 4136 2538 4199 τὰς
2595 4133 2652 4191 δὲ
2694 4135 3050 4212 θεωρητικὰς.
3083 4139 3291 4206 Μανική
3353 4134 3410 4191 δὲ
3462 4138 3630 4212 ἀρετὴ
3683 4138 3852 4215 λέγε-

2168 4228 2318 4294 ταιὴ
2355 4226 2766 4300 θεοφορουμένη
2816 4225 2905 4280 καὶ
2956 4225 3304 4295 ἐνθουσιῶσα,
3338 4227 3424 4280 καὶ
3473 4227 3574 4295 τήν
3639 4232 3849 4305 ψυχῆν

2166 4315 2289 4391 περὶ
2322 4315 2383 4369 τὸ
2415 4317 2553 4368 θεῖον
2587 4309 3050 4390 ἀναϐακχεύουσα,
3083 4315 3172 4371 καὶ
3206 4318 3320 4370 οἷον
3354 4314 3659 4388 ὲνθεασμοῦ
3693 4320 3854 4390 πλή-

2169 4426 2266 4480 ρης
2317 4405 2405 4459 καὶ
2463 4399 2929 4480 κορυϐαντιάσεως
2985 4403 3266 4480 γινομένη.
3327 4405 3382 4459 Ὀ
3445 4405 3637 4478 μέντοι
3705 4412 3852 4471 Θεὸς

2163 4493 2358 4570 ἀρετῆς
2388 4491 2496 4548 ἐστι
2533 4493 2750 4566 μείζων,
2784 4491 2844 4548 οὐ
2882 4494 3047 4567 μόνον
3096 4501 3194 4564 τῆς
3255 4493 3327 4556 ὡς
3368 4490 3526 4564 ἕξεως
3576 4495 3673 4550 καὶ
3737 4505 3853 4567 τῆς

402 4589 666 4645 fanatica:
698 4589 905 4643 instar.
938 4585 1090 4641 Deus
1123 4599 1292 4655 porro
1321 4581 1538 4636 virtute
1575 4581 1760 4650 major
1789 4584 1898 4645 est,
1935 4595 2049 4634 non

2181 4582 2485 4662 ιύτοφυοῦς,
2515 4581 2659 4639 ἀλλὰ
2685 4582 2770 4638 καὶ
2803 4589 2902 4654 τῆς
2933 4581 3284 4658 αὖτοαρετῆς.

402 4680 575 4735 modo
607 4677 709 4733 illa
739 4693 862 4748 quae
911 4679 1000 4731 est
1049 4672 1304 4743 habitus,
1338 4675 1394 4727 et
1425 4668 1655 4740 qualem
1691 4674 1901 4723 natura
1942 4668 2054 4724 fert

404 4769 740 4837 hominum,
773 4766 872 4822 sed
905 4765 1081 4821 etiam
1111 4762 1242 4835 ipsa
1271 4766 1405 4816 aster
1477 4808 1482 4814 .
1513 4758 1643 4814 idea
1671 4756 1923 4812 virtutis.

900 4875 992 4927 52.
1027 4871 1217 4926 Adhuc
1243 4868 1306 4923 de
1398 4871 1556 4922 rtute.

476 4967 600 5022 Non
637 4982 754 5021 una
781 4963 1100 5031 eademque
1155 4974 1398 5013 numero
1448 4959 1537 5010 est
1585 4954 1730 5009 ratio
1780 4970 1897 5024 qua
1944 4953 2058 5008 Deo

410 5054 832 5120 assimilamur,
850 5052 948 5107 sed
969 5051 1200 5105 diversa
1223 5064 1290 5102 ac
1313 5043 1635 5115 multiplex.
1652 5041 2065 5098 Assiniilamur

405 5147 559 5200 enim
596 5143 707 5216 ipsi
757 5159 859 5213 per
897 5141 1143 5195 virtutes
1175 5135 1466 5207 politicas,
1500 5133 1601 5188 sed
1633 5131 1840 5186 exilius
1888 5136 2064 5201 atque

412 5234 722 5290 obscurius
771 5247 784 5287 :
834 5228 1237 5285 assimilamur
1292 5224 1480 5279 eidem
1536 5238 1636 5292 per
1694 5219 2066 5292 purgatorias

400 5325 673 5392 virtutes,
698 5321 801 5376 sed
831 5317 1167 5390 expressius
1202 5332 1215 5369 :
1249 5310 1654 5368 assimilamur
1683 5326 1787 5380 per
1821 5309 2062 5366 virtutes

404 5412 759 5484 theoreticas
817 5409 1149 5463 etiamnum
1205 5400 1606 5473 splendidius;
1662 5396 2064 5453 assimilamur

399 5505 576 5558 etiam
611 5517 712 5571 per
743 5497 1100 5566 theurgicas,
1135 5500 1310 5561 atque
1341 5491 1458 5543 haec
1487 5489 1726 5542 domum
1763 5486 2059 5558 perfectis-

400 5591 552 5649 sima
608 5593 698 5642 cst
756 5583 1126 5640 assimilatio.
1183 5585 1441 5648 Purgare
1500 5575 1656 5631 enim
1718 5576 2030 5644 animas,e

405 5681 562 5738 entia
595 5671 983 5746 contemplari
1031 5687 1146 5726 non
1180 5668 1424 5724 omnino
1471 5664 1680 5721 simile
1727 5663 1951 5735 aliquid
1983 5664 2064 5723 De

2661 4853 2762 4928 νβ’.
2801 4853 2920 4908 Ἔτι
2952 4851 3073 4923 περὶ
3109 4850 3311 4926 ἀρετῶν

2236 4948 2352 5001 Ὃτι
2413 4943 2507 4998 οὖν
2565 4941 2673 4998 ἔστι
2737 4941 2832 5015 μία
2889 4939 2977 4995 καὶ
3027 4942 3062 5008 ἡ
3114 4939 3248 5008 αὖτή
3306 4937 3442 4995 κατὰ
3497 4939 3755 5015 ἀριθμὸν
3815 4947 3854 5016 ἡ

2170 5039 2305 5113 πρὸς
2332 5035 2424 5089 τὸν
2457 5033 2582 5089 Θεὸν
2623 5031 2907 5104 ὁμοίωσις,
2941 5027 3088 5084 ἀλλὰ
3137 5026 3409 5106 διάφορος.
3446 5030 3856 5105 Ὁμοιοὺμεθα

2171 5127 2274 5202 γὰρ
2307 5125 2457 5196 αὐτῷ
2505 5122 2639 5177 κατὰ
2679 5121 2774 5182 τὰς
2822 5118 3110 5181 πολιτικὰς
3157 5117 3365 5193 ἀρετὰς,
3401 5116 3529 5173 ἀλλ’
3583 5119 3861 5199 ἀμυδρά-

2175 5235 2329 5290 τερον
2412 5212 2498 5266 καὶ
2581 5207 2988 5284 σκιωδέστερον.
3045 5208 3412 5282 Ὁμοιούμεθα
3467 5209 3655 5283 τούτῳ
3757 5215 3860 5268 καὶ

2177 5303 2312 5358 κατὰ
2367 5301 2460 5363 τὰς
2542 5297 2886 5374 καθαρτικὰς,
2944 5294 3071 5351 ἀλλ’
3129 5295 3506 5372 ἐκτυπότερον.
3560 5301 3858 5372 Ὀμοιοῦ-

2181 5404 2316 5466 μεθα
2347 5389 2404 5446 δὲ
2433 5389 2521 5444 καὶ
2572 5389 2708 5444 κατᾶ
2757 5388 2852 5449 τὰς
2899 5385 3257 5459 θεωρητικὰς,
3291 5384 3415 5443 ἀλλ’
3448 5383 3526 5441 ἔτι
3568 5386 3856 5466 λαμπρά-

2170 5503 2347 5558 τερον.
2395 5478 2769 5553 Ὀμοιούμεθα
2814 5475 2901 5531 καὶ
2959 5473 3095 5530 κατὰ
3144 5475 3240 5537 τὰς
3290 5474 3634 5550 θεουργικᾶς,
3697 5478 3853 5551 αὕτη

2167 5569 2297 5646 γοῦν
2357 5569 2496 5623 ἐστιν
2525 5571 2559 5637 ἡ
2588 5566 2906 5634 τελειοτάτη
2965 5563 3251 5637 ὁμοίωσις.
3281 5565 3351 5619 Τὸ
3403 5565 3500 5637 μὶν
3549 5565 3658 5642 γὰρ
3716 5572 3857 5624 καθ.

2167 5661 2406 5736 αίρεσθαι
2452 5656 2548 5722 τὰς
2601 5657 2782 5732 ψυχὰς
2839 5653 2928 5710 καὶ
2981 5654 3206 5732 θεωρεῖν
3234 5653 3302 5710 τὰ
3331 5647 3456 5710 ὅντα
3485 5653 3550 5710 υύ
3582 5656 3747 5712 πάνυ
3794 5678 3857 5714 τι
