4042 6198
240 371 338 433 ’121

1394 364 1495 425 DE
1537 360 1979 431 OMNIFARIA
2024 362 2443 428 DOCTRINA.

3531 369 3649 429 722

240 502 413 575 ὅμοιον
494 503 576 573 τῷ
640 503 779 572 Θεῷ,
847 497 1050 561 ὶκεῖνος
1103 497 1205 574 γὰρ
1266 497 1400 574 ὑπὲρ
1456 497 1713 571 κάθαρσιν
1769 492 1855 549 καὶ

1975 500 2080 565 est,
2112 495 2239 570 ipse
2287 499 2446 556 enim
2494 497 2843 572 purgatione
2895 503 2953 555 et
2997 498 3513 572 contemplatione
3558 517 3649 571 est

241 591 443 667 θεωρίαν
475 588 609 649 ἰστί,
638 590 709 644 Τὸ
741 587 800 645 δὲ
855 585 1106 643 δύνασθαι
1138 589 1407 645 θεοποιεῖν
1436 583 1742 660 ἄνθρωπον,
1772 582 1863 639 καὶ

237 686 324 748 τῆς
370 675 505 748 ὕλης
531 676 754 754 ἐξάγειν,
785 676 876 734 καὶ
914 677 1021 731 τῶν
1071 680 1256 741 παθῶν
1309 673 1692 742 ἀπαλλάττειν,
1729 673 1867 728 ὥστε

240 767 474 832 δύνασθαι
522 766 613 822 καὶ
670 766 831 823 αὐτὸν
890 768 1166 844 θεουργεῖν
1222 762 1404 840 ἕτερον
1439 812 1454 839 ,
1509 763 1671 819 τοῦτό
1728 762 1867 817 ἐστιν

238 856 622 929 ἠτελειοτάτη
688 857 978 930 ὁμοίωσις.
1057 857 1119 912 Ὀ
1175 854 1373 933 ἐξάγων
1434 854 1559 930 γὰρ,
1616 852 1777 930 φησὶν
1838 851 1867 906 6

239 946 350 1007 Θεός
402 944 452 1000 ἐν
506 944 887 1019 Εὗαγγελίοις,
948 941 1092 1016 ἄξιον
1155 943 1206 1017 ἐξ
1264 942 1502 1014 ἀναξίου,
1561 942 1636 1006 ὡς
1694 940 1868 1013 στόμα

240 1057 328 1110 μου
371 1033 540 1091 ἔσται.
597 1036 755 1111 Ὁρᾷς
814 1036 963 1098 ὅπως
1022 1032 1072 1088 ἑν
1106 1037 1175 1108 τῇ
1232 1031 1483 1108 θεουργίᾳ
1512 1032 1611 1101 τὴν
1668 1028 1869 1099 ἀληθε-

237 1124 412 1196 στάτην
477 1125 708 1179 τέθεικεν
761 1123 1106 1198 ἐξομοίωσιν.
1163 1120 1320 1179 Ἀλλ’
1349 1123 1511 1195 ἡμεῖς
1569 1120 1867 1195 ἀγαπῶμεν

237 1213 279 1270 εἲ
322 1214 405 1269 καὶ
458 1219 687 1288 κοσμεῖν
728 1211 949 1275 ἑαυτοὺς
982 1211 1073 1268 διὰ
1095 1215 1205 1268 τῶν
1253 1210 1556 1267 πολιτικῶν
1598 1207 1869 1283 δυνάμεθα

236 1305 437 1380 ἀρετῶν.

704 1489 801 1559 νγ’.
839 1482 960 1539 Ἔτι
992 1480 1114 1555 περὶ
1145 1479 1374 1556 ἀρετῶν.

294 1571 514 1629 Πλάτων
550 1574 580 1627 6
613 1569 917 1649 φιλόσοφος
966 1574 1183 1646 πρῶτον
1245 1569 1339 1643 μὲν
1400 1565 1489 1623 διὰ
1517 1570 1617 1633 τῆς
1647 1563 1866 1622 πολιτι-

233 1666 317 1733 κῆς
363 1664 559 1737 ἀρετῆς
613 1662 794 1736 ἀνάγει
840 1661 931 1715 τὸν
985 1656 1265 1735 ἄνθρωπον
1312 1658 1388 1720 εἷς
1442 1657 1593 1727 Θεὸν,
1645 1656 1720 1718 ὡς
1778 1654 1868 1710 καὶ

235 1752 413 1824 ταᾶτης
447 1751 736 1826 ἐξομοιοῦν
781 1746 1081 1823 δυναμένης
1113 1748 1177 1803 τὸ
1208 1752 1361 1804 Θεῖον
1413 1748 1549 1802 κατᾶ
1596 1745 1659 1801 τὸ
1707 1742 1865 1799 δυνα-

1974 586 2261 658 superior.
2298 591 2372 643 At
2418 605 2593 661 posse
2639 605 2707 644 ex
2754 586 2994 643 homine
3044 588 3234 643 facere
3282 588 3491 657 Deum,
3524 596 3637 648 eta

1974 677 2221 732 materia
2266 678 2632 748 abstrahere,
2663 677 3098 748 aﬂ'ectuumque
3130 677 3371 733 reddere
3422 694 3637 750 exper-

1974 769 2115 833 tem,
2153 770 2217 821 ut
2245 767 2432 839 possit
2477 773 2536 822 et
2582 767 2708 838 ipse
2739 766 2885 822 alios
2915 766 3166 821 Numine
3219 764 3487 838 implere,
3515 766 3642 821 haec

1976 856 2409 927 perfectissima
2459 863 2548 911 est
2601 873 2733 911 cum
2790 855 2887 911 illo
2940 854 3289 911 similitudo.
3342 856 3437 910 Ait
3485 856 3641 913 enim

1979 945 2134 1000 Deus
2166 945 2241 1017 (7)
2303 946 2360 1001 in
2415 946 2745 1018 Evangeliis
2776 961 2789 1000 :
2826 947 2932 1015 Qui
2978 946 3245 1001 eduxerit
3290 944 3526 1018 dignum
3572 963 3645 1003 ex

1982 1034 2231 1104 indigno,
2255 1036 2424 1106 quasi
2452 1051 2509 1091 os
2539 1052 2720 1091 meum
2756 1036 2875 1091 erit.
2897 1034 3071 1091 Vides
3094 1035 3389 1103 quomodo
3422 1034 3640 1091 Theur-

1980 1123 2075 1196 gia
2106 1123 2227 1180 sive
2257 1124 2446 1180 virtus
2480 1123 2626 1180 alios
2658 1124 2909 1180 Numine
2952 1123 3237 1197 implendi
3268 1124 3637 1181 verissimam

1980 1213 2147 1285 ponit
2203 1230 2335 1269 cum
2396 1213 2511 1269 Deo
2584 1213 3062 1270 similitudinem.
3124 1216 3404 1270 Caeterum
3467 1215 3637 1270 nobis

1979 1301 2194 1374 egregii
2249 1302 2536 1369 videmur,
2572 1302 2622 1359 si
2674 1304 2846 1359 modo
2901 1300 3153 1372 politicis
3207 1320 3313 1359 nos
3355 1319 3635 1360 exornare

1978 1391 2297 1448 virtutibus
2329 1392 2649 1464 possimus.

2470 1482 2563 1538 53.
2598 1481 2794 1539 Adhuc
2819 1482 2887 1537 de
2916 1482 3137 1538 virtute.

2055 1570 2444 1644 Philosophus
2476 1571 2640 1628 Plato
2672 1571 2927 1645 primum
2975 1588 3078 1644 per
3116 1569 3415 1643 politicam
3445 1570 3626 1627 virtu-

1978 1663 2095 1715 tem
2129 1659 2429 1715 hominem
2462 1661 2703 1717 adducit
2728 1662 2798 1716 ad
2830 1659 3041 1731 Deum,
3072 1660 3230 1731 quod
3261 1664 3317 1716 ot
3348 1658 3449 1716 illa
3480 1678 3626 1733 quo-

1979 1749 2508 1822 dammodojpossit
2532 1749 2787 1805 divinam
2811 1747 3259 1805 similitudinem
3289 1748 3526 1819 referre;
3555 1750 3627 1805 ab

234 1837 333 1900 τόν.
361 1842 497 1899 Ἀπὸ
528 1839 588 1896 δὲ
616 1840 819 1910 ταύτης
864 1838 1042 1916 ἀνάγει
1098 1836 1187 1893 διὰ
1206 1844 1306 1908 τῆς
1337 1842 1670 1912 καθαρτικῆς
1724 1838 1855 1904 ζωῆς

1977 1837 2087 1894 hac
2118 1854 2221 1911 per
2250 1839 2619 1912 purgativam
2651 1838 2826 1894 vitam
2861 1838 3129 1910 perducit
3156 1836 3227 1893 ad
3264 1838 3627 1912 contempla-

236 1931 299 1995 είς
348 1933 444 2001 τήν
505 1929 755 2007 θεωρίαν.
813 1926 1035 1998 Ἐπειδὴ
1066 1928 1192 2004 γὰρ,
1245 1926 1433 2006 φησὶν,
1465 1928 1492 1981 6
1524 1925 1653 1988 Θεὸς
1679 1922 1863 1995 διττὴν

234 2016 332 2098 ἔχει
368 2022 463 2091 τήν
522 2019 817 2096 ἐνέργειαν,
872 2019 973 2089 τήν
1021 2018 1141 2082 καθ’
1174 2020 1236 2089 ἣν
1269 2016 1320 2072 ἐν
1350 2016 1551 2093 θεωρίᾳ
1578 2020 1684 2071 τῶν
1718 2014 1862 2071 ὃλων

234 2110 350 2180 tari,
400 2110 510 2185 πρὸ
565 2108 748 2180 πάσης
789 2107 1016 2171 κτίσεως
1047 2107 1173 2172 τοὺς
1207 2104 1404 2183 λόγους
1439 2105 1614 2161 αὐτῶν
1645 2104 1862 2161 ἐπιστά-

235 2220 394 2274 μενος,
440 2200 543 2270 τὴν
596 2195 676 2269 δὲ,
724 2199 840 2252 καθ’
895 2198 957 2267 ἣν
1012 2201 1120 2252 τῶν
1180 2194 1448 2274 χειρόνων
1480 2200 1715 2251 ποιεῖται
1761 2196 1861 2264 τὴν

232 2290 489 2366 πρόνοιαν·
546 2286 637 2344 διὰ
663 2292 832 2343 ταῦτα
858 2286 949 2342 καὶ
982 2287 1010 2342 ὁ
1042 2287 1327 2364 ἄνθρωπος
1375 2284 1717 2359 μιμούμενος
1769 2284 1860 2340 τὸν

233 2380 363 2450 Θεὸν,
414 2379 468 2435 ἰν
532 2377 629 2452 μὲν
685 2382 807 2440 ταῖς
838 2376 1172 2438 πολιτικαῖς
1211 2375 1427 2450 ἀρεταῖς
1487 2374 1863 2452 ἐπιστρέφεται

232 2469 348 2545 πρὸς
374 2467 439 2523 τὰ
467 2464 620 2540 τῇδε,
671 2465 761 2522 καὶ
813 2471 1011 2541 κοσμεῖ
1063 2466 1191 2529 τοὺς
1232 2461 1681 2540 καταδεεστέρους
1746 2469 1863 2523 ταῖς

236 2558 627 2632 μετριοπάθειαν
693 2555 982 2631 φερούσαις
1035 2556 1268 2632 ἀρεταῖς.
1326 2559 1412 2608 Ἐν
1476 2550 1533 2607 δὶ
1589 2557 1667 2625 τῷ
1724 2553 1861 2607 θεω-

234 2651 326 2716 ρεῖν
356 2641 573 2714 ἀναϐὰς,
609 2646 710 2720 ὁρᾷ
738 2644 868 2707 τοὺς
899 2642 1101 2719 λόγους
1134 2642 1384 2698 ἀπάντων
1424 2641 1550 2704 τοὺς
1582 2640 1859 2721 φυσικοὺς,

231 2734 341 2797 τοὺς
383 2733 680 2811 ψυχικοὺς,
730 2734 857 2798 τοὺς
893 2732 1134 2810 νοεροῦς,
1166 2731 1293 2797 τοὺς
1326 2733 1637 2809 ὑπερφυεῖς,
1660 2731 1751 2785 καὶ
1780 2732 1861 2807 γί-

230 2843 353 2877 νεται
382 2823 605 2899 ὄργανον
634 2826 733 2879 τοῦ
764 2826 919 2895 Θεοῦ,
953 2822 1095 2895 ὁμοῦ
1117 2842 1175 2876 τε
1200 2821 1338 2897 πρὸς
1371 2818 1570 2875 ἐκεῖνον
1599 2819 1857 2896 ὁρῶνριαῖ

227 2914 319 2965 τῶν
349 2908 476 2985 τῇδε
504 2911 833 2984 ποιούμενος
891 2911 1171 2986 πρόνοιαν.
1225 2907 1378 2979 Πλὴν
1429 2906 1613 2971 ἄλλως
1656 2908 1860 2986 ἐνεργεῖ

225 3000 307 3063 τὰς
328 3000 574 3063 τοιαύτας
610 3001 803 3077 ἀρετὰς
852 2999 905 3056 ἰν
945 3001 1161 3075 σώματι
1191 3000 1322 3054 οὖσα
1346 2999 1524 3075 ψυχὴ,
1555 2995 1741 3061 ἄλλως
1801 2995 1857 3053 δὲ

227 3088 583 3166 ἀπαλλαγεῖσα
610 3094 708 3145 τοῦ
739 3091 993 3164 σώματος
1004 3136 1018 3148 .

703 3176 745 3235 δ’
798 3180 895 3237 "Et
1056 3180 1070 3200 ‘
1114 3179 1129 3197 ’
1237 3182 1265 3194 ”

667 3202 694 3234 ν
752 3223 765 3237 .
904 3201 919 3234 ι
947 3200 1072 3255 περι
1104 3199 1330 3254 αρετων.

1976 1927 2217 1983 tionem.
2250 1926 2551 1999 Siquidem
2587 1927 2823 2000 duplex,
2860 1930 2921 1983 ut
2952 1928 3033 1982 ait
3075 1926 3192 1996 ille,
3225 1930 3391 1982 actus
3423 1926 3479 1983 in
3518 1929 3628 1985 Deo

1976 2021 2065 2072 est
2098 2034 2112 2073 :
2146 2033 2301 2073 unus
2353 2021 2644 2089 quatenus
2686 2017 2742 2072 in
2776 2015 3271 2089 contemplatione
3319 2016 3627 2074 universas

1976 2110 2111 2163 ante
2143 2122 2378 2163 omnem
2429 2122 2551 2163 rem
2584 2110 2836 2162 creatam
2887 2104 3142 2162 rationes
3174 2105 3437 2162 omnium
3471 2107 3631 2162 novit

1975 2213 2040 2253 ac
2071 2200 2405 2269 perspectas
2445 2196 2642 2264 habet,
2675 2199 2731 2251 et
2762 2194 2906 2251 alter
2932 2211 3046 2266 quo
3078 2194 3360 2267 prospicit
3388 2194 3628 2251 inferio-

1972 2287 2158 2343 ribus.
2192 2286 2501 2358 Pmpterea
2533 2289 2588 2341 et
2617 2284 2794 2340 homo
2833 2284 3018 2340 Deum
3061 2283 3325 2339 imitatus
3372 2283 3626 2356 politicis

1969 2375 2292 2432 virtutibus
2325 2392 2415 2431 res
2444 2374 2623 2445 hujus
2655 2374 2787 2430 vitae
2816 2377 3005 2441 curat,
3035 2376 3212 2443 atque
3244 2389 3348 2445 per
3376 2373 3623 2431 virtutes

1973 2466 2285 2521 atl'ectuum
2346 2463 2765 2521 moderatrices
2814 2479 2983 2536 opem
3032 2463 3143 2518 fert
3192 2462 3617 2521 inferioribus:
3684 2451 3690 2457 ⁷

1970 2554 2463 2629 contemplatione
2491 2557 2686 2610 autem
2718 2554 3042 2609 ascendens
3062 2552 3327 2608 omnium
3363 2554 3618 2609 rationes

1969 2644 2250 2719 perspicit
2280 2644 2400 2700 sive
2432 2642 2750 2713 naturales,
2775 2642 2895 2699 sive
2926 2642 3280 2707 animarum,
3303 2640 3422 2697 sive
3454 2658 3616 2697 men-

1968 2735 2118 2791 tales
2168 2751 2234 2791 ac
2282 2731 2783 2807 supernaturales,
2828 2739 3000 2803 alque
3047 2731 3115 2786 fit
3156 2730 3615 2787 instrumentum

1968 2824 2091 2895 Dei,
2126 2825 2196 2879 ad
2233 2839 2406 2895 quem
2440 2821 2617 2877 simul
2663 2821 2845 2877 aciem
2881 2818 3103 2893 dirigit.
3137 2819 3204 2874 Et
3235 2819 3409 2876 rebus
3443 2820 3617 2890 hujus

1966 2914 2093 2971 vita:
2125 2913 2488 2987 prospiciens
2519 2910 2737 2978 anima,
2769 2909 2937 2966 aliter
2978 2913 3166 2965 tamen
3201 2908 3474 2966 virtutem
3508 2909 3618 2965 hu-

1958 3003 2225 3075 jusmodi
2276 3004 2503 3057 exercet
2552 3002 2694 3056 dum
2754 2999 2810 3054 in
2874 3014 3115 3071 corpore
3166 3002 3274 3069 est,
3336 2998 3619 3073 aliterque

1966 3092 2202 3166 quando
2234 3095 2323 3148 est
2355 3089 2616 3162 corporis
2648 3087 2895 3145 vinculis
2927 3088 3140 3145 soluta.

2417 3180 2507 3237 54.
2545 3177 2728 3234 Adhuc
2756 3178 2821 3233 de
2854 3177 3165 3234 virtutibus.

283 3270 342 3325 Ἠ
373 3270 467 3343 μὶν
515 3270 675 3326 οὐσία
725 3270 815 3325 καὶ
848 3268 979 3325 αὖτὸ
1026 3270 1089 3325 τὸ
1139 3269 1273 3324 εἶναι
1304 3267 1412 3323 ἀπὸ
1440 3271 1536 3323 τοῦ
1565 3271 1661 3323 νοῦ
1690 3271 1853 3322 πᾶσιν)

2037 3270 2328 3339 Essentia,
2353 3273 2410 3325 et
2441 3269 2634 3341 ipsum
2664 3268 2775 3324 hoc
2795 3267 2948 3339 quod
2977 3266 3117 3337 sint,
3142 3283 3174 3322 a
3206 3269 3400 3322 mente
3429 3267 3615 3323 omni-

226 3358 396 3438 ὶφήκει
428 3360 637 3416 καὶτοῦ
695 3357 873 3430 ὄντος,
905 3363 939 3431 ἡ
974 3358 1030 3416 δι
1060 3358 1149 3416 διὰ
1174 3364 1282 3415 τῶν
1317 3361 1517 3435 ἀρετῶν
1549 3354 1853 3432 τελειότης,

227 3448 318 3505 ἀπὸ
344 3455 439 3506 τοῦ
488 3448 621 3508 Θεοῧ
667 3449 1040 3527 παραγίνεται.
1090 3452 1294 3525 "Quae?
1325 3450 1428 3526 γὰρ
1461 3448 1520 3505 ἐκ
1547 3453 1643 3504 τοῦ
1700 3450 1853 3524 πρώ-

224 3559 319 3601 τως
342 3535 488 3603 ὄντος
544 3541 608 3596 τὸ
666 3540 748 3609 ὃν,
808 3538 981 3603 οὕτως
1011 3538 1071 3595 ἐκ
1121 3542 1216 3594 τοῦ
1270 3539 1505 3614 πρώτως
1536 3537 1743 3614 ἀγαθοῦ
1790 3540 1852 3594 τὸ

225 3626 426 3701 ἀγαθόν.
483 3627 718 3688 Μᾶλλον
768 3626 826 3685 δὲ
866 3629 956 3684 καὶ
987 3631 1021 3700 ἡ
1074 3627 1226 3684 οὐσία
1255 3629 1342 3684 καὶ
1401 3630 1436 3698 ὴ
1469 3627 1632 3704 ἀρετὴ
1665 3628 1724 3684 ἐκ
1754 3633 1851 3683 τοῦ

224 3721 364 3775 Θεοῦ.
414 3715 573 3775 Ἀλλ’
630 3721 666 3789 ἡ
704 3718 800 3792 μὲν
829 3716 984 3773 οὐσία
1030 3717 1167 3773 κατᾶ
1194 3718 1292 3786 τὴν
1325 3716 1493 3772 αὐτοῦ
1527 3713 1781 3790 πρόοδον·
1814 3720 1848 3787 ἡ

218 3803 307 3879 γὰρ
358 3806 504 3862 οὐσία
560 3811 722 3863 πᾶσιν
775 3807 879 3862 ἀπὸ
937 3811 1033 3862 τοῦ
1064 3810 1199 3862 Θεοῦ
1255 3805 1519 3882 πρόεισιν·
1572 3808 1605 3876 ἡ
1652 3803 1709 3861 δὶ
1764 3827 1851 3862 τε-

221 3890 419 3966 λειότης
490 3895 628 3951 κατᾶ
696 3897 797 3966 τὴν
870 3896 1007 3972 πρὸς
1077 3894 1237 3950 αὐτὸν
1316 3892 1688 3973 ἐπιστροφήν.
1773 3896 1850 3953 Οὑ

220 3977 417 4038 δύναται
444 3984 546 4059 γᾶρ
585 3982 944 4055 τελειωθῆναι
981 3984 1099 4039 κατ’
1122 3982 1318 4061 ἀρετὴν
1352 3982 1659 4059 ἄνθρωπος,
1694 3982 1742 4039 εἲ
1772 3985 1847 4057 μή

216 4078 304 4140 τήν
345 4071 669 4152 ἐπιστροφὴν
716 4072 856 4150 πρὸς
904 4070 997 4129 τὸν
1047 4074 1175 4129 Θεὸν
1205 4072 1468 4149 ἐνεργοίη.
1497 4075 1700 4149 ’Ὠσπερ
1747 4074 1847 4150 γὰρ

218 4159 282 4216 ὡς
331 4163 457 4237 πρὸς
487 4158 839 4238 παράδειγμα
891 4167 1194 4241 ζωγραφῶν
1244 4163 1347 4218 οὐκ
1394 4160 1451 4218 ἃν
1514 4160 1702 4227 ἄλλως
1746 4166 1847 4232 τὴν

216 4250 553 4324 προκειμίνην
612 4251 948 4328 ἀρχετυπίαν
998 4246 1217 4307 λάϐοιεν
1276 4256 1357 4324 τῷ
1417 4253 1739 4326 μιμήματι,
1801 4252 1849 4307 εἴ

220 4338 288 4407 μὴ
337 4344 568 4415 συνεχῶς
597 4341 735 4415 πρὸς
762 4340 927 4409 αὖτήν
987 4339 1320 4418 ἐπιστρὲφοι,
1380 4339 1521 4395 οὕτω
1571 4342 1657 4395 καὶ
1689 4342 1717 4396 6
1747 4343 1846 4410 τήν

218 4425 390 4500 ἀρετήν
438 4429 492 4483 ὶν
553 4430 729 4501 εαυτῷ
804 4433 1147 4505 σκιαγραφῶν
1207 4430 1241 4500 ἢ
1298 4428 1386 4483 καὶ
1443 4429 1842 4504 περιχριυννὺς,

215 4513 307 4570 οὐκ
355 4517 405 4571 ἂν
459 4515 647 4580 ἄλλως
706 4514 966 4589 δυνηθείη
1029 4516 1429 4591 ἔξομοιωθῆναι
1486 4521 1623 4589 Θεῷ,
1684 4518 1729 4573 εἷ
1764 4520 1837 4591 μή

1964 3361 2075 3417 bus
2107 3361 2311 3416 datum
2343 3363 2452 3426 est,
2475 3357 2624 3413 etab
2651 3361 2784 3412 ente
2807 3372 2819 3409 :
2846 3356 2946 3412 sed
2967 3355 3248 3411 virtutum
3272 3354 3547 3427 perfectio
3578 3373 3611 3412 a

1962 3451 2079 3508 Deo
2127 3447 2536 3523 proﬁciscitur.
2588 3446 2752 3503 Sicut
2798 3444 2952 3501 enim
3004 3460 3072 3500 ex
3119 3443 3426 3516 principali
3475 3449 3608 3501 ente

1962 3556 2088 3611 ens,
2121 3540 2205 3596 sic
2234 3556 2302 3595 ex
2332 3535 2641 3611 principali
2685 3536 2838 3592 bono
2869 3538 2957 3591 est
2987 3534 3225 3590 bonum.
3260 3533 3363 3589 Vel
3409 3534 3608 3607 potius

1960 3635 2016 3687 et
2050 3629 2305 3687 essentia
2335 3633 2391 3684 et
2418 3626 2607 3682 virtus
2638 3643 2706 3682 ex
2747 3625 2863 3680 Deo
2903 3628 3063 3691 sunt,
3095 3623 3196 3680 sed
3225 3624 3482 3681 essentia
3514 3642 3606 3680 ra-

1958 3720 2117 3777 tione
2149 3716 2417 3791 originis,
2446 3714 2697 3772 essentia
2747 3714 2904 3770 enim
2953 3713 3229 3771 omnibus
3260 3730 3293 3769 a
3324 3713 3441 3770 Deo
3473 3731 3603 3787 pro-

1962 3810 2148 3876 ﬂuxit,
2182 3807 2459 3882 perfectio
2492 3810 2688 3863 autem
2721 3805 2779 3860 in
2813 3805 3044 3876 virtute,
3073 3810 3339 3876 respectu
3370 3819 3606 3860 conver-

1959 3897 2144 3953 sionis
2176 3897 2247 3953 ad
2284 3897 2485 3951 Deum.
2520 3893 2715 3964 Neque
2758 3892 2914 3948 enim
2963 3892 3160 3965 perﬁci
3192 3892 3402 3948 virtute
3432 3893 3609 3950 homo

1959 3986 2194 4060 poterit,
2230 3984 2344 4041 nisi
2375 3985 2443 4040 ad
2476 3983 2660 4040 Deum
2707 3986 3040 4038 convertere
3089 3998 3150 4038 se
3196 3980 3487 4039 instituat.
3517 3983 3609 4040 Si-

1959 4075 2196 4147 quidem
2258 4078 2315 4129 et
2369 4073 2557 4145 pictor
2613 4070 2945 4144 exemplum
3003 4087 3392 4143 expressurus
3458 4089 3607 4129 nun-

1956 4181 2131 4236 quam
2189 4162 2518 4218 imitatione
2576 4161 2874 4234 archetypi
2940 4162 3305 4233 assequitur,
3365 4160 3477 4217 nisi
3536 4163 3604 4218 ad

1955 4252 2101 4308 illud
2153 4251 2391 4309 assidue
2443 4266 2503 4307 se
2532 4250 2898 4307 converterit.
2934 4249 3029 4304 Sic
3079 4249 3180 4322 qui
3227 4249 3503 4307 virtutem
3547 4251 3608 4307 in

1954 4358 2019 4398 se
2067 4342 2195 4415 ipso
2235 4340 2476 4396 voluerit
2530 4340 2902 4409 adumbrare,
2936 4342 3038 4393 aut
3086 4337 3382 4394 coloribus
3430 4338 3606 4394 veluti

1954 4432 2303 4497 describere,
2329 4446 2443 4485 non
2478 4428 2647 4484 aliter
2667 4429 2781 4483 Deo
2813 4427 3133 4483 assimilari
3167 4428 3401 4501 poterit,
3426 4444 3603 4500 quam

1952 4520 2001 4577 si
2037 4521 2104 4575 ad
2138 4536 2270 4576 eum
2313 4519 2679 4575 continenter
2726 4534 2788 4573 se
2836 4522 3152 4588 convertat,
3186 4522 3242 4573 et
3289 4517 3606 4573 scientiﬁca

215 4604 337 4677 πρὸς
361 4605 552 4662 ἐκεῖνον
588 4604 856 4677 διηνεκῶς
887 4605 1217 4685 ἐπιστρέφει,
1247 4606 1338 4662 καὶ
1369 4603 1457 4661 διὰ
1484 4610 1580 4660 τοῦ
1610 4604 1836 4677 ἐπιστη-

1969 4609 2171 4664 'atione
2202 4606 2808 4679 contemplationeque
2839 4605 3088 4679 exempli
3117 4606 3177 4661 in
3206 4606 3400 4680 seipso
3432 4622 3604 4662 accu-

218 4699 420 4764 μονικοῦ
447 4694 643 4772 λόγου,
675 4696 766 4751 καὶ
793 4703 895 4766 τῆς
913 4700 1011 4751 τοῦ
1041 4692 1477 4772 παραδείγματος
1502 4695 1752 4771 θεωρίας,
1784 4696 1835 4752 ἐν

217 4779 373 4855 ἑαυτῷ
399 4779 815 4862 ὲξακριϐώσεται
844 4786 906 4840 τὸ
936 4784 1318 4861 πρωτότυπον.

686 4875 779 4931 νε’.
809 4876 929 4931 Ἔτι
958 4875 1079 4942 περὶ
1116 4873 1342 4949 ἀρετῶν.

276 4960 330 5013 ’0
400 4963 492 5035 μὶν
550 4960 697 5039 ἔχων
771 4964 873 5032 τὴν
935 4963 1258 5040 θεουργικήν
1311 4963 1507 5039 ἀρετὴν
1565 4963 1846 5039 θεοπάτωρ

213 5054 654 5123 κατονομάζεται·
714 5048 901 5122 ἐπειδή
960 5054 1061 5127 γὰρ
1142 5050 1296 5115 θεοὺς
1340 5051 1468 5113 τοὺς
1529 5052 1847 5126 ἀνθρώπους

214 5132 355 5200 οὗτος
403 5141 711 5215 ἐργάζεται,
768 5139 857 5196 διὰ
910 5145 1079 5197 ταῦτα
1137 5139 1419 5217 θεοπάτωρ
1477 5140 1747 5199 καλεῖται.
1788 5145 1847 5201 Ὀ

212 5219 265 5278 δι
304 5224 433 5303 ἔχων
489 5232 594 5300 τὴν
642 5230 982 5307 θεωρητικὴν
1013 5230 1232 5302 ἀρετὴν,
1282 5232 1423 5293 θεῖος
1482 5230 1845 5302 ὀνομάζεται·

212 5310 238 5364 6
266 5310 323 5369 δὲ
358 5315 493 5395 ἶχων
543 5319 643 5387 τὴν
687 5319 1020 5396 καθαρτικήν
1053 5316 1359 5393 δαιμόνιος·
1394 5321 1422 5374 ὁ
1472 5316 1529 5374 θὶ
1576 5317 1719 5396 ἔχων
1748 5326 1849 5390 τὴν

210 5400 507 5478 πολιτικὴν,
562 5406 886 5472 σπουδαῖος.
922 5409 1216 5485 Θεοπάτωρ
1248 5406 1306 5464 δι
1328 5408 1572 5464 καλεῖται
1604 5410 1631 5464 6
1662 5411 1846 5486 θεουρ-

1956 4701 2080 4754 rate
2110 4696 2429 4753 meditetur
2461 4698 2855 4768 prototypum.

2400 4875 2490 4929 55.
2526 4873 2716 4930 Adhuc
2743 4874 2809 4929 de
2837 4874 3157 4930 virtutibus.

2025 4963 2416 5036 Theurgieam
2447 4965 2726 5018 virtutem
2780 4962 2878 5033 qui
2930 4962 3106 5018 habet
3154 4966 3321 5035 pater
3369 4963 3607 5019 divinus

1955 5052 2308 5127 appellatur,
2328 5052 2603 5124 quoniam
2640 5051 2793 5106 enim
2818 5068 2882 5107 ex
2917 5052 3260 5107 hominibus
3284 5052 3422 5109 facit
3443 5053 3607 5119 deos,

1956 5145 2057 5200 illo
2102 5143 2259 5199 venit
2307 5142 2559 5196 nomine.
2594 5141 2699 5205 Qui
2750 5140 3239 5211 contemplatoria
3286 5140 3464 5213 pollet
3490 5141 3607 5196 vir-

1956 5239 2101 5303 tute,
2127 5233 2284 5288 hunc
2316 5231 2580 5286 divinum
2611 5235 2838 5297 vocant,
2865 5232 2947 5286 uti
2974 5230 3327 5285 daemonium
3348 5230 3442 5302 qui
3468 5246 3608 5303 pur-

1957 5323 2204 5396 gatoria,
2227 5324 2325 5378 sed
2358 5320 2459 5393 qui
2490 5319 2730 5393 politica
2748 5325 2838 5376 est
2868 5321 3167 5392 praeditus,
3191 5320 3366 5377 homo
3386 5320 3609 5392 probus

1959 5412 2497 5483 dicitur.Theurgo
2554 5410 2835 5466 tribuitur
2891 5410 3076 5483 patris
3124 5409 3308 5466 divini
3367 5426 3605 5482 nomen,

1775 5535 2010 5592 NOT/E.

273 5634 340 5709 (7)
360 5638 747 5717 Jersmiaauxv,
781 5642 886 5699 19:
924 5640 1020 5695 Καὶ
1052 5638 1140 5697 ἐὰν
1173 5638 1435 5716 ἰξαγάγῃς
1457 5639 1644 5714 τίμιον
1678 5641 1845 5715 (ἄξιον

1997 5641 2180 5717 τίμιον
2215 5644 2541 5702 Constitut.
2580 5641 2838 5715 Apostol.
2872 5642 2942 5712 ll,
2972 5643 3067 5716 56)
3114 5642 3220 5697 ἀπὸ
3264 5637 3497 5712 ἀναξίου,
3529 5639 3605 5701 ὡς

209 5703 267 5759 τὸ
282 5703 456 5785 ’στόμα
490 5703 747 5787 [conﬁunt
