  <div class='ocr_page' id='page_1' title='image "/cluster/home/n/w/nwhite01/storage/ocr_20150623/122/hvd.32044073502460/375.png"; bbox 0 0 3966 6216; ppageno 0'>
   <div class='ocr_carea' id='block_1_1' title="bbox 317 292 1988 384">
    <p class='ocr_par' dir='ltr' id='par_1_1' title="bbox 317 292 1988 362">
     <span class='ocr_line' id='line_1_1' title="bbox 317 292 1988 362; baseline -0.005 -1"><span class='ocrx_word' id='word_1_1' title='bbox 317 303 436 362; x_wconf 83' lang='lat'>723</span> <span class='ocrx_word' id='word_1_2' title='bbox 1706 293 1758 352; x_wconf 85' lang='grc' dir='ltr'>Μ</span> <span class='ocrx_word' id='word_1_3' title='bbox 1772 292 1988 354; x_wconf 76' lang='grc' dir='ltr'>ΙΟΗΑῈ</span> 
     </span>
    </p>
   </div>
   <div class='ocr_carea' id='block_1_2' title="bbox 2194 292 3756 384">
    <p class='ocr_par' dir='ltr' id='par_1_2' title="bbox 2194 293 3756 384">
     <span class='ocr_line' id='line_1_2' title="bbox 2194 293 3756 384; baseline 0.001 -31"><span class='ocrx_word' id='word_1_4' title='bbox 2194 293 2446 384; x_wconf 74' lang='lat' dir='ltr'>PSELLI</span> <span class='ocrx_word' id='word_1_5' title='bbox 3628 296 3756 356; x_wconf 62' lang='grc' dir='ltr'>τοι</span> 
     </span>
    </p>
   </div>
   <div class='ocr_carea' id='block_1_3' title="bbox 323 417 1988 504">
    <p class='ocr_par' dir='ltr' id='par_1_3' title="bbox 323 424 1985 504">
     <span class='ocr_line' id='line_1_3' title="bbox 323 424 1985 504; baseline -0.005 -18"><span class='ocrx_word' id='word_1_6' title='bbox 323 430 606 504; x_wconf 89' lang='lat' dir='ltr'>quoniam</span> <span class='ocrx_word' id='word_1_7' title='bbox 637 427 818 485; x_wconf 91' lang='lat' dir='ltr'>veluti</span> <span class='ocrx_word' id='word_1_8' title='bbox 870 434 1108 497; x_wconf 77' lang='lat' dir='ltr'>generat</span> <span class='ocrx_word' id='word_1_9' title='bbox 1155 425 1411 503; x_wconf 85' lang='lat' dir='ltr'>animam</span> <span class='ocrx_word' id='word_1_10' title='bbox 1467 424 1759 497; x_wconf 86' lang='lat' dir='ltr'>ejusmodi</span> <span class='ocrx_word' id='word_1_11' title='bbox 1808 439 1985 496; x_wconf 89' lang='lat' dir='ltr'>quam</span> 
     </span>
    </p>
   </div>
   <div class='ocr_carea' id='block_1_4' title="bbox 2194 417 3756 504">
    <p class='ocr_par' dir='ltr' id='par_1_4' title="bbox 2194 417 3756 499">
     <span class='ocr_line' id='line_1_4' title="bbox 2194 417 3756 499; baseline 0.003 -24"><span class='ocrx_word' id='word_1_12' title='bbox 2194 443 2222 491; x_wconf 73' lang='grc' dir='ltr'>ς,</span> <span class='ocrx_word' id='word_1_13' title='bbox 2274 420 2364 476; x_wconf 85' lang='grc' dir='ltr'>καὶ</span> <span class='ocrx_word' id='word_1_14' title='bbox 2398 417 2569 476; x_wconf 77' lang='grc' dir='ltr'>διὰτὸ</span> <span class='ocrx_word' id='word_1_15' title='bbox 2593 426 2694 498; x_wconf 76' lang='grc' dir='ltr'>τῆς</span> <span class='ocrx_word' id='word_1_16' title='bbox 2725 423 2910 497; x_wconf 77' lang='grc' dir='ltr'>ψυχῆς</span> <span class='ocrx_word' id='word_1_17' title='bbox 2940 422 3075 492; x_wconf 76' lang='grc' dir='ltr'>εἶναι</span> <span class='ocrx_word' id='word_1_18' title='bbox 3106 424 3308 499; x_wconf 75' lang='grc' dir='ltr'>πατὴρ,</span> <span class='ocrx_word' id='word_1_19' title='bbox 3361 423 3418 478; x_wconf 77' lang='grc' dir='ltr'>’ὸν</span> <span class='ocrx_word' id='word_1_20' title='bbox 3463 423 3594 480; x_wconf 82' lang='grc' dir='ltr'>Θεὸν</span> <span class='ocrx_word' id='word_1_21' title='bbox 3653 445 3756 479; x_wconf 78' lang='grc' dir='ltr'>καο</span> 
     </span>
    </p>
   </div>
   <div class='ocr_carea' id='block_1_5' title="bbox 327 505 1988 592">
    <p class='ocr_par' dir='ltr' id='par_1_5' title="bbox 327 507 1987 592">
     <span class='ocr_line' id='line_1_5' title="bbox 327 507 1987 592; baseline -0.006 -15"><span class='ocrx_word' id='word_1_22' title='bbox 327 517 832 592; x_wconf 73' lang='lat' dir='ltr'>contemplatoria:</span> <span class='ocrx_word' id='word_1_23' title='bbox 867 507 1103 574; x_wconf 83' lang='lat' dir='ltr'>virtutis</span> <span class='ocrx_word' id='word_1_24' title='bbox 1134 533 1313 571; x_wconf 87' lang='lat' dir='ltr'>causa</span> <span class='ocrx_word' id='word_1_25' title='bbox 1364 517 1547 570; x_wconf 89' lang='lat' dir='ltr'>Deum</span> <span class='ocrx_word' id='word_1_26' title='bbox 1594 509 1987 586; x_wconf 83' lang='lat' dir='ltr'>appellamus.</span> 
     </span>
    </p>
   </div>
   <div class='ocr_carea' id='block_1_6' title="bbox 2194 505 3762 592">
    <p class='ocr_par' dir='ltr' id='par_1_6' title="bbox 2194 505 3762 589">
     <span class='ocr_line' id='line_1_6' title="bbox 2194 505 3762 589; baseline 0.003 -26"><span class='ocrx_word' id='word_1_27' title='bbox 2194 505 2307 586; x_wconf 72' lang='grc' dir='ltr'>ἱμεν</span> <span class='ocrx_word' id='word_1_28' title='bbox 2343 508 2433 566; x_wconf 79' lang='grc' dir='ltr'>διὰ</span> <span class='ocrx_word' id='word_1_29' title='bbox 2461 513 2562 580; x_wconf 75' lang='grc' dir='ltr'>τὴν</span> <span class='ocrx_word' id='word_1_30' title='bbox 2619 513 2957 586; x_wconf 73' lang='grc' dir='ltr'>θεωρητικήν</span> <span class='ocrx_word' id='word_1_31' title='bbox 2989 511 3210 589; x_wconf 78' lang='grc' dir='ltr'>ἀρετήν.</span> <span class='ocrx_word' id='word_1_32' title='bbox 3245 519 3336 568; x_wconf 83' lang='grc' dir='ltr'>Δεῖ</span> <span class='ocrx_word' id='word_1_33' title='bbox 3365 514 3457 568; x_wconf 81' lang='grc' dir='ltr'>οὗν</span> <span class='ocrx_word' id='word_1_34' title='bbox 3484 514 3578 568; x_wconf 83' lang='grc' dir='ltr'>τὸν</span> <span class='ocrx_word' id='word_1_35' title='bbox 3623 515 3762 568; x_wconf 82' lang='grc' dir='ltr'>ἀνα-</span> 
     </span>
    </p>
   </div>
   <div class='ocr_carea' id='block_1_7' title="bbox 326 599 1988 682">
    <p class='ocr_par' dir='ltr' id='par_1_7' title="bbox 326 601 1988 682">
     <span class='ocr_line' id='line_1_7' title="bbox 326 601 1988 682; baseline -0.005 -17"><span class='ocrx_word' id='word_1_36' title='bbox 326 610 570 682; x_wconf 90' lang='lat' dir='ltr'>Oportet</span> <span class='ocrx_word' id='word_1_37' title='bbox 601 607 782 680; x_wconf 81' lang='lat' dir='ltr'>igitur</span> <span class='ocrx_word' id='word_1_38' title='bbox 807 606 906 678; x_wconf 88' lang='lat' dir='ltr'>qui</span> <span class='ocrx_word' id='word_1_39' title='bbox 943 623 1042 677; x_wconf 90' lang='lat' dir='ltr'>per</span> <span class='ocrx_word' id='word_1_40' title='bbox 1065 603 1552 660; x_wconf 87' lang='lat' dir='ltr'>assimilationem</span> <span class='ocrx_word' id='word_1_41' title='bbox 1582 603 1652 658; x_wconf 86' lang='lat' dir='ltr'>ad</span> <span class='ocrx_word' id='word_1_42' title='bbox 1677 603 1859 658; x_wconf 92' lang='lat' dir='ltr'>Deum</span> <span class='ocrx_word' id='word_1_43' title='bbox 1887 601 1988 657; x_wconf 90' lang='lat' dir='ltr'>ad-</span> 
     </span>
    </p>
   </div>
   <div class='ocr_carea' id='block_1_8' title="bbox 2194 599 3759 682">
    <p class='ocr_par' dir='ltr' id='par_1_8' title="bbox 2194 599 3759 676">
     <span class='ocr_line' id='line_1_8' title="bbox 2194 599 3759 676; baseline 0.001 -21"><span class='ocrx_word' id='word_1_44' title='bbox 2194 622 2333 656; x_wconf 76' lang='lat' dir='ltr'>stov</span> <span class='ocrx_word' id='word_1_45' title='bbox 2395 599 2472 664; x_wconf 82' lang='grc' dir='ltr'>εἷς</span> <span class='ocrx_word' id='word_1_46' title='bbox 2529 605 2663 656; x_wconf 78' lang='grc' dir='ltr'>Θεοῦ</span> <span class='ocrx_word' id='word_1_47' title='bbox 2723 600 3044 675; x_wconf 78' lang='grc' dir='ltr'>ἐξομοίωσιν</span> <span class='ocrx_word' id='word_1_48' title='bbox 3104 608 3295 676; x_wconf 78' lang='grc' dir='ltr'>πρῶτα</span> <span class='ocrx_word' id='word_1_49' title='bbox 3327 603 3420 673; x_wconf 77' lang='grc' dir='ltr'>μὲν</span> <span class='ocrx_word' id='word_1_50' title='bbox 3458 601 3759 658; x_wconf 78' lang='grc' dir='ltr'>σπουδαῖον</span> 
     </span>
    </p>
   </div>
   <div class='ocr_carea' id='block_1_9' title="bbox 329 686 1988 770">
    <p class='ocr_par' dir='ltr' id='par_1_9' title="bbox 329 692 1988 770">
     <span class='ocr_line' id='line_1_9' title="bbox 329 692 1988 770; baseline -0.004 -16"><span class='ocrx_word' id='word_1_51' title='bbox 329 697 465 770; x_wconf 87' lang='lat' dir='ltr'>duci</span> <span class='ocrx_word' id='word_1_52' title='bbox 499 696 656 765; x_wconf 82' lang='lat' dir='ltr'>velit,</span> <span class='ocrx_word' id='word_1_53' title='bbox 692 695 946 769; x_wconf 90' lang='lat' dir='ltr'>primum</span> <span class='ocrx_word' id='word_1_54' title='bbox 983 694 1280 748; x_wconf 85' lang='lat' dir='ltr'>hominem</span> <span class='ocrx_word' id='word_1_55' title='bbox 1324 694 1571 765; x_wconf 90' lang='lat' dir='ltr'>probum</span> <span class='ocrx_word' id='word_1_56' title='bbox 1609 692 1753 762; x_wconf 80' lang='lat' dir='ltr'>fieri,</span> <span class='ocrx_word' id='word_1_57' title='bbox 1781 693 1988 748; x_wconf 84' lang='lat' dir='ltr'>deinde</span> 
     </span>
    </p>
   </div>
   <div class='ocr_carea' id='block_1_10' title="bbox 2194 686 3763 770">
    <p class='ocr_par' dir='ltr' id='par_1_10' title="bbox 2199 686 3763 764">
     <span class='ocr_line' id='line_1_10' title="bbox 2199 686 3763 764; baseline 0.001 -19"><span class='ocrx_word' id='word_1_58' title='bbox 2199 691 2368 764; x_wconf 84' lang='grc' dir='ltr'>έσθαι,</span> <span class='ocrx_word' id='word_1_59' title='bbox 2426 691 2536 745; x_wconf 70' lang='grc' dir='ltr'>εἶτα</span> <span class='ocrx_word' id='word_1_60' title='bbox 2597 686 2900 763; x_wconf 84' lang='grc' dir='ltr'>δαιμόνιον,</span> <span class='ocrx_word' id='word_1_61' title='bbox 2935 692 3048 746; x_wconf 61' lang='grc' dir='ltr'>εἶτα</span> <span class='ocrx_word' id='word_1_62' title='bbox 3105 698 3273 761; x_wconf 79' lang='grc' dir='ltr'>θεῖον,</span> <span class='ocrx_word' id='word_1_63' title='bbox 3320 693 3410 747; x_wconf 79' lang='grc' dir='ltr'>καὶ</span> <span class='ocrx_word' id='word_1_64' title='bbox 3443 692 3604 755; x_wconf 75' lang='grc' dir='ltr'>τέλος</span> <span class='ocrx_word' id='word_1_65' title='bbox 3637 705 3763 757; x_wconf 87' lang='grc' dir='ltr'>θεο-</span> 
     </span>
    </p>
   </div>
   <div class='ocr_carea' id='block_1_11' title="bbox 331 777 1988 856">
    <p class='ocr_par' dir='ltr' id='par_1_11' title="bbox 331 781 1988 854">
     <span class='ocr_line' id='line_1_11' title="bbox 331 781 1988 854; baseline -0.004 -11"><span class='ocrx_word' id='word_1_66' title='bbox 331 787 715 851; x_wconf 72' lang='lat' dir='ltr'>dazmonium,</span> <span class='ocrx_word' id='word_1_67' title='bbox 747 789 869 839; x_wconf 92' lang='lat' dir='ltr'>tum</span> <span class='ocrx_word' id='word_1_68' title='bbox 924 784 1188 838; x_wconf 87' lang='lat' dir='ltr'>divinum</span> <span class='ocrx_word' id='word_1_69' title='bbox 1246 788 1496 854; x_wconf 79' lang='lat' dir='ltr'>patrem.</span> <span class='ocrx_word' id='word_1_70' title='bbox 1532 783 1610 836; x_wconf 86' lang='lat' dir='ltr'>Ac</span> <span class='ocrx_word' id='word_1_71' title='bbox 1655 781 1988 854; x_wconf 85' lang='lat' dir='ltr'>contingere</span> 
     </span>
    </p>
   </div>
   <div class='ocr_carea' id='block_1_12' title="bbox 2194 777 3764 856">
    <p class='ocr_par' dir='ltr' id='par_1_12' title="bbox 2194 777 3764 856">
     <span class='ocr_line' id='line_1_12' title="bbox 2194 777 3764 856; baseline 0.001 -22"><span class='ocrx_word' id='word_1_72' title='bbox 2194 800 2338 856; x_wconf 81' lang='grc' dir='ltr'>ιορα.</span> <span class='ocrx_word' id='word_1_73' title='bbox 2407 781 2463 833; x_wconf 73' lang='grc' dir='ltr'><strong>Ὀ</strong></span> <span class='ocrx_word' id='word_1_74' title='bbox 2518 780 2612 853; x_wconf 71' lang='grc' dir='ltr'>μὲν</span> <span class='ocrx_word' id='word_1_75' title='bbox 2649 777 2739 834; x_wconf 73' lang='grc' dir='ltr'>οὖν</span> <span class='ocrx_word' id='word_1_76' title='bbox 2771 777 3053 854; x_wconf 78' lang='grc' dir='ltr'>δαιμόνιος</span> <span class='ocrx_word' id='word_1_77' title='bbox 3085 780 3174 835; x_wconf 81' lang='grc' dir='ltr'>καὶ</span> <span class='ocrx_word' id='word_1_78' title='bbox 3208 782 3235 836; x_wconf 98' lang='lat'>6</span> <span class='ocrx_word' id='word_1_79' title='bbox 3268 779 3561 846; x_wconf 77' lang='grc' dir='ltr'>σπουδαῖος</span> <span class='ocrx_word' id='word_1_80' title='bbox 3594 804 3764 854; x_wconf 81' lang='grc' dir='ltr'>μετα-</span> 
     </span>
    </p>
   </div>
   <div class='ocr_carea' id='block_1_13' title="bbox 331 864 1988 950">
    <p class='ocr_par' dir='ltr' id='par_1_13' title="bbox 331 870 1988 950">
     <span class='ocr_line' id='line_1_13' title="bbox 331 870 1988 950; baseline -0.005 -17"><span class='ocrx_word' id='word_1_81' title='bbox 331 881 524 950; x_wconf 89' lang='lat' dir='ltr'>potest</span> <span class='ocrx_word' id='word_1_82' title='bbox 556 873 896 946; x_wconf 83' lang='lat' dir='ltr'>aliquando,</span> <span class='ocrx_word' id='word_1_83' title='bbox 924 877 987 927; x_wconf 89' lang='lat' dir='ltr'>ut</span> <span class='ocrx_word' id='word_1_84' title='bbox 1017 872 1348 926; x_wconf 82' lang='lat' dir='ltr'>daemonius</span> <span class='ocrx_word' id='word_1_85' title='bbox 1377 875 1436 926; x_wconf 91' lang='lat' dir='ltr'>et</span> <span class='ocrx_word' id='word_1_86' title='bbox 1461 870 1682 942; x_wconf 88' lang='lat' dir='ltr'>probus</span> <span class='ocrx_word' id='word_1_87' title='bbox 1713 871 1890 926; x_wconf 90' lang='lat' dir='ltr'>homo</span> <span class='ocrx_word' id='word_1_88' title='bbox 1922 871 1988 925; x_wconf 91' lang='lat' dir='ltr'>ad</span> 
     </span>
    </p>
   </div>
   <div class='ocr_carea' id='block_1_14' title="bbox 2194 864 3764 950">
    <p class='ocr_par' dir='ltr' id='par_1_14' title="bbox 2194 867 3764 940">
     <span class='ocr_line' id='line_1_14' title="bbox 2194 867 3764 940; baseline 0.002 -17"><span class='ocrx_word' id='word_1_89' title='bbox 2194 867 2339 940; x_wconf 72' lang='grc' dir='ltr'>ηθείη</span> <span class='ocrx_word' id='word_1_90' title='bbox 2375 869 2433 924; x_wconf 72' lang='grc' dir='ltr'>ἂν</span> <span class='ocrx_word' id='word_1_91' title='bbox 2483 868 2573 923; x_wconf 85' lang='grc' dir='ltr'>καὶ</span> <span class='ocrx_word' id='word_1_92' title='bbox 2626 868 2700 932; x_wconf 83' lang='grc' dir='ltr'>είς</span> <span class='ocrx_word' id='word_1_93' title='bbox 2730 870 2916 925; x_wconf 87' lang='grc' dir='ltr'>κακίαν</span> <span class='ocrx_word' id='word_1_94' title='bbox 2946 869 3098 925; x_wconf 84' lang='grc' dir='ltr'>ποτέ·</span> <span class='ocrx_word' id='word_1_95' title='bbox 3126 869 3261 932; x_wconf 71' lang='grc' dir='ltr'>’ίσως</span> <span class='ocrx_word' id='word_1_96' title='bbox 3313 868 3371 926; x_wconf 76' lang='grc' dir='ltr'>δὲ</span> <span class='ocrx_word' id='word_1_97' title='bbox 3399 873 3490 926; x_wconf 80' lang='grc' dir='ltr'>καὶ</span> <span class='ocrx_word' id='word_1_98' title='bbox 3521 873 3548 926; x_wconf 97' lang='lat'>6</span> <span class='ocrx_word' id='word_1_99' title='bbox 3593 878 3764 940; x_wconf 84' lang='grc' dir='ltr'>θεῖος,</span> 
     </span>
    </p>
   </div>
   <div class='ocr_carea' id='block_1_15' title="bbox 334 957 1988 1036">
    <p class='ocr_par' dir='ltr' id='par_1_15' title="bbox 334 959 1988 1028">
     <span class='ocr_line' id='line_1_15' title="bbox 334 959 1988 1028; baseline -0.005 -6"><span class='ocrx_word' id='word_1_100' title='bbox 334 965 622 1023; x_wconf 83' lang='lat' dir='ltr'>malitiam</span> <span class='ocrx_word' id='word_1_101' title='bbox 657 968 714 1018; x_wconf 86' lang='lat' dir='ltr'>et</span> <span class='ocrx_word' id='word_1_102' title='bbox 743 961 951 1018; x_wconf 84' lang='lat' dir='ltr'>vitium</span> <span class='ocrx_word' id='word_1_103' title='bbox 1001 961 1301 1028; x_wconf 82' lang='lat' dir='ltr'>deﬂectat;</span> <span class='ocrx_word' id='word_1_104' title='bbox 1331 961 1477 1014; x_wconf 81' lang='lat' dir='ltr'>forte</span> <span class='ocrx_word' id='word_1_105' title='bbox 1507 964 1562 1014; x_wconf 86' lang='lat' dir='ltr'>et</span> <span class='ocrx_word' id='word_1_106' title='bbox 1593 961 1824 1015; x_wconf 82' lang='lat' dir='ltr'>divinus</span> <span class='ocrx_word' id='word_1_107' title='bbox 1876 959 1988 1015; x_wconf 84' lang='lat' dir='ltr'>sive</span> 
     </span>
    </p>
   </div>
   <div class='ocr_carea' id='block_1_16' title="bbox 2194 957 3765 1036">
    <p class='ocr_par' dir='ltr' id='par_1_16' title="bbox 2194 957 3765 1036">
     <span class='ocr_line' id='line_1_16' title="bbox 2194 957 3765 1036; baseline 0.001 -23"><span class='ocrx_word' id='word_1_108' title='bbox 2194 979 2229 1013; x_wconf 85' lang='grc' dir='ltr'>›ι</span> <span class='ocrx_word' id='word_1_109' title='bbox 2266 959 2294 1013; x_wconf 90' lang='lat'>6</span> <span class='ocrx_word' id='word_1_110' title='bbox 2353 957 2710 1034; x_wconf 79' lang='grc' dir='ltr'>θεωρητικός.</span> <span class='ocrx_word' id='word_1_111' title='bbox 2761 961 2822 1017; x_wconf 89' lang='grc' dir='ltr'>Ὁ</span> <span class='ocrx_word' id='word_1_112' title='bbox 2868 957 2926 1014; x_wconf 71' lang='grc' dir='ltr'>δὲ</span> <span class='ocrx_word' id='word_1_113' title='bbox 2955 960 3214 1036; x_wconf 82' lang='grc' dir='ltr'>θεουργὸς</span> <span class='ocrx_word' id='word_1_114' title='bbox 3262 958 3387 1030; x_wconf 74' lang='grc' dir='ltr'>ἤτοι</span> <span class='ocrx_word' id='word_1_115' title='bbox 3418 962 3446 1015; x_wconf 91' lang='lat'>6</span> <span class='ocrx_word' id='word_1_116' title='bbox 3477 963 3765 1035; x_wconf 82' lang='grc' dir='ltr'>θεοπάτωρ</span> 
     </span>
    </p>
   </div>
   <div class='ocr_carea' id='block_1_17' title="bbox 341 1043 1988 1125">
    <p class='ocr_par' dir='ltr' id='par_1_17' title="bbox 341 1049 1988 1122">
     <span class='ocr_line' id='line_1_17' title="bbox 341 1049 1988 1122; baseline -0.005 -11"><span class='ocrx_word' id='word_1_117' title='bbox 341 1053 672 1112; x_wconf 71' lang='lat' dir='ltr'>theoreticae</span> <span class='ocrx_word' id='word_1_118' title='bbox 703 1050 936 1104; x_wconf 89' lang='lat' dir='ltr'>virtutis</span> <span class='ocrx_word' id='word_1_119' title='bbox 966 1066 1225 1122; x_wconf 85' lang='lat' dir='ltr'>compos.</span> <span class='ocrx_word' id='word_1_120' title='bbox 1259 1051 1330 1103; x_wconf 89' lang='lat' dir='ltr'>At</span> <span class='ocrx_word' id='word_1_121' title='bbox 1373 1049 1654 1122; x_wconf 82' lang='lat' dir='ltr'>lheurgus</span> <span class='ocrx_word' id='word_1_122' title='bbox 1685 1050 1805 1104; x_wconf 82' lang='lat' dir='ltr'>sive</span> <span class='ocrx_word' id='word_1_123' title='bbox 1835 1053 1988 1121; x_wconf 75' lang='lat' dir='ltr'>pater</span> 
     </span>
    </p>
   </div>
   <div class='ocr_carea' id='block_1_18' title="bbox 2194 1043 3770 1125">
    <p class='ocr_par' dir='ltr' id='par_1_18' title="bbox 2198 1043 3770 1125">
     <span class='ocr_line' id='line_1_18' title="bbox 2198 1043 3770 1125; baseline 0.002 -23"><span class='ocrx_word' id='word_1_124' title='bbox 2198 1054 2264 1117; x_wconf 82' lang='grc' dir='ltr'>ἧς</span> <span class='ocrx_word' id='word_1_125' title='bbox 2312 1049 2458 1110; x_wconf 85' lang='grc' dir='ltr'>θείας</span> <span class='ocrx_word' id='word_1_126' title='bbox 2517 1048 2662 1110; x_wconf 82' lang='grc' dir='ltr'>ὅλως</span> <span class='ocrx_word' id='word_1_127' title='bbox 2720 1043 3027 1114; x_wconf 79' lang='grc' dir='ltr'>ἐκστάσεως</span> <span class='ocrx_word' id='word_1_128' title='bbox 3070 1051 3308 1125; x_wconf 84' lang='grc' dir='ltr'>γεγονὼς</span> <span class='ocrx_word' id='word_1_129' title='bbox 3366 1050 3466 1105; x_wconf 75' lang='grc' dir='ltr'>οὐκ</span> <span class='ocrx_word' id='word_1_130' title='bbox 3520 1049 3579 1104; x_wconf 78' lang='grc' dir='ltr'>ἂν</span> <span class='ocrx_word' id='word_1_131' title='bbox 3631 1071 3770 1105; x_wconf 86' lang='grc' dir='ltr'>ποτε</span> 
     </span>
    </p>
   </div>
   <div class='ocr_carea' id='block_1_19' title="bbox 338 1135 1988 1218">
    <p class='ocr_par' dir='ltr' id='par_1_19' title="bbox 338 1139 1988 1210">
     <span class='ocr_line' id='line_1_19' title="bbox 338 1139 1988 1210; baseline -0.002 -15"><span class='ocrx_word' id='word_1_132' title='bbox 338 1143 571 1199; x_wconf 89' lang='lat' dir='ltr'>divinus</span> <span class='ocrx_word' id='word_1_133' title='bbox 605 1146 661 1197; x_wconf 91' lang='lat' dir='ltr'>et</span> <span class='ocrx_word' id='word_1_134' title='bbox 693 1144 855 1195; x_wconf 89' lang='lat' dir='ltr'>totus</span> <span class='ocrx_word' id='word_1_135' title='bbox 887 1144 1046 1194; x_wconf 84' lang='lat' dir='ltr'>extra</span> <span class='ocrx_word' id='word_1_136' title='bbox 1078 1156 1139 1194; x_wconf 90' lang='lat' dir='ltr'>se</span> <span class='ocrx_word' id='word_1_137' title='bbox 1173 1139 1228 1192; x_wconf 92' lang='lat' dir='ltr'>in</span> <span class='ocrx_word' id='word_1_138' title='bbox 1272 1139 1386 1193; x_wconf 92' lang='lat' dir='ltr'>Deo</span> <span class='ocrx_word' id='word_1_139' title='bbox 1420 1139 1669 1210; x_wconf 89' lang='lat' dir='ltr'>positus,</span> <span class='ocrx_word' id='word_1_140' title='bbox 1697 1153 1988 1210; x_wconf 82' lang='lat' dir='ltr'>nunquam</span> 
     </span>
    </p>
   </div>
   <div class='ocr_carea' id='block_1_20' title="bbox 2194 1135 3767 1218">
    <p class='ocr_par' dir='ltr' id='par_1_20' title="bbox 2194 1135 3767 1218">
     <span class='ocr_line' id='line_1_20' title="bbox 2194 1135 3767 1218; baseline 0.003 -27"><span class='ocrx_word' id='word_1_141' title='bbox 2194 1137 2362 1208; x_wconf 75' lang='grc' dir='ltr'>εαθείη</span> <span class='ocrx_word' id='word_1_142' title='bbox 2396 1138 2532 1214; x_wconf 87' lang='grc' dir='ltr'>πρὸς</span> <span class='ocrx_word' id='word_1_143' title='bbox 2579 1140 2642 1193; x_wconf 80' lang='grc' dir='ltr'>τὸ</span> <span class='ocrx_word' id='word_1_144' title='bbox 2690 1136 2928 1194; x_wconf 82' lang='grc' dir='ltr'>ἐναντίον</span> <span class='ocrx_word' id='word_1_145' title='bbox 2960 1135 3102 1202; x_wconf 76' lang='grc' dir='ltr'>εἶδος</span> <span class='ocrx_word' id='word_1_146' title='bbox 3126 1143 3227 1210; x_wconf 78' lang='grc' dir='ltr'>τῆς</span> <span class='ocrx_word' id='word_1_147' title='bbox 3258 1139 3454 1218; x_wconf 78' lang='grc' dir='ltr'>ἀρετῆς</span> <span class='ocrx_word' id='word_1_148' title='bbox 3483 1137 3583 1213; x_wconf 76' lang='grc' dir='ltr'>ἔξω</span> <span class='ocrx_word' id='word_1_149' title='bbox 3635 1141 3767 1195; x_wconf 75' lang='grc' dir='ltr'>ἑαυ-</span> 
     </span>
    </p>
   </div>
   <div class='ocr_carea' id='block_1_21' title="bbox 339 1224 1988 1305">
    <p class='ocr_par' dir='ltr' id='par_1_21' title="bbox 339 1225 1988 1304">
     <span class='ocr_line' id='line_1_21' title="bbox 339 1225 1988 1304; baseline -0.004 -17"><span class='ocrx_word' id='word_1_150' title='bbox 339 1235 530 1304; x_wconf 88' lang='lat' dir='ltr'>potest</span> <span class='ocrx_word' id='word_1_151' title='bbox 573 1230 643 1285; x_wconf 88' lang='lat' dir='ltr'>ad</span> <span class='ocrx_word' id='word_1_152' title='bbox 680 1228 1035 1301; x_wconf 81' lang='lat' dir='ltr'>contrariam</span> <span class='ocrx_word' id='word_1_153' title='bbox 1069 1227 1273 1282; x_wconf 91' lang='lat' dir='ltr'>virtuti</span> <span class='ocrx_word' id='word_1_154' title='bbox 1322 1228 1575 1299; x_wconf 86' lang='lat' dir='ltr'>speciem</span> <span class='ocrx_word' id='word_1_155' title='bbox 1626 1225 1830 1294; x_wconf 88' lang='lat' dir='ltr'>dilabi,</span> <span class='ocrx_word' id='word_1_156' title='bbox 1862 1243 1988 1282; x_wconf 85' lang='lat' dir='ltr'>cum</span> 
     </span>
    </p>
   </div>
   <div class='ocr_carea' id='block_1_22' title="bbox 2194 1224 3176 1305">
    <p class='ocr_par' dir='ltr' id='par_1_22' title="bbox 2194 1224 3176 1305">
     <span class='ocr_line' id='line_1_22' title="bbox 2194 1224 3176 1305; baseline 0.006 -26"><span class='ocrx_word' id='word_1_157' title='bbox 2194 1231 2204 1279; x_wconf 69' lang='grc' dir='ltr'><strong>ἱ</strong></span> <span class='ocrx_word' id='word_1_158' title='bbox 2235 1224 2328 1297; x_wconf 81' lang='grc' dir='ltr'>ὥν,</span> <span class='ocrx_word' id='word_1_159' title='bbox 2361 1225 2450 1282; x_wconf 87' lang='grc' dir='ltr'>καὶ</span> <span class='ocrx_word' id='word_1_160' title='bbox 2483 1227 2611 1289; x_wconf 86' lang='grc' dir='ltr'>Θεὸς</span> <span class='ocrx_word' id='word_1_161' title='bbox 2643 1226 2888 1305; x_wconf 76' lang='grc' dir='ltr'>ἀτεχνῶς</span> <span class='ocrx_word' id='word_1_162' title='bbox 2916 1230 3176 1305; x_wconf 86' lang='grc' dir='ltr'>γεγονώς.</span> 
     </span>
    </p>
   </div>
   <div class='ocr_carea' id='block_1_23' title="bbox 340 1315 1883 1388">
    <p class='ocr_par' dir='ltr' id='par_1_23' title="bbox 340 1315 1883 1388">
     <span class='ocr_line' id='line_1_23' title="bbox 340 1315 1883 1388; baseline -0.003 -11"><span class='ocrx_word' id='word_1_163' title='bbox 340 1325 501 1377; x_wconf 88' lang='lat' dir='ltr'>totus</span> <span class='ocrx_word' id='word_1_164' title='bbox 531 1323 698 1377; x_wconf 80' lang='lat' dir='ltr'>extra</span> <span class='ocrx_word' id='word_1_165' title='bbox 729 1335 790 1374; x_wconf 91' lang='lat' dir='ltr'>se</span> <span class='ocrx_word' id='word_1_166' title='bbox 821 1321 876 1372; x_wconf 80' lang='lat' dir='ltr'>et</span> <span class='ocrx_word' id='word_1_167' title='bbox 907 1317 1062 1373; x_wconf 88' lang='lat' dir='ltr'>Deus</span> <span class='ocrx_word' id='word_1_168' title='bbox 1095 1317 1532 1388; x_wconf 89' lang='lat' dir='ltr'>quodammodo</span> <span class='ocrx_word' id='word_1_169' title='bbox 1564 1317 1755 1373; x_wconf 87' lang='lat' dir='ltr'>factus</span> <span class='ocrx_word' id='word_1_170' title='bbox 1787 1315 1883 1372; x_wconf 86' lang='lat' dir='ltr'>sit.</span> 
     </span>
    </p>
   </div>
   <div class='ocr_carea' id='block_1_24' title="bbox 796 1460 1550 1517">
    <p class='ocr_par' dir='ltr' id='par_1_24' title="bbox 796 1460 1550 1517">
     <span class='ocr_line' id='line_1_24' title="bbox 796 1460 1550 1517; baseline -0.003 -1"><span class='ocrx_word' id='word_1_171' title='bbox 796 1463 886 1517; x_wconf 82' lang='lat'>56.</span> <span class='ocrx_word' id='word_1_172' title='bbox 920 1461 1110 1517; x_wconf 77' lang='lat' dir='ltr'>Adhuc</span> <span class='ocrx_word' id='word_1_173' title='bbox 1138 1461 1202 1516; x_wconf 85' lang='lat' dir='ltr'>de</span> <span class='ocrx_word' id='word_1_174' title='bbox 1229 1460 1550 1515; x_wconf 73' lang='lat' dir='ltr'>virtutibus.</span> 
     </span>
    </p>
   </div>
   <div class='ocr_carea' id='block_1_25' title="bbox 414 1575 2002 1648">
    <p class='ocr_par' dir='ltr' id='par_1_25' title="bbox 414 1575 2002 1648">
     <span class='ocr_line' id='line_1_25' title="bbox 414 1575 2002 1648; baseline -0.003 -13"><span class='ocrx_word' id='word_1_175' title='bbox 414 1580 552 1635; x_wconf 90' lang='lat' dir='ltr'>Tria</span> <span class='ocrx_word' id='word_1_176' title='bbox 581 1579 703 1634; x_wconf 67' lang='lat' dir='ltr'>haec</span> <span class='ocrx_word' id='word_1_177' title='bbox 736 1579 1048 1634; x_wconf 86' lang='lat' dir='ltr'>animabus</span> <span class='ocrx_word' id='word_1_178' title='bbox 1093 1577 1298 1631; x_wconf 87' lang='lat' dir='ltr'>insunt</span> <span class='ocrx_word' id='word_1_179' title='bbox 1338 1575 1610 1645; x_wconf 81' lang='lat' dir='ltr'>facultas,</span> <span class='ocrx_word' id='word_1_180' title='bbox 1644 1575 1860 1648; x_wconf 86' lang='lat' dir='ltr'>passio,</span> <span class='ocrx_word' id='word_1_181' title='bbox 1895 1575 2002 1631; x_wconf 86' lang='lat' dir='ltr'>ha-</span> 
     </span>
    </p>
   </div>
   <div class='ocr_carea' id='block_1_26' title="bbox 343 1665 2002 1738">
    <p class='ocr_par' dir='ltr' id='par_1_26' title="bbox 343 1665 2002 1738">
     <span class='ocr_line' id='line_1_26' title="bbox 343 1665 2002 1738; baseline -0.004 -13"><span class='ocrx_word' id='word_1_182' title='bbox 343 1670 522 1726; x_wconf 90' lang='lat' dir='ltr'>bitus.</span> <span class='ocrx_word' id='word_1_183' title='bbox 547 1669 862 1724; x_wconf 88' lang='lat' dir='ltr'>Passiones</span> <span class='ocrx_word' id='word_1_184' title='bbox 886 1667 1120 1738; x_wconf 90' lang='lat' dir='ltr'>quidem</span> <span class='ocrx_word' id='word_1_185' title='bbox 1148 1670 1288 1721; x_wconf 90' lang='lat' dir='ltr'>sunt</span> <span class='ocrx_word' id='word_1_186' title='bbox 1309 1666 1623 1737; x_wconf 82' lang='lat' dir='ltr'>cupiditas,</span> <span class='ocrx_word' id='word_1_187' title='bbox 1654 1665 1760 1734; x_wconf 87' lang='lat' dir='ltr'>ira,</span> <span class='ocrx_word' id='word_1_188' title='bbox 1788 1670 2002 1737; x_wconf 87' lang='lat' dir='ltr'>metus,</span> 
     </span>
    </p>
   </div>
   <div class='ocr_carea' id='block_1_27' title="bbox 356 1753 2005 1830">
    <p class='ocr_par' dir='ltr' id='par_1_27' title="bbox 356 1753 2005 1830">
     <span class='ocr_line' id='line_1_27' title="bbox 356 1753 2005 1830; baseline -0.004 -16"><span class='ocrx_word' id='word_1_189' title='bbox 356 1758 600 1824; x_wconf 88' lang='lat' dir='ltr'>invidia,</span> <span class='ocrx_word' id='word_1_190' title='bbox 625 1757 1001 1830; x_wconf 77' lang='lat' dir='ltr'>confidentia,</span> <span class='ocrx_word' id='word_1_191' title='bbox 1043 1756 1351 1828; x_wconf 83' lang='lat' dir='ltr'>gaudium,</span> <span class='ocrx_word' id='word_1_192' title='bbox 1383 1772 1549 1810; x_wconf 89' lang='lat' dir='ltr'>amor</span> <span class='ocrx_word' id='word_1_193' title='bbox 1593 1755 1815 1824; x_wconf 90' lang='lat' dir='ltr'>odium,</span> <span class='ocrx_word' id='word_1_194' title='bbox 1849 1753 2005 1810; x_wconf 90' lang='lat' dir='ltr'>desi-</span> 
     </span>
    </p>
   </div>
   <div class='ocr_carea' id='block_1_28' title="bbox 349 1843 2007 1915">
    <p class='ocr_par' dir='ltr' id='par_1_28' title="bbox 349 1843 2007 1915">
     <span class='ocr_line' id='line_1_28' title="bbox 349 1843 2007 1915; baseline -0.004 -11"><span class='ocrx_word' id='word_1_195' title='bbox 349 1849 602 1915; x_wconf 89' lang='lat' dir='ltr'>derium,</span> <span class='ocrx_word' id='word_1_196' title='bbox 635 1845 957 1915; x_wconf 68' lang='lat' dir='ltr'>aemulatio,</span> <span class='ocrx_word' id='word_1_197' title='bbox 992 1844 1420 1900; x_wconf 86' lang='lat' dir='ltr'>misericordia.</span> <span class='ocrx_word' id='word_1_198' title='bbox 1456 1844 1724 1900; x_wconf 86' lang='lat' dir='ltr'>Facultas</span> <span class='ocrx_word' id='word_1_199' title='bbox 1756 1860 1887 1899; x_wconf 90' lang='lat' dir='ltr'>vero</span> <span class='ocrx_word' id='word_1_200' title='bbox 1918 1843 2007 1899; x_wconf 90' lang='lat' dir='ltr'>est</span> 
     </span>
    </p>
   </div>
   <div class='ocr_carea' id='block_1_29' title="bbox 354 1932 2004 2010">
    <p class='ocr_par' dir='ltr' id='par_1_29' title="bbox 354 1932 2004 2010">
     <span class='ocr_line' id='line_1_29' title="bbox 354 1932 2004 2010; baseline -0.003 -18"><span class='ocrx_word' id='word_1_201' title='bbox 354 1955 470 2010; x_wconf 89' lang='lat' dir='ltr'>qua</span> <span class='ocrx_word' id='word_1_202' title='bbox 514 1935 818 2009; x_wconf 87' lang='lat' dir='ltr'>passiones</span> <span class='ocrx_word' id='word_1_203' title='bbox 868 1936 1012 1990; x_wconf 87' lang='lat' dir='ltr'>istas</span> <span class='ocrx_word' id='word_1_204' title='bbox 1062 1935 1279 1990; x_wconf 88' lang='lat' dir='ltr'>sentire</span> <span class='ocrx_word' id='word_1_205' title='bbox 1329 1950 1666 2006; x_wconf 86' lang='lat' dir='ltr'>possumus,</span> <span class='ocrx_word' id='word_1_206' title='bbox 1695 1933 1867 1988; x_wconf 86' lang='lat' dir='ltr'>irasci</span> <span class='ocrx_word' id='word_1_207' title='bbox 1915 1932 2004 1988; x_wconf 90' lang='lat' dir='ltr'>vel</span> 
     </span>
    </p>
   </div>
   <div class='ocr_carea' id='block_1_30' title="bbox 352 2017 2008 2096">
    <p class='ocr_par' dir='ltr' id='par_1_30' title="bbox 352 2017 2008 2096">
     <span class='ocr_line' id='line_1_30' title="bbox 352 2017 2008 2096; baseline -0.003 -14"><span class='ocrx_word' id='word_1_208' title='bbox 352 2027 546 2083; x_wconf 91' lang='lat' dir='ltr'>dolere</span> <span class='ocrx_word' id='word_1_209' title='bbox 593 2025 681 2081; x_wconf 94' lang='lat' dir='ltr'>vel</span> <span class='ocrx_word' id='word_1_210' title='bbox 742 2024 1028 2081; x_wconf 88' lang='lat' dir='ltr'>misereri.</span> <span class='ocrx_word' id='word_1_211' title='bbox 1076 2024 1323 2079; x_wconf 88' lang='lat' dir='ltr'>Habitus</span> <span class='ocrx_word' id='word_1_212' title='bbox 1380 2017 1658 2095; x_wconf 88' lang='lat' dir='ltr'>denique,</span> <span class='ocrx_word' id='word_1_213' title='bbox 1691 2040 1804 2096; x_wconf 91' lang='lat' dir='ltr'>quo</span> <span class='ocrx_word' id='word_1_214' title='bbox 1863 2024 2008 2078; x_wconf 88' lang='lat' dir='ltr'>bene</span> 
     </span>
    </p>
   </div>
   <div class='ocr_carea' id='block_1_31' title="bbox 349 2110 2008 2186">
    <p class='ocr_par' dir='ltr' id='par_1_31' title="bbox 349 2110 2008 2186">
     <span class='ocr_line' id='line_1_31' title="bbox 349 2110 2008 2186; baseline -0.003 -15"><span class='ocrx_word' id='word_1_215' title='bbox 349 2114 438 2172; x_wconf 89' lang='lat' dir='ltr'>vel</span> <span class='ocrx_word' id='word_1_216' title='bbox 490 2114 640 2172; x_wconf 88' lang='lat' dir='ltr'>male</span> <span class='ocrx_word' id='word_1_217' title='bbox 683 2131 789 2171; x_wconf 89' lang='lat' dir='ltr'>nos</span> <span class='ocrx_word' id='word_1_218' title='bbox 821 2115 893 2170; x_wconf 91' lang='lat' dir='ltr'>ad</span> <span class='ocrx_word' id='word_1_219' title='bbox 942 2113 1248 2185; x_wconf 89' lang='lat' dir='ltr'>passiones</span> <span class='ocrx_word' id='word_1_220' title='bbox 1298 2112 1581 2186; x_wconf 87' lang='lat' dir='ltr'>gerimus,</span> <span class='ocrx_word' id='word_1_221' title='bbox 1616 2116 1682 2168; x_wconf 89' lang='lat' dir='ltr'>ut</span> <span class='ocrx_word' id='word_1_222' title='bbox 1729 2113 1790 2167; x_wconf 92' lang='lat' dir='ltr'>in</span> <span class='ocrx_word' id='word_1_223' title='bbox 1840 2112 1927 2166; x_wconf 89' lang='lat' dir='ltr'>ira</span> <span class='ocrx_word' id='word_1_224' title='bbox 1956 2110 2008 2168; x_wconf 90' lang='lat' dir='ltr'>si</span> 
     </span>
    </p>
   </div>
   <div class='ocr_carea' id='block_1_32' title="bbox 347 2200 2007 2274">
    <p class='ocr_par' dir='ltr' id='par_1_32' title="bbox 347 2200 2007 2274">
     <span class='ocr_line' id='line_1_32' title="bbox 347 2200 2007 2274; baseline -0.001 -15"><span class='ocrx_word' id='word_1_225' title='bbox 347 2205 752 2262; x_wconf 88' lang='lat' dir='ltr'>vehementius</span> <span class='ocrx_word' id='word_1_226' title='bbox 787 2203 873 2260; x_wconf 90' lang='lat' dir='ltr'>vel</span> <span class='ocrx_word' id='word_1_227' title='bbox 929 2203 1239 2259; x_wconf 86' lang='lat' dir='ltr'>remissius</span> <span class='ocrx_word' id='word_1_228' title='bbox 1271 2204 1435 2274; x_wconf 89' lang='lat' dir='ltr'>justo</span> <span class='ocrx_word' id='word_1_229' title='bbox 1486 2201 1820 2272; x_wconf 87' lang='lat' dir='ltr'>irascimur,</span> <span class='ocrx_word' id='word_1_230' title='bbox 1855 2200 2007 2257; x_wconf 91' lang='lat' dir='ltr'>male</span> 
     </span>
    </p>
   </div>
   <div class='ocr_carea' id='block_1_33' title="bbox 349 2289 2013 2368">
    <p class='ocr_par' dir='ltr' id='par_1_33' title="bbox 349 2289 2013 2368">
     <span class='ocr_line' id='line_1_33' title="bbox 349 2289 2013 2368; baseline -0.003 -18"><span class='ocrx_word' id='word_1_231' title='bbox 349 2294 603 2368; x_wconf 87' lang='lat' dir='ltr'>agimus,</span> <span class='ocrx_word' id='word_1_232' title='bbox 636 2299 811 2366; x_wconf 88' lang='lat' dir='ltr'>atque</span> <span class='ocrx_word' id='word_1_233' title='bbox 844 2293 923 2348; x_wconf 90' lang='lat' dir='ltr'>ita</span> <span class='ocrx_word' id='word_1_234' title='bbox 976 2293 1034 2347; x_wconf 93' lang='lat' dir='ltr'>in</span> <span class='ocrx_word' id='word_1_235' title='bbox 1075 2292 1324 2349; x_wconf 86' lang='lat' dir='ltr'>caeteris.</span> <span class='ocrx_word' id='word_1_236' title='bbox 1356 2291 1619 2346; x_wconf 83' lang='lat' dir='ltr'>Virtutes</span> <span class='ocrx_word' id='word_1_237' title='bbox 1651 2289 1852 2362; x_wconf 88' lang='lat' dir='ltr'>itaque</span> <span class='ocrx_word' id='word_1_238' title='bbox 1903 2306 2013 2345; x_wconf 90' lang='lat' dir='ltr'>nec</span> 
     </span>
    </p>
   </div>
   <div class='ocr_carea' id='block_1_34' title="bbox 348 2382 2014 2458">
    <p class='ocr_par' dir='ltr' id='par_1_34' title="bbox 348 2382 2014 2458">
     <span class='ocr_line' id='line_1_34' title="bbox 348 2382 2014 2458; baseline -0.003 -17"><span class='ocrx_word' id='word_1_239' title='bbox 348 2386 654 2458; x_wconf 87' lang='lat' dir='ltr'>passiones</span> <span class='ocrx_word' id='word_1_240' title='bbox 701 2389 840 2440; x_wconf 90' lang='lat' dir='ltr'>sunt</span> <span class='ocrx_word' id='word_1_241' title='bbox 891 2400 995 2440; x_wconf 90' lang='lat' dir='ltr'>nec</span> <span class='ocrx_word' id='word_1_242' title='bbox 1048 2384 1380 2447; x_wconf 80' lang='lat' dir='ltr'>facultates,</span> <span class='ocrx_word' id='word_1_243' title='bbox 1416 2384 1519 2438; x_wconf 90' lang='lat' dir='ltr'>sed</span> <span class='ocrx_word' id='word_1_244' title='bbox 1575 2382 1837 2453; x_wconf 87' lang='lat' dir='ltr'>habitus,</span> <span class='ocrx_word' id='word_1_245' title='bbox 1889 2399 2014 2437; x_wconf 91' lang='lat' dir='ltr'>non</span> 
     </span>
    </p>
   </div>
   <div class='ocr_carea' id='block_1_35' title="bbox 349 2471 2017 2548">
    <p class='ocr_par' dir='ltr' id='par_1_35' title="bbox 349 2471 2017 2548">
     <span class='ocr_line' id='line_1_35' title="bbox 349 2471 2017 2548; baseline -0.003 -17"><span class='ocrx_word' id='word_1_246' title='bbox 349 2476 505 2532; x_wconf 90' lang='lat' dir='ltr'>enim</span> <span class='ocrx_word' id='word_1_247' title='bbox 535 2492 568 2530; x_wconf 90' lang='lat' dir='ltr'>a</span> <span class='ocrx_word' id='word_1_248' title='bbox 597 2475 980 2548; x_wconf 90' lang='lat' dir='ltr'>passionibus</span> <span class='ocrx_word' id='word_1_249' title='bbox 1038 2475 1298 2528; x_wconf 86' lang='lat' dir='ltr'>dicimur</span> <span class='ocrx_word' id='word_1_250' title='bbox 1342 2472 1480 2528; x_wconf 91' lang='lat' dir='ltr'>boni</span> <span class='ocrx_word' id='word_1_251' title='bbox 1511 2471 1598 2527; x_wconf 90' lang='lat' dir='ltr'>vel</span> <span class='ocrx_word' id='word_1_252' title='bbox 1631 2473 1814 2543; x_wconf 90' lang='lat' dir='ltr'>pravi,</span> <span class='ocrx_word' id='word_1_253' title='bbox 1849 2472 1949 2527; x_wconf 91' lang='lat' dir='ltr'>sed</span> <span class='ocrx_word' id='word_1_254' title='bbox 1984 2489 2017 2526; x_wconf 90' lang='lat' dir='ltr'>a</span> 
     </span>
    </p>
   </div>
   <div class='ocr_carea' id='block_1_36' title="bbox 362 2561 2017 2634">
    <p class='ocr_par' dir='ltr' id='par_1_36' title="bbox 362 2561 2017 2634">
     <span class='ocr_line' id='line_1_36' title="bbox 362 2561 2017 2634; baseline -0.002 -15"><span class='ocrx_word' id='word_1_255' title='bbox 362 2563 682 2620; x_wconf 88' lang='lat' dir='ltr'>virtutibus</span> <span class='ocrx_word' id='word_1_256' title='bbox 714 2580 781 2619; x_wconf 89' lang='lat' dir='ltr'>ac</span> <span class='ocrx_word' id='word_1_257' title='bbox 809 2563 966 2618; x_wconf 85' lang='lat' dir='ltr'>vitiis</span> <span class='ocrx_word' id='word_1_258' title='bbox 1017 2562 1098 2617; x_wconf 88' lang='lat' dir='ltr'>ita</span> <span class='ocrx_word' id='word_1_259' title='bbox 1147 2578 1581 2634; x_wconf 89' lang='lat' dir='ltr'>nuncupamur.</span> <span class='ocrx_word' id='word_1_260' title='bbox 1613 2565 1691 2616; x_wconf 81' lang='lat' dir='ltr'>Ac</span> <span class='ocrx_word' id='word_1_261' title='bbox 1739 2561 2017 2616; x_wconf 87' lang='lat' dir='ltr'>timemus</span> 
     </span>
    </p>
   </div>
   <div class='ocr_carea' id='block_1_37' title="bbox 354 2651 2020 2727">
    <p class='ocr_par' dir='ltr' id='par_1_37' title="bbox 354 2651 2020 2727">
     <span class='ocr_line' id='line_1_37' title="bbox 354 2651 2020 2727; baseline 0 -19"><span class='ocrx_word' id='word_1_262' title='bbox 354 2653 592 2727; x_wconf 85' lang='lat' dir='ltr'>quidem</span> <span class='ocrx_word' id='word_1_263' title='bbox 623 2653 709 2708; x_wconf 89' lang='lat' dir='ltr'>vel</span> <span class='ocrx_word' id='word_1_264' title='bbox 768 2651 1081 2708; x_wconf 90' lang='lat' dir='ltr'>irascimur</span> <span class='ocrx_word' id='word_1_265' title='bbox 1132 2653 1260 2707; x_wconf 86' lang='lat' dir='ltr'>sine</span> <span class='ocrx_word' id='word_1_266' title='bbox 1314 2651 1648 2723; x_wconf 88' lang='lat' dir='ltr'>proposito;</span> <span class='ocrx_word' id='word_1_267' title='bbox 1683 2655 1740 2706; x_wconf 89' lang='lat' dir='ltr'>at</span> <span class='ocrx_word' id='word_1_268' title='bbox 1769 2651 2020 2708; x_wconf 88' lang='lat' dir='ltr'>virtutes</span> 
     </span>
    </p>
   </div>
   <div class='ocr_carea' id='block_1_38' title="bbox 357 2741 2016 2816">
    <p class='ocr_par' dir='ltr' id='par_1_38' title="bbox 357 2741 2016 2816">
     <span class='ocr_line' id='line_1_38' title="bbox 357 2741 2016 2816; baseline -0.001 -17"><span class='ocrx_word' id='word_1_269' title='bbox 357 2761 422 2799; x_wconf 80' lang='lat' dir='ltr'>ex</span> <span class='ocrx_word' id='word_1_270' title='bbox 455 2743 753 2816; x_wconf 88' lang='lat' dir='ltr'>proposito</span> <span class='ocrx_word' id='word_1_271' title='bbox 787 2746 950 2808; x_wconf 90' lang='lat' dir='ltr'>sunt,</span> <span class='ocrx_word' id='word_1_272' title='bbox 986 2745 1088 2798; x_wconf 89' lang='lat' dir='ltr'>aut</span> <span class='ocrx_word' id='word_1_273' title='bbox 1119 2759 1234 2797; x_wconf 89' lang='lat' dir='ltr'>non</span> <span class='ocrx_word' id='word_1_274' title='bbox 1274 2741 1401 2797; x_wconf 90' lang='lat' dir='ltr'>sine</span> <span class='ocrx_word' id='word_1_275' title='bbox 1446 2741 1764 2813; x_wconf 83' lang='lat' dir='ltr'>proposito.</span> <span class='ocrx_word' id='word_1_276' title='bbox 1799 2744 1845 2796; x_wconf 86' lang='lat' dir='ltr'><strong>A</strong></span> <span class='ocrx_word' id='word_1_277' title='bbox 1877 2759 2016 2814; x_wconf 88' lang='lat' dir='ltr'>pas-</span> 
     </span>
    </p>
   </div>
   <div class='ocr_carea' id='block_1_39' title="bbox 359 2831 2015 2890">
    <p class='ocr_par' dir='ltr' id='par_1_39' title="bbox 359 2831 2015 2890">
     <span class='ocr_line' id='line_1_39' title="bbox 359 2831 2015 2890; baseline -0.002 -1"><span class='ocrx_word' id='word_1_278' title='bbox 359 2833 627 2890; x_wconf 89' lang='lat' dir='ltr'>sionibus</span> <span class='ocrx_word' id='word_1_279' title='bbox 657 2832 834 2888; x_wconf 88' lang='lat' dir='ltr'>etiam</span> <span class='ocrx_word' id='word_1_280' title='bbox 867 2833 1084 2888; x_wconf 90' lang='lat' dir='ltr'>moveri</span> <span class='ocrx_word' id='word_1_281' title='bbox 1117 2831 1408 2886; x_wconf 85' lang='lat' dir='ltr'>dicimur:</span> <span class='ocrx_word' id='word_1_282' title='bbox 1444 2848 1475 2885; x_wconf 91' lang='lat' dir='ltr'>a</span> <span class='ocrx_word' id='word_1_283' title='bbox 1507 2831 1664 2886; x_wconf 89' lang='lat' dir='ltr'>vitiis</span> <span class='ocrx_word' id='word_1_284' title='bbox 1695 2836 1891 2886; x_wconf 89' lang='lat' dir='ltr'>autem</span> <span class='ocrx_word' id='word_1_285' title='bbox 1929 2831 2015 2887; x_wconf 86' lang='lat' dir='ltr'>vel</span> 
     </span>
    </p>
   </div>
   <div class='ocr_carea' id='block_1_40' title="bbox 359 2919 2016 2986">
    <p class='ocr_par' dir='ltr' id='par_1_40' title="bbox 359 2919 2016 2986">
     <span class='ocr_line' id='line_1_40' title="bbox 359 2919 2016 2986; baseline 0.001 -10"><span class='ocrx_word' id='word_1_286' title='bbox 359 2921 680 2978; x_wconf 88' lang='lat' dir='ltr'>virtutibus</span> <span class='ocrx_word' id='word_1_287' title='bbox 732 2938 845 2977; x_wconf 90' lang='lat' dir='ltr'>non</span> <span class='ocrx_word' id='word_1_288' title='bbox 898 2919 1153 2976; x_wconf 90' lang='lat' dir='ltr'>dicimur</span> <span class='ocrx_word' id='word_1_289' title='bbox 1201 2919 1442 2986; x_wconf 91' lang='lat' dir='ltr'>moveri,</span> <span class='ocrx_word' id='word_1_290' title='bbox 1475 2921 1576 2976; x_wconf 89' lang='lat' dir='ltr'>sed</span> <span class='ocrx_word' id='word_1_291' title='bbox 1627 2920 1736 2976; x_wconf 90' lang='lat' dir='ltr'>hoc</span> <span class='ocrx_word' id='word_1_292' title='bbox 1765 2920 1855 2976; x_wconf 89' lang='lat' dir='ltr'>vel</span> <span class='ocrx_word' id='word_1_293' title='bbox 1905 2920 2016 2977; x_wconf 89' lang='lat' dir='ltr'>alio</span> 
     </span>
    </p>
   </div>
   <div class='ocr_carea' id='block_1_41' title="bbox 371 3011 1084 3083">
    <p class='ocr_par' dir='ltr' id='par_1_41' title="bbox 371 3011 1084 3083">
     <span class='ocr_line' id='line_1_41' title="bbox 371 3011 1084 3083; baseline -0.006 -15"><span class='ocrx_word' id='word_1_294' title='bbox 371 3014 547 3068; x_wconf 91' lang='lat' dir='ltr'>modo</span> <span class='ocrx_word' id='word_1_295' title='bbox 578 3011 901 3083; x_wconf 85' lang='lat' dir='ltr'>comparati</span> <span class='ocrx_word' id='word_1_296' title='bbox 934 3025 1084 3067; x_wconf 92' lang='lat' dir='ltr'>esse.</span> 
     </span>
    </p>
   </div>
   <div class='ocr_carea' id='block_1_42' title="bbox 807 3149 1563 3208">
    <p class='ocr_par' dir='ltr' id='par_1_42' title="bbox 807 3149 1563 3208">
     <span class='ocr_line' id='line_1_42' title="bbox 807 3149 1563 3208; baseline 0 -2"><span class='ocrx_word' id='word_1_297' title='bbox 807 3153 898 3208; x_wconf 87' lang='lat'>57.</span> <span class='ocrx_word' id='word_1_298' title='bbox 932 3151 1124 3207; x_wconf 84' lang='lat' dir='ltr'>Adhuc</span> <span class='ocrx_word' id='word_1_299' title='bbox 1152 3149 1218 3206; x_wconf 80' lang='lat' dir='ltr'>de</span> <span class='ocrx_word' id='word_1_300' title='bbox 1247 3149 1563 3206; x_wconf 74' lang='lat' dir='ltr'>virtutibus.</span> 
     </span>
    </p>
   </div>
   <div class='ocr_carea' id='block_1_43' title="bbox 434 3265 2016 3326">
    <p class='ocr_par' dir='ltr' id='par_1_43' title="bbox 434 3265 2016 3326">
     <span class='ocr_line' id='line_1_43' title="bbox 434 3265 2016 3326; baseline -0.003 0"><span class='ocrx_word' id='word_1_301' title='bbox 434 3268 739 3326; x_wconf 85' lang='lat' dir='ltr'>Fortitudo</span> <span class='ocrx_word' id='word_1_302' title='bbox 771 3271 859 3324; x_wconf 90' lang='lat' dir='ltr'>est</span> <span class='ocrx_word' id='word_1_303' title='bbox 890 3265 1265 3324; x_wconf 88' lang='lat' dir='ltr'>mediocritas</span> <span class='ocrx_word' id='word_1_304' title='bbox 1305 3266 1456 3321; x_wconf 89' lang='lat' dir='ltr'>inter</span> <span class='ocrx_word' id='word_1_305' title='bbox 1497 3281 1800 3321; x_wconf 85' lang='lat' dir='ltr'>excessum</span> <span class='ocrx_word' id='word_1_306' title='bbox 1833 3267 2016 3322; x_wconf 84' lang='lat' dir='ltr'>auda-</span> 
     </span>
    </p>
   </div>
   <div class='ocr_carea' id='block_1_44' title="bbox 367 3355 2022 3426">
    <p class='ocr_par' dir='ltr' id='par_1_44' title="bbox 367 3355 2022 3426">
     <span class='ocr_line' id='line_1_44' title="bbox 367 3355 2022 3426; baseline -0.002 -11"><span class='ocrx_word' id='word_1_307' title='bbox 367 3359 469 3416; x_wconf 66' lang='lat' dir='ltr'>ciae</span> <span class='ocrx_word' id='word_1_308' title='bbox 527 3362 583 3414; x_wconf 89' lang='lat' dir='ltr'>et</span> <span class='ocrx_word' id='word_1_309' title='bbox 632 3357 927 3414; x_wconf 86' lang='lat' dir='ltr'>defectum</span> <span class='ocrx_word' id='word_1_310' title='bbox 976 3373 1009 3411; x_wconf 89' lang='lat' dir='ltr'>a</span> <span class='ocrx_word' id='word_1_311' title='bbox 1057 3355 1395 3416; x_wconf 86' lang='lat' dir='ltr'>timiditate,</span> <span class='ocrx_word' id='word_1_312' title='bbox 1427 3358 1812 3426; x_wconf 88' lang='lat' dir='ltr'>versaturque</span> <span class='ocrx_word' id='word_1_313' title='bbox 1869 3355 2022 3411; x_wconf 90' lang='lat' dir='ltr'>circa</span> 
     </span>
    </p>
   </div>
   <div class='ocr_carea' id='block_1_45' title="bbox 363 3443 2023 3516">
    <p class='ocr_par' dir='ltr' id='par_1_45' title="bbox 363 3443 2023 3516">
     <span class='ocr_line' id='line_1_45' title="bbox 363 3443 2023 3516; baseline -0.002 -12"><span class='ocrx_word' id='word_1_314' title='bbox 363 3449 607 3505; x_wconf 88' lang='lat' dir='ltr'>timores</span> <span class='ocrx_word' id='word_1_315' title='bbox 661 3463 727 3503; x_wconf 92' lang='lat' dir='ltr'>ac</span> <span class='ocrx_word' id='word_1_316' title='bbox 787 3445 1089 3502; x_wconf 82' lang='lat' dir='ltr'>ﬁduciam.</span> <span class='ocrx_word' id='word_1_317' title='bbox 1124 3443 1545 3516; x_wconf 69' lang='lat' dir='ltr'>Temperantiaa</span> <span class='ocrx_word' id='word_1_318' title='bbox 1604 3460 1878 3500; x_wconf 84' lang='lat' dir='ltr'>excessus</span> <span class='ocrx_word' id='word_1_319' title='bbox 1935 3450 2023 3500; x_wconf 87' lang='lat' dir='ltr'>est</span> 
     </span>
    </p>
   </div>
   <div class='ocr_carea' id='block_1_46' title="bbox 363 3532 2022 3606">
    <p class='ocr_par' dir='ltr' id='par_1_46' title="bbox 363 3532 2022 3606">
     <span class='ocr_line' id='line_1_46' title="bbox 363 3532 2022 3606; baseline -0.002 -12"><span class='ocrx_word' id='word_1_320' title='bbox 363 3537 618 3604; x_wconf 86' lang='lat' dir='ltr'>luxuria,</span> <span class='ocrx_word' id='word_1_321' title='bbox 651 3537 910 3592; x_wconf 76' lang='lat' dir='ltr'>defectus</span> <span class='ocrx_word' id='word_1_322' title='bbox 964 3540 1188 3606; x_wconf 90' lang='lat' dir='ltr'>stupor,</span> <span class='ocrx_word' id='word_1_323' title='bbox 1215 3533 1396 3602; x_wconf 84' lang='lat' dir='ltr'>liceat</span> <span class='ocrx_word' id='word_1_324' title='bbox 1433 3532 1590 3588; x_wconf 89' lang='lat' dir='ltr'>enim</span> <span class='ocrx_word' id='word_1_325' title='bbox 1624 3532 1733 3587; x_wconf 90' lang='lat' dir='ltr'>hoc</span> <span class='ocrx_word' id='word_1_326' title='bbox 1784 3534 2022 3590; x_wconf 89' lang='lat' dir='ltr'>nomine</span> 
     </span>
    </p>
   </div>
   <div class='ocr_carea' id='block_1_47' title="bbox 365 3622 2020 3699">
    <p class='ocr_par' dir='ltr' id='par_1_47' title="bbox 365 3622 2020 3699">
     <span class='ocr_line' id='line_1_47' title="bbox 365 3622 2020 3699; baseline -0.002 -17"><span class='ocrx_word' id='word_1_327' title='bbox 365 3627 533 3683; x_wconf 90' lang='lat' dir='ltr'>illum</span> <span class='ocrx_word' id='word_1_328' title='bbox 568 3624 882 3699; x_wconf 84' lang='lat' dir='ltr'>appellare.</span> <span class='ocrx_word' id='word_1_329' title='bbox 917 3623 1078 3680; x_wconf 81' lang='lat' dir='ltr'>Circa</span> <span class='ocrx_word' id='word_1_330' title='bbox 1121 3622 1491 3695; x_wconf 84' lang='lat' dir='ltr'>largitionem</span> <span class='ocrx_word' id='word_1_331' title='bbox 1527 3623 1810 3678; x_wconf 88' lang='lat' dir='ltr'>bonorum</span> <span class='ocrx_word' id='word_1_332' title='bbox 1841 3627 1897 3678; x_wconf 90' lang='lat' dir='ltr'>et</span> <span class='ocrx_word' id='word_1_333' title='bbox 1926 3640 2020 3678; x_wconf 88' lang='lat' dir='ltr'>ac-</span> 
     </span>
    </p>
   </div>
   <div class='ocr_carea' id='block_1_48' title="bbox 369 3710 2022 3783">
    <p class='ocr_par' dir='ltr' id='par_1_48' title="bbox 369 3710 2022 3783">
     <span class='ocr_line' id='line_1_48' title="bbox 369 3710 2022 3783; baseline -0.002 -11"><span class='ocrx_word' id='word_1_334' title='bbox 369 3717 697 3783; x_wconf 88' lang='lat' dir='ltr'>ceptionem</span> <span class='ocrx_word' id='word_1_335' title='bbox 761 3713 1134 3770; x_wconf 88' lang='lat' dir='ltr'>mediocritas</span> <span class='ocrx_word' id='word_1_336' title='bbox 1189 3716 1278 3768; x_wconf 91' lang='lat' dir='ltr'>est</span> <span class='ocrx_word' id='word_1_337' title='bbox 1333 3710 1685 3779; x_wconf 85' lang='lat' dir='ltr'>liberalitas,</span> <span class='ocrx_word' id='word_1_338' title='bbox 1746 3727 2022 3768; x_wconf 81' lang='lat' dir='ltr'>excessus</span> 
     </span>
    </p>
   </div>
   <div class='ocr_carea' id='block_1_49' title="bbox 369 3801 2022 3878">
    <p class='ocr_par' dir='ltr' id='par_1_49' title="bbox 369 3801 2022 3878">
     <span class='ocr_line' id='line_1_49' title="bbox 369 3801 2022 3878; baseline -0.001 -18"><span class='ocrx_word' id='word_1_339' title='bbox 369 3805 652 3878; x_wconf 81' lang='lat' dir='ltr'>profusio,</span> <span class='ocrx_word' id='word_1_340' title='bbox 711 3805 831 3861; x_wconf 89' lang='lat' dir='ltr'>sive</span> <span class='ocrx_word' id='word_1_341' title='bbox 888 3802 1209 3876; x_wconf 86' lang='lat' dir='ltr'>prodigalis</span> <span class='ocrx_word' id='word_1_342' title='bbox 1268 3801 1514 3869; x_wconf 86' lang='lat' dir='ltr'>abusus,</span> <span class='ocrx_word' id='word_1_343' title='bbox 1566 3801 1828 3857; x_wconf 85' lang='lat' dir='ltr'>defectus</span> <span class='ocrx_word' id='word_1_344' title='bbox 1887 3818 2022 3858; x_wconf 89' lang='lat' dir='ltr'>vero</span> 
     </span>
    </p>
   </div>
   <div class='ocr_carea' id='block_1_50' title="bbox 368 3889 2020 3963">
    <p class='ocr_par' dir='ltr' id='par_1_50' title="bbox 368 3889 2020 3963">
     <span class='ocr_line' id='line_1_50' title="bbox 368 3889 2020 3963; baseline -0.001 -15"><span class='ocrx_word' id='word_1_345' title='bbox 368 3894 737 3950; x_wconf 86' lang='lat' dir='ltr'>illiberalitas</span> <span class='ocrx_word' id='word_1_346' title='bbox 770 3894 886 3949; x_wconf 89' lang='lat' dir='ltr'>sive</span> <span class='ocrx_word' id='word_1_347' title='bbox 917 3891 1099 3947; x_wconf 88' lang='lat' dir='ltr'>nimia</span> <span class='ocrx_word' id='word_1_348' title='bbox 1123 3889 1505 3962; x_wconf 74' lang='lat' dir='ltr'>parsimonia.</span> <span class='ocrx_word' id='word_1_349' title='bbox 1540 3890 1603 3945; x_wconf 91' lang='lat' dir='ltr'>In</span> <span class='ocrx_word' id='word_1_350' title='bbox 1636 3891 1869 3963; x_wconf 84' lang='lat' dir='ltr'>magnis</span> <span class='ocrx_word' id='word_1_351' title='bbox 1899 3891 2020 3963; x_wconf 86' lang='lat' dir='ltr'>opi-</span> 
     </span>
    </p>
   </div>
   <div class='ocr_carea' id='block_1_51' title="bbox 366 3978 2022 4049">
    <p class='ocr_par' dir='ltr' id='par_1_51' title="bbox 366 3978 2022 4049">
     <span class='ocr_line' id='line_1_51' title="bbox 366 3978 2022 4049; baseline -0.003 -10"><span class='ocrx_word' id='word_1_352' title='bbox 366 3983 476 4040; x_wconf 85' lang='lat' dir='ltr'>bus</span> <span class='ocrx_word' id='word_1_353' title='bbox 502 3981 958 4038; x_wconf 82' lang='lat' dir='ltr'>mediocritatem</span> <span class='ocrx_word' id='word_1_354' title='bbox 985 3983 1241 4034; x_wconf 87' lang='lat' dir='ltr'>sectatur</span> <span class='ocrx_word' id='word_1_355' title='bbox 1263 3978 1722 4049; x_wconf 79' lang='lat' dir='ltr'>magniﬁcentia,</span> <span class='ocrx_word' id='word_1_356' title='bbox 1746 3995 2022 4034; x_wconf 86' lang='lat' dir='ltr'>excessus</span> 
     </span>
    </p>
   </div>
   <div class='ocr_carea' id='block_1_52' title="bbox 366 4066 2020 4142">
    <p class='ocr_par' dir='ltr' id='par_1_52' title="bbox 366 4066 2020 4142">
     <span class='ocr_line' id='line_1_52' title="bbox 366 4066 2020 4142; baseline -0.002 -14"><span class='ocrx_word' id='word_1_357' title='bbox 366 4077 456 4128; x_wconf 90' lang='lat' dir='ltr'>est</span> <span class='ocrx_word' id='word_1_358' title='bbox 484 4071 543 4127; x_wconf 90' lang='lat' dir='ltr'>in</span> <span class='ocrx_word' id='word_1_359' title='bbox 579 4071 761 4126; x_wconf 89' lang='lat' dir='ltr'>nimio</span> <span class='ocrx_word' id='word_1_360' title='bbox 795 4068 1126 4142; x_wconf 86' lang='lat' dir='ltr'>splendore,</span> <span class='ocrx_word' id='word_1_361' title='bbox 1159 4067 1425 4122; x_wconf 82' lang='lat' dir='ltr'>defectus</span> <span class='ocrx_word' id='word_1_362' title='bbox 1466 4067 1691 4123; x_wconf 89' lang='lat' dir='ltr'>sordes.</span> <span class='ocrx_word' id='word_1_363' title='bbox 1725 4066 1887 4123; x_wconf 89' lang='lat' dir='ltr'>Circa</span> <span class='ocrx_word' id='word_1_364' title='bbox 1918 4067 2020 4124; x_wconf 87' lang='lat' dir='ltr'>ho-</span> 
     </span>
    </p>
   </div>
   <div class='ocr_carea' id='block_1_53' title="bbox 367 4155 2022 4232">
    <p class='ocr_par' dir='ltr' id='par_1_53' title="bbox 367 4155 2022 4232">
     <span class='ocr_line' id='line_1_53' title="bbox 367 4155 2022 4232; baseline -0.002 -16"><span class='ocrx_word' id='word_1_365' title='bbox 367 4177 538 4216; x_wconf 92' lang='lat' dir='ltr'>nores</span> <span class='ocrx_word' id='word_1_366' title='bbox 570 4159 850 4232; x_wconf 88' lang='lat' dir='ltr'>petendos</span> <span class='ocrx_word' id='word_1_367' title='bbox 882 4157 1108 4214; x_wconf 85' lang='lat' dir='ltr'>excedit</span> <span class='ocrx_word' id='word_1_368' title='bbox 1136 4155 1508 4225; x_wconf 90' lang='lat' dir='ltr'>ambitiosus,</span> <span class='ocrx_word' id='word_1_369' title='bbox 1537 4156 1594 4211; x_wconf 92' lang='lat' dir='ltr'>in</span> <span class='ocrx_word' id='word_1_370' title='bbox 1629 4156 1858 4213; x_wconf 85' lang='lat' dir='ltr'>defectu</span> <span class='ocrx_word' id='word_1_371' title='bbox 1891 4174 2022 4230; x_wconf 90' lang='lat' dir='ltr'>pec-</span> 
     </span>
    </p>
   </div>
   <div class='ocr_carea' id='block_1_54' title="bbox 366 4245 2021 4320">
    <p class='ocr_par' dir='ltr' id='par_1_54' title="bbox 366 4245 2021 4320">
     <span class='ocr_line' id='line_1_54' title="bbox 366 4245 2021 4320; baseline -0.002 -15"><span class='ocrx_word' id='word_1_372' title='bbox 366 4254 461 4305; x_wconf 86' lang='lat' dir='ltr'>cat</span> <span class='ocrx_word' id='word_1_373' title='bbox 492 4247 728 4304; x_wconf 90' lang='lat' dir='ltr'>honoris</span> <span class='ocrx_word' id='word_1_374' title='bbox 760 4251 1148 4320; x_wconf 83' lang='lat' dir='ltr'>contemptor,</span> <span class='ocrx_word' id='word_1_375' title='bbox 1175 4245 1550 4302; x_wconf 90' lang='lat' dir='ltr'>mediocritas</span> <span class='ocrx_word' id='word_1_376' title='bbox 1574 4250 1732 4300; x_wconf 89' lang='lat' dir='ltr'>caret</span> <span class='ocrx_word' id='word_1_377' title='bbox 1763 4247 2021 4318; x_wconf 88' lang='lat' dir='ltr'>nomine,</span> 
     </span>
    </p>
   </div>
   <div class='ocr_carea' id='block_1_55' title="bbox 368 4338 2021 4411">
    <p class='ocr_par' dir='ltr' id='par_1_55' title="bbox 368 4338 2021 4411">
     <span class='ocr_line' id='line_1_55' title="bbox 368 4338 2021 4411; baseline -0.001 -15"><span class='ocrx_word' id='word_1_378' title='bbox 368 4340 566 4396; x_wconf 85' lang='lat' dir='ltr'>multae</span> <span class='ocrx_word' id='word_1_379' title='bbox 597 4340 755 4396; x_wconf 87' lang='lat' dir='ltr'>enim</span> <span class='ocrx_word' id='word_1_380' title='bbox 786 4355 879 4395; x_wconf 88' lang='lat' dir='ltr'>res</span> <span class='ocrx_word' id='word_1_381' title='bbox 931 4342 1070 4395; x_wconf 87' lang='lat' dir='ltr'>sunt</span> <span class='ocrx_word' id='word_1_382' title='bbox 1100 4354 1228 4410; x_wconf 83' lang='lat' dir='ltr'>quae</span> <span class='ocrx_word' id='word_1_383' title='bbox 1263 4355 1476 4395; x_wconf 89' lang='lat' dir='ltr'>nomen</span> <span class='ocrx_word' id='word_1_384' title='bbox 1528 4338 1831 4411; x_wconf 88' lang='lat' dir='ltr'>proprium</span> <span class='ocrx_word' id='word_1_385' title='bbox 1886 4355 2021 4396; x_wconf 90' lang='lat' dir='ltr'>nec-</span> 
     </span>
    </p>
   </div>
   <div class='ocr_carea' id='block_1_56' title="bbox 369 4429 951 4486">
    <p class='ocr_par' dir='ltr' id='par_1_56' title="bbox 369 4429 951 4486">
     <span class='ocr_line' id='line_1_56' title="bbox 369 4429 951 4486; baseline -0.005 -1"><span class='ocrx_word' id='word_1_386' title='bbox 369 4431 510 4486; x_wconf 91' lang='lat' dir='ltr'>dum</span> <span class='ocrx_word' id='word_1_387' title='bbox 549 4429 951 4486; x_wconf 88' lang='lat' dir='ltr'>obtinuerunt.</span> 
     </span>
    </p>
   </div>
   <div class='ocr_carea' id='block_1_57' title="bbox 820 4544 1569 4602">
    <p class='ocr_par' dir='ltr' id='par_1_57' title="bbox 820 4544 1569 4602">
     <span class='ocr_line' id='line_1_57' title="bbox 820 4544 1569 4602; baseline -0.001 -2"><span class='ocrx_word' id='word_1_388' title='bbox 820 4546 912 4602; x_wconf 87' lang='lat'>58.</span> <span class='ocrx_word' id='word_1_389' title='bbox 947 4544 1129 4600; x_wconf 82' lang='lat' dir='ltr'>Adhuc</span> <span class='ocrx_word' id='word_1_390' title='bbox 1159 4544 1224 4599; x_wconf 80' lang='lat' dir='ltr'>de</span> <span class='ocrx_word' id='word_1_391' title='bbox 1255 4545 1569 4599; x_wconf 76' lang='lat' dir='ltr'>virtutibus.</span> 
     </span>
    </p>
   </div>
   <div class='ocr_carea' id='block_1_58' title="bbox 442 4658 2024 4732">
    <p class='ocr_par' dir='ltr' id='par_1_58' title="bbox 442 4658 2024 4732">
     <span class='ocr_line' id='line_1_58' title="bbox 442 4658 2024 4732; baseline -0.004 -12"><span class='ocrx_word' id='word_1_392' title='bbox 442 4665 606 4721; x_wconf 89' lang='lat' dir='ltr'>Circa</span> <span class='ocrx_word' id='word_1_393' title='bbox 637 4661 1157 4719; x_wconf 89' lang='lat' dir='ltr'>mansuetudinem</span> <span class='ocrx_word' id='word_1_394' title='bbox 1192 4677 1321 4732; x_wconf 63' lang='lat' dir='ltr'>quin</span> <span class='ocrx_word' id='word_1_395' title='bbox 1346 4659 1810 4714; x_wconf 88' lang='lat' dir='ltr'>mediocritatem</span> <span class='ocrx_word' id='word_1_396' title='bbox 1833 4658 2024 4715; x_wconf 89' lang='lat' dir='ltr'>obser-</span> 
     </span>
    </p>
   </div>
   <div class='ocr_carea' id='block_1_59' title="bbox 370 4747 2024 4822">
    <p class='ocr_par' dir='ltr' id='par_1_59' title="bbox 370 4747 2024 4822">
     <span class='ocr_line' id='line_1_59' title="bbox 370 4747 2024 4822; baseline -0.005 -12"><span class='ocrx_word' id='word_1_397' title='bbox 370 4759 486 4822; x_wconf 90' lang='lat' dir='ltr'>vat,</span> <span class='ocrx_word' id='word_1_398' title='bbox 510 4769 784 4809; x_wconf 80' lang='lat' dir='ltr'>excessus</span> <span class='ocrx_word' id='word_1_399' title='bbox 817 4757 906 4808; x_wconf 91' lang='lat' dir='ltr'>est</span> <span class='ocrx_word' id='word_1_400' title='bbox 937 4750 1263 4816; x_wconf 82' lang='lat' dir='ltr'>iracundia,</span> <span class='ocrx_word' id='word_1_401' title='bbox 1291 4750 1551 4803; x_wconf 79' lang='lat' dir='ltr'>defectus</span> <span class='ocrx_word' id='word_1_402' title='bbox 1595 4747 1887 4802; x_wconf 91' lang='lat' dir='ltr'>lentitudo</span> <span class='ocrx_word' id='word_1_403' title='bbox 1926 4747 2024 4802; x_wconf 68' lang='lat' dir='ltr'>irae</span> 
     </span>
    </p>
   </div>
   <div class='ocr_carea' id='block_1_60' title="bbox 371 4838 2025 4916">
    <p class='ocr_par' dir='ltr' id='par_1_60' title="bbox 371 4838 2025 4916">
     <span class='ocr_line' id='line_1_60' title="bbox 371 4838 2025 4916; baseline -0.004 -16"><span class='ocrx_word' id='word_1_404' title='bbox 371 4860 596 4916; x_wconf 86' lang='lat' dir='ltr'>expers.</span> <span class='ocrx_word' id='word_1_405' title='bbox 635 4843 802 4900; x_wconf 81' lang='lat' dir='ltr'>Circa</span> <span class='ocrx_word' id='word_1_406' title='bbox 851 4857 1053 4898; x_wconf 87' lang='lat' dir='ltr'>verum</span> <span class='ocrx_word' id='word_1_407' title='bbox 1100 4838 1523 4894; x_wconf 78' lang='lat' dir='ltr'>mediocritatis</span> <span class='ocrx_word' id='word_1_408' title='bbox 1572 4838 1891 4893; x_wconf 89' lang='lat' dir='ltr'>observans</span> <span class='ocrx_word' id='word_1_409' title='bbox 1936 4841 2025 4893; x_wconf 89' lang='lat' dir='ltr'>est</span> 
     </span>
    </p>
   </div>
   <div class='ocr_carea' id='block_1_61' title="bbox 369 4927 2024 5000">
    <p class='ocr_par' dir='ltr' id='par_1_61' title="bbox 369 4927 2024 5000">
     <span class='ocr_line' id='line_1_61' title="bbox 369 4927 2024 5000; baseline -0.004 -12"><span class='ocrx_word' id='word_1_410' title='bbox 369 4949 559 5000; x_wconf 83' lang='lat' dir='ltr'>verax,</span> <span class='ocrx_word' id='word_1_411' title='bbox 611 4937 665 4988; x_wconf 91' lang='lat' dir='ltr'>et</span> <span class='ocrx_word' id='word_1_412' title='bbox 717 4930 1095 4986; x_wconf 85' lang='lat' dir='ltr'>mediocritas</span> <span class='ocrx_word' id='word_1_413' title='bbox 1144 4928 1258 4982; x_wconf 90' lang='lat' dir='ltr'>dici</span> <span class='ocrx_word' id='word_1_414' title='bbox 1311 4932 1502 4999; x_wconf 88' lang='lat' dir='ltr'>potest</span> <span class='ocrx_word' id='word_1_415' title='bbox 1549 4927 1857 4993; x_wconf 89' lang='lat' dir='ltr'>veracitas,</span> <span class='ocrx_word' id='word_1_416' title='bbox 1897 4927 2024 4998; x_wconf 88' lang='lat' dir='ltr'>ejus</span> 
     </span>
    </p>
   </div>
   <div class='ocr_carea' id='block_1_62' title="bbox 367 5015 2023 5090">
    <p class='ocr_par' dir='ltr' id='par_1_62' title="bbox 367 5015 2023 5090">
     <span class='ocr_line' id='line_1_62' title="bbox 367 5015 2023 5090; baseline -0.004 -11"><span class='ocrx_word' id='word_1_417' title='bbox 367 5025 563 5079; x_wconf 87' lang='lat' dir='ltr'>autem</span> <span class='ocrx_word' id='word_1_418' title='bbox 598 5019 895 5076; x_wconf 88' lang='lat' dir='ltr'>simulatio</span> <span class='ocrx_word' id='word_1_419' title='bbox 929 5035 1031 5090; x_wconf 93' lang='lat' dir='ltr'>per</span> <span class='ocrx_word' id='word_1_420' title='bbox 1056 5033 1358 5074; x_wconf 86' lang='lat' dir='ltr'>excessum</span> <span class='ocrx_word' id='word_1_421' title='bbox 1393 5021 1478 5072; x_wconf 90' lang='lat' dir='ltr'>est</span> <span class='ocrx_word' id='word_1_422' title='bbox 1511 5015 1802 5085; x_wconf 76' lang='lat' dir='ltr'>gloriatio,</span> <span class='ocrx_word' id='word_1_423' title='bbox 1835 5020 1891 5071; x_wconf 89' lang='lat' dir='ltr'>et</span> <span class='ocrx_word' id='word_1_424' title='bbox 1922 5015 2023 5088; x_wconf 86' lang='lat' dir='ltr'>qui</span> 
     </span>
    </p>
   </div>
   <div class='ocr_carea' id='block_1_63' title="bbox 365 5105 2025 5182">
    <p class='ocr_par' dir='ltr' id='par_1_63' title="bbox 365 5105 2025 5182">
     <span class='ocr_line' id='line_1_63' title="bbox 365 5105 2025 5182; baseline -0.005 -16"><span class='ocrx_word' id='word_1_425' title='bbox 365 5112 526 5167; x_wconf 88' lang='lat' dir='ltr'>illam</span> <span class='ocrx_word' id='word_1_426' title='bbox 560 5114 820 5166; x_wconf 88' lang='lat' dir='ltr'>sectatur</span> <span class='ocrx_word' id='word_1_427' title='bbox 850 5107 1144 5182; x_wconf 84' lang='lat' dir='ltr'>gloriosus</span> <span class='ocrx_word' id='word_1_428' title='bbox 1172 5123 1184 5162; x_wconf 89' lang='lat'><strong>:</strong></span> <span class='ocrx_word' id='word_1_429' title='bbox 1213 5123 1313 5178; x_wconf 88' lang='lat' dir='ltr'>per</span> <span class='ocrx_word' id='word_1_430' title='bbox 1342 5107 1633 5161; x_wconf 72' lang='lat' dir='ltr'>defectum</span> <span class='ocrx_word' id='word_1_431' title='bbox 1665 5105 1875 5174; x_wconf 89' lang='lat' dir='ltr'>ironia,</span> <span class='ocrx_word' id='word_1_432' title='bbox 1900 5105 2025 5176; x_wconf 90' lang='lat' dir='ltr'>qui-</span> 
     </span>
    </p>
   </div>
   <div class='ocr_carea' id='block_1_64' title="bbox 367 5195 2023 5271">
    <p class='ocr_par' dir='ltr' id='par_1_64' title="bbox 367 5195 2023 5271">
     <span class='ocr_line' id='line_1_64' title="bbox 367 5195 2023 5271; baseline -0.003 -16"><span class='ocrx_word' id='word_1_433' title='bbox 367 5217 480 5271; x_wconf 90' lang='lat' dir='ltr'>que</span> <span class='ocrx_word' id='word_1_434' title='bbox 512 5217 580 5255; x_wconf 88' lang='lat' dir='ltr'>ea</span> <span class='ocrx_word' id='word_1_435' title='bbox 629 5199 818 5255; x_wconf 88' lang='lat' dir='ltr'>utitur</span> <span class='ocrx_word' id='word_1_436' title='bbox 865 5199 924 5254; x_wconf 90' lang='lat' dir='ltr'>in</span> <span class='ocrx_word' id='word_1_437' title='bbox 971 5197 1234 5254; x_wconf 90' lang='lat' dir='ltr'>oratione</span> <span class='ocrx_word' id='word_1_438' title='bbox 1284 5195 1710 5250; x_wconf 79' lang='lat' dir='ltr'>dissimulator.</span> <span class='ocrx_word' id='word_1_439' title='bbox 1761 5196 2023 5264; x_wconf 85' lang='lat' dir='ltr'>Cumque</span> 
     </span>
    </p>
   </div>
   <div class='ocr_carea' id='block_1_65' title="bbox 368 5285 2020 5360">
    <p class='ocr_par' dir='ltr' id='par_1_65' title="bbox 368 5285 2020 5360">
     <span class='ocr_line' id='line_1_65' title="bbox 368 5285 2020 5360; baseline -0.004 -14"><span class='ocrx_word' id='word_1_440' title='bbox 368 5292 484 5346; x_wconf 92' lang='lat' dir='ltr'>duo</span> <span class='ocrx_word' id='word_1_441' title='bbox 507 5289 817 5346; x_wconf 88' lang='lat' dir='ltr'>suavitatis</span> <span class='ocrx_word' id='word_1_442' title='bbox 842 5289 960 5344; x_wconf 89' lang='lat' dir='ltr'>sint</span> <span class='ocrx_word' id='word_1_443' title='bbox 982 5304 1214 5360; x_wconf 86' lang='lat' dir='ltr'>genera,</span> <span class='ocrx_word' id='word_1_444' title='bbox 1237 5287 1484 5342; x_wconf 87' lang='lat' dir='ltr'>alterum</span> <span class='ocrx_word' id='word_1_445' title='bbox 1512 5287 1568 5339; x_wconf 91' lang='lat' dir='ltr'>in</span> <span class='ocrx_word' id='word_1_446' title='bbox 1595 5286 1758 5356; x_wconf 81' lang='lat' dir='ltr'>iocis,</span> <span class='ocrx_word' id='word_1_447' title='bbox 1775 5285 2020 5340; x_wconf 87' lang='lat' dir='ltr'>alterum</span> 
     </span>
    </p>
   </div>
   <div class='ocr_carea' id='block_1_66' title="bbox 369 5376 2021 5450">
    <p class='ocr_par' dir='ltr' id='par_1_66' title="bbox 369 5376 2021 5450">
     <span class='ocr_line' id='line_1_66' title="bbox 369 5376 2021 5450; baseline -0.004 -16"><span class='ocrx_word' id='word_1_448' title='bbox 369 5379 430 5434; x_wconf 89' lang='lat' dir='ltr'>in</span> <span class='ocrx_word' id='word_1_449' title='bbox 461 5379 716 5449; x_wconf 81' lang='lat' dir='ltr'>vita,qui</span> <span class='ocrx_word' id='word_1_450' title='bbox 753 5379 833 5434; x_wconf 88' lang='lat' dir='ltr'>ita</span> <span class='ocrx_word' id='word_1_451' title='bbox 866 5385 1064 5450; x_wconf 82' lang='lat' dir='ltr'>utpar</span> <span class='ocrx_word' id='word_1_452' title='bbox 1095 5384 1183 5433; x_wconf 87' lang='lat' dir='ltr'>cst</span> <span class='ocrx_word' id='word_1_453' title='bbox 1206 5379 1259 5433; x_wconf 90' lang='lat' dir='ltr'>in</span> <span class='ocrx_word' id='word_1_454' title='bbox 1285 5377 1750 5443; x_wconf 86' lang='lat' dir='ltr'>vitajucundum</span> <span class='ocrx_word' id='word_1_455' title='bbox 1777 5392 1838 5430; x_wconf 87' lang='lat' dir='ltr'>se</span> <span class='ocrx_word' id='word_1_456' title='bbox 1858 5376 2021 5430; x_wconf 84' lang='lat' dir='ltr'>exhi-</span> 
     </span>
    </p>
   </div>
   <div class='ocr_carea' id='block_1_67' title="bbox 372 5465 2019 5539">
    <p class='ocr_par' dir='ltr' id='par_1_67' title="bbox 372 5465 2019 5539">
     <span class='ocr_line' id='line_1_67' title="bbox 372 5465 2019 5539; baseline -0.004 -15"><span class='ocrx_word' id='word_1_457' title='bbox 372 5470 488 5539; x_wconf 88' lang='lat' dir='ltr'>bet,</span> <span class='ocrx_word' id='word_1_458' title='bbox 549 5469 775 5523; x_wconf 88' lang='lat' dir='ltr'>amicus</span> <span class='ocrx_word' id='word_1_459' title='bbox 827 5469 1058 5538; x_wconf 82' lang='lat' dir='ltr'>dicitur,</span> <span class='ocrx_word' id='word_1_460' title='bbox 1083 5473 1139 5523; x_wconf 88' lang='lat' dir='ltr'>et</span> <span class='ocrx_word' id='word_1_461' title='bbox 1189 5467 1558 5522; x_wconf 84' lang='lat' dir='ltr'>mediocritas</span> <span class='ocrx_word' id='word_1_462' title='bbox 1609 5465 1886 5534; x_wconf 81' lang='lat' dir='ltr'>amicitia,</span> <span class='ocrx_word' id='word_1_463' title='bbox 1921 5465 2019 5536; x_wconf 91' lang='lat' dir='ltr'>qui</span> 
     </span>
    </p>
   </div>
   <div class='ocr_carea' id='block_1_68' title="bbox 373 5555 2019 5632">
    <p class='ocr_par' dir='ltr' id='par_1_68' title="bbox 373 5555 2019 5632">
     <span class='ocr_line' id='line_1_68' title="bbox 373 5555 2019 5632; baseline -0.006 -15"><span class='ocrx_word' id='word_1_464' title='bbox 373 5559 599 5617; x_wconf 85' lang='lat' dir='ltr'>excedit</span> <span class='ocrx_word' id='word_1_465' title='bbox 626 5559 912 5629; x_wconf 78' lang='lat' dir='ltr'>adulator,</span> <span class='ocrx_word' id='word_1_466' title='bbox 940 5560 1037 5632; x_wconf 90' lang='lat' dir='ltr'>qui</span> <span class='ocrx_word' id='word_1_467' title='bbox 1070 5575 1202 5616; x_wconf 91' lang='lat' dir='ltr'>vero</span> <span class='ocrx_word' id='word_1_468' title='bbox 1230 5555 1424 5612; x_wconf 86' lang='lat' dir='ltr'>dolicit</span> <span class='ocrx_word' id='word_1_469' title='bbox 1473 5572 1742 5611; x_wconf 88' lang='lat' dir='ltr'>morosus</span> <span class='ocrx_word' id='word_1_470' title='bbox 1774 5571 1840 5610; x_wconf 88' lang='lat' dir='ltr'>ac</span> <span class='ocrx_word' id='word_1_471' title='bbox 1868 5555 2019 5609; x_wconf 73' lang='lat' dir='ltr'>ditii-</span> 
     </span>
    </p>
   </div>
   <div class='ocr_carea' id='block_1_69' title="bbox 375 5645 2018 5723">
    <p class='ocr_par' dir='ltr' id='par_1_69' title="bbox 375 5645 2018 5723">
     <span class='ocr_line' id='line_1_69' title="bbox 375 5645 2018 5723; baseline -0.006 -13"><span class='ocrx_word' id='word_1_472' title='bbox 375 5649 525 5710; x_wconf 86' lang='lat' dir='ltr'>cilis.</span> <span class='ocrx_word' id='word_1_473' title='bbox 549 5650 916 5708; x_wconf 77' lang='lat' dir='ltr'>Amamitatis</span> <span class='ocrx_word' id='word_1_474' title='bbox 947 5652 1004 5707; x_wconf 89' lang='lat' dir='ltr'>in</span> <span class='ocrx_word' id='word_1_475' title='bbox 1031 5652 1181 5723; x_wconf 88' lang='lat' dir='ltr'>jocis</span> <span class='ocrx_word' id='word_1_476' title='bbox 1227 5647 1603 5706; x_wconf 84' lang='lat' dir='ltr'>mediocritas</span> <span class='ocrx_word' id='word_1_477' title='bbox 1635 5651 1723 5702; x_wconf 90' lang='lat' dir='ltr'>est</span> <span class='ocrx_word' id='word_1_478' title='bbox 1754 5645 1809 5700; x_wconf 90' lang='lat' dir='ltr'>in</span> <span class='ocrx_word' id='word_1_479' title='bbox 1845 5645 2018 5701; x_wconf 85' lang='lat' dir='ltr'>urba-</span> 
     </span>
    </p>
   </div>
   <div class='ocr_carea' id='block_1_70' title="bbox 2601 1461 3279 1538">
    <p class='ocr_par' dir='ltr' id='par_1_70' title="bbox 2601 1461 3279 1538">
     <span class='ocr_line' id='line_1_70' title="bbox 2601 1461 3279 1538; baseline 0.004 -22"><span class='ocrx_word' id='word_1_480' title='bbox 2601 1462 2699 1525; x_wconf 86' lang='grc' dir='ltr'>νς’.</span> <span class='ocrx_word' id='word_1_481' title='bbox 2746 1464 2867 1519; x_wconf 85' lang='grc' dir='ltr'>Ἔτι</span> <span class='ocrx_word' id='word_1_482' title='bbox 2900 1461 3023 1538; x_wconf 84' lang='grc' dir='ltr'>περὶ</span> <span class='ocrx_word' id='word_1_483' title='bbox 3053 1463 3279 1536; x_wconf 79' lang='grc' dir='ltr'>ἀρετῶν.</span> 
     </span>
    </p>
   </div>
   <div class='ocr_carea' id='block_1_71' title="bbox 2181 1573 3776 1652">
    <p class='ocr_par' dir='ltr' id='par_1_71' title="bbox 2181 1573 3776 1652">
     <span class='ocr_line' id='line_1_71' title="bbox 2181 1573 3776 1652; baseline 0.003 -26"><span class='ocrx_word' id='word_1_484' title='bbox 2181 1573 2314 1650; x_wconf 90' lang='grc' dir='ltr'>Τρία</span> <span class='ocrx_word' id='word_1_485' title='bbox 2369 1577 2538 1629; x_wconf 79' lang='grc' dir='ltr'>ταῦτα</span> <span class='ocrx_word' id='word_1_486' title='bbox 2597 1573 2729 1629; x_wconf 80' lang='grc' dir='ltr'>εἰσὶν</span> <span class='ocrx_word' id='word_1_487' title='bbox 2791 1574 2841 1630; x_wconf 84' lang='grc' dir='ltr'>ἐν</span> <span class='ocrx_word' id='word_1_488' title='bbox 2873 1581 2991 1637; x_wconf 86' lang='grc' dir='ltr'>ταῖς</span> <span class='ocrx_word' id='word_1_489' title='bbox 3021 1579 3248 1652; x_wconf 78' lang='grc' dir='ltr'>ψυχαῖς,</span> <span class='ocrx_word' id='word_1_490' title='bbox 3295 1573 3546 1650; x_wconf 68' lang='grc' dir='ltr'>δύναμις,</span> <span class='ocrx_word' id='word_1_491' title='bbox 3578 1576 3776 1644; x_wconf 74' lang='grc' dir='ltr'>πάθος,</span> 
     </span>
    </p>
   </div>
   <div class='ocr_carea' id='block_1_72' title="bbox 2111 1659 3776 1744">
    <p class='ocr_par' dir='ltr' id='par_1_72' title="bbox 2111 1659 3776 1744">
     <span class='ocr_line' id='line_1_72' title="bbox 2111 1659 3776 1744; baseline 0.001 -26"><span class='ocrx_word' id='word_1_492' title='bbox 2111 1659 2239 1734; x_wconf 65' lang='grc' dir='ltr'>ἕξις.</span> <span class='ocrx_word' id='word_1_493' title='bbox 2301 1663 2401 1718; x_wconf 80' lang='grc' dir='ltr'>Καὶ</span> <span class='ocrx_word' id='word_1_494' title='bbox 2459 1662 2632 1728; x_wconf 73' lang='grc' dir='ltr'>πάθος</span> <span class='ocrx_word' id='word_1_495' title='bbox 2691 1663 2785 1738; x_wconf 87' lang='grc' dir='ltr'>μέν</span> <span class='ocrx_word' id='word_1_496' title='bbox 2818 1663 2981 1732; x_wconf 80' lang='grc' dir='ltr'>ἐστιν,</span> <span class='ocrx_word' id='word_1_497' title='bbox 3041 1664 3321 1738; x_wconf 83' lang='grc' dir='ltr'>ἐπιθυμία,</span> <span class='ocrx_word' id='word_1_498' title='bbox 3380 1665 3538 1740; x_wconf 76' lang='grc' dir='ltr'>ὀργή,</span> <span class='ocrx_word' id='word_1_499' title='bbox 3579 1661 3776 1744; x_wconf 68' lang='grc' dir='ltr'>φόϐος,</span> 
     </span>
    </p>
   </div>
   <div class='ocr_carea' id='block_1_73' title="bbox 2115 1752 3774 1832">
    <p class='ocr_par' dir='ltr' id='par_1_73' title="bbox 2115 1752 3774 1832">
     <span class='ocr_line' id='line_1_73' title="bbox 2115 1752 3774 1832; baseline 0.002 -25"><span class='ocrx_word' id='word_1_500' title='bbox 2115 1754 2332 1832; x_wconf 69' lang='grc' dir='ltr'>φθόνος,</span> <span class='ocrx_word' id='word_1_501' title='bbox 2387 1752 2603 1829; x_wconf 78' lang='grc' dir='ltr'>θάρσος,</span> <span class='ocrx_word' id='word_1_502' title='bbox 2657 1754 2822 1830; x_wconf 76' lang='grc' dir='ltr'>χαρὰ,</span> <span class='ocrx_word' id='word_1_503' title='bbox 2883 1753 3061 1829; x_wconf 81' lang='grc' dir='ltr'>φιλία,</span> <span class='ocrx_word' id='word_1_504' title='bbox 3124 1753 3299 1828; x_wconf 86' lang='grc' dir='ltr'>μίσος,</span> <span class='ocrx_word' id='word_1_505' title='bbox 3334 1756 3526 1824; x_wconf 85' lang='grc' dir='ltr'>πόθος,</span> <span class='ocrx_word' id='word_1_506' title='bbox 3581 1755 3774 1828; x_wconf 69' lang='grc' dir='ltr'>ζῆλος,</span> 
     </span>
    </p>
   </div>
   <div class='ocr_carea' id='block_1_74' title="bbox 2115 1838 3774 1919">
    <p class='ocr_par' dir='ltr' id='par_1_74' title="bbox 2115 1838 3774 1919">
     <span class='ocr_line' id='line_1_74' title="bbox 2115 1838 3774 1919; baseline 0.002 -23"><span class='ocrx_word' id='word_1_507' title='bbox 2115 1838 2290 1904; x_wconf 79' lang='grc' dir='ltr'>ἔλεος.</span> <span class='ocrx_word' id='word_1_508' title='bbox 2353 1841 2592 1916; x_wconf 73' lang='grc' dir='ltr'>Δύναμις</span> <span class='ocrx_word' id='word_1_509' title='bbox 2649 1840 2706 1897; x_wconf 85' lang='grc' dir='ltr'>δέ</span> <span class='ocrx_word' id='word_1_510' title='bbox 2736 1843 2844 1898; x_wconf 83' lang='grc' dir='ltr'>ἐστι</span> <span class='ocrx_word' id='word_1_511' title='bbox 2875 1845 2995 1907; x_wconf 89' lang='grc' dir='ltr'>καθ’</span> <span class='ocrx_word' id='word_1_512' title='bbox 3024 1845 3084 1914; x_wconf 75' lang='grc' dir='ltr'>ἦν</span> <span class='ocrx_word' id='word_1_513' title='bbox 3117 1846 3409 1913; x_wconf 76' lang='grc' dir='ltr'>παθητικοὶ</span> <span class='ocrx_word' id='word_1_514' title='bbox 3445 1842 3657 1899; x_wconf 65' lang='grc' dir='ltr'>τούτων</span> <span class='ocrx_word' id='word_1_515' title='bbox 3688 1866 3774 1919; x_wconf 77' lang='grc' dir='ltr'>γι-</span> 
     </span>
    </p>
   </div>
   <div class='ocr_carea' id='block_1_75' title="bbox 2115 1930 3773 2009">
    <p class='ocr_par' dir='ltr' id='par_1_75' title="bbox 2115 1930 3773 2009">
     <span class='ocr_line' id='line_1_75' title="bbox 2115 1930 3773 2009; baseline 0.001 -24"><span class='ocrx_word' id='word_1_516' title='bbox 2115 1931 2342 2004; x_wconf 85' lang='grc' dir='ltr'>νόμεθα,</span> <span class='ocrx_word' id='word_1_517' title='bbox 2397 1933 2512 1986; x_wconf 86' lang='grc' dir='ltr'>οἷον</span> <span class='ocrx_word' id='word_1_518' title='bbox 2560 1933 2679 1996; x_wconf 88' lang='grc' dir='ltr'>καθ’</span> <span class='ocrx_word' id='word_1_519' title='bbox 2709 1934 2774 2002; x_wconf 83' lang='grc' dir='ltr'>ἢν</span> <span class='ocrx_word' id='word_1_520' title='bbox 2823 1930 3039 1988; x_wconf 80' lang='grc' dir='ltr'>δυνατοὶ</span> <span class='ocrx_word' id='word_1_521' title='bbox 3101 1932 3415 2009; x_wconf 77' lang='grc' dir='ltr'>ὀργισθῆναι</span> <span class='ocrx_word' id='word_1_522' title='bbox 3446 1932 3480 2002; x_wconf 71' lang='grc' dir='ltr'><strong>ἢ</strong></span> <span class='ocrx_word' id='word_1_523' title='bbox 3513 1931 3773 2003; x_wconf 75' lang='grc' dir='ltr'>λυπηθῆ-</span> 
     </span>
    </p>
   </div>
   <div class='ocr_carea' id='block_1_76' title="bbox 2116 2017 3774 2098">
    <p class='ocr_par' dir='ltr' id='par_1_76' title="bbox 2116 2017 3774 2098">
     <span class='ocr_line' id='line_1_76' title="bbox 2116 2017 3774 2098; baseline 0.001 -24"><span class='ocrx_word' id='word_1_524' title='bbox 2116 2041 2203 2076; x_wconf 87' lang='grc' dir='ltr'>ναι</span> <span class='ocrx_word' id='word_1_525' title='bbox 2251 2019 2286 2089; x_wconf 74' lang='grc' dir='ltr'>ἢ</span> <span class='ocrx_word' id='word_1_526' title='bbox 2337 2019 2579 2091; x_wconf 82' lang='grc' dir='ltr'>ἐλεῆσαι.</span> <span class='ocrx_word' id='word_1_527' title='bbox 2636 2021 2783 2093; x_wconf 81' lang='grc' dir='ltr'>Ἓξις</span> <span class='ocrx_word' id='word_1_528' title='bbox 2831 2019 2909 2093; x_wconf 76' lang='grc' dir='ltr'>δὲ,</span> <span class='ocrx_word' id='word_1_529' title='bbox 2960 2023 3077 2077; x_wconf 87' lang='grc' dir='ltr'>καθ’</span> <span class='ocrx_word' id='word_1_530' title='bbox 3109 2024 3169 2092; x_wconf 78' lang='grc' dir='ltr'>ἦν</span> <span class='ocrx_word' id='word_1_531' title='bbox 3204 2023 3340 2098; x_wconf 86' lang='grc' dir='ltr'>πρὸς</span> <span class='ocrx_word' id='word_1_532' title='bbox 3369 2021 3434 2077; x_wconf 71' lang='grc' dir='ltr'>τὰ</span> <span class='ocrx_word' id='word_1_533' title='bbox 3462 2023 3610 2093; x_wconf 74' lang='grc' dir='ltr'>πάθη</span> <span class='ocrx_word' id='word_1_534' title='bbox 3641 2017 3774 2098; x_wconf 81' lang='grc' dir='ltr'>ἔχο-</span> 
     </span>
    </p>
   </div>
   <div class='ocr_carea' id='block_1_77' title="bbox 2124 2107 3778 2187">
    <p class='ocr_par' dir='ltr' id='par_1_77' title="bbox 2124 2107 3778 2187">
     <span class='ocr_line' id='line_1_77' title="bbox 2124 2107 3778 2187; baseline -0.001 -23"><span class='ocrx_word' id='word_1_535' title='bbox 2124 2131 2218 2184; x_wconf 89' lang='grc' dir='ltr'>μεν</span> <span class='ocrx_word' id='word_1_536' title='bbox 2267 2107 2455 2172; x_wconf 82' lang='grc' dir='ltr'>καλῶς</span> <span class='ocrx_word' id='word_1_537' title='bbox 2485 2110 2520 2180; x_wconf 77' lang='grc' dir='ltr'><strong>ἢ</strong></span> <span class='ocrx_word' id='word_1_538' title='bbox 2553 2115 2752 2172; x_wconf 78' lang='grc' dir='ltr'>κακῶς.</span> <span class='ocrx_word' id='word_1_539' title='bbox 2788 2111 2910 2166; x_wconf 80' lang='grc' dir='ltr'>Οἴον</span> <span class='ocrx_word' id='word_1_540' title='bbox 2962 2110 3098 2187; x_wconf 86' lang='grc' dir='ltr'>πρὸς</span> <span class='ocrx_word' id='word_1_541' title='bbox 3155 2112 3218 2166; x_wconf 86' lang='grc' dir='ltr'>τὸ</span> <span class='ocrx_word' id='word_1_542' title='bbox 3249 2111 3568 2186; x_wconf 74' lang='grc' dir='ltr'>ὀργισθῆναι</span> <span class='ocrx_word' id='word_1_543' title='bbox 3597 2111 3645 2167; x_wconf 78' lang='grc' dir='ltr'>εἷ</span> <span class='ocrx_word' id='word_1_544' title='bbox 3684 2113 3778 2185; x_wconf 75' lang='grc' dir='ltr'>μὲν</span> 
     </span>
    </p>
   </div>
   <div class='ocr_carea' id='block_1_78' title="bbox 2119 2197 3784 2277">
    <p class='ocr_par' dir='ltr' id='par_1_78' title="bbox 2119 2197 3784 2277">
     <span class='ocr_line' id='line_1_78' title="bbox 2119 2197 3784 2277; baseline 0.002 -23"><span class='ocrx_word' id='word_1_545' title='bbox 2119 2197 2370 2277; x_wconf 76' lang='grc' dir='ltr'>σφοδρῶς</span> <span class='ocrx_word' id='word_1_546' title='bbox 2426 2199 2462 2270; x_wconf 75' lang='grc' dir='ltr'><strong>ἢ</strong></span> <span class='ocrx_word' id='word_1_547' title='bbox 2522 2199 2836 2273; x_wconf 70' lang='grc' dir='ltr'>ἀνειμένως,</span> <span class='ocrx_word' id='word_1_548' title='bbox 2895 2206 3074 2263; x_wconf 81' lang='grc' dir='ltr'>κακῶς</span> <span class='ocrx_word' id='word_1_549' title='bbox 3136 2198 3359 2277; x_wconf 78' lang='grc' dir='ltr'>ἔχομεν.</span> <span class='ocrx_word' id='word_1_550' title='bbox 3419 2201 3670 2274; x_wconf 77' lang='grc' dir='ltr'>Ὁμοίως</span> <span class='ocrx_word' id='word_1_551' title='bbox 3727 2201 3784 2257; x_wconf 73' lang='grc' dir='ltr'>δὲ</span> 
     </span>
    </p>
   </div>
   <div class='ocr_carea' id='block_1_79' title="bbox 2121 2286 3787 2382">
    <p class='ocr_par' dir='ltr' id='par_1_79' title="bbox 2121 2286 3787 2382">
     <span class='ocr_line' id='line_1_79' title="bbox 2121 2286 3787 2382; baseline 0.002 -38"><span class='ocrx_word' id='word_1_552' title='bbox 2121 2290 2258 2382; x_wconf 57' lang='grc' dir='ltr'>πρρς</span> <span class='ocrx_word' id='word_1_553' title='bbox 2305 2288 2373 2344; x_wconf 77' lang='grc' dir='ltr'>τὰ</span> <span class='ocrx_word' id='word_1_554' title='bbox 2429 2286 2592 2347; x_wconf 75' lang='grc' dir='ltr'>ἄλλα.</span> <span class='ocrx_word' id='word_1_555' title='bbox 2651 2291 2720 2346; x_wconf 77' lang='lat' dir='ltr'>Al.</span> <span class='ocrx_word' id='word_1_556' title='bbox 2753 2287 2844 2344; x_wconf 73' lang='grc' dir='ltr'>οὖν</span> <span class='ocrx_word' id='word_1_557' title='bbox 2879 2289 3060 2365; x_wconf 76' lang='grc' dir='ltr'>ἀρεταὶ</span> <span class='ocrx_word' id='word_1_558' title='bbox 3094 2287 3217 2345; x_wconf 72' lang='grc' dir='ltr'>οὔτε</span> <span class='ocrx_word' id='word_1_559' title='bbox 3263 2291 3410 2362; x_wconf 71' lang='grc' dir='ltr'>πάθη</span> <span class='ocrx_word' id='word_1_560' title='bbox 3444 2290 3601 2359; x_wconf 79' lang='grc' dir='ltr'>εἶ’σὶν,</span> <span class='ocrx_word' id='word_1_561' title='bbox 3662 2289 3787 2348; x_wconf 64' lang='grc' dir='ltr'>οὔτε</span> 
     </span>
    </p>
   </div>
   <div class='ocr_carea' id='block_1_80' title="bbox 2125 2375 3778 2456">
    <p class='ocr_par' dir='ltr' id='par_1_80' title="bbox 2125 2375 3778 2456">
     <span class='ocr_line' id='line_1_80' title="bbox 2125 2375 3778 2456; baseline -0.001 -22"><span class='ocrx_word' id='word_1_562' title='bbox 2125 2375 2405 2452; x_wconf 69' lang='grc' dir='ltr'>δυνάμεις,</span> <span class='ocrx_word' id='word_1_563' title='bbox 2440 2376 2570 2433; x_wconf 86' lang='grc' dir='ltr'>ἀλλ’</span> <span class='ocrx_word' id='word_1_564' title='bbox 2626 2375 2781 2451; x_wconf 79' lang='grc' dir='ltr'>ἔξεις.</span> <span class='ocrx_word' id='word_1_565' title='bbox 2817 2379 2894 2437; x_wconf 75' lang='grc' dir='ltr'>Οὐ</span> <span class='ocrx_word' id='word_1_566' title='bbox 2936 2379 3038 2456; x_wconf 68' lang='grc' dir='ltr'>γὰρ</span> <span class='ocrx_word' id='word_1_567' title='bbox 3070 2378 3339 2456; x_wconf 82' lang='grc' dir='ltr'>λεγόμεθα</span> <span class='ocrx_word' id='word_1_568' title='bbox 3366 2381 3503 2436; x_wconf 83' lang='grc' dir='ltr'>κατά</span> <span class='ocrx_word' id='word_1_569' title='bbox 3534 2382 3601 2435; x_wconf 73' lang='grc' dir='ltr'>τὰ</span> <span class='ocrx_word' id='word_1_570' title='bbox 3632 2380 3778 2454; x_wconf 68' lang='grc' dir='ltr'>πάθη</span> 
     </span>
    </p>
   </div>
   <div class='ocr_carea' id='block_1_81' title="bbox 2125 2467 3785 2546">
    <p class='ocr_par' dir='ltr' id='par_1_81' title="bbox 2125 2467 3785 2546">
     <span class='ocr_line' id='line_1_81' title="bbox 2125 2467 3785 2546; baseline 0.001 -22"><span class='ocrx_word' id='word_1_571' title='bbox 2125 2467 2410 2525; x_wconf 85' lang='grc' dir='ltr'>σπουδαῖοι</span> <span class='ocrx_word' id='word_1_572' title='bbox 2441 2467 2476 2539; x_wconf 70' lang='grc' dir='ltr'><strong>ἢ</strong></span> <span class='ocrx_word' id='word_1_573' title='bbox 2509 2468 2730 2546; x_wconf 74' lang='grc' dir='ltr'>φαῦλοι·</span> <span class='ocrx_word' id='word_1_574' title='bbox 2785 2470 2922 2524; x_wconf 72' lang='grc' dir='ltr'>κχτά</span> <span class='ocrx_word' id='word_1_575' title='bbox 2953 2467 3009 2524; x_wconf 70' lang='grc' dir='ltr'>δὲ</span> <span class='ocrx_word' id='word_1_576' title='bbox 3056 2470 3152 2532; x_wconf 69' lang='grc' dir='ltr'>τὰς</span> <span class='ocrx_word' id='word_1_577' title='bbox 3184 2471 3372 2545; x_wconf 76' lang='grc' dir='ltr'>ἀρετὰς</span> <span class='ocrx_word' id='word_1_578' title='bbox 3403 2471 3493 2524; x_wconf 82' lang='grc' dir='ltr'>καὶ</span> <span class='ocrx_word' id='word_1_579' title='bbox 3533 2470 3631 2534; x_wconf 68' lang='grc' dir='ltr'>τὰς</span> <span class='ocrx_word' id='word_1_580' title='bbox 3684 2493 3785 2525; x_wconf 75' lang='grc' dir='ltr'>κα-</span> 
     </span>
    </p>
   </div>
   <div class='ocr_carea' id='block_1_82' title="bbox 2123 2555 3782 2636">
    <p class='ocr_par' dir='ltr' id='par_1_82' title="bbox 2123 2555 3782 2636">
     <span class='ocr_line' id='line_1_82' title="bbox 2123 2555 3782 2636; baseline 0.001 -23"><span class='ocrx_word' id='word_1_581' title='bbox 2123 2555 2600 2632; x_wconf 86' lang='grc' dir='ltr'>κίας,-λεγόμεθα</span> <span class='ocrx_word' id='word_1_582' title='bbox 2657 2556 2942 2613; x_wconf 77' lang='grc' dir='ltr'>σπουδαῖοι</span> <span class='ocrx_word' id='word_1_583' title='bbox 3005 2559 3093 2614; x_wconf 78' lang='grc' dir='ltr'>καὶ</span> <span class='ocrx_word' id='word_1_584' title='bbox 3154 2557 3374 2635; x_wconf 67' lang='grc' dir='ltr'>φαῦλοι.</span> <span class='ocrx_word' id='word_1_585' title='bbox 3436 2560 3539 2615; x_wconf 82' lang='grc' dir='ltr'>Καὶ</span> <span class='ocrx_word' id='word_1_586' title='bbox 3570 2555 3782 2636; x_wconf 64' lang='lat'>9030-5-</span> 
     </span>
    </p>
   </div>
   <div class='ocr_carea' id='block_1_83' title="bbox 2129 2646 3782 2724">
    <p class='ocr_par' dir='ltr' id='par_1_83' title="bbox 2129 2646 3782 2724">
     <span class='ocr_line' id='line_1_83' title="bbox 2129 2646 3782 2724; baseline 0.001 -22"><span class='ocrx_word' id='word_1_587' title='bbox 2129 2649 2262 2722; x_wconf 83' lang='grc' dir='ltr'>μεθα</span> <span class='ocrx_word' id='word_1_588' title='bbox 2296 2647 2388 2722; x_wconf 85' lang='grc' dir='ltr'>μέν</span> <span class='ocrx_word' id='word_1_589' title='bbox 2446 2647 2481 2717; x_wconf 75' lang='grc' dir='ltr'><strong>ἢ</strong></span> <span class='ocrx_word' id='word_1_590' title='bbox 2535 2647 2864 2723; x_wconf 80' lang='grc' dir='ltr'>ὀργιζόμεθα</span> <span class='ocrx_word' id='word_1_591' title='bbox 2913 2649 3309 2723; x_wconf 75' lang='grc' dir='ltr'>ἀπροαιρέτως.</span> <span class='ocrx_word' id='word_1_592' title='bbox 3362 2649 3424 2705; x_wconf 74' lang='grc' dir='ltr'><strong>Αἱ</strong></span> <span class='ocrx_word' id='word_1_593' title='bbox 3473 2646 3531 2704; x_wconf 72' lang='grc' dir='ltr'><strong>δὲ</strong></span> <span class='ocrx_word' id='word_1_594' title='bbox 3588 2649 3782 2724; x_wconf 72' lang='grc' dir='ltr'>ἀρεταὶ</span> 
     </span>
    </p>
   </div>
   <div class='ocr_carea' id='block_1_84' title="bbox 2125 2736 3780 2815">
    <p class='ocr_par' dir='ltr' id='par_1_84' title="bbox 2125 2736 3780 2815">
     <span class='ocr_line' id='line_1_84' title="bbox 2125 2736 3780 2815; baseline -0.001 -22"><span class='ocrx_word' id='word_1_595' title='bbox 2125 2736 2467 2814; x_wconf 73' lang='grc' dir='ltr'>προαιρέσεις</span> <span class='ocrx_word' id='word_1_596' title='bbox 2543 2739 2702 2808; x_wconf 70' lang='grc' dir='ltr'>τινες,</span> <span class='ocrx_word' id='word_1_597' title='bbox 2764 2737 2799 2807; x_wconf 71' lang='grc' dir='ltr'><strong>ἢ</strong></span> <span class='ocrx_word' id='word_1_598' title='bbox 2869 2737 2967 2793; x_wconf 79' lang='grc' dir='ltr'>οὐκ</span> <span class='ocrx_word' id='word_1_599' title='bbox 3032 2737 3155 2794; x_wconf 76' lang='grc' dir='ltr'>ἄνευ</span> <span class='ocrx_word' id='word_1_600' title='bbox 3211 2737 3610 2815; x_wconf 74' lang='grc' dir='ltr'>προαιρέσεως.</span> <span class='ocrx_word' id='word_1_601' title='bbox 3674 2739 3780 2794; x_wconf 75' lang='grc' dir='ltr'>Καὶ</span> 
     </span>
    </p>
   </div>
   <div class='ocr_carea' id='block_1_85' title="bbox 2125 2825 3776 2902">
    <p class='ocr_par' dir='ltr' id='par_1_85' title="bbox 2125 2825 3776 2902">
     <span class='ocr_line' id='line_1_85' title="bbox 2125 2825 3776 2902; baseline 0 -20"><span class='ocrx_word' id='word_1_602' title='bbox 2125 2828 2262 2883; x_wconf 82' lang='grc' dir='ltr'>κατά</span> <span class='ocrx_word' id='word_1_603' title='bbox 2293 2828 2386 2901; x_wconf 80' lang='grc' dir='ltr'>μὶν</span> <span class='ocrx_word' id='word_1_604' title='bbox 2437 2827 2504 2882; x_wconf 75' lang='grc' dir='ltr'>τὰ</span> <span class='ocrx_word' id='word_1_605' title='bbox 2550 2828 2696 2897; x_wconf 73' lang='grc' dir='ltr'>πάθη</span> <span class='ocrx_word' id='word_1_606' title='bbox 2731 2833 2994 2891; x_wconf 85' lang='grc' dir='ltr'>κινεῖσθαι</span> <span class='ocrx_word' id='word_1_607' title='bbox 3057 2825 3353 2902; x_wconf 81' lang='grc' dir='ltr'>λεγόμεθα,</span> <span class='ocrx_word' id='word_1_608' title='bbox 3395 2828 3532 2882; x_wconf 80' lang='grc' dir='ltr'>κατά</span> <span class='ocrx_word' id='word_1_609' title='bbox 3562 2825 3622 2882; x_wconf 73' lang='grc' dir='ltr'>δὲ</span> <span class='ocrx_word' id='word_1_610' title='bbox 3679 2830 3776 2892; x_wconf 73' lang='grc' dir='ltr'>τὰς</span> 
     </span>
    </p>
   </div>
   <div class='ocr_carea' id='block_1_86' title="bbox 2127 2915 3779 2993">
    <p class='ocr_par' dir='ltr' id='par_1_86' title="bbox 2127 2915 3779 2993">
     <span class='ocr_line' id='line_1_86' title="bbox 2127 2915 3779 2993; baseline 0 -21"><span class='ocrx_word' id='word_1_611' title='bbox 2127 2917 2321 2980; x_wconf 87' lang='grc' dir='ltr'>κακίας</span> <span class='ocrx_word' id='word_1_612' title='bbox 2380 2915 2470 2971; x_wconf 87' lang='grc' dir='ltr'>καὶ</span> <span class='ocrx_word' id='word_1_613' title='bbox 2516 2918 2612 2979; x_wconf 73' lang='grc' dir='ltr'>τὰς</span> <span class='ocrx_word' id='word_1_614' title='bbox 2660 2916 2850 2993; x_wconf 74' lang='grc' dir='ltr'>ἀρετὰς</span> <span class='ocrx_word' id='word_1_615' title='bbox 2911 2916 2972 2971; x_wconf 72' lang='grc' dir='ltr'>οὗ</span> <span class='ocrx_word' id='word_1_616' title='bbox 3029 2919 3312 2988; x_wconf 84' lang='grc' dir='ltr'>κινεῖσθαι,</span> <span class='ocrx_word' id='word_1_617' title='bbox 3375 2915 3522 2973; x_wconf 73' lang='grc' dir='ltr'>ἀλλὰ</span> <span class='ocrx_word' id='word_1_618' title='bbox 3568 2915 3779 2989; x_wconf 75' lang='grc' dir='ltr'>διακεῖ-</span> 
     </span>
    </p>
   </div>
   <div class='ocr_carea' id='block_1_87' title="bbox 2129 3005 2418 3070">
    <p class='ocr_par' dir='ltr' id='par_1_87' title="bbox 2129 3005 2418 3070">
     <span class='ocr_line' id='line_1_87' title="bbox 2129 3005 2418 3070; baseline 0.007 -11"><span class='ocrx_word' id='word_1_619' title='bbox 2129 3005 2250 3070; x_wconf 86' lang='grc' dir='ltr'>σθαί</span> <span class='ocrx_word' id='word_1_620' title='bbox 2279 3026 2418 3068; x_wconf 90' lang='grc' dir='ltr'>πως.</span> 
     </span>
    </p>
   </div>
   <div class='ocr_carea' id='block_1_88' title="bbox 2619 3148 3279 3226">
    <p class='ocr_par' dir='ltr' id='par_1_88' title="bbox 2619 3148 3279 3226">
     <span class='ocr_line' id='line_1_88' title="bbox 2619 3148 3279 3226; baseline 0.006 -23"><span class='ocrx_word' id='word_1_621' title='bbox 2619 3150 2715 3218; x_wconf 82' lang='grc' dir='ltr'>νζ’.</span> <span class='ocrx_word' id='word_1_622' title='bbox 2748 3150 2869 3206; x_wconf 71' lang='grc' dir='ltr'>Ἔτι</span> <span class='ocrx_word' id='word_1_623' title='bbox 2899 3149 3023 3223; x_wconf 86' lang='grc' dir='ltr'>περὶ</span> <span class='ocrx_word' id='word_1_624' title='bbox 3054 3148 3279 3226; x_wconf 83' lang='grc' dir='ltr'>ἀρετῶν.</span> 
     </span>
    </p>
   </div>
   <div class='ocr_carea' id='block_1_89' title="bbox 2200 3259 3788 3342">
    <p class='ocr_par' dir='ltr' id='par_1_89' title="bbox 2200 3259 3788 3342">
     <span class='ocr_line' id='line_1_89' title="bbox 2200 3259 3788 3342; baseline 0.003 -25"><span class='ocrx_word' id='word_1_625' title='bbox 2200 3265 2322 3322; x_wconf 86' lang='grc' dir='ltr'>’Ὁτι</span> <span class='ocrx_word' id='word_1_626' title='bbox 2377 3265 2412 3333; x_wconf 79' lang='grc' dir='ltr'>ἠ</span> <span class='ocrx_word' id='word_1_627' title='bbox 2472 3264 2565 3338; x_wconf 77' lang='grc' dir='ltr'>μὶν</span> <span class='ocrx_word' id='word_1_628' title='bbox 2599 3260 2814 3335; x_wconf 85' lang='grc' dir='ltr'>ἀνδρεία</span> <span class='ocrx_word' id='word_1_629' title='bbox 2873 3259 3108 3337; x_wconf 75' lang='grc' dir='ltr'>μεσότης</span> <span class='ocrx_word' id='word_1_630' title='bbox 3142 3263 3306 3333; x_wconf 78' lang='grc' dir='ltr'>ἐστὶν,</span> <span class='ocrx_word' id='word_1_631' title='bbox 3357 3264 3431 3326; x_wconf 83' lang='grc' dir='ltr'>ὡς</span> <span class='ocrx_word' id='word_1_632' title='bbox 3465 3264 3559 3337; x_wconf 69' lang='grc' dir='ltr'>μὲν</span> <span class='ocrx_word' id='word_1_633' title='bbox 3619 3267 3788 3342; x_wconf 78' lang='grc' dir='ltr'>ὑπερ·</span> 
     </span>
    </p>
   </div>
   <div class='ocr_carea' id='block_1_90' title="bbox 2130 3348 3792 3428">
    <p class='ocr_par' dir='ltr' id='par_1_90' title="bbox 2130 3348 3792 3428">
     <span class='ocr_line' id='line_1_90' title="bbox 2130 3348 3792 3428; baseline 0.001 -20"><span class='ocrx_word' id='word_1_634' title='bbox 2130 3348 2304 3424; x_wconf 71' lang='grc' dir='ltr'>ϐολῆς</span> <span class='ocrx_word' id='word_1_635' title='bbox 2349 3357 2446 3409; x_wconf 76' lang='grc' dir='ltr'>τοῦ</span> <span class='ocrx_word' id='word_1_636' title='bbox 2496 3354 2745 3426; x_wconf 79' lang='grc' dir='ltr'>θράσους,</span> <span class='ocrx_word' id='word_1_637' title='bbox 2805 3353 2881 3416; x_wconf 88' lang='grc' dir='ltr'>ὡς</span> <span class='ocrx_word' id='word_1_638' title='bbox 2939 3351 2997 3408; x_wconf 71' lang='grc' dir='ltr'>δὲ</span> <span class='ocrx_word' id='word_1_639' title='bbox 3055 3352 3352 3428; x_wconf 76' lang='grc' dir='ltr'>ἐλλείψεως</span> <span class='ocrx_word' id='word_1_640' title='bbox 3399 3361 3498 3423; x_wconf 77' lang='grc' dir='ltr'>τῆς</span> <span class='ocrx_word' id='word_1_641' title='bbox 3547 3352 3792 3425; x_wconf 82' lang='grc' dir='ltr'>δειλίας,</span> 
     </span>
    </p>
   </div>
   <div class='ocr_carea' id='block_1_91' title="bbox 2128 3439 3789 3523">
    <p class='ocr_par' dir='ltr' id='par_1_91' title="bbox 2128 3439 3789 3523">
     <span class='ocr_line' id='line_1_91' title="bbox 2128 3439 3789 3523; baseline 0.001 -24"><span class='ocrx_word' id='word_1_642' title='bbox 2128 3443 2217 3499; x_wconf 88' lang='grc' dir='ltr'>καὶ</span> <span class='ocrx_word' id='word_1_643' title='bbox 2267 3443 2379 3499; x_wconf 72' lang='grc' dir='ltr'>ἐστι</span> <span class='ocrx_word' id='word_1_644' title='bbox 2431 3443 2555 3519; x_wconf 86' lang='grc' dir='ltr'>περὶ</span> <span class='ocrx_word' id='word_1_645' title='bbox 2615 3439 2819 3523; x_wconf 78' lang='grc' dir='ltr'>φόϐους</span> <span class='ocrx_word' id='word_1_646' title='bbox 2877 3443 2964 3499; x_wconf 76' lang='grc' dir='ltr'>καὶ</span> <span class='ocrx_word' id='word_1_647' title='bbox 3008 3443 3201 3520; x_wconf 74' lang='grc' dir='ltr'>θάρῥη.</span> <span class='ocrx_word' id='word_1_648' title='bbox 3261 3446 3370 3516; x_wconf 79' lang='grc' dir='ltr'>Τῆς</span> <span class='ocrx_word' id='word_1_649' title='bbox 3401 3442 3459 3499; x_wconf 74' lang='grc' dir='ltr'>δὲ</span> <span class='ocrx_word' id='word_1_650' title='bbox 3497 3446 3789 3522; x_wconf 67' lang='grc' dir='ltr'>σωφροσύ-</span> 
     </span>
    </p>
   </div>
   <div class='ocr_carea' id='block_1_92' title="bbox 2128 3529 3792 3608">
    <p class='ocr_par' dir='ltr' id='par_1_92' title="bbox 2128 3529 3792 3608">
     <span class='ocr_line' id='line_1_92' title="bbox 2128 3529 3792 3608; baseline 0 -20"><span class='ocrx_word' id='word_1_651' title='bbox 2128 3555 2242 3604; x_wconf 85' lang='grc' dir='ltr'>νης,</span> <span class='ocrx_word' id='word_1_652' title='bbox 2307 3529 2587 3608; x_wconf 81' lang='grc' dir='ltr'>ὑπερϐολή</span> <span class='ocrx_word' id='word_1_653' title='bbox 2637 3534 2730 3606; x_wconf 75' lang='grc' dir='ltr'>μὲν</span> <span class='ocrx_word' id='word_1_654' title='bbox 2779 3535 2814 3604; x_wconf 84' lang='grc' dir='ltr'>ἠ</span> <span class='ocrx_word' id='word_1_655' title='bbox 2868 3532 3153 3605; x_wconf 74' lang='grc' dir='ltr'>ἀκολασία,</span> <span class='ocrx_word' id='word_1_656' title='bbox 3211 3529 3456 3608; x_wconf 66' lang='grc' dir='ltr'>ἔλλειψις</span> <span class='ocrx_word' id='word_1_657' title='bbox 3490 3531 3606 3604; x_wconf 73' lang='grc' dir='ltr'>δέἡ</span> <span class='ocrx_word' id='word_1_658' title='bbox 3643 3535 3792 3590; x_wconf 82' lang='grc' dir='ltr'>ἀναι-</span> 
     </span>
    </p>
   </div>
   <div class='ocr_carea' id='block_1_93' title="bbox 2132 3619 3789 3699">
    <p class='ocr_par' dir='ltr' id='par_1_93' title="bbox 2132 3619 3789 3699">
     <span class='ocr_line' id='line_1_93' title="bbox 2132 3619 3789 3699; baseline 0 -22"><span class='ocrx_word' id='word_1_659' title='bbox 2132 3624 2349 3693; x_wconf 85' lang='grc' dir='ltr'>σθησία,</span> <span class='ocrx_word' id='word_1_660' title='bbox 2397 3622 2631 3698; x_wconf 79' lang='grc' dir='ltr'>λεγέσθω</span> <span class='ocrx_word' id='word_1_661' title='bbox 2681 3621 2781 3698; x_wconf 71' lang='grc' dir='ltr'>γὰρ</span> <span class='ocrx_word' id='word_1_662' title='bbox 2835 3623 3027 3685; x_wconf 74' lang='grc' dir='ltr'>οὕτως.</span> <span class='ocrx_word' id='word_1_663' title='bbox 3079 3621 3207 3699; x_wconf 83' lang='grc' dir='ltr'>Περῖ</span> <span class='ocrx_word' id='word_1_664' title='bbox 3263 3619 3412 3678; x_wconf 83' lang='grc' dir='ltr'>δόσιν</span> <span class='ocrx_word' id='word_1_665' title='bbox 3472 3624 3789 3699; x_wconf 70' lang='grc' dir='ltr'>χρημάτων</span> 
     </span>
    </p>
   </div>
   <div class='ocr_carea' id='block_1_94' title="bbox 2129 3708 3791 3787">
    <p class='ocr_par' dir='ltr' id='par_1_94' title="bbox 2129 3708 3791 3787">
     <span class='ocr_line' id='line_1_94' title="bbox 2129 3708 3791 3787; baseline 0 -19"><span class='ocrx_word' id='word_1_666' title='bbox 2129 3712 2218 3768; x_wconf 83' lang='grc' dir='ltr'>καὶ</span> <span class='ocrx_word' id='word_1_667' title='bbox 2251 3711 2442 3786; x_wconf 79' lang='grc' dir='ltr'>λῆψιν,</span> <span class='ocrx_word' id='word_1_668' title='bbox 2495 3711 2730 3785; x_wconf 80' lang='grc' dir='ltr'>μεσότης</span> <span class='ocrx_word' id='word_1_669' title='bbox 2780 3712 2873 3786; x_wconf 77' lang='grc' dir='ltr'>μὶν</span> <span class='ocrx_word' id='word_1_670' title='bbox 2905 3715 2939 3782; x_wconf 79' lang='grc' dir='ltr'>ἡ</span> <span class='ocrx_word' id='word_1_671' title='bbox 2975 3711 3374 3787; x_wconf 77' lang='grc' dir='ltr'>ἐλευθεριότης,</span> <span class='ocrx_word' id='word_1_672' title='bbox 3410 3708 3696 3785; x_wconf 75' lang='grc' dir='ltr'>ὑπερϐολὴ</span> <span class='ocrx_word' id='word_1_673' title='bbox 3733 3711 3791 3768; x_wconf 75' lang='grc' dir='ltr'>εὶ</span> 
     </span>
    </p>
   </div>
   <div class='ocr_carea' id='block_1_95' title="bbox 2129 3799 3790 3878">
    <p class='ocr_par' dir='ltr' id='par_1_95' title="bbox 2129 3799 3790 3878">
     <span class='ocr_line' id='line_1_95' title="bbox 2129 3799 3790 3878; baseline 0.001 -22"><span class='ocrx_word' id='word_1_674' title='bbox 2129 3803 2164 3872; x_wconf 75' lang='grc' dir='ltr'>ἡ</span> <span class='ocrx_word' id='word_1_675' title='bbox 2221 3801 2446 3873; x_wconf 83' lang='grc' dir='ltr'>ἀσωτία,</span> <span class='ocrx_word' id='word_1_676' title='bbox 2497 3799 2620 3871; x_wconf 74' lang='grc' dir='ltr'>ἤτοι</span> <span class='ocrx_word' id='word_1_677' title='bbox 2662 3799 2874 3878; x_wconf 81' lang='grc' dir='ltr'>ἆφειδία</span> <span class='ocrx_word' id='word_1_678' title='bbox 2920 3803 3018 3871; x_wconf 73' lang='grc' dir='ltr'>τῆς</span> <span class='ocrx_word' id='word_1_679' title='bbox 3048 3803 3324 3877; x_wconf 72' lang='grc' dir='ltr'>χρήσεως,</span> <span class='ocrx_word' id='word_1_680' title='bbox 3376 3799 3626 3875; x_wconf 72' lang='grc' dir='ltr'>ἔλλειψις</span> <span class='ocrx_word' id='word_1_681' title='bbox 3663 3800 3723 3857; x_wconf 67' lang='grc' dir='ltr'>δὲ</span> 
     </span>
    </p>
   </div>
   <div class='ocr_carea' id='block_1_96' title="bbox 2131 3881 3792 3970">
    <p class='ocr_par' dir='ltr' id='par_1_96' title="bbox 2131 3881 3792 3970">
     <span class='ocr_line' id='line_1_96' title="bbox 2131 3881 3792 3970; baseline 0.001 -24"><span class='ocrx_word' id='word_1_682' title='bbox 2131 3889 2479 3968; x_wconf 82' lang='grc' dir='ltr'>ἀνελευθερία</span> <span class='ocrx_word' id='word_1_683' title='bbox 2527 3891 2652 3961; x_wconf 70' lang='grc' dir='ltr'>ἦτοι</span> <span class='ocrx_word' id='word_1_684' title='bbox 2691 3881 2992 3970; x_wconf 76' lang='grc' dir='ltr'>φειδωλία.</span> <span class='ocrx_word' id='word_1_685' title='bbox 3029 3890 3159 3967; x_wconf 84' lang='grc' dir='ltr'>Περὶ</span> <span class='ocrx_word' id='word_1_686' title='bbox 3221 3889 3276 3946; x_wconf 72' lang='grc' dir='ltr'>δὲ</span> <span class='ocrx_word' id='word_1_687' title='bbox 3328 3893 3636 3968; x_wconf 72' lang='grc' dir='ltr'>χρημάτων</span> <span class='ocrx_word' id='word_1_688' title='bbox 3693 3914 3792 3964; x_wconf 64' lang='grc' dir='ltr'>μευ</span> 
     </span>
    </p>
   </div>
   <div class='ocr_carea' id='block_1_97' title="bbox 2133 3975 3796 4057">
    <p class='ocr_par' dir='ltr' id='par_1_97' title="bbox 2133 3975 3796 4057">
     <span class='ocr_line' id='line_1_97' title="bbox 2133 3975 3796 4057; baseline 0.001 -23"><span class='ocrx_word' id='word_1_689' title='bbox 2133 3981 2295 4050; x_wconf 84' lang='grc' dir='ltr'>σότης</span> <span class='ocrx_word' id='word_1_690' title='bbox 2350 3981 2441 4054; x_wconf 72' lang='grc' dir='ltr'>μὲν</span> <span class='ocrx_word' id='word_1_691' title='bbox 2501 3982 2535 4051; x_wconf 71' lang='grc' dir='ltr'>ἡ</span> <span class='ocrx_word' id='word_1_692' title='bbox 2596 3979 3054 4056; x_wconf 77' lang='grc' dir='ltr'>μεγαλοπρέπεια,</span> <span class='ocrx_word' id='word_1_693' title='bbox 3090 3975 3372 4054; x_wconf 78' lang='grc' dir='ltr'>ὑπερϐολὴ</span> <span class='ocrx_word' id='word_1_694' title='bbox 3414 3978 3526 4050; x_wconf 74' lang='grc' dir='ltr'>8ὲὴ</span> <span class='ocrx_word' id='word_1_695' title='bbox 3562 3981 3796 4057; x_wconf 79' lang='grc' dir='ltr'>ἀπειρο-</span> 
     </span>
    </p>
   </div>
   <div class='ocr_carea' id='block_1_98' title="bbox 2130 4066 3798 4149">
    <p class='ocr_par' dir='ltr' id='par_1_98' title="bbox 2130 4066 3798 4149">
     <span class='ocr_line' id='line_1_98' title="bbox 2130 4066 3798 4149; baseline -0.001 -23"><span class='ocrx_word' id='word_1_696' title='bbox 2130 4069 2315 4138; x_wconf 85' lang='grc' dir='ltr'>καλία,</span> <span class='ocrx_word' id='word_1_697' title='bbox 2361 4067 2607 4146; x_wconf 73' lang='grc' dir='ltr'>ἔλλειψις</span> <span class='ocrx_word' id='word_1_698' title='bbox 2657 4069 2714 4128; x_wconf 70' lang='grc' dir='ltr'>δῖε</span> <span class='ocrx_word' id='word_1_699' title='bbox 2769 4072 2802 4141; x_wconf 82' lang='grc' dir='ltr'><strong>ἠ</strong></span> <span class='ocrx_word' id='word_1_700' title='bbox 2859 4072 3273 4149; x_wconf 75' lang='grc' dir='ltr'>μικροπρέπειι.</span> <span class='ocrx_word' id='word_1_701' title='bbox 3333 4071 3465 4147; x_wconf 83' lang='grc' dir='ltr'>Περῖ</span> <span class='ocrx_word' id='word_1_702' title='bbox 3499 4068 3558 4126; x_wconf 69' lang='grc' dir='ltr'>δὲ</span> <span class='ocrx_word' id='word_1_703' title='bbox 3608 4066 3798 4148; x_wconf 75' lang='grc' dir='ltr'>ὄρεξιν</span> 
     </span>
    </p>
   </div>
   <div class='ocr_carea' id='block_1_99' title="bbox 2128 4155 3801 4238">
    <p class='ocr_par' dir='ltr' id='par_1_99' title="bbox 2128 4155 3801 4238">
     <span class='ocr_line' id='line_1_99' title="bbox 2128 4155 3801 4238; baseline -0.001 -23"><span class='ocrx_word' id='word_1_704' title='bbox 2128 4167 2320 4233; x_wconf 82' lang='grc' dir='ltr'>τιμῆς,</span> <span class='ocrx_word' id='word_1_705' title='bbox 2353 4161 2380 4215; x_wconf 89' lang='lat'>6</span> <span class='ocrx_word' id='word_1_706' title='bbox 2412 4161 2504 4234; x_wconf 73' lang='grc' dir='ltr'>μὲν</span> <span class='ocrx_word' id='word_1_707' title='bbox 2538 4155 2898 4236; x_wconf 78' lang='grc' dir='ltr'>ὑπερϐάλλων</span> <span class='ocrx_word' id='word_1_708' title='bbox 2951 4165 3068 4224; x_wconf 84' lang='grc' dir='ltr'>ταῖς</span> <span class='ocrx_word' id='word_1_709' title='bbox 3097 4159 3322 4234; x_wconf 78' lang='grc' dir='ltr'>ὀρέξεσι,</span> <span class='ocrx_word' id='word_1_710' title='bbox 3385 4159 3716 4238; x_wconf 73' lang='grc' dir='ltr'>φιλότιμος,</span> <span class='ocrx_word' id='word_1_711' title='bbox 3772 4161 3801 4214; x_wconf 92' lang='lat'>6</span> 
     </span>
    </p>
   </div>
   <div class='ocr_carea' id='block_1_100' title="bbox 2134 4245 3801 4328">
    <p class='ocr_par' dir='ltr' id='par_1_100' title="bbox 2134 4245 3801 4328">
     <span class='ocr_line' id='line_1_100' title="bbox 2134 4247 3572 4304; baseline 0.001 -38"><span class='ocrx_word' id='word_1_712' title='bbox 2134 4247 2179 4304; x_wconf 61' lang='grc' dir='ltr'>δ,</span> <span class='ocrx_word' id='word_1_713' title='bbox 2244 4249 2389 4304; x_wconf 72' lang='grc' dir='ltr'>,λλ.</span> <span class='ocrx_word' id='word_1_714' title='bbox 2583 4251 2595 4265; x_wconf 66' lang='grc' dir='ltr'><strong>ς</strong></span> <span class='ocrx_word' id='word_1_715' title='bbox 2745 4271 2773 4282; x_wconf 86' lang='lat'>_</span> <span class='ocrx_word' id='word_1_716' title='bbox 3137 4249 3151 4266; x_wconf 61' lang='grc' dir='ltr'>ς</span> <span class='ocrx_word' id='word_1_717' title='bbox 3281 4248 3290 4265; x_wconf 83' lang='grc'>.</span> <span class='ocrx_word' id='word_1_718' title='bbox 3367 4270 3387 4284; x_wconf 45' lang='grc' dir='ltr'><strong><em>ρ</em></strong></span> <span class='ocrx_word' id='word_1_719' title='bbox 3479 4249 3494 4264; x_wconf 73' lang='lat'>.</span> <span class='ocrx_word' id='word_1_720' title='bbox 3561 4250 3572 4267; x_wconf 74' lang='grc' dir='ltr'><em>ο</em></span> 
     </span>
     <span class='ocr_line' id='line_1_101' title="bbox 2168 4245 3801 4328; baseline 0.001 -24"><span class='ocrx_word' id='word_1_721' title='bbox 2168 4271 2189 4304; x_wconf 91' lang='grc' dir='ltr'>ε</span> <span class='ocrx_word' id='word_1_722' title='bbox 2241 4271 2263 4304; x_wconf 90' lang='grc' dir='ltr'>ε</span> <span class='ocrx_word' id='word_1_723' title='bbox 2346 4269 2511 4304; x_wconf 87' lang='grc' dir='ltr'>ειπων</span> <span class='ocrx_word' id='word_1_724' title='bbox 2573 4249 2951 4328; x_wconf 75' lang='grc' dir='ltr'>αφιλό.ιμος,</span> <span class='ocrx_word' id='word_1_725' title='bbox 3017 4251 3045 4304; x_wconf 88' lang='lat'>6</span> <span class='ocrx_word' id='word_1_726' title='bbox 3105 4245 3162 4303; x_wconf 74' lang='grc' dir='ltr'>δε</span> <span class='ocrx_word' id='word_1_727' title='bbox 3223 4269 3410 4322; x_wconf 66' lang='grc' dir='ltr'>μεσος,</span> <span class='ocrx_word' id='word_1_728' title='bbox 3470 4270 3801 4322; x_wconf 75' lang='grc' dir='ltr'>ανωνυμος.</span> 
     </span>
    </p>
   </div>
   <div class='ocr_carea' id='block_1_101' title="bbox 2133 4335 3806 4416">
    <p class='ocr_par' dir='ltr' id='par_1_101' title="bbox 2133 4335 3806 4416">
     <span class='ocr_line' id='line_1_102' title="bbox 2133 4335 3806 4416; baseline -0.001 -22"><span class='ocrx_word' id='word_1_729' title='bbox 2133 4337 2325 4394; x_wconf 82' lang='grc' dir='ltr'>Πολλά</span> <span class='ocrx_word' id='word_1_730' title='bbox 2352 4340 2452 4416; x_wconf 75' lang='grc' dir='ltr'>γάρ</span> <span class='ocrx_word' id='word_1_731' title='bbox 2485 4338 2584 4394; x_wconf 87' lang='grc' dir='ltr'>εἰσι</span> <span class='ocrx_word' id='word_1_732' title='bbox 2616 4340 2912 4415; x_wconf 84' lang='grc' dir='ltr'>πράγματα</span> <span class='ocrx_word' id='word_1_733' title='bbox 2942 4335 3116 4412; x_wconf 76' lang='grc' dir='ltr'>ὄνομα</span> <span class='ocrx_word' id='word_1_734' title='bbox 3161 4337 3350 4414; x_wconf 74' lang='grc' dir='ltr'>κύριον</span> <span class='ocrx_word' id='word_1_735' title='bbox 3401 4340 3570 4410; x_wconf 73' lang='grc' dir='ltr'>μήπω</span> <span class='ocrx_word' id='word_1_736' title='bbox 3623 4337 3806 4414; x_wconf 74' lang='grc' dir='ltr'>ἐσχηο</span> 
     </span>
    </p>
   </div>
   <div class='ocr_carea' id='block_1_102' title="bbox 2130 4449 2284 4483">
    <p class='ocr_par' dir='ltr' id='par_1_102' title="bbox 2130 4449 2284 4483">
     <span class='ocr_line' id='line_1_103' title="bbox 2130 4449 2284 4483; baseline 0 -1"><span class='ocrx_word' id='word_1_737' title='bbox 2130 4449 2284 4483; x_wconf 86' lang='grc' dir='ltr'>κοτα.</span> 
     </span>
    </p>
   </div>
   <div class='ocr_carea' id='block_1_103' title="bbox 2613 4542 3289 4619">
    <p class='ocr_par' dir='ltr' id='par_1_103' title="bbox 2613 4542 3289 4619">
     <span class='ocr_line' id='line_1_104' title="bbox 2613 4542 3289 4619; baseline 0.001 -22"><span class='ocrx_word' id='word_1_738' title='bbox 2613 4545 2716 4614; x_wconf 89' lang='grc' dir='ltr'>νη’.</span> <span class='ocrx_word' id='word_1_739' title='bbox 2751 4545 2871 4600; x_wconf 84' lang='grc' dir='ltr'>Ἔτι</span> <span class='ocrx_word' id='word_1_740' title='bbox 2906 4542 3028 4619; x_wconf 84' lang='grc' dir='ltr'>περὶ</span> <span class='ocrx_word' id='word_1_741' title='bbox 3062 4542 3289 4619; x_wconf 81' lang='grc' dir='ltr'>ἀρετῶν.</span> 
     </span>
    </p>
   </div>
   <div class='ocr_carea' id='block_1_104' title="bbox 2203 4655 3808 4734">
    <p class='ocr_par' dir='ltr' id='par_1_104' title="bbox 2203 4655 3808 4734">
     <span class='ocr_line' id='line_1_105' title="bbox 2203 4655 3808 4734; baseline 0 -20"><span class='ocrx_word' id='word_1_742' title='bbox 2203 4660 2330 4731; x_wconf 82' lang='grc' dir='ltr'>Περὶ</span> <span class='ocrx_word' id='word_1_743' title='bbox 2363 4662 2461 4730; x_wconf 79' lang='grc' dir='ltr'>τὴν</span> <span class='ocrx_word' id='word_1_744' title='bbox 2495 4655 2778 4734; x_wconf 76' lang='grc' dir='ltr'>πραότητα</span> <span class='ocrx_word' id='word_1_745' title='bbox 2812 4657 3082 4732; x_wconf 88' lang='grc' dir='ltr'>μεσότητα</span> <span class='ocrx_word' id='word_1_746' title='bbox 3142 4658 3325 4730; x_wconf 80' lang='grc' dir='ltr'>οὖσαν,</span> <span class='ocrx_word' id='word_1_747' title='bbox 3381 4658 3415 4728; x_wconf 77' lang='grc' dir='ltr'><strong>ἠ</strong></span> <span class='ocrx_word' id='word_1_748' title='bbox 3463 4658 3560 4730; x_wconf 79' lang='grc' dir='ltr'>μὶν</span> <span class='ocrx_word' id='word_1_749' title='bbox 3627 4659 3808 4734; x_wconf 58' lang='grc' dir='ltr'>ὑπερ-</span> 
     </span>
    </p>
   </div>
   <div class='ocr_carea' id='block_1_105' title="bbox 2133 4745 3806 4825">
    <p class='ocr_par' dir='ltr' id='par_1_105' title="bbox 2133 4745 3806 4825">
     <span class='ocr_line' id='line_1_106' title="bbox 2133 4745 3806 4825; baseline -0.002 -21"><span class='ocrx_word' id='word_1_750' title='bbox 2133 4745 2417 4804; x_wconf 79' lang='grc' dir='ltr'>ϐάλλουσα</span> <span class='ocrx_word' id='word_1_751' title='bbox 2472 4749 2653 4820; x_wconf 82' lang='grc' dir='ltr'>κακία,</span> <span class='ocrx_word' id='word_1_752' title='bbox 2713 4747 3012 4824; x_wconf 81' lang='grc' dir='ltr'>ὀργιλότης</span> <span class='ocrx_word' id='word_1_753' title='bbox 3059 4749 3092 4818; x_wconf 79' lang='grc' dir='ltr'>ἠ</span> <span class='ocrx_word' id='word_1_754' title='bbox 3129 4745 3186 4803; x_wconf 73' lang='grc' dir='ltr'>δὲ</span> <span class='ocrx_word' id='word_1_755' title='bbox 3215 4746 3550 4804; x_wconf 82' lang='grc' dir='ltr'>ἐλλείπουσα</span> <span class='ocrx_word' id='word_1_756' title='bbox 3580 4747 3806 4825; x_wconf 58' lang='lat' dir='ltr'>domn;-</span> 
     </span>
    </p>
   </div>
   <div class='ocr_carea' id='block_1_106' title="bbox 2133 4835 3803 4914">
    <p class='ocr_par' dir='ltr' id='par_1_106' title="bbox 2133 4835 3803 4914">
     <span class='ocr_line' id='line_1_107' title="bbox 2133 4835 3803 4914; baseline -0.001 -20"><span class='ocrx_word' id='word_1_757' title='bbox 2133 4841 2240 4896; x_wconf 90' lang='grc' dir='ltr'>σία.</span> <span class='ocrx_word' id='word_1_758' title='bbox 2305 4838 2435 4914; x_wconf 83' lang='grc' dir='ltr'>Περὶ</span> <span class='ocrx_word' id='word_1_759' title='bbox 2466 4837 2523 4894; x_wconf 77' lang='grc' dir='ltr'>δὲ</span> <span class='ocrx_word' id='word_1_760' title='bbox 2577 4839 2638 4894; x_wconf 86' lang='grc' dir='ltr'>τὸ</span> <span class='ocrx_word' id='word_1_761' title='bbox 2690 4835 2914 4907; x_wconf 68' lang='grc' dir='ltr'>ἀληθὲς,</span> <span class='ocrx_word' id='word_1_762' title='bbox 2971 4839 2999 4894; x_wconf 90' lang='lat'>6</span> <span class='ocrx_word' id='word_1_763' title='bbox 3035 4837 3130 4910; x_wconf 72' lang='grc' dir='ltr'>μὲν</span> <span class='ocrx_word' id='word_1_764' title='bbox 3165 4837 3328 4912; x_wconf 81' lang='grc' dir='ltr'>μέσος</span> <span class='ocrx_word' id='word_1_765' title='bbox 3360 4835 3600 4907; x_wconf 73' lang='grc' dir='ltr'>ἀληθής,</span> <span class='ocrx_word' id='word_1_766' title='bbox 3632 4838 3734 4893; x_wconf 71' lang='grc' dir='ltr'>καὶ</span> <span class='ocrx_word' id='word_1_767' title='bbox 3765 4841 3803 4908; x_wconf 78' lang='grc' dir='ltr'><strong>ἡ</strong></span> 
     </span>
    </p>
   </div>
   <div class='ocr_carea' id='block_1_107' title="bbox 2135 4925 3809 5004">
    <p class='ocr_par' dir='ltr' id='par_1_107' title="bbox 2135 4925 3809 5004">
     <span class='ocr_line' id='line_1_108' title="bbox 2135 4925 3809 5004; baseline -0.002 -20"><span class='ocrx_word' id='word_1_768' title='bbox 2135 4928 2370 5002; x_wconf 86' lang='grc' dir='ltr'>μεσότης</span> <span class='ocrx_word' id='word_1_769' title='bbox 2403 4927 2634 5000; x_wconf 77' lang='grc' dir='ltr'>ἀλήθεια</span> <span class='ocrx_word' id='word_1_770' title='bbox 2690 4925 2956 5004; x_wconf 73' lang='grc' dir='ltr'>λεγέσθω,</span> <span class='ocrx_word' id='word_1_771' title='bbox 3007 4929 3042 4998; x_wconf 81' lang='grc' dir='ltr'>ἠ</span> <span class='ocrx_word' id='word_1_772' title='bbox 3094 4925 3152 4982; x_wconf 72' lang='grc' dir='ltr'>δὲ</span> <span class='ocrx_word' id='word_1_773' title='bbox 3202 4926 3594 5003; x_wconf 74' lang='grc' dir='ltr'>προσποίησις,</span> <span class='ocrx_word' id='word_1_774' title='bbox 3624 4929 3665 4997; x_wconf 74' lang='grc' dir='ltr'>ἦ</span> <span class='ocrx_word' id='word_1_775' title='bbox 3704 4929 3809 5000; x_wconf 68' lang='grc' dir='ltr'>μὲν</span> 
     </span>
    </p>
   </div>
   <div class='ocr_carea' id='block_1_108' title="bbox 2134 5014 3809 5092">
    <p class='ocr_par' dir='ltr' id='par_1_108' title="bbox 2134 5014 3809 5092">
     <span class='ocr_line' id='line_1_109' title="bbox 2134 5014 3809 5092; baseline -0.001 -19"><span class='ocrx_word' id='word_1_776' title='bbox 2134 5017 2220 5074; x_wconf 73' lang='grc' dir='ltr'>ἐπὶ</span> <span class='ocrx_word' id='word_1_777' title='bbox 2249 5019 2313 5074; x_wconf 86' lang='grc' dir='ltr'>τὸ</span> <span class='ocrx_word' id='word_1_778' title='bbox 2358 5023 2542 5090; x_wconf 86' lang='grc' dir='ltr'>μεῖζον</span> <span class='ocrx_word' id='word_1_779' title='bbox 2593 5016 2869 5087; x_wconf 86' lang='grc' dir='ltr'>ἀλαζονία,</span> <span class='ocrx_word' id='word_1_780' title='bbox 2903 5017 2990 5072; x_wconf 79' lang='grc' dir='ltr'>καὶ</span> <span class='ocrx_word' id='word_1_781' title='bbox 3040 5019 3068 5072; x_wconf 91' lang='lat'>6</span> <span class='ocrx_word' id='word_1_782' title='bbox 3125 5014 3270 5092; x_wconf 84' lang='grc' dir='ltr'>ἔχων</span> <span class='ocrx_word' id='word_1_783' title='bbox 3305 5016 3472 5084; x_wconf 73' lang='grc' dir='ltr'>αὐτὴν</span> <span class='ocrx_word' id='word_1_784' title='bbox 3504 5014 3809 5087; x_wconf 68' lang='grc' dir='ltr'>ἀλαζώνοῆ</span> 
     </span>
    </p>
   </div>
   <div class='ocr_carea' id='block_1_109' title="bbox 2133 5104 3808 5182">
    <p class='ocr_par' dir='ltr' id='par_1_109' title="bbox 2133 5104 3808 5182">
     <span class='ocr_line' id='line_1_110' title="bbox 2133 5104 3808 5182; baseline -0.001 -20"><span class='ocrx_word' id='word_1_785' title='bbox 2133 5106 2190 5162; x_wconf 75' lang='grc' dir='ltr'>’ὁὶ</span> <span class='ocrx_word' id='word_1_786' title='bbox 2220 5107 2307 5163; x_wconf 83' lang='grc' dir='ltr'>ἐπὶ</span> <span class='ocrx_word' id='word_1_787' title='bbox 2338 5108 2399 5162; x_wconf 87' lang='grc' dir='ltr'>τὸ</span> <span class='ocrx_word' id='word_1_788' title='bbox 2431 5105 2650 5162; x_wconf 80' lang='grc' dir='ltr'>ἔλαττον</span> <span class='ocrx_word' id='word_1_789' title='bbox 2707 5107 2974 5179; x_wconf 80' lang='grc' dir='ltr'>εἰρωνεία·</span> <span class='ocrx_word' id='word_1_790' title='bbox 3020 5106 3110 5161; x_wconf 84' lang='grc' dir='ltr'>καὶ</span> <span class='ocrx_word' id='word_1_791' title='bbox 3160 5108 3189 5161; x_wconf 90' lang='lat'>6</span> <span class='ocrx_word' id='word_1_792' title='bbox 3223 5104 3369 5182; x_wconf 76' lang='grc' dir='ltr'>ἔχων</span> <span class='ocrx_word' id='word_1_793' title='bbox 3396 5106 3568 5176; x_wconf 71' lang='grc' dir='ltr'>αὐτὴν</span> <span class='ocrx_word' id='word_1_794' title='bbox 3603 5107 3808 5182; x_wconf 67' lang='grc' dir='ltr'>εἴρων·</span> 
     </span>
    </p>
   </div>
   <div class='ocr_carea' id='block_1_110' title="bbox 2133 5193 3816 5269">
    <p class='ocr_par' dir='ltr' id='par_1_110' title="bbox 2133 5193 3816 5269">
     <span class='ocr_line' id='line_1_111' title="bbox 2133 5193 3816 5269; baseline 0.001 -17"><span class='ocrx_word' id='word_1_795' title='bbox 2133 5197 2281 5252; x_wconf 86' lang='grc' dir='ltr'>Ἐπεὶ</span> <span class='ocrx_word' id='word_1_796' title='bbox 2315 5195 2372 5252; x_wconf 69' lang='grc' dir='ltr'>δὲ</span> <span class='ocrx_word' id='word_1_797' title='bbox 2404 5195 2502 5252; x_wconf 82' lang='grc' dir='ltr'>δύο</span> <span class='ocrx_word' id='word_1_798' title='bbox 2533 5194 2800 5266; x_wconf 72' lang='grc' dir='ltr'>ἡδῦτητες</span> <span class='ocrx_word' id='word_1_799' title='bbox 2843 5196 3000 5264; x_wconf 80' lang='grc' dir='ltr'>εἰσὶν,</span> <span class='ocrx_word' id='word_1_800' title='bbox 3057 5197 3091 5266; x_wconf 79' lang='grc' dir='ltr'>ἡ</span> <span class='ocrx_word' id='word_1_801' title='bbox 3161 5195 3256 5269; x_wconf 79' lang='grc' dir='ltr'>μὶν</span> <span class='ocrx_word' id='word_1_802' title='bbox 3317 5194 3368 5250; x_wconf 82' lang='grc' dir='ltr'>ἐν</span> <span class='ocrx_word' id='word_1_803' title='bbox 3426 5193 3644 5265; x_wconf 77' lang='grc' dir='ltr'>παιδίᾷ,</span> <span class='ocrx_word' id='word_1_804' title='bbox 3679 5199 3720 5266; x_wconf 75' lang='grc' dir='ltr'>ἠ</span> <span class='ocrx_word' id='word_1_805' title='bbox 3757 5195 3816 5253; x_wconf 74' lang='grc' dir='ltr'>δὶ</span> 
     </span>
    </p>
   </div>
   <div class='ocr_carea' id='block_1_111' title="bbox 2132 5283 3813 5362">
    <p class='ocr_par' dir='ltr' id='par_1_111' title="bbox 2132 5283 3813 5362">
     <span class='ocr_line' id='line_1_112' title="bbox 2132 5283 3813 5362; baseline 0 -20"><span class='ocrx_word' id='word_1_806' title='bbox 2132 5288 2182 5343; x_wconf 77' lang='grc' dir='ltr'>ἐν</span> <span class='ocrx_word' id='word_1_807' title='bbox 2215 5292 2292 5359; x_wconf 78' lang='grc' dir='ltr'>τῷ</span> <span class='ocrx_word' id='word_1_808' title='bbox 2343 5288 2467 5362; x_wconf 84' lang='grc' dir='ltr'>βίῳ,</span> <span class='ocrx_word' id='word_1_809' title='bbox 2499 5288 2526 5341; x_wconf 89' lang='lat'>6</span> <span class='ocrx_word' id='word_1_810' title='bbox 2580 5287 2673 5359; x_wconf 71' lang='grc' dir='ltr'>μὲν</span> <span class='ocrx_word' id='word_1_811' title='bbox 2708 5287 2780 5348; x_wconf 86' lang='grc' dir='ltr'>ὡς</span> <span class='ocrx_word' id='word_1_812' title='bbox 2813 5284 2894 5341; x_wconf 80' lang='grc' dir='ltr'>δεῖ</span> <span class='ocrx_word' id='word_1_813' title='bbox 2923 5283 3058 5356; x_wconf 74' lang='grc' dir='ltr'>ἡδὺς</span> <span class='ocrx_word' id='word_1_814' title='bbox 3112 5283 3206 5352; x_wconf 80' lang='grc' dir='ltr'>ὢν,</span> <span class='ocrx_word' id='word_1_815' title='bbox 3267 5285 3431 5360; x_wconf 79' lang='grc' dir='ltr'>φίλος</span> <span class='ocrx_word' id='word_1_816' title='bbox 3461 5285 3554 5339; x_wconf 80' lang='grc' dir='ltr'>καὶ</span> <span class='ocrx_word' id='word_1_817' title='bbox 3598 5287 3636 5356; x_wconf 71' lang='grc' dir='ltr'><strong>ἦ</strong></span> <span class='ocrx_word' id='word_1_818' title='bbox 3682 5309 3813 5361; x_wconf 65' lang='grc' dir='ltr'>μεσε</span> 
     </span>
    </p>
   </div>
   <div class='ocr_carea' id='block_1_112' title="bbox 2133 5371 3808 5454">
    <p class='ocr_par' dir='ltr' id='par_1_112' title="bbox 2133 5371 3808 5454">
     <span class='ocr_line' id='line_1_113' title="bbox 2133 5371 3808 5454; baseline 0 -22"><span class='ocrx_word' id='word_1_819' title='bbox 2133 5377 2260 5442; x_wconf 86' lang='grc' dir='ltr'>ότης</span> <span class='ocrx_word' id='word_1_820' title='bbox 2311 5376 2484 5454; x_wconf 75' lang='grc' dir='ltr'>φιλία’</span> <span class='ocrx_word' id='word_1_821' title='bbox 2543 5377 2570 5430; x_wconf 91' lang='lat'>6</span> <span class='ocrx_word' id='word_1_822' title='bbox 2630 5373 2685 5430; x_wconf 68' lang='grc' dir='ltr'>δὲ</span> <span class='ocrx_word' id='word_1_823' title='bbox 2719 5371 3080 5450; x_wconf 76' lang='grc' dir='ltr'>ὑπερϐάλλων</span> <span class='ocrx_word' id='word_1_824' title='bbox 3130 5374 3316 5446; x_wconf 79' lang='grc' dir='ltr'>κόλαξ,</span> <span class='ocrx_word' id='word_1_825' title='bbox 3361 5376 3389 5429; x_wconf 90' lang='lat'>6</span> <span class='ocrx_word' id='word_1_826' title='bbox 3421 5372 3478 5429; x_wconf 74' lang='grc' dir='ltr'>δὲ</span> <span class='ocrx_word' id='word_1_827' title='bbox 3512 5374 3808 5432; x_wconf 71' lang='grc' dir='ltr'>ξλλείπων</span> 
     </span>
    </p>
   </div>
   <div class='ocr_carea' id='block_1_113' title="bbox 2131 5462 3810 5540">
    <p class='ocr_par' dir='ltr' id='par_1_113' title="bbox 2131 5462 3810 5540">
     <span class='ocr_line' id='line_1_114' title="bbox 2131 5462 3810 5540; baseline 0.001 -19"><span class='ocrx_word' id='word_1_828' title='bbox 2131 5464 2343 5540; x_wconf 62' lang='grc' dir='ltr'>δύσερίς</span> <span class='ocrx_word' id='word_1_829' title='bbox 2388 5487 2470 5528; x_wconf 88' lang='grc' dir='ltr'>τις</span> <span class='ocrx_word' id='word_1_830' title='bbox 2517 5465 2604 5520; x_wconf 75' lang='grc' dir='ltr'>καὶ</span> <span class='ocrx_word' id='word_1_831' title='bbox 2663 5463 2951 5526; x_wconf 65' lang='grc' dir='ltr'>δύσκολος.</span> <span class='ocrx_word' id='word_1_832' title='bbox 2983 5471 3089 5535; x_wconf 76' lang='grc' dir='ltr'>Τῆς</span> <span class='ocrx_word' id='word_1_833' title='bbox 3125 5463 3182 5520; x_wconf 68' lang='grc' dir='ltr'>δὲ</span> <span class='ocrx_word' id='word_1_834' title='bbox 3208 5464 3258 5519; x_wconf 72' lang='grc' dir='ltr'>ἐν</span> <span class='ocrx_word' id='word_1_835' title='bbox 3291 5462 3480 5534; x_wconf 81' lang='grc' dir='ltr'>παιδιᾷ</span> <span class='ocrx_word' id='word_1_836' title='bbox 3513 5462 3810 5537; x_wconf 70' lang='grc' dir='ltr'>ἦδῦτητος</span> 
     </span>
    </p>
   </div>
   <div class='ocr_carea' id='block_1_114' title="bbox 2128 5549 3809 5632">
    <p class='ocr_par' dir='ltr' id='par_1_114' title="bbox 2128 5549 3809 5632">
     <span class='ocr_line' id='line_1_115' title="bbox 2128 5549 3809 5632; baseline 0.002 -21"><span class='ocrx_word' id='word_1_837' title='bbox 2128 5558 2162 5626; x_wconf 78' lang='grc' dir='ltr'>ἠ</span> <span class='ocrx_word' id='word_1_838' title='bbox 2209 5557 2301 5630; x_wconf 73' lang='grc' dir='ltr'>μὲν</span> <span class='ocrx_word' id='word_1_839' title='bbox 2357 5555 2611 5630; x_wconf 80' lang='grc' dir='ltr'>μεσότης,</span> <span class='ocrx_word' id='word_1_840' title='bbox 2645 5553 2996 5630; x_wconf 81' lang='grc' dir='ltr'>εὐτραπελία,</span> <span class='ocrx_word' id='word_1_841' title='bbox 3027 5555 3063 5626; x_wconf 68' lang='grc' dir='ltr'>ἦ</span> <span class='ocrx_word' id='word_1_842' title='bbox 3095 5553 3152 5611; x_wconf 80' lang='grc' dir='ltr'>δὲ</span> <span class='ocrx_word' id='word_1_843' title='bbox 3185 5549 3492 5632; x_wconf 71' lang='grc' dir='ltr'>ὑπερϐολὴ,</span> <span class='ocrx_word' id='word_1_844' title='bbox 3528 5555 3809 5630; x_wconf 75' lang='grc' dir='ltr'>βωμολο-</span> 
     </span>
    </p>
   </div>
   <div class='ocr_carea' id='block_1_115' title="bbox 2132 5641 3804 5726">
    <p class='ocr_par' dir='ltr' id='par_1_115' title="bbox 2132 5641 3804 5726">
     <span class='ocr_line' id='line_1_116' title="bbox 2132 5641 3804 5726; baseline -0.001 -26"><span class='ocrx_word' id='word_1_845' title='bbox 2132 5645 2250 5721; x_wconf 87' lang='grc' dir='ltr'>χία,</span> <span class='ocrx_word' id='word_1_846' title='bbox 2305 5646 2338 5715; x_wconf 83' lang='grc' dir='ltr'><strong>ἠ</strong></span> <span class='ocrx_word' id='word_1_847' title='bbox 2391 5642 2448 5701; x_wconf 64' lang='grc' dir='ltr'>δὲ</span> <span class='ocrx_word' id='word_1_848' title='bbox 2473 5641 2723 5721; x_wconf 63' lang='grc' dir='ltr'>ἔλλειψις</span> <span class='ocrx_word' id='word_1_849' title='bbox 2755 5643 3023 5721; x_wconf 76' lang='grc' dir='ltr'>ἀγροικία.</span> <span class='ocrx_word' id='word_1_850' title='bbox 3058 5644 3157 5700; x_wconf 74' lang='grc' dir='ltr'>Καὶ</span> <span class='ocrx_word' id='word_1_851' title='bbox 3201 5647 3229 5701; x_wconf 88' lang='lat'>6</span> <span class='ocrx_word' id='word_1_852' title='bbox 3258 5641 3362 5726; x_wconf 38' lang='grc' dir='ltr'>μξὰνέ</span> <span class='ocrx_word' id='word_1_853' title='bbox 3695 5650 3804 5722; x_wconf 64' lang='grc' dir='ltr'>μέ.</span> 
     </span>
    </p>
   </div>
  </div>
