3966 6216
197 387 285 447 725

1346 393 1448 451 DE
1496 391 1792 453 OMNIFA
1806 392 1935 451 RIA
1979 390 2397 451 DOCTRINA.

3473 376 3589 451 726

193 522 333 587 00:,6
402 518 460 576 δὲ
514 516 876 597 ὑπερϐάλλων
939 520 1376 600 ἀναίσχυντος,ὁ
1425 523 1482 581 δὲ
1511 524 1802 598 ἐλλείπων,

1951 526 2123 596 litate,
2157 542 2432 582 excessus
2481 525 2540 580 in
2590 524 2967 593 scurrilitate,
3002 523 3061 579 in
3112 523 3437 580 rusticitate
3488 525 3587 581 de-

188 608 433 681 χατιπλήξ
469 612 497 666 6
530 611 703 667 πάντα
734 609 995 687 αἰδούμεν
1015 634 1099 675 ος.

400 903 499 959 νθ’.
528 896 654 953 Τίνι
676 894 927 971 διαφέρει
962 897 1114 971 ἀρχὴ
1148 899 1237 953 καὶ
1261 906 1533 975 στοιχεῖον
1566 920 1579 970 ;

242 987 293 1042 Ἡ
326 986 421 1057 μὲν
457 987 607 1061 ἀρχή
640 988 741 1041 οὐκ
783 982 902 1062 ἔχει
947 1008 999 1041 τι
1049 989 1317 1063 πρότερον
1382 990 1599 1060 ἑαυτῆς,
1637 990 1818 1067 ὥσπερ

192 1074 331 1144 ἡῦλη
364 1075 457 1129 καὶ
492 1076 555 1130 τὸ
603 1074 767 1137 εἶδος.
801 1078 879 1133 Τὸ
924 1074 981 1131 δὲ
1032 1084 1308 1153 στοιχεῖον
1354 1078 1606 1144 σύνθετον
1642 1080 1699 1135 ὃν
1730 1082 1817 1135 καὶ

190 1165 503 1237 συγκείμενον
531 1164 580 1237 ἐξ
614 1163 753 1236 ὕλης
802 1166 891 1220 καὶ
930 1164 1132 1236 εἷ’δους,
1180 1170 1362 1244 ἀρχὴν
1403 1167 1519 1246 ἔχει
1548 1173 1646 1240 τήν
1680 1171 1820 1243 ὕλην

188 1254 255 1307 καὶ
278 1254 332 1308 τὸ
367 1252 511 1316 εἶδος
534 1249 679 1310 ’ἔστι
714 1253 773 1310 δὲ
812 1258 839 1326 ἠ
872 1254 985 1328 ὕλη
1021 1263 1246 1334 πρᾶγμα
1266 1260 1579 1333 ἀσώματον,
1605 1260 1818 1324 ἄποιον,

192 1341 311 1415 λόγῳ
359 1343 513 1415 μόνῳ
591 1345 1054 1419 ἱρμηνευόμενον,
1114 1348 1364 1419 αἰσθήσει
1436 1347 1492 1404 ’δὲ
1554 1352 1629 1423 μὴ
1687 1352 1822 1406 ὑπο-

186 1430 427 1501 κείμενον.
487 1430 639 1504 Αὕτη
699 1434 788 1488 οὖν
850 1436 882 1504 ἡ
936 1433 1046 1507 ὕλη
1110 1438 1216 1492 ὑπὸ
1280 1441 1497 1515 μορφῆς
1545 1461 1693 1502 τινος
1733 1436 1822 1495 καὶ

190 1522 450 1594 σχήματος
490 1524 828 1595 τυπουμένη,
882 1523 1014 1601 ὅπερ
1066 1524 1176 1580 ἐστὶ
1227 1527 1289 1580 τὸ
1339 1525 1505 1597 εἶδος,
1538 1534 1828 1601 σωματοῦ-

189 1630 275 1665 τιι.
325 1610 429 1665 Καὶ
474 1615 693 1686 πρῶτον
751 1615 846 1686 μὲν
898 1614 1108 1688 γίνεται
1171 1622 1444 1691 στοιχεῖον
1570 1619 1753 1693 αἰθὴρ,
1786 1617 1822 1688 ἤ

186 1697 328 1772 τῦρῆ
361 1697 534 1775 ὕδωρ,
621 1701 728 1774 ἀήρ
858 1707 954 1777 γῆ.
998 1710 1230 1759 Ἔπειτα
1266 1706 1482 1760 τούτων
1528 1712 1638 1762 τῶν
1676 1725 1821 1762 στοι·

186 1788 322 1863 χείων
373 1787 810 1862 συμπλακέντων
845 1791 1121 1864 ἀλλήλοις
1164 1794 1365 1870 γίνεται
1416 1801 1580 1869 σῶμα
1630 1797 1821 1862 σύνοε’

194 1876 345 1947 τον,·ἷ·ξ
378 1877 634 1955 ἔμψυχον
663 1878 699 1948 ἤ
732 1878 966 1957 ἄψυχον,
999 1882 1088 1937 καὶ
1121 1885 1154 1953 ἡ
1192 1885 1285 1957 μὲν
1324 1883 1428 1955 ὕλη
1458 1885 1547 1940 καὶ
1577 1888 1640 1941 τὸ
1682 1866 1826 1941 εἴδος

192 1966 593 2044 ἆρχοειδὲστερα
618 1975 726 2024 τῶν
760 1972 1049 2048 στοιχείων
1083 1973 1207 2043 εἶ’σὶ,
1236 1976 1305 2029 τὰ
1335 1972 1392 2030 δὲ
1424 1983 1671 2051 στοιχεῖα
1706 1983 1814 2033 τῶν

184 2054 345 2111 ἄλλων
390 2057 663 2131 σωμάτων
702 2059 1187 2136 στοιχειωδέστερα
1220 2082 1233 2095 ⁸
1282 2065 1458 2140 ἀρχὴν
1489 2063 1546 2120 δὲ
1577 2064 1811 2141 λέγομεν

184 2146 263 2213 τὴν
287 2147 448 2218 ὕλην,
479 2149 592 2224 οὐχ
620 2150 705 2203 ὅτι
752 2149 851 2205 οὐκ
897 2147 1012 2226 ἔχει
1072 2151 1213 2207 ἄλλο
1268 2154 1556 2231 ὑπέρτερον
1597 2157 1812 2231 εαυτῆς,

187 2234 308 2292 ἆλλᾶ
332 2238 417 2293 ὅτι
444 2241 511 2295 τὰ
543 2241 772 2314 σώματα
803 2242 893 2298 ὑπ’
922 2244 1090 2314 αὐτὴν
1125 2245 1373 2323 ἀνάγεται
1397 2253 1704 2324 προσεχῶς.

543 2509 601 2580 ξ’.
642 2512 776 2587 Περὶ
805 2516 914 2566 τῶν
944 2513 1155 2589 ἀρχῶν,
1186 2514 1238 2570 τί
1274 2514 1425 2571 εἲσιν.

233 2597 397 2674 Ἀρχὴ
430 2603 540 2654 τῶν
594 2595 769 2655 ὄντων
823 2602 1015 2676 πρώτη
1089 2605 1183 2676 μὶν
1241 2606 1330 2659 καὶ
1389 2604 1722 2681 ὀπεράρχιος
1781 2608 1807 2661 6

174 2686 298 2749 Θεός.
352 2689 507 2744 Μετᾶ
568 2687 625 2744 δὲ
683 2691 813 2745 Θεὸν
895 2691 1099 2748 πολλαὶ
1172 2695 1338 2769 ἀρχαὶ
1407 2700 1515 2750 τῶν
1567 2701 1804 2772 φυσικῶν

172 2777 478 2851 πραγμάτων
542 2778 667 2838 εἰσί.
736 2780 835 2836 Καὶ
884 2787 992 2836 τῶν
1051 2784 1146 2856 μὲν
1207 2784 1493 2861 στοιχείων
1554 2786 1718 2861 ἀρχαὶ
1769 2788 1802 2856 ἠ

177 2863 261 2935 ὕλη
291 2868 375 2921 καὶ
406 2868 472 2922 τὸ
495 2866 635 2931 εἶδος
667 2868 879 2945 εἶ’ρηται
909 2890 923 2904 ’
977 2878 1085 2927 τῶν
1135 2871 1191 2928 δὲ
1236 2876 1492 2929 συνθέτων
1535 2876 1801 2949 σωμάτων

168 2953 279 3008 αὐτὰ
340 2958 433 3011 καὶ
486 2957 635 3013 ἀπλᾶ
683 2966 962 3037 στοιχεῖα.
1024 2962 1181 3019 Ἀλλ’
1237 2966 1287 3018 οἱ
1345 2966 1437 3037 μὲν
1488 2963 1651 3020 ἄλλοι
1694 2970 1801 3020 τῶν

170 3042 470 3123 σιλοσόιρων
504 3044 847 3124 διῃρέθησαν.
902 3052 1000 3105 Καὶ
1046 3058 1164 3116 τοῖς
1213 3054 1305 3126 μὲν
1353 3052 1527 3126 ἔδοξεν
1561 3055 1802 3131 ἀρχήτὸ

171 3136 282 3206 πῐρ,
333 3133 425 3190 διὰ
479 3138 581 3206 τὴν
643 3135 868 3212 δύναμιν
919 3141 1010 3195 καὶ
1056 3142 1118 3197 τὸ
1166 3142 1571 3199 καταναλίσκειν
1631 3144 1803 3200 πάντα

165 3221 227 3283 εἷς
263 3223 390 3279 αὐτό
428 3243 442 3257 ⁸
474 3232 593 3288 τοῖς
624 3224 681 3282 δὲ
711 3230 739 3283 6
777 3228 906 3303 ἀὴρ,
932 3227 1019 3284 διδ.
1038 3232 1135 3300 τήν
1163 3237 1271 3287 τῶν
1301 3232 1451 3302 ζώων
1489 3235 1761 3305 ἀναπνοήν
1782 3254 1796 3268 '

1928 615 2636 685 fectus.Mediocritatem
2690 615 2894 671 itidem
2927 614 3069 671 colit
3120 614 3349 685 pudens
3390 613 3586 683 homo,

1930 706 2160 763 excedit
2190 706 2529 777 impudens,
2558 705 2755 761 deficit
2786 705 3034 777 pavidus
3066 709 3123 759 et
3155 702 3255 775 qui
3290 720 3591 774 nunquam

1931 813 2046 853 non
2078 797 2301 869 pudore
2334 800 2753 852 commovetur.

1929 905 2020 960 59.
2057 904 2327 973 Quomodo
2358 904 2629 975 ατηενιαηί
2656 904 3001 973 principium
3034 904 3196 971 atque
3226 900 3596 955 elementum?

2004 993 2360 1065 Principium
2394 993 2540 1048 nihil
2585 992 2758 1047 habet
2790 992 2983 1062 seipso
3034 989 3217 1062 prius,
3253 994 3318 1045 ut
3348 989 3597 1045 materia

1930 1089 1987 1141 et
2018 1085 2206 1140 forma
2237 1100 2250 1139 :
2288 1088 2346 1138 at
2380 1083 2736 1138 elementum
2768 1081 3161 1152 compositum
3196 1095 3260 1134 ac
3291 1096 3598 1149 coagmen-

1932 1178 2118 1229 tatum
2152 1177 2240 1229 est
2271 1190 2335 1228 ex
2392 1172 2638 1227 materia
2686 1176 2741 1225 et
2786 1171 2991 1239 forma,
3028 1168 3420 1240 principiique
3470 1168 3595 1224 loco

1932 1264 2109 1319 habet
2139 1262 2446 1317 materiam
2476 1266 2533 1316 et
2566 1263 2838 1315 formam.
2863 1260 2965 1314 Est
2994 1263 3188 1313 autem
3225 1258 3471 1313 materia
3502 1275 3595 1315 res

1933 1352 2340 1423 incorporalis,
2368 1368 2574 1423 expers
2607 1350 2982 1422 qualitatum,
3010 1349 3134 1403 sola
3165 1348 3388 1403 ratione
3420 1347 3597 1419 expli-

1932 1443 2142 1507 canda,
2166 1441 2439 1496 sensibus
2467 1445 2661 1495 autem
2688 1438 2929 1494 minime
2952 1437 3141 1493 obvia.
3166 1438 3309 1492 Huic
3338 1438 3596 1492 materiae

1934 1532 2161 1604 species
2194 1531 2459 1601 quaedam
2506 1535 2681 1600 atque
2715 1532 2901 1598 ﬁgura
2956 1532 3238 1598 tanquam
3274 1528 3461 1581 forma
3491 1543 3599 1580 sua

1935 1621 2323 1693 imprimitur,
2360 1625 2535 1691 atque
2566 1618 2651 1674 ita
2682 1619 2747 1672 ﬁt
2777 1634 3014 1690 corpus,
3048 1621 3105 1672 et
3138 1616 3326 1689 primo
3357 1616 3595 1685 quidem

1935 1710 2316 1778 elementum,
2347 1708 2437 1764 vel
2470 1708 2669 1777 aether,
2703 1706 2791 1762 vel
2824 1706 3001 1777 ignis,
3036 1705 3121 1759 vel
3154 1721 3326 1776 aqua,
3354 1703 3443 1759 vel
3475 1720 3592 1771 aer,

1934 1801 2024 1857 vel
2056 1805 2229 1855 terra.
2254 1798 2473 1855 Deinde
2503 1796 2974 1853 coalescentibus
3006 1794 3167 1851 hisce
3194 1792 3498 1849 elementis
3530 1794 3594 1847 fit

1933 1907 2147 1962 corpus
2179 1890 2597 1961 compositum,
2631 1888 2751 1943 sive
2788 1885 3117 1941 animatum
3148 1884 3269 1939 sive
3298 1882 3588 1938 inanima-

1926 1987 2077 2037 tum.
2111 1984 2190 2035 Ac
2223 1980 2465 2036 materia
2496 1985 2552 2032 et
2585 1978 2773 2033 forma
2804 1975 3043 2046 quidem
3081 1973 3271 2045 magis
3302 1972 3587 2028 rationem

1925 2069 2197 2142 principii
2245 2068 2463 2124 habent
2512 2084 2687 2138 quam
2741 2065 3063 2131 elementa;
3108 2063 3396 2119 elementa
3443 2079 3576 2119 vero

1925 2160 2113 2232 magis
2172 2175 2347 2231 quam
2410 2156 2525 2212 alia
2583 2172 2843 2226 corpora.
2903 2155 3193 2209 Caeterum
3267 2153 3574 2208 materiam

1922 2248 2195 2321 principii
2230 2247 2465 2303 nomine
2493 2260 2930 2316 nuncupamus,
2956 2260 3071 2299 non
3102 2243 3259 2313 quod
3294 2240 3441 2296 nihil
3474 2242 3578 2297 ha-

1921 2338 2019 2394 bet
2052 2336 2322 2410 principii
2371 2352 2551 2406 supra
2582 2351 2665 2405 se,
2699 2333 2800 2389 sed
2835 2333 2989 2403 quod
3029 2348 3275 2404 corpora
3316 2331 3579 2403 proxime

1922 2427 2033 2483 sub
2064 2426 2163 2481 illa
2195 2425 2661 2481 constituuntur.

2309 2516 2398 2570 60.
2434 2516 2507 2570 De
2532 2516 2852 2586 principiis,
2886 2513 3022 2584 quid
3052 2513 3186 2567 sint.

1992 2606 2353 2678 Principium
2386 2622 2580 2660 rerum
2617 2604 2874 2675 primum
2906 2607 2962 2659 et
2991 2618 3171 2674 super
3196 2600 3395 2655 omnia
3426 2598 3582 2671 prin-

1916 2698 2067 2770 cipia
2116 2697 2375 2770 positum
2408 2701 2497 2752 est
2537 2701 2710 2766 Deus,
2747 2700 2879 2767 post
2910 2700 3090 2750 Deum
3142 2692 3329 2747 multa
3378 2706 3577 2745 rerum

1918 2788 2276 2844 naturalium
2312 2791 2452 2842 sunt
2495 2785 2802 2858 principia.
2837 2788 2908 2841 Ac
2958 2783 3377 2840 elementorum
3411 2781 3577 2853 prin-

1915 2879 2068 2950 cipia
2101 2878 2403 2932 materiam
2456 2893 2585 2932 esse
2619 2893 2685 2931 ac
2719 2876 2966 2930 formam
3011 2875 3138 2946 jam
3190 2873 3412 2928 dictum
3464 2874 3572 2926 est.

1914 2968 2385 3040 Compositorum
2417 2984 2549 3021 vero
2595 2982 2909 3037 corporum
2944 2963 3235 3037 principia
3277 2967 3415 3016 sunt
3448 2962 3575 3032 ipsa

1914 3056 2207 3129 simplicia
2250 3056 2564 3121 elementa,
2596 3056 2666 3110 de
2700 3054 2915 3126 quibus
2971 3052 3310 3125 philosophi
3365 3050 3462 3106 alii
3511 3050 3569 3105 in

1913 3147 2139 3203 diversa
2186 3146 2476 3201 abierunt.
2512 3145 2654 3200 Nam
2708 3144 3063 3215 quibusdam
3108 3141 3260 3211 ignis
3291 3140 3456 3195 visus
3484 3144 3572 3195 est

1911 3252 2040 3292 esse
2070 3235 2443 3307 principium,
2472 3237 2706 3305 propter
2737 3231 3079 3296 efﬁcaciam,
3104 3235 3161 3285 et
3184 3230 3339 3301 quod
3373 3228 3570 3283 omnia

161 3317 260 3373 rei:
286 3310 341 3369 δὲ
368 3316 436 3369 τὸ
467 3314 614 3391 ὕδωρ
665 3314 755 3372 διὰ
799 3320 900 3386 τήν
946 3320 1175 3395 γόνιμον
1228 3322 1407 3397 φύσιν.
1440 3324 1554 3378 Τισὶ
1594 3322 1650 3378 δὲ
1677 3301 1798 3378 τού-

1951 3344 1973 3381 1
2005 3325 2174 3381 illum
2205 3328 2720 3380 consummuntur.
2756 3321 2902 3376 Aliis
2933 3337 3050 3389 aer,
3085 3318 3363 3390 quoniam
3396 3316 3565 3371 illum

159 3420 249 3453 των
278 3406 363 3458 καὶ
398 3406 435 3473 ἡ
468 3412 540 3480 γῆ
574 3406 722 3482 ἀρχὴ
782 3404 949 3479 ἔδοξε,
1000 3406 1087 3464 διὰ
1133 3411 1194 3464 τὸ
1253 3411 1428 3467 πλείω
1482 3418 1589 3468 τῶν
1639 3413 1790 3482 ζώων

162 3487 249 3545 ὐπὸ
276 3496 376 3558 τῆς
434 3501 539 3569 γῆς
590 3498 894 3570 γεννᾶσθαι,
954 3499 1043 3554 καὶ
1093 3499 1168 3563 εἷς
1215 3501 1380 3571 αὐτὴν
1426 3502 1792 3567 ἀναλύεσθαι·

156 3580 351 3655 Ἐτεροι
385 3580 444 3638 δὲ
473 3585 613 3641 αὐτὰ
667 3586 734 3640 τὰ
775 3587 1007 3664 τέσσαρα
1067 3596 1313 3667 στοιχεῖα
1361 3592 1535 3668 ἀρχὰς
1561 3597 1667 3647 τῶν
1703 3588 1792 3646 ὄν-

156 3687 251 3722 των
284 3672 649 3747 ἀπεφήναντο.
684 3674 913 3731 Πλάτων
970 3674 1028 3733 δὲ
1058 3680 1232 3755 ἀρχὰς
1280 3678 1484 3755 εἴρηκε,
1518 3682 1608 3736 τὸν
1641 3682 1793 3750 Θεὸν,

160 3759 225 3846 ᾡς
253 3762 460 3835 πατέρα
500 3764 593 3818 καὶ
638 3768 899 3836 ποιητὴν,
944 3769 1043 3838 τήν
1086 3767 1142 3822 ὕ)
1159 3791 1222 3840 ην
1254 3770 1329 3832 ὡς
1361 3767 1664 3846 δεχομένην
1694 3773 1793 3840 τήν

160 3844 541 3928 δημιουργίαν,
581 3854 671 3909 καὶ
717 3858 816 3925 τήν
864 3854 1007 3912 ἰδέαν
1044 3878 1056 3893 ·
1094 3856 1238 3914 ἱδὲαν
1286 3857 1341 3915 δὲ
1374 3844 1516 3936 λέγει
1566 3860 1791 3917 Πλάτων

154 3940 244 4007 τήν
274 3945 498 4012 πρώτην
533 3937 739 3999 ἔννοιαν
770 3951 866 4000 τοῦ
916 3953 1070 4018 Θεοῦ,
1121 3949 1211 4003 καὶ
1258 3950 1357 4019 τήν
1390 3950 1627 4028 ἄρρητον
1655 3950 1794 4006 ἐκεί-

154 4049 239 4096 νην
272 4033 571 4108 φανταφίαν
621 4036 710 4091 καὶ
757 4036 1122 4108 ἀνατύπωσιν,
1170 4040 1289 4094 καθ’
1340 4038 1406 4109 ἤν
1456 4042 1547 4096 τὸν
1588 4041 1791 4115 κόσμον

151 4115 483 4197 ἑδημιοῦργη
492 4143 604 4181 σεν.

740 4323 833 4394 ξεί.
867 4324 997 4398 Περί
1038 4324 1141 4397 ὕλη
1154 4349 1198 4389 ς.

230 4406 365 4476 Ὕλη
393 4408 501 4463 ἐστί
536 4414 761 4486 πρᾶγμα
807 4414 922 4468 οἷον
974 4413 1141 4470 εἰπεῖν
1191 4415 1378 4488 ἄυλον,
1412 4418 1659 4490 αἰσθήσει
1697 4422 1789 4493 μὲν

154 4495 483 4591 αξεώρητον,
528 4496 735 4572 διανοίᾳ
782 4498 839 4556 δὲ
901 4505 1041 4577 μόνῃ
1088 4504 1318 4575 ληπτόν.
1353 4510 1543 4585 Χεῖρον
1576 4510 1791 4565 πάντων

146 4603 241 4637 των
287 4583 490 4656 ὄντων,
552 4590 819 4669 ἄμορφον,
885 4591 1137 4666 ἀνείδεον,
1186 4594 1583 4668 ἀδιατύπωτον,
1638 4600 1793 4655 οὐσία

1904 3416 2195 3485 respirant
2236 3412 2538 3468 animalia.
2573 3411 2716 3466 Aliis
2748 3427 2902 3480 aqua
2947 3414 3186 3480 propter
3216 3404 3563 3463 seminalem

1904 3508 2201 3560 naturam.
2230 3501 2539 3558 Nonnullis
2570 3502 2782 3557 horum
2811 3499 2987 3554 etiam
3018 3503 3172 3554 terra
3206 3494 3563 3568 principium

1903 3593 2029 3649 visa
2059 3596 2167 3658 est,
2191 3591 2471 3663 quoniam
2505 3590 2676 3662 plura
2699 3588 2981 3644 animalia
3008 3603 3075 3642 ex
3106 3585 3206 3640 illa
3237 3588 3565 3640 nascuntur

1903 3687 1961 3738 et
1990 3682 2050 3736 in
2081 3681 2245 3737 illam
2272 3681 2482 3736 iterum
2518 3679 2912 3734 resolvuntur.
2938 3676 3147 3732 Cceteri
3170 3678 3421 3747 quatuor
3451 3674 3564 3728 ista

1905 3789 2101 3828 rerum
2156 3786 2286 3826 esse
2339 3770 2625 3840 principia
2678 3771 3031 3824 statuerunt.
3066 3765 3229 3821 Plato
3276 3763 3561 3835 principia

1904 3878 2034 3916 esse
2064 3861 2298 3915 docuit:
2332 3864 2534 3924 Deum,
2560 3863 2846 3928 tanquam
2880 3860 3104 3928 patrem
3137 3860 3195 3909 et
3226 3857 3554 3919 auctorem;

1906 3951 2232 4017 materiam,
2268 3954 2334 4004 ut
2365 3966 2492 4020 quae
2520 3946 2832 4003 creationis
2863 3963 3012 4018 opus
3042 3946 3102 3999 in
3134 3962 3197 4000 se
3226 3942 3487 4015 recipiat,
3504 3947 3559 3998 et

1904 4040 2302 4096 ideam.Vocat
2327 4044 2521 4094 autem
2546 4038 2736 4093 ideam
2765 4036 3011 4108 primam
3035 4033 3473 4105 conceptionem
3496 4032 3557 4086 in

1904 4134 2037 4196 Deo,
2053 4133 2111 4185 et
2128 4128 2484 4185 ineffabilem
2513 4127 2989 4199 imaginationem
3013 4129 3187 4196 atque
3209 4121 3560 4178 etl‘ormatio—

1904 4235 2059 4288 nem,
2085 4218 2409 4275 secundum
2443 4234 2618 4288 quam
2653 4216 2942 4272 mundum
2976 4214 3111 4269 fecit
3140 4229 3206 4268 ac
3236 4211 3519 4269 condidit.

2488 4325 2577 4379 61.
2612 4326 2685 4379 De
2716 4323 2972 4378 materia.

1974 4414 2215 4471 Materia
2245 4418 2333 4469 est
2366 4431 2479 4480 res,
2513 4418 2576 4468 ut
2607 4414 2685 4468 ita
2717 4412 2929 4477 dicam,
2962 4406 3394 4477 immaterialis,
3428 4423 3554 4479 quae

1903 4522 2079 4561 sensu
2112 4521 2228 4559 non
2261 4503 2698 4575 comprehendi,
2734 4502 2833 4557 sed
2874 4500 3000 4557 sola
3038 4498 3391 4571 cogitatione
3421 4514 3553 4568 per-

1903 4594 2013 4664 cipi
2078 4596 2286 4665 potest.
2344 4594 2619 4647 Omnium
2677 4592 2899 4647 entium
2967 4594 3368 4661 postremum,
3427 4587 3553 4641 sine

144 4672 387 4739 ἆνοόσιος
451 4678 541 4733 καὶ
592 4676 819 4755 ὕμαρςις
877 4682 1229 4759 ἀνύπαρκτος.
1265 4688 1387 4743 Ἐὰν
1446 4690 1547 4764 γὰρ
1601 4689 1794 4765 ἀνέλῃς

1951 4700 2114 4753 irma,
2146 4682 2273 4737 sine
2322 4683 2534 4753 specie,
2568 4683 2693 4738 sine
2744 4682 2945 4752 ﬁgura,
2981 4678 3235 4734 essentia
3282 4676 3552 4732 essentiae

143 4766 305 4851 τυχὸν
341 4767 455 4821 ἀπὸ
484 4772 590 4822 τῶν
621 4773 888 4842 σωμάτων
934 4774 1029 4835 τὰς
1059 4771 1387 4845 ποσότητας,
1426 4780 1523 4842 τὰς
1558 4781 1792 4851 σγέσεις,

138 4851 224 4913 τάξ
254 4849 417 4926 ἕξεις,
451 4856 552 4919 τὰς
581 4859 807 4931 τροπὰς,
858 4862 955 4924 τὰς
1002 4865 1261 4937 κινήσεις,
1310 4866 1406 4929 τὰς
1439 4865 1790 4937 ἀλλοιώσεις,

138 4941 220 5000 ti;
252 4939 609 5029 μεταϐολάς,
662 4952 765 5001 πᾶν
814 4943 994 5025 ἕτερον
1042 4951 1221 5006 ὁτιουν
1274 4954 1337 5008 τὸ
1392 4954 1791 5029 καταλειπόμε-

132 5050 215 5081 νον
242 5028 356 5101 ὅλη
397 5031 574 5090 ἐστίν.
619 5036 745 5091 Ἐὰν
800 5038 903 5113 γὰρ
956 5038 1150 5113 ἀνέλῃς
1207 5041 1312 5097 ἀπὸ
1368 5048 1465 5099 τοῦ
1495 5046 1665 5119 πυρὸς
1693 5028 1790 5115 τὴν

134 5121 459 5208 Θερμότητα
513 5124 605 5177 καὶ
654 5125 753 5194 τὴν
796 5126 1091 5201 ξηρότητα,
1125 5130 1214 5185 καὶ
1248 5132 1351 5186 ἀπὸ
1380 5136 1477 5188 τοῦ
1508 5133 1663 5208 ἀέρος
1694 5135 1789 5203 τήν

131 5206 456 5281 θερμότητα
504 5213 594 5267 καί
642 5217 741 5283 τήν
810 5216 1100 5291 ὑγρότητα,
1158 5220 1246 5275 καὶ
1304 5222 1410 5277 ἀπὸ
1446 5228 1543 5277 τοῦ
1574 5206 1795 5286 -ὕδατος

126 5299 599 5388 τηνῄψυχρότητα
628 5305 717 5357 καὶ
762 5306 863 5374 τήν
910 5306 1199 5382 ὑγρότητα,
1232 5312 1294 5364 τὸ
1325 5308 1553 5388 ἔσχατον
1585 5313 1789 5369 τούτων

126 5386 500 5468 ἑπολειφθὲν,
534 5389 640 5462 ὕλη
667 5391 834 5451 ἐστίν.

864 5485 990 5559 Ηερὶ
1025 5486 1235 5546 αἰτιῶν.

186 5567 397 5631 Αίτίας
434 5570 463 5623 6
516 5570 612 5641 μὲν
662 5572 1051 5647 ’Δριστοτᾶλης
1096 5578 1356 5653 τέσσαρας
1398 5577 1729 5656 δογματίζει,
1765 5582 1792 5635 6

121 5653 175 5710 Ξὲ
208 5657 466 5714 Πλάτων
511 5656 583 5732 ἔξ.
621 5662 770 5716 Ἔστι
810 5660 866 5717 δὲ
898 5663 1043 5719 αἰτία
1064 5667 1253 5740 πρώτη
1286 5668 1376 5740 μὲν
1411 5672 1445 5739 ἡ
1475 5653 1740 5741 ποιητική
1777 5691 1789 5704 ⁸

122 5747 307 5821 ὥσπερ
366 5751 478 5813 τῆς
524 5747 717 5821 κλίνης
773 5757 989 5826 πρῶτον
1047 5754 1217 5811 αἴτιον
1272 5759 1299 5812 ὁ
1347 5756 1687 5832 κλινοποιὸς,
1721 5760 1795 5826 ὡς

1905 4789 2109 4845 expers
2140 4777 2196 4828 et
2230 4772 2564 4827 substantia
2593 4773 2717 4827 sine
2749 4770 3103 4826 substantia.
3135 4768 3191 4822 Si
3222 4767 3380 4824 enim
3416 4767 3550 4821 abs-

1901 4863 2101 4919 trahas
2154 4880 2186 4917 a
2234 4879 2475 4934 corpore
2531 4862 2868 4933 qualitates,
2911 4859 3248 4926 relationes,
3290 4856 3549 4923 habitus,

1905 4955 2131 5022 modos,
2200 4959 2417 5024 motus,
2487 4953 2881 5022 alterationes,
2948 4950 3325 5015 mutationes,
3394 4947 3551 5004 aliud

1904 5044 2320 5115 quodcunque,
2355 5043 2508 5114 quod
2558 5042 2908 5097 remanserit
2955 5038 3200 5096 materia
3246 5042 3353 5095 est.
3388 5038 3473 5093 Ita
3503 5036 3554 5092 si

1902 5135 1974 5189 ab
2004 5133 2140 5205 igne
2168 5150 2222 5189 ν.
2253 5149 2308 5204 g.
2344 5132 2694 5188 abstraxeris
2727 5130 2979 5187 calorem
3008 5134 3065 5186 et
3095 5129 3449 5197 ariditatem,
3483 5126 3556 5180 ab

1903 5239 2035 5279 aere
2084 5222 2335 5278 calorem
2389 5228 2443 5277 et
2490 5220 2928 5289 humiditatem,
2963 5221 3033 5275 ab
3083 5236 3240 5291 aqua
3284 5218 3469 5288 frigus
3501 5220 3557 5270 et

1904 5312 2343 5380 humiditatem,
2377 5315 2738 5383 postremum
2790 5310 2948 5382 quod
2999 5310 3268 5381 superest
3311 5305 3558 5362 materia

1904 5407 2012 5458 est.

2507 5494 2596 5547 0'3.
2633 5493 2706 5547 De
2748 5491 2948 5545 causis.

1976 5582 2193 5637 Causas
2242 5581 2589 5638 Aristoteles
2646 5584 2902 5652 quatuor
2958 5577 3156 5642 tradit,
3210 5576 3370 5633 Plato
3430 5591 3550 5632 sex.

1904 5671 2099 5726 Prima
2129 5676 2217 5727 est
2249 5688 2426 5728 causa
2457 5672 2737 5739 efﬁciens,
2774 5672 2837 5723 ut
2874 5666 3006 5722 lecti
3037 5666 3224 5737 prima
3254 5681 3432 5721 causa
3461 5667 3551 5719 est

1904 5761 2001 5834 qui
2053 5777 2187 5818 eum
2247 5762 2501 5833 conficit,
2533 5762 2780 5833 ejusque
2834 5761 2924 5814 est
2981 5760 3201 5813 auctor.
3233 5751 3547 5812 Materialis
