3966 6216
339 400 457 459 727

1669 390 1907 450 MICHA
1927 388 2096 447 ELIS
2143 388 2413 447 PSELLI

3638 388 3764 447 728

346 546 520 587 causa
557 528 690 583 lecti
739 531 828 584 est
874 527 1121 599 lignum,
1158 526 1284 582 sine
1318 522 1558 580 materia
1606 520 1759 578 enim
1796 519 1997 577 nullus

2145 520 2353 589 τοιητής
2384 517 2603 589 ταύτης.
2637 515 2847 574 Ύλικὸν
2902 515 2959 573 δὲ
3000 515 3173 573 αἶ’τιον
3217 524 3319 587 τῆς
3348 516 3543 588 κλίνης
3574 518 3637 573 τὸ
3672 519 3761 588 ξό-

350 622 539 676 lcctua
597 618 792 691 perﬁci
851 623 1062 688 potest.
1117 614 1399 671 Formalis
1429 618 1483 669 et
1525 613 1658 668 lecti
1711 612 1901 683 ﬁgura
1945 615 2002 665 et

354 711 504 765 idea.
540 707 758 763 Finalis
806 707 1077 777 denique,
1113 710 1175 759 ut
1206 704 1473 759 homines
1523 703 1581 756 in
1613 701 1712 755 illo
1745 701 2000 772 quietcm

354 797 689 870 capiant,ob
710 796 861 850 hanc
885 796 1096 865 quippe
1120 809 1357 848 causam
1383 791 1595 847 lectum
1624 790 1999 845 fabricamus.

357 889 452 944 Ha:
484 890 623 941 sunt
644 892 896 956 quatuor
926 899 1111 937 causa:
1136 900 1282 953 quas
1314 882 1472 937 novit
1494 878 1855 935 Aristoteles.
1880 877 2003 933 Illis

352 980 499 1031 duas
530 974 673 1028 alias
703 972 864 1026 addit
895 970 1091 1026 Plato:
1126 970 1658 1037 instrumentalem,
1686 973 1748 1022 ut
1781 983 2000 1021 serram

353 1070 409 1121 et
435 1063 755 1126 terebrum,
791 1076 1037 1131 quorum
1072 1076 1179 1131 ope
1227 1060 1440 1114 lectum
1486 1058 1917 1130 componimus,
1949 1060 2005 1111 et

351 1151 761 1223 exemplarem,
794 1167 921 1221 qure
956 1150 1167 1219 duplex
1213 1154 1322 1217 est,
1356 1149 1441 1203 vel
1475 1148 1837 1203 extrinsecus
1871 1162 2005 1217 pro-

350 1242 560 1315 posita,
601 1241 670 1296 ad
723 1256 901 1311 quam
950 1239 1158 1294 artifex
1212 1239 1459 1311 quilibet
1510 1239 1645 1293 facit
1696 1236 1836 1292 artis
1887 1252 2005 1290 suis

350 1348 519 1401 opus,
551 1329 637 1384 vel
674 1346 800 1401 quze
841 1346 909 1383 ex
940 1333 1133 1383 mente
1177 1334 1233 1383 et
1282 1328 1631 1400 cogitatione
1679 1327 2009 1383 conforma-

353 1420 573 1476 tionem
605 1418 837 1491 accipit.

961 1598 1050 1651 63.
1084 1598 1158 1651 De
1188 1597 1404 1667 ﬁguris.

431 1688 641 1757 Figura
672 1691 757 1740 est
789 1685 1046 1757 qualitas
1072 1703 1186 1757 qua
1219 1685 1768 1741 matbematicorum
1804 1701 2004 1757 corpo-

359 1794 489 1832 rum
523 1775 861 1846 superﬁcies
890 1775 1262 1830 describitur.
1291 1775 1767 1831 Mathematicum
1797 1792 2008 1846 corpus

2110 605 2209 662 λον
2243 630 2252 640 ·
2292 606 2411 662 ἄνευ
2440 608 2540 683 γὰρ
2574 607 2713 678 ὕλης
2748 607 2846 663 οὐκ
2898 606 2957 662 ἂν
2999 608 3212 684 γένοιτο
3240 606 3423 678 κλίνη.
3452 605 3673 662 Είδικὸν
3704 604 3765 662 εὶ

2111 703 2303 772 σχῆμα
2344 696 2543 767 ταύτης
2592 696 2681 751 καὶ
2722 700 2756 767 ἡ
2817 695 2952 753 ἰδέα.
2996 696 3229 754 Τελικὸν
3290 695 3345 752 δὲ
3405 700 3436 766 ἡ
3488 697 3540 751 ἐν
3590 697 3764 770 ταύτῃ

2108 790 2217 841 τῶν
2269 786 2569 862 ἀνθρώπων
2616 786 2933 857 ἀνάπαυσις²
2987 784 3073 841 διὰ
3118 787 3319 856 ταύτην
3369 788 3471 861 γάρ
3531 786 3632 854 τήν
3676 785 3763 840 αἶ-

2108 874 2225 930 τίαν
2259 877 2354 943 τήν
2414 875 2610 944 κλίνην
2669 874 3081 950 ἐξεργαζόμεθα.
3131 877 3188 928 Ὀ
3234 874 3333 947 μὶν
3372 872 3766 949 Ἀριστοτέλης

2110 962 2206 1025 τὰς
2263 966 2523 1039 τέσσαρας
2577 965 2770 1025 ταύτας
2841 963 3018 1026 αἶ’τίας
3092 962 3255 1020 οἶδεν.
3312 968 3371 1022 '0
3420 962 3476 1018 δὲ
3533 963 3764 1019 Πλάτων

2113 1053 2295 1123 ἑτέρας
2326 1051 2420 1108 δύο
2452 1054 2803 1128 προστίθησι,
2827 1055 2926 1123 τήν
2972 1052 3286 1130 ὀργανικὴν,
3330 1056 3443 1107 οἷον
3484 1054 3575 1108 τὸν
3606 1053 3769 1129 πρίο-

2112 1163 2199 1214 να,
2229 1139 2265 1211 ἤ
2298 1143 2359 1197 τὸ
2390 1141 2657 1218 τὲρετρον,
2710 1140 2779 1197 δι’
2811 1144 2884 1197 ὢν
2933 1143 3031 1211 τὴν
3080 1141 3268 1213 κλίνην
3327 1146 3591 1215 πυιοῦμεν
3624 1162 3639 1174 ο
3673 1141 3769 1196 καὶ

2112 1234 2175 1288 τὸ
2233 1230 2727 1309 παραδειγματικόν
2760 1252 2773 1265 ο
2833 1230 2994 1287 τουτο
3054 1230 3111 1287 δὶ
3168 1230 3345 1288 διττόν
3380 1231 3544 1301 ἐστιν,
3592 1233 3630 1301 ἡ
3661 1231 3765 1306 γὰρ

2116 1320 2307 1393 ἔξωθεν
2338 1316 2591 1388 ἔκκειται,
2641 1321 2731 1377 καὶ
2781 1322 2918 1393 πρὸς
2975 1320 3154 1377 εἰκόνα
3200 1328 3307 1386 πᾶς
3332 1321 3583 1398 τεχνίτης
3615 1328 3767 1376 ποιεῖ

2113 1413 2175 1467 τὸ
2202 1412 2673 1488 τεχνιτευόμινον,
2701 1414 2735 1482 ἡ
2792 1409 2850 1466 δὲ
2890 1410 2941 1467 ὲν
2990 1416 3057 1478 τῆ
3118 1409 3331 1483 διανοίᾳ
3360 1406 3631 1485 λαμϐάνει
3662 1410 3763 1481 τήν

2115 1501 2477 1558 ἀνατύπωσιν.

2632 1592 2727 1666 ξγ’.
2753 1590 2885 1668 Περὶ
2916 1611 3026 1667 σχη
3038 1591 3218 1664 μάτων
3232 1636 3245 1648 .

2190 1682 2398 1758 Σχῆμά
2431 1679 2540 1736 ἔστι
2591 1682 2818 1751 ποιότης
2865 1686 2974 1735 τῶν
3031 1683 3429 1753 μαθηματικῶν
3488 1678 3760 1751 σωμάτων

2117 1771 2552 1845 ἀποπεράτωσις.
2620 1769 3012 1843 Μαθηματικὸν
3087 1767 3145 1824 δὲ
3206 1769 3367 1842 σῶμά
3422 1767 3566 1823 ἔστιν
3624 1766 3757 1821 ἅπαν

357 1866 570 1921 dicitur
598 1882 772 1920 omne
805 1866 991 1937 ﬁgura
1023 1869 1178 1920 certa
1211 1866 1540 1936 praeditum,
1570 1871 1633 1920 ut
1664 1866 2001 1933 rotundum,

2149 1861 2176 1915 ὸ
2209 1859 2707 1937 ἐσχηματισμένον,
2743 1862 2859 1915 οἷον
2904 1860 2967 1915 τὸ
3016 1857 3340 1936 στογγόλον,
3384 1859 3446 1913 τὸ
3469 1856 3757 1933 τρίγωνον,

354 1954 738 2027 triangulare,
754 1955 1129 2027 quadratum,
1145 1955 1669 2027 quinquangulare,
1684 1955 2000 2028 etZsimilia.

356 2046 616 2108 Quatuor
646 2060 816 2115 porro
847 2044 1135 2100 elementa
1185 2046 1444 2099 rotundae
1496 2046 1696 2116 ﬁguras
1726 2061 1853 2101 esse
1884 2048 2006 2100 tra-

354 2134 523 2188 dunt.
551 2133 709 2188 Plato
742 2137 798 2189 et
828 2135 1076 2188 rotunda
1100 2135 1313 2206 facitiet
1337 2135 1595 2190 diversas
1619 2135 1763 2190 alias
1789 2135 2007 2206 ﬁguras

355 2222 472 2277 illis
504 2222 914 2293 circumponit.
944 2223 1091 2277 Nam
1124 2228 1336 2278 terram
1373 2224 1443 2278 ob
1478 2225 1704 2279 ﬁrmam
1740 2229 1795 2279 et
1825 2224 2006 2279 stabi-

355 2312 469 2366 lem
504 2328 673 2366 suam
708 2312 1094 2384 naturamrait
1126 2313 1337 2368 referre
1371 2314 1613 2385 ﬁguram
1651 2313 1805 2381 cubi,
1831 2312 2006 2385 siqui-

359 2401 493 2455 dem
524 2404 580 2455 et
611 2401 797 2456 cubus
834 2401 1039 2457 ﬁrmus
1086 2418 1151 2456 ac
1196 2403 1425 2458 stabilis
1456 2408 1563 2458 est.
1598 2406 1815 2473 Ignem,
1861 2418 2007 2472 quo-

361 2490 518 2545 niam
555 2506 791 2545 sursum
824 2491 1009 2546 tendit
1030 2496 1085 2545 et
1114 2491 1171 2545 in
1204 2496 1438 2547 acutum
1469 2492 1773 2548 desinitex
1808 2491 2009 2547 latiore

362 2580 513 2645 basi,
547 2580 712 2651 ponit
740 2596 868 2635 esse
908 2581 1218 2652 praeditum
1272 2583 1459 2653 ﬁgura
1507 2581 1875 2654 pyramidali,
1907 2598 2009 2635 va-

363 2669 569 2740 riaque
590 2668 704 2724 alia
732 2685 862 2724 eum
895 2669 950 2723 in
979 2671 1217 2726 modum
1248 2671 1509 2743 disputat
1552 2672 1661 2729 Sed
1685 2675 1741 2727 et
1763 2672 2012 2727 rotunda

362 2759 564 2813 eadem
598 2757 882 2813 elementa
913 2776 1040 2814 esse
1071 2761 1295 2827 statuit,
1332 2762 1484 2832 quod
1520 2760 1727 2816 coelum
1761 2760 2011 2816 circum-

363 2845 649 2902 rotatione
683 2863 789 2902 sua
817 2848 1188 2919 superﬁciem
1222 2849 1486 2920 ipsorum
1516 2849 1694 2905 veluti
1727 2849 2009 2915 detornat,

366 2936 799 3007 rotundamque
828 2936 1023 2992 efﬁcit.

929 3045 1129 3117 64.‘De
1154 3046 1450 3103 coloribus.

436 3130 606 3188 Color
635 3139 721 3188 est
753 3133 1005 3206 qualitas
1040 3135 1284 3192 visibilis
1327 3137 1385 3192 in
1418 3153 1726 3210 corporum
1762 3137 2013 3210 superﬁ-

369 3222 473 3278 cie.
509 3223 576 3277 At
606 3222 766 3277 Plato
799 3240 945 3279 novo
978 3226 1150 3279 modo
1190 3224 1446 3280 colorum
1496 3226 1782 3283 rationem
1828 3226 2014 3299 expli-

370 3316 463 3366 cat
497 3326 509 3365 :
544 3311 627 3366 ait
655 3311 807 3366 enim
859 3314 931 3367 ab
980 3314 1221 3383 objectis
1266 3315 1610 3384 corporibus
1642 3321 1698 3371 et
1727 3316 1798 3370 ab
1829 3314 2016 3371 oculis

371 3399 693 3455 videntium
734 3402 968 3457 el‘ﬁuvia
1016 3405 1284 3473 quaedam
1329 3405 1538 3474 emitti,
1574 3424 1700 3476 qua:
1732 3406 1790 3460 in
1824 3406 2017 3461 medio

373 3489 679 3544 intervallo
746 3491 1064 3546 constituta
1130 3493 1354 3563 species
1422 3495 1681 3549 colorum
1741 3495 2016 3550 efficiant.

376 3583 575 3651 Neque
606 3595 738 3634 vero
760 3581 1035 3636 omnibus
1065 3580 1285 3637 colores
1316 3586 1516 3638 eodem
1545 3585 1717 3640 modo
1742 3601 2023 3655 apparere

373 3668 751 3723 observatum
783 3674 891 3739 est,
925 3670 1025 3723 sed
1063 3688 1165 3739 pro
1198 3670 1443 3726 diversis
1474 3675 1836 3728 cernentium
1869 3681 2020 3728 tem-

376 3757 665 3825 peraturis
716 3757 890 3811 etiam
950 3758 1173 3813 colores
1228 3776 1446 3825 rerum,
1481 3778 1611 3831 qua;
1668 3763 1920 3816 offerunt
1960 3779 2022 3817 se

370 3845 579 3912 oculis,
612 3844 827 3899 diversi
879 3846 1170 3913 videntur,
1206 3848 1288 3901 uti
1336 3847 1406 3903 iis
1457 3850 1558 3919 qui
1612 3850 1814 3905 morbo
1864 3850 2021 3921 regio

372 3932 661 4000 laborant,
698 3934 842 3988 flava
890 3951 1020 4005 quae
1068 3940 1336 4003 cernunt,
1390 3944 1694 4008 apparent,
1748 3939 1837 3994 bis
1887 3956 2021 3995 vero

370 4022 585 4092 quibus
636 4022 860 4092 pupilla
908 4026 1122 4078 rubore
1174 4026 1386 4080 infecta
1436 4033 1545 4089 est,
1598 4028 1798 4097 rubra,
1844 4033 2021 4100 atque

371 4110 579 4165 iterum
614 4111 928 4167 albicantia
963 4114 1079 4167 llllS
1112 4114 1210 4184 qui
1245 4115 1441 4170 album
1477 4116 1783 4172 humorem
1835 4134 2018 4173 mem-

370 4199 571 4255 branis
617 4200 921 4256 oculorum
981 4203 1274 4259 suffusum
1332 4205 1569 4276 habent,
1618 4205 1868 4277 aliisque
1916 4224 2019 4279 pro

370 4286 600 4344 diversa
628 4295 1029 4362 temperatura
1059 4292 1249 4347 aliter.

711 4399 801 4453 65.
835 4400 903 4454 De
936 4401 1191 4455 mistione
1219 4408 1271 4455 et
1296 4401 1673 4470 permistz'one.

438 4484 633 4541 Mistio
676 4492 768 4541 est
812 4489 951 4542 unio
1001 4505 1310 4560 corporum
1371 4506 1472 4559 per
1516 4491 2012 4560 conjunctionem,

365 4575 560 4644 qualis
590 4582 680 4631 est
710 4576 819 4631 olei
853 4582 909 4631 et
939 4594 1120 4649 aquas.
1156 4579 1350 4647 Neque
1381 4580 1536 4633 enim
1583 4585 1704 4634 tota
1756 4581 1909 4635 inter
1951 4596 2013 4635 se

364 4664 537 4719 ambo
570 4666 1016 4736 permiscentur,
1052 4668 1151 4723 sed
1186 4684 1436 4723 suminis
1471 4670 1642 4723 modo
1675 4668 2010 4739 superﬁcie-

367 4753 475 4807 bus
498 4754 856 4829 junguntur.
894 4756 1141 4811 Interior
1172 4757 1325 4810 enim
1380 4758 1484 4811 olei
1536 4757 1877 4828 superﬁcies
1910 4757 2019 4810 mi-

363 4848 561 4897 scetur
605 4844 724 4901 sive
775 4846 980 4900 unitur
1026 4846 1310 4918 superiori
1348 4845 1676 4918 superﬁciei
1728 4862 1913 4917 aquae.
1948 4839 2021 4900 Al-

366 4933 669 5001 permistio
702 4939 811 5002 est,
835 4936 1067 5007 quando
1109 4936 1274 4990 unita
1322 4952 1561 5007 corpora
1609 4941 1727 4991 tota
1756 4937 1840 4991 sic
1870 4936 2020 4991 invi'

359 5037 481 5075 cem
528 5023 973 5093 permiscentur,
1001 5028 1063 5079 ut
1093 5026 1245 5096 aqua
1276 5029 1332 5078 et
1360 5024 1574 5079 vinum.
1606 5028 1809 5097 Itaque
1839 5025 2015 5080 mista

360 5124 602 5182 corpora
636 5129 702 5168 ex
752 5119 916 5185 parte
946 5115 1177 5184 quidem
1234 5114 1543 5182 uniuntur,
1577 5115 1886 5170 inronfusa
1928 5121 2013 5173 ta-

362 5215 491 5255 men
530 5209 769 5258 manent
805 5221 816 5258 :
851 5205 1129 5277 permista
1164 5208 1358 5260 autem
1403 5209 1710 5275 penetrant
1741 5204 2011 5283 invicem,

358 5292 756 5365 scinduntque
788 5310 852 5350 ac
885 5295 1261 5363 scinduntur,
1286 5299 1342 5349 ct
1376 5297 1524 5351 inter
1554 5313 1615 5352 se
1646 5295 2012 5353 confundun-

362 5386 472 5435 tur.
510 5382 655 5437 Unio
687 5385 1024 5456 autemEDei
1060 5402 1191 5440 cum
1242 5389 1441 5441 nostra
1482 5393 1691 5442 natura
1722 5392 1777 5442 et
1812 5388 2008 5445 mistio

361 5476 468 5537 est,
502 5474 641 5544 quia
700 5474 827 5528 sine
882 5475 1227 5530 confusione
1287 5477 1369 5544 ﬁt,
1421 5481 1477 5531 et
1535 5481 1620 5531 est
1678 5476 2003 5548 pcrmistio,

358 5568 591 5634 propter
646 5562 995 5618 idiomatum
1054 5566 1669 5622 communicationem.
1722 5567 2002 5624 Caeterum

356 5669 571 5708 novum
605 5653 771 5722 illud,
803 5670 932 5708 cum
966 5660 1269 5727 assumpta
1302 5661 1530 5725 natura,
1563 5673 1749 5730 genus
1782 5657 2002 5716 mistio-

353 5741 445 5797 nis
478 5750 584 5810 est,
616 5748 671 5799 et
703 5743 850 5800 mira
882 5760 945 5799 ac
979 5744 1294 5816 singularis
1325 5746 1650 5818 permistis.

2112 1951 2174 2006 τὸ
2204 1950 2562 2026 τετράγωνον,
2610 1951 2673 2005 τὸ
2720 1951 3085 2024 πεντάγωνον,
3135 1948 3225 2004 καὶ
3267 1948 3365 2003 ὅσα
3388 1950 3633 2004 τοιαῦτα.
3692 1947 3759 2001 Τὰ

2112 2042 2290 2096 τοίνυν
2362 2039 2591 2115 τέσσαρα
2660 2045 2907 2114 στοιχεῖα
2990 2044 3254 2117 περιφερῆ
3347 2034 3756 2113 δογματίζουσι.

2116 2131 2339 2185 Πκάτων
2371 2127 2428 2184 δὲ
2472 2130 2559 2183 καὶ
2620 2136 2884 2206 περιφερῆ
2944 2128 3031 2183 καὶ
3086 2127 3139 2182 ὲν
3201 2125 3486 2205 διαφόροις
3538 2124 3759 2181 πλάττει

2116 2221 2365 2295 σχήμασι
2400 2239 2410 2251 ·
2444 2219 2543 2286 τὴν
2582 2219 2674 2292 μὲν
2723 2219 2823 2293 γὰρ
2868 2225 2971 2292 γῆν
3002 2215 3091 2273 διὰ
3126 2218 3187 2272 τὸ
3239 2214 3553 2289 εὖὲδραστον
3585 2217 3676 2270 καὶ
3706 2216 3765 2269 τὸ

2121 2305 2355 2385 βεϐηκὸς
2416 2309 2605 2379 αὐτῆς,
2655 2303 2911 2377 κυϐοειδῆ
2975 2306 3117 2384 λέγει
3154 2326 3166 2338 ·
3224 2305 3435 2381 ἑδραῖος
3473 2306 3576 2380 γὰρ
3618 2305 3763 2359 καὶὸ

2115 2394 2303 2460 κύϐος.
2327 2399 2396 2453 Τὸ
2449 2398 2506 2454 δὲ
2555 2402 2659 2472 πῦρ
2716 2396 2804 2452 διὰ
2860 2398 2921 2453 τὸ
2968 2395 3073 2452 ἅνω
3105 2398 3355 2472 φέρεσθαι
3404 2396 3495 2450 καὶ
3556 2394 3636 2457 εἰς
3678 2394 3762 2465 ὀξῦ

2119 2485 2417 2562 ἀπολήγειν
2474 2487 2578 2541 ἀπὸ
2635 2487 2897 2548 πλατείας
2965 2484 3190 2562 βάσεως,
3255 2481 3625 2559 πυραμοειδὶς
3682 2484 3763 2538 τί-

2118 2577 2266 2647 θησι,
2325 2576 2413 2631 καὶ
2445 2578 2511 2631 τὰ
2555 2575 2743 2634 πολλᾶ
2790 2576 2986 2652 ἑτέρως
3045 2576 3400 2651 χρηματίζει,
3436 2572 3767 2649 Στρογγνῇα

2120 2663 2177 2720 δὶ
2235 2664 2388 2730 αὖθις
2413 2671 2580 2722 ταῦτα
2607 2665 2836 2737 τίθεται,
2864 2663 3001 2721 διότι
3035 2666 3062 2720 ὁ
3095 2664 3319 2739 οὐρανὸς
3348 2661 3766 2741 κυκλοφερόμε-

2117 2776 2209 2817 νος
2228 2755 2596 2832 περιτορνεύει
2626 2757 2724 2826 τήν
2754 2755 2963 2811 τούτων
2989 2754 3321 2832 ἐπιφάνειαν.

2634 3042 2727 3116 ξδ’.
2761 3042 2891 3120 Περὶ
2923 3044 3263 3119 χρωμάτων.

2193 3135 2402 3209 Χρῶμά
2455 3134 2596 3191 ἐστιν
2654 3136 2822 3210 ὁρατά
2888 3132 3120 3202 ποιότης
3169 3135 3269 3197 τῆς
3324 3135 3430 3186 τῶν
3503 3132 3775 3203 σωμάτων

2128 3222 2458 3303 ἐπιφανείας,
2534 3225 2595 3282 Ὁ
2642 3221 2698 3278 δὲ
2756 3243 2819 3297 γε
2877 3221 3105 3277 Πλάτων
3162 3220 3347 3275 καινὸν
3404 3240 3527 3275 τινα
3570 3218 3777 3293 τρόπον

2130 3311 2471 3389 διερμηνεόει
2516 3312 2639 3388 περὶ
2697 3313 3035 3388 χρωμάτων.
3096 3311 3250 3385 Λέγει
3302 3307 3360 3363 δὶ
3404 3306 3487 3363 ὅτι
3538 3310 3631 3363 καὶ
3676 3308 3782 3362 ἀπὸ

2124 3407 2232 3457 τῶν
2288 3403 2657 3475 ὑποκειμένων
2702 3401 2970 3473 σωμάτων
3011 3402 3097 3455 καὶ
3145 3400 3250 3454 ἀπὸ
3299 3398 3556 3473 ὁρώνυων
3590 3398 3781 3469 ὀμμά-

2127 3513 2232 3547 των
2266 3491 2555 3567 ἀπόρῥοιαί
2586 3513 2724 3553 τινες
2766 3491 3095 3564 πέμπονται,
3146 3488 3338 3548 αἵτινες
3376 3486 3428 3542 ἰν
3460 3488 3543 3558 τῷ
3580 3487 3782 3561 μεταξῦ

2127 3585 2224 3636 τοῦ
2256 3578 2622 3652 διαστήματος
2667 3579 2952 3655 γινόμεναι
3000 3578 3094 3640 τὰς
3141 3574 3281 3639 ίδέας
3321 3582 3428 3631 τῶν
3460 3578 3787 3651 χρωμάτων

2128 3675 2404 3726 ποιοῦσιν.
2440 3671 2516 3727 Οὐ
2548 3676 2676 3724 πᾶσι
2735 3666 2791 3723 δὲ
2838 3670 2995 3746 φασὶν
3038 3668 3247 3739 ὁμοίως
3305 3666 3371 3721 τὰ
3414 3665 3550 3720 αὐτά
3597 3665 3785 3740 φαίνι-

2131 3762 2247 3814 σθαι
2290 3759 2582 3834 χρώματα,
2643 3755 2788 3813 ἀλλὰ
2854 3757 2988 3832 πρὸς
3041 3757 3136 3820 τὰς
3206 3753 3503 3828 διαφόρους
3560 3756 3791 3827 κράσεις

2128 3854 2236 3904 τῶν
2285 3850 2533 3925 ὁρώντων
2580 3848 2669 3902 καὶ
2722 3846 3018 3923 ὁρωμένων
3047 3846 3142 3907 τὰς
3184 3846 3354 3919 χρόας
3389 3846 3789 3918 μεταχρώννυο

2132 3951 2302 4002 σθαι·
2354 3944 2469 4002 τοῖς
2509 3938 2602 4010 μὲν
2663 3937 2767 4013 γὰρ
2820 3937 3148 4010 ἰκτεριῶσιν,
3209 3934 3367 4009 ὠχρὰ
3422 3934 3490 3987 τὰ
3522 3934 3793 4006 ὁρώμενα

2132 4028 2371 4104 φαίνεται
2409 4047 2419 4058 ·
2454 4033 2570 4090 τοῖς
2623 4025 2679 4082 δὲ
2726 4028 2824 4095 τὴν
2858 4027 3028 4101 κόρην
3066 4026 3259 4096 ξανθήν
3292 4019 3509 4100 ἔχουσι,
3567 4024 3744 4094 ξανθά
3776 4042 3788 4053 ο

2127 4124 2243 4179 τοῖς
2277 4119 2495 4195 φλέγμα
2520 4118 2641 4193 περὶ
2699 4116 2825 4179 τοὺς
2870 4115 3065 4188 ὑμένας
3109 4119 3215 4169 τῶν
3264 4114 3567 4188 ὀφθαλμῶν
3600 4110 3795 4189 ξὲχουο

2127 4228 2228 4277 σιν,
2268 4205 2544 4262 ὑπόλευκα
2576 4229 2587 4241 ι
2621 4207 2709 4260 καὶ
2741 4201 2935 4266 ἄλλοις
2979 4201 3187 4271 ἄλλως,
3216 4203 3349 4257 κατὰ
3386 4203 3485 4269 τήν
3513 4199 3793 4280 διαφορὰν

2123 4301 2233 4351 τῶν
2257 4296 2519 4373 κράσεων.

2509 4404 2594 4475 ξε’.
2630 4404 2760 4478 Περὶ
2796 4402 2990 4475 μίξεως
3016 4401 3105 4456 καὶ
3136 4400 3400 4475 κράσεως·

2195 4495 2252 4550 ἹΙ
2294 4494 2386 4567 μὶν
2424 4494 2565 4567 μίξις
2615 4492 2797 4555 ἔνωσίς
2845 4491 2955 4547 ἐστι
2995 4492 3263 4564 σωμάτων
3290 4489 3425 4544 κατά
3455 4487 3800 4562 παράθεσιν,

2124 4582 2198 4643 ὡς
2249 4583 2332 4637 ἐπὶ
2365 4581 2549 4637 ἐλαίου
2581 4582 2669 4637 καὶ
2705 4579 2913 4644 ὕδατος.
2949 4579 3021 4635 Οὐ
3051 4581 3151 4655 γάρ
3185 4576 3253 4633 δι’
3285 4576 3419 4633 ὅλου
3451 4576 3633 4631 ταῦτά
3674 4577 3801 4649 κίρ-

2122 4692 2274 4726 ναται
2307 4671 2453 4729 ἀλλὰ
2499 4673 2633 4727 κατὰ
2680 4674 2775 4733 τὰς
2829 4672 2995 4744 ἄκρας
3045 4669 3355 4747 ἐπιφανείας
3408 4666 3595 4722 αὐτῶν
3644 4666 3802 4722 ἐνοῦο

2128 4782 2238 4818 ται.
2292 4763 2353 4816 ἹΙ
2384 4762 2483 4837 γὰρ
2538 4762 2685 4815 κάτω
2733 4759 3013 4837 ἐπιφάνεια
3057 4762 3153 4812 τοῦ
3204 4755 3389 4811 ἐλαίου
3425 4756 3695 4831 μίγνυται

2128 4848 2237 4904 ἄνω
2271 4850 2549 4929 ἐπιφανείᾳ
2603 4855 2699 4905 τοῦ
2752 4847 2964 4912 ὓδατος.
3028 4854 3222 4921 Κρᾶσις
3268 4843 3323 4900 δὲ
3373 4843 3519 4899 ἐστὶν
3554 4844 3696 4899 ὅταν
3732 4844 3799 4899 τὰ

2128 4939 2389 5013 ἑνούμενα
2433 4942 2658 5014 σώματα
2710 4938 2778 4995 δι’
2830 4937 3097 5010 ἀλλήλων
3126 4936 3423 5011 ἀνακραθῇ,
3460 4935 3539 4996 ὡς
3577 4933 3679 4989 ἐπὶ
3715 4933 3795 4988 οἵ·

2124 5048 2216 5082 νου
2247 5031 2331 5084 καὶ
2385 5027 2597 5092 ὕδατος.
2644 5030 2740 5084 Καὶ
2789 5030 2855 5085 τά
2901 5030 2995 5101 μὲν
3066 5024 3368 5101 μιγνόμενα
3429 5024 3680 5097 σώματα
3741 5021 3802 5079 ἐκ

2128 5119 2323 5194 μέρους
2356 5120 2448 5193 μὶν
2484 5119 2715 5188 ἑνοῦται,
2752 5118 3029 5193 ἀσόγχυτα
3064 5113 3119 5170 δὲ
3159 5116 3299 5187 μὲνει
3335 5133 3348 5145 ·
3390 5114 3459 5168 τὶ
3492 5111 3549 5167 δι
3586 5134 3801 5187 κεραν-

2121 5207 2320 5281 νόμενα
2381 5206 2451 5263 δι’
2507 5207 2769 5279 ἀλλήλων
2834 5208 2926 5281 μὶν
2987 5203 3164 5275 διήκει
3210 5202 3300 5258 καὶ
3330 5205 3542 5277 τέμνει,
3581 5209 3683 5259 καὶ
3716 5202 3801 5259 τέο

2126 5319 2311 5369 μνεται
2372 5299 2460 5353 καὶ
2518 5298 2859 5375 συγκὲχυται.
2893 5297 2953 5353 Ἠ
3018 5293 3074 5349 δὲ
3118 5298 3213 5349 τοῦ
3268 5297 3403 5348 Θεοῦ
3446 5293 3599 5365 πρὸς
3638 5295 3795 5366 ἡμὴ

2119 5384 2311 5450 ἕνωσις
2334 5387 2425 5442 καὶ
2462 5389 2604 5461 μίξις
2656 5383 2766 5441 ἔστι
2817 5383 2904 5440 διὰ
2959 5386 3021 5439 τὸ
3072 5383 3405 5458 ἀσόγχυτον,
3454 5382 3549 5435 καὶ
3588 5389 3792 5458 κρᾶσις

2119 5474 2206 5531 διὰ
2235 5476 2325 5531 τὸν
2360 5477 2559 5550 τρόπον
2592 5484 2689 5546 τῆς
2740 5472 3081 5536 ἀντιδόσεως.
3112 5475 3294 5530 "Eam:
3326 5468 3420 5525 οὖν
3450 5472 3617 5543 αὐτῷ
3653 5474 3799 5548 πρὸς

2113 5567 2173 5620 τὸ
2205 5565 2569 5641 πρόσλημμα,
2602 5565 2689 5620 καὶ
2723 5567 2757 5634 ἡ
2792 5562 2933 5638 μίξις
2963 5563 3143 5632 καινὴ,
3177 5561 3266 5616 καὶ
3296 5563 3329 5631 ἡ
3363 5565 3563 5635 κρᾶσις
3600 5564 3793 5640 mpii.

2112 5651 2284 5728 δοξος,
