  <div class='ocr_page' id='page_1' title='image "/cluster/home/n/w/nwhite01/storage/ocr_20150623/122/hvd.32044073502460/378.png"; bbox 0 0 3966 6216; ppageno 0'>
   <div class='ocr_carea' id='block_1_1' title="bbox 216 404 323 463">
    <p class='ocr_par' dir='ltr' id='par_1_1' title="bbox 216 404 323 463">
     <span class='ocr_line' id='line_1_1' title="bbox 216 404 323 463; baseline 0 0"><span class='ocrx_word' id='word_1_1' title='bbox 216 404 323 463; x_wconf 79' lang='lat'><strong>729</strong></span> 
     </span>
    </p>
   </div>
   <div class='ocr_carea' id='block_1_2' title="bbox 556 531 1491 610">
    <p class='ocr_par' dir='ltr' id='par_1_2' title="bbox 556 531 1491 610">
     <span class='ocr_line' id='line_1_2' title="bbox 556 531 1491 610; baseline -0.017 -12"><span class='ocrx_word' id='word_1_2' title='bbox 556 533 651 604; x_wconf 80' lang='grc' dir='ltr'>ξς’.</span> <span class='ocrx_word' id='word_1_3' title='bbox 684 532 815 610; x_wconf 83' lang='grc' dir='ltr'>Περὶ</span> <span class='ocrx_word' id='word_1_4' title='bbox 855 531 1114 609; x_wconf 71' lang='grc' dir='ltr'>γενέσεως</span> <span class='ocrx_word' id='word_1_5' title='bbox 1146 532 1235 587; x_wconf 86' lang='grc' dir='ltr'>καὶ</span> <span class='ocrx_word' id='word_1_6' title='bbox 1267 534 1491 608; x_wconf 78' lang='grc' dir='ltr'>φθορᾶς,</span> 
     </span>
    </p>
   </div>
   <div class='ocr_carea' id='block_1_3' title="bbox 278 617 1856 697">
    <p class='ocr_par' dir='ltr' id='par_1_3' title="bbox 278 617 1856 697">
     <span class='ocr_line' id='line_1_3' title="bbox 278 617 1856 697; baseline 0 -19"><span class='ocrx_word' id='word_1_7' title='bbox 278 622 486 685; x_wconf 79' lang='grc' dir='ltr'>Γένεσις</span> <span class='ocrx_word' id='word_1_8' title='bbox 514 623 728 697; x_wconf 81' lang='grc' dir='ltr'>λέγεται</span> <span class='ocrx_word' id='word_1_9' title='bbox 757 626 790 692; x_wconf 81' lang='grc' dir='ltr'>ἡ</span> <span class='ocrx_word' id='word_1_10' title='bbox 818 624 924 678; x_wconf 85' lang='grc' dir='ltr'>ἀπὸ</span> <span class='ocrx_word' id='word_1_11' title='bbox 979 627 1079 677; x_wconf 84' lang='lat'>:06</span> <span class='ocrx_word' id='word_1_12' title='bbox 1141 623 1216 695; x_wconf 78' lang='grc' dir='ltr'>μὴ</span> <span class='ocrx_word' id='word_1_13' title='bbox 1264 617 1417 684; x_wconf 79' lang='grc' dir='ltr'>ὄντος</span> <span class='ocrx_word' id='word_1_14' title='bbox 1478 621 1553 683; x_wconf 73' lang='grc' dir='ltr'>εἷς</span> <span class='ocrx_word' id='word_1_15' title='bbox 1608 622 1667 676; x_wconf 91' lang='grc' dir='ltr'>τὸ</span> <span class='ocrx_word' id='word_1_16' title='bbox 1724 624 1856 678; x_wconf 78' lang='grc' dir='ltr'>εἶναι</span> 
     </span>
    </p>
   </div>
   <div class='ocr_carea' id='block_1_4' title="bbox 223 706 1857 783">
    <p class='ocr_par' dir='ltr' id='par_1_4' title="bbox 223 706 1857 783">
     <span class='ocr_line' id='line_1_4' title="bbox 223 706 1857 783; baseline -0.001 -18"><span class='ocrx_word' id='word_1_17' title='bbox 223 706 516 783; x_wconf 70' lang='grc' dir='ltr'>μεταϐολή.</span> <span class='ocrx_word' id='word_1_18' title='bbox 579 712 783 766; x_wconf 68' lang='grc' dir='ltr'>Γένεσιν</span> <span class='ocrx_word' id='word_1_19' title='bbox 845 708 902 765; x_wconf 78' lang='grc' dir='ltr'><strong>δέ</strong></span> <span class='ocrx_word' id='word_1_20' title='bbox 954 732 1095 772; x_wconf 87' lang='grc' dir='ltr'>τινες</span> <span class='ocrx_word' id='word_1_21' title='bbox 1148 711 1235 764; x_wconf 79' lang='grc' dir='ltr'>καὶ</span> <span class='ocrx_word' id='word_1_22' title='bbox 1267 712 1363 778; x_wconf 80' lang='grc' dir='ltr'>τὴν</span> <span class='ocrx_word' id='word_1_23' title='bbox 1399 708 1607 779; x_wconf 75' lang='grc' dir='ltr'>κίνησιν</span> <span class='ocrx_word' id='word_1_24' title='bbox 1644 708 1857 783; x_wconf 78' lang='grc' dir='ltr'>ὠνομά-</span> 
     </span>
    </p>
   </div>
   <div class='ocr_carea' id='block_1_5' title="bbox 213 795 1887 878">
    <p class='ocr_par' dir='ltr' id='par_1_5' title="bbox 213 795 1887 878">
     <span class='ocr_line' id='line_1_5' title="bbox 213 795 1887 878; baseline -0.001 -24"><span class='ocrx_word' id='word_1_25' title='bbox 213 821 349 869; x_wconf 83' lang='grc' dir='ltr'>κασι,</span> <span class='ocrx_word' id='word_1_26' title='bbox 397 800 533 863; x_wconf 80' lang='grc' dir='ltr'>καθό</span> <span class='ocrx_word' id='word_1_27' title='bbox 564 822 719 878; x_wconf 74' lang='grc' dir='ltr'>φασιν</span> <span class='ocrx_word' id='word_1_28' title='bbox 755 801 857 855; x_wconf 81' lang='lat'>61:6</span> <span class='ocrx_word' id='word_1_29' title='bbox 884 801 1090 875; x_wconf 78' lang='grc' dir='ltr'>γένεσιν</span> <span class='ocrx_word' id='word_1_30' title='bbox 1124 799 1257 854; x_wconf 79' lang='grc' dir='ltr'>εἶναι</span> <span class='ocrx_word' id='word_1_31' title='bbox 1290 800 1383 853; x_wconf 83' lang='grc' dir='ltr'>τὸν</span> <span class='ocrx_word' id='word_1_32' title='bbox 1432 798 1666 870; x_wconf 79' lang='grc' dir='ltr'>κόσμον,</span> <span class='ocrx_word' id='word_1_33' title='bbox 1716 795 1887 869; x_wconf 11' lang='grc' dir='ltr'>τοῦτ’,</span> 
     </span>
    </p>
   </div>
   <div class='ocr_carea' id='block_1_6' title="bbox 213 884 1855 964">
    <p class='ocr_par' dir='ltr' id='par_1_6' title="bbox 213 884 1855 964">
     <span class='ocr_line' id='line_1_6' title="bbox 213 884 1855 964; baseline -0.001 -19"><span class='ocrx_word' id='word_1_34' title='bbox 213 889 367 961; x_wconf 80' lang='grc' dir='ltr'>ἔπιν,</span> <span class='ocrx_word' id='word_1_35' title='bbox 430 890 533 944; x_wconf 85' lang='grc' dir='ltr'>ὑπὸ</span> <span class='ocrx_word' id='word_1_36' title='bbox 588 890 822 960; x_wconf 78' lang='grc' dir='ltr'>κίνησιν.</span> <span class='ocrx_word' id='word_1_37' title='bbox 880 891 1068 964; x_wconf 83' lang='grc' dir='ltr'>Φθορά</span> <span class='ocrx_word' id='word_1_38' title='bbox 1095 886 1151 943; x_wconf 74' lang='grc' dir='ltr'>δὲ.</span> <span class='ocrx_word' id='word_1_39' title='bbox 1182 887 1320 943; x_wconf 80' lang='grc' dir='ltr'>ἐστιν</span> <span class='ocrx_word' id='word_1_40' title='bbox 1354 890 1388 958; x_wconf 79' lang='grc' dir='ltr'><strong>ἠ</strong></span> <span class='ocrx_word' id='word_1_41' title='bbox 1423 888 1527 943; x_wconf 83' lang='grc' dir='ltr'>ἀπὸ</span> <span class='ocrx_word' id='word_1_42' title='bbox 1574 892 1671 942; x_wconf 82' lang='lat'>:06</span> <span class='ocrx_word' id='word_1_43' title='bbox 1703 884 1855 950; x_wconf 72' lang='grc' dir='ltr'>ὄντος</span> 
     </span>
    </p>
   </div>
   <div class='ocr_carea' id='block_1_7' title="bbox 214 974 1854 1052">
    <p class='ocr_par' dir='ltr' id='par_1_7' title="bbox 214 974 1854 1052">
     <span class='ocr_line' id='line_1_7' title="bbox 214 974 1854 1052; baseline -0.002 -19"><span class='ocrx_word' id='word_1_44' title='bbox 214 979 283 1041; x_wconf 77' lang='grc' dir='ltr'>εἷς</span> <span class='ocrx_word' id='word_1_45' title='bbox 310 980 372 1033; x_wconf 84' lang='grc' dir='ltr'>τὸ</span> <span class='ocrx_word' id='word_1_46' title='bbox 422 981 498 1052; x_wconf 82' lang='grc' dir='ltr'>μὴ</span> <span class='ocrx_word' id='word_1_47' title='bbox 561 980 692 1034; x_wconf 74' lang='grc' dir='ltr'>εἶναι</span> <span class='ocrx_word' id='word_1_48' title='bbox 746 974 1049 1052; x_wconf 70' lang='grc' dir='ltr'>μεταϐολή.</span> <span class='ocrx_word' id='word_1_49' title='bbox 1102 981 1212 1035; x_wconf 80' lang='grc' dir='ltr'>Πᾶν</span> <span class='ocrx_word' id='word_1_50' title='bbox 1272 976 1362 1031; x_wconf 73' lang='grc' dir='ltr'>οὖν</span> <span class='ocrx_word' id='word_1_51' title='bbox 1394 978 1455 1031; x_wconf 85' lang='grc' dir='ltr'>τὸ</span> <span class='ocrx_word' id='word_1_52' title='bbox 1486 978 1592 1031; x_wconf 83' lang='grc' dir='ltr'>ἀπὸ</span> <span class='ocrx_word' id='word_1_53' title='bbox 1647 982 1743 1033; x_wconf 85' lang='lat'>:06</span> <span class='ocrx_word' id='word_1_54' title='bbox 1780 980 1854 1049; x_wconf 78' lang='grc' dir='ltr'>μὴ</span> 
     </span>
    </p>
   </div>
   <div class='ocr_carea' id='block_1_8' title="bbox 217 1066 1854 1145">
    <p class='ocr_par' dir='ltr' id='par_1_8' title="bbox 217 1066 1854 1145">
     <span class='ocr_line' id='line_1_8' title="bbox 217 1066 1854 1145; baseline -0.002 -23"><span class='ocrx_word' id='word_1_55' title='bbox 217 1071 336 1122; x_wconf 75' lang='grc' dir='ltr'>εἶναι</span> <span class='ocrx_word' id='word_1_56' title='bbox 386 1069 703 1145; x_wconf 81' lang='grc' dir='ltr'>γενόμενον,</span> <span class='ocrx_word' id='word_1_57' title='bbox 753 1070 844 1123; x_wconf 81' lang='grc' dir='ltr'>καὶ</span> <span class='ocrx_word' id='word_1_58' title='bbox 894 1069 1001 1123; x_wconf 83' lang='grc' dir='ltr'>ἀπὸ</span> <span class='ocrx_word' id='word_1_59' title='bbox 1047 1072 1148 1121; x_wconf 76' lang='grc' dir='ltr'>τοῦ</span> <span class='ocrx_word' id='word_1_60' title='bbox 1177 1068 1417 1141; x_wconf 73' lang='grc' dir='ltr'>γενέσθαι</span> <span class='ocrx_word' id='word_1_61' title='bbox 1479 1066 1854 1144; x_wconf 73' lang='grc' dir='ltr'>φθειρόμενον,</span> 
     </span>
    </p>
   </div>
   <div class='ocr_carea' id='block_1_9' title="bbox 215 1154 1855 1235">
    <p class='ocr_par' dir='ltr' id='par_1_9' title="bbox 215 1154 1855 1235">
     <span class='ocr_line' id='line_1_9' title="bbox 215 1154 1855 1235; baseline -0.001 -24"><span class='ocrx_word' id='word_1_62' title='bbox 215 1158 310 1212; x_wconf 65' lang='grc' dir='ltr'>ὑπὸ</span> <span class='ocrx_word' id='word_1_63' title='bbox 366 1158 574 1233; x_wconf 80' lang='grc' dir='ltr'>γένεσιν</span> <span class='ocrx_word' id='word_1_64' title='bbox 609 1158 719 1213; x_wconf 79' lang='grc' dir='ltr'>ἐστὶ</span> <span class='ocrx_word' id='word_1_65' title='bbox 761 1159 850 1212; x_wconf 81' lang='grc' dir='ltr'>καὶ</span> <span class='ocrx_word' id='word_1_66' title='bbox 911 1154 1132 1235; x_wconf 76' lang='grc' dir='ltr'>φθοράν.</span> <span class='ocrx_word' id='word_1_67' title='bbox 1189 1158 1337 1213; x_wconf 77' lang='grc' dir='ltr'>Κατὰ</span> <span class='ocrx_word' id='word_1_68' title='bbox 1383 1160 1509 1231; x_wconf 78' lang='grc' dir='ltr'>γοῦν</span> <span class='ocrx_word' id='word_1_69' title='bbox 1567 1156 1657 1210; x_wconf 88' lang='grc' dir='ltr'>τὸν</span> <span class='ocrx_word' id='word_1_70' title='bbox 1718 1157 1855 1228; x_wconf 74' lang='grc' dir='ltr'>ἠμὲ-</span> 
     </span>
    </p>
   </div>
   <div class='ocr_carea' id='block_1_10' title="bbox 209 1242 1854 1321">
    <p class='ocr_par' dir='ltr' id='par_1_10' title="bbox 209 1242 1854 1321">
     <span class='ocr_line' id='line_1_10' title="bbox 209 1242 1854 1321; baseline -0.002 -20"><span class='ocrx_word' id='word_1_71' title='bbox 209 1267 351 1320; x_wconf 75' lang='grc' dir='ltr'>τερον</span> <span class='ocrx_word' id='word_1_72' title='bbox 407 1243 571 1321; x_wconf 83' lang='grc' dir='ltr'>λόγον</span> <span class='ocrx_word' id='word_1_73' title='bbox 623 1246 712 1301; x_wconf 87' lang='grc' dir='ltr'>καὶ</span> <span class='ocrx_word' id='word_1_74' title='bbox 763 1252 842 1319; x_wconf 75' lang='grc' dir='ltr'>τῷ</span> <span class='ocrx_word' id='word_1_75' title='bbox 880 1248 1075 1319; x_wconf 84' lang='grc' dir='ltr'>κόσμῳ</span> <span class='ocrx_word' id='word_1_76' title='bbox 1115 1247 1318 1321; x_wconf 65' lang='grc' dir='ltr'>γὲνεσις</span> <span class='ocrx_word' id='word_1_77' title='bbox 1363 1242 1569 1299; x_wconf 73' lang='grc' dir='ltr'>ἕπεται·</span> <span class='ocrx_word' id='word_1_78' title='bbox 1628 1247 1693 1312; x_wconf 73' lang='grc' dir='ltr'>ἦν</span> <span class='ocrx_word' id='word_1_79' title='bbox 1752 1245 1854 1319; x_wconf 86' lang='grc' dir='ltr'>γάρ</span> 
     </span>
    </p>
   </div>
   <div class='ocr_carea' id='block_1_11' title="bbox 209 1331 1856 1406">
    <p class='ocr_par' dir='ltr' id='par_1_11' title="bbox 209 1331 1856 1406">
     <span class='ocr_line' id='line_1_11' title="bbox 209 1331 1856 1406; baseline -0.001 -17"><span class='ocrx_word' id='word_1_80' title='bbox 209 1338 288 1391; x_wconf 80' lang='grc' dir='ltr'>ὅτε</span> <span class='ocrx_word' id='word_1_81' title='bbox 335 1337 442 1391; x_wconf 76' lang='grc' dir='ltr'>οὐκ</span> <span class='ocrx_word' id='word_1_82' title='bbox 469 1338 558 1405; x_wconf 75' lang='grc' dir='ltr'>ἦν,</span> <span class='ocrx_word' id='word_1_83' title='bbox 607 1337 697 1390; x_wconf 83' lang='grc' dir='ltr'>καὶ</span> <span class='ocrx_word' id='word_1_84' title='bbox 746 1333 888 1391; x_wconf 83' lang='grc' dir='ltr'>ἔσται</span> <span class='ocrx_word' id='word_1_85' title='bbox 936 1335 1024 1389; x_wconf 76' lang='grc' dir='ltr'>ὅτε</span> <span class='ocrx_word' id='word_1_86' title='bbox 1084 1335 1186 1389; x_wconf 70' lang='grc' dir='ltr'>οὐκ</span> <span class='ocrx_word' id='word_1_87' title='bbox 1237 1331 1403 1390; x_wconf 80' lang='grc' dir='ltr'>ἔσται.</span> <span class='ocrx_word' id='word_1_88' title='bbox 1464 1332 1697 1404; x_wconf 69' lang='grc' dir='ltr'>Αῧξησις</span> <span class='ocrx_word' id='word_1_89' title='bbox 1763 1335 1856 1406; x_wconf 78' lang='grc' dir='ltr'>μὶν</span> 
     </span>
    </p>
   </div>
   <div class='ocr_carea' id='block_1_12' title="bbox 209 1423 1854 1503">
    <p class='ocr_par' dir='ltr' id='par_1_12' title="bbox 209 1423 1854 1503">
     <span class='ocr_line' id='line_1_12' title="bbox 209 1423 1854 1503; baseline -0.002 -23"><span class='ocrx_word' id='word_1_90' title='bbox 209 1424 290 1480; x_wconf 70' lang='grc' dir='ltr'>οὗν</span> <span class='ocrx_word' id='word_1_91' title='bbox 342 1426 437 1479; x_wconf 72' lang='grc' dir='ltr'>καὶ</span> <span class='ocrx_word' id='word_1_92' title='bbox 468 1423 771 1487; x_wconf 77' lang='grc' dir='ltr'>ἀλλοίωσις</span> <span class='ocrx_word' id='word_1_93' title='bbox 819 1424 908 1479; x_wconf 80' lang='grc' dir='ltr'>καὶ</span> <span class='ocrx_word' id='word_1_94' title='bbox 942 1424 1083 1503; x_wconf 68' lang='grc' dir='ltr'>φορᾶ</span> <span class='ocrx_word' id='word_1_95' title='bbox 1130 1423 1218 1479; x_wconf 76' lang='grc' dir='ltr'>καὶ</span> <span class='ocrx_word' id='word_1_96' title='bbox 1251 1426 1285 1489; x_wconf 71' lang='grc' dir='ltr'>ἢ</span> <span class='ocrx_word' id='word_1_97' title='bbox 1319 1423 1423 1477; x_wconf 84' lang='grc' dir='ltr'>ἀπὸ</span> <span class='ocrx_word' id='word_1_98' title='bbox 1454 1424 1626 1477; x_wconf 81' lang='grc' dir='ltr'>τόπου</span> <span class='ocrx_word' id='word_1_99' title='bbox 1659 1423 1732 1485; x_wconf 77' lang='grc' dir='ltr'>εἷς</span> <span class='ocrx_word' id='word_1_100' title='bbox 1763 1428 1854 1477; x_wconf 84' lang='grc' dir='ltr'>τό·</span> 
     </span>
    </p>
   </div>
   <div class='ocr_carea' id='block_1_13' title="bbox 208 1509 1856 1589">
    <p class='ocr_par' dir='ltr' id='par_1_13' title="bbox 208 1509 1856 1589">
     <span class='ocr_line' id='line_1_13' title="bbox 208 1509 1856 1589; baseline -0.001 -22"><span class='ocrx_word' id='word_1_101' title='bbox 208 1536 314 1569; x_wconf 81' lang='grc' dir='ltr'>πων</span> <span class='ocrx_word' id='word_1_102' title='bbox 361 1509 659 1587; x_wconf 74' lang='grc' dir='ltr'>μετάϐασις</span> <span class='ocrx_word' id='word_1_103' title='bbox 712 1516 953 1584; x_wconf 73' lang='grc' dir='ltr'>κινήσεις</span> <span class='ocrx_word' id='word_1_104' title='bbox 1006 1512 1130 1570; x_wconf 79' lang='grc' dir='ltr'>εἶσί.</span> <span class='ocrx_word' id='word_1_105' title='bbox 1181 1513 1388 1574; x_wconf 84' lang='grc' dir='ltr'>Γὲνεσις</span> <span class='ocrx_word' id='word_1_106' title='bbox 1433 1510 1490 1567; x_wconf 76' lang='grc' dir='ltr'>δὲ</span> <span class='ocrx_word' id='word_1_107' title='bbox 1531 1513 1619 1566; x_wconf 79' lang='grc' dir='ltr'>καὶ</span> <span class='ocrx_word' id='word_1_108' title='bbox 1682 1514 1856 1589; x_wconf 71' lang='grc' dir='ltr'>φθορά</span> 
     </span>
    </p>
   </div>
   <div class='ocr_carea' id='block_1_14' title="bbox 209 1602 1853 1679">
    <p class='ocr_par' dir='ltr' id='par_1_14' title="bbox 209 1602 1853 1679">
     <span class='ocr_line' id='line_1_14' title="bbox 209 1602 1853 1679; baseline -0.002 -22"><span class='ocrx_word' id='word_1_109' title='bbox 209 1605 301 1658; x_wconf 75' lang='grc' dir='ltr'>οὐκ</span> <span class='ocrx_word' id='word_1_110' title='bbox 332 1604 441 1658; x_wconf 71' lang='grc' dir='ltr'>εἰσί</span> <span class='ocrx_word' id='word_1_111' title='bbox 486 1605 749 1673; x_wconf 71' lang='grc' dir='ltr'>κινήσεις,</span> <span class='ocrx_word' id='word_1_112' title='bbox 801 1602 1014 1679; x_wconf 80' lang='grc' dir='ltr'>ἀθρόως</span> <span class='ocrx_word' id='word_1_113' title='bbox 1062 1602 1161 1677; x_wconf 77' lang='grc' dir='ltr'>γάρ</span> <span class='ocrx_word' id='word_1_114' title='bbox 1206 1603 1268 1657; x_wconf 82' lang='grc' dir='ltr'>τὸ</span> <span class='ocrx_word' id='word_1_115' title='bbox 1316 1603 1606 1677; x_wconf 80' lang='grc' dir='ltr'>γενόμενον</span> <span class='ocrx_word' id='word_1_116' title='bbox 1638 1602 1853 1676; x_wconf 61' lang='grc' dir='ltr'>γέγονε,</span> 
     </span>
    </p>
   </div>
   <div class='ocr_carea' id='block_1_15' title="bbox 208 1688 943 1771">
    <p class='ocr_par' dir='ltr' id='par_1_15' title="bbox 208 1688 943 1771">
     <span class='ocr_line' id='line_1_15' title="bbox 208 1688 943 1771; baseline 0 -24"><span class='ocrx_word' id='word_1_117' title='bbox 208 1693 287 1747; x_wconf 74' lang='grc' dir='ltr'>καὶ</span> <span class='ocrx_word' id='word_1_118' title='bbox 311 1694 374 1748; x_wconf 72' lang='grc' dir='ltr'>τὸ</span> <span class='ocrx_word' id='word_1_119' title='bbox 409 1693 607 1771; x_wconf 65' lang='grc' dir='ltr'>φθαρὶν</span> <span class='ocrx_word' id='word_1_120' title='bbox 661 1688 943 1771; x_wconf 77' lang='grc' dir='ltr'>ἔφθαρται.</span> 
     </span>
    </p>
   </div>
   <div class='ocr_carea' id='block_1_16' title="bbox 739 1869 1318 1945">
    <p class='ocr_par' dir='ltr' id='par_1_16' title="bbox 739 1869 1318 1945">
     <span class='ocr_line' id='line_1_16' title="bbox 739 1869 1318 1945; baseline -0.003 -18"><span class='ocrx_word' id='word_1_121' title='bbox 865 1869 995 1945; x_wconf 76' lang='grc' dir='ltr'>Περὶ</span> <span class='ocrx_word' id='word_1_122' title='bbox 1026 1871 1294 1942; x_wconf 83' lang='grc' dir='ltr'>σωμάτων</span> <span class='ocrx_word' id='word_1_123' title='bbox 1306 1913 1318 1925; x_wconf 94' lang='grc'>.</span> 
     </span>
    </p>
   </div>
   <div class='ocr_carea' id='block_1_17' title="bbox 277 1955 1855 2035">
    <p class='ocr_par' dir='ltr' id='par_1_17' title="bbox 277 1955 1855 2035">
     <span class='ocr_line' id='line_1_17' title="bbox 277 1955 1855 2035; baseline 0 -22"><span class='ocrx_word' id='word_1_124' title='bbox 277 1960 447 2033; x_wconf 80' lang='grc' dir='ltr'>Σῶμά</span> <span class='ocrx_word' id='word_1_125' title='bbox 499 1959 615 2015; x_wconf 75' lang='grc' dir='ltr'>ἐστι</span> <span class='ocrx_word' id='word_1_126' title='bbox 676 1960 739 2015; x_wconf 82' lang='grc' dir='ltr'>τὸ</span> <span class='ocrx_word' id='word_1_127' title='bbox 795 1958 1001 2022; x_wconf 82' lang='grc' dir='ltr'>πλάτος</span> <span class='ocrx_word' id='word_1_128' title='bbox 1035 1955 1160 2034; x_wconf 73' lang='grc' dir='ltr'>ἔχον</span> <span class='ocrx_word' id='word_1_129' title='bbox 1218 1959 1305 2013; x_wconf 73' lang='grc' dir='ltr'>καὶ</span> <span class='ocrx_word' id='word_1_130' title='bbox 1343 1966 1520 2032; x_wconf 79' lang='grc' dir='ltr'>μῆκος</span> <span class='ocrx_word' id='word_1_131' title='bbox 1546 1959 1634 2013; x_wconf 88' lang='grc' dir='ltr'>καὶ</span> <span class='ocrx_word' id='word_1_132' title='bbox 1672 1957 1855 2035; x_wconf 77' lang='grc' dir='ltr'>βάθος.</span> 
     </span>
    </p>
   </div>
   <div class='ocr_carea' id='block_1_18' title="bbox 213 2046 1855 2125">
    <p class='ocr_par' dir='ltr' id='par_1_18' title="bbox 213 2046 1855 2125">
     <span class='ocr_line' id='line_1_18' title="bbox 213 2046 1855 2125; baseline -0.003 -20"><span class='ocrx_word' id='word_1_133' title='bbox 213 2049 299 2105; x_wconf 80' lang='grc' dir='ltr'>Καὶ</span> <span class='ocrx_word' id='word_1_134' title='bbox 329 2047 442 2103; x_wconf 77' lang='grc' dir='ltr'>ἔστι</span> <span class='ocrx_word' id='word_1_135' title='bbox 500 2056 675 2123; x_wconf 75' lang='grc' dir='ltr'>μῆκος</span> <span class='ocrx_word' id='word_1_136' title='bbox 712 2051 805 2123; x_wconf 80' lang='grc' dir='ltr'>μὲν</span> <span class='ocrx_word' id='word_1_137' title='bbox 840 2048 1006 2125; x_wconf 86' lang='grc' dir='ltr'>λόγου</span> <span class='ocrx_word' id='word_1_138' title='bbox 1055 2050 1240 2124; x_wconf 76' lang='grc' dir='ltr'>χάριν,</span> <span class='ocrx_word' id='word_1_139' title='bbox 1271 2047 1335 2102; x_wconf 88' lang='grc' dir='ltr'>τὸ</span> <span class='ocrx_word' id='word_1_140' title='bbox 1366 2047 1471 2103; x_wconf 84' lang='grc' dir='ltr'>ἆπὸ</span> <span class='ocrx_word' id='word_1_141' title='bbox 1502 2046 1745 2125; x_wconf 64' lang='grc' dir='ltr'>γεφαλῆς</span> <span class='ocrx_word' id='word_1_142' title='bbox 1780 2047 1855 2109; x_wconf 70' lang='grc' dir='ltr'>εἷς</span> 
     </span>
    </p>
   </div>
   <div class='ocr_carea' id='block_1_19' title="bbox 208 2136 1852 2213">
    <p class='ocr_par' dir='ltr' id='par_1_19' title="bbox 208 2136 1852 2213">
     <span class='ocr_line' id='line_1_19' title="bbox 208 2136 1852 2213; baseline -0.001 -22"><span class='ocrx_word' id='word_1_143' title='bbox 208 2136 355 2192; x_wconf 77' lang='grc' dir='ltr'>πόδα·</span> <span class='ocrx_word' id='word_1_144' title='bbox 422 2137 634 2200; x_wconf 85' lang='grc' dir='ltr'>πλάτος</span> <span class='ocrx_word' id='word_1_145' title='bbox 686 2136 743 2194; x_wconf 65' lang='grc' dir='ltr'>δὲ</span> <span class='ocrx_word' id='word_1_146' title='bbox 770 2140 833 2193; x_wconf 80' lang='grc' dir='ltr'>τὸ</span> <span class='ocrx_word' id='word_1_147' title='bbox 875 2139 980 2193; x_wconf 82' lang='grc' dir='ltr'>ἀπὸ</span> <span class='ocrx_word' id='word_1_148' title='bbox 1024 2146 1125 2208; x_wconf 85' lang='grc' dir='ltr'>τῆς</span> <span class='ocrx_word' id='word_1_149' title='bbox 1159 2136 1331 2208; x_wconf 79' lang='grc' dir='ltr'>δεξιᾶς</span> <span class='ocrx_word' id='word_1_150' title='bbox 1385 2138 1574 2213; x_wconf 85' lang='grc' dir='ltr'>χειρὸς</span> <span class='ocrx_word' id='word_1_151' title='bbox 1621 2136 1697 2199; x_wconf 72' lang='grc' dir='ltr'>εἷς</span> <span class='ocrx_word' id='word_1_152' title='bbox 1755 2138 1852 2206; x_wconf 74' lang='grc' dir='ltr'>τὴν</span> 
     </span>
    </p>
   </div>
   <div class='ocr_carea' id='block_1_20' title="bbox 208 2226 1853 2303">
    <p class='ocr_par' dir='ltr' id='par_1_20' title="bbox 208 2226 1853 2303">
     <span class='ocr_line' id='line_1_20' title="bbox 208 2226 1853 2303; baseline 0 -22"><span class='ocrx_word' id='word_1_153' title='bbox 208 2228 508 2303; x_wconf 76' lang='grc' dir='ltr'>ἀριστεράν,</span> <span class='ocrx_word' id='word_1_154' title='bbox 542 2230 576 2300; x_wconf 74' lang='grc' dir='ltr'>ἢ</span> <span class='ocrx_word' id='word_1_155' title='bbox 608 2229 669 2283; x_wconf 88' lang='lat'>:6</span> <span class='ocrx_word' id='word_1_156' title='bbox 714 2227 997 2283; x_wconf 69' lang='grc' dir='ltr'>ἀνάπαλιν*</span> <span class='ocrx_word' id='word_1_157' title='bbox 1058 2229 1221 2303; x_wconf 82' lang='grc' dir='ltr'>βάθος</span> <span class='ocrx_word' id='word_1_158' title='bbox 1244 2226 1301 2283; x_wconf 72' lang='grc' dir='ltr'>δὲ</span> <span class='ocrx_word' id='word_1_159' title='bbox 1329 2230 1391 2283; x_wconf 88' lang='grc' dir='ltr'>τὸ</span> <span class='ocrx_word' id='word_1_160' title='bbox 1424 2228 1528 2281; x_wconf 83' lang='grc' dir='ltr'>ἀπὸ</span> <span class='ocrx_word' id='word_1_161' title='bbox 1561 2231 1667 2281; x_wconf 79' lang='grc' dir='ltr'>τῶν</span> <span class='ocrx_word' id='word_1_162' title='bbox 1700 2227 1853 2302; x_wconf 68' lang='grc' dir='ltr'>στέρ-</span> 
     </span>
    </p>
   </div>
   <div class='ocr_carea' id='block_1_21' title="bbox 207 2313 1854 2391">
    <p class='ocr_par' dir='ltr' id='par_1_21' title="bbox 207 2313 1854 2391">
     <span class='ocr_line' id='line_1_21' title="bbox 207 2313 1854 2391; baseline 0.001 -24"><span class='ocrx_word' id='word_1_163' title='bbox 207 2339 302 2369; x_wconf 86' lang='grc' dir='ltr'>νων</span> <span class='ocrx_word' id='word_1_164' title='bbox 334 2315 423 2371; x_wconf 77' lang='grc' dir='ltr'>ἐπί</span> <span class='ocrx_word' id='word_1_165' title='bbox 461 2318 531 2371; x_wconf 74' lang='grc' dir='ltr'>τό.</span> <span class='ocrx_word' id='word_1_166' title='bbox 560 2321 725 2384; x_wconf 85' lang='grc' dir='ltr'>νῶτα,</span> <span class='ocrx_word' id='word_1_167' title='bbox 758 2316 793 2387; x_wconf 72' lang='grc' dir='ltr'><strong>ἢ</strong></span> <span class='ocrx_word' id='word_1_168' title='bbox 825 2318 886 2371; x_wconf 88' lang='lat'>:6</span> <span class='ocrx_word' id='word_1_169' title='bbox 931 2313 1191 2390; x_wconf 75' lang='grc' dir='ltr'>ἔμπαλιν.</span> <span class='ocrx_word' id='word_1_170' title='bbox 1225 2319 1331 2373; x_wconf 74' lang='grc' dir='ltr'>Πᾶν</span> <span class='ocrx_word' id='word_1_171' title='bbox 1391 2316 1417 2371; x_wconf 72' lang='grc' dir='ltr'><strong>ὶ</strong></span> <span class='ocrx_word' id='word_1_172' title='bbox 1461 2321 1615 2389; x_wconf 81' lang='grc' dir='ltr'>σῶμα</span> <span class='ocrx_word' id='word_1_173' title='bbox 1648 2315 1682 2384; x_wconf 74' lang='grc' dir='ltr'><strong>ἢ</strong></span> <span class='ocrx_word' id='word_1_174' title='bbox 1719 2314 1854 2391; x_wconf 69' lang='grc' dir='ltr'>βαρὺ</span> 
     </span>
    </p>
   </div>
   <div class='ocr_carea' id='block_1_22' title="bbox 210 2405 1855 2484">
    <p class='ocr_par' dir='ltr' id='par_1_22' title="bbox 210 2405 1855 2484">
     <span class='ocr_line' id='line_1_22' title="bbox 210 2405 1855 2484; baseline 0.001 -26"><span class='ocrx_word' id='word_1_175' title='bbox 210 2408 239 2474; x_wconf 75' lang='grc' dir='ltr'><strong>ἢ</strong></span> <span class='ocrx_word' id='word_1_176' title='bbox 293 2406 500 2484; x_wconf 71' lang='grc' dir='ltr'>κοῦφόν</span> <span class='ocrx_word' id='word_1_177' title='bbox 563 2405 692 2462; x_wconf 75' lang='grc' dir='ltr'>ἐστι.</span> <span class='ocrx_word' id='word_1_178' title='bbox 744 2405 839 2461; x_wconf 73' lang='grc' dir='ltr'>Καὶ</span> <span class='ocrx_word' id='word_1_179' title='bbox 890 2408 952 2460; x_wconf 88' lang='lat'>:6</span> <span class='ocrx_word' id='word_1_180' title='bbox 984 2407 1079 2479; x_wconf 76' lang='grc' dir='ltr'>μὲν</span> <span class='ocrx_word' id='word_1_181' title='bbox 1134 2405 1269 2482; x_wconf 76' lang='grc' dir='ltr'>βαρῦ</span> <span class='ocrx_word' id='word_1_182' title='bbox 1318 2407 1466 2461; x_wconf 78' lang='grc' dir='ltr'>κάτω</span> <span class='ocrx_word' id='word_1_183' title='bbox 1494 2406 1735 2483; x_wconf 64' lang='grc' dir='ltr'>φέρεται,</span> <span class='ocrx_word' id='word_1_184' title='bbox 1792 2406 1855 2459; x_wconf 84' lang='grc' dir='ltr'>τὸ</span> 
     </span>
    </p>
   </div>
   <div class='ocr_carea' id='block_1_23' title="bbox 209 2492 1856 2574">
    <p class='ocr_par' dir='ltr' id='par_1_23' title="bbox 209 2492 1856 2574">
     <span class='ocr_line' id='line_1_23' title="bbox 209 2492 1856 2574; baseline -0.001 -25"><span class='ocrx_word' id='word_1_185' title='bbox 209 2493 261 2549; x_wconf 76' lang='grc' dir='ltr'>ὂὶ</span> <span class='ocrx_word' id='word_1_186' title='bbox 286 2500 487 2574; x_wconf 70' lang='grc' dir='ltr'>κοῦφον</span> <span class='ocrx_word' id='word_1_187' title='bbox 521 2497 634 2551; x_wconf 82' lang='grc' dir='ltr'>ἄνω</span> <span class='ocrx_word' id='word_1_188' title='bbox 692 2493 931 2573; x_wconf 74' lang='grc' dir='ltr'>φέρεται.</span> <span class='ocrx_word' id='word_1_189' title='bbox 986 2496 1156 2553; x_wconf 87' lang='grc' dir='ltr'>Τόπο·</span> <span class='ocrx_word' id='word_1_190' title='bbox 1195 2492 1253 2550; x_wconf 69' lang='grc' dir='ltr'>δὲ</span> <span class='ocrx_word' id='word_1_191' title='bbox 1282 2500 1389 2549; x_wconf 83' lang='grc' dir='ltr'>τῶν</span> <span class='ocrx_word' id='word_1_192' title='bbox 1422 2494 1690 2568; x_wconf 82' lang='grc' dir='ltr'>σωμάτων</span> <span class='ocrx_word' id='word_1_193' title='bbox 1750 2498 1856 2547; x_wconf 81' lang='grc' dir='ltr'>τῶν</span> 
     </span>
    </p>
   </div>
   <div class='ocr_carea' id='block_1_24' title="bbox 212 2580 1855 2661">
    <p class='ocr_par' dir='ltr' id='par_1_24' title="bbox 212 2580 1855 2661">
     <span class='ocr_line' id='line_1_24' title="bbox 212 2580 1855 2661; baseline -0.002 -22"><span class='ocrx_word' id='word_1_194' title='bbox 212 2585 298 2655; x_wconf 71' lang='grc' dir='ltr'>μὲν</span> <span class='ocrx_word' id='word_1_195' title='bbox 355 2585 603 2661; x_wconf 67' lang='grc' dir='ltr'>κούφων,</span> <span class='ocrx_word' id='word_1_196' title='bbox 660 2586 688 2640; x_wconf 97' lang='lat'>6</span> <span class='ocrx_word' id='word_1_197' title='bbox 742 2584 852 2640; x_wconf 74' lang='grc' dir='ltr'>ἄνω</span> <span class='ocrx_word' id='word_1_198' title='bbox 907 2589 1003 2640; x_wconf 79' lang='lat'>:06</span> <span class='ocrx_word' id='word_1_199' title='bbox 1060 2584 1261 2647; x_wconf 84' lang='grc' dir='ltr'>παντὸς</span> <span class='ocrx_word' id='word_1_200' title='bbox 1308 2585 1501 2647; x_wconf 89' lang='grc' dir='ltr'>τόπος·</span> <span class='ocrx_word' id='word_1_201' title='bbox 1529 2588 1637 2639; x_wconf 81' lang='grc' dir='ltr'>τῶν</span> <span class='ocrx_word' id='word_1_202' title='bbox 1668 2580 1724 2637; x_wconf 73' lang='grc' dir='ltr'>δὲ</span> <span class='ocrx_word' id='word_1_203' title='bbox 1759 2584 1855 2659; x_wconf 89' lang='grc' dir='ltr'>βα-</span> 
     </span>
    </p>
   </div>
   <div class='ocr_carea' id='block_1_25' title="bbox 209 2670 1852 2753">
    <p class='ocr_par' dir='ltr' id='par_1_25' title="bbox 209 2670 1852 2753">
     <span class='ocr_line' id='line_1_25' title="bbox 209 2670 1852 2753; baseline -0.002 -24"><span class='ocrx_word' id='word_1_204' title='bbox 209 2674 333 2747; x_wconf 67' lang='grc' dir='ltr'>ρέων</span> <span class='ocrx_word' id='word_1_205' title='bbox 366 2676 395 2729; x_wconf 94' lang='lat'>6</span> <span class='ocrx_word' id='word_1_206' title='bbox 444 2676 616 2731; x_wconf 85' lang='grc' dir='ltr'>κάτω.</span> <span class='ocrx_word' id='word_1_207' title='bbox 676 2674 774 2730; x_wconf 74' lang='grc' dir='ltr'>Καί</span> <span class='ocrx_word' id='word_1_208' title='bbox 805 2670 1140 2753; x_wconf 72' lang='grc' dir='ltr'>κουφότατον</span> <span class='ocrx_word' id='word_1_209' title='bbox 1199 2674 1293 2748; x_wconf 80' lang='grc' dir='ltr'>μὶν</span> <span class='ocrx_word' id='word_1_210' title='bbox 1322 2675 1383 2729; x_wconf 88' lang='grc' dir='ltr'>τὸ</span> <span class='ocrx_word' id='word_1_211' title='bbox 1424 2678 1553 2748; x_wconf 69' lang='grc' dir='ltr'>πῦρ,</span> <span class='ocrx_word' id='word_1_212' title='bbox 1589 2673 1662 2735; x_wconf 82' lang='grc' dir='ltr'>ὡς</span> <span class='ocrx_word' id='word_1_213' title='bbox 1695 2678 1852 2726; x_wconf 80' lang='grc' dir='ltr'>πᾶσιν</span> 
     </span>
    </p>
   </div>
   <div class='ocr_carea' id='block_1_26' title="bbox 213 2761 1853 2839">
    <p class='ocr_par' dir='ltr' id='par_1_26' title="bbox 213 2761 1853 2839">
     <span class='ocr_line' id='line_1_26' title="bbox 213 2761 1853 2839; baseline -0.002 -21"><span class='ocrx_word' id='word_1_214' title='bbox 213 2762 564 2833; x_wconf 71' lang='grc' dir='ltr'>ἰπιπολάζον·</span> <span class='ocrx_word' id='word_1_215' title='bbox 644 2763 941 2839; x_wconf 79' lang='grc' dir='ltr'>βαρύτατον</span> <span class='ocrx_word' id='word_1_216' title='bbox 991 2761 1049 2818; x_wconf 73' lang='grc' dir='ltr'>δὶ</span> <span class='ocrx_word' id='word_1_217' title='bbox 1098 2770 1189 2838; x_wconf 80' lang='grc' dir='ltr'>γῆ,</span> <span class='ocrx_word' id='word_1_218' title='bbox 1236 2764 1311 2825; x_wconf 85' lang='grc' dir='ltr'>ὡς</span> <span class='ocrx_word' id='word_1_219' title='bbox 1368 2768 1497 2817; x_wconf 82' lang='grc' dir='ltr'>πᾶσι</span> <span class='ocrx_word' id='word_1_220' title='bbox 1557 2762 1853 2833; x_wconf 78' lang='grc' dir='ltr'>ὑποκείμε-</span> 
     </span>
    </p>
   </div>
   <div class='ocr_carea' id='block_1_27' title="bbox 206 2850 1851 2926">
    <p class='ocr_par' dir='ltr' id='par_1_27' title="bbox 206 2850 1851 2926">
     <span class='ocr_line' id='line_1_27' title="bbox 206 2850 1851 2926; baseline -0.001 -20"><span class='ocrx_word' id='word_1_221' title='bbox 206 2874 311 2909; x_wconf 86' lang='grc' dir='ltr'>νον.</span> <span class='ocrx_word' id='word_1_222' title='bbox 369 2860 482 2908; x_wconf 85' lang='grc' dir='ltr'>Πᾶν</span> <span class='ocrx_word' id='word_1_223' title='bbox 547 2850 604 2908; x_wconf 70' lang='lat' dir='ltr'>6‘s</span> <span class='ocrx_word' id='word_1_224' title='bbox 654 2858 833 2926; x_wconf 80' lang='grc' dir='ltr'>σῶμα,</span> <span class='ocrx_word' id='word_1_225' title='bbox 867 2853 919 2907; x_wconf 85' lang='grc' dir='ltr'>ἐν</span> <span class='ocrx_word' id='word_1_226' title='bbox 979 2854 1073 2926; x_wconf 75' lang='grc' dir='ltr'>μὲν</span> <span class='ocrx_word' id='word_1_227' title='bbox 1134 2858 1212 2925; x_wconf 75' lang='grc' dir='ltr'>τῷ</span> <span class='ocrx_word' id='word_1_228' title='bbox 1261 2851 1448 2924; x_wconf 77' lang='grc' dir='ltr'>οἰκείῳ</span> <span class='ocrx_word' id='word_1_229' title='bbox 1476 2852 1632 2923; x_wconf 86' lang='grc' dir='ltr'>τόπῳ</span> <span class='ocrx_word' id='word_1_230' title='bbox 1662 2852 1851 2919; x_wconf 72' lang='grc' dir='ltr'>ἑστὼς,</span> 
     </span>
    </p>
   </div>
   <div class='ocr_carea' id='block_1_28' title="bbox 207 2938 1851 3020">
    <p class='ocr_par' dir='ltr' id='par_1_28' title="bbox 207 2938 1851 3020">
     <span class='ocr_line' id='line_1_28' title="bbox 207 2938 1851 3020; baseline -0.001 -25"><span class='ocrx_word' id='word_1_231' title='bbox 207 2940 319 2997; x_wconf 70' lang='grc' dir='ltr'>οὗτε</span> <span class='ocrx_word' id='word_1_232' title='bbox 354 2942 493 3019; x_wconf 74' lang='grc' dir='ltr'>βαρὺ</span> <span class='ocrx_word' id='word_1_233' title='bbox 553 2939 677 2997; x_wconf 73' lang='grc' dir='ltr'>οὕτε</span> <span class='ocrx_word' id='word_1_234' title='bbox 727 2946 951 3020; x_wconf 71' lang='grc' dir='ltr'>κοῦφον·</span> <span class='ocrx_word' id='word_1_235' title='bbox 1008 2938 1096 2997; x_wconf 75' lang='grc' dir='ltr'>ὅτε</span> <span class='ocrx_word' id='word_1_236' title='bbox 1148 2939 1203 2996; x_wconf 75' lang='grc' dir='ltr'>δὶ</span> <span class='ocrx_word' id='word_1_237' title='bbox 1259 2942 1469 3015; x_wconf 78' lang='grc' dir='ltr'>ἀποστῇ</span> <span class='ocrx_word' id='word_1_238' title='bbox 1498 2946 1605 2995; x_wconf 81' lang='grc' dir='ltr'>τῶν</span> <span class='ocrx_word' id='word_1_239' title='bbox 1640 2939 1851 2995; x_wconf 62' lang='grc' dir='ltr'>οἴκείων</span> 
     </span>
    </p>
   </div>
   <div class='ocr_carea' id='block_1_29' title="bbox 204 3029 1852 3107">
    <p class='ocr_par' dir='ltr' id='par_1_29' title="bbox 204 3029 1852 3107">
     <span class='ocr_line' id='line_1_29' title="bbox 204 3029 1852 3107; baseline -0.001 -22"><span class='ocrx_word' id='word_1_240' title='bbox 204 3033 403 3103; x_wconf 85' lang='grc' dir='ltr'>τόπων,</span> <span class='ocrx_word' id='word_1_241' title='bbox 452 3033 540 3086; x_wconf 74' lang='grc' dir='ltr'>καὶ</span> <span class='ocrx_word' id='word_1_242' title='bbox 598 3030 789 3105; x_wconf 63' lang='grc' dir='ltr'>μέλλει</span> <span class='ocrx_word' id='word_1_243' title='bbox 820 3032 958 3107; x_wconf 78' lang='grc' dir='ltr'>πρὸς</span> <span class='ocrx_word' id='word_1_244' title='bbox 988 3030 1185 3093; x_wconf 69' lang='grc' dir='ltr'>αὐτοὺς</span> <span class='ocrx_word' id='word_1_245' title='bbox 1234 3031 1468 3099; x_wconf 72' lang='grc' dir='ltr'>ἀπιέναι,</span> <span class='ocrx_word' id='word_1_246' title='bbox 1527 3029 1650 3085; x_wconf 86' lang='grc' dir='ltr'>τότε</span> <span class='ocrx_word' id='word_1_247' title='bbox 1685 3031 1719 3100; x_wconf 71' lang='grc' dir='ltr'>ἢ</span> <span class='ocrx_word' id='word_1_248' title='bbox 1757 3030 1852 3106; x_wconf 87' lang='grc' dir='ltr'>βα-</span> 
     </span>
    </p>
   </div>
   <div class='ocr_carea' id='block_1_30' title="bbox 206 3119 988 3199">
    <p class='ocr_par' dir='ltr' id='par_1_30' title="bbox 206 3119 988 3199">
     <span class='ocr_line' id='line_1_30' title="bbox 206 3119 988 3199; baseline 0.004 -24"><span class='ocrx_word' id='word_1_249' title='bbox 206 3120 408 3193; x_wconf 74' lang='grc' dir='ltr'>ρύτητα</span> <span class='ocrx_word' id='word_1_250' title='bbox 438 3119 555 3197; x_wconf 64' lang='grc' dir='ltr'>ἔχει</span> <span class='ocrx_word' id='word_1_251' title='bbox 588 3122 624 3190; x_wconf 69' lang='grc' dir='ltr'><strong>ἢ</strong></span> <span class='ocrx_word' id='word_1_252' title='bbox 656 3121 988 3199; x_wconf 67' lang='grc' dir='ltr'>κουφότητα.</span> 
     </span>
    </p>
   </div>
   <div class='ocr_carea' id='block_1_31' title="bbox 717 3225 1335 3304">
    <p class='ocr_par' dir='ltr' id='par_1_31' title="bbox 717 3225 1335 3304">
     <span class='ocr_line' id='line_1_31' title="bbox 717 3225 1335 3304; baseline -0.006 -19"><span class='ocrx_word' id='word_1_253' title='bbox 717 3230 816 3299; x_wconf 81' lang='grc' dir='ltr'>ξη’.</span> <span class='ocrx_word' id='word_1_254' title='bbox 846 3227 975 3304; x_wconf 84' lang='grc' dir='ltr'>Περὶ</span> <span class='ocrx_word' id='word_1_255' title='bbox 1007 3225 1311 3303; x_wconf 77' lang='grc' dir='ltr'>ἐλαχίστων</span> <span class='ocrx_word' id='word_1_256' title='bbox 1324 3267 1335 3281; x_wconf 94' lang='grc'>.</span> 
     </span>
    </p>
   </div>
   <div class='ocr_carea' id='block_1_32' title="bbox 266 3313 1851 3395">
    <p class='ocr_par' dir='ltr' id='par_1_32' title="bbox 266 3313 1851 3395">
     <span class='ocr_line' id='line_1_32' title="bbox 266 3313 1851 3395; baseline -0.003 -22"><span class='ocrx_word' id='word_1_257' title='bbox 266 3315 572 3393; x_wconf 80' lang='grc' dir='ltr'>Ἐλάχιστα</span> <span class='ocrx_word' id='word_1_258' title='bbox 624 3318 779 3392; x_wconf 76' lang='grc' dir='ltr'>φασὶν</span> <span class='ocrx_word' id='word_1_259' title='bbox 840 3318 890 3371; x_wconf 73' lang='grc' dir='ltr'>οἱ</span> <span class='ocrx_word' id='word_1_260' title='bbox 951 3314 1245 3395; x_wconf 74' lang='grc' dir='ltr'>φιλόσοφοι</span> <span class='ocrx_word' id='word_1_261' title='bbox 1297 3313 1546 3386; x_wconf 85' lang='grc' dir='ltr'>σωμάτιά</span> <span class='ocrx_word' id='word_1_262' title='bbox 1600 3336 1722 3369; x_wconf 87' lang='grc' dir='ltr'>τινα</span> <span class='ocrx_word' id='word_1_263' title='bbox 1780 3315 1851 3369; x_wconf 85' lang='grc' dir='ltr'>ὧν</span> 
     </span>
    </p>
   </div>
   <div class='ocr_carea' id='block_1_33' title="bbox 201 3404 1852 3483">
    <p class='ocr_par' dir='ltr' id='par_1_33' title="bbox 201 3404 1852 3483">
     <span class='ocr_line' id='line_1_33' title="bbox 201 3404 1852 3483; baseline -0.002 -21"><span class='ocrx_word' id='word_1_264' title='bbox 201 3407 294 3462; x_wconf 70' lang='grc' dir='ltr'>οὔκ</span> <span class='ocrx_word' id='word_1_265' title='bbox 336 3404 481 3462; x_wconf 82' lang='grc' dir='ltr'>ἔστιν</span> <span class='ocrx_word' id='word_1_266' title='bbox 530 3406 692 3483; x_wconf 69' lang='grc' dir='ltr'>ἕτερα</span> <span class='ocrx_word' id='word_1_267' title='bbox 740 3405 1240 3483; x_wconf 78' lang='grc' dir='ltr'>σμικρομερέστερα</span> <span class='ocrx_word' id='word_1_268' title='bbox 1270 3450 1283 3463; x_wconf 94' lang='grc'>.</span> <span class='ocrx_word' id='word_1_269' title='bbox 1354 3405 1453 3462; x_wconf 74' lang='grc' dir='ltr'>Καὶ</span> <span class='ocrx_word' id='word_1_270' title='bbox 1513 3404 1852 3467; x_wconf 78' lang='grc' dir='ltr'>ὑποτίθενται</span> 
     </span>
    </p>
   </div>
   <div class='ocr_carea' id='block_1_34' title="bbox 200 3490 1852 3572">
    <p class='ocr_par' dir='ltr' id='par_1_34' title="bbox 200 3490 1852 3572">
     <span class='ocr_line' id='line_1_34' title="bbox 200 3490 1852 3572; baseline -0.002 -22"><span class='ocrx_word' id='word_1_271' title='bbox 200 3496 375 3572; x_wconf 75' lang='grc' dir='ltr'>ἀμερῆ</span> <span class='ocrx_word' id='word_1_272' title='bbox 437 3518 556 3551; x_wconf 82' lang='grc' dir='ltr'>τινα</span> <span class='ocrx_word' id='word_1_273' title='bbox 596 3495 721 3565; x_wconf 74' lang='grc' dir='ltr'>ἤτοι</span> <span class='ocrx_word' id='word_1_274' title='bbox 782 3502 1127 3571; x_wconf 79' lang='grc' dir='ltr'>σμικρομερῆ</span> <span class='ocrx_word' id='word_1_275' title='bbox 1181 3494 1268 3550; x_wconf 76' lang='grc' dir='ltr'>καὶ</span> <span class='ocrx_word' id='word_1_276' title='bbox 1328 3492 1517 3569; x_wconf 78' lang='grc' dir='ltr'>ἄογκα,</span> <span class='ocrx_word' id='word_1_277' title='bbox 1568 3490 1691 3562; x_wconf 72' lang='grc' dir='ltr'>ἤτοι</span> <span class='ocrx_word' id='word_1_278' title='bbox 1726 3515 1852 3566; x_wconf 76' lang='grc' dir='ltr'>σμι-</span> 
     </span>
    </p>
   </div>
   <div class='ocr_carea' id='block_1_35' title="bbox 201 3580 1856 3660">
    <p class='ocr_par' dir='ltr' id='par_1_35' title="bbox 201 3580 1856 3660">
     <span class='ocr_line' id='line_1_35' title="bbox 201 3580 1856 3660; baseline -0.002 -21"><span class='ocrx_word' id='word_1_279' title='bbox 201 3586 537 3659; x_wconf 79' lang='grc' dir='ltr'>κρομεγὲθη,</span> <span class='ocrx_word' id='word_1_280' title='bbox 597 3584 773 3660; x_wconf 79' lang='grc' dir='ltr'>ἀρχάς</span> <span class='ocrx_word' id='word_1_281' title='bbox 828 3590 935 3639; x_wconf 78' lang='grc' dir='ltr'>τῶν</span> <span class='ocrx_word' id='word_1_282' title='bbox 993 3581 1181 3639; x_wconf 70' lang='grc' dir='ltr'>ὄντῶνο</span> <span class='ocrx_word' id='word_1_283' title='bbox 1245 3584 1418 3658; x_wconf 73' lang='grc' dir='ltr'>ἀρχάς</span> <span class='ocrx_word' id='word_1_284' title='bbox 1465 3580 1522 3637; x_wconf 67' lang='grc' dir='ltr'>δὲ</span> <span class='ocrx_word' id='word_1_285' title='bbox 1553 3582 1613 3637; x_wconf 72' lang='grc' dir='ltr'>οὖ</span> <span class='ocrx_word' id='word_1_286' title='bbox 1645 3604 1856 3649; x_wconf 78' lang='grc' dir='ltr'>ποιητι-</span> 
     </span>
    </p>
   </div>
   <div class='ocr_carea' id='block_1_36' title="bbox 200 3672 1853 3749">
    <p class='ocr_par' dir='ltr' id='par_1_36' title="bbox 200 3672 1853 3749">
     <span class='ocr_line' id='line_1_36' title="bbox 200 3672 1853 3749; baseline -0.001 -21"><span class='ocrx_word' id='word_1_287' title='bbox 200 3677 312 3745; x_wconf 80' lang='grc' dir='ltr'>κάς,</span> <span class='ocrx_word' id='word_1_288' title='bbox 368 3672 497 3729; x_wconf 78' lang='grc' dir='ltr'>ἀλλ’</span> <span class='ocrx_word' id='word_1_289' title='bbox 560 3672 774 3736; x_wconf 76' lang='grc' dir='ltr'>ὑλικὰς.</span> <span class='ocrx_word' id='word_1_290' title='bbox 834 3676 1059 3749; x_wconf 71' lang='grc' dir='ltr'>Λέγεται</span> <span class='ocrx_word' id='word_1_291' title='bbox 1116 3672 1279 3729; x_wconf 86' lang='grc' dir='ltr'>πάλιν</span> <span class='ocrx_word' id='word_1_292' title='bbox 1344 3672 1631 3747; x_wconf 82' lang='grc' dir='ltr'>ἐλάχιστον</span> <span class='ocrx_word' id='word_1_293' title='bbox 1689 3672 1853 3747; x_wconf 76' lang='grc' dir='ltr'>ἐτὲρῳ</span> 
     </span>
    </p>
   </div>
   <div class='ocr_carea' id='block_1_37' title="bbox 203 3760 1855 3839">
    <p class='ocr_par' dir='ltr' id='par_1_37' title="bbox 203 3760 1855 3839">
     <span class='ocr_line' id='line_1_37' title="bbox 203 3760 1855 3839; baseline -0.001 -23"><span class='ocrx_word' id='word_1_294' title='bbox 203 3764 376 3837; x_wconf 67' lang='grc' dir='ltr'>Λόγῳ,</span> <span class='ocrx_word' id='word_1_295' title='bbox 434 3767 555 3818; x_wconf 83' lang='grc' dir='ltr'>οἷον</span> <span class='ocrx_word' id='word_1_296' title='bbox 608 3763 962 3835; x_wconf 79' lang='grc' dir='ltr'>ἀριθμητικοὶ</span> <span class='ocrx_word' id='word_1_297' title='bbox 1024 3762 1276 3839; x_wconf 67' lang='grc' dir='ltr'>λέγουσιν</span> <span class='ocrx_word' id='word_1_298' title='bbox 1337 3760 1609 3837; x_wconf 81' lang='grc' dir='ltr'>ἀριθμοὺς</span> <span class='ocrx_word' id='word_1_299' title='bbox 1656 3760 1855 3816; x_wconf 80' lang='grc' dir='ltr'>διπλα-</span> 
     </span>
    </p>
   </div>
   <div class='ocr_carea' id='block_1_38' title="bbox 198 3848 1855 3927">
    <p class='ocr_par' dir='ltr' id='par_1_38' title="bbox 198 3848 1855 3927">
     <span class='ocr_line' id='line_1_38' title="bbox 198 3848 1855 3927; baseline -0.001 -22"><span class='ocrx_word' id='word_1_300' title='bbox 198 3853 345 3915; x_wconf 75' lang='grc' dir='ltr'>σίους</span> <span class='ocrx_word' id='word_1_301' title='bbox 395 3852 483 3907; x_wconf 78' lang='grc' dir='ltr'>καί</span> <span class='ocrx_word' id='word_1_302' title='bbox 516 3851 870 3927; x_wconf 77' lang='grc' dir='ltr'>τριπλασίους</span> <span class='ocrx_word' id='word_1_303' title='bbox 920 3854 1011 3907; x_wconf 84' lang='grc' dir='ltr'>καὶ</span> <span class='ocrx_word' id='word_1_304' title='bbox 1042 3853 1257 3927; x_wconf 79' lang='grc' dir='ltr'>ἒτὲρους</span> <span class='ocrx_word' id='word_1_305' title='bbox 1284 3851 1587 3918; x_wconf 78' lang='grc' dir='ltr'>τοιούτους,</span> <span class='ocrx_word' id='word_1_306' title='bbox 1622 3854 1737 3905; x_wconf 80' lang='grc' dir='ltr'>οἷον</span> <span class='ocrx_word' id='word_1_307' title='bbox 1774 3848 1855 3904; x_wconf 85' lang='grc' dir='ltr'>δι-</span> 
     </span>
    </p>
   </div>
   <div class='ocr_carea' id='block_1_39' title="bbox 202 3938 1852 4017">
    <p class='ocr_par' dir='ltr' id='par_1_39' title="bbox 202 3938 1852 4017">
     <span class='ocr_line' id='line_1_39' title="bbox 202 3938 1852 4017; baseline -0.001 -24"><span class='ocrx_word' id='word_1_308' title='bbox 202 3940 457 4011; x_wconf 80' lang='grc' dir='ltr'>πλάσιος,</span> <span class='ocrx_word' id='word_1_309' title='bbox 490 3938 659 4017; x_wconf 82' lang='grc' dir='ltr'>λόγου</span> <span class='ocrx_word' id='word_1_310' title='bbox 691 3946 876 4017; x_wconf 81' lang='grc' dir='ltr'>χάριν,</span> <span class='ocrx_word' id='word_1_311' title='bbox 933 3943 960 3995; x_wconf 90' lang='lat'>6</span> <span class='ocrx_word' id='word_1_312' title='bbox 1019 3940 1161 3996; x_wconf 84' lang='grc' dir='ltr'>ὀκτὼ</span> <span class='ocrx_word' id='word_1_313' title='bbox 1210 3944 1307 3995; x_wconf 84' lang='lat'>:06</span> <span class='ocrx_word' id='word_1_314' title='bbox 1332 3941 1583 4013; x_wconf 67' lang='grc' dir='ltr'>τέσσαρα,</span> <span class='ocrx_word' id='word_1_315' title='bbox 1626 3938 1713 3993; x_wconf 85' lang='grc' dir='ltr'>καὶ</span> <span class='ocrx_word' id='word_1_316' title='bbox 1746 3943 1852 3993; x_wconf 81' lang='grc' dir='ltr'>τῶν</span> 
     </span>
    </p>
   </div>
   <div class='ocr_carea' id='block_1_40' title="bbox 202 4024 1853 4105">
    <p class='ocr_par' dir='ltr' id='par_1_40' title="bbox 202 4024 1853 4105">
     <span class='ocr_line' id='line_1_40' title="bbox 202 4024 1853 4105; baseline -0.001 -22"><span class='ocrx_word' id='word_1_317' title='bbox 202 4026 294 4083; x_wconf 61' lang='grc' dir='ltr'>δύο</span> <span class='ocrx_word' id='word_1_318' title='bbox 354 4031 383 4084; x_wconf 88' lang='lat'>6</span> <span class='ocrx_word' id='word_1_319' title='bbox 436 4029 689 4105; x_wconf 70' lang='grc' dir='ltr'>τέσσαρα,</span> <span class='ocrx_word' id='word_1_320' title='bbox 722 4029 810 4084; x_wconf 83' lang='grc' dir='ltr'>καὶ</span> <span class='ocrx_word' id='word_1_321' title='bbox 842 4034 937 4084; x_wconf 89' lang='lat'>:06</span> <span class='ocrx_word' id='word_1_322' title='bbox 995 4030 1111 4091; x_wconf 74' lang='grc' dir='ltr'>ἑνὸς</span> <span class='ocrx_word' id='word_1_323' title='bbox 1146 4030 1172 4084; x_wconf 93' lang='lat'>6</span> <span class='ocrx_word' id='word_1_324' title='bbox 1204 4025 1327 4097; x_wconf 82' lang='grc' dir='ltr'>δύο,</span> <span class='ocrx_word' id='word_1_325' title='bbox 1378 4032 1471 4082; x_wconf 84' lang='lat'>:06</span> <span class='ocrx_word' id='word_1_326' title='bbox 1502 4025 1558 4082; x_wconf 79' lang='grc' dir='ltr'>δὲ</span> <span class='ocrx_word' id='word_1_327' title='bbox 1590 4024 1685 4081; x_wconf 69' lang='grc' dir='ltr'>δύο</span> <span class='ocrx_word' id='word_1_328' title='bbox 1716 4026 1853 4103; x_wconf 85' lang='grc' dir='ltr'>πρὸς</span> 
     </span>
    </p>
   </div>
   <div class='ocr_carea' id='block_1_41' title="bbox 199 4113 1851 4193">
    <p class='ocr_par' dir='ltr' id='par_1_41' title="bbox 199 4113 1851 4193">
     <span class='ocr_line' id='line_1_41' title="bbox 199 4113 1851 4193; baseline 0 -21"><span class='ocrx_word' id='word_1_329' title='bbox 199 4121 259 4172; x_wconf 82' lang='lat'>:6</span> <span class='ocrx_word' id='word_1_330' title='bbox 308 4116 364 4173; x_wconf 70' lang='grc' dir='ltr'>’ἐν</span> <span class='ocrx_word' id='word_1_331' title='bbox 398 4116 692 4173; x_wconf 75' lang='grc' dir='ltr'>διπλασίου</span> <span class='ocrx_word' id='word_1_332' title='bbox 742 4118 916 4193; x_wconf 86' lang='grc' dir='ltr'>λόγου</span> <span class='ocrx_word' id='word_1_333' title='bbox 946 4118 1046 4174; x_wconf 81' lang='grc' dir='ltr'>οὐκ</span> <span class='ocrx_word' id='word_1_334' title='bbox 1077 4117 1185 4173; x_wconf 80' lang='grc' dir='ltr'>ἔστι</span> <span class='ocrx_word' id='word_1_335' title='bbox 1240 4114 1623 4191; x_wconf 66' lang='grc' dir='ltr'>ὑποδεέστερος</span> <span class='ocrx_word' id='word_1_336' title='bbox 1651 4113 1851 4193; x_wconf 72' lang='grc' dir='ltr'>ἕτερος.</span> 
     </span>
    </p>
   </div>
   <div class='ocr_carea' id='block_1_42' title="bbox 193 4202 1854 4283">
    <p class='ocr_par' dir='ltr' id='par_1_42' title="bbox 193 4202 1854 4283">
     <span class='ocr_line' id='line_1_42' title="bbox 193 4202 1854 4283; baseline -0.003 -19"><span class='ocrx_word' id='word_1_337' title='bbox 193 4205 533 4283; x_wconf 72' lang='grc' dir='ltr'>Ἐλάχιστος</span> <span class='ocrx_word' id='word_1_338' title='bbox 578 4208 668 4261; x_wconf 77' lang='grc' dir='ltr'>οὖν</span> <span class='ocrx_word' id='word_1_339' title='bbox 717 4205 1041 4276; x_wconf 81' lang='grc' dir='ltr'>διπλάσιος,</span> <span class='ocrx_word' id='word_1_340' title='bbox 1098 4209 1125 4262; x_wconf 88' lang='grc' dir='ltr'>ὁ</span> <span class='ocrx_word' id='word_1_341' title='bbox 1186 4204 1281 4261; x_wconf 67' lang='grc' dir='ltr'>δύο</span> <span class='ocrx_word' id='word_1_342' title='bbox 1329 4206 1464 4283; x_wconf 75' lang='grc' dir='ltr'>πρὸς</span> <span class='ocrx_word' id='word_1_343' title='bbox 1511 4206 1572 4260; x_wconf 89' lang='grc' dir='ltr'>τὸ</span> <span class='ocrx_word' id='word_1_344' title='bbox 1620 4202 1673 4259; x_wconf 75' lang='grc' dir='ltr'>ἓν</span> <span class='ocrx_word' id='word_1_345' title='bbox 1703 4225 1714 4237; x_wconf 81' lang='lat'>&#39;</span> <span class='ocrx_word' id='word_1_346' title='bbox 1765 4205 1854 4260; x_wconf 84' lang='grc' dir='ltr'>καὶ</span> 
     </span>
    </p>
   </div>
   <div class='ocr_carea' id='block_1_43' title="bbox 204 4293 1853 4373">
    <p class='ocr_par' dir='ltr' id='par_1_43' title="bbox 204 4293 1853 4373">
     <span class='ocr_line' id='line_1_43' title="bbox 204 4293 1853 4373; baseline -0.001 -23"><span class='ocrx_word' id='word_1_347' title='bbox 204 4295 498 4373; x_wconf 70' lang='grc' dir='ltr'>ἐλάχιστος</span> <span class='ocrx_word' id='word_1_348' title='bbox 558 4294 904 4371; x_wconf 77' lang='grc' dir='ltr'>τριπλάσιος,</span> <span class='ocrx_word' id='word_1_349' title='bbox 966 4298 991 4352; x_wconf 89' lang='lat'>6</span> <span class='ocrx_word' id='word_1_350' title='bbox 1050 4296 1172 4372; x_wconf 73' lang='grc' dir='ltr'>τρία</span> <span class='ocrx_word' id='word_1_351' title='bbox 1223 4296 1361 4372; x_wconf 89' lang='grc' dir='ltr'>πρὸς</span> <span class='ocrx_word' id='word_1_352' title='bbox 1414 4296 1475 4350; x_wconf 88' lang='grc' dir='ltr'>τὸ</span> <span class='ocrx_word' id='word_1_353' title='bbox 1519 4294 1597 4351; x_wconf 78' lang='grc' dir='ltr'>ἓν.</span> <span class='ocrx_word' id='word_1_354' title='bbox 1632 4293 1853 4371; x_wconf 64' lang='grc' dir='ltr'>Λέγεται</span> 
     </span>
    </p>
   </div>
   <div class='ocr_carea' id='block_1_44' title="bbox 197 4382 1856 4461">
    <p class='ocr_par' dir='ltr' id='par_1_44' title="bbox 197 4382 1856 4461">
     <span class='ocr_line' id='line_1_44' title="bbox 197 4382 1856 4461; baseline -0.001 -22"><span class='ocrx_word' id='word_1_355' title='bbox 197 4385 493 4461; x_wconf 76' lang='grc' dir='ltr'>ἐλάχιστον</span> <span class='ocrx_word' id='word_1_356' title='bbox 540 4386 627 4441; x_wconf 81' lang='grc' dir='ltr'>καὶ</span> <span class='ocrx_word' id='word_1_357' title='bbox 683 4386 745 4441; x_wconf 75' lang='grc' dir='ltr'>τὸ</span> <span class='ocrx_word' id='word_1_358' title='bbox 799 4387 915 4441; x_wconf 80' lang='grc' dir='ltr'>κατ’</span> <span class='ocrx_word' id='word_1_359' title='bbox 974 4384 1291 4459; x_wconf 81' lang='grc' dir='ltr'>εὐτελισμὸν</span> <span class='ocrx_word' id='word_1_360' title='bbox 1348 4382 1660 4459; x_wconf 81' lang='grc' dir='ltr'>γενόμενον,</span> <span class='ocrx_word' id='word_1_361' title='bbox 1713 4383 1856 4440; x_wconf 80' lang='grc' dir='ltr'>ἀλλά</span> 
     </span>
    </p>
   </div>
   <div class='ocr_carea' id='block_1_45' title="bbox 193 4471 1852 4554">
    <p class='ocr_par' dir='ltr' id='par_1_45' title="bbox 193 4471 1852 4554">
     <span class='ocr_line' id='line_1_45' title="bbox 193 4471 1852 4554; baseline -0.001 -25"><span class='ocrx_word' id='word_1_362' title='bbox 193 4476 396 4551; x_wconf 64' lang='lat' dir='ltr'>mpii»:</span> <span class='ocrx_word' id='word_1_363' title='bbox 457 4474 750 4551; x_wconf 79' lang='grc' dir='ltr'>ἐλάχιστον</span> <span class='ocrx_word' id='word_1_364' title='bbox 806 4476 944 4530; x_wconf 84' lang='grc' dir='ltr'>κατά</span> <span class='ocrx_word' id='word_1_365' title='bbox 1000 4472 1363 4554; x_wconf 73' lang='grc' dir='ltr'>φιλοσόφους,</span> <span class='ocrx_word' id='word_1_366' title='bbox 1403 4474 1467 4530; x_wconf 82' lang='grc' dir='ltr'>τὸ</span> <span class='ocrx_word' id='word_1_367' title='bbox 1513 4471 1852 4549; x_wconf 67' lang='grc' dir='ltr'>βραχῦτατον</span> 
     </span>
    </p>
   </div>
   <div class='ocr_carea' id='block_1_46' title="bbox 198 4564 851 4637">
    <p class='ocr_par' dir='ltr' id='par_1_46' title="bbox 198 4564 851 4637">
     <span class='ocr_line' id='line_1_46' title="bbox 198 4564 851 4637; baseline 0 -19"><span class='ocrx_word' id='word_1_368' title='bbox 198 4565 475 4637; x_wconf 72' lang='grc' dir='ltr'>σωμάτιον</span> <span class='ocrx_word' id='word_1_369' title='bbox 506 4564 851 4636; x_wconf 71' lang='grc' dir='ltr'>ὀνομάζεταιο</span> 
     </span>
    </p>
   </div>
   <div class='ocr_carea' id='block_1_47' title="bbox 592 4758 1456 4840">
    <p class='ocr_par' dir='ltr' id='par_1_47' title="bbox 592 4758 1456 4840">
     <span class='ocr_line' id='line_1_47' title="bbox 592 4758 1456 4840; baseline -0.002 -25"><span class='ocrx_word' id='word_1_370' title='bbox 592 4762 683 4831; x_wconf 79' lang='grc' dir='ltr'>ξο’.</span> <span class='ocrx_word' id='word_1_371' title='bbox 732 4761 862 4836; x_wconf 83' lang='grc' dir='ltr'>Περὶ</span> <span class='ocrx_word' id='word_1_372' title='bbox 895 4758 1153 4840; x_wconf 69' lang='grc' dir='ltr'>διαφοράς</span> <span class='ocrx_word' id='word_1_373' title='bbox 1185 4762 1456 4835; x_wconf 86' lang='grc' dir='ltr'>γνώσεως.</span> 
     </span>
    </p>
   </div>
   <div class='ocr_carea' id='block_1_48' title="bbox 257 4849 1845 4926">
    <p class='ocr_par' dir='ltr' id='par_1_48' title="bbox 257 4849 1845 4926">
     <span class='ocr_line' id='line_1_48' title="bbox 257 4849 1845 4926; baseline -0.003 -20"><span class='ocrx_word' id='word_1_374' title='bbox 257 4852 466 4926; x_wconf 82' lang='grc' dir='ltr'>Πρώτη</span> <span class='ocrx_word' id='word_1_375' title='bbox 522 4850 633 4905; x_wconf 78' lang='grc' dir='ltr'>ἐστὶ</span> <span class='ocrx_word' id='word_1_376' title='bbox 677 4851 767 4905; x_wconf 84' lang='grc' dir='ltr'>καὶ</span> <span class='ocrx_word' id='word_1_377' title='bbox 804 4849 1117 4924; x_wconf 65' lang='grc' dir='ltr'>ὑψηλοτέρα</span> <span class='ocrx_word' id='word_1_378' title='bbox 1145 4854 1252 4904; x_wconf 79' lang='grc' dir='ltr'>τῶν</span> <span class='ocrx_word' id='word_1_379' title='bbox 1281 4850 1530 4924; x_wconf 84' lang='grc' dir='ltr'>γνώσεων</span> <span class='ocrx_word' id='word_1_380' title='bbox 1560 4851 1779 4903; x_wconf 81' lang='grc' dir='ltr'>ἀπασῶν</span> <span class='ocrx_word' id='word_1_381' title='bbox 1811 4851 1845 4918; x_wconf 79' lang='grc' dir='ltr'><strong>ἡ</strong></span> 
     </span>
    </p>
   </div>
   <div class='ocr_carea' id='block_1_49' title="bbox 183 4938 1845 5014">
    <p class='ocr_par' dir='ltr' id='par_1_49' title="bbox 183 4938 1845 5014">
     <span class='ocr_line' id='line_1_49' title="bbox 183 4938 1845 5014; baseline -0.001 -19"><span class='ocrx_word' id='word_1_382' title='bbox 183 4940 280 5010; x_wconf 80' lang='grc' dir='ltr'>τῆς</span> <span class='ocrx_word' id='word_1_383' title='bbox 331 4940 623 5014; x_wconf 80' lang='grc' dir='ltr'>προνοίας,</span> <span class='ocrx_word' id='word_1_384' title='bbox 655 4940 779 5008; x_wconf 71' lang='grc' dir='ltr'>ἥτις</span> <span class='ocrx_word' id='word_1_385' title='bbox 808 4939 949 4994; x_wconf 83' lang='grc' dir='ltr'>ἐστὶν</span> <span class='ocrx_word' id='word_1_386' title='bbox 986 4938 1217 5014; x_wconf 70' lang='grc' dir='ltr'>ἐνέργειά</span> <span class='ocrx_word' id='word_1_387' title='bbox 1241 4943 1337 4993; x_wconf 89' lang='lat'>:06</span> <span class='ocrx_word' id='word_1_388' title='bbox 1370 4943 1523 4995; x_wconf 76' lang='grc' dir='ltr'>Θεοῦ.</span> <span class='ocrx_word' id='word_1_389' title='bbox 1555 4940 1616 4995; x_wconf 71' lang='grc' dir='ltr'>Ὀ</span> <span class='ocrx_word' id='word_1_390' title='bbox 1669 4939 1845 4993; x_wconf 77' lang='grc' dir='ltr'>τοίνυν</span> 
     </span>
    </p>
   </div>
   <div class='ocr_carea' id='block_1_50' title="bbox 182 5024 1845 5103">
    <p class='ocr_par' dir='ltr' id='par_1_50' title="bbox 182 5024 1845 5103">
     <span class='ocr_line' id='line_1_50' title="bbox 182 5024 1845 5103; baseline -0.002 -20"><span class='ocrx_word' id='word_1_391' title='bbox 182 5030 314 5091; x_wconf 81' lang='grc' dir='ltr'>Θεὸς</span> <span class='ocrx_word' id='word_1_392' title='bbox 361 5030 499 5103; x_wconf 63' lang='grc' dir='ltr'>ὑπὲρ</span> <span class='ocrx_word' id='word_1_393' title='bbox 546 5030 817 5083; x_wconf 73' lang='grc' dir='ltr'>πάντατά</span> <span class='ocrx_word' id='word_1_394' title='bbox 874 5024 1001 5083; x_wconf 80' lang='grc' dir='ltr'>ὄντα</span> <span class='ocrx_word' id='word_1_395' title='bbox 1057 5028 1147 5082; x_wconf 85' lang='grc' dir='ltr'>καὶ</span> <span class='ocrx_word' id='word_1_396' title='bbox 1197 5028 1325 5102; x_wconf 70' lang='grc' dir='ltr'>ὑπὲρ</span> <span class='ocrx_word' id='word_1_397' title='bbox 1384 5027 1541 5081; x_wconf 80' lang='grc' dir='ltr'>αὐτὸν</span> <span class='ocrx_word' id='word_1_398' title='bbox 1601 5028 1692 5081; x_wconf 83' lang='grc' dir='ltr'>τὸν</span> <span class='ocrx_word' id='word_1_399' title='bbox 1724 5026 1845 5081; x_wconf 77' lang='grc' dir='ltr'>νοῦν</span> 
     </span>
    </p>
   </div>
   <div class='ocr_carea' id='block_1_51' title="bbox 179 5115 1848 5194">
    <p class='ocr_par' dir='ltr' id='par_1_51' title="bbox 179 5115 1848 5194">
     <span class='ocr_line' id='line_1_51' title="bbox 179 5115 1848 5194; baseline -0.001 -23"><span class='ocrx_word' id='word_1_400' title='bbox 179 5116 328 5194; x_wconf 78' lang='grc' dir='ltr'>ἔχων</span> <span class='ocrx_word' id='word_1_401' title='bbox 382 5120 484 5187; x_wconf 75' lang='grc' dir='ltr'>τήν</span> <span class='ocrx_word' id='word_1_402' title='bbox 545 5116 797 5191; x_wconf 68' lang='grc' dir='ltr'>δύναμιν,</span> <span class='ocrx_word' id='word_1_403' title='bbox 846 5119 935 5173; x_wconf 83' lang='grc' dir='ltr'>καὶ</span> <span class='ocrx_word' id='word_1_404' title='bbox 994 5117 1198 5191; x_wconf 79' lang='grc' dir='ltr'>κυρίως</span> <span class='ocrx_word' id='word_1_405' title='bbox 1252 5115 1306 5172; x_wconf 76' lang='grc' dir='ltr'>ἓν</span> <span class='ocrx_word' id='word_1_406' title='bbox 1371 5118 1658 5193; x_wconf 84' lang='grc' dir='ltr'>ὑπάρχων,</span> <span class='ocrx_word' id='word_1_407' title='bbox 1700 5116 1848 5189; x_wconf 85' lang='grc' dir='ltr'>αὐτῷ</span> 
     </span>
    </p>
   </div>
   <div class='ocr_carea' id='block_1_52' title="bbox 177 5204 1849 5282">
    <p class='ocr_par' dir='ltr' id='par_1_52' title="bbox 177 5204 1849 5282">
     <span class='ocr_line' id='line_1_52' title="bbox 177 5204 1849 5282; baseline -0.001 -20"><span class='ocrx_word' id='word_1_408' title='bbox 177 5204 350 5279; x_wconf 74' lang='grc' dir='ltr'>δὶτῷ</span> <span class='ocrx_word' id='word_1_409' title='bbox 385 5206 464 5261; x_wconf 61' lang='grc' dir='ltr'>ἑνὶ</span> <span class='ocrx_word' id='word_1_410' title='bbox 517 5208 671 5280; x_wconf 81' lang='grc' dir='ltr'>μόνῳ</span> <span class='ocrx_word' id='word_1_411' title='bbox 729 5213 986 5282; x_wconf 80' lang='grc' dir='ltr'>προνοεῖν</span> <span class='ocrx_word' id='word_1_412' title='bbox 1049 5206 1263 5282; x_wconf 70' lang='grc' dir='ltr'>λέγεται</span> <span class='ocrx_word' id='word_1_413' title='bbox 1324 5204 1560 5261; x_wconf 72' lang='grc' dir='ltr'>πάντων.</span> <span class='ocrx_word' id='word_1_414' title='bbox 1621 5207 1849 5282; x_wconf 79' lang='grc' dir='ltr'>Δευτὲρα</span> 
     </span>
    </p>
   </div>
   <div class='ocr_carea' id='block_1_53' title="bbox 177 5294 1847 5373">
    <p class='ocr_par' dir='ltr' id='par_1_53' title="bbox 177 5294 1847 5373">
     <span class='ocr_line' id='line_1_53' title="bbox 177 5294 1847 5373; baseline 0 -24"><span class='ocrx_word' id='word_1_415' title='bbox 177 5294 235 5351; x_wconf 71' lang='grc' dir='ltr'>εὶ</span> <span class='ocrx_word' id='word_1_416' title='bbox 266 5297 387 5351; x_wconf 70' lang='grc' dir='ltr'>ἐστὶ</span> <span class='ocrx_word' id='word_1_417' title='bbox 437 5302 638 5371; x_wconf 79' lang='grc' dir='ltr'>γνῶσις</span> <span class='ocrx_word' id='word_1_418' title='bbox 688 5300 723 5365; x_wconf 74' lang='grc' dir='ltr'>ἡ</span> <span class='ocrx_word' id='word_1_419' title='bbox 778 5298 937 5373; x_wconf 84' lang='grc' dir='ltr'>νοερὰ</span> <span class='ocrx_word' id='word_1_420' title='bbox 968 5296 1133 5351; x_wconf 76' lang='grc' dir='ltr'>αὐτοῦ</span> <span class='ocrx_word' id='word_1_421' title='bbox 1162 5301 1257 5351; x_wconf 88' lang='lat'>:06</span> <span class='ocrx_word' id='word_1_422' title='bbox 1284 5294 1565 5357; x_wconf 84' lang='grc' dir='ltr'>παντελῶς</span> <span class='ocrx_word' id='word_1_423' title='bbox 1594 5300 1689 5350; x_wconf 80' lang='grc' dir='ltr'>τοῦ</span> <span class='ocrx_word' id='word_1_424' title='bbox 1734 5294 1847 5351; x_wconf 89' lang='grc' dir='ltr'>ὁλι-</span> 
     </span>
    </p>
   </div>
   <div class='ocr_carea' id='block_1_54' title="bbox 172 5383 1844 5461">
    <p class='ocr_par' dir='ltr' id='par_1_54' title="bbox 172 5383 1844 5461">
     <span class='ocr_line' id='line_1_54' title="bbox 172 5383 1844 5461; baseline 0 -23"><span class='ocrx_word' id='word_1_425' title='bbox 172 5390 283 5447; x_wconf 75' lang='grc' dir='ltr'>κῶς</span> <span class='ocrx_word' id='word_1_426' title='bbox 340 5386 413 5440; x_wconf 74' lang='grc' dir='ltr'>τά</span> <span class='ocrx_word' id='word_1_427' title='bbox 442 5383 617 5439; x_wconf 65' lang='grc' dir='ltr'>πάντα</span> <span class='ocrx_word' id='word_1_428' title='bbox 642 5391 921 5448; x_wconf 81' lang='grc' dir='ltr'>νοοῦττος.</span> <span class='ocrx_word' id='word_1_429' title='bbox 975 5387 1147 5461; x_wconf 83' lang='grc' dir='ltr'>Τρίτη</span> <span class='ocrx_word' id='word_1_430' title='bbox 1215 5386 1328 5455; x_wconf 85' lang='grc' dir='ltr'>μετ’</span> <span class='ocrx_word' id='word_1_431' title='bbox 1385 5386 1552 5453; x_wconf 75' lang='grc' dir='ltr'>αὐτὴν</span> <span class='ocrx_word' id='word_1_432' title='bbox 1585 5390 1779 5461; x_wconf 79' lang='grc' dir='ltr'>γνῶσις</span> <span class='ocrx_word' id='word_1_433' title='bbox 1810 5388 1844 5456; x_wconf 76' lang='grc' dir='ltr'>ἡ</span> 
     </span>
    </p>
   </div>
   <div class='ocr_carea' id='block_1_55' title="bbox 170 5471 1845 5551">
    <p class='ocr_par' dir='ltr' id='par_1_55' title="bbox 170 5471 1845 5551">
     <span class='ocr_line' id='line_1_55' title="bbox 170 5471 1845 5551; baseline 0.001 -23"><span class='ocrx_word' id='word_1_434' title='bbox 170 5480 270 5541; x_wconf 75' lang='grc' dir='ltr'>τῆς</span> <span class='ocrx_word' id='word_1_435' title='bbox 315 5475 555 5549; x_wconf 71' lang='grc' dir='ltr'>λογικῆς</span> <span class='ocrx_word' id='word_1_436' title='bbox 587 5478 746 5546; x_wconf 77' lang='grc' dir='ltr'>ἡμῶν</span> <span class='ocrx_word' id='word_1_437' title='bbox 797 5479 1004 5551; x_wconf 76' lang='grc' dir='ltr'>ψυχῆς,</span> <span class='ocrx_word' id='word_1_438' title='bbox 1051 5474 1173 5543; x_wconf 73' lang='grc' dir='ltr'>ἥτις</span> <span class='ocrx_word' id='word_1_439' title='bbox 1206 5471 1492 5549; x_wconf 73' lang='grc' dir='ltr'>διαιρεῖται</span> <span class='ocrx_word' id='word_1_440' title='bbox 1554 5474 1629 5535; x_wconf 84' lang='grc' dir='ltr'>εἷς</span> <span class='ocrx_word' id='word_1_441' title='bbox 1692 5471 1845 5545; x_wconf 81' lang='grc' dir='ltr'>δόξαν</span> 
     </span>
    </p>
   </div>
   <div class='ocr_carea' id='block_1_56' title="bbox 170 5561 1843 5637">
    <p class='ocr_par' dir='ltr' id='par_1_56' title="bbox 170 5561 1843 5637">
     <span class='ocr_line' id='line_1_56' title="bbox 170 5561 1843 5637; baseline 0.001 -20"><span class='ocrx_word' id='word_1_442' title='bbox 170 5563 259 5617; x_wconf 73' lang='grc' dir='ltr'>καὶ</span> <span class='ocrx_word' id='word_1_443' title='bbox 328 5562 669 5636; x_wconf 68' lang='grc' dir='ltr'>ἐπιστήμην.</span> <span class='ocrx_word' id='word_1_444' title='bbox 730 5562 889 5619; x_wconf 76' lang='grc' dir='ltr'>Ἀλλ’</span> <span class='ocrx_word' id='word_1_445' title='bbox 948 5567 982 5634; x_wconf 79' lang='grc' dir='ltr'><strong>ἡ</strong></span> <span class='ocrx_word' id='word_1_446' title='bbox 1042 5564 1135 5637; x_wconf 76' lang='grc' dir='ltr'>μὶν</span> <span class='ocrx_word' id='word_1_447' title='bbox 1169 5561 1295 5634; x_wconf 80' lang='grc' dir='ltr'>δόξα</span> <span class='ocrx_word' id='word_1_448' title='bbox 1350 5568 1456 5619; x_wconf 79' lang='grc' dir='ltr'>τῶν</span> <span class='ocrx_word' id='word_1_449' title='bbox 1502 5563 1843 5636; x_wconf 71' lang='grc' dir='ltr'>κινουμένων</span> 
     </span>
    </p>
   </div>
   <div class='ocr_carea' id='block_1_57' title="bbox 166 5648 1845 5726">
    <p class='ocr_par' dir='ltr' id='par_1_57' title="bbox 166 5648 1845 5726">
     <span class='ocr_line' id='line_1_57' title="bbox 166 5648 1845 5726; baseline -0.001 -17"><span class='ocrx_word' id='word_1_450' title='bbox 166 5654 279 5709; x_wconf 79' lang='grc' dir='ltr'>ἐστὶ</span> <span class='ocrx_word' id='word_1_451' title='bbox 344 5657 577 5726; x_wconf 81' lang='grc' dir='ltr'>γνῶσις,</span> <span class='ocrx_word' id='word_1_452' title='bbox 633 5651 759 5722; x_wconf 73' lang='grc' dir='ltr'>ἤτοι</span> <span class='ocrx_word' id='word_1_453' title='bbox 815 5658 920 5708; x_wconf 80' lang='grc' dir='ltr'>τῶν</span> <span class='ocrx_word' id='word_1_454' title='bbox 993 5648 1580 5726; x_wconf 75' lang='grc' dir='ltr'>μεταϐαλλομένων,ἠ</span> <span class='ocrx_word' id='word_1_455' title='bbox 1645 5650 1845 5707; x_wconf 57' lang='lat'>6361::-</span> 
     </span>
    </p>
   </div>
   <div class='ocr_carea' id='block_1_58' title="bbox 158 5741 1842 5818">
    <p class='ocr_par' dir='ltr' id='par_1_58' title="bbox 158 5741 1842 5818">
     <span class='ocr_line' id='line_1_58' title="bbox 158 5741 1842 5818; baseline 0.002 -25"><span class='ocrx_word' id='word_1_456' title='bbox 158 5742 391 5814; x_wconf 70' lang='grc' dir='ltr'>στήμη,</span> <span class='ocrx_word' id='word_1_457' title='bbox 436 5746 544 5797; x_wconf 81' lang='grc' dir='ltr'>τῶν</span> <span class='ocrx_word' id='word_1_458' title='bbox 604 5742 905 5816; x_wconf 74' lang='grc' dir='ltr'>ἀκινήτων,</span> <span class='ocrx_word' id='word_1_459' title='bbox 940 5746 1075 5816; x_wconf 79' lang='grc' dir='ltr'>οἷον,</span> <span class='ocrx_word' id='word_1_460' title='bbox 1124 5746 1311 5818; x_wconf 74' lang='grc' dir='ltr'>ψυχῆς</span> <span class='ocrx_word' id='word_1_461' title='bbox 1364 5743 1454 5797; x_wconf 82' lang='grc' dir='ltr'>καὶ</span> <span class='ocrx_word' id='word_1_462' title='bbox 1486 5746 1581 5797; x_wconf 81' lang='grc' dir='ltr'>νοῦ</span> <span class='ocrx_word' id='word_1_463' title='bbox 1612 5741 1842 5799; x_wconf 78' lang='grc' dir='ltr'>καὶτῶν</span> 
     </span>
    </p>
   </div>
   <div class='ocr_carea' id='block_1_59' title="bbox 1382 400 2441 461">
    <p class='ocr_par' dir='ltr' id='par_1_59' title="bbox 1382 400 2441 461">
     <span class='ocr_line' id='line_1_59' title="bbox 1382 400 2441 461; baseline -0.003 1"><span class='ocrx_word' id='word_1_464' title='bbox 1382 401 1484 461; x_wconf 86' lang='lat' dir='ltr'><strong>DE</strong></span> <span class='ocrx_word' id='word_1_465' title='bbox 1528 400 1969 461; x_wconf 77' lang='lat' dir='ltr'>OMNIFARIA</span> <span class='ocrx_word' id='word_1_466' title='bbox 2014 400 2292 459; x_wconf 68' lang='lat' dir='ltr'>DOCTR’</span> <span class='ocrx_word' id='word_1_467' title='bbox 2312 401 2441 459; x_wconf 91' lang='lat' dir='ltr'>NA.</span> 
     </span>
    </p>
   </div>
   <div class='ocr_carea' id='block_1_60' title="bbox 1884 536 1938 601">
    <p class='ocr_par' dir='ltr' id='par_1_60' title="bbox 1884 536 1938 601">
     <span class='ocr_line' id='line_1_60' title="bbox 1884 536 1938 601; baseline 0 0"><span class='ocrx_word' id='word_1_468' title='bbox 1884 536 1938 601; x_wconf 84' lang='lat' dir='ltr'><strong>A</strong></span> 
     </span>
    </p>
   </div>
   <div class='ocr_carea' id='block_1_61' title="bbox 3504 409 3621 468">
    <p class='ocr_par' dir='ltr' id='par_1_61' title="bbox 3504 409 3621 468">
     <span class='ocr_line' id='line_1_61' title="bbox 3504 409 3621 468; baseline 0.009 -1"><span class='ocrx_word' id='word_1_469' title='bbox 3504 409 3621 468; x_wconf 88' lang='grc'>730</span> 
     </span>
    </p>
   </div>
   <div class='ocr_carea' id='block_1_62' title="bbox 2265 534 3317 608">
    <p class='ocr_par' dir='ltr' id='par_1_62' title="bbox 2265 534 3317 608">
     <span class='ocr_line' id='line_1_62' title="bbox 2265 534 3317 608; baseline 0.005 -21"><span class='ocrx_word' id='word_1_470' title='bbox 2265 534 2353 587; x_wconf 89' lang='lat'>66.</span> <span class='ocrx_word' id='word_1_471' title='bbox 2386 534 2461 589; x_wconf 84' lang='lat' dir='ltr'>De</span> <span class='ocrx_word' id='word_1_472' title='bbox 2488 535 2844 604; x_wconf 76' lang='lat' dir='ltr'>generatione</span> <span class='ocrx_word' id='word_1_473' title='bbox 2869 540 2920 591; x_wconf 79' lang='lat' dir='ltr'>et</span> <span class='ocrx_word' id='word_1_474' title='bbox 2950 538 3317 608; x_wconf 77' lang='lat' dir='ltr'>corruptione.</span> 
     </span>
    </p>
   </div>
   <div class='ocr_carea' id='block_1_63' title="bbox 2041 621 3620 687">
    <p class='ocr_par' dir='ltr' id='par_1_63' title="bbox 2041 621 3620 687">
     <span class='ocr_line' id='line_1_63' title="bbox 2041 621 3620 687; baseline 0.006 -11"><span class='ocrx_word' id='word_1_475' title='bbox 2041 621 2348 678; x_wconf 85' lang='lat' dir='ltr'>Generatio</span> <span class='ocrx_word' id='word_1_476' title='bbox 2380 622 2597 677; x_wconf 88' lang='lat' dir='ltr'>dicitur</span> <span class='ocrx_word' id='word_1_477' title='bbox 2629 625 2877 679; x_wconf 88' lang='lat' dir='ltr'>mutatio</span> <span class='ocrx_word' id='word_1_478' title='bbox 2911 642 2941 679; x_wconf 90' lang='lat' dir='ltr'>a</span> <span class='ocrx_word' id='word_1_479' title='bbox 2974 643 3087 681; x_wconf 91' lang='lat' dir='ltr'>non</span> <span class='ocrx_word' id='word_1_480' title='bbox 3118 643 3247 682; x_wconf 87' lang='lat' dir='ltr'>esse</span> <span class='ocrx_word' id='word_1_481' title='bbox 3279 627 3347 683; x_wconf 86' lang='lat' dir='ltr'>ad</span> <span class='ocrx_word' id='word_1_482' title='bbox 3383 644 3509 685; x_wconf 83' lang='lat' dir='ltr'>esse</span> <span class='ocrx_word' id='word_1_483' title='bbox 3530 648 3541 684; x_wconf 92' lang='lat'>:</span> <span class='ocrx_word' id='word_1_484' title='bbox 3562 634 3620 687; x_wconf 85' lang='lat' dir='ltr'>et</span> 
     </span>
    </p>
   </div>
   <div class='ocr_carea' id='block_1_64' title="bbox 1968 712 3620 789">
    <p class='ocr_par' dir='ltr' id='par_1_64' title="bbox 1968 712 3620 789">
     <span class='ocr_line' id='line_1_64' title="bbox 1968 712 3620 789; baseline 0.007 -26"><span class='ocrx_word' id='word_1_485' title='bbox 1968 715 2106 764; x_wconf 88' lang='lat' dir='ltr'>sunt</span> <span class='ocrx_word' id='word_1_486' title='bbox 2164 712 2261 782; x_wconf 87' lang='lat' dir='ltr'>qui</span> <span class='ocrx_word' id='word_1_487' title='bbox 2314 713 2747 782; x_wconf 86' lang='lat' dir='ltr'>generationem</span> <span class='ocrx_word' id='word_1_488' title='bbox 2800 713 2975 769; x_wconf 88' lang='lat' dir='ltr'>etiam</span> <span class='ocrx_word' id='word_1_489' title='bbox 3028 720 3253 770; x_wconf 91' lang='lat' dir='ltr'>motum</span> <span class='ocrx_word' id='word_1_490' title='bbox 3303 717 3620 789; x_wconf 86' lang='lat' dir='ltr'>appellant,</span> 
     </span>
    </p>
   </div>
   <div class='ocr_carea' id='block_1_65' title="bbox 1968 801 3616 876">
    <p class='ocr_par' dir='ltr' id='par_1_65' title="bbox 1968 801 3616 876">
     <span class='ocr_line' id='line_1_65' title="bbox 1968 801 3616 876; baseline 0.007 -23"><span class='ocrx_word' id='word_1_491' title='bbox 1968 815 2084 869; x_wconf 86' lang='lat' dir='ltr'>quo</span> <span class='ocrx_word' id='word_1_492' title='bbox 2114 816 2293 855; x_wconf 88' lang='lat' dir='ltr'>sensu</span> <span class='ocrx_word' id='word_1_493' title='bbox 2344 801 2631 855; x_wconf 84' lang='lat' dir='ltr'>mundum</span> <span class='ocrx_word' id='word_1_494' title='bbox 2682 805 3065 873; x_wconf 87' lang='lat' dir='ltr'>generationi,</span> <span class='ocrx_word' id='word_1_495' title='bbox 3116 805 3225 860; x_wconf 88' lang='lat' dir='ltr'>hoc</span> <span class='ocrx_word' id='word_1_496' title='bbox 3273 811 3361 862; x_wconf 87' lang='lat' dir='ltr'>est</span> <span class='ocrx_word' id='word_1_497' title='bbox 3411 809 3616 876; x_wconf 82' lang='lat' dir='ltr'>motui,</span> 
     </span>
    </p>
   </div>
   <div class='ocr_carea' id='block_1_66' title="bbox 1969 887 3620 961">
    <p class='ocr_par' dir='ltr' id='par_1_66' title="bbox 1969 887 3620 961">
     <span class='ocr_line' id='line_1_66' title="bbox 1969 887 3620 961; baseline 0.007 -20"><span class='ocrx_word' id='word_1_498' title='bbox 1969 887 2136 942; x_wconf 88' lang='lat' dir='ltr'>aiunt</span> <span class='ocrx_word' id='word_1_499' title='bbox 2165 905 2291 944; x_wconf 85' lang='lat' dir='ltr'>esse</span> <span class='ocrx_word' id='word_1_500' title='bbox 2324 889 2664 944; x_wconf 84' lang='lat' dir='ltr'>obnoxium.</span> <span class='ocrx_word' id='word_1_501' title='bbox 2688 893 2991 961; x_wconf 77' lang='lat' dir='ltr'>Corruptio</span> <span class='ocrx_word' id='word_1_502' title='bbox 3024 899 3225 948; x_wconf 86' lang='lat' dir='ltr'>contra</span> <span class='ocrx_word' id='word_1_503' title='bbox 3255 901 3343 951; x_wconf 88' lang='lat' dir='ltr'>est</span> <span class='ocrx_word' id='word_1_504' title='bbox 3376 897 3620 952; x_wconf 83' lang='lat' dir='ltr'>mutatio</span> 
     </span>
    </p>
   </div>
   <div class='ocr_carea' id='block_1_67' title="bbox 1967 977 3617 1054">
    <p class='ocr_par' dir='ltr' id='par_1_67' title="bbox 1967 977 3617 1054">
     <span class='ocr_line' id='line_1_67' title="bbox 1967 977 3617 1054; baseline 0.007 -23"><span class='ocrx_word' id='word_1_505' title='bbox 1967 977 2039 1031; x_wconf 88' lang='lat' dir='ltr'>ab</span> <span class='ocrx_word' id='word_1_506' title='bbox 2071 994 2199 1033; x_wconf 87' lang='lat' dir='ltr'>esse</span> <span class='ocrx_word' id='word_1_507' title='bbox 2230 978 2301 1032; x_wconf 78' lang='lat' dir='ltr'>ad</span> <span class='ocrx_word' id='word_1_508' title='bbox 2351 996 2463 1032; x_wconf 91' lang='lat' dir='ltr'>non</span> <span class='ocrx_word' id='word_1_509' title='bbox 2516 996 2664 1034; x_wconf 79' lang='lat' dir='ltr'>esse.</span> <span class='ocrx_word' id='word_1_510' title='bbox 2723 979 3014 1051; x_wconf 87' lang='lat' dir='ltr'>Quidquid</span> <span class='ocrx_word' id='word_1_511' title='bbox 3070 983 3269 1054; x_wconf 88' lang='lat' dir='ltr'>igitur,</span> <span class='ocrx_word' id='word_1_512' title='bbox 3323 1002 3455 1040; x_wconf 91' lang='lat' dir='ltr'>cum</span> <span class='ocrx_word' id='word_1_513' title='bbox 3503 1004 3617 1041; x_wconf 90' lang='lat' dir='ltr'>non</span> 
     </span>
    </p>
   </div>
   <div class='ocr_carea' id='block_1_68' title="bbox 1967 1067 3624 1143">
    <p class='ocr_par' dir='ltr' id='par_1_68' title="bbox 1967 1067 3624 1143">
     <span class='ocr_line' id='line_1_68' title="bbox 1967 1067 3624 1143; baseline 0.006 -23"><span class='ocrx_word' id='word_1_514' title='bbox 1967 1072 2122 1121; x_wconf 88' lang='lat' dir='ltr'>esset</span> <span class='ocrx_word' id='word_1_515' title='bbox 2153 1067 2301 1134; x_wconf 78' lang='lat' dir='ltr'>fit,et</span> <span class='ocrx_word' id='word_1_516' title='bbox 2332 1084 2464 1122; x_wconf 89' lang='lat' dir='ltr'>cum</span> <span class='ocrx_word' id='word_1_517' title='bbox 2500 1067 2711 1123; x_wconf 85' lang='lat' dir='ltr'>existat</span> <span class='ocrx_word' id='word_1_518' title='bbox 2743 1070 3153 1141; x_wconf 77' lang='lat' dir='ltr'>corrumpitur,</span> <span class='ocrx_word' id='word_1_519' title='bbox 3175 1075 3536 1143; x_wconf 88' lang='lat' dir='ltr'>generationi</span> <span class='ocrx_word' id='word_1_520' title='bbox 3567 1081 3624 1130; x_wconf 91' lang='lat' dir='ltr'>et</span> 
     </span>
    </p>
   </div>
   <div class='ocr_carea' id='block_1_69' title="bbox 1966 1156 3607 1227">
    <p class='ocr_par' dir='ltr' id='par_1_69' title="bbox 1966 1156 3607 1227">
     <span class='ocr_line' id='line_1_69' title="bbox 1966 1156 3607 1227; baseline 0.005 -19"><span class='ocrx_word' id='word_1_521' title='bbox 1966 1156 2326 1226; x_wconf 87' lang='lat' dir='ltr'>corruptioni</span> <span class='ocrx_word' id='word_1_522' title='bbox 2360 1157 2575 1211; x_wconf 89' lang='lat' dir='ltr'>dicitur</span> <span class='ocrx_word' id='word_1_523' title='bbox 2607 1158 2932 1227; x_wconf 86' lang='lat' dir='ltr'>subjacere.</span> <span class='ocrx_word' id='word_1_524' title='bbox 2969 1160 3046 1214; x_wconf 78' lang='lat' dir='ltr'><strong>Ex</strong></span> <span class='ocrx_word' id='word_1_525' title='bbox 3076 1167 3276 1217; x_wconf 85' lang='lat' dir='ltr'>nostra</span> <span class='ocrx_word' id='word_1_526' title='bbox 3306 1164 3449 1218; x_wconf 89' lang='lat' dir='ltr'>adeo</span> <span class='ocrx_word' id='word_1_527' title='bbox 3483 1180 3607 1219; x_wconf 85' lang='lat' dir='ltr'>sen-</span> 
     </span>
    </p>
   </div>
   <div class='ocr_carea' id='block_1_70' title="bbox 1965 1244 3620 1321">
    <p class='ocr_par' dir='ltr' id='par_1_70' title="bbox 1965 1244 3620 1321">
     <span class='ocr_line' id='line_1_70' title="bbox 1965 1244 3620 1321; baseline 0.006 -24"><span class='ocrx_word' id='word_1_528' title='bbox 1965 1244 2147 1298; x_wconf 88' lang='lat' dir='ltr'>tentia</span> <span class='ocrx_word' id='word_1_529' title='bbox 2197 1246 2267 1299; x_wconf 91' lang='lat' dir='ltr'>ad</span> <span class='ocrx_word' id='word_1_530' title='bbox 2303 1247 2591 1301; x_wconf 88' lang='lat' dir='ltr'>mundum</span> <span class='ocrx_word' id='word_1_531' title='bbox 2624 1246 2799 1301; x_wconf 91' lang='lat' dir='ltr'>etiam</span> <span class='ocrx_word' id='word_1_532' title='bbox 2834 1250 3131 1318; x_wconf 82' lang='lat' dir='ltr'>generatio</span> <span class='ocrx_word' id='word_1_533' title='bbox 3164 1250 3415 1321; x_wconf 88' lang='lat' dir='ltr'>pertinet</span> <span class='ocrx_word' id='word_1_534' title='bbox 3448 1268 3460 1305; x_wconf 88' lang='lat'>:</span> <span class='ocrx_word' id='word_1_535' title='bbox 3494 1257 3620 1307; x_wconf 86' lang='lat' dir='ltr'>erat</span> 
     </span>
    </p>
   </div>
   <div class='ocr_carea' id='block_1_71' title="bbox 1965 1332 3617 1407">
    <p class='ocr_par' dir='ltr' id='par_1_71' title="bbox 1965 1332 3617 1407">
     <span class='ocr_line' id='line_1_71' title="bbox 1965 1332 3617 1407; baseline 0.007 -22"><span class='ocrx_word' id='word_1_536' title='bbox 1965 1332 2122 1387; x_wconf 89' lang='lat' dir='ltr'>enim</span> <span class='ocrx_word' id='word_1_537' title='bbox 2154 1335 2389 1404; x_wconf 85' lang='lat' dir='ltr'>quando</span> <span class='ocrx_word' id='word_1_538' title='bbox 2425 1351 2532 1390; x_wconf 91' lang='lat' dir='ltr'>non</span> <span class='ocrx_word' id='word_1_539' title='bbox 2582 1340 2724 1403; x_wconf 90' lang='lat' dir='ltr'>erat,</span> <span class='ocrx_word' id='word_1_540' title='bbox 2776 1340 2833 1389; x_wconf 89' lang='lat' dir='ltr'>ct</span> <span class='ocrx_word' id='word_1_541' title='bbox 2878 1337 2987 1391; x_wconf 88' lang='lat' dir='ltr'>erit</span> <span class='ocrx_word' id='word_1_542' title='bbox 3038 1338 3269 1407; x_wconf 83' lang='lat' dir='ltr'>quando</span> <span class='ocrx_word' id='word_1_543' title='bbox 3320 1356 3435 1394; x_wconf 88' lang='lat' dir='ltr'>non</span> <span class='ocrx_word' id='word_1_544' title='bbox 3486 1340 3617 1396; x_wconf 90' lang='lat' dir='ltr'>erit.</span> 
     </span>
    </p>
   </div>
   <div class='ocr_carea' id='block_1_72' title="bbox 1964 1424 3620 1501">
    <p class='ocr_par' dir='ltr' id='par_1_72' title="bbox 1964 1424 3620 1501">
     <span class='ocr_line' id='line_1_72' title="bbox 1964 1424 3620 1501; baseline 0.005 -26"><span class='ocrx_word' id='word_1_545' title='bbox 1964 1424 2243 1477; x_wconf 60' lang='lat' dir='ltr'>Ceterum</span> <span class='ocrx_word' id='word_1_546' title='bbox 2278 1425 2675 1495; x_wconf 85' lang='lat' dir='ltr'>augmentatio</span> <span class='ocrx_word' id='word_1_547' title='bbox 2707 1425 2945 1496; x_wconf 85' lang='lat' dir='ltr'>quidem</span> <span class='ocrx_word' id='word_1_548' title='bbox 2980 1443 3044 1481; x_wconf 90' lang='lat' dir='ltr'>ac</span> <span class='ocrx_word' id='word_1_549' title='bbox 3080 1428 3328 1482; x_wconf 82' lang='lat' dir='ltr'>mutatio</span> <span class='ocrx_word' id='word_1_550' title='bbox 3359 1432 3415 1483; x_wconf 90' lang='lat' dir='ltr'>et</span> <span class='ocrx_word' id='word_1_551' title='bbox 3437 1429 3620 1501; x_wconf 87' lang='lat' dir='ltr'>agita-</span> 
     </span>
    </p>
   </div>
   <div class='ocr_carea' id='block_1_73' title="bbox 1965 1510 3614 1590">
    <p class='ocr_par' dir='ltr' id='par_1_73' title="bbox 1965 1510 3614 1590">
     <span class='ocr_line' id='line_1_73' title="bbox 1965 1510 3614 1590; baseline 0.005 -23"><span class='ocrx_word' id='word_1_552' title='bbox 1965 1510 2047 1567; x_wconf 87' lang='lat' dir='ltr'>tio</span> <span class='ocrx_word' id='word_1_553' title='bbox 2072 1512 2217 1565; x_wconf 87' lang='lat' dir='ltr'>etde</span> <span class='ocrx_word' id='word_1_554' title='bbox 2242 1511 2368 1567; x_wconf 89' lang='lat' dir='ltr'>loco</span> <span class='ocrx_word' id='word_1_555' title='bbox 2392 1513 2448 1567; x_wconf 91' lang='lat' dir='ltr'>in</span> <span class='ocrx_word' id='word_1_556' title='bbox 2477 1513 2666 1568; x_wconf 88' lang='lat' dir='ltr'>locum</span> <span class='ocrx_word' id='word_1_557' title='bbox 2693 1514 3002 1570; x_wconf 83' lang='lat' dir='ltr'>translatio</span> <span class='ocrx_word' id='word_1_558' title='bbox 3026 1520 3219 1571; x_wconf 91' lang='lat' dir='ltr'>motus</span> <span class='ocrx_word' id='word_1_559' title='bbox 3243 1522 3403 1587; x_wconf 88' lang='lat' dir='ltr'>sunt,</span> <span class='ocrx_word' id='word_1_560' title='bbox 3438 1535 3614 1590; x_wconf 86' lang='lat' dir='ltr'>gone-</span> 
     </span>
    </p>
   </div>
   <div class='ocr_carea' id='block_1_74' title="bbox 1966 1599 3616 1676">
    <p class='ocr_par' dir='ltr' id='par_1_74' title="bbox 1966 1599 3616 1676">
     <span class='ocr_line' id='line_1_74' title="bbox 1966 1599 3616 1676; baseline 0.005 -22"><span class='ocrx_word' id='word_1_561' title='bbox 1966 1599 2112 1654; x_wconf 85' lang='lat' dir='ltr'>ratio</span> <span class='ocrx_word' id='word_1_562' title='bbox 2138 1604 2331 1655; x_wconf 88' lang='lat' dir='ltr'>autem</span> <span class='ocrx_word' id='word_1_563' title='bbox 2358 1605 2413 1655; x_wconf 83' lang='lat' dir='ltr'>et</span> <span class='ocrx_word' id='word_1_564' title='bbox 2434 1603 2730 1673; x_wconf 85' lang='lat' dir='ltr'>corruptio</span> <span class='ocrx_word' id='word_1_565' title='bbox 2755 1620 2869 1658; x_wconf 90' lang='lat' dir='ltr'>non</span> <span class='ocrx_word' id='word_1_566' title='bbox 2895 1608 3031 1659; x_wconf 89' lang='lat' dir='ltr'>sunt</span> <span class='ocrx_word' id='word_1_567' title='bbox 3063 1610 3283 1676; x_wconf 87' lang='lat' dir='ltr'>motus,</span> <span class='ocrx_word' id='word_1_568' title='bbox 3317 1608 3616 1663; x_wconf 89' lang='lat' dir='ltr'>continen-</span> 
     </span>
    </p>
   </div>
   <div class='ocr_carea' id='block_1_75' title="bbox 1968 1689 3614 1768">
    <p class='ocr_par' dir='ltr' id='par_1_75' title="bbox 1968 1689 3614 1768">
     <span class='ocr_line' id='line_1_75' title="bbox 1968 1689 3614 1768; baseline 0.005 -25"><span class='ocrx_word' id='word_1_569' title='bbox 1968 1692 2055 1743; x_wconf 89' lang='lat' dir='ltr'>ter</span> <span class='ocrx_word' id='word_1_570' title='bbox 2083 1689 2239 1743; x_wconf 90' lang='lat' dir='ltr'>enim</span> <span class='ocrx_word' id='word_1_571' title='bbox 2274 1706 2340 1745; x_wconf 84' lang='lat' dir='ltr'>ac</span> <span class='ocrx_word' id='word_1_572' title='bbox 2371 1689 2546 1745; x_wconf 90' lang='lat' dir='ltr'>simul</span> <span class='ocrx_word' id='word_1_573' title='bbox 2582 1691 2647 1746; x_wconf 84' lang='lat' dir='ltr'>fit</span> <span class='ocrx_word' id='word_1_574' title='bbox 2678 1693 2830 1763; x_wconf 83' lang='lat' dir='ltr'>quod</span> <span class='ocrx_word' id='word_1_575' title='bbox 2861 1693 3007 1763; x_wconf 81' lang='lat' dir='ltr'>iit,et</span> <span class='ocrx_word' id='word_1_576' title='bbox 3030 1696 3430 1767; x_wconf 87' lang='lat' dir='ltr'>corrumpitur</span> <span class='ocrx_word' id='word_1_577' title='bbox 3462 1698 3614 1768; x_wconf 89' lang='lat' dir='ltr'>quod</span> 
     </span>
    </p>
   </div>
   <div class='ocr_carea' id='block_1_76' title="bbox 1968 1779 2385 1851">
    <p class='ocr_par' dir='ltr' id='par_1_76' title="bbox 1968 1779 2385 1851">
     <span class='ocr_line' id='line_1_76' title="bbox 1968 1779 2385 1851; baseline 0.002 -19"><span class='ocrx_word' id='word_1_578' title='bbox 1968 1779 2385 1851; x_wconf 89' lang='lat' dir='ltr'>corrumpitur.</span> 
     </span>
    </p>
   </div>
   <div class='ocr_carea' id='block_1_77' title="bbox 2510 1872 3075 1938">
    <p class='ocr_par' dir='ltr' id='par_1_77' title="bbox 2510 1872 3075 1938">
     <span class='ocr_line' id='line_1_77' title="bbox 2510 1872 3075 1938; baseline 0.002 -14"><span class='ocrx_word' id='word_1_579' title='bbox 2510 1872 2599 1924; x_wconf 89' lang='lat'>67.</span> <span class='ocrx_word' id='word_1_580' title='bbox 2639 1872 2709 1925; x_wconf 85' lang='lat' dir='ltr'>De</span> <span class='ocrx_word' id='word_1_581' title='bbox 2736 1872 3075 1938; x_wconf 72' lang='lat' dir='ltr'>corporibus.</span> 
     </span>
    </p>
   </div>
   <div class='ocr_carea' id='block_1_78' title="bbox 2037 1960 3621 2034">
    <p class='ocr_par' dir='ltr' id='par_1_78' title="bbox 2037 1960 3621 2034">
     <span class='ocr_line' id='line_1_78' title="bbox 2037 1960 3621 2034; baseline 0.005 -23"><span class='ocrx_word' id='word_1_582' title='bbox 2037 1961 2257 2029; x_wconf 85' lang='lat' dir='ltr'>Corpus</span> <span class='ocrx_word' id='word_1_583' title='bbox 2289 1962 2377 2013; x_wconf 86' lang='lat' dir='ltr'>est</span> <span class='ocrx_word' id='word_1_584' title='bbox 2422 1961 2576 2030; x_wconf 89' lang='lat' dir='ltr'>quod</span> <span class='ocrx_word' id='word_1_585' title='bbox 2627 1960 2803 2015; x_wconf 86' lang='lat' dir='ltr'>habet</span> <span class='ocrx_word' id='word_1_586' title='bbox 2852 1960 3244 2031; x_wconf 87' lang='lat' dir='ltr'>latitudinem,</span> <span class='ocrx_word' id='word_1_587' title='bbox 3298 1961 3621 2034; x_wconf 83' lang='lat' dir='ltr'>longitudi-</span> 
     </span>
    </p>
   </div>
   <div class='ocr_carea' id='block_1_79' title="bbox 1967 2049 3619 2121">
    <p class='ocr_par' dir='ltr' id='par_1_79' title="bbox 1967 2049 3619 2121">
     <span class='ocr_line' id='line_1_79' title="bbox 1967 2049 3619 2121; baseline 0.006 -22"><span class='ocrx_word' id='word_1_588' title='bbox 1967 2062 2098 2100; x_wconf 88' lang='lat' dir='ltr'>nem</span> <span class='ocrx_word' id='word_1_589' title='bbox 2160 2053 2216 2102; x_wconf 91' lang='lat' dir='ltr'>et</span> <span class='ocrx_word' id='word_1_590' title='bbox 2274 2049 2760 2119; x_wconf 76' lang='lat' dir='ltr'>profunditatem.</span> <span class='ocrx_word' id='word_1_591' title='bbox 2802 2051 3128 2121; x_wconf 83' lang='lat' dir='ltr'>Longitudo</span> <span class='ocrx_word' id='word_1_592' title='bbox 3188 2051 3409 2105; x_wconf 83' lang='lat' dir='ltr'>dicitur</span> <span class='ocrx_word' id='word_1_593' title='bbox 3460 2056 3619 2109; x_wconf 89' lang='lat' dir='ltr'>verbi</span> 
     </span>
    </p>
   </div>
   <div class='ocr_carea' id='block_1_80' title="bbox 1966 2136 3618 2209">
    <p class='ocr_par' dir='ltr' id='par_1_80' title="bbox 1966 2136 3618 2209">
     <span class='ocr_line' id='line_1_80' title="bbox 1966 2136 3618 2209; baseline 0.005 -20"><span class='ocrx_word' id='word_1_594' title='bbox 1966 2136 2153 2208; x_wconf 86' lang='lat' dir='ltr'>gratia</span> <span class='ocrx_word' id='word_1_595' title='bbox 2181 2153 2214 2190; x_wconf 90' lang='lat' dir='ltr'>a</span> <span class='ocrx_word' id='word_1_596' title='bbox 2243 2138 2433 2208; x_wconf 85' lang='lat' dir='ltr'>capite</span> <span class='ocrx_word' id='word_1_597' title='bbox 2464 2140 2532 2191; x_wconf 87' lang='lat' dir='ltr'>ad</span> <span class='ocrx_word' id='word_1_598' title='bbox 2570 2139 2767 2209; x_wconf 85' lang='lat' dir='ltr'>pedes,</span> <span class='ocrx_word' id='word_1_599' title='bbox 2813 2137 3061 2193; x_wconf 88' lang='lat' dir='ltr'>latitudo</span> <span class='ocrx_word' id='word_1_600' title='bbox 3108 2157 3139 2193; x_wconf 92' lang='lat' dir='ltr'>a</span> <span class='ocrx_word' id='word_1_601' title='bbox 3191 2156 3366 2195; x_wconf 90' lang='lat' dir='ltr'>manu</span> <span class='ocrx_word' id='word_1_602' title='bbox 3416 2142 3618 2197; x_wconf 83' lang='lat' dir='ltr'>dextra</span> 
     </span>
    </p>
   </div>
   <div class='ocr_carea' id='block_1_81' title="bbox 1966 2226 3619 2301">
    <p class='ocr_par' dir='ltr' id='par_1_81' title="bbox 1966 2226 3619 2301">
     <span class='ocr_line' id='line_1_81' title="bbox 1966 2226 3619 2301; baseline 0.005 -23"><span class='ocrx_word' id='word_1_603' title='bbox 1966 2226 2035 2279; x_wconf 87' lang='lat' dir='ltr'>ad</span> <span class='ocrx_word' id='word_1_604' title='bbox 2070 2226 2372 2280; x_wconf 82' lang='lat' dir='ltr'>sinistram</span> <span class='ocrx_word' id='word_1_605' title='bbox 2409 2230 2508 2281; x_wconf 88' lang='lat' dir='ltr'>aut</span> <span class='ocrx_word' id='word_1_606' title='bbox 2551 2227 2833 2293; x_wconf 80' lang='lat' dir='ltr'>vicissim,</span> <span class='ocrx_word' id='word_1_607' title='bbox 2885 2228 3255 2299; x_wconf 77' lang='lat' dir='ltr'>profunditas</span> <span class='ocrx_word' id='word_1_608' title='bbox 3305 2246 3336 2283; x_wconf 86' lang='lat' dir='ltr'>a</span> <span class='ocrx_word' id='word_1_609' title='bbox 3387 2236 3619 2301; x_wconf 88' lang='lat' dir='ltr'>pectore</span> 
     </span>
    </p>
   </div>
   <div class='ocr_carea' id='block_1_82' title="bbox 1966 2315 3620 2390">
    <p class='ocr_par' dir='ltr' id='par_1_82' title="bbox 1966 2315 3620 2390">
     <span class='ocr_line' id='line_1_82' title="bbox 1966 2315 3620 2390; baseline 0.004 -20"><span class='ocrx_word' id='word_1_610' title='bbox 1966 2315 2034 2370; x_wconf 87' lang='lat' dir='ltr'>ad</span> <span class='ocrx_word' id='word_1_611' title='bbox 2083 2318 2313 2386; x_wconf 83' lang='lat' dir='ltr'>tergum</span> <span class='ocrx_word' id='word_1_612' title='bbox 2347 2320 2447 2369; x_wconf 89' lang='lat' dir='ltr'>aut</span> <span class='ocrx_word' id='word_1_613' title='bbox 2478 2316 2601 2371; x_wconf 86' lang='lat' dir='ltr'>vice</span> <span class='ocrx_word' id='word_1_614' title='bbox 2628 2332 2815 2371; x_wconf 87' lang='lat' dir='ltr'>versa.</span> <span class='ocrx_word' id='word_1_615' title='bbox 2850 2316 3033 2371; x_wconf 88' lang='lat' dir='ltr'>Omne</span> <span class='ocrx_word' id='word_1_616' title='bbox 3066 2334 3279 2388; x_wconf 90' lang='lat' dir='ltr'>corpus</span> <span class='ocrx_word' id='word_1_617' title='bbox 3310 2334 3482 2390; x_wconf 83' lang='lat' dir='ltr'>grave</span> <span class='ocrx_word' id='word_1_618' title='bbox 3516 2327 3620 2376; x_wconf 88' lang='lat' dir='ltr'>aut</span> 
     </span>
    </p>
   </div>
   <div class='ocr_carea' id='block_1_83' title="bbox 1966 2403 3618 2471">
    <p class='ocr_par' dir='ltr' id='par_1_83' title="bbox 1966 2403 3618 2471">
     <span class='ocr_line' id='line_1_83' title="bbox 1966 2403 3618 2471; baseline 0.004 -13"><span class='ocrx_word' id='word_1_619' title='bbox 1966 2403 2088 2459; x_wconf 87' lang='lat' dir='ltr'>leve</span> <span class='ocrx_word' id='word_1_620' title='bbox 2119 2408 2227 2458; x_wconf 89' lang='lat' dir='ltr'>est.</span> <span class='ocrx_word' id='word_1_621' title='bbox 2264 2403 2449 2458; x_wconf 83' lang='lat' dir='ltr'>Grave</span> <span class='ocrx_word' id='word_1_622' title='bbox 2502 2405 2773 2459; x_wconf 84' lang='lat' dir='ltr'>deorsum</span> <span class='ocrx_word' id='word_1_623' title='bbox 2831 2408 3032 2471; x_wconf 82' lang='lat' dir='ltr'>fertur,</span> <span class='ocrx_word' id='word_1_624' title='bbox 3080 2405 3198 2461; x_wconf 89' lang='lat' dir='ltr'>leve</span> <span class='ocrx_word' id='word_1_625' title='bbox 3254 2408 3444 2462; x_wconf 88' lang='lat' dir='ltr'>tendit</span> <span class='ocrx_word' id='word_1_626' title='bbox 3488 2426 3618 2464; x_wconf 90' lang='lat' dir='ltr'>sur-</span> 
     </span>
    </p>
   </div>
   <div class='ocr_carea' id='block_1_84' title="bbox 1966 2495 3618 2569">
    <p class='ocr_par' dir='ltr' id='par_1_84' title="bbox 1966 2495 3618 2569">
     <span class='ocr_line' id='line_1_84' title="bbox 1966 2495 3618 2569; baseline 0.003 -20"><span class='ocrx_word' id='word_1_627' title='bbox 1966 2510 2121 2549; x_wconf 87' lang='lat' dir='ltr'>sum.</span> <span class='ocrx_word' id='word_1_628' title='bbox 2163 2495 2303 2549; x_wconf 81' lang='lat' dir='ltr'>l.oca</span> <span class='ocrx_word' id='word_1_629' title='bbox 2356 2511 2691 2566; x_wconf 86' lang='lat' dir='ltr'>corporum,</span> <span class='ocrx_word' id='word_1_630' title='bbox 2743 2495 2955 2551; x_wconf 87' lang='lat' dir='ltr'>levium</span> <span class='ocrx_word' id='word_1_631' title='bbox 3011 2497 3249 2568; x_wconf 88' lang='lat' dir='ltr'>quidem</span> <span class='ocrx_word' id='word_1_632' title='bbox 3304 2513 3618 2569; x_wconf 89' lang='lat' dir='ltr'>supremus</span> 
     </span>
    </p>
   </div>
   <div class='ocr_carea' id='block_1_85' title="bbox 1965 2583 3620 2655">
    <p class='ocr_par' dir='ltr' id='par_1_85' title="bbox 1965 2583 3620 2655">
     <span class='ocr_line' id='line_1_85' title="bbox 1965 2583 3620 2655; baseline 0.002 -16"><span class='ocrx_word' id='word_1_633' title='bbox 1965 2583 2256 2652; x_wconf 89' lang='lat' dir='ltr'>omnium,</span> <span class='ocrx_word' id='word_1_634' title='bbox 2309 2584 2574 2655; x_wconf 83' lang='lat' dir='ltr'>gravium</span> <span class='ocrx_word' id='word_1_635' title='bbox 2637 2584 2897 2639; x_wconf 83' lang='lat' dir='ltr'>inﬁmus.</span> <span class='ocrx_word' id='word_1_636' title='bbox 2961 2591 3040 2637; x_wconf 71' lang='lat' dir='ltr'>An</span> <span class='ocrx_word' id='word_1_637' title='bbox 3101 2584 3467 2641; x_wconf 89' lang='lat' dir='ltr'>levissimum</span> <span class='ocrx_word' id='word_1_638' title='bbox 3528 2592 3620 2643; x_wconf 91' lang='lat' dir='ltr'>est</span> 
     </span>
    </p>
   </div>
   <div class='ocr_carea' id='block_1_86' title="bbox 1965 2672 3618 2748">
    <p class='ocr_par' dir='ltr' id='par_1_86' title="bbox 1965 2672 3618 2748">
     <span class='ocr_line' id='line_1_86' title="bbox 1965 2672 3618 2748; baseline 0.002 -21"><span class='ocrx_word' id='word_1_639' title='bbox 1965 2672 2141 2744; x_wconf 83' lang='lat' dir='ltr'>ignis,</span> <span class='ocrx_word' id='word_1_640' title='bbox 2178 2674 2278 2745; x_wconf 91' lang='lat' dir='ltr'>qui</span> <span class='ocrx_word' id='word_1_641' title='bbox 2315 2676 2499 2729; x_wconf 86' lang='lat' dir='ltr'>fertur</span> <span class='ocrx_word' id='word_1_642' title='bbox 2532 2690 2713 2745; x_wconf 89' lang='lat' dir='ltr'>super</span> <span class='ocrx_word' id='word_1_643' title='bbox 2734 2674 2927 2729; x_wconf 86' lang='lat' dir='ltr'>omnia</span> <span class='ocrx_word' id='word_1_644' title='bbox 2959 2690 3235 2746; x_wconf 88' lang='lat' dir='ltr'>corpora;</span> <span class='ocrx_word' id='word_1_645' title='bbox 3283 2679 3439 2730; x_wconf 87' lang='lat' dir='ltr'>terra</span> <span class='ocrx_word' id='word_1_646' title='bbox 3486 2692 3618 2748; x_wconf 84' lang='lat' dir='ltr'>gra-</span> 
     </span>
    </p>
   </div>
   <div class='ocr_carea' id='block_1_87' title="bbox 1965 2762 3621 2837">
    <p class='ocr_par' dir='ltr' id='par_1_87' title="bbox 1965 2762 3621 2837">
     <span class='ocr_line' id='line_1_87' title="bbox 1965 2762 3621 2837; baseline 0.003 -21"><span class='ocrx_word' id='word_1_647' title='bbox 1965 2762 2295 2831; x_wconf 87' lang='lat' dir='ltr'>vissimum,</span> <span class='ocrx_word' id='word_1_648' title='bbox 2349 2762 2623 2817; x_wconf 88' lang='lat' dir='ltr'>omnibus</span> <span class='ocrx_word' id='word_1_649' title='bbox 2673 2762 3007 2834; x_wconf 84' lang='lat' dir='ltr'>subjacens.</span> <span class='ocrx_word' id='word_1_650' title='bbox 3059 2765 3130 2817; x_wconf 90' lang='lat' dir='ltr'>At</span> <span class='ocrx_word' id='word_1_651' title='bbox 3178 2780 3395 2837; x_wconf 87' lang='lat' dir='ltr'>corpus</span> <span class='ocrx_word' id='word_1_652' title='bbox 3447 2781 3621 2821; x_wconf 89' lang='lat' dir='ltr'>omne</span> 
     </span>
    </p>
   </div>
   <div class='ocr_carea' id='block_1_88' title="bbox 1964 2851 3617 2925">
    <p class='ocr_par' dir='ltr' id='par_1_88' title="bbox 1964 2851 3617 2925">
     <span class='ocr_line' id='line_1_88' title="bbox 1964 2851 3617 2925; baseline 0.002 -20"><span class='ocrx_word' id='word_1_653' title='bbox 1964 2851 2022 2906; x_wconf 90' lang='lat' dir='ltr'>in</span> <span class='ocrx_word' id='word_1_654' title='bbox 2055 2852 2309 2908; x_wconf 84' lang='lat' dir='ltr'>naturali</span> <span class='ocrx_word' id='word_1_655' title='bbox 2359 2869 2465 2908; x_wconf 89' lang='lat' dir='ltr'>suo</span> <span class='ocrx_word' id='word_1_656' title='bbox 2516 2852 2905 2908; x_wconf 89' lang='lat' dir='ltr'>constitutum</span> <span class='ocrx_word' id='word_1_657' title='bbox 2956 2852 3075 2907; x_wconf 90' lang='lat' dir='ltr'>loco</span> <span class='ocrx_word' id='word_1_658' title='bbox 3132 2870 3237 2908; x_wconf 90' lang='lat' dir='ltr'>nec</span> <span class='ocrx_word' id='word_1_659' title='bbox 3287 2870 3464 2925; x_wconf 80' lang='lat' dir='ltr'>grave</span> <span class='ocrx_word' id='word_1_660' title='bbox 3513 2871 3617 2909; x_wconf 90' lang='lat' dir='ltr'>nec</span> 
     </span>
    </p>
   </div>
   <div class='ocr_carea' id='block_1_89' title="bbox 1963 2940 3624 3014">
    <p class='ocr_par' dir='ltr' id='par_1_89' title="bbox 1963 2940 3624 3014">
     <span class='ocr_line' id='line_1_89' title="bbox 1963 2940 3624 3014; baseline 0.002 -19"><span class='ocrx_word' id='word_1_661' title='bbox 1963 2940 2086 2996; x_wconf 86' lang='lat' dir='ltr'>leve</span> <span class='ocrx_word' id='word_1_662' title='bbox 2116 2947 2227 3006; x_wconf 88' lang='lat' dir='ltr'>est,</span> <span class='ocrx_word' id='word_1_663' title='bbox 2268 2942 2504 3014; x_wconf 87' lang='lat' dir='ltr'>quando</span> <span class='ocrx_word' id='word_1_664' title='bbox 2533 2946 2745 2998; x_wconf 88' lang='lat' dir='ltr'>&#39;autem</span> <span class='ocrx_word' id='word_1_665' title='bbox 2789 2960 2822 2998; x_wconf 90' lang='lat' dir='ltr'>a</span> <span class='ocrx_word' id='word_1_666' title='bbox 2869 2940 3122 2997; x_wconf 85' lang='lat' dir='ltr'>naturali</span> <span class='ocrx_word' id='word_1_667' title='bbox 3173 2943 3299 2999; x_wconf 88' lang='lat' dir='ltr'>loco</span> <span class='ocrx_word' id='word_1_668' title='bbox 3351 2944 3518 2999; x_wconf 86' lang='lat' dir='ltr'>abest</span> <span class='ocrx_word' id='word_1_669' title='bbox 3567 2949 3624 2999; x_wconf 89' lang='lat' dir='ltr'>et</span> 
     </span>
    </p>
   </div>
   <div class='ocr_carea' id='block_1_90' title="bbox 1964 3029 3617 3104">
    <p class='ocr_par' dir='ltr' id='par_1_90' title="bbox 1964 3029 3617 3104">
     <span class='ocr_line' id='line_1_90' title="bbox 1964 3029 3617 3104; baseline 0.002 -21"><span class='ocrx_word' id='word_1_670' title='bbox 1964 3029 2033 3083; x_wconf 88' lang='lat' dir='ltr'>ad</span> <span class='ocrx_word' id='word_1_671' title='bbox 2063 3045 2195 3084; x_wconf 89' lang='lat' dir='ltr'>eum</span> <span class='ocrx_word' id='word_1_672' title='bbox 2230 3030 2437 3096; x_wconf 91' lang='lat' dir='ltr'>tendit,</span> <span class='ocrx_word' id='word_1_673' title='bbox 2472 3034 2613 3084; x_wconf 70' lang='lat' dir='ltr'>tunc</span> <span class='ocrx_word' id='word_1_674' title='bbox 2642 3030 2729 3086; x_wconf 91' lang='lat' dir='ltr'>vel</span> <span class='ocrx_word' id='word_1_675' title='bbox 2763 3032 3042 3101; x_wconf 75' lang='lat' dir='ltr'>gravitate</span> <span class='ocrx_word' id='word_1_676' title='bbox 3068 3032 3379 3104; x_wconf 64' lang='lat' dir='ltr'>praeditum</span> <span class='ocrx_word' id='word_1_677' title='bbox 3413 3035 3502 3088; x_wconf 88' lang='lat' dir='ltr'>est</span> <span class='ocrx_word' id='word_1_678' title='bbox 3530 3032 3617 3087; x_wconf 84' lang='lat' dir='ltr'>vel</span> 
     </span>
    </p>
   </div>
   <div class='ocr_carea' id='block_1_91' title="bbox 1961 3117 2220 3175">
    <p class='ocr_par' dir='ltr' id='par_1_91' title="bbox 1961 3117 2220 3175">
     <span class='ocr_line' id='line_1_91' title="bbox 1961 3117 2220 3175; baseline 0.008 -2"><span class='ocrx_word' id='word_1_679' title='bbox 1961 3117 2220 3175; x_wconf 89' lang='lat' dir='ltr'>levitate.</span> 
     </span>
    </p>
   </div>
   <div class='ocr_carea' id='block_1_92' title="bbox 2308 3226 3268 3302">
    <p class='ocr_par' dir='ltr' id='par_1_92' title="bbox 2308 3226 3268 3302">
     <span class='ocr_line' id='line_1_92' title="bbox 2308 3226 3268 3302; baseline 0.003 -22"><span class='ocrx_word' id='word_1_680' title='bbox 2308 3226 2398 3283; x_wconf 88' lang='lat'>68.</span> <span class='ocrx_word' id='word_1_681' title='bbox 2436 3228 2508 3281; x_wconf 83' lang='lat' dir='ltr'>De</span> <span class='ocrx_word' id='word_1_682' title='bbox 2534 3228 2884 3299; x_wconf 82' lang='lat' dir='ltr'>parvissimis</span> <span class='ocrx_word' id='word_1_683' title='bbox 2912 3229 3268 3302; x_wconf 79' lang='lat' dir='ltr'>corpusculis.</span> 
     </span>
    </p>
   </div>
   <div class='ocr_carea' id='block_1_93' title="bbox 1884 3274 3613 3390">
    <p class='ocr_par' dir='ltr' id='par_1_93' title="bbox 1884 3274 3613 3390">
     <span class='ocr_line' id='line_1_93' title="bbox 1913 3274 3268 3302; baseline 0.003 -22"><span class='ocrx_word' id='word_1_684' title='bbox 1913 3278 1925 3300; x_wconf 69' lang='grc'>,</span> <span class='ocrx_word' id='word_1_685' title='bbox 2314 3274 2398 3283; x_wconf 48' lang='grc' dir='ltr'>ν-.</span> <span class='ocrx_word' id='word_1_686' title='bbox 2436 3274 2502 3281; x_wconf 57' lang='grc' dir='ltr'>ν-</span> <span class='ocrx_word' id='word_1_687' title='bbox 2534 3274 2622 3299; x_wconf 53' lang='grc' dir='ltr'>ρ.</span> <span class='ocrx_word' id='word_1_688' title='bbox 2646 3274 2881 3284; x_wconf 56' lang='grc' dir='ltr'>ηψπ..-</span> <span class='ocrx_word' id='word_1_689' title='bbox 2912 3274 3268 3302; x_wconf 32' lang='lat' dir='ltr'>nummum</span> 
     </span>
     <span class='ocr_line' id='line_1_94' title="bbox 1884 3274 3613 3390; baseline 0.002 -21"><span class='ocrx_word' id='word_1_690' title='bbox 1884 3274 1925 3338; x_wconf 72' lang='grc'>(⁸</span> <span class='ocrx_word' id='word_1_691' title='bbox 2036 3313 2389 3370; x_wconf 86' lang='lat' dir='ltr'>Parvissima</span> <span class='ocrx_word' id='word_1_692' title='bbox 2420 3316 2539 3372; x_wconf 88' lang='lat' dir='ltr'>sive</span> <span class='ocrx_word' id='word_1_693' title='bbox 2570 3316 2815 3372; x_wconf 88' lang='lat' dir='ltr'>minima</span> <span class='ocrx_word' id='word_1_694' title='bbox 2847 3317 3180 3390; x_wconf 82' lang='lat' dir='ltr'>philosophi</span> <span class='ocrx_word' id='word_1_695' title='bbox 3230 3320 3441 3372; x_wconf 82' lang='lat' dir='ltr'>vocant</span> <span class='ocrx_word' id='word_1_696' title='bbox 3490 3333 3613 3372; x_wconf 89' lang='lat' dir='ltr'>cor-</span> 
     </span>
    </p>
   </div>
   <div class='ocr_carea' id='block_1_94' title="bbox 1963 3403 3618 3479">
    <p class='ocr_par' dir='ltr' id='par_1_94' title="bbox 1963 3403 3618 3479">
     <span class='ocr_line' id='line_1_95' title="bbox 1963 3403 3618 3479; baseline 0.001 -20"><span class='ocrx_word' id='word_1_697' title='bbox 1963 3403 2207 3476; x_wconf 89' lang='lat' dir='ltr'>puscula</span> <span class='ocrx_word' id='word_1_698' title='bbox 2241 3404 2504 3475; x_wconf 72' lang='lat' dir='ltr'>quaedam</span> <span class='ocrx_word' id='word_1_699' title='bbox 2538 3406 2755 3476; x_wconf 84' lang='lat' dir='ltr'>quibus</span> <span class='ocrx_word' id='word_1_700' title='bbox 2783 3406 2944 3461; x_wconf 88' lang='lat' dir='ltr'>nulla</span> <span class='ocrx_word' id='word_1_701' title='bbox 2976 3406 3090 3461; x_wconf 87' lang='lat' dir='ltr'>alia</span> <span class='ocrx_word' id='word_1_702' title='bbox 3133 3406 3401 3479; x_wconf 85' lang='lat' dir='ltr'>parviora</span> <span class='ocrx_word' id='word_1_703' title='bbox 3452 3421 3618 3477; x_wconf 75' lang='lat' dir='ltr'>repe-</span> 
     </span>
    </p>
   </div>
   <div class='ocr_carea' id='block_1_95' title="bbox 1964 3494 3618 3567">
    <p class='ocr_par' dir='ltr' id='par_1_95' title="bbox 1964 3494 3618 3567">
     <span class='ocr_line' id='line_1_96' title="bbox 1964 3494 3618 3567; baseline 0.002 -21"><span class='ocrx_word' id='word_1_704' title='bbox 1964 3494 2217 3560; x_wconf 83' lang='lat' dir='ltr'>riuntur,</span> <span class='ocrx_word' id='word_1_705' title='bbox 2254 3499 2717 3566; x_wconf 84' lang='lat' dir='ltr'>supponuntque</span> <span class='ocrx_word' id='word_1_706' title='bbox 2748 3494 2846 3549; x_wconf 89' lang='lat' dir='ltr'>illa</span> <span class='ocrx_word' id='word_1_707' title='bbox 2898 3511 3027 3551; x_wconf 90' lang='lat' dir='ltr'>esse</span> <span class='ocrx_word' id='word_1_708' title='bbox 3071 3495 3130 3549; x_wconf 90' lang='lat' dir='ltr'>in</span> <span class='ocrx_word' id='word_1_709' title='bbox 3178 3494 3372 3550; x_wconf 86' lang='lat' dir='ltr'>nullas</span> <span class='ocrx_word' id='word_1_710' title='bbox 3419 3499 3618 3567; x_wconf 88' lang='lat' dir='ltr'>partes</span> 
     </span>
    </p>
   </div>
   <div class='ocr_carea' id='block_1_96' title="bbox 1964 3581 3617 3655">
    <p class='ocr_par' dir='ltr' id='par_1_96' title="bbox 1964 3581 3617 3655">
     <span class='ocr_line' id='line_1_97' title="bbox 1964 3581 3617 3655; baseline 0.002 -20"><span class='ocrx_word' id='word_1_711' title='bbox 1964 3581 2298 3650; x_wconf 79' lang='lat' dir='ltr'>divisibilia,</span> <span class='ocrx_word' id='word_1_712' title='bbox 2348 3582 2748 3638; x_wconf 86' lang='lat' dir='ltr'>minutissima</span> <span class='ocrx_word' id='word_1_713' title='bbox 2802 3589 2856 3641; x_wconf 82' lang='lat' dir='ltr'>et</span> <span class='ocrx_word' id='word_1_714' title='bbox 2906 3586 3058 3639; x_wconf 82' lang='lat' dir='ltr'>mole</span> <span class='ocrx_word' id='word_1_715' title='bbox 3106 3584 3408 3655; x_wconf 85' lang='lat' dir='ltr'>destituta,</span> <span class='ocrx_word' id='word_1_716' title='bbox 3443 3588 3617 3655; x_wconf 88' lang='lat' dir='ltr'>atque</span> 
     </span>
    </p>
   </div>
   <div class='ocr_carea' id='block_1_97' title="bbox 1963 3671 3616 3745">
    <p class='ocr_par' dir='ltr' id='par_1_97' title="bbox 1963 3671 3616 3745">
     <span class='ocr_line' id='line_1_98' title="bbox 1963 3671 3616 3745; baseline 0.002 -19"><span class='ocrx_word' id='word_1_717' title='bbox 1963 3671 2187 3738; x_wconf 86' lang='lat' dir='ltr'>exsilia,</span> <span class='ocrx_word' id='word_1_718' title='bbox 2216 3673 2497 3744; x_wconf 84' lang='lat' dir='ltr'>principia</span> <span class='ocrx_word' id='word_1_719' title='bbox 2529 3690 2983 3745; x_wconf 81' lang='lat' dir='ltr'>corporum,non</span> <span class='ocrx_word' id='word_1_720' title='bbox 3016 3674 3329 3729; x_wconf 77' lang='lat' dir='ltr'>efﬁcientia</span> <span class='ocrx_word' id='word_1_721' title='bbox 3358 3675 3459 3729; x_wconf 89' lang='lat' dir='ltr'>sed</span> <span class='ocrx_word' id='word_1_722' title='bbox 3496 3692 3616 3729; x_wconf 86' lang='lat' dir='ltr'>ma-</span> 
     </span>
    </p>
   </div>
   <div class='ocr_carea' id='block_1_98' title="bbox 1962 3761 3616 3834">
    <p class='ocr_par' dir='ltr' id='par_1_98' title="bbox 1962 3761 3616 3834">
     <span class='ocr_line' id='line_1_99' title="bbox 1962 3761 3616 3834; baseline 0 -19"><span class='ocrx_word' id='word_1_723' title='bbox 1962 3761 2211 3817; x_wconf 84' lang='lat' dir='ltr'>terialia.</span> <span class='ocrx_word' id='word_1_724' title='bbox 2245 3762 2469 3817; x_wconf 87' lang='lat' dir='ltr'>Dicitur</span> <span class='ocrx_word' id='word_1_725' title='bbox 2488 3768 2543 3817; x_wconf 91' lang='lat' dir='ltr'>et</span> <span class='ocrx_word' id='word_1_726' title='bbox 2566 3762 2678 3817; x_wconf 91' lang='lat' dir='ltr'>alio</span> <span class='ocrx_word' id='word_1_727' title='bbox 2706 3780 2879 3817; x_wconf 87' lang='lat' dir='ltr'>sensu</span> <span class='ocrx_word' id='word_1_728' title='bbox 2908 3762 3323 3834; x_wconf 88' lang='lat' dir='ltr'>parvissimum</span> <span class='ocrx_word' id='word_1_729' title='bbox 3349 3763 3472 3818; x_wconf 86' lang='lat' dir='ltr'>sive</span> <span class='ocrx_word' id='word_1_730' title='bbox 3506 3761 3616 3816; x_wconf 89' lang='lat' dir='ltr'>mi-</span> 
     </span>
    </p>
   </div>
   <div class='ocr_carea' id='block_1_99' title="bbox 1966 3850 3615 3923">
    <p class='ocr_par' dir='ltr' id='par_1_99' title="bbox 1966 3850 3615 3923">
     <span class='ocr_line' id='line_1_100' title="bbox 1966 3850 3615 3923; baseline 0.002 -19"><span class='ocrx_word' id='word_1_731' title='bbox 1966 3851 2192 3905; x_wconf 89' lang='lat' dir='ltr'>nimum</span> <span class='ocrx_word' id='word_1_732' title='bbox 2229 3852 2382 3923; x_wconf 87' lang='lat' dir='ltr'>apud</span> <span class='ocrx_word' id='word_1_733' title='bbox 2416 3850 3083 3923; x_wconf 88' lang='lat' dir='ltr'>arithmeticos,quando</span> <span class='ocrx_word' id='word_1_734' title='bbox 3112 3854 3183 3908; x_wconf 90' lang='lat' dir='ltr'>de</span> <span class='ocrx_word' id='word_1_735' title='bbox 3213 3852 3477 3907; x_wconf 89' lang='lat' dir='ltr'>numeris</span> <span class='ocrx_word' id='word_1_736' title='bbox 3507 3852 3615 3907; x_wconf 91' lang='lat' dir='ltr'>du-</span> 
     </span>
    </p>
   </div>
   <div class='ocr_carea' id='block_1_100' title="bbox 1965 3938 3621 4013">
    <p class='ocr_par' dir='ltr' id='par_1_100' title="bbox 1965 3938 3621 4013">
     <span class='ocr_line' id='line_1_101' title="bbox 1965 3938 3621 4013; baseline 0.002 -21"><span class='ocrx_word' id='word_1_737' title='bbox 1965 3938 2218 4010; x_wconf 86' lang='lat' dir='ltr'>plicibus</span> <span class='ocrx_word' id='word_1_738' title='bbox 2249 3940 2337 3995; x_wconf 91' lang='lat' dir='ltr'>vel</span> <span class='ocrx_word' id='word_1_739' title='bbox 2364 3939 2695 4013; x_wconf 87' lang='lat' dir='ltr'>triplicibus</span> <span class='ocrx_word' id='word_1_740' title='bbox 2726 3946 2826 3995; x_wconf 87' lang='lat' dir='ltr'>aut</span> <span class='ocrx_word' id='word_1_741' title='bbox 2857 3941 2987 3997; x_wconf 90' lang='lat' dir='ltr'>aliis</span> <span class='ocrx_word' id='word_1_742' title='bbox 3020 3940 3311 4013; x_wconf 86' lang='lat' dir='ltr'>ejusmodi</span> <span class='ocrx_word' id='word_1_743' title='bbox 3346 3944 3621 4010; x_wconf 83' lang='lat' dir='ltr'>tractant,</span> 
     </span>
    </p>
   </div>
   <div class='ocr_carea' id='block_1_101' title="bbox 1963 4029 3623 4104">
    <p class='ocr_par' dir='ltr' id='par_1_101' title="bbox 1963 4029 3623 4104">
     <span class='ocr_line' id='line_1_102' title="bbox 1963 4029 3623 4104; baseline 0.002 -23"><span class='ocrx_word' id='word_1_744' title='bbox 1963 4029 2120 4085; x_wconf 89' lang='lat' dir='ltr'>verbi</span> <span class='ocrx_word' id='word_1_745' title='bbox 2155 4029 2343 4101; x_wconf 85' lang='lat' dir='ltr'>gratia</span> <span class='ocrx_word' id='word_1_746' title='bbox 2374 4035 2502 4085; x_wconf 87' lang='lat' dir='ltr'>octo</span> <span class='ocrx_word' id='word_1_747' title='bbox 2536 4036 2675 4084; x_wconf 86' lang='lat' dir='ltr'>sunt</span> <span class='ocrx_word' id='word_1_748' title='bbox 2700 4030 2947 4102; x_wconf 89' lang='lat' dir='ltr'>duplum</span> <span class='ocrx_word' id='word_1_749' title='bbox 2981 4031 3623 4104; x_wconf 85' lang='lat' dir='ltr'>quaternarii,quatuor</span> 
     </span>
    </p>
   </div>
   <div class='ocr_carea' id='block_1_102' title="bbox 1962 4118 3621 4185">
    <p class='ocr_par' dir='ltr' id='par_1_102' title="bbox 1962 4118 3621 4185">
     <span class='ocr_line' id='line_1_103' title="bbox 1962 4118 3621 4185; baseline 0.001 -12"><span class='ocrx_word' id='word_1_750' title='bbox 1962 4118 2197 4185; x_wconf 88' lang='lat' dir='ltr'>binarii,</span> <span class='ocrx_word' id='word_1_751' title='bbox 2234 4118 2348 4173; x_wconf 83' lang='lat' dir='ltr'>duo</span> <span class='ocrx_word' id='word_1_752' title='bbox 2380 4118 2592 4173; x_wconf 79' lang='lat' dir='ltr'>unarii.</span> <span class='ocrx_word' id='word_1_753' title='bbox 2628 4119 2752 4174; x_wconf 89' lang='lat' dir='ltr'>Non</span> <span class='ocrx_word' id='word_1_754' title='bbox 2788 4122 2960 4175; x_wconf 87' lang='lat' dir='ltr'>datur</span> <span class='ocrx_word' id='word_1_755' title='bbox 2990 4137 3122 4174; x_wconf 83' lang='lat' dir='ltr'>vero</span> <span class='ocrx_word' id='word_1_756' title='bbox 3156 4119 3305 4175; x_wconf 87' lang='lat' dir='ltr'>alius</span> <span class='ocrx_word' id='word_1_757' title='bbox 3339 4136 3621 4174; x_wconf 69' lang='lat' dir='ltr'>numerus</span> 
     </span>
    </p>
   </div>
   <div class='ocr_carea' id='block_1_103' title="bbox 1964 4206 3621 4281">
    <p class='ocr_par' dir='ltr' id='par_1_103' title="bbox 1964 4206 3621 4281">
     <span class='ocr_line' id='line_1_104' title="bbox 1964 4206 3621 4281; baseline 0 -19"><span class='ocrx_word' id='word_1_758' title='bbox 1964 4206 2181 4279; x_wconf 89' lang='lat' dir='ltr'>duplus</span> <span class='ocrx_word' id='word_1_759' title='bbox 2213 4207 2363 4261; x_wconf 90' lang='lat' dir='ltr'>infra</span> <span class='ocrx_word' id='word_1_760' title='bbox 2391 4206 2707 4279; x_wconf 85' lang='lat' dir='ltr'>binarium,</span> <span class='ocrx_word' id='word_1_761' title='bbox 2744 4208 3027 4263; x_wconf 88' lang='lat' dir='ltr'>minimus</span> <span class='ocrx_word' id='word_1_762' title='bbox 3059 4208 3242 4280; x_wconf 80' lang='lat' dir='ltr'>igitur</span> <span class='ocrx_word' id='word_1_763' title='bbox 3269 4209 3486 4281; x_wconf 85' lang='lat' dir='ltr'>duplus</span> <span class='ocrx_word' id='word_1_764' title='bbox 3532 4218 3621 4262; x_wconf 77' lang='lat' dir='ltr'>est</span> 
     </span>
    </p>
   </div>
   <div class='ocr_carea' id='block_1_104' title="bbox 1966 4295 3617 4367">
    <p class='ocr_par' dir='ltr' id='par_1_104' title="bbox 1966 4295 3617 4367">
     <span class='ocr_line' id='line_1_105' title="bbox 1966 4295 3617 4367; baseline 0.001 -17"><span class='ocrx_word' id='word_1_765' title='bbox 1966 4295 2226 4351; x_wconf 88' lang='lat' dir='ltr'>binarius</span> <span class='ocrx_word' id='word_1_766' title='bbox 2258 4300 2519 4367; x_wconf 87' lang='lat' dir='ltr'>respectu</span> <span class='ocrx_word' id='word_1_767' title='bbox 2558 4297 2823 4366; x_wconf 87' lang='lat' dir='ltr'>unitatis,</span> <span class='ocrx_word' id='word_1_768' title='bbox 2860 4299 2943 4352; x_wconf 90' lang='lat' dir='ltr'>uti</span> <span class='ocrx_word' id='word_1_769' title='bbox 2973 4298 3265 4353; x_wconf 88' lang='lat' dir='ltr'>ternarius</span> <span class='ocrx_word' id='word_1_770' title='bbox 3305 4303 3395 4353; x_wconf 90' lang='lat' dir='ltr'>est</span> <span class='ocrx_word' id='word_1_771' title='bbox 3444 4296 3617 4351; x_wconf 87' lang='lat' dir='ltr'>mini-</span> 
     </span>
    </p>
   </div>
   <div class='ocr_carea' id='block_1_105' title="bbox 1966 4384 3614 4456">
    <p class='ocr_par' dir='ltr' id='par_1_105' title="bbox 1966 4384 3614 4456">
     <span class='ocr_line' id='line_1_106' title="bbox 1966 4384 3614 4456; baseline -0.001 -15"><span class='ocrx_word' id='word_1_772' title='bbox 1966 4402 2099 4441; x_wconf 87' lang='lat' dir='ltr'>mus</span> <span class='ocrx_word' id='word_1_773' title='bbox 2130 4384 2342 4456; x_wconf 86' lang='lat' dir='ltr'>triplus</span> <span class='ocrx_word' id='word_1_774' title='bbox 2374 4386 2441 4440; x_wconf 91' lang='lat' dir='ltr'>ad</span> <span class='ocrx_word' id='word_1_775' title='bbox 2478 4387 2744 4442; x_wconf 88' lang='lat' dir='ltr'>eamdem</span> <span class='ocrx_word' id='word_1_776' title='bbox 2779 4387 3318 4443; x_wconf 89' lang='lat' dir='ltr'>unitatem.Dicilur</span> <span class='ocrx_word' id='word_1_777' title='bbox 3348 4392 3405 4442; x_wconf 89' lang='lat' dir='ltr'>et</span> <span class='ocrx_word' id='word_1_778' title='bbox 3439 4386 3614 4442; x_wconf 86' lang='lat' dir='ltr'>mini-</span> 
     </span>
    </p>
   </div>
   <div class='ocr_carea' id='block_1_106' title="bbox 1966 4474 3615 4548">
    <p class='ocr_par' dir='ltr' id='par_1_106' title="bbox 1966 4474 3615 4548">
     <span class='ocr_line' id='line_1_107' title="bbox 1966 4474 3615 4548; baseline 0.001 -19"><span class='ocrx_word' id='word_1_779' title='bbox 1966 4480 2127 4529; x_wconf 84' lang='lat' dir='ltr'>mum</span> <span class='ocrx_word' id='word_1_780' title='bbox 2162 4475 2315 4545; x_wconf 88' lang='lat' dir='ltr'>quod</span> <span class='ocrx_word' id='word_1_781' title='bbox 2351 4475 2421 4529; x_wconf 88' lang='lat' dir='ltr'>ad</span> <span class='ocrx_word' id='word_1_782' title='bbox 2457 4474 2802 4531; x_wconf 84' lang='lat' dir='ltr'>tenuitatem</span> <span class='ocrx_word' id='word_1_783' title='bbox 2833 4477 3133 4531; x_wconf 77' lang='lat' dir='ltr'>redactum</span> <span class='ocrx_word' id='word_1_784' title='bbox 3168 4481 3275 4545; x_wconf 86' lang='lat' dir='ltr'>est,</span> <span class='ocrx_word' id='word_1_785' title='bbox 3302 4476 3403 4531; x_wconf 91' lang='lat' dir='ltr'>sed</span> <span class='ocrx_word' id='word_1_786' title='bbox 3438 4492 3615 4548; x_wconf 88' lang='lat' dir='ltr'>pecu-</span> 
     </span>
    </p>
   </div>
   <div class='ocr_carea' id='block_1_107' title="bbox 1963 4562 3616 4637">
    <p class='ocr_par' dir='ltr' id='par_1_107' title="bbox 1963 4562 3616 4637">
     <span class='ocr_line' id='line_1_108' title="bbox 1963 4562 3616 4637; baseline 0 -18"><span class='ocrx_word' id='word_1_787' title='bbox 1963 4563 2092 4619; x_wconf 89' lang='lat' dir='ltr'>liari</span> <span class='ocrx_word' id='word_1_788' title='bbox 2126 4564 2348 4617; x_wconf 83' lang='lat' dir='ltr'>ratione</span> <span class='ocrx_word' id='word_1_789' title='bbox 2374 4562 2735 4636; x_wconf 81' lang='lat' dir='ltr'>philosophis</span> <span class='ocrx_word' id='word_1_790' title='bbox 2758 4565 3173 4636; x_wconf 86' lang='lat' dir='ltr'>parvissimum</span> <span class='ocrx_word' id='word_1_791' title='bbox 3199 4565 3616 4637; x_wconf 88' lang='lat' dir='ltr'>corpusculum</span> 
     </span>
    </p>
   </div>
   <div class='ocr_carea' id='block_1_108' title="bbox 1879 4648 2433 4712">
    <p class='ocr_par' dir='ltr' id='par_1_108' title="bbox 1879 4648 2433 4712">
     <span class='ocr_line' id='line_1_109' title="bbox 1879 4648 2433 4712; baseline -0.011 0"><span class='ocrx_word' id='word_1_792' title='bbox 1879 4648 1925 4712; x_wconf 90' lang='lat' dir='ltr'><strong>D</strong></span> <span class='ocrx_word' id='word_1_793' title='bbox 1962 4654 2042 4708; x_wconf 88' lang='lat' dir='ltr'>ita</span> <span class='ocrx_word' id='word_1_794' title='bbox 2076 4654 2433 4708; x_wconf 88' lang='lat' dir='ltr'>nominatur.</span> 
     </span>
    </p>
   </div>
   <div class='ocr_carea' id='block_1_109' title="bbox 2226 4759 3335 4832">
    <p class='ocr_par' dir='ltr' id='par_1_109' title="bbox 2226 4759 3335 4832">
     <span class='ocr_line' id='line_1_110' title="bbox 2226 4759 3335 4832; baseline 0.001 -21"><span class='ocrx_word' id='word_1_795' title='bbox 2226 4759 2315 4812; x_wconf 83' lang='lat'>60.</span> <span class='ocrx_word' id='word_1_796' title='bbox 2352 4764 2430 4815; x_wconf 88' lang='lat' dir='ltr'>De</span> <span class='ocrx_word' id='word_1_797' title='bbox 2464 4761 2632 4815; x_wconf 81' lang='lat' dir='ltr'>variis</span> <span class='ocrx_word' id='word_1_798' title='bbox 2663 4761 2956 4831; x_wconf 72' lang='lat' dir='ltr'>generibus</span> <span class='ocrx_word' id='word_1_799' title='bbox 2986 4761 3335 4832; x_wconf 79' lang='lat' dir='ltr'>cognitionis.</span> 
     </span>
    </p>
   </div>
   <div class='ocr_carea' id='block_1_110' title="bbox 2030 4848 3619 4921">
    <p class='ocr_par' dir='ltr' id='par_1_110' title="bbox 2030 4848 3619 4921">
     <span class='ocr_line' id='line_1_111' title="bbox 2030 4848 3619 4921; baseline 0.001 -18"><span class='ocrx_word' id='word_1_800' title='bbox 2030 4848 2227 4903; x_wconf 79' lang='lat' dir='ltr'>Prima</span> <span class='ocrx_word' id='word_1_801' title='bbox 2274 4853 2331 4903; x_wconf 86' lang='lat' dir='ltr'>ot</span> <span class='ocrx_word' id='word_1_802' title='bbox 2390 4848 2703 4905; x_wconf 91' lang='lat' dir='ltr'>sublimior</span> <span class='ocrx_word' id='word_1_803' title='bbox 2751 4850 3157 4921; x_wconf 86' lang='lat' dir='ltr'>cognitionum</span> <span class='ocrx_word' id='word_1_804' title='bbox 3210 4849 3475 4905; x_wconf 91' lang='lat' dir='ltr'>omnium</span> <span class='ocrx_word' id='word_1_805' title='bbox 3528 4854 3619 4904; x_wconf 91' lang='lat' dir='ltr'>est</span> 
     </span>
    </p>
   </div>
   <div class='ocr_carea' id='block_1_111' title="bbox 1961 4937 3622 5010">
    <p class='ocr_par' dir='ltr' id='par_1_111' title="bbox 1961 4937 3622 5010">
     <span class='ocr_line' id='line_1_112' title="bbox 1961 4937 3622 5010; baseline 0.001 -19"><span class='ocrx_word' id='word_1_806' title='bbox 1961 4937 2478 5009; x_wconf 76' lang='lat' dir='ltr'>providentia,qua3</span> <span class='ocrx_word' id='word_1_807' title='bbox 2510 4944 2598 4994; x_wconf 88' lang='lat' dir='ltr'>est</span> <span class='ocrx_word' id='word_1_808' title='bbox 2629 4939 2778 4994; x_wconf 89' lang='lat' dir='ltr'>actio</span> <span class='ocrx_word' id='word_1_809' title='bbox 2805 4941 3081 4995; x_wconf 85' lang='lat' dir='ltr'>Dei.t)eus</span> <span class='ocrx_word' id='word_1_810' title='bbox 3114 4938 3409 5009; x_wconf 85' lang='lat' dir='ltr'>siquidem</span> <span class='ocrx_word' id='word_1_811' title='bbox 3442 4956 3622 5010; x_wconf 83' lang='lat' dir='ltr'>super</span> 
     </span>
    </p>
   </div>
   <div class='ocr_carea' id='block_1_112' title="bbox 1960 5027 3619 5100">
    <p class='ocr_par' dir='ltr' id='par_1_112' title="bbox 1960 5027 3619 5100">
     <span class='ocr_line' id='line_1_113' title="bbox 1960 5027 3619 5100; baseline 0 -18"><span class='ocrx_word' id='word_1_812' title='bbox 1960 5027 2159 5082; x_wconf 89' lang='lat' dir='ltr'>omnia</span> <span class='ocrx_word' id='word_1_813' title='bbox 2190 5044 2317 5098; x_wconf 75' lang='lat' dir='ltr'>qua:</span> <span class='ocrx_word' id='word_1_814' title='bbox 2352 5031 2493 5082; x_wconf 89' lang='lat' dir='ltr'>sunt</span> <span class='ocrx_word' id='word_1_815' title='bbox 2520 5033 2577 5083; x_wconf 90' lang='lat' dir='ltr'>et</span> <span class='ocrx_word' id='word_1_816' title='bbox 2609 5045 2786 5100; x_wconf 89' lang='lat' dir='ltr'>super</span> <span class='ocrx_word' id='word_1_817' title='bbox 2821 5029 3006 5100; x_wconf 82' lang='lat' dir='ltr'>ipsam</span> <span class='ocrx_word' id='word_1_818' title='bbox 3046 5033 3302 5083; x_wconf 88' lang='lat' dir='ltr'>mentem</span> <span class='ocrx_word' id='word_1_819' title='bbox 3356 5028 3619 5098; x_wconf 87' lang='lat' dir='ltr'>potentia</span> 
     </span>
    </p>
   </div>
   <div class='ocr_carea' id='block_1_113' title="bbox 1960 5115 3617 5188">
    <p class='ocr_par' dir='ltr' id='par_1_113' title="bbox 1960 5115 3617 5188">
     <span class='ocr_line' id='line_1_114' title="bbox 1960 5115 3617 5188; baseline 0.001 -17"><span class='ocrx_word' id='word_1_820' title='bbox 1960 5115 2206 5187; x_wconf 86' lang='lat' dir='ltr'>pollens,</span> <span class='ocrx_word' id='word_1_821' title='bbox 2236 5120 2290 5170; x_wconf 84' lang='lat' dir='ltr'>et</span> <span class='ocrx_word' id='word_1_822' title='bbox 2340 5116 2571 5188; x_wconf 88' lang='lat' dir='ltr'>proprie</span> <span class='ocrx_word' id='word_1_823' title='bbox 2614 5133 2800 5172; x_wconf 90' lang='lat' dir='ltr'>unum</span> <span class='ocrx_word' id='word_1_824' title='bbox 2849 5116 3159 5185; x_wconf 83' lang='lat' dir='ltr'>exsistens,</span> <span class='ocrx_word' id='word_1_825' title='bbox 3191 5117 3302 5171; x_wconf 90' lang='lat' dir='ltr'>hoc</span> <span class='ocrx_word' id='word_1_826' title='bbox 3334 5116 3461 5186; x_wconf 84' lang='lat' dir='ltr'>ipso</span> <span class='ocrx_word' id='word_1_827' title='bbox 3493 5116 3617 5172; x_wconf 92' lang='lat' dir='ltr'>solo</span> 
     </span>
    </p>
   </div>
   <div class='ocr_carea' id='block_1_114' title="bbox 1959 5203 3617 5278">
    <p class='ocr_par' dir='ltr' id='par_1_114' title="bbox 1959 5203 3617 5278">
     <span class='ocr_line' id='line_1_115' title="bbox 1959 5203 3617 5278; baseline -0.001 -18"><span class='ocrx_word' id='word_1_828' title='bbox 1959 5221 2075 5260; x_wconf 90' lang='lat' dir='ltr'>uno</span> <span class='ocrx_word' id='word_1_829' title='bbox 2106 5204 2379 5261; x_wconf 87' lang='lat' dir='ltr'>omnibus</span> <span class='ocrx_word' id='word_1_830' title='bbox 2412 5206 2700 5276; x_wconf 87' lang='lat' dir='ltr'>providet.</span> <span class='ocrx_word' id='word_1_831' title='bbox 2737 5206 2934 5261; x_wconf 82' lang='lat' dir='ltr'>Altera</span> <span class='ocrx_word' id='word_1_832' title='bbox 2965 5206 3220 5278; x_wconf 83' lang='lat' dir='ltr'>cognitio</span> <span class='ocrx_word' id='word_1_833' title='bbox 3251 5208 3339 5259; x_wconf 90' lang='lat' dir='ltr'>est</span> <span class='ocrx_word' id='word_1_834' title='bbox 3380 5203 3617 5259; x_wconf 88' lang='lat' dir='ltr'>intelle-</span> 
     </span>
    </p>
   </div>
   <div class='ocr_carea' id='block_1_115' title="bbox 1958 5292 3612 5366">
    <p class='ocr_par' dir='ltr' id='par_1_115' title="bbox 1958 5292 3612 5366">
     <span class='ocr_line' id='line_1_116' title="bbox 1958 5292 3612 5366; baseline -0.002 -16"><span class='ocrx_word' id='word_1_835' title='bbox 1958 5294 2319 5365; x_wconf 88' lang='lat' dir='ltr'>ctualis,qua</span> <span class='ocrx_word' id='word_1_836' title='bbox 2362 5311 2526 5350; x_wconf 85' lang='lat' dir='ltr'>mens</span> <span class='ocrx_word' id='word_1_837' title='bbox 2554 5312 2833 5366; x_wconf 89' lang='lat' dir='ltr'>suprema</span> <span class='ocrx_word' id='word_1_838' title='bbox 2866 5295 3135 5351; x_wconf 85' lang='lat' dir='ltr'>universe</span> <span class='ocrx_word' id='word_1_839' title='bbox 3166 5292 3363 5349; x_wconf 88' lang='lat' dir='ltr'>omnia</span> <span class='ocrx_word' id='word_1_840' title='bbox 3396 5292 3612 5348; x_wconf 89' lang='lat' dir='ltr'>intelli-</span> 
     </span>
    </p>
   </div>
   <div class='ocr_carea' id='block_1_116' title="bbox 1957 5383 3612 5458">
    <p class='ocr_par' dir='ltr' id='par_1_116' title="bbox 1957 5383 3612 5458">
     <span class='ocr_line' id='line_1_117' title="bbox 1957 5383 3612 5458; baseline -0.001 -18"><span class='ocrx_word' id='word_1_841' title='bbox 1957 5385 2057 5456; x_wconf 80' lang='lat' dir='ltr'>git.</span> <span class='ocrx_word' id='word_1_842' title='bbox 2091 5384 2281 5439; x_wconf 87' lang='lat' dir='ltr'>Tertia</span> <span class='ocrx_word' id='word_1_843' title='bbox 2314 5388 2444 5456; x_wconf 89' lang='lat' dir='ltr'>post</span> <span class='ocrx_word' id='word_1_844' title='bbox 2476 5384 2626 5440; x_wconf 88' lang='lat' dir='ltr'>hanc</span> <span class='ocrx_word' id='word_1_845' title='bbox 2652 5389 2741 5442; x_wconf 89' lang='lat' dir='ltr'>est</span> <span class='ocrx_word' id='word_1_846' title='bbox 2765 5385 3019 5458; x_wconf 86' lang='lat' dir='ltr'>cognitio</span> <span class='ocrx_word' id='word_1_847' title='bbox 3054 5385 3109 5439; x_wconf 89' lang='lat' dir='ltr'>in</span> <span class='ocrx_word' id='word_1_848' title='bbox 3139 5383 3338 5438; x_wconf 87' lang='lat' dir='ltr'>anima</span> <span class='ocrx_word' id='word_1_849' title='bbox 3386 5388 3612 5450; x_wconf 89' lang='lat' dir='ltr'>nostra,</span> 
     </span>
    </p>
   </div>
   <div class='ocr_carea' id='block_1_117' title="bbox 1955 5472 3617 5547">
    <p class='ocr_par' dir='ltr' id='par_1_117' title="bbox 1955 5472 3617 5547">
     <span class='ocr_line' id='line_1_118' title="bbox 1955 5472 3617 5547; baseline -0.001 -18"><span class='ocrx_word' id='word_1_850' title='bbox 1955 5492 2079 5547; x_wconf 69' lang='lat' dir='ltr'>quas</span> <span class='ocrx_word' id='word_1_851' title='bbox 2110 5473 2167 5529; x_wconf 90' lang='lat' dir='ltr'>in</span> <span class='ocrx_word' id='word_1_852' title='bbox 2201 5474 2535 5545; x_wconf 90' lang='lat' dir='ltr'>opinionem</span> <span class='ocrx_word' id='word_1_853' title='bbox 2568 5482 2624 5529; x_wconf 88' lang='lat' dir='ltr'>et</span> <span class='ocrx_word' id='word_1_854' title='bbox 2653 5475 2957 5531; x_wconf 89' lang='lat' dir='ltr'>scientiam</span> <span class='ocrx_word' id='word_1_855' title='bbox 2991 5472 3489 5545; x_wconf 78' lang='lat' dir='ltr'>distinguitur.Ex</span> <span class='ocrx_word' id='word_1_856' title='bbox 3522 5472 3617 5527; x_wconf 89' lang='lat' dir='ltr'>his</span> 
     </span>
    </p>
   </div>
   <div class='ocr_carea' id='block_1_118' title="bbox 1956 5560 3612 5636">
    <p class='ocr_par' dir='ltr' id='par_1_118' title="bbox 1956 5560 3612 5636">
     <span class='ocr_line' id='line_1_119' title="bbox 1956 5560 3612 5636; baseline -0.003 -17"><span class='ocrx_word' id='word_1_857' title='bbox 1956 5564 2154 5636; x_wconf 90' lang='lat' dir='ltr'>opinio</span> <span class='ocrx_word' id='word_1_858' title='bbox 2177 5568 2267 5618; x_wconf 86' lang='lat' dir='ltr'>est</span> <span class='ocrx_word' id='word_1_859' title='bbox 2285 5564 2537 5635; x_wconf 85' lang='lat' dir='ltr'>cognitio</span> <span class='ocrx_word' id='word_1_860' title='bbox 2556 5581 2749 5620; x_wconf 89' lang='lat' dir='ltr'>rerum</span> <span class='ocrx_word' id='word_1_861' title='bbox 2770 5563 3073 5619; x_wconf 89' lang='lat' dir='ltr'>mobilium</span> <span class='ocrx_word' id='word_1_862' title='bbox 3091 5560 3612 5631; x_wconf 74' lang='lat' dir='ltr'>mutabiliumque:</span> 
     </span>
    </p>
   </div>
   <div class='ocr_carea' id='block_1_119' title="bbox 1956 5650 3616 5723">
    <p class='ocr_par' dir='ltr' id='par_1_119' title="bbox 1956 5650 3616 5723">
     <span class='ocr_line' id='line_1_120' title="bbox 1956 5650 3616 5723; baseline -0.004 -14"><span class='ocrx_word' id='word_1_863' title='bbox 1956 5653 2203 5710; x_wconf 86' lang='lat' dir='ltr'>scientia</span> <span class='ocrx_word' id='word_1_864' title='bbox 2276 5652 2694 5723; x_wconf 86' lang='lat' dir='ltr'>immobilium,</span> <span class='ocrx_word' id='word_1_865' title='bbox 2751 5658 2811 5709; x_wconf 91' lang='lat' dir='ltr'>ut</span> <span class='ocrx_word' id='word_1_866' title='bbox 2868 5654 3097 5723; x_wconf 80' lang='lat' dir='ltr'>animae,</span> <span class='ocrx_word' id='word_1_867' title='bbox 3148 5650 3385 5720; x_wconf 85' lang='lat' dir='ltr'>mentis,</span> <span class='ocrx_word' id='word_1_868' title='bbox 3438 5654 3616 5720; x_wconf 90' lang='lat' dir='ltr'>atque</span> 
     </span>
    </p>
   </div>
   <div class='ocr_carea' id='block_1_120' title="bbox 1957 5737 3585 5815">
    <p class='ocr_par' dir='ltr' id='par_1_120' title="bbox 1957 5737 3585 5815">
     <span class='ocr_line' id='line_1_121' title="bbox 1957 5737 3585 5815; baseline -0.004 -16"><span class='ocrx_word' id='word_1_869' title='bbox 1957 5744 2205 5800; x_wconf 87' lang='lat' dir='ltr'>aliorum</span> <span class='ocrx_word' id='word_1_870' title='bbox 2238 5744 2553 5815; x_wconf 85' lang='lat' dir='ltr'>ejusmodi.</span> <span class='ocrx_word' id='word_1_871' title='bbox 2580 5746 2796 5811; x_wconf 87' lang='lat' dir='ltr'>Quarta</span> <span class='ocrx_word' id='word_1_872' title='bbox 2826 5746 2881 5799; x_wconf 88' lang='lat' dir='ltr'>et</span> <span class='ocrx_word' id='word_1_873' title='bbox 2912 5746 3206 5815; x_wconf 86' lang='lat' dir='ltr'>postrema</span> <span class='ocrx_word' id='word_1_874' title='bbox 3236 5737 3491 5809; x_wconf 84' lang='lat' dir='ltr'>cognitio</span> <span class='ocrx_word' id='word_1_875' title='bbox 3522 5754 3585 5793; x_wconf 87' lang='lat' dir='ltr'>es</span> 
     </span>
    </p>
   </div>
  </div>
