4042 6198
328 315 436 376 731

1653 315 2082 378 ΜΠῚΗΑΕΜΒ
2129 317 2399 379 PSEL-LI

3618 324 3740 384 ’132

322 444 742 502 irrationabilis
772 444 978 501 animae
1012 451 1220 503 nostra:
1255 448 1509 505 sensatio
1540 452 1612 521 et,
1634 445 1967 522 phantasia,

2094 446 2367 506 τοιούτων.
2398 448 2633 524 Τετάρτῃ
2655 455 2852 527 γνῶσις
2885 450 2975 506 καὶ
3005 447 3303 523 τελευταία,
3328 452 3364 522 ἡ
3395 458 3497 522 τῆς
3528 451 3740 529 ἀλόγου

322 552 415 592 res
438 534 823 608 particulares
854 538 1329 610 apprehendens.

320 754 411 809 70.
449 752 718 821 Quomodo
748 769 967 828 semper
991 763 1246 824 cperante
1269 756 1394 821 Deo,
1444 771 1553 811 non
1601 770 1813 828 semper
1856 755 1973 824 eius

828 825 1121 880 reddimur
1142 828 1462 898 participes.

397 914 673 982 Quamvis
708 916 855 969 Deus
887 930 1117 984 semper
1138 915 1598 986 operatur,illius
1628 920 1825 972 tamen
1858 934 1974 972 non

327 1021 558 1076 semper
586 1002 867 1074 paticipcs
898 1004 1200 1058 rcddimur
1231 1010 1466 1077 propter
1486 1012 1747 1061 nostram
1772 1007 1975 1078 inepti-

325 1094 591 1150 tudinem
626 1094 695 1146 ad
728 1108 859 1147 cum
895 1093 1317 1165 recipiendum.
1341 1095 1500 1150 sicut
1530 1095 1687 1151 enim
1721 1095 1842 1152 sole
1875 1114 1976 1168 per

327 1182 628 1238 meridiem
663 1181 791 1236 luce
822 1183 1019 1236 omnia
1050 1182 1328 1253 implente
1358 1201 1474 1240 non
1506 1202 1709 1241 omnes
1740 1187 1796 1241 in
1844 1202 1975 1241 eum

323 1269 542 1326 intueri
573 1275 840 1340 possunt,
874 1271 975 1326 sed
1010 1272 1109 1342 qui
1142 1273 1313 1328 ﬁrma
1344 1273 1647 1330 oculorum
1678 1275 1799 1331 acie
1830 1292 1975 1347 gau-

326 1362 488 1424 dent,
520 1359 601 1414 ita
632 1376 733 1414 nec
766 1359 865 1415 Dei
900 1358 1211 1433 participes
1237 1363 1360 1419 ﬁeri
1392 1380 1592 1421 omnes
1623 1371 1865 1437 queunt,
1907 1365 1977 1420 li-

326 1452 415 1505 cet
436 1447 534 1503 ille
556 1448 764 1519 quovis
788 1447 910 1504 sole
933 1448 1393 1520 splendidiorem
1418 1452 1609 1509 lucem
1636 1454 1977 1528 intelligibi-

325 1540 441 1596 lem
474 1536 782 1608 exeril,sed
817 1542 1047 1595 tantum
1080 1539 1163 1595 illi
1198 1543 1298 1613 qui
1330 1542 1786 1601 intellectualem
1817 1563 1979 1603 men-

325 1630 403 1686 tis
436 1626 673 1683 oculum
707 1632 1026 1699 purgatum
1058 1629 1115 1685 in
1150 1632 1347 1688 anima
1378 1650 1485 1689 sua
1518 1640 1749 1707 gerunt.
1780 1639 1887 1693 Sed
1922 1642 1980 1694 et

328 1720 465 1792 ipsa
495 1733 641 1789 pura
672 1732 838 1771 mens
870 1719 1081 1789 saepius
1111 1720 1170 1775 in
1204 1723 1573 1794 percipiendo
1602 1725 1796 1783 divino
1826 1727 1978 1783 labo-

2081 539 2291 613 ψυχῆς,
2326 537 2574 609 αἶ’σθησις
2601 542 2694 595 καὶ
2720 544 2754 611 ἡ
2785 540 3068 617 φαντασία,
3105 546 3342 617 μερικῶν
3397 544 3746 621 πραγμάτων

2081 624 2638 702 ἀντιλαμϐανόμεναι.

2082 754 2147 828 ρ’.
2182 758 2305 816 Πῶς
2337 755 2439 810 οὐκ
2469 755 2547 811 ἀεὶ
2579 758 2879 847 μετέχομεγ
2906 761 3004 811 τοῦ
3059 761 3213 827 Θεοῦ,
3261 757 3341 813 ἀεὶ
3386 758 3747 836 ἀνεργοῦντος

2817 849 3002 886 αυτου.

2156 914 2227 969 Οὐ
2272 915 2572 991 μετέχομεν
2603 919 2682 975 ἀεὶ
2731 922 2827 973 τοῦ
2878 924 3034 986 Θεοῦ,
3086 920 3130 974 εί
3162 920 3250 974 καὶ
3284 920 3363 974 ἀεὶ
3395 919 3601 994 ἐνεργεῖ
3656 922 3747 975 οὗ·

2084 1026 2175 1067 τος
2239 1002 2328 1059 διὰ
2401 1008 2499 1075 τήν
2567 1007 2837 1083 ἡμετέραν
2908 1006 3395 1080 ἀνεπιτηδειότητα
3448 1011 3585 1084 πρὸς
3639 1012 3743 1078 τήν

2091 1098 2338 1171 μέθεξιν.
2419 1101 2618 1175 Ὠσπερ
2697 1103 2795 1177 γάρ
2871 1110 2969 1161 τοῦ
3020 1102 3188 1173 ἡλίου
3239 1103 3301 1157 τὸ
3361 1098 3741 1177 μεσημϐρινὸν

2086 1189 2296 1244 ἅπαντα
2342 1186 2879 1268 καταλαμϐάνοντος,
2936 1195 2998 1250 οὗ
3053 1193 3246 1254 πάδτες
3305 1192 3381 1253 εἷς
3437 1192 3597 1247 αὐτὸν
3654 1192 3741 1246 ὲν-

2089 1279 2339 1349 ατενίζειν
2402 1277 2673 1349 δύνανται,
2708 1281 2835 1341 ἀλλ’
2867 1287 2917 1339 οἱ
2950 1282 3255 1361 ἐρῥωμένον
3304 1282 3394 1337 τὸν
3447 1280 3739 1359 ὀφθαλμὸν

2088 1367 2326 1445 ἔχοντα’
2361 1368 2533 1432 οὕτως
2562 1370 2687 1426 οὐδὲ
2715 1378 2811 1428 τοῦ
2842 1379 2974 1429 Θεοῦ
3005 1375 3197 1433 πάντες
3253 1372 3497 1445 μετέχειν
3542 1369 3742 1425 δύναν-

2086 1479 2194 1527 ται,
2244 1458 2339 1513 κᾶν
2400 1458 2599 1523 ἐκεῖνος
2658 1461 2788 1538 ὑπὲρ
2838 1462 3002 1533 ἥλιον
3064 1463 3145 1517 ἀεὶ
3184 1460 3247 1516 τὸ
3282 1461 3476 1530 νοητὸν
3510 1465 3627 1539 φῶς
3660 1459 3745 1532 ἐξ,

2088 1548 2279 1620 απλοῖ,
2341 1548 2485 1608 ἀλλὰ
2544 1553 2702 1621 μόνοι
2761 1555 2811 1609 οἱ
2838 1557 2897 1610 τὸ
2927 1555 3112 1630 νοερὸν
3146 1551 3303 1626 ὄμμα
3331 1552 3742 1628 κεκαθαρμένον

2087 1640 2139 1695 ἒν
2195 1645 2263 1715 τῇ
2314 1644 2467 1716 ψυχῇ
2500 1643 2772 1719 φέροντες.
2809 1642 3019 1718 Κάμνδι
3065 1641 3120 1698 δὲ
3151 1640 3419 1704 πολλάκις
3453 1642 3544 1697 καὶ
3578 1641 3741 1703 aito:

2088 1733 2115 1787 ὁ
2147 1731 2379 1805 καθαρὸς
2407 1736 2529 1795 νοῦς
2564 1734 2697 1807 πρὸς
2752 1736 2852 1804 τήν
2905 1735 3193 1808 ἀντίληψιν
3249 1737 3356 1787 τῶν
3418 1732 3576 1795 θείων
3640 1732 3742 1787 αὖ·

327 1817 421 1868 rat
455 1811 784 1884 splendore,
819 1808 1095 1883 quoniam
1130 1828 1242 1867 non
1276 1812 1515 1870 omnino
1546 1814 1731 1872 libera
1760 1820 1818 1872 et
1867 1817 1977 1874 im-

2094 1824 2220 1895 γῶν,
2281 1818 2418 1875 διότι
2478 1818 2577 1874 οὐκ
2622 1817 2764 1876 ἔστιν
2818 1820 3098 1897 ἐλεύθερος
3132 1818 3256 1876 οὐδὲ
3285 1818 3621 1874 παντάπασιν
3651 1817 3741 1873 ἆυ.

327 1901 670 1972 materialis,
703 1901 805 1957 sed
838 1901 1096 1958 materiae
1134 1906 1191 1957 et
1222 1903 1449 1975 corpori
1501 1909 1591 1961 est
1640 1907 1970 1978 conjuncta.

324 1990 446 2047 Erit
475 1993 697 2059 autem,
732 1990 967 2062 quando
998 1996 1128 2063 post
1158 1991 1511 2049 solutionem
1544 2012 1577 2050 a
1631 2011 1871 2069 corpore
1919 2001 1978 2053 et

325 2084 627 2151 speratam
660 2080 1115 2151 restitutionem,
1148 2080 1273 2137 sine
1303 2082 1742 2142 intermissione
1791 2086 1975 2143 aciem

324 2168 385 2223 in
420 2173 599 2225 Deum
633 2168 921 2225 intentam
954 2169 1213 2227 habebit.

618 2276 707 2333 74.
740 2279 882 2333 Num
912 2278 1045 2349 quid
1074 2280 1132 2334 in
1162 2280 1375 2351 angelis
1400 2281 1472 2337 sit
1495 2283 1678 2339 mali?

392 2366 708 2439 Gregorius
737 2367 1067 2440 Theologus
1099 2369 1371 2426 Oratione
1400 2370 1458 2426 in
1508 2373 1724 2429 Christi
1770 2375 1974 2430 nativi-

322 2459 501 2512 tatem
534 2456 770 2527 angelos
802 2458 871 2512 ad
904 2457 1125 2514 malum
1157 2461 1375 2516 moveri
1410 2478 1580 2533 posse
1606 2468 1797 2535 negat.
1848 2465 1973 2521 Non

326 2546 608 2618 ignorans
640 2550 836 2602 tamen
870 2547 1190 2619 diabolum,
1227 2550 1471 2621 angelus
1501 2569 1633 2607 cum
1667 2558 1975 2620 esset,ma-

338 2635 459 2691 lum
494 2636 710 2691 factum
762 2652 910 2707 esse,
963 2637 1276 2694 difficulter
1323 2641 1530 2696 saltem
1578 2642 1713 2699 illos
1762 2646 1975 2700 moveri

340 2741 513 2795 posse
545 2724 756 2780 innuit.
793 2730 865 2780 At
911 2726 1294 2799 sapientiores
1335 2729 1687 2799 Graecorum,
1738 2734 1978 2806 angelos

334 2815 452 2870 Deo
481 2815 782 2886 proximos
815 2832 881 2870 ac
913 2816 1091 2872 veluti
1126 2818 1181 2871 in
1215 2818 1438 2874 foribus
1468 2820 1794 2878 divinitatis
1842 2840 1978 2879 con-

325 2905 565 2961 stitutos
599 2905 975 2976 arbitrantes,
1009 2907 1147 2962 mali
1183 2909 1495 2982 participes
1527 2911 1650 2967 ﬁeri
1682 2930 1854 2984 posse
1885 2914 1975 2969 in-

332 2994 775 3051 ﬁciantur.Cum
809 2996 965 3052 enim
1000 2997 1217 3053 silentii
1249 2999 1429 3054 divini
1459 3001 1577 3056 sint
1606 3002 1975 3077 interpretes,

319 3083 717 3154 bonitatisque
749 3086 966 3155 nuntii,
1000 3089 1313 3158 quomodo,
1348 3088 1652 3162 inquiunt,
1676 3092 1815 3147 mali
1849 3110 1977 3151 esse

2087 1908 2203 1980 λος,
2236 1908 2363 1966 ἀλλ’
2392 1905 2580 1973 ἔνυλος
2610 1910 2700 1966 καὶ
2755 1912 3088 1985 σωματικάς.
3141 1912 3327 1966 Ἔσται
3363 1908 3419 1965 δὲ
3446 1908 3556 1979 ὅτε,
3609 1909 3744 1982 μετᾶ

2080 2000 2180 2068 τήν
2231 2003 2327 2054 τοῦ
2395 2000 2649 2074 σώματος
2731 2001 2994 2058 ἀπόλυσιν
3068 2000 3157 2056 καὶ
3213 2002 3313 2069 τὴν
3371 1998 3739 2071 ἐλπιζομένην

2083 2086 2539 2162 ἀποκατάστασιν,
2571 2087 2834 2162 διηνεκῶς
2866 2091 3093 2146 ἀτενίσει
3126 2094 3264 2162 Θεῷ.

2405 2287 2503 2345 οα’.
2537 2286 2601 2344 Εἴ
2633 2286 2742 2343 ἔστι
2774 2308 2825 2342 τι
2858 2286 2908 2342 έν
2937 2285 3194 2363 ἀγγέλοις
3222 2281 3410 2341 κακόν.

2155 2378 2211 2430 Ὀ
2273 2375 2366 2449 μὲν
2400 2373 2666 2452 Θεολόγος
2726 2377 3028 2452 Γρηγόριος
3089 2375 3141 2430 ὲν
3186 2380 3306 2436 τοῖς
3354 2378 3450 2429 τοῦ
3500 2374 3745 2448 Χριστοῦ

2084 2465 2384 2542 γενεθλίοις
2422 2464 2677 2541 βούλεται
2730 2467 2823 2539 μὲν
2862 2467 3154 2536 ἀκινήτους
3212 2465 3337 2520 εἶναι
3395 2461 3522 2524 τοὺς
3578 2461 3743 2537 ἀγγε-

2086 2556 2216 2619 λους
2249 2556 2385 2633 πρὸς
2430 2556 2492 2610 τὸ
2549 2555 2736 2611 κακόν.
2772 2553 2950 2619 Εἰδὼς
2980 2552 3037 2610 δὲ
3066 2556 3157 2610 τὸν
3191 2549 3471 2623 διάϐολον,
3502 2549 3743 2626 ἄγγελον

2091 2646 2184 2719 μὶν
2237 2641 2385 2713 ὄντα,
2444 2646 2608 2699 κακὸν
2663 2643 2719 2700 δὲ
2774 2646 3069 2721 γεγονότα,
3124 2641 3478 2714 δυσκινήτους
3536 2640 3741 2703 αὐτοὺς

2088 2736 2461 2815 ἀποφαίνεται.
2515 2736 2580 2793 Οἱ
2613 2734 2670 2790 δὲ
2700 2736 3000 2812 σοφώτεροι
3049 2739 3155 2790 τῶν
3189 2733 3471 2805 Ἑλλήνων
3504 2730 3554 2787 ὲν
3590 2752 3739 2807 προ-

2086 2824 2271 2897 θόροις
2324 2828 2419 2880 τοῦ
2470 2822 2602 2880 Θεοῦ
2657 2824 2785 2887 τοὺς
2844 2823 3113 2899 ἀγγέλους
3177 2823 3409 2883 ἑστῶτας
3466 2820 3739 2893 οῗόμενοι,

2089 2916 2398 2990 ἀμετόχους
2423 2912 2618 2976 αὐτοὺς
2646 2918 2743 2970 τοῦ
2795 2917 2962 2969 κακοῦ
3016 2934 3163 2991 φασι.
3212 2912 3351 2973 Τοὺς
3409 2911 3513 2986 γὰρ
3557 2909 3737 2984 ἀπαγ-

2085 3002 2385 3082 γέλλοντας
2414 3004 2513 3073 τὴν
2566 3004 2706 3068 θείαν
2741 3005 2919 3079 σιγὴν,
2969 3002 3059 3057 καὶ
3102 3003 3165 3057 τὸ
3209 3000 3401 3077 ἀγαθὸν
3453 2998 3740 3077 ἐκφαίνον-

2086 3116 2202 3163 τας,
2260 3099 2377 3156 πῶς
2439 3094 2496 3148 ἃν
2557 3095 2717 3171 φασὶν
2776 3095 2910 3148 εἶναι
2968 3092 3201 3159 κακοόςς
3245 3089 3739 3167 Ἀφομοιοῦσιγὰρ

321 3174 611 3243 possunt?
644 3174 988 3245 angelorum
1020 3176 1237 3249 quippe
1269 3194 1455 3248 genus
1483 3181 1974 3251 assimilantDeo,

2094 3184 2149 3239 τὸ
2180 3181 2464 3259 ἀγγελικὸν
2516 3181 2687 3261 φῦλον
2731 3188 2812 3255 τῶ
2837 3183 2952 3254 Θεῷ
3005 3182 3095 3259 ἀφ’
3153 3179 3215 3235 οὗ
3272 3180 3589 3253 ἐξήρτηται,
3644 3176 3740 3232 *ίνα

321 3279 350 3318 a
385 3279 496 3333 quo
531 3264 839 3335 dependet,
875 3270 939 3320 ut
969 3283 1073 3337 per
1101 3284 1309 3338 puram
1344 3268 1792 3328 similitudinem
1844 3290 1975 3344 pro-

320 3352 629 3425 prietatem
681 3354 808 3425 eius
864 3355 1048 3426 possit
1108 3355 1448 3414 hominibus
1509 3365 1709 3417 notam
1768 3363 1975 3420 facere.

318 3442 574 3515 Angelos
606 3460 776 3516 porro
810 3449 1017 3502 vocant
1046 3445 1349 3504 universas
1382 3466 1508 3521 qua:
1534 3451 1643 3506 sub
1675 3451 1789 3508 Deo
1818 3454 1980 3525 [sunt

319 3536 663 3605 potestates.

600 3624 691 3677 72.
725 3624 870 3678 Num
902 3626 1277 3697 incorporalia
1306 3629 1421 3683 sint
1450 3630 1509 3683 in
1541 3631 1653 3687 loco
1676 3631 1703 3685 ‘2

392 3713 618 3783 Corpus
649 3719 705 3767 et
736 3713 1102 3785 incorporale
1134 3716 1243 3771 sibi
1276 3724 1677 3789 opponuntur.
1710 3721 1768 3775 Si
1800 3722 1983 3795 igitur

321 3817 535 3872 corpus
566 3801 624 3855 in
657 3801 782 3857 loco
814 3808 923 3869 est,
959 3804 1325 3876 incorporale
1355 3824 1469 3862 non
1504 3809 1682 3865 estin
1722 3812 1870 3868 loco.
1920 3800 1980 3869 εἰ

322 3889 477 3946 enim
512 3890 611 3945 uni
645 3891 1051 3961 oppositorum
1074 3894 1185 3949 erit
1210 3912 1393 3951 unum
1418 3914 1449 3953 e
1470 3901 1980 3967 contrariis,alteri

324 3978 575 4035 alterum
625 3978 759 4036 erit.
815 3982 1016 4052 Itaque
1066 3983 1115 4038 si
1162 3987 1389 4056 corpori
1441 3990 1594 4058 quod
1628 3989 1979 4065 incorporali

325 4067 688 4125 contrarium
736 4074 825 4124 est
875 4072 1152 4143 competit
1193 4089 1323 4130 esse
1355 4076 1413 4131 in
1446 4075 1592 4147 loco,
1627 4081 1979 4155 incorporali

325 4162 618 4230 competet
649 4175 763 4214 non
797 4176 946 4216 esse.
984 4161 1128 4218 Nam
1162 4168 1215 4218 et
1248 4182 1374 4236 quas
1424 4169 1657 4240 proprie
1707 4173 1980 4246 incorpo-

322 4246 469 4302 ralia
500 4252 657 4316 sunt,
685 4250 1093 4320 praestantiora
1122 4262 1460 4326 sunt,quam
1495 4262 1560 4313 ut
1591 4259 1710 4316 sint
1741 4262 1798 4317 in
1830 4262 1977 4333 loco,

325 4353 516 4408 neque
546 4337 810 4395 localiter
835 4341 1180 4412 corporibus
1208 4349 1347 4399 sunt
1372 4350 1703 4417 praesentia,
1739 4354 1841 4409 sed
1895 4372 1979 4411 re-

326 4426 566 4495 latione,
602 4428 684 4483 uti
718 4428 918 4484 anima
947 4436 1080 4501 post
1126 4433 1475 4492 solutionem
1528 4456 1560 4493 a
1603 4456 1865 4513 corpore,
1929 4446 1979 4502 si

2091 3272 2179 3329 διά
2232 3276 2331 3342 τῆς
2361 3274 2689 3351 ἀκραιφνοῦς
2739 3273 3071 3345 ὁμοιότητος
3102 3268 3364 3348 ἐκφαίνειν
3397 3269 3563 3324 αὐτοῦ
3620 3273 3739 3329 τοῖς

2088 3367 2396 3441 ἀνθρώποις
2442 3365 2541 3433 τὴν
2594 3361 2846 3435 ῗδιότητα
2893 3360 3138 3433 δύνηται.
3185 3358 3486 3436 Ἀγγὲλους
3546 3356 3606 3414 δὶ
3643 3358 3740 3419 τὰς

2092 3456 2225 3529 μετά
2257 3455 2382 3510 Θεὸν
2413 3455 2585 3515 πάσας
2618 3451 2873 3527 δυνάμεις
2901 3451 3386 3524 κατονομάζουσιν.

2469 3634 2571 3709 οβ’.
2606 3634 2664 3689 Ei
2699 3632 2751 3689 έν
2781 3632 2934 3705 τόπῳ
2961 3633 3029 3687 τὰ
3059 3631 3341 3703 ἀσώματα.

2161 3725 2407 3783 Ἐναντία
2438 3724 2539 3780 εἰσὶ
2578 3725 2639 3780 τὸ
2672 3729 2829 3798 σῶμα
2885 3724 2971 3778 καὶ
3033 3723 3093 3777 τὸ
3152 3720 3463 3793 ἀσώματον.
3520 3718 3587 3775 Εἴ
3643 3716 3736 3773 οὖν

2088 3817 2151 3872 τὸ
2209 3821 2367 3888 σῶμα
2425 3814 2476 3869 έν
2533 3813 2708 3886 τόπῳ,
2765 3814 2828 3868 τὸ
2884 3812 3172 3886 ἀσώματον
3230 3810 3331 3865 οὐκ
3359 3809 3409 3863 ἐν
3439 3810 3615 3880 τόπῳ.
3675 3806 3740 3862 Εἰ

2089 3906 2193 3983 γὰρ
2259 3910 2339 3977 τῷ
2391 3904 2614 3977 ἐναντίῳ
2667 3904 2729 3960 τὸ
2787 3902 3043 3973 ἐναντίον,
3115 3901 3203 3955 καὶ
3264 3904 3341 3971 τῷ
3392 3898 3622 3971 ένανκίῳ
3677 3896 3741 3952 τὸ

2090 3996 2349 4051 ἐνάντιον.
2385 3995 2534 4061 Οἷον,
2566 3993 2611 4048 εἰ
2640 3998 2721 4066 τῷ
2749 3992 2961 4065 σώματι
2991 3991 3055 4046 τὸ
3082 3989 3213 4045 εἶναι
3237 3988 3287 4044 ἐν
3310 3988 3484 4060 τόπῳ,
3518 3986 3743 4060 ἐναντίῳ

2090 4082 2204 4141 ὄντι
2227 4084 2307 4158 τῷ
2336 4085 2611 4159 ἀσωμάτῳ
2638 4086 2701 4140 τὸ
2738 4084 2813 4159 μὴ
2848 4083 2898 4137 ὲν
2927 4080 3079 4154 τόπῳ
3110 4081 3261 4137 εἶναι.
3291 4078 3372 4136 Τὰ
3402 4079 3506 4152 γὰρ
3536 4076 3745 4153 κυρίως

2091 4176 2391 4249 ἀσώματα,
2448 4175 2731 4251 κρεῖττόνα
2786 4173 2888 4227 εἶσι
2944 4170 3178 4241 τούτου,
3238 4170 3328 4224 καὶ
3378 4172 3626 4230 τοπικῶς
3683 4165 3745 4223 οὗ

2088 4266 2302 4333 πάρεισι
2353 4269 2472 4326 τοῖς
2529 4265 2766 4336 σώμασι,
2798 4265 2866 4336 τῇ
2899 4260 2955 4315 δὲ
2986 4260 3170 4335 σχέσει
3227 4258 3471 4333 πάρεισιν
3526 4256 3744 4319 αὐτοῖς·

2090 4353 2204 4409 οἶόν
2230 4375 2281 4408 τι
2315 4352 2481 4428 λέγω
2536 4356 2571 4422 ἡ
2630 4353 2781 4428 ψυχὴ
2849 4351 2980 4425 μιτά
3038 4348 3300 4404 ἀπόλυσιν
3358 4349 3457 4416 τὴν
3504 4346 3614 4401 ἀπὸ
3646 4350 3745 4402 τοῦ

2092 4444 2363 4516 σώματος,
2426 4442 2471 4497 εἷ
2532 4442 2625 4515 μὶν
2683 4445 2934 4515 καθαρῶς
2991 4437 3284 4513 ἀπαλλαγῇ
3346 4436 3434 4492 καὶ
3496 4436 3743 4505 ἀπαθῶς,

329 4532 497 4617 pura.
532 4520 588 4572 et
632 4518 939 4575 affectibus
990 4520 1173 4578 libera
1203 4525 1560 4595 discesserit,
1594 4548 1706 4588 non
1741 4534 1977 4591 habebit

2094 4532 2188 4588 οὐκ
2236 4530 2351 4607 ἔχει
2411 4531 2594 4607 σχέσιν
2641 4530 2775 4606 πρὸς
2803 4532 2865 4585 τὸ
2920 4534 3078 4601 σῶμα
3112 4526 3141 4582 ὅ
3179 4526 3567 4583 ἀπολέλοιπεν·
3605 4525 3655 4580 εἷ
3689 4524 3746 4580 δί

329 4604 673 4661 relationem
698 4608 769 4662 ad
794 4625 1007 4681 corpus
1032 4614 1185 4682 quod
1211 4614 1528 4688 reliquit.Si
1551 4636 1683 4677 vero
1707 4624 1978 4680 aﬂ'ectum

330 4696 665 4762 servaverit,
691 4702 850 4753 amat
876 4699 933 4754 id
967 4701 1141 4757 etiam
1174 4703 1458 4775 solutum,
1492 4713 1549 4765 et
1579 4714 1794 4770 amoris
1828 4715 1978 4771 rela-

328 4785 489 4840 tione
516 4802 722 4843 versus
753 4786 897 4842 illud
930 4789 1196 4861 fertur,et
1227 4795 1563 4856 substantia
1605 4801 1841 4874 quidem
1891 4810 1979 4863 at-

331 4891 446 4946 que
477 4875 732 4931 essentia
762 4879 988 4950 corpori
1020 4879 1383 4954 incorporale
1415 4904 1529 4944 non
1562 4895 1652 4947 est
1698 4908 1977 4966 praasens,

333 4964 541 5058 aﬂ‘ectu
593 4968 789 5022 tamen
839 4970 1073 5038 quando
1114 4972 1239 5029 vult
1284 4975 1357 5031 ad
1413 4975 1558 5035 illud
1617 4981 1796 5039 veluti
1852 4964 1981 5058 pro-

336 5052 505 5124 repit.

734 5147 823 5202 73.
857 5147 999 5205 Num
1029 5153 1265 5208 materia
1292 5156 1369 5211 sit
1400 5156 1584 5214 bona?

403 5232 564 5290 Plato
588 5233 973 5310 philosophus
1003 5239 1060 5295 in
1094 5243 1291 5301 Time
1322 5250 1625 5305 materiam
1655 5252 1813 5308 velut
1862 5269 1982 5309 ma-

330 5326 478 5377 trem
510 5329 566 5378 et
597 5326 881 5383 nutricem
913 5333 1307 5400 generationis
1336 5351 1530 5393 rerum
1576 5340 1978 5411 pulchrarum,

334 5428 693 5484 causamque
725 5416 941 5472 sociam
976 5420 1288 5479 creationis
1322 5425 1528 5481 mundi
1560 5429 1856 5498 praedicat;
1880 5431 1980 5486 sed

337 5500 435 5554 ubi
468 5500 696 5558 Eleates
726 5504 937 5575 hospes
969 5506 1385 5582 loquitur,ipsa
1416 5531 1593 5570 causa
1615 5518 1983 5575 esse‘dicitur

337 5589 787 5648 inordinationis
820 5592 876 5647 in
911 5595 1207 5653 universo.
1239 5602 1311 5653 At
1354 5602 1407 5655 in
1460 5602 1700 5661 Philebo
1750 5607 1981 5681 dialogo

337 5695 463 5735 eam
498 5696 532 5735 a
557 5679 674 5738 Deo
705 5686 997 5754 repetens,
1033 5687 1293 5745 divinam
1326 5694 1382 5747 et
1412 5692 1571 5765 {quia
1616 5714 1649 5754 a
1694 5697 1809 5755 Deo
1856 5679 1982 5772 pro-

2091 4622 2368 4695 ἐμπαθῶς,
2431 4622 2611 4697 ἀγαπᾷ
2663 4621 2796 4676 αὐτὸ
2847 4619 2936 4675 καὶ
2996 4615 3267 4684 διαλυθὲν,
3326 4616 3413 4671 καὶ
3464 4618 3498 4684 ἡ
3547 4616 3736 4690 ἀγάπη

2090 4714 2278 4787 σχέσις
2335 4711 2470 4786 πρὸς
2527 4709 2679 4779 αὐτὸ,
2730 4708 2819 4765 καὶ
2876 4708 3165 4764 ὑποστάσει
3228 4707 3322 4779 μὶν
3378 4708 3414 4775 ἡ
3473 4704 3634 4775 οὐσία
3679 4704 3740 4759 οὐ

2088 4800 2312 4873 πάρεστι
2342 4801 2405 4855 τὸ
2437 4799 2724 4873 ἀσώματον
2755 4804 2835 4871 τῷ
2866 4800 3101 4872 σώματι,
3137 4795 3284 4873 ῥέπει
3318 4792 3377 4850 δὲ
3424 4793 3561 4870 πρὸς
3608 4792 3739 4849 αὐτὸ

2089 4890 2213 4946 ’ὁταν
2246 4888 2536 4966 βούληται.

2587 5156 2687 5230 ογ’.
2738 5154 2801 5209 El
2841 5152 3006 5209 καλὸν
3040 5154 3075 5221 ἡ
3109 5149 3239 5221 ὕλη.

2161 5244 2387 5301 Πλάτων
2422 5246 2449 5300 ὁ
2483 5243 2781 5323 φιλόσοφος
2816 5244 2865 5299 ἐν
2929 5243 3021 5316 μὶν
3052 5246 3132 5313 τῷ
3161 5238 3383 5313 Τιμαίῳ
3415 5238 3628 5313 μητέρα
3652 5238 3743 5293 καὶ

2089 5336 2307 5405 τιθηνὸν
2364 5336 2463 5403 τῆς
2536 5338 2643 5389 τῶν
2722 5332 2905 5388 καλῶν
2978 5330 3259 5406 γενέσεως,
3315 5327 3404 5383 καὶ
3462 5328 3736 5383 συναιτίαν

2089 5432 2187 5493 τῆς
2243 5428 2339 5480 τοῦ
2387 5420 2598 5496 κόσμου
2674 5421 3037 5498 δημιουργίας
3095 5417 3261 5489 αὐτὴν
3335 5416 3687 5496 ἀποφαίνεται
3722 5435 3735 5449 ·

2093 5514 2143 5569 ἐν
2204 5511 2260 5568 δὲ
2320 5517 2437 5576 τοῖς
2492 5512 2588 5568 τοὺ
2651 5510 2903 5567 Ἐλεάτου
2930 5512 3080 5583 ξένου
3112 5507 3325 5582 λόγοις,
3356 5507 3535 5561 αἰτίαν
3565 5505 3734 5575 αὐτὴν

2093 5603 2236 5680 λέγει
2290 5610 2389 5671 τῆς
2445 5606 2541 5658 τοῦ
2598 5603 2796 5664 παντὸς
2848 5600 3086 5670 ἀταξίας.
3140 5599 3228 5654 Ἐν
3273 5594 3329 5652 δὲ
3382 5602 3463 5669 τῷ
3492 5594 3735 5671 διαλόγῳ

2090 5699 2168 5767 τῷ
2216 5691 2546 5767 καλουμένῳ
2579 5687 2838 5764 Φιλήϐῳ,
2897 5689 3001 5746 ἀπὸ
3058 5690 3193 5747 Θεοῦ
3237 5686 3327 5743 καὶ
3355 5684 3557 5757 ταύτην
3598 5705 3732 5762 παρι-
