4042 6198
214 329 326 412 733

1373 330 1474 390 DE
1521 329 1963 390 OMNIFARIA
2007 332 2428 393 DOCTItINA.

3489 331 3612 392 734

209 460 356 536 ἄγων,
403 457 579 524 ἔνθεον
639 459 809 530 αὐτὴν
857 462 946 516 καὶ
1003 460 1199 538 ἀγαθὸν
1256 459 1345 517 διὰ
1395 463 1491 532 τὴν
1556 462 1660 516 ἀπὸ
1709 465 1842 517 Θεοῦ

1971 471 2130 536 gnata
2161 468 2252 520 est
2285 466 2499 520 bonam
2532 464 2804 520 affirmat.
2837 467 3056 518 Verum
3083 461 3323 517 Proclus
3356 461 3612 534 philoso-

211 551 420 627 γᾶννεσιν
479 550 856 628 ἀποφαίνεται.
905 551 1159 627 Πρόκλος
1218 549 1275 606 δὲ
1328 553 1355 606 6
1397 549 1696 629 φιλόσοφος
1726 547 1848 605 οὔτε

210 640 382 716 ἀγαθὸν
442 639 608 708 αὐτὴν
670 639 841 695 οἷέται
874 638 998 696 οὔτε
1054 640 1240 697 κακόν.
1301 642 1390 704 Ὡς
1423 641 1515 712 μὲν
1548 640 1650 715 γὰρ
1684 636 1846 714 ἔσχα-

210 750 286 783 τον
333 733 434 783 τῶν
495 725 668 783 ὄντων
728 729 817 784 καὶ
879 730 1069 806 πόρῥω
1098 734 1194 785 τοῦ
1253 730 1480 806 ἀγαθοῦ,
1513 729 1612 784 οὐκ
1645 729 1845 804 ἀγαθὸν

213 816 363 892 λέγει.
424 817 498 880 ὡς
560 815 618 873 δὲ
676 818 850 874 αἰτίαν
921 817 1345 895 δημιουργικὴν,
1397 817 1592 880 ἕντοῖς
1626 819 1846 895 ἀγαθοῖς

211 906 624 981 ἀναγκαζόμενος
671 909 893 974 τιθέναι,
951 909 1119 980 μέσην
1174 909 1339 976 αὐτὴν
1372 912 1467 962 τοῦ
1497 908 1699 984 ἀγαθοῦ
1757 907 1846 961 καὶ

213 1002 296 1053 τοῦ
323 1001 486 1052 κακοῦ
517 998 686 1060 τιθεὶς
719 998 1001 1072 ἀναγκαῖον
1031 996 1379 1071 ἐπονομάζει.
1420 997 1496 1053 Τὸ
1526 997 1627 1072 γὰρ
1673 993 1846 1058 ἐνδεὲς

215 1086 361 1155 αὐτῆς
386 1091 492 1140 τῶν
535 1085 772 1162 ἀγαθῶν,
824 1086 1095 1142 συντελεῖν
1131 1086 1277 1163 λέγει
1307 1086 1445 1161 πρὸς
1468 1087 1566 1156 τὴν
1598 1090 1704 1140 τῶν
1736 1085 1847 1140 αἷσ-

217 1181 378 1246 θητῶν
408 1177 803 1250 δημιουργίαν,
833 1175 966 1253 ὅπερ
1000 1176 1292 1250 ἀναγκαῖόν
1327 1175 1459 1231 ἐστι.

242 1288 328 1349 03'.
359 1290 486 1365 Περὶ
517 1298 619 1362 τῆς
668 1292 803 1366 πρὸς
835 1292 897 1347 τὸ
924 1298 1077 1347 Θεῖον
1107 1297 1215 1347 τῶν
1249 1294 1431 1357 ὄντων¹
1455 1290 1808 1367 ἐπιστροφῆς.

274 1394 380 1444 Τῶν
436 1389 583 1466 παρά
641 1395 774 1445 Θεοῦ
818 1391 924 1445 ἀπὸ
981 1395 1076 1444 τοῦ
1139 1392 1214 1463 μή
1277 1386 1432 1454 ὄντος
1480 1390 1554 1452 εἰς
1592 1391 1654 1445 τὸ
1713 1390 1844 1456 εἶναι

219 1479 610 1554 παραχθέντων,
667 1480 736 1534 τὰ
795 1481 888 1553 μὲν
919 1473 1031 1534 ἔστι
1092 1481 1256 1552 μόνον
1287 1475 1434 1548 ὄντα,
1468 1480 1542 1543 ὡς
1569 1479 1636 1534 τὰ
1660 1476 1848 1553 ἄψυχα

219 1570 445 1642 σώματα,
499 1569 564 1623 τὰ
597 1565 655 1623 δὲ
679 1568 767 1624 καὶ
809 1565 936 1624 ὅντα
965 1569 1054 1624 καὶ
1115 1573 1310 1638 ζῶντα,
1359 1568 1448 1624 καὶ
1497 1573 1739 1640 νοοῦντα,
1772 1569 1846 1630 ὡς

217 1659 266 1713 αἱ
322 1657 486 1734 ψυχαὶ
546 1659 636 1713 καὶ
687 1659 738 1712 οἱ
770 1659 911 1720 νόες.
961 1661 1224 1714 "Exue-10v
1285 1656 1378 1713 οὖν
1435 1659 1569 1734 πρὸς
1595 1658 1684 1712 τὸν
1719 1658 1846 1712 Θεὸν

218 1747 298 1825 ἀφ’
347 1745 403 1802 οὗ
454 1749 716 1824 παρήχθη
751 1749 886 1802 κατᾶ
931 1749 1029 1817 τήν
1056 1745 1194 1803 ἰδίαν
1255 1745 1476 1822 ὕπαρξιν
1515 1746 1843 1825 ἐπιστρέφει,

1959 552 2111 624 phus
2161 570 2350 626 neque
2402 554 2616 609 bonam
2665 552 2828 607 illam
2881 555 3050 624 putat
3097 567 3284 622 neque
3335 550 3550 606 malam
3598 569 3611 607 :

1958 647 2251 714 quatenus
2283 643 2436 698 cnim
2470 643 2695 698 entium
2727 643 2998 696 intimum
3027 640 3186 707 sit,et
3217 657 3248 694 a
3281 640 3432 694 bono
3464 641 3616 709 prin-

1959 731 2132 803 cipali
2165 731 2398 804 longius
2433 731 2909 794 remotum,haud
2929 730 3200 803 equidem
3226 731 3439 784 bonam
3463 744 3610 784 esse:

1960 825 2251 894 quatenus
2280 837 2414 876 vero
2445 838 2682 876 causam
2717 820 3143 891 demiurgicam
3169 817 3500 872 necessario
3524 834 3612 872 ac-

1958 926 2195 965 censere
2228 911 2398 965 bonis
2429 911 2677 982 cogitur,
2709 909 2959 964 mediam
3011 924 3139 962 eam
3190 905 3342 962 inter
3395 907 3612 962 bonum

1957 999 2299 1072 malumque
2335 999 2499 1071 ponit
2520 1003 2575 1054 ct
2598 997 2857 1070 appellat
2876 996 3614 1053 necessitatemDefectum

1955 1089 2110 1145 enim
2144 1089 2242 1160 qui
2275 1089 2331 1143 in
2367 1089 2464 1144 illa
2491 1093 2580 1144 est
2628 1088 2930 1154 bonitatis,
2965 1087 3228 1142 conferre
3276 1085 3358 1140 ait
3407 1087 3477 1141 ad
3513 1087 3592 1140 fa-

1957 1178 2160 1234 cienda
2191 1178 2448 1246 sensilia,
2485 1179 2638 1250 quod
2675 1178 2869 1249 ipsum
2902 1175 3273 1232 necessitatis
3303 1179 3412 1232 est.

2226 1295 2314 1348 74.
2349 1296 2422 1350 De
2446 1295 2692 1350 ventium
2723 1293 3032 1350 reversione
3065 1291 3142 1349 ad
3170 1293 3359 1347 Deum.

2030 1394 2238 1448 Rerum
2271 1409 2419 1465 quas
2441 1393 2594 1448 Deus
2614 1409 2748 1448 cum
2784 1408 2899 1447 non
2924 1394 3122 1446 essent
3155 1389 3288 1444 fecit
3309 1387 3608 1455 exsistere,

1958 1483 2074 1540 alia
2091 1487 2230 1538 sunt
2251 1484 2663 1538 tantummodo
2691 1481 2871 1550 entia,
2896 1484 2961 1536 ut
2983 1495 3226 1551 corpora
3264 1477 3611 1543 inanimata,

1957 1571 2072 1628 alia
2101 1572 2258 1628 entia
2302 1576 2359 1626 et
2408 1570 2661 1627 viventia
2709 1586 2942 1643 quoque
2990 1573 3046 1625 et
3095 1567 3501 1640 intelligentia,
3548 1571 3620 1622 ut

1957 1661 2164 1718 animae
2195 1677 2260 1718 ac
2292 1666 2536 1717 mentes.
2569 1661 2654 1715 Ad
2685 1660 2870 1716 Deum
2905 1659 3087 1732 igitur
3114 1676 3148 1714 a
3192 1675 3306 1730 quo
3356 1657 3616 1730 profecta

1958 1755 2098 1807 sunt
2129 1750 2365 1822 singula
2417 1767 2521 1821 pro
2567 1766 2688 1806 sum
2739 1748 2964 1806 ratione
3008 1747 3351 1804 substantiis
3399 1748 3620 1802 iterum.

217 1837 275 1892 τὸ
328 1838 412 1909 μὲν
472 1841 606 1905 ζῶον
640 1837 730 1891 καὶ
763 1835 1021 1899 οὐσιῶδες
1077 1837 1164 1893 καὶ
1215 1836 1534 1913 γτωστικόν.
1586 1839 1850 1894 ’Έκαστον

1971 1839 2528 1906 convertuntur,sive
2555 1841 2770 1899 animal
2807 1841 2884 1896 sit
2910 1840 3127 1905 vivum,
3170 1839 3289 1895 sive
3336 1837 3615 1894 substan-

220 1925 311 2002 γὰρ
359 1926 425 1988 ὡς
476 1923 778 1999 προῆλθενί
836 1924 979 1980 οὕτω
1027 1925 1115 1981 καὶ
1172 1925 1552 2002 ἐπέστραπται.
1584 1928 1758 1982 Τοῦτο
1795 1923 1859 1980 δὲ,

226 2015 285 2069 τὸ
311 2012 655 2093 φιλοσόφημα
684 2014 774 2070 καὶ
809 2015 836 2068 ὁ
870 2014 1168 2094 φιλόσοφος
1210 2015 1461 2091 Πρόκλος
1495 2015 1544 2069 ἐν
1593 2020 1708 2077 τοῖς
1759 2035 1852 2069 κε-

228 2104 460 2182 φαλαίοις
490 2104 658 2159 αὐτοῦ
689 2102 870 2175 τίθησι
920 2103 1008 2159 καὶ
1062 2102 1371 2181 διευκρινεῖ.
1430 2103 1528 2158 Καὶ
1570 2104 1676 2179 πρὸ
1720 2102 1853 2159 τού-

219 2213 311 2248 του
373 2195 397 2248 ὅ
461 2193 883 2270 Ἀρειοπαγίτης
941 2193 1219 2256 Διονύσιος
1278 2191 1601 2273 σαφέστερον
1656 2193 1852 2248 τούτου

222 2277 493 2357 διακριϐοἷ,
525 2283 616 2338 καὶ
647 2283 788 2338 ἐστὶν
819 2284 847 2338 ὁ
881 2282 1047 2358 λόγος
1077 2287 1184 2337 τῶν
1211 2284 1349 2338 πάνυ
1373 2281 1851 2357 σπουδαζομένων,

227 2373 528 2449 σαφέστατός
559 2394 618 2428 τε
645 2372 735 2428 καὶ
770 2368 1154 2450 ἀκριϐέστατος
1186 2374 1283 2430 ὧν.

767 2551 859 2606 οε’.
890 2550 1018 2625 Περῖ
1053 2552 1279 2628 χρόνου.
1478 2614 1482 2618 _

287 2641 339 2700 Ὀ
392 2643 592 2718 χρόνος
654 2639 900 2704 ἐπινοίας
973 2639 1314 2716 ἀνθρωπίνης
1370 2640 1479 2696 ἐστὶ
1537 2640 1718 2715 νόημα
1762 2639 1852 2695 καί

236 2725 255 2746 l
443 2733 454 2753 ν
645 2731 659 2749 \
765 2730 778 2746 κ
908 2730 925 2748 \
1049 2730 1062 2750 τ
1093 2732 1104 2750 ι
1302 2731 1316 2749 \
1354 2727 1380 2752 »Ι
1638 2732 1651 2750 ς
1703 2730 1714 2752 1
1837 2730 1848 2747 ν

233 2751 402 2802 ονομα.
462 2729 668 2800 Επειδη
721 2751 820 2807 γαρ
869 2751 963 2803 μεν
1012 2752 1207 2785 αιωνια
1239 2731 1319 2786 ἀει
1352 2753 1481 2786 οντα
1504 2731 1594 2787 καὶ
1628 2751 1854 2802 ακινητα

231 2819 369 2889 ira,
422 2821 488 2875 τὰ
538 2817 597 2875 δὲ
657 2821 759 2875 ὑπὸ
815 2819 1026 2890 κίνησιν
1087 2820 1276 2896 ῥέοντα
1331 2822 1419 2876 καὶ
1473 2821 1801 2899 φθειρόμενα
1836 2864 1850 2889 ,

225 2908 334 2965 αὐτὸ
363 2907 425 2979 δὴ
446 2909 507 2965 τὸ
557 2907 751 2985 μέτρον
783 2915 880 2978 τῆς
909 2911 1175 2980 κινήσεως
1234 2905 1433 2986 χρόνον
1484 2910 1769 2984 ὠνόμασαν
1799 2911 1852 2964 οἱ

225 2999 512 3078 φιλόσοφοι.
574 2995 718 3057 Οὐδὲ
766 3001 870 3076 γὰρ
919 2999 1291 3075 αὐθόπαρκτον
1321 3005 1548 3077 πρᾶγμα
1579 3001 1606 3055 6
1650 3000 1851 3075 χρόνος

227 3087 372 3156 ἰστὶν,
430 3086 554 3144 οὐδὲ
609 3092 768 3162 σῶμα
825 3090 1182 3166 φαινόμενον,
1237 3087 1362 3144 οὐδὲ
1426 3089 1714 3163 ἀσώματός
1770 3111 1851 3153 τις

1962 1931 2042 1987 tia
2071 1933 2502 1997 tantummodo,
2537 1930 2657 1986 sive
2689 1931 3001 2003 praeditum
3050 1927 3350 1985 intellectu
3399 1944 3466 1983 ac
3515 1943 3614 1982 co—

1963 2021 2724 2093 gnitione.Unumquodque
2747 2020 2903 2076 enim
2929 2021 3007 2075 uti
3023 2018 3308 2092 processit
3336 2018 3416 2074 ita
3436 2017 3616 2073 etiam

1963 2113 2134 2168 redit.
2195 2113 2354 2168 Hanc
2409 2112 2881 2185 philosophicam
2941 2111 3423 2184 propositionem,
3473 2111 3611 2166 Pro-

1963 2201 2092 2258 clus
2124 2218 2354 2274 quoque
2375 2202 2668 2274 capitibus
2691 2201 2817 2257 suis
2848 2201 3101 2257 inseruit
3130 2199 3618 2270 discussitque,et

1963 2297 2099 2352 ante
2128 2308 2260 2348 eum
2299 2291 2607 2364 Dionysius
2639 2291 2982 2363 Areopagita
3013 2290 3330 2345 dilucidius
3349 2288 3526 2343 etiam
3559 2289 3620 2342 et

1964 2381 2293 2437 accuratius
2323 2381 2611 2452 exposuit,
2645 2379 2931 2452 singulari
2961 2379 3116 2435 enim
3149 2376 3616 2450 diligentia,per-

1963 2471 2274 2543 spicuitate
2303 2475 2359 2526 et
2388 2487 2530 2526 cura
2559 2470 2669 2526 hac
2701 2471 2772 2526 de
2803 2486 2864 2525 re
2895 2473 2983 2525 est
3014 2471 3469 2525 commentatus.

2545 2560 2636 2612 75.
2670 2561 2743 2615 De
2766 2567 3031 2630 tempore.

2036 2653 2294 2720 Tempus
2343 2665 2376 2704 a
2425 2649 2772 2719 cogitatione
2821 2648 3132 2705 hominum
3181 2646 3510 2719 concipitur
3562 2649 3622 2700 et

1965 2755 2180 2794 nomen
2214 2739 2458 2810 accepit.
2489 2742 2636 2795 Cum
2674 2738 2830 2794 enim
2881 2738 3004 2793 alite
3056 2754 3148 2793 res
3205 2737 3324 2794 sint
3369 2741 3620 2803 aeternae,

1963 2845 2090 2900 quae
2115 2843 2349 2900 semper
2373 2829 2663 2884 exsistunt
2687 2833 2944 2899 suntque
2974 2826 3331 2894 immobiles,
3351 2825 3480 2882 alia:
3511 2825 3622 2881 sub

1964 2918 2220 2974 motione
2242 2917 2575 2974 constituta:
2599 2921 2657 2973 et
2681 2923 2843 2974 ﬂuxae
2868 2915 3419 2990 corruptibilesque,
3453 2930 3621 2974 men-

1964 3008 2326 3064 surationem
2346 3008 2622 3063 motionis
2637 3007 2970 3079 philosophi
2987 3012 3212 3080 tempus
3227 3006 3622 3079 appellarunt.

1963 3097 2163 3168 Neque
2185 3095 2341 3151 enim
2363 3113 2454 3152 res
2477 3112 2580 3168 per
2602 3112 2667 3151 se
2689 3095 3022 3153 subsistens
3045 3101 3280 3168 tempus
3301 3101 3411 3163 est,
3438 3111 3628 3167 neque

225 3177 512 3247 ὑπόστασις,
571 3177 750 3252 ὥσπερ
806 3180 840 3248 ἡ
873 3178 1032 3256 φύσις
1089 3178 1179 3234 καὶ
1237 3181 1272 3249 ἡ
1333 3181 1486 3255 ψυχή
1519 3179 1608 3234 καὶ
1640 3180 1846 3248 ὁνοῦς,

1971 3202 2183 3257 corpus
2211 3186 2367 3257 quod
2400 3185 2677 3241 sensibus
2709 3185 2930 3258 percipi
2979 3190 3191 3258 potest,
3242 3201 3432 3258 neque
3481 3185 3628 3240 sub-

219 3265 347 3322 ἀλλὰ
396 3273 620 3344 πρᾶγμα
675 3267 726 3322 ἐν
779 3267 994 3339 ἐπινοίᾳ
1053 3289 1191 3344 μονῃ
1246 3268 1521 3342 κείμνεον.
1579 3270 1641 3326 Ἡ
1670 3268 1848 3324 τοίνυν

221 3358 356 3434 ψυχὴ
407 3356 660 3412 ἐνωθεῖσα
715 3361 793 3429 τῷ
847 3357 1143 3432 Κρείττονι.
1205 3357 1256 3413 ἐν
1305 3357 1385 3431 τῷ
1443 3357 1634 3413 ἐστῶτι
1692 3360 1847 3412 αἰῶνι

225 3444 370 3505 ἰστῖν.
426 3446 718 3524 Ἀφειμένη
783 3443 838 3502 δὲ
889 3451 986 3501 τοῦ
1045 3446 1239 3509 αἰῶνος
1269 3445 1360 3502 καῖ
1390 3447 1512 3521 περί
1542 3469 1593 3501 τι
1629 3452 1855 3522 πρᾶγμα

219 3539 305 3603 τῆς
357 3534 609 3610 γενέσεως
645 3536 916 3606 κινηθεῖα,
980 3536 1165 3610 χώραν
1223 3539 1303 3606 τῷ
1357 3535 1546 3609 χρόνῳ
1607 3531 1850 3588 δίδωσιν⁹

226 3620 365 3682 οὐδέν
421 3625 510 3679 οῦν
568 3621 752 3695 ἕτερόν
813 3623 952 3680 ἐστιν
1021 3625 1048 3679 ὁ
1104 3625 1306 3700 χρόνος
1363 3623 1398 3693 ἢ
1457 3625 1651 3699 μέτρον
1695 3625 1850 3694 κινή-

225 3732 364 3776 σεως.

734 3899 830 3956 ος’.
865 3893 993 3967 Περὶ
1027 3895 1316 3964 κινήσεως.

287 3980 712 4052 Δοσκατανόητόν
784 4002 835 4035 τι
907 3987 1131 4056 πρᾶγμα
1201 3984 1234 4051 ἡ
1294 3981 1527 4052 κίνησις.
1593 3984 1742 4039 Ἐστι
1798 3978 1856 4035 δὲ

224 4065 348 4130 εἶδός
400 4091 448 4124 τι
516 4070 608 4125 καὶ
666 4069 910 4146 ἐνέργεια
965 4070 1286 4144 κινουμένου
1345 4071 1683 4148 πράγματος,
1735 4071 1852 4124 καθ’

233 4156 284 4210 όν
312 4159 500 4234 χρόνον
557 4165 812 4216 κινεῖται.
871 4161 1004 4217 Οἷόν
1061 4182 1111 4215 τι
1172 4160 1342 4237 λέγω,
1401 4157 1512 4216 ἔστι
1541 4183 1593 4215 τι
1625 4168 1855 4238 πρᾶγμα

223 4245 578 4320 αὐξανόμενον,
609 4249 702 4304 καὶ
733 4247 873 4304 ἄλλο
928 4247 1354 4323 ἀλλοιούμενον,
1410 4251 1498 4305 καὶ
1532 4249 1672 4306 ἄλλο
1704 4251 1872 4330 φερό-¹

227 4356 388 4406 μενον·
438 4338 525 4393 καὶ
582 4344 679 4393 τοῦ
715 4339 809 4412 μέν
869 4338 1235 4411 αὐξανομένου
1283 4339 1490 4409 κίνησις
1610 4337 1853 4413 αὔξησις,

221 4429 305 4478 τοῦ
338 4422 392 4481 δὲ
420 4430 718 4505 φερομένοο
769 4431 804 4498 ἡ
863 4429 1023 4506 φορὰ,
1056 4429 1142 4482 καὶ
1177 4428 1324 4493 ὅλως
1350 4433 1450 4483 τοῦ
1492 4430 1788 4505 γενομένου
1820 4433 1852 4500 ἡ

222 4511 430 4586 γένεσις,
484 4520 667 4572 Ἔστιν
694 4517 786 4583 οὖν
819 4521 854 4587 ἡ
887 4516 1123 4587 κίνησις,
1158 4514 1281 4572 οὔτε
1315 4517 1461 4593 ἀρχὴ
1506 4516 1628 4574 οὔτε
1674 4518 1855 4592 τέλος,

1967 3275 2190 3332 stantia
2225 3272 2634 3346 incorporalis,
2668 3278 2733 3329 ut
2764 3279 2993 3341 natura,
3027 3275 3244 3343 anima,
3279 3291 3444 3329 mens
3476 3289 3488 3328 :
3524 3273 3625 3328 sed

1966 3364 2187 3436 aliquid
2222 3363 2279 3418 in
2312 3363 2437 3420 sola
2469 3364 2724 3435 positum
2757 3364 3131 3436 cogitatione.
3165 3363 3406 3428 Quando
3450 3363 3628 3435 igitur

1965 3455 2167 3510 anima
2225 3459 2357 3524 Deo,
2402 3454 2705 3525 jungitur,
2759 3452 2820 3508 in
2875 3469 2992 3508 arvo
3048 3451 3244 3508 stabili
3307 3451 3630 3508 constituta

1965 3548 2087 3611 est;
2131 3559 2265 3598 cum
2313 3548 2508 3599 autem
2561 3559 2680 3598 aevo
2728 3541 2908 3598 veluti
2960 3541 3198 3609 emissa,
3249 3542 3321 3596 ad
3378 3557 3627 3614 genera-

1967 3632 2149 3688 tionis
2180 3631 2578 3688 conditionem
2613 3631 3104 3702 movetur,locum
3137 3631 3196 3686 in
3229 3648 3292 3688 se
3312 3631 3449 3688 facit
3479 3635 3631 3688 tem-

1967 3722 2384 3794 pori.Tempus
2415 3721 2593 3792 igitur
2624 3721 2772 3777 nihil
2805 3721 2964 3778 aliud
2998 3726 3087 3778 est
3112 3738 3290 3794 quam
3321 3737 3630 3778 mensura—

1965 3809 2047 3867 tio
2081 3809 2384 3867 motionis.

2597 3901 2688 3956 76.
2721 3903 2796 3956 De
2823 3903 2993 3957 motu.

2039 3991 2151 4047 Res
2202 3989 2461 4047 difﬁcilis
2509 3990 2798 4063 explicata
2847 3997 3065 4047 motus.
3121 3991 3224 4047 Est
3277 3991 3432 4048 enim
3485 3990 3630 4047 ratio

1968 4080 2262 4153 quaedam,
2295 4085 2351 4135 et
2397 4081 2479 4135 rei
2529 4097 2656 4151 quae
2713 4085 3000 4151 movetur,
3055 4081 3205 4136 actio
3252 4098 3316 4136 eo
3366 4087 3632 4151 tempore

1969 4170 2122 4242 quod
2171 4173 2458 4225 movetur.
2509 4169 2600 4224 Uti
2654 4186 2704 4224 v.
2739 4185 2795 4240 g.
2825 4173 2914 4224 est
2947 4168 3170 4240 aliquid
3207 4170 3363 4240 quod
3395 4170 3627 4235 crescit,

1966 4259 2122 4330 quod
2157 4258 2612 4328 mutatur,quod
2647 4258 2833 4313 fertur
2864 4258 2982 4313 sive
3015 4258 3294 4330 agitatur;
3321 4263 3499 4330 atque
3532 4258 3629 4313 ille

1968 4347 2207 4420 quidem
2244 4352 2442 4402 motus
2473 4363 2585 4416 quo
2619 4347 2828 4402 crescit
2880 4346 3126 4418 aliquid,
3178 4348 3395 4402 dicitur
3439 4348 3628 4404 incre-

1970 4445 2257 4503 mentum,
2291 4436 2473 4491 motio
2504 4436 2585 4491 rei
2618 4436 2847 4508 agitatae
2894 4435 3032 4491 latio
3085 4438 3206 4492 sive
3253 4437 3519 4508 agitatio,
3567 4442 3628 4494 et

1971 4526 2240 4580 universe
2271 4525 2353 4580 rei
2389 4524 2684 4580 nascentis
2718 4525 3034 4596 generatio.
3068 4525 3266 4582 Motus
3298 4525 3480 4598 igitur
3525 4543 3630 4582 nec

223 4601 359 4658 ἀλλὰ
383 4606 443 4660 τὸ
477 4605 674 4678 μεταξὺ
727 4606 953 4662 τούτων.
983 4612 1088 4676 Τῆς
1147 4607 1249 4682 γὰρ
1285 4605 1702 4679 οἷκοδομήσεως
1736 4605 1851 4663 οὔτε

1974 4614 2327 4687 principium
2357 4617 2448 4669 est
2478 4631 2582 4668 nec
2617 4615 2770 4679 ﬁnis,
2809 4615 2908 4669 scd
2957 4615 3212 4670 medium
3264 4615 3416 4671 inter
3466 4621 3628 4672 utra-

223 4691 252 4760 ἡ
282 4693 418 4771 ἁρχὴ
474 4696 708 4768 κίνησις,
768 4692 923 4750 οὔπω
971 4697 1071 4772 γὰρ
1103 4697 1402 4767 κεκίνηται⁸
1439 4694 1561 4752 οὕτε
1588 4699 1649 4752 τὸ
1675 4695 1856 4769 τέλος,

224 4782 474 4839 πέπαυται
511 4787 612 4862 γὰρ
641 4786 706 4840 τὸ
739 4783 1102 4860 οἰκοδομηθὲν
1130 4806 1142 4819 ⁸
1176 4787 1238 4842 τὸ
1272 4784 1328 4841 δὲ
1359 4785 1409 4841 ἐν
1449 4786 1595 4860 μέσῳ
1626 4786 1856 4855 τούτων,

224 4872 324 4926 οἷον
355 4875 389 4943 ἡ
423 4871 806 4948 οἰκοδόμησις,
839 4879 998 4929 τοῦτο
1030 4874 1240 4946 κίνησίς
1273 4875 1436 4933 ἐστιν.
1471 4878 1635 4952 Ὅπερ
1671 4873 1735 4945 δὴ
1767 4875 1858 4930 καὶ

222 4956 562 5040 ἐνδελέχειαν.
590 4962 977 5039 Ἀριστοτέλης
1002 4964 1311 5039 ὠνόμασεν.

761 5149 854 5212 οζ’.
884 5144 1016 5217 Περὶ
1045 5143 1302 5218 ἀνάγκης.

283 5227 546 5304 Ἀνάγκην
609 5231 968 5305 ὀνομάζουσιν
1001 5233 1053 5288 οἱ
1109 5230 1402 5310 φιλόσοφοι
1456 5231 1682 5308 δύναμίν
1741 5257 1861 5291 τινα

219 5316 600 5392 ἁναγκαστικὴν
659 5326 757 5376 τοῦ
818 5321 1278 5396 ἀποτελέσμάτος’
1351 5325 1464 5380 οἷόν
1497 5347 1549 5379 τι
1600 5324 1764 5403 λέγωο
1825 5329 1859 5396 ἡ

221 5403 538 5481 ἀστρολογία
588 5415 698 5464 τῶν
774 5406 980 5484 ἄστρων
1040 5411 1342 5487 σχημάτων
1409 5412 1718 5490 ἐξήρτηται,
1773 5416 1862 5470 καὶ

222 5493 322 5548 τῶν
383 5497 716 5571 ὑψωμάτων,
776 5499 866 5554 καὶ
925 5505 1032 5554 τῶν
1090 5499 1319 5578 φάσεων.
1372 5503 1460 5557 καὶ
1518 5509 1625 5558 τῶν
1659 5503 1863 5559 οἰκοδε-

225 5590 430 5640 σποτῶν
480 5589 564 5642 καὶ
614 5595 722 5644 τῶν
771 5587 982 5646 ἄλλων.
1041 5592 1204 5647 Ὅταν
1263 5591 1352 5646 οὖν
1385 5590 1663 5668 συνδράμῃ
1692 5595 1863 5650 πάντα

227 5673 351 5747 πρὸς
408 5676 471 5730 τὸ
526 5679 786 5752 γενέσθαι,
859 5680 950 5735 καὶ
1013 5677 1182 5752 μηδέν
1240 5702 1292 5736 τι
1345 5682 1410 5751 ἦν
1445 5682 1761 5738 ἁντιπίπτον
1823 5686 1858 5754 ἢ

1973 4705 2188 4776 que.Ut
2217 4703 2276 4759 in
2309 4703 2690 4759 mdiﬁcatione
2724 4721 2828 4758 nec
2880 4704 3236 4777 principium
3289 4711 3377 4760 est
3426 4707 3629 4774 motio,

1971 4796 2240 4850 nondum
2296 4793 2448 4849 enim
2501 4799 2802 4860 movetur;
2856 4809 3042 4865 neque
3089 4795 3250 4860 ﬁnis,
3290 4796 3418 4866 jam
3470 4796 3628 4850 enim

1971 4883 2147 4939 desiit
2179 4883 2488 4952 aediﬁcari;
2520 4883 2621 4939 sed
2655 4883 2846 4938 media
2876 4882 2934 4937 in
2968 4883 3086 4951 his,
3119 4884 3428 4940 aediﬁcatio
3469 4901 3630 4941 nem-

1971 4989 2061 5044 pe,
2100 4973 2280 5028 motio
2315 4977 2423 5044 est,
2459 4988 2638 5045 quam
2671 4972 2844 5028 etiam
2895 4972 3299 5030 endelechiam
3347 4973 3630 5031 Aristoles

1971 5060 2355 5133 nuncupavit.

2519 5152 2609 5207 77.
2643 5152 2717 5207 De
2746 5152 3078 5210 necessitate.

2041 5239 2464 5296 Necessitatem
2532 5240 2867 5313 philosophi
2931 5241 3230 5314 appellant
3304 5244 3626 5314 potentiam

1972 5333 2232 5385 coactam
2281 5331 2353 5385 ad
2404 5331 2696 5400 allectum,
2749 5332 2832 5387 uti
2878 5332 3196 5404 astrologia
3225 5333 3425 5388 omnia
3455 5336 3631 5390 refert

1975 5419 2044 5474 ad
2081 5422 2374 5474 astrorum
2409 5420 3080 5492 aspectus,altitudines,
3113 5423 3628 5493 apparentias,do-

1975 5509 2199 5564 minum
2234 5509 2514 5582 geniturae
2547 5516 2603 5566 et
2635 5509 2872 5566 similia.
2909 5510 2969 5565 Si
3013 5510 3194 5582 igitur
3241 5511 3439 5567 omnia
3488 5528 3626 5567 con-

1975 5603 2213 5654 currant
2244 5604 2307 5654 ut
2337 5600 2439 5655 fiat
2468 5599 2689 5672 aliquid
2717 5599 2804 5655 vel
2836 5616 2951 5655 non
3005 5601 3125 5666 fiat,
3178 5616 3280 5656 nec
3329 5601 3404 5656 sit
3452 5601 3623 5671 quid-

1975 5705 2153 5762 quam
2187 5689 2506 5747 adversans
2536 5689 2623 5747 vel
2655 5690 3035 5767 contrarium,
3068 5690 3178 5748 hoc
3211 5692 3619 5766 necessitatem
