4042 6198
355 299 475 404 733

1686 343 2115 407 MICHAELIS
2161 344 2428 407 PSELLI

3644 342 3774 405 ’136

356 479 959 552 appellarunt,utpote
991 485 1145 553 quod
1178 484 1378 540 evitari
1413 491 1469 542 et
1501 485 1712 542 mutari
1737 485 2006 556 nequeat.

2136 479 2488 556 ἰντιιιείμενον
2551 480 2788 558 ἀνάγκην
2846 485 3006 538 τοῦτο
3057 483 3358 556 εἰρήκασιν,
3408 481 3482 546 ὡς
3535 481 3775 558 ἀπαραίο

357 567 539 640 Cujus
573 586 704 625 vero
732 571 1111 641 particularia
1144 577 1370 629 tantum
1396 576 1564 647 signa
1586 591 1648 630 se
1669 575 2013 639 oﬂ'erunt,ut

361 658 483 713 ﬁeri
518 659 728 730 possit,
763 658 869 715 hoc
901 666 1185 716 vocarunt
1216 663 1580 735 contingens,
1621 661 1798 718 veluti
1853 660 2008 732 quod

361 746 548 818 possit
580 746 699 800 ﬁeri
751 754 804 801 et
849 764 960 801 non
1009 748 1211 818 possit.
1265 749 1499 821 Proprie
1547 755 1740 805 autem
1790 749 2010 804 contin-

362 850 505 907 gens
536 840 625 891 est
655 851 748 890 res
780 837 890 891 sub
923 836 1159 892 arbitrio
1192 844 1389 894 nostro
1416 841 1629 910 posita,
1679 843 1737 894 et
1787 836 2009 910 aequale

361 941 426 980 ac
461 943 563 996 par
593 929 957 980 momentum
1009 926 1079 980 ad
1132 926 1474 983 alterutram
1529 933 1753 1000 partem
1804 943 2005 984 secum

363 1013 606 1069 habens.

999 1104 1089 1160 78.
1126 1107 1200 1160 De
1227 1108 1363 1176 fato.

433 1192 555 1248 Fati
587 1192 838 1248 rationes
869 1192 916 1249 si
949 1195 1084 1265 quis
1107 1199 1373 1252 accurate
1403 1194 1874 1268 intelligat,unde
1906 1196 2006 1252 de-

363 1281 632 1353 pendeat,
667 1299 912 1355 quaeque
943 1285 1070 1354 ejus
1097 1284 1174 1338 sit
1209 1289 1437 1352 natura,
1468 1285 1788 1340 maximum
1819 1284 2006 1357 philo-

361 1370 579 1444 80phl83
608 1375 830 1442 partem
864 1373 1465 1444 comprehendit;nam
1499 1390 1531 1429 a
1559 1373 1733 1446 vulgo
1775 1374 2008 1446 quidem

363 1459 774 1529 contemnitur,
799 1465 860 1517 at
887 1461 1270 1532 sapientiores
1303 1463 1410 1520 hoc
1441 1480 1653 1520 nomen
1679 1463 2010 1536 suspiciunt

363 1556 420 1607 et
451 1552 760 1607 mirantur.
796 1551 867 1607 Ut
897 1568 1028 1609 vero
1055 1553 1375 1624 generatim
1429 1553 1640 1622 dic-am,
1687 1554 1873 1609 fatum
1923 1558 2013 1609 est

365 1646 579 1697 natura
609 1640 833 1709 mundi,
869 1657 996 1712 qua:
1045 1646 1236 1696 movet
1283 1659 1560 1714 corpora:
1614 1642 2011 1714 particulatim

365 1733 563 1787 autem
589 1733 678 1786 est
699 1730 945 1787 reﬂexus
970 1731 1212 1802 quidam
1248 1731 1446 1787 radius
1481 1731 1879 1804 providentiae,
1909 1750 2010 1788 cu-

2117 571 2279 640 τητόν
2340 593 2398 626 τε
2447 571 2536 626 καὶ
2598 572 2946 644 ἀμετάθετον.
3005 572 3075 626 Τὸ
3135 568 3192 626 δὲ
3249 570 3300 625 ἐν
3364 576 3608 646 μερικοῖς
3665 590 3775 640 ση-

2123 659 2297 732 μείοις
2337 663 2437 729 τὴν
2489 659 2716 734 δύναμιν
2747 656 2900 736 ἔχον,
2929 665 3090 716 τοῦτο
3148 658 3505 736 ἐνδεχόμενον
3556 661 3774 736 ἀπειρή-

2117 771 2296 820 ναντο,
2359 752 2434 815 ὡς
2491 748 2787 824 δυνάμενον
2840 751 2928 807 καὶ
2975 752 3220 826 γενέσθαι
3261 750 3350 805 καὶ
3394 751 3469 824 μή
3500 750 3772 826 γενέσθαι.

2118 837 2330 914 Κυρίως
2388 835 2444 893 δὲ
2491 835 2851 914 ἐνδεχόμενόν
2909 838 3041 910 ἐστι,
3089 839 3152 893 τὸ
3210 838 3312 893 ὑπὸ
3366 839 3465 906 τήν
3496 837 3773 911 ἡμετέραν

2118 929 2427 1004 προαίρεσιν
2484 929 2728 1002 κείμενον
2759 930 2869 1002 {nati
2916 931 3015 998 τὴν
3057 928 3140 1004 ἐφ’
3171 928 3390 1001 ἑκάτερα
3416 928 3586 1004 ῥοπὴν
3639 931 3771 998 ῖσην

2116 1020 2203 1073 καὶ
2239 1019 2428 1091 ὁμοίαν
2459 1015 2778 1094 δεχόμενον.

2605 1109 2706 1178 οη’.
2751 1107 2880 1183 Περὶ
2923 1108 3281 1184 εἱμαρμένης.

2189 1199 2295 1266 Τὴν
2343 1197 2680 1274 εἷ’μαρμὲνην
2737 1197 2789 1252 εἶ’
2845 1220 2927 1260 τις
2984 1198 3142 1274 γνοίη
3211 1197 3303 1252 συν
3356 1194 3626 1270 ἀκριϐείᾳ,
3683 1197 3776 1253 καὶ

2120 1285 2237 1342 ὅθεν
2296 1287 2384 1341 καὶ
2443 1288 2605 1344 ὁποία
2654 1290 2751 1358 τήν
2809 1288 2988 1367 φύσιν,
3039 1286 3228 1363 μερίδα
3285 1287 3419 1364 πρὸς
3448 1287 3777 1365 φιλοσοφίαν

2123 1375 2377 1452 μεγίστην
2437 1375 2768 1455 παρείληφε,
2827 1378 2973 1453 παρᾶ
3031 1379 3124 1451 μὲν
3172 1379 3271 1452 γὰρ
3327 1383 3444 1440 τοῖς
3508 1375 3776 1445 πολλοῖς,

2119 1468 2436 1540 ἁτιμάζεται
2493 1464 2758 1541 τοῦνομα,
2817 1468 2961 1542 παρᾶ
3020 1465 3076 1523 δὲ
3127 1473 3243 1530 τοῖς
3278 1467 3610 1545 σοφωτέροις
3647 1479 3775 1531 θαυ-

2124 1558 2367 1630 μάζεται.
2421 1559 2576 1614 Ἔστι
2610 1554 2668 1612 δὲ
2694 1562 2924 1633 γενικῶς
2958 1555 3148 1624 εἰπεῖν,
3181 1559 3215 1626 ἡ
3251 1557 3405 1631 φύσις
3434 1561 3529 1611 τοῦ
3561 1556 3778 1628 κόσμου

2119 1648 2155 1716 ἡ
2209 1650 2433 1700 κινοῦσα
2488 1647 2552 1700 τὰ
2613 1645 2858 1719 σώματα·
2920 1648 3054 1701 κατά
3108 1647 3270 1721 μέρος
3301 1643 3358 1700 δὲ
3408 1642 3632 1718 δευτέρα
3691 1665 3773 1706 τις

2120 1734 2379 1810 προνοίας
2448 1731 2728 1809 ἔλλαμψις
2775 1736 2864 1790 καὶ
2925 1735 3228 1806 ἐπιστασία,
3287 1734 3352 1789 οὐ
3400 1735 3516 1789 καθ’
3567 1733 3775 1798 εὐθεῖαν

367 1819 636 1892 ratioque
669 1837 793 1892 quae
828 1837 942 1877 non
969 1821 1190 1877 directo
1222 1826 1385 1877 motu
1419 1822 1620 1891 utitur,
1655 1823 1740 1878 uti
1781 1821 2013 1894 proprie

2136 1825 2220 1894 τήν
2271 1827 2482 1894 κίνησιν
2513 1822 2738 1900 ἔχουσα,
2797 1822 2978 1898 ὥσπερ
3037 1827 3070 1894 ἡ
3131 1823 3333 1900 κυρίως
3365 1822 3474 1878 ἐστὶ
3514 1823 3770 1896 πρόνοια,

366 1911 523 1967 dicta
555 1910 939 1982 providentia,
976 1911 1074 1966 sed
1110 1916 1367 1982 tempore
1399 1915 1454 1966 et
1483 1912 1606 1967 loco
1639 1912 1710 1968 ad
1744 1912 2012 1968 ell'ectum

364 1998 610 2072 indiget,
644 2001 798 2054 unde
830 2005 886 2054 et
916 2017 1131 2056 nomen
1163 2002 1316 2073 apud
1350 2002 1577 2057 Graecos
1626 2001 1823 2069 habet,
1875 2001 2017 2058 dici-

365 2093 581 2160 turque
639 2088 942 2163 εἱμαρμὲνη
1016 2091 1184 2162 quasi
1253 2088 1506 2162 εἰρομένη
1575 2091 1696 2147 sive
1764 2108 2020 2146 connexa

369 2178 637 2249 quaedam
671 2183 880 2234 natura
911 2182 966 2234 et
997 2179 1344 2251 complicata
1365 2196 1434 2235 ex
1455 2179 2022 2252 pluribus.lncorpo-

366 2266 516 2323 rales
547 2267 726 2339 igitur
761 2285 850 2324 res
881 2269 991 2323 sub
1025 2269 1148 2324 sola
1180 2273 1319 2325 sunt
1349 2269 1734 2342 providentia,
1777 2286 2020 2342 corpora

277 2353 286 2362 ’
367 2361 564 2414 autem
597 2357 706 2413 sub
742 2359 1105 2430 providentia
1139 2364 1195 2414 et
1229 2360 1360 2415 fato.

832 2465 922 2519 79.
958 2467 1028 2521 De
1057 2469 1282 2536 fortuna
1313 2470 1367 2522 et
1396 2483 1546 2522 casu.

441 2554 699 2610 Fortuna
757 2556 1154 2611 accuratiores
1214 2555 1544 2628 philosophi
1602 2574 1716 2612 non
1781 2572 2018 2628 accepe-

371 2648 527 2712 runt,
563 2649 626 2699 ut
658 2643 1015 2716 quibusdam
1053 2662 1397 2716 persuasum
1431 2652 1539 2714 est,
1563 2663 1667 2718 pro
1700 2662 1758 2701 re
1791 2645 2020 2702 irratio-

370 2733 550 2789 nabili
577 2733 704 2789 sine
731 2733 934 2789 ordine
960 2738 1016 2789 et
1044 2750 1215 2804 nexu,
1235 2735 1334 2790 sed
1368 2739 1700 2791 statuerunt
1719 2752 1846 2791 esse
1879 2752 2017 2791 con-

370 2823 733 2879 secutionem
765 2823 1132 2879 indefinitam
1164 2824 1223 2879 in
1273 2825 1450 2880 rebus
1503 2841 1566 2880 ex
1619 2825 1916 2898 proposito
1966 2829 2022 2881 et

369 2919 607 2987 propter
640 2913 810 2969 finem
843 2912 1092 2985 aliquem
1127 2914 1436 2986 susceptis.
1475 2914 1636 2970 Verbi
1669 2915 1856 2987 gratia
1885 2915 2024 2971 exiit

371 3003 587 3074 aliquis
619 3003 790 3058 domo
819 3002 1053 3059 lavandi
1097 3019 1293 3068 causa,
1349 3003 1455 3059 hoc
1504 3021 1573 3060 ex
1621 3004 1918 3076 proposito
1966 3008 2023 3060 et

372 3098 612 3164 propter
641 3092 900 3164 aliquem
933 3093 1108 3148 ﬁnem
1146 3093 1299 3162 fecit,
1333 3098 1399 3148 ut
1446 3110 1656 3166 nempe
1699 3092 1760 3149 in
1813 3094 2022 3150 balneo

371 3179 685 3238 lavaretur.
742 3186 811 3238 At
858 3197 1206 3254 progressus
1255 3181 1462 3238 incidit
1515 3181 1574 3237 in
1624 3183 2013 3239 thesaurum:

370 3270 552 3342 hujus
585 3271 939 3327 inventionis
988 3288 1251 3339 causam,
1302 3273 1597 3328 fortunam
1647 3271 2018 3344 appellarunt

373 3361 689 3432 sapientes.
725 3361 895 3417 Casui
925 3378 1058 3417 vero
1090 3366 1205 3418 tam
1243 3362 1298 3416 in
1350 3360 1798 3418 rationabilibus
1841 3379 2017 3432 quam

372 3450 874 3508 irrationabilibus
896 3451 1090 3507 locum
1115 3467 1242 3507 esse
1266 3451 1565 3508 afﬁrmant
1585 3469 1597 3506 :
1615 3451 1670 3506 in
1705 3451 2020 3507 rationabi-

372 3539 530 3596 libus
563 3541 824 3612 quidem,
858 3545 923 3596 ut
956 3541 1001 3596 si
1032 3541 1206 3596 homo
1253 3540 1552 3596 cultellum
1598 3545 1805 3597 tenens
1852 3540 2020 3596 illum

376 3630 652 3686 manibus
681 3630 942 3686 excidere
972 3630 1247 3702 patiatur,
1280 3629 1492 3701 illeque
1523 3635 1716 3685 rectus
1749 3630 2028 3702 inﬁgatur

374 3724 575 3788 terrae;
606 3719 666 3774 in
692 3718 1198 3774 irrationabilibus
1231 3735 1387 3785 vero,
1425 3723 1486 3773 ut
1521 3718 1566 3775 si
1600 3735 1784 3788 equus
1835 3720 2025 3774 domi-

377 3826 519 3864 num
552 3809 895 3874 excusserit,
929 3813 985 3863 et
1015 3807 1105 3861 hic
1132 3825 1268 3862 casu
1305 3809 1555 3878 quodam
1589 3807 1808 3864 illwsus
1840 3809 2025 3865 abeat.

839 3916 926 3968 80.
962 3915 1036 3970 De
1065 3931 1172 3970 (evo
1202 3931 1266 3969 ac
1297 3920 1559 3986 tempore.

450 4007 620 4062 Entia
650 4005 909 4075 quaedam
945 4009 1004 4059 et
1027 4005 1418 4060 substantiam
1442 4010 1500 4059 et
1520 4008 1716 4059 actum
1748 4009 2030 4061 aeternum

376 4097 615 4165 habent,
647 4099 710 4149 ut
744 4111 932 4149 mens.
965 4093 1151 4164 Hujus
1183 4093 1339 4148 enim
1371 4099 1428 4148 et
1459 4093 1792 4149 substantia
1837 4095 2034 4150 nescia

378 4186 593 4243 mutari
627 4191 682 4240 et
714 4189 877 4240 actus
911 4183 1152 4238 minime
1183 4183 1564 4238 transitorios
1596 4188 1697 4238 aut
1728 4184 2032 4239 mutabilis

378 4274 673 4342 est,simul
704 4273 859 4330 enim
895 4275 950 4328 in
986 4291 1047 4329 se
1077 4273 1275 4328 omnia
1307 4289 1474 4328 mens
1504 4273 1784 4343 possidet.
1811 4277 1876 4328 At
1906 4282 2037 4329 cor'

382 4366 540 4440 poris
567 4369 622 4420 et
653 4363 984 4420 substantia
1015 4368 1071 4417 et
1101 4362 1357 4433 operatio
1382 4362 1738 4433 temporaria
1784 4367 1891 4418 est.
1946 4363 2038 4418 Sic

382 4475 436 4519 ν.
481 4472 536 4527 g.
585 4459 852 4509 nostrum
904 4469 1116 4523 corpus
1167 4452 1562 4506 substantiam
1618 4453 2036 4523 temporariam

387 4546 582 4604 habet.
613 4542 898 4615 paulatim
943 4542 1098 4596 enim
1146 4544 1396 4611 augetur
1445 4557 1456 4594 :

389 4652 501 4691 non
525 4633 680 4688 enim
705 4630 882 4686 simul
900 4632 1098 4686 omnia
1119 4631 1255 4702 agit.
1291 4635 1365 4685 At
1406 4630 1608 4685 anima
1636 4630 2032 4686 substantiam

385 4723 622 4795 quidem
657 4721 834 4776 habet
861 4725 1159 4785 mternam,
1193 4735 1381 4791 neque
1414 4719 1569 4774 enim
1620 4719 1837 4774 sensim
1893 4725 2028 4775 nata

384 4817 494 4878 est,
529 4810 926 4882 operationem
960 4814 1154 4864 autem
1186 4808 1433 4879 tempori
1467 4808 1814 4879 subjectum,
1840 4826 2028 4881 neque

384 4901 540 4954 enim
575 4897 750 4955 simul
783 4898 981 4953 omnia
1012 4896 1246 4966 cogitat,
1281 4897 1380 4951 sed
1416 4913 1484 4951 ex
1521 4914 1638 4952 una
1681 4896 2028 4970 cogitatione

384 4988 688 5044 descendit
716 4988 788 5043 ad
822 4988 1016 5042 aliam.
1062 4986 1199 5041 Tale
1248 4985 1419 5040 etiam
1468 4990 1558 5041 est
1605 4985 1836 5055 ccelum,
1890 4989 2028 5043 sub-

385 5077 603 5134 stantia
650 5075 932 5132 nimirum
982 5078 1285 5141 azternum,
1337 5073 1436 5129 sed
1489 5073 1711 5130 ratione
1757 5075 2029 5134 motionis

385 5184 502 5223 suaa
534 5166 783 5238 tempori
815 5170 872 5220 et
902 5167 1098 5237 ipsum
1129 5163 1486 5232 subjectum.

819 5344 908 5397 81.
945 5347 1020 5398 De
1049 5343 1292 5413 quinque
1320 5342 1591 5396 sensibus.

456 5433 616 5490 Visio
647 5432 969 5504 ﬁt,quando
995 5448 1064 5486 ex
1084 5429 1270 5485 oculis
1303 5430 1621 5500 procedens
1651 5428 1748 5484 lux
1783 5431 2034 5487 occurrit

386 5523 600 5579 lumini
647 5540 678 5578 a
718 5520 1068 5592 corporibus
1094 5519 1239 5574 visis
1269 5517 1669 5589 promananti,
1693 5519 1848 5590 quod
1873 5519 2030 5576 Plato

2126 1912 2272 1970 ἀλλὰ
2336 1912 2566 1988 δεομένη
2648 1919 2844 1990 καιροῦ
2900 1914 2990 1969 καὶ
3046 1914 3216 1969 τόπου
3270 1914 3344 1974 εἷς
3401 1909 3774 1984 ἀποτέλεσμα,

2127 2004 2244 2061 ὅθεν
2299 2004 2390 2059 καὶ
2430 2004 2734 2078 εἱμαρμένη
2787 2002 3003 2078 λέγεται
3065 2005 3139 2066 ὡς
3197 2002 3453 2077 εἰρομένη
3498 2023 3582 2064 τις
3619 2000 3776 2076 φύσις

2127 2092 2216 2149 καὶ
2254 2089 2726 2167 συμπεπλεγμένη
2762 2089 2851 2147 διὰ
2880 2091 3128 2147 πολλῶν.
3153 2090 3232 2148 Τὰ
3264 2091 3358 2163 μὲν
3389 2087 3480 2144 οὖν
3513 2088 3778 2161 ἀσώματα

2128 2184 2231 2240 ὑπὸ
2262 2178 2515 2260 πρόνοιαν
2546 2182 2655 2238 ἐστὶ
2686 2183 2879 2258 μόνηνο
2911 2183 2978 2238 τὰ
3008 2179 3065 2237 δὲ
3095 2182 3324 2256 σώματα
3357 2180 3459 2235 ὑπὸ
3511 2179 3774 2250 πρόνοιαν

2125 2274 2216 2329 καὶ
2250 2273 2610 2348 εἱμαρμένην,

2483 2471 2578 2528 οϐ’.
2614 2468 2741 2545 Περὶ
2770 2467 2946 2546 τύχης
2975 2469 3064 2524 καὶ
3095 2469 3428 2541 αὐτομάτου.

2198 2560 2307 2628 Τὴν
2333 2559 2511 2635 τύχην
2545 2557 2672 2633 οὐχ,
2725 2558 2799 2622 ὡς
2853 2556 3141 2630 νομίζουσί
3195 2577 3352 2626 τινες,
3383 2557 3436 2611 οἱ
3466 2549 3784 2629 ἀκριϐέστε-

2130 2669 2215 2725 ροι
2270 2653 2377 2703 τῶν
2434 2645 2750 2726 φιλοσόφων
2802 2644 3046 2718 ἐδέξαντο
3079 2649 3194 2702 οἷον
3251 2644 3446 2721 ἄλογόν
3478 2664 3600 2698 τινα
3622 2643 3780 2722 φῦσιν

2127 2738 2214 2793 καὶ
2280 2739 2353 2812 μή
2412 2735 2640 2812 ἔχουσαν
2693 2736 2861 2807 τάξιν,
2919 2733 3059 2810 μηδὲ
3091 2736 3303 2807 εἱρμὸν,
3360 2732 3507 2789 ἀλλά
3535 2753 3781 2808 παρακο-

2130 2826 2388 2900 λούθημα
2444 2825 2645 2898 ταύτην
2705 2825 2956 2900 ἀόριστον
3017 2823 3069 2878 ἐν
3128 2829 3240 2886 τοῖς
3278 2823 3415 2878 κατὰ
3441 2821 3781 2896 προαίρεσιν,

2129 2916 2219 2971 καὶ
2275 2913 2430 2971 ἓνεκά
2479 2937 2628 2977 τινος
2683 2915 2977 2990 γενομένην
3010 2911 3304 2989 ὡρίσαντο.
3366 2912 3495 2969 Οἷον
3529 2909 3783 2985 προελή-

2131 3004 2259 3062 λυθὲ
2281 3027 2364 3068 τις
2419 3003 2479 3060 ἐκ
2519 3011 2618 3074 τῆς
2667 3003 2839 3066 οἰκίας
2869 3001 3225 3076 λουσόμενος·
3269 2999 3402 3071 αὕτη
3460 3002 3494 3069 ἡ
3544 2996 3786 3074 πρόοδος

2131 3093 2189 3150 ἐκ
2240 3095 2606 3168 προαιρέσεως
2663 3095 2753 3148 καὶ
2817 3089 2972 3149 ἕνεκά
3038 3113 3185 3155 τινος
3243 3091 3582 3164 πράγματος,
3639 3089 3788 3142 τοῦτ’

2133 3181 2273 3239 ἔστιν
2327 3188 2424 3239 τοῦ
2475 3182 2790 3240 λούσασθαι..
2841 3182 2972 3237 Εἶτα
3029 3179 3436 3257 προερχόμενος
3465 3174 3630 3253 ἔτυχε
3687 3188 3787 3247 θη-

2130 3277 2328 3350 σαυρῷο
2388 3273 2487 3341 τὴν
2549 3270 2638 3327 οὖν
2675 3271 2847 3326 αἰτίαν
2900 3277 2998 3340 τῆς
3059 3267 3320 3345 εὑρέσεως
3375 3271 3476 3322 τοῦ
3508 3268 3789 3339 θησαυροῦ

2125 3363 2305 3438 τύχην
2365 3360 2651 3434 ὠνόμασαν
2715 3362 2768 3416 οἱ
2824 3360 3003 3436 σοφοί.
3060 3359 3129 3413 Τὸ
3189 3358 3444 3432 μέντοιγε
3474 3355 3788 3428 αὐτόματον

2127 3453 2218 3507 καὶ
2250 3451 2302 3506 ἐν
2360 3457 2477 3514 τοῖς
2535 3449 2786 3526 λογικοῖς
2840 3451 2926 3504 καὶ
2989 3448 3041 3504 ἐν
3101 3453 3213 3510 τοῖς
3272 3445 3497 3522 ἀλόγοις
3524 3443 3790 3501 τιθέασιν.

2132 3541 2218 3595 Ἐν
2285 3540 2378 3613 μὶν
2431 3543 2549 3601 τοῖς
2601 3538 2872 3613 λογικοῖς,
2931 3536 3056 3592 ὅταν
3114 3532 3462 3612 μαχαιρίδιον
3497 3532 3605 3588 ἀπό
3637 3552 3789 3592 τινος

2129 3631 2454 3704 κρατοῦντος
2486 3625 2832 3688 ἐκπεπτωκὸς
2889 3625 3004 3680 κατ’
3063 3623 3230 3700 ὀρθὸν
3294 3621 3564 3696 ἐμπαγείη
3599 3623 3675 3685 τῆ

2136 3718 2186 3773 ἐν
2224 3715 2281 3772 δὲ
2309 3723 2424 3778 τοῖς
2454 3715 2699 3790 ἀλόγοις,
2734 3717 2858 3770 ὅταν
2891 3735 2971 3775 τις
2996 3711 3166 3774 ’ίππος
3195 3712 3286 3767 τὸν
3337 3708 3606 3780 δεσπότην
3664 3711 3806 3764 ἀπο·

2139 3802 2350 3878 ϐαλὼν,
2384 3807 2486 3859 ἀπὸ
2511 3805 2853 3878 ταυτομάτου
2885 3800 3196 3871 διασωθείη.

2546 3913 2620 3966 π’.
2656 3911 2784 3986 Περὶ
2816 3909 3012 3971 αἰῶνος
3042 3907 3131 3963 καὶ
3164 3906 3393 3982 χρόνου.

2210 4006 2325 4056 Τῶν
2377 3997 2540 4056 ὄντων
2590 4001 2657 4055 τὰ
2711 4000 2803 4074 μὶν
2854 3998 3068 4066 καὶτην
3097 3995 3302 4066 οὐσίαν,
3362 3993 3453 4048 καὶ
3511 3993 3615 4060 τὴν
3653 3991 3802 4066 ἐνέρ-

2139 4112 2284 4167 γειαν
2340 4087 2455 4165 ἔχει
2515 4089 2758 4159 αἶ’ώνιον,
2820 4091 2935 4143 οἷον
2988 4087 3016 4140 ὁ
3075 4090 3220 4146 νοῦς.
3261 4083 3465 4139 Τούτου
3496 4083 3602 4156 γὰρ
3638 4082 3734 4138 καὶ
3768 4083 3802 4149 ἡ

2144 4166 2300 4235 οὐσία
2375 4178 2647 4252 ἀκίνητος,
2715 4177 2803 4233 καὶ
2879 4180 2913 4247 ἡ
2973 4173 3214 4249 ἐνέργεια
3281 4166 3626 4246 ἁμετάὸατος
3678 4173 3804 4244 (7').

2141 4272 2315 4343 Ὀμοῦ
2362 4271 2462 4345 γὰρ
2519 4266 2634 4344 ἔχει
2693 4267 2745 4322 ἐν
2810 4265 2955 4338 αὐτῷ
3004 4264 3196 4319 πάντα.
3252 4263 3322 4316 Τὸ
3378 4258 3436 4316 δὲ
3488 4265 3657 4333 σῶμα
3715 4261 3806 4314 καὶ

2145 4359 2243 4427 τὴν
2305 4357 2493 4412 οὐσίαν
2563 4355 2828 4432 ἔγχρονον
2880 4352 2994 4430 ἔχει
3043 4352 3133 4407 καὶ
3187 4352 3287 4418 τὴν
3345 4348 3636 4425 ἐνᾶργειαν.
3673 4350 3809 4406 Οἷον

2147 4448 2234 4502 καὶ
2294 4448 2356 4502 τὸ
2408 4447 2677 4520 ἡμέτερον
2705 4448 2863 4516 σῶμα
2889 4443 2976 4497 καὶ
3000 4442 3099 4510 τὴν
3133 4438 3316 4496 οὖσίατ
3361 4437 3630 4513 ἔγχρονον
3669 4435 3812 4512 ἔχει,

1510 4545 1567 4595 et
1614 4541 2020 4612 operationem,

2143 4539 2230 4592 καὶ
2273 4536 2408 4591 κατᾶ
2469 4534 2659 4610 μικρὸν
2723 4532 3020 4604 αὐξάνεται,
3079 4530 3170 4584 καὶ
3229 4530 3328 4598 τήν
3385 4527 3685 4602 ἐνέργειαν,
3747 4524 3808 4580 οὗ

2143 4627 2248 4702 γὰρ
2280 4626 2419 4698 ὁμοῦ
2450 4622 2657 4698 ἐνεργεῖ
2686 4620 2879 4679 πάντα.
2933 4621 2996 4676 Ἡ
3052 4616 3110 4673 δὲ
3162 4618 3316 4694 ψυχὴ
3359 4617 3492 4670 κατᾶ
3547 4615 3648 4689 μὶν
3710 4617 3811 4683 τὴν

2143 4715 2325 4771 οὐσίαν
2382 4712 2598 4774 αἰώνιός
2652 4709 2818 4781 ἐστιν,
2877 4706 3002 4764 οὐδὲ
3031 4707 3132 4783 γὰρ
3161 4706 3297 4762 κατὰ
3332 4705 3527 4781 μικρὸν
3576 4705 3808 4780 γεγενη-

2136 4825 2244 4860 ται·
2297 4802 2432 4858 κατὰ
2490 4799 2547 4856 δὲ
2601 4802 2701 4872 τὴν
2750 4800 3013 4876 ἐνέργειαν
3061 4798 3266 4872 χρόνου
3321 4795 3562 4870 μετέχει·
3606 4794 3672 4849 οὗ
3706 4793 3808 4869 γὰρ

2139 4896 2280 4967 ὁμοῦ
2339 4890 2457 4967 ἔχει
2513 4889 2687 4946 πάντα
2734 4889 2801 4945 τὰ
2848 4889 3101 4960 νοήματα
3157 4884 3208 4941 ἓν
3271 4886 3462 4956 ἑαυτῷ,
3518 4881 3654 4939 ἀλλ’
3716 4885 3788 4960 ἀφ

2139 4982 2322 5059 ἑτερου
2407 4975 2707 5055 μεταϐαίνει
2786 4977 2862 5042 εἷς
2931 4974 3138 5052 ἕτερον.
3200 4973 3297 5028 Καὶ
3357 4974 3384 5027 ὁ
3443 4970 3685 5048 οὐρανὸς
3749 4970 3805 5026 δὶ

2136 5071 2383 5134 τοιοῦτός
2444 5069 2607 5137 ἐστιν,
2665 5067 2753 5124 καὶ
2813 5066 3032 5126 αἰώνιος
3089 5063 3184 5137 μὶν
3234 5061 3370 5117 κατᾶ
3419 5062 3520 5130 τὴν
3583 5061 3802 5128 οὐσίαν,

2137 5161 2273 5216 κατὰ
2350 5157 2408 5215 δὶ
2473 5160 2571 5228 τὴν
2644 5155 2852 5227 κίνησιν
2917 5155 3016 5210 ὑπὸ
3063 5152 3259 5229 χρόνον
3317 5149 3406 5206 καὶ
3465 5149 3636 5214 αὐτὸς
3687 5151 3805 5206 κεί-

2144 5271 2325 5324 μενος.

2484 5344 2591 5394 πα’.
2625 5335 2753 5412 Ηερὶ
2784 5339 2892 5391 τῶν
2925 5335 3084 5389 πέντε
3114 5331 3440 5401 αἰσθήσεων.

2209 5431 2269 5486 ἸΙ
2300 5429 2486 5504 ὅρασις
2515 5427 2724 5503 γίνεται
2755 5423 2878 5479 ὅταν
2909 5423 2972 5478 τὸ
3024 5419 3127 5476 ἀπὸ
3173 5424 3279 5474 τῶν
3328 5413 3636 5495 ὀφθαλμῶν
3691 5423 3805 5494 φῶς

2143 5515 2503 5597 ἐκφερόμενον
2585 5515 2888 5588 συναντήσῃ
2982 5515 3060 5582 τῷ
3142 5507 3246 5563 ἀπὸ
3329 5511 3436 5562 τῶν
3526 5509 3805 5580 σωμάτων

1980 5627 2208 5685 NOTIE.

461 5702 562 5775 (7‘)
594 5698 684 5757 Al.
715 5689 1114 5772 ἀμετάϐλητος.
