4042 6198
223 286 326 345 737

1392 282 1495 342 DE
1539 279 1978 342 OMNIFARIA
2024 279 2417 343 DOCTRINA
2434 322 2447 338 .

3506 277 3623 339 738

218 414 518 491 συρῥέοντι,
598 412 732 489 ὅπερ
786 413 815 467 ὁ
898 408 1128 469 Πλάτων
1218 410 1471 484 ὀνομάζει
1531 410 1909 486 συναύγειανη

2024 411 2298 485 υναύγειαν
2329 410 2605 483 appellat,
2640 427 2745 465 nos
2780 409 3268 465 corradiationem
3317 410 3438 465 sive
3484 428 3622 466 can-

219 503 518 577 Ἀκούομεν
566 503 646 575 τῷ
693 500 837 575 κενῷ
879 506 961 574 τῷ
1019 500 1169 562 ἐντὸς
1225 505 1323 556 τοῦ
1344 500 1507 573 ὠτὸς,
1554 505 1714 556 τοῦτο
1761 500 1865 575 γὰρ

217 594 349 649 εἶναι
381 593 447 647 τὸ
478 589 715 667 διηχοῦν
762 591 901 646 κατὰ
938 591 1039 658 τήν
1083 594 1180 645 τοῦ
1229 588 1534 663 πνεύματος
1590 583 1869 663 ἐμϐολήν.

218 680 616 759 Ὀσφραίνομεν
649 677 707 734 δὲ
733 684 814 751 τῷ
862 679 1181 754 ἡγεμονικῷ
1224 682 1303 750 τῷ
1350 674 1466 733 ὄντι
1513 678 1565 734 ὲν
1613 682 1692 751 τῷ
1722 673 1882 752 ἐαριεὲ

218 773 402 845 φάλῳ,
465 767 682 825 ἕλκοντι
739 766 798 823 δὲ
871 764 960 822 διὰ
1020 770 1129 821 τῶν
1179 767 1462 822 ἀναπνοῶν
1516 767 1611 831 τὰς
1675 766 1871 839 ὀσμάς.

220 859 459 932 Γεύομεν
494 855 552 913 Si
577 861 647 931 τῇ
700 857 986 931 ἀραιοτητι
1032 858 1134 921 τῆς
1191 855 1448 931 γλώττης
1476 856 1565 911 καὶ
1594 859 1662 929 τῇ
1698 854 1872 928 μαλα-

218 948 434 1019 κότητι,
475 948 564 1001 καὶ
608 945 699 1002 διὰ
737 947 800 1001 τὸ
839 946 1124 1001 συνάπτειν
1171 945 1268 1007 τὰς
1323 944 1428 1000 ἀπὸ
1480 949 1577 1000 τοῦ
1620 946 1874 1018 σώματος

218 1038 294 1100 εἰς
329 1037 503 1105 αὐτὴν
556 1030 764 1113 φλὲϐας
814 1037 917 1104 τήν
972 1034 1153 1113 φύσιν.
1211 1035 1274 1091 Ἡ
1332 1031 1390 1089 δὲ
1449 1035 1602 1112 φωνὴ
1661 1033 1880 1107 πνεῦμά

218 1126 330 1182 ἐστὶ
365 1124 457 1181 διὰ
484 1130 582 1180 τοῦ
611 1125 902 1198 στόματος,
954 1124 1060 1179 ἀπὸ
1111 1121 1350 1186 διανοίας
1375 1124 1636 1199 ἠγμένον.
1666 1126 1880 1179 "Amo-

222 1237 318 1289 μεν
359 1212 417 1270 δὶ
466 1212 585 1287 ὅλῳ
633 1217 714 1286 τῷ
765 1212 1002 1286 σώματι,
1062 1210 1202 1268 διότι
1257 1213 1699 1290 ἀποπερατώσεις
1752 1211 1879 1284 εἶσὶ,

220 1303 289 1360 δι’
319 1306 397 1358 ὢν
430 1303 756 1377 αἰσθάνομεν
784 1303 859 1357 ὧν
889 1302 1190 1375 ἁπτόμεθα.

347 1420 465 1496 πβ’.
498 1417 565 1477 Εἴ
595 1415 796 1489 ἀληθὶς
825 1419 887 1473 τὸ
907 1412 1433 1496 νκαταϐᾼασκαίνεσθαί
1466 1441 1620 1484 τινας
1654 1420 1755 1476 ὑπὸ

849 1495 955 1545 τῶν
992 1490 1271 1567 ὁρώντων.

294 1586 378 1645 Ού
435 1585 635 1661 ψεῦδος
693 1587 803 1643 ἐστι
889 1588 952 1643 τὸ
1035 1588 1527 1666 καταμαραίνεσθαί
1592 1611 1735 1653 τινας
1793 1590 1881 1646 καὶ

226 1671 745 1731 καταϐασκαίνεσθαι
825 1677 929 1731 ὑπὸ
1001 1683 1102 1746 τῆς
1180 1681 1287 1732 τῶν
1369 1678 1622 1755 ὁρώντων
1683 1677 1882 1751 ὅψεως.

1976 517 2214 556 cursum
2249 500 2549 556 radiorum
2583 499 2773 555 dicere
2824 514 3159 571 possumus.
3210 498 3494 555 Audimus
3523 514 3629 571 per

1979 593 2285 645 cavitatem
2337 605 2601 659 vacuam,
2656 606 2782 662 quae
2815 588 2873 643 in
2916 604 3055 644 aure
3085 591 3194 653 est,
3226 587 3485 643 irruente
3505 588 3627 659 spi-

1982 681 2098 736 ritu
2132 679 2897 753 personantem.0|facimus
2925 684 3124 736 mente
3145 696 3271 751 quae
3302 678 3358 733 in
3392 680 3629 734 cerebro

1983 769 2199 825 residet
2229 774 2286 826 et
2315 786 2418 842 per
2446 769 2745 842 spiracula
2777 770 2984 825 odores
3016 767 3279 824 attrahit.
3312 771 3632 824 Gustamus

1984 857 2132 913 raris
2164 862 2219 915 et
2252 858 2528 915 mollibus
2550 857 2762 931 linguae
2785 857 3558 930 partibus,quandoquidem
3578 861 3637 913 et

1983 964 2163 1003 venas
2188 948 2446 1021 corporis
2474 952 2682 1003 natura
2714 948 2782 1002 ad
2819 946 2978 1002 illam
3032 945 3326 1002 adnexuit.
3386 946 3509 1002 Vox
3548 950 3638 1001 est

1987 1035 2234 1107 spiritus
2267 1052 2369 1108 per
2391 1053 2456 1092 os
2503 1040 2698 1092 mente
2728 1039 2963 1091 auctore
2994 1033 3270 1091 emissus.
3305 1035 3634 1108 Tangimus

1987 1128 2109 1180 toto
2167 1142 2427 1198 corpore,
2478 1126 2696 1197 quippe
2752 1124 2845 1179 cui
2905 1124 3243 1196 superficies
3284 1136 3338 1180 et
3375 1129 3638 1181 extrema

1989 1217 2145 1282 sunt,
2174 1231 2278 1287 per
2306 1231 2434 1287 qum
2469 1216 2757 1270 sentimus
2799 1230 2931 1270 cum
2965 1212 3383 1287 contingimur.

1990 1423 2079 1479 82.
2105 1423 2456 1479 Numverum
2483 1422 2558 1478 sit
2611 1421 2827 1493 aliquos
2881 1420 3268 1478 evidentibus
3312 1418 3640 1492 fascinari?

2064 1593 2187 1649 Non
2222 1596 2311 1649 est
2357 1591 2678 1648 mendaciis
2735 1590 3152 1648 ascribendum
3195 1591 3483 1663 quosdam
3516 1590 3642 1647 acie

1994 1682 2319 1739 videntium
2381 1688 2681 1738 contactos
2727 1696 2988 1737 marcere
3051 1686 3109 1737 et
3160 1680 3455 1737 fascinari.
3479 1678 3642 1736 Visio

236 1764 615 1832 Πολυκίνητος
646 1766 750 1841 γὰρ
778 1767 814 1835 ἡ
865 1761 988 1839 ὄψις
1047 1764 1179 1821 οὖσα
1226 1767 1361 1839 μιτᾶ
1389 1767 1695 1840 πνεύματος
1724 1767 1891 1837 αὐτὴν

2024 1772 2155 1827 inim
2188 1788 2320 1826 cum
2355 1771 2561 1842 spiritu
2594 1788 2720 1825 eam
2746 1771 3048 1826 emittente
3079 1770 3314 1826 mobilis
3345 1769 3513 1825 valde
3533 1772 3641 1839 est,

239 1854 511 1932 ἀφιέντος.
560 1851 796 1934 Ιιυρώδη
854 1855 944 1909 καὶ
1007 1856 1343 1928 θαυματικήν
1418 1877 1538 1910 τινα
1595 1854 1891 1931 διασπείρει

233 1939 482 2015 δύναμιν,
516 1942 655 1997 ὥστε
713 1941 902 1998 πολλά
946 1945 1033 1999 καὶ
1081 1946 1309 2019 πάσχειν
1356 1945 1444 1999 val
1489 1951 1666 2000 ποιεῖν
1700 1943 1894 2000 διἀύ-

236 2038 329 2101 τῆς
354 2033 449 2087 τὸν
481 2029 791 2106 ἄνθρωπον.
845 2030 950 2087 Καὶ
1003 2038 1107 2088 τῶν
1161 2034 1460 2109 ἐρωτικῶν,
1504 2033 1536 2089 ἃ
1567 2032 1633 2104 δή
1669 2036 1896 2112 μέγιστα

236 2123 317 2176 καὶ
377 2117 720 2199 σφοδρότατα
768 2124 1066 2194 παθήματα
1113 2126 1213 2195 τῇς
1269 2126 1457 2198 ψυχῆς
1509 2121 1675 2194 ἔστιν,
1710 2125 1889 2200 ἀρχὴν

232 2212 262 2280 ἡ
289 2210 417 2284 ὅψις
452 2208 755 2278 ἰνδίδωσιν,
807 2210 946 2266 ὥστε
994 2210 1105 2287 ῥεῖν
1147 2211 1237 2266 καὶ
1265 2208 1541 2276 λείϐεσθαι
1570 2214 1665 2268 τὸν
1697 2214 1893 2288 ἐρωτι-

231 2300 338 2370 κὸν,
370 2299 498 2355 ὅταν
547 2294 801 2375 ἐμϐλέπῃ
849 2305 966 2363 τοῖς
1011 2301 1234 2375 ἀγαθοῖς
1280 2302 1371 2356 καὶ
1417 2302 1632 2365 καλοῖς.
1671 2304 1741 2358 Τὸ
1769 2306 1893 2381 γὰρ,

243 2386 323 2442 διὰ
376 2393 489 2443 τῶν
546 2388 811 2462 ὀμμάτων
872 2387 1152 2458 ἐκπίπτον,
1213 2388 1320 2445 εἴτε
1372 2395 1486 2465 φῶς
1535 2391 1642 2447 εἴτε
1690 2392 1895 2468 ῥεῦμαὸ

242 2477 358 2539 τοὺς
392 2477 629 2544 ἐρῶντας
681 2477 896 2548 ἐκτήκει
943 2478 1034 2533 καὶ
1082 2477 1381 2547 ἀπόλλυσι,
1423 2481 1650 2551 τοιαύτη
1684 2481 1890 2556 γίνεται

248 2564 481 2631 διάδοσις
523 2567 615 2621 καὶ
663 2564 967 2637 ἀνάπληξις
1021 2568 1125 2623 ὑπὸ
1171 2575 1271 2638 τῆς
1319 2565 1520 2642 ὅψεως.
1555 2571 1622 2626 Al
1652 2572 1753 2645 γὰρ
1785 2576 1895 2626 τῶν

258 2653 437 2710 καλῶν
468 2651 645 2729 ὄψεις,
681 2654 779 2709 κ’ὰν
829 2655 975 2731 πάγο
1032 2656 1314 2732 πορῥωθεν
1369 2653 1765 2728 ἀντιϐλέπωσι,
1792 2665 1897 2736 πῦρ

251 2742 300 2798 ἒν
347 2751 469 2806 ταῖς
521 2749 630 2799 τῶν
690 2742 968 2821 ἐρωτικῶν
1025 2748 1232 2821 ψυχαῖς
1289 2746 1605 2805 ἀνάπτουσι.
1677 2749 1779 2806 Καὶ
1837 2749 1901 2805 τὸ

251 2838 403 2907 σῶμα
433 2831 492 2889 δὲ
531 2837 643 2888 τῶν
689 2832 977 2907 ἐρωμένων
1027 2834 1117 2889 καὶ
1168 2834 1460 2911 ὁρωμένων
1506 2835 1804 2914 βλάπτεται
1846 2836 1898 2894 ἐν

254 2928 368 2985 ταῖς
395 2922 673 2985 τοιαύταις
716 2924 1044 3002 ἀποφοραῖς.

585 3014 693 3088 πγ’.
725 3014 852 3085 ΙΙῷς
886 3013 941 3068 αἱ
972 3009 1275 3089 συλλήψεις
1305 3012 1569 3092 γίνονται.

332 3102 397 3159 Ἦ
424 3099 698 3176 σύλληψις
743 3106 851 3157 τῶν
905 3101 1056 3172 ζώων
1096 3103 1325 3179 γίνεται,
1379 3106 1469 3160 καὶ
1520 3104 1758 3179 μάλιστα
1803 3109 1883 3161 τῶ

250 3189 566 3266 ἀνθρώπων,
616 3190 741 3246 ὅταν
826 3188 1160 3262 ἐπιτήδειος,
1206 3192 1297 3248 καὶ
1374 3194 1639 3269 ξηροτέρα
1698 3194 1909 3269 συμμὲ-

256 3298 394 3354 τρως
447 3282 482 3350 ἡ
543 3282 728 3356 μήτρα
770 3301 994 3356 γενηται
1071 3281 1207 3356 πρὸς
1274 3282 1375 3351 τὴν
1432 3280 1757 3359 παραδοχὴν
1814 3286 1913 3339 τοῦ

258 3369 562 3442 σπέρματος
642 3369 751 3423 τῶν
847 3370 1203 3443 καταμηνίων
1269 3372 1781 3445 συνεπισπωμένων
1824 3372 1900 3428 ἀπ

268 3458 465 3522 παντὸς
509 3453 679 3533 ὄγκου
732 3459 895 3535 μέρος
941 3480 993 3513 τι
1039 3463 1137 3513 τοῦ
1192 3465 1430 3534 καθαροῦ
1477 3458 1733 3534 αἶ’ματος.
1768 3469 1916 3536 Συμ-

255 3542 513 3602 ϐἀλλεται
546 3545 605 3602 δὲ
651 3546 741 3602 καὶ
781 3548 846 3602 τὸ
894 3547 1037 3617 θῆλυ
1095 3548 1231 3624 πρὸς
1276 3550 1377 3619 τὴν
1436 3548 1629 3620 κύησιν
1675 3550 1921 3628 ἐξυγραι-

257 3636 459 3707 νομένη
515 3639 616 3706 τήν
671 3638 879 3713 μήτραν
938 3635 991 3691 ἐν
1048 3642 1166 3699 ταῖς
1216 3637 1448 3711 μίξεσιν,
1481 3641 1516 3709 ἡ
1579 3637 1637 3695 δὲ
1688 3640 1918 3716 ὑγρασία

266 3723 402 3794 αὕτη
470 3724 778 3801 σπέρματος
839 3726 933 3799 μὲν
995 3725 1094 3781 οὐκ
1144 3721 1261 3802 ἔχει
1321 3725 1507 3803 λόγον,
1570 3730 1680 3784 οἷον
1724 3727 1781 3785 δὲ
1809 3729 1918 3801 ὕλη

262 3812 464 3887 γίνεται
530 3816 599 3887 τῇ
672 3809 957 3889 καταϐολῇ
1004 3821 1106 3883 τῆς
1152 3813 1401 3891 ἀνδρείας
1458 3824 1645 3892 γονῆς.
1706 3821 1803 3873 Καὶ
1858 3821 1921 3875 τὸ

273 3901 368 3972 μὶν
434 3905 533 3956 τοῦ
591 3899 811 3980 ἄριὲενος
859 3904 1077 3975 σπέρμα
1143 3903 1219 3967 είς
1274 3905 1341 3959 τὰ
1398 3907 1729 3983 στερεώτερα
1783 3908 1920 3981 μὲρη

264 3994 362 4044 τοῦ
414 3991 663 4065 σώματος
742 3991 972 4068 ἐξαρκεῖ,
1050 3993 1161 4048 οἷον
1242 3993 1393 4063 όστᾶ,
1472 3995 1564 4049 καὶ
1622 4001 1785 4069 νεῦρα
1835 3995 1925 4052 καὶ

271 4073 473 4154 φλέϐας
513 4086 603 4135 καί
660 4080 948 4156 ἀρτηρίας,
1001 4081 1091 4135 καὶ
1140 4082 1207 4137 τὰ
1251 4086 1495 4139 τοιαῦτα.
1543 4086 1685 4141 Ἀπὸ
1738 4083 1796 4139 δὶ
1831 4088 1929 4141 τοῦ

269 4165 491 4236 θήλεος,
539 4168 615 4231 εἷς
674 4170 743 4224 τὰ
799 4168 1064 4246 ὑγρότερα
1132 4170 1269 4247 μέρη
1323 4176 1418 4226 τοῦ
1474 4173 1761 4245 σώματος,
1793 4176 1933 4247 αἷμα

272 4256 420 4332 φημῖ
472 4259 557 4312 καὶ
610 4257 927 4337 ἀμφοτέρας
978 4259 1073 4321 τὰς
1123 4257 1325 4334 χολὰς.
1380 4262 1454 4317 ’Ή
1505 4260 1721 4334 μᾶλλον
1753 4263 1933 4317 πάντα

2001 1866 2059 1917 et
2090 1861 2283 1930 ignem
2318 1860 2743 1931 mirificamque
2774 1860 2959 1930 spirat
2978 1859 3119 1928 vim,
3162 1864 3226 1914 ut
3257 1857 3444 1914 multa
3472 1858 3646 1914 homo

2003 1966 2106 2022 per
2131 1950 2291 2003 illam
2320 1950 2548 2005 efficere
2579 1964 2684 2003 nec
2714 1949 2912 2003 minus
2935 1949 3084 2002 affici
3119 1966 3183 2003 ac
3214 1948 3333 2019 pati
3369 1947 3651 2019 possit.Et

2003 2055 2169 2094 amor
2198 2036 2298 2110 qui
2330 2037 2573 2093 allectus
2604 2038 2788 2092 animi
2814 2043 2903 2092 est
2924 2038 3213 2092 maximus
3245 2053 3310 2092 ac
3336 2038 3648 2091 vehemen-

2003 2126 2534 2191 tissimus,initium
2564 2125 2720 2197 capit
2747 2142 2782 2179 a
2809 2132 3141 2196 conspectu,
3160 2127 3360 2196 itaque
3380 2128 3650 2181 amantes

2006 2217 2197 2271 fluunt
2225 2214 2384 2270 velut
2412 2230 2477 2269 ac
2497 2213 2829 2284 liquefiunt,
2866 2216 3101 2285 quando
3126 2214 3401 2285 pulchros
3432 2230 3498 2268 ao
3528 2214 3648 2268 for-

2007 2320 2204 2360 mosos
2234 2303 2453 2367 vident,
2489 2318 2623 2357 nam
2656 2318 2778 2373 quae
2838 2318 2939 2373 per
2993 2301 3192 2357 oculos
3229 2301 3435 2356 incidit
3459 2302 3514 2355 in
3549 2317 3651 2357 eos

2007 2393 2108 2449 lux
2138 2393 2259 2447 sive
2290 2392 2495 2447 effusio
2528 2391 2825 2446 radiorum
2858 2396 3123 2445 amantes
3174 2391 3363 2462 perdit
3394 2390 3651 2461 facitque

2008 2482 2439 2545 contabescere,
2471 2485 2636 2535 tanta
2664 2484 2753 2534 est
2781 2495 2850 2534 ex
2877 2466 3004 2534 visu
3037 2478 3301 2534 alteratio
3331 2485 3391 2534 et
3420 2477 3657 2549 percul-

2008 2571 2277 2628 sio.Nam
2311 2570 2702 2625 formosorum
2735 2574 3084 2638 conspectus
3112 2568 3345 2623 etiamsi
3376 2568 3657 2637 elongin-

2010 2677 2127 2732 quo
2158 2659 2499 2731 respiciunt,
2533 2658 2728 2728 ignem
2762 2657 2821 2711 in
2853 2657 3182 2713 amantium
3215 2656 3429 2711 animis
3450 2671 3658 2711 acoen-

2011 2750 2179 2805 dunt.
2227 2748 2332 2803 Sed
2366 2754 2420 2804 et
2472 2763 2684 2817 corpus
2733 2750 3061 2802 amatorum
3094 2752 3661 2816 conspectorumque

2014 2854 2113 2910 per
2142 2836 2434 2909 ejusmodi
2466 2835 2763 2891 radiorum
2809 2834 3156 2890 emissiones
3179 2834 3453 2891 afﬁcitur.

2369 3014 2459 3069 83.
2495 3013 2719 3082 Quando
2743 3013 2888 3084 fetus
2915 3014 3259 3083 concipiatur
3277 3014 3304 3068 ἰ’

2094 3103 2403 3176 Conceptio
2438 3102 2806 3173 animalium,
2838 3107 2895 3157 et
2915 3102 3223 3159 hominum
3275 3102 3524 3159 maxime
3575 3102 3664 3173 ﬁt,

2026 3195 2257 3267 quando
2289 3197 2490 3249 uterus
2520 3192 2872 3248 estidoneus
2900 3195 2957 3247 et
3011 3195 3332 3263 temperate
3369 3191 3562 3246 siccus
3592 3190 3665 3246 ad

2023 3283 2423 3355 recipiendum
2457 3296 2694 3337 semen:
2729 3280 3048 3335 menstruis
3085 3297 3155 3336 ex
3185 3281 3454 3345 universa
3470 3294 3670 3335 massa

2024 3378 2245 3446 partem
2282 3370 2411 3443 puri
2433 3368 2739 3440 sanguinis
2759 3366 3213 3424 uttrahentibus.
3244 3367 3666 3423 Confertetiam

2024 3462 2244 3517 femina
2274 3461 2344 3515 ad
2376 3457 3149 3529 conceptionem,uterumin
3185 3472 3537 3528 congressus
3559 3454 3671 3510 hu-

2027 3549 2356 3617 mectando,
2383 3548 2478 3619 qui
2511 3552 2709 3602 tamen
2732 3545 2945 3601 humor
2970 3562 3085 3599 non
3117 3544 3292 3600 habet
3316 3544 3561 3600 seminis
3585 3560 3675 3599 ra-

2027 3640 2271 3709 tionem,
2294 3638 2394 3694 sed
2427 3635 2910 3691 velutmateriam
2970 3635 3192 3705 probet
3237 3634 3465 3704 dejecto
3524 3631 3681 3687 virili

2030 3727 2260 3785 semini.
2292 3731 2485 3798 Atque
2514 3741 2707 3781 semen
2732 3724 2840 3780 viri
2872 3710 3233 3779 firmioribus
3255 3723 3516 3794 corporis
3547 3738 3679 3793 par-

2030 3818 2190 3873 tibus
2222 3814 2645 3887 componendis
2676 3813 3018 3881 insumitur,
3053 3817 3118 3867 ut
3158 3811 3416 3876 ossibus,
3467 3812 3683 3880 nervis,

2033 3906 2219 3975 venis,
2253 3904 2508 3973 arteriis,
2539 3909 2597 3959 et
2652 3903 2986 3959 similibus:
3024 3901 3249 3957 femina:
3291 3906 3487 3956 autem
3517 3899 3686 3955 debi-

2038 3996 2306 4060 lioribus,
2340 3993 2619 4065 sanguini
2653 3992 2933 4047 nimirum
2964 3996 3021 4045 et
3048 3991 3283 4061 utrique
3308 3990 3445 4045 bilis
3464 3987 3687 4061 generi.

2040 4089 2150 4141 Aut
2185 4085 2380 4157 potius
2411 4083 2609 4139 omnia
2651 4082 2770 4137 haec
2809 4098 2879 4138 ex
2905 4081 3169 4152 utrisque
3193 4080 3520 4136 seminibus
3548 4095 3694 4135 con-

2043 4180 2228 4239 stant,
2253 4174 2363 4229 nisi
2396 4174 2548 4244 quod
2586 4171 2916 4227 masculum
2964 4169 3281 4242 praepollet,
3338 4167 3692 4224 femininum

2047 4264 2249 4319 minus
2279 4264 2458 4318 habet
2479 4261 2731 4317 virtutis.

274 4342 327 4414 ἐξ
359 4344 707 4419 ἀμφοτέρων,
745 4344 893 4401 ἀλλὰ
934 4347 1003 4402 τὰ
1058 4347 1154 4420 μὶν
1206 4353 1303 4404 τοῦ
1350 4346 1571 4426 ἄρρενος
1604 4348 1767 4407 πλέον
1795 4347 1936 4428 ἔχειν

268 4432 337 4487 τὰ
370 4429 430 4487 3‘s
454 4438 547 4489 τοῦ
576 4434 779 4506 θήλεος
810 4434 893 4490 ἐπ’
919 4433 1169 4493 ἔλλατον.

1959 4504 2005 4569 D

2035 4559 2125 4614 84.
2163 4557 2311 4615 Unde
2338 4556 2623 4627 contingat
2647 4554 2865 4627 similes
2907 4554 2988 4609 vel
3028 4553 3329 4627 dissimile:
3371 4552 3697 4625 parentibus

2648 4629 2807 4682 nasci
2843 4625 3047 4682 liberos
3072 4626 3100 4680 ‘I

2118 4731 2425 4784 Excretum
2455 4741 2658 4783 semen
2687 4724 2778 4780 vel
2826 4740 2859 4779 a
2914 4722 3038 4779 viro
3086 4727 3198 4794 est,
3251 4722 3343 4779 vel
3397 4740 3431 4779 a
3459 4721 3699 4778 femina.

2051 4817 2199 4874 Illud
2241 4816 2347 4872 viri
2380 4813 2438 4870 in
2473 4831 2535 4870 se
2567 4814 2738 4870 habet
2767 4812 3022 4869 rationes
3056 4829 3286 4869 morum
3321 4815 3377 4867 et
3402 4810 3618 4867 indolis
3637 4825 3704 4867 ac

2052 4908 2252 4964 formae
2284 4906 2416 4975 viri,
2447 4909 2507 4961 et
2537 4904 2644 4959 hoc
2676 4901 2904 4959 feminae
2932 4902 3221 4959 similiter.
3251 4902 3494 4967 Quando
3526 4900 3708 4973 igitur

2053 5002 2305 5069 utraque
2329 4994 2781 5068 permiscentur,
2808 4993 2859 5047 si
2883 4991 3114 5063 quidem
3155 4991 3479 5064 aequaliter,
3509 4990 3707 5048 infans

2055 5087 2156 5158 qui
2216 5085 2477 5141 nascitur
2523 5099 2593 5139 ex
2644 5081 2948 5153 utriusque
3000 5081 3256 5153 parentis
3313 5078 3708 5136 similitudine

2056 5175 2358 5248 aequaliter
2388 5172 2780 5247 participabit.
2813 5171 2870 5226 Si
2924 5175 3119 5227 autem
3172 5171 3449 5227 feminino
3493 5168 3706 5226 semini

2059 5265 2425 5339 przevaluerit
2468 5260 2821 5333 masculum,
2846 5261 2995 5334 patri
3025 5258 3245 5317 similia
3271 5266 3623 5316 nascentur:
3656 5256 3708 5313 si

2061 5359 2265 5411 contra
2294 5352 2555 5410 masculo
2591 5350 2965 5420 femininum,
3016 5354 3264 5406 matrem
3316 5347 3709 5405 similitudine

2064 5445 2331 5500 referent.
2367 5442 2526 5509 Quod
2556 5440 2603 5496 si
2650 5438 2808 5495 calor
2857 5438 2955 5511 qui
3012 5444 3102 5495 est
3154 5439 3213 5493 in
3273 5438 3498 5494 semine
3527 5431 3711 5505 exspi-

2065 5533 2295 5601 raverit,
2332 5530 2522 5589 neutri
2573 5533 2884 5603 parentum
2918 5528 3382 5585 conformabitur
3420 5525 3573 5599 quod
3608 5538 3711 5576 na-

2066 5625 2268 5683 scitur.
2319 5621 2545 5696 Seapius
2591 5619 2771 5677 etiam
2827 5617 3043 5675 femina
3073 5617 3225 5674 inter
3261 5610 3709 5688 concipiendum

428 4546 532 4608 πδ⁹.
560 4548 1005 4629 Πόθενᾳγίνονται
1036 4555 1144 4629 τῶν
1176 4551 1381 4629 γονέων
1408 4552 1462 4629 αἱ
1493 4554 1784 4628 ὁμοιώσεις

581 4624 673 4677 καί
704 4621 933 4700 αἶ’πρὺς
964 4621 1632 4699 τούτουςάνομοιότητες.

302 4740 313 4799 ν’
351 4717 430 4771 Τὸ
472 4718 899 4796 ἀποκρινόμενον
960 4721 1202 4797 σπέρμα,
1259 4721 1296 4792 ἤ
1355 4724 1461 4781 ἀπὸ
1511 4729 1609 4780 τοῦ
1639 4721 1857 4802 ἀνδρὸς,
1901 4720 1938 4795 ἤ

283 4806 398 4861 ἀπὸ
430 4809 524 4876 τῆς
548 4809 808 4883 γυναικός
839 4828 852 4841 ·
906 4809 970 4865 τὸ
1025 4810 1120 4883 μὶν
1182 4810 1289 4867 ἀπὸ
1344 4816 1441 4868 τοῦ
1484 4810 1701 4889 ἀνδρὸς,
1742 4812 1940 4890 λόγους

279 4893 406 4970 ἔχει
440 4899 539 4948 τῶν
583 4897 635 4952 ἐν
694 4894 844 4969 αύτῷ
890 4898 1039 4967 ἠθῶν
1095 4898 1187 4953 καὶ
1243 4900 1462 4976 τρόπων
1518 4901 1607 4957 καὶ
1655 4909 1755 4973 τῆς
1808 4923 1943 4979 μορ-

285 4986 423 5060 φῆς,
457 4985 540 5038 καί
567 4986 673 5041 ἀπὸ
709 4987 923 5061 μητρὸς
971 4984 1028 5042 δὶ
1078 4987 1339 5054 ὡσαύτως
1366 5009 1378 5023 ⁸
1413 4996 1576 5049 ’Όταν
1627 4990 1718 5046 οὖν
1777 4993 1943 5069 ἄμφω

284 5072 358 5126 τὰ
412 5073 689 5147 σπέρματα
767 5080 1071 5150 συγκραθῇ,
1128 5076 1177 5131 εἴ
1242 5078 1337 5151 μὶν
1395 5078 1480 5134 ἐπ’
1523 5077 1672 5153 ίσης,
1718 5076 1833 5157 ἔχει
1884 5081 1946 5136 τὸ

281 5159 619 5233 γεννώμενον
680 5162 802 5235 ἴσην
863 5165 953 5220 καὶ
1011 5165 1147 5240 πρὸς
1210 5168 1273 5221 τὸ
1332 5166 1489 5245 ἄρῥεν
1544 5170 1633 5224 καὶ
1691 5171 1826 5245 πρὸς
1884 5171 1946 5225 τὸ

286 5246 445 5323 θῇλυ
477 5251 564 5319 τὴν
596 5254 925 5328 ὁμοιότητα.
973 5256 1136 5311 Ὅταν
1187 5252 1245 5311 δὲ
1289 5258 1352 5312 τὸ
1398 5257 1555 5335 ἅρῥεν
1607 5261 1948 5334 κατακρατή-

292 5342 505 5413 ante?)
547 5341 761 5412 θήλεος.
822 5347 904 5415 τῷ
963 5340 1139 5420 ἅῤῥενι
1197 5345 1477 5422 παρόμοια
1531 5349 1599 5404 τὰ
1656 5346 1952 5423 τικτόμενα

291 5424 687 5485 ἀποτελεῖται·
750 5430 875 5486 ὅταν
930 5429 989 5487 δὲ
1041 5434 1105 5488 τὸ
1164 5433 1306 5505 θῆλυ
1363 5440 1459 5491 τοῦ
1500 5436 1747 5513 ἄῤῥενος,
1800 5438 1952 5494 ἀπει-

288 5513 555 5588 κασμένα
593 5519 728 5593 πρός
782 5520 882 5588 τήν
932 5522 1161 5597 μητέρα.
1209 5524 1372 5581 Ὀταν
1423 5522 1481 5580 δὲ
1532 5528 1567 5595 ἡ
1600 5523 1651 5580 ἐν
1681 5531 1763 5599 τῷ
1792 5529 1954 5604 σπέρ-

298 5624 449 5679 ματι
488 5608 739 5683 θερμασία
785 5607 1101 5686 ἑξατμισθῇ,
1152 5609 1328 5670 οὐδενὶ
1382 5617 1486 5670 td»
1536 5611 1740 5672 τοκέων
1779 5613 1954 5675 πλατ-
