  <div class='ocr_page' id='page_1' title='image "/cluster/home/n/w/nwhite01/storage/ocr_20150623/122/hvd.32044073502460/383.png"; bbox 0 0 4032 6202; ppageno 0'>
   <div class='ocr_carea' id='block_1_1' title="bbox 377 365 498 424">
    <p class='ocr_par' dir='ltr' id='par_1_1' title="bbox 377 365 498 424">
     <span class='ocr_line' id='line_1_1' title="bbox 377 365 498 424; baseline 0.033 -3"><span class='ocrx_word' id='word_1_1' title='bbox 377 365 498 424; x_wconf 86' lang='lat'>739</span> 
     </span>
    </p>
   </div>
   <div class='ocr_carea' id='block_1_2' title="bbox 1716 357 2453 424">
    <p class='ocr_par' dir='ltr' id='par_1_2' title="bbox 1716 357 2453 424">
     <span class='ocr_line' id='line_1_2' title="bbox 1716 357 2453 424; baseline 0.008 -6"><span class='ocrx_word' id='word_1_2' title='bbox 1716 357 2135 420; x_wconf 82' lang='lat' dir='ltr'>MICHAELIS</span> <span class='ocrx_word' id='word_1_3' title='bbox 2180 361 2453 424; x_wconf 80' lang='lat' dir='ltr'>PSELLI</span> 
     </span>
    </p>
   </div>
   <div class='ocr_carea' id='block_1_3' title="bbox 3667 371 3786 431">
    <p class='ocr_par' dir='ltr' id='par_1_3' title="bbox 3667 371 3786 431">
     <span class='ocr_line' id='line_1_3' title="bbox 3667 371 3786 431; baseline 0.034 -4"><span class='ocrx_word' id='word_1_4' title='bbox 3667 371 3786 431; x_wconf 77' lang='grc' dir='ltr'>ἨΟ</span> 
     </span>
    </p>
   </div>
   <div class='ocr_carea' id='block_1_4' title="bbox 376 491 2010 576">
    <p class='ocr_par' dir='ltr' id='par_1_4' title="bbox 376 495 2010 572">
     <span class='ocr_line' id='line_1_4' title="bbox 376 495 2010 572; baseline -0.006 -13"><span class='ocrx_word' id='word_1_5' title='bbox 376 503 537 559; x_wconf 87' lang='lat' dir='ltr'>hunc</span> <span class='ocrx_word' id='word_1_6' title='bbox 563 499 652 556; x_wconf 87' lang='lat' dir='ltr'>vel</span> <span class='ocrx_word' id='word_1_7' title='bbox 679 498 842 555; x_wconf 90' lang='lat' dir='ltr'>illam</span> <span class='ocrx_word' id='word_1_8' title='bbox 899 499 1276 572; x_wconf 80' lang='lat' dir='ltr'>imaginante,</span> <span class='ocrx_word' id='word_1_9' title='bbox 1326 497 1520 554; x_wconf 79' lang='lat' dir='ltr'>infans</span> <span class='ocrx_word' id='word_1_10' title='bbox 1561 495 1611 553; x_wconf 90' lang='lat' dir='ltr'>ei</span> <span class='ocrx_word' id='word_1_11' title='bbox 1644 496 1798 568; x_wconf 90' lang='lat' dir='ltr'>quod</span> <span class='ocrx_word' id='word_1_12' title='bbox 1834 498 2010 551; x_wconf 87' lang='lat' dir='ltr'>mater</span> 
     </span>
    </p>
   </div>
   <div class='ocr_carea' id='block_1_5' title="bbox 2128 491 3788 576">
    <p class='ocr_par' dir='ltr' id='par_1_5' title="bbox 2130 491 3788 576">
     <span class='ocr_line' id='line_1_5' title="bbox 2130 491 3788 576; baseline 0.007 -28"><span class='ocrx_word' id='word_1_13' title='bbox 2130 491 2358 567; x_wconf 87' lang='grc' dir='ltr'>τόμενον</span> <span class='ocrx_word' id='word_1_14' title='bbox 2421 497 2732 570; x_wconf 77' lang='grc' dir='ltr'>ὁμοιοῦται.</span> <span class='ocrx_word' id='word_1_15' title='bbox 2796 497 3078 565; x_wconf 82' lang='grc' dir='ltr'>Ηολλάκις</span> <span class='ocrx_word' id='word_1_16' title='bbox 3136 497 3193 555; x_wconf 69' lang='grc' dir='ltr'>δὲ</span> <span class='ocrx_word' id='word_1_17' title='bbox 3247 501 3340 556; x_wconf 85' lang='grc' dir='ltr'>καὶ</span> <span class='ocrx_word' id='word_1_18' title='bbox 3396 507 3497 571; x_wconf 84' lang='grc' dir='ltr'>τῆς</span> <span class='ocrx_word' id='word_1_19' title='bbox 3533 504 3788 576; x_wconf 82' lang='grc' dir='ltr'>γυναικὸς</span> 
     </span>
    </p>
   </div>
   <div class='ocr_carea' id='block_1_6' title="bbox 376 589 1241 665">
    <p class='ocr_par' dir='ltr' id='par_1_6' title="bbox 376 589 1241 665">
     <span class='ocr_line' id='line_1_6' title="bbox 376 589 1241 665; baseline -0.003 -17"><span class='ocrx_word' id='word_1_20' title='bbox 376 591 701 665; x_wconf 76' lang='lat' dir='ltr'>imaginata</span> <span class='ocrx_word' id='word_1_21' title='bbox 731 594 819 646; x_wconf 89' lang='lat' dir='ltr'>est</span> <span class='ocrx_word' id='word_1_22' title='bbox 849 589 1241 646; x_wconf 88' lang='lat' dir='ltr'>assimilatur.</span> 
     </span>
    </p>
   </div>
   <div class='ocr_carea' id='block_1_7' title="bbox 767 767 1630 840">
    <p class='ocr_par' dir='ltr' id='par_1_7' title="bbox 767 767 1630 840">
     <span class='ocr_line' id='line_1_7' title="bbox 767 767 1630 840; baseline 0 -18"><span class='ocrx_word' id='word_1_23' title='bbox 767 771 855 826; x_wconf 89' lang='lat'>85.</span> <span class='ocrx_word' id='word_1_24' title='bbox 888 768 1162 840; x_wconf 79' lang='lat' dir='ltr'>Quomodo</span> <span class='ocrx_word' id='word_1_25' title='bbox 1206 769 1344 838; x_wconf 83' lang='lat' dir='ltr'>ﬁant</span> <span class='ocrx_word' id='word_1_26' title='bbox 1371 767 1630 823; x_wconf 81' lang='lat' dir='ltr'>somnia?</span> 
     </span>
    </p>
   </div>
   <div class='ocr_carea' id='block_1_8' title="bbox 448 854 2022 916">
    <p class='ocr_par' dir='ltr' id='par_1_8' title="bbox 448 854 2022 916">
     <span class='ocr_line' id='line_1_8' title="bbox 448 854 2022 916; baseline -0.004 0"><span class='ocrx_word' id='word_1_27' title='bbox 448 859 639 916; x_wconf 75' lang='lat' dir='ltr'>Multre</span> <span class='ocrx_word' id='word_1_28' title='bbox 671 865 811 916; x_wconf 89' lang='lat' dir='ltr'>sunt</span> <span class='ocrx_word' id='word_1_29' title='bbox 838 875 1030 914; x_wconf 63' lang='lat' dir='ltr'>causa;</span> <span class='ocrx_word' id='word_1_30' title='bbox 1059 858 1446 914; x_wconf 82' lang='lat' dir='ltr'>somniorum.</span> <span class='ocrx_word' id='word_1_31' title='bbox 1483 856 1610 911; x_wconf 84' lang='lat' dir='ltr'>Alia</span> <span class='ocrx_word' id='word_1_32' title='bbox 1639 855 1796 910; x_wconf 88' lang='lat' dir='ltr'>enim</span> <span class='ocrx_word' id='word_1_33' title='bbox 1848 854 2022 910; x_wconf 84' lang='lat' dir='ltr'>ratio-</span> 
     </span>
    </p>
   </div>
   <div class='ocr_carea' id='block_1_9' title="bbox 379 945 2024 1015">
    <p class='ocr_par' dir='ltr' id='par_1_9' title="bbox 379 945 2024 1015">
     <span class='ocr_line' id='line_1_9' title="bbox 379 945 2024 1015; baseline -0.005 -9"><span class='ocrx_word' id='word_1_34' title='bbox 379 950 564 1008; x_wconf 90' lang='lat' dir='ltr'>nabili</span> <span class='ocrx_word' id='word_1_35' title='bbox 595 950 802 1005; x_wconf 70' lang='lat' dir='ltr'>anima:</span> <span class='ocrx_word' id='word_1_36' title='bbox 831 952 1264 1015; x_wconf 69' lang='lat' dir='ltr'>nostrae,mente</span> <span class='ocrx_word' id='word_1_37' title='bbox 1298 945 2024 1014; x_wconf 89' lang='lat' dir='ltr'>mediante,immittuntur</span> 
     </span>
    </p>
   </div>
   <div class='ocr_carea' id='block_1_10' title="bbox 381 1034 2017 1107">
    <p class='ocr_par' dir='ltr' id='par_1_10' title="bbox 381 1034 2017 1107">
     <span class='ocr_line' id='line_1_10' title="bbox 381 1034 2017 1107; baseline -0.005 -12"><span class='ocrx_word' id='word_1_38' title='bbox 381 1039 700 1105; x_wconf 89' lang='lat' dir='ltr'>divinitus;</span> <span class='ocrx_word' id='word_1_39' title='bbox 751 1036 865 1093; x_wconf 89' lang='lat' dir='ltr'>alia</span> <span class='ocrx_word' id='word_1_40' title='bbox 887 1041 1028 1092; x_wconf 91' lang='lat' dir='ltr'>sunt</span> <span class='ocrx_word' id='word_1_41' title='bbox 1071 1034 1250 1091; x_wconf 92' lang='lat' dir='ltr'>veluti</span> <span class='ocrx_word' id='word_1_42' title='bbox 1292 1035 1434 1091; x_wconf 87' lang='lat' dir='ltr'>echo</span> <span class='ocrx_word' id='word_1_43' title='bbox 1466 1035 1731 1107; x_wconf 64' lang='lat' dir='ltr'>quadam</span> <span class='ocrx_word' id='word_1_44' title='bbox 1765 1050 1831 1088; x_wconf 90' lang='lat' dir='ltr'>ac</span> <span class='ocrx_word' id='word_1_45' title='bbox 1863 1049 2017 1088; x_wconf 85' lang='lat' dir='ltr'>reso-</span> 
     </span>
    </p>
   </div>
   <div class='ocr_carea' id='block_1_11' title="bbox 377 1121 2022 1196">
    <p class='ocr_par' dir='ltr' id='par_1_11' title="bbox 377 1121 2022 1196">
     <span class='ocr_line' id='line_1_11' title="bbox 377 1121 2022 1196; baseline -0.005 -12"><span class='ocrx_word' id='word_1_46' title='bbox 377 1129 579 1184; x_wconf 80' lang='lat' dir='ltr'>nantia</span> <span class='ocrx_word' id='word_1_47' title='bbox 600 1127 941 1182; x_wconf 89' lang='lat' dir='ltr'>diurnarum</span> <span class='ocrx_word' id='word_1_48' title='bbox 968 1126 1261 1180; x_wconf 84' lang='lat' dir='ltr'>actionum</span> <span class='ocrx_word' id='word_1_49' title='bbox 1289 1145 1301 1191; x_wconf 87' lang='lat'><strong>;</strong></span> <span class='ocrx_word' id='word_1_50' title='bbox 1329 1123 1444 1180; x_wconf 90' lang='lat' dir='ltr'>alia</span> <span class='ocrx_word' id='word_1_51' title='bbox 1474 1143 1507 1180; x_wconf 90' lang='lat' dir='ltr'>a</span> <span class='ocrx_word' id='word_1_52' title='bbox 1529 1121 1840 1196; x_wconf 77' lang='lat' dir='ltr'>phantasia</span> <span class='ocrx_word' id='word_1_53' title='bbox 1859 1122 2022 1177; x_wconf 82' lang='lat' dir='ltr'>effor-</span> 
     </span>
    </p>
   </div>
   <div class='ocr_carea' id='block_1_12' title="bbox 373 1212 2019 1287">
    <p class='ocr_par' dir='ltr' id='par_1_12' title="bbox 373 1212 2019 1287">
     <span class='ocr_line' id='line_1_12' title="bbox 373 1212 2019 1287; baseline -0.005 -12"><span class='ocrx_word' id='word_1_54' title='bbox 373 1223 633 1284; x_wconf 88' lang='lat' dir='ltr'>mantur,</span> <span class='ocrx_word' id='word_1_55' title='bbox 695 1217 1058 1287; x_wconf 79' lang='lat' dir='ltr'>imaginante</span> <span class='ocrx_word' id='word_1_56' title='bbox 1115 1221 1172 1270; x_wconf 91' lang='lat' dir='ltr'>et</span> <span class='ocrx_word' id='word_1_57' title='bbox 1221 1215 1500 1270; x_wconf 77' lang='lat' dir='ltr'>offerente</span> <span class='ocrx_word' id='word_1_58' title='bbox 1558 1213 1726 1269; x_wconf 90' lang='lat' dir='ltr'>nobis</span> <span class='ocrx_word' id='word_1_59' title='bbox 1775 1212 2019 1268; x_wconf 90' lang='lat' dir='ltr'>diurnos</span> 
     </span>
    </p>
   </div>
   <div class='ocr_carea' id='block_1_13' title="bbox 373 1302 2021 1376">
    <p class='ocr_par' dir='ltr' id='par_1_13' title="bbox 373 1302 2021 1376">
     <span class='ocr_line' id='line_1_13' title="bbox 373 1302 2021 1376; baseline -0.004 -14"><span class='ocrx_word' id='word_1_60' title='bbox 373 1322 623 1376; x_wconf 87' lang='lat' dir='ltr'>amores,</span> <span class='ocrx_word' id='word_1_61' title='bbox 648 1303 739 1360; x_wconf 90' lang='lat' dir='ltr'>vel</span> <span class='ocrx_word' id='word_1_62' title='bbox 771 1303 951 1360; x_wconf 89' lang='lat' dir='ltr'>alium</span> <span class='ocrx_word' id='word_1_63' title='bbox 986 1304 1258 1360; x_wconf 74' lang='lat' dir='ltr'>affectum</span> <span class='ocrx_word' id='word_1_64' title='bbox 1300 1305 1508 1359; x_wconf 70' lang='lat' dir='ltr'>animae</span> <span class='ocrx_word' id='word_1_65' title='bbox 1551 1307 1784 1358; x_wconf 73' lang='lat' dir='ltr'>nostrae.</span> <span class='ocrx_word' id='word_1_66' title='bbox 1835 1302 1964 1356; x_wconf 89' lang='lat' dir='ltr'>Alia</span> <span class='ocrx_word' id='word_1_67' title='bbox 1987 1318 2021 1356; x_wconf 90' lang='lat' dir='ltr'>a</span> 
     </span>
    </p>
   </div>
   <div class='ocr_carea' id='block_1_14' title="bbox 373 1392 2017 1468">
    <p class='ocr_par' dir='ltr' id='par_1_14' title="bbox 373 1392 2017 1468">
     <span class='ocr_line' id='line_1_14' title="bbox 373 1392 2017 1468; baseline -0.005 -15"><span class='ocrx_word' id='word_1_68' title='bbox 373 1400 626 1468; x_wconf 82' lang='lat' dir='ltr'>quatuor</span> <span class='ocrx_word' id='word_1_69' title='bbox 645 1394 997 1450; x_wconf 80' lang='lat' dir='ltr'>humoribus</span> <span class='ocrx_word' id='word_1_70' title='bbox 1018 1394 1138 1449; x_wconf 86' lang='lat' dir='ltr'>sive</span> <span class='ocrx_word' id='word_1_71' title='bbox 1168 1393 1651 1466; x_wconf 88' lang='lat' dir='ltr'>temperamentis</span> <span class='ocrx_word' id='word_1_72' title='bbox 1673 1392 2017 1456; x_wconf 84' lang='lat' dir='ltr'>excitantur,</span> 
     </span>
    </p>
   </div>
   <div class='ocr_carea' id='block_1_15' title="bbox 372 1479 2016 1547">
    <p class='ocr_par' dir='ltr' id='par_1_15' title="bbox 372 1479 2016 1547">
     <span class='ocr_line' id='line_1_15' title="bbox 372 1479 2016 1547; baseline -0.005 -5"><span class='ocrx_word' id='word_1_73' title='bbox 372 1487 528 1543; x_wconf 85' lang='lat' dir='ltr'>unde</span> <span class='ocrx_word' id='word_1_74' title='bbox 558 1490 618 1542; x_wconf 88' lang='lat' dir='ltr'>et</span> <span class='ocrx_word' id='word_1_75' title='bbox 655 1485 878 1541; x_wconf 82' lang='lat' dir='ltr'>colores</span> <span class='ocrx_word' id='word_1_76' title='bbox 938 1484 1288 1540; x_wconf 86' lang='lat' dir='ltr'>humoribus</span> <span class='ocrx_word' id='word_1_77' title='bbox 1347 1481 1466 1538; x_wconf 90' lang='lat' dir='ltr'>illis</span> <span class='ocrx_word' id='word_1_78' title='bbox 1525 1480 1748 1538; x_wconf 87' lang='lat' dir='ltr'>similes</span> <span class='ocrx_word' id='word_1_79' title='bbox 1780 1479 2016 1547; x_wconf 83' lang='lat' dir='ltr'>habent,</span> 
     </span>
    </p>
   </div>
   <div class='ocr_carea' id='block_1_16' title="bbox 371 1568 2017 1648">
    <p class='ocr_par' dir='ltr' id='par_1_16' title="bbox 371 1568 2017 1648">
     <span class='ocr_line' id='line_1_16' title="bbox 371 1568 2017 1648; baseline -0.005 -17"><span class='ocrx_word' id='word_1_80' title='bbox 371 1593 497 1648; x_wconf 82' lang='lat' dir='ltr'>quae</span> <span class='ocrx_word' id='word_1_81' title='bbox 521 1575 581 1630; x_wconf 92' lang='lat' dir='ltr'>in</span> <span class='ocrx_word' id='word_1_82' title='bbox 610 1574 804 1647; x_wconf 89' lang='lat' dir='ltr'>quiete</span> <span class='ocrx_word' id='word_1_83' title='bbox 834 1574 1127 1630; x_wconf 89' lang='lat' dir='ltr'>videntur.</span> <span class='ocrx_word' id='word_1_84' title='bbox 1165 1571 1285 1627; x_wconf 79' lang='lat' dir='ltr'>Alia</span> <span class='ocrx_word' id='word_1_85' title='bbox 1318 1573 1575 1643; x_wconf 91' lang='lat' dir='ltr'>produnt</span> <span class='ocrx_word' id='word_1_86' title='bbox 1603 1586 1814 1626; x_wconf 89' lang='lat' dir='ltr'>causas</span> <span class='ocrx_word' id='word_1_87' title='bbox 1845 1568 2017 1624; x_wconf 82' lang='lat' dir='ltr'>habe-</span> 
     </span>
    </p>
   </div>
   <div class='ocr_carea' id='block_1_17' title="bbox 369 1659 2018 1736">
    <p class='ocr_par' dir='ltr' id='par_1_17' title="bbox 369 1659 2018 1736">
     <span class='ocr_line' id='line_1_17' title="bbox 369 1659 2018 1736; baseline -0.005 -15"><span class='ocrx_word' id='word_1_88' title='bbox 369 1665 514 1721; x_wconf 82' lang='lat' dir='ltr'>rein</span> <span class='ocrx_word' id='word_1_89' title='bbox 547 1665 713 1721; x_wconf 90' lang='lat' dir='ltr'>nobis</span> <span class='ocrx_word' id='word_1_90' title='bbox 754 1669 908 1720; x_wconf 84' lang='lat' dir='ltr'>artes</span> <span class='ocrx_word' id='word_1_91' title='bbox 939 1680 1085 1736; x_wconf 90' lang='lat' dir='ltr'>quas</span> <span class='ocrx_word' id='word_1_92' title='bbox 1116 1661 1456 1731; x_wconf 90' lang='lat' dir='ltr'>didicimus,</span> <span class='ocrx_word' id='word_1_93' title='bbox 1487 1661 1575 1716; x_wconf 89' lang='lat' dir='ltr'>vel</span> <span class='ocrx_word' id='word_1_94' title='bbox 1628 1659 1860 1732; x_wconf 86' lang='lat' dir='ltr'>negotia</span> <span class='ocrx_word' id='word_1_95' title='bbox 1892 1677 2018 1731; x_wconf 72' lang='lat' dir='ltr'>quae</span> 
     </span>
    </p>
   </div>
   <div class='ocr_carea' id='block_1_18' title="bbox 369 1751 2016 1827">
    <p class='ocr_par' dir='ltr' id='par_1_18' title="bbox 369 1751 2016 1827">
     <span class='ocr_line' id='line_1_18' title="bbox 369 1751 2016 1827; baseline -0.005 -15"><span class='ocrx_word' id='word_1_96' title='bbox 369 1761 715 1824; x_wconf 87' lang='lat' dir='ltr'>tractamus,</span> <span class='ocrx_word' id='word_1_97' title='bbox 749 1757 904 1811; x_wconf 91' lang='lat' dir='ltr'>unde</span> <span class='ocrx_word' id='word_1_98' title='bbox 960 1754 1310 1827; x_wconf 90' lang='lat' dir='ltr'>philos0pho</span> <span class='ocrx_word' id='word_1_99' title='bbox 1343 1752 1767 1827; x_wconf 89' lang='lat' dir='ltr'>philosophica,</span> <span class='ocrx_word' id='word_1_100' title='bbox 1801 1751 2016 1806; x_wconf 89' lang='lat' dir='ltr'>rhetori</span> 
     </span>
    </p>
   </div>
   <div class='ocr_carea' id='block_1_19' title="bbox 369 1841 2094 1935">
    <p class='ocr_par' dir='ltr' id='par_1_19' title="bbox 369 1841 2094 1935">
     <span class='ocr_line' id='line_1_19' title="bbox 369 1841 2094 1935; baseline -0.005 -33"><span class='ocrx_word' id='word_1_101' title='bbox 369 1845 679 1912; x_wconf 86' lang='lat' dir='ltr'>rhetorica,</span> <span class='ocrx_word' id='word_1_102' title='bbox 705 1848 1012 1917; x_wconf 67' lang='lat' dir='ltr'>geometrae</span> <span class='ocrx_word' id='word_1_103' title='bbox 1045 1843 1399 1916; x_wconf 90' lang='lat' dir='ltr'>geometrica</span> <span class='ocrx_word' id='word_1_104' title='bbox 1420 1859 1482 1899; x_wconf 90' lang='lat' dir='ltr'>se</span> <span class='ocrx_word' id='word_1_105' title='bbox 1514 1842 1765 1898; x_wconf 86' lang='lat' dir='ltr'>offerunt</span> <span class='ocrx_word' id='word_1_106' title='bbox 1795 1841 2018 1896; x_wconf 89' lang='lat' dir='ltr'>insom-</span> <span class='ocrx_word' id='word_1_107' title='bbox 2051 1871 2094 1935; x_wconf 76' lang='grc' dir='ltr'><strong>Β</strong></span> 
     </span>
    </p>
   </div>
   <div class='ocr_carea' id='block_1_20' title="bbox 370 1928 2020 2003">
    <p class='ocr_par' dir='ltr' id='par_1_20' title="bbox 370 1928 2020 2003">
     <span class='ocr_line' id='line_1_20' title="bbox 370 1928 2020 2003; baseline -0.005 -12"><span class='ocrx_word' id='word_1_108' title='bbox 370 1935 487 1991; x_wconf 89' lang='lat' dir='ltr'>nia.</span> <span class='ocrx_word' id='word_1_109' title='bbox 521 1935 644 1990; x_wconf 89' lang='lat' dir='ltr'>Non</span> <span class='ocrx_word' id='word_1_110' title='bbox 678 1950 799 1989; x_wconf 90' lang='lat' dir='ltr'>una</span> <span class='ocrx_word' id='word_1_111' title='bbox 823 1933 999 2003; x_wconf 82' lang='lat' dir='ltr'>igitur</span> <span class='ocrx_word' id='word_1_112' title='bbox 1027 1932 1392 1988; x_wconf 88' lang='lat' dir='ltr'>somniorum</span> <span class='ocrx_word' id='word_1_113' title='bbox 1441 1947 1620 1986; x_wconf 88' lang='lat' dir='ltr'>causa</span> <span class='ocrx_word' id='word_1_114' title='bbox 1667 1933 1778 1996; x_wconf 91' lang='lat' dir='ltr'>est,</span> <span class='ocrx_word' id='word_1_115' title='bbox 1821 1928 1922 1984; x_wconf 89' lang='lat' dir='ltr'>sed</span> <span class='ocrx_word' id='word_1_116' title='bbox 1955 1931 2020 1982; x_wconf 91' lang='lat' dir='ltr'>ut</span> 
     </span>
    </p>
   </div>
   <div class='ocr_carea' id='block_1_21' title="bbox 371 2020 1439 2093">
    <p class='ocr_par' dir='ltr' id='par_1_21' title="bbox 371 2020 1439 2093">
     <span class='ocr_line' id='line_1_21' title="bbox 371 2020 1439 2093; baseline -0.004 -14"><span class='ocrx_word' id='word_1_117' title='bbox 371 2023 489 2079; x_wconf 86' lang='lat' dir='ltr'>dixi</span> <span class='ocrx_word' id='word_1_118' title='bbox 520 2023 682 2079; x_wconf 85' lang='lat' dir='ltr'>varia</span> <span class='ocrx_word' id='word_1_119' title='bbox 711 2038 777 2078; x_wconf 90' lang='lat' dir='ltr'>ac</span> <span class='ocrx_word' id='word_1_120' title='bbox 801 2020 1128 2093; x_wconf 88' lang='lat' dir='ltr'>multiplex.</span> <span class='ocrx_word' id='word_1_121' title='bbox 1438 2034 1439 2037; x_wconf 77' lang='lat'>‘</span> 
     </span>
    </p>
   </div>
   <div class='ocr_carea' id='block_1_22' title="bbox 579 2110 1798 2181">
    <p class='ocr_par' dir='ltr' id='par_1_22' title="bbox 579 2110 1798 2181">
     <span class='ocr_line' id='line_1_22' title="bbox 579 2110 1798 2181; baseline -0.002 -14"><span class='ocrx_word' id='word_1_122' title='bbox 579 2114 668 2167; x_wconf 85' lang='lat'>86.</span> <span class='ocrx_word' id='word_1_123' title='bbox 702 2113 775 2167; x_wconf 88' lang='lat' dir='ltr'>De</span> <span class='ocrx_word' id='word_1_124' title='bbox 805 2113 1061 2179; x_wconf 74' lang='lat' dir='ltr'>sanitate,</span> <span class='ocrx_word' id='word_1_125' title='bbox 1093 2111 1282 2166; x_wconf 84' lang='lat' dir='ltr'>morbo</span> <span class='ocrx_word' id='word_1_126' title='bbox 1311 2110 1386 2181; x_wconf 88' lang='lat'>(8)</span> <span class='ocrx_word' id='word_1_127' title='bbox 1421 2114 1469 2166; x_wconf 85' lang='lat' dir='ltr'>et</span> <span class='ocrx_word' id='word_1_128' title='bbox 1501 2117 1798 2165; x_wconf 74' lang='lat' dir='ltr'>senectute.</span> 
     </span>
    </p>
   </div>
   <div class='ocr_carea' id='block_1_23' title="bbox 435 2197 2018 2271">
    <p class='ocr_par' dir='ltr' id='par_1_23' title="bbox 435 2197 2018 2271">
     <span class='ocr_line' id='line_1_23' title="bbox 435 2197 2018 2271; baseline -0.004 -14"><span class='ocrx_word' id='word_1_129' title='bbox 435 2201 716 2258; x_wconf 88' lang='lat' dir='ltr'>Sanitatis</span> <span class='ocrx_word' id='word_1_130' title='bbox 747 2217 926 2256; x_wconf 89' lang='lat' dir='ltr'>causa</span> <span class='ocrx_word' id='word_1_131' title='bbox 954 2205 1011 2255; x_wconf 86' lang='lat' dir='ltr'>et</span> <span class='ocrx_word' id='word_1_132' title='bbox 1041 2200 1433 2256; x_wconf 82' lang='lat' dir='ltr'>conservatrix</span> <span class='ocrx_word' id='word_1_133' title='bbox 1464 2205 1552 2254; x_wconf 91' lang='lat' dir='ltr'>est</span> <span class='ocrx_word' id='word_1_134' title='bbox 1595 2197 1838 2271; x_wconf 61' lang='lat' dir='ltr'>aqualis</span> <span class='ocrx_word' id='word_1_135' title='bbox 1868 2201 2018 2254; x_wconf 91' lang='lat' dir='ltr'>tem-</span> 
     </span>
    </p>
   </div>
   <div class='ocr_carea' id='block_1_24' title="bbox 367 2287 2015 2363">
    <p class='ocr_par' dir='ltr' id='par_1_24' title="bbox 367 2287 2015 2363">
     <span class='ocr_line' id='line_1_24' title="bbox 367 2287 2015 2363; baseline -0.004 -16"><span class='ocrx_word' id='word_1_136' title='bbox 367 2296 647 2363; x_wconf 85' lang='lat' dir='ltr'>peratura</span> <span class='ocrx_word' id='word_1_137' title='bbox 674 2290 906 2359; x_wconf 91' lang='lat' dir='ltr'>caloris,</span> <span class='ocrx_word' id='word_1_138' title='bbox 938 2289 1191 2362; x_wconf 79' lang='lat' dir='ltr'>frigoris,</span> <span class='ocrx_word' id='word_1_139' title='bbox 1226 2288 1597 2344; x_wconf 88' lang='lat' dir='ltr'>humiditatis</span> <span class='ocrx_word' id='word_1_140' title='bbox 1629 2292 1685 2344; x_wconf 90' lang='lat' dir='ltr'>et</span> <span class='ocrx_word' id='word_1_141' title='bbox 1713 2287 2015 2356; x_wconf 87' lang='lat' dir='ltr'>siccitatis,</span> 
     </span>
    </p>
   </div>
   <div class='ocr_carea' id='block_1_25' title="bbox 368 2376 2014 2451">
    <p class='ocr_par' dir='ltr' id='par_1_25' title="bbox 368 2376 2014 2451">
     <span class='ocr_line' id='line_1_25' title="bbox 368 2376 2014 2451; baseline -0.004 -15"><span class='ocrx_word' id='word_1_142' title='bbox 368 2395 619 2451; x_wconf 88' lang='lat' dir='ltr'>quorum</span> <span class='ocrx_word' id='word_1_143' title='bbox 653 2381 704 2435; x_wconf 87' lang='lat' dir='ltr'>si</span> <span class='ocrx_word' id='word_1_144' title='bbox 731 2395 913 2434; x_wconf 90' lang='lat' dir='ltr'>unum</span> <span class='ocrx_word' id='word_1_145' title='bbox 949 2379 1174 2434; x_wconf 68' lang='lat' dir='ltr'>caeteris</span> <span class='ocrx_word' id='word_1_146' title='bbox 1204 2377 1783 2450; x_wconf 68' lang='lat' dir='ltr'>praevaleat,morbus</span> <span class='ocrx_word' id='word_1_147' title='bbox 1811 2376 2014 2431; x_wconf 90' lang='lat' dir='ltr'>oritur.</span> 
     </span>
    </p>
   </div>
   <div class='ocr_carea' id='block_1_26' title="bbox 362 2463 2020 2539">
    <p class='ocr_par' dir='ltr' id='par_1_26' title="bbox 362 2463 2020 2539">
     <span class='ocr_line' id='line_1_26' title="bbox 362 2463 2020 2539; baseline -0.003 -15"><span class='ocrx_word' id='word_1_148' title='bbox 362 2468 609 2525; x_wconf 83' lang='lat' dir='ltr'>Plurimi</span> <span class='ocrx_word' id='word_1_149' title='bbox 642 2474 796 2524; x_wconf 90' lang='lat' dir='ltr'>certe</span> <span class='ocrx_word' id='word_1_150' title='bbox 821 2468 1008 2524; x_wconf 88' lang='lat' dir='ltr'>morbi</span> <span class='ocrx_word' id='word_1_151' title='bbox 1042 2484 1141 2539; x_wconf 90' lang='lat' dir='ltr'>per</span> <span class='ocrx_word' id='word_1_152' title='bbox 1163 2465 1519 2522; x_wconf 85' lang='lat' dir='ltr'>anomaliam</span> <span class='ocrx_word' id='word_1_153' title='bbox 1563 2465 1684 2522; x_wconf 86' lang='lat' dir='ltr'>sive</span> <span class='ocrx_word' id='word_1_154' title='bbox 1739 2463 2020 2536; x_wconf 86' lang='lat' dir='ltr'>irregula-</span> 
     </span>
    </p>
   </div>
   <div class='ocr_carea' id='block_1_27' title="bbox 363 2555 2017 2628">
    <p class='ocr_par' dir='ltr' id='par_1_27' title="bbox 363 2555 2017 2628">
     <span class='ocr_line' id='line_1_27' title="bbox 363 2555 2017 2628; baseline -0.004 -14"><span class='ocrx_word' id='word_1_155' title='bbox 363 2559 599 2614; x_wconf 88' lang='lat' dir='ltr'>ritatem</span> <span class='ocrx_word' id='word_1_156' title='bbox 632 2556 922 2614; x_wconf 90' lang='lat' dir='ltr'>horumin</span> <span class='ocrx_word' id='word_1_157' title='bbox 957 2573 1196 2628; x_wconf 89' lang='lat' dir='ltr'>corpore</span> <span class='ocrx_word' id='word_1_158' title='bbox 1254 2555 1678 2610; x_wconf 89' lang='lat' dir='ltr'>elementorum</span> <span class='ocrx_word' id='word_1_159' title='bbox 1729 2570 2017 2625; x_wconf 88' lang='lat' dir='ltr'>generan-</span> 
     </span>
    </p>
   </div>
   <div class='ocr_carea' id='block_1_28' title="bbox 365 2641 2015 2715">
    <p class='ocr_par' dir='ltr' id='par_1_28' title="bbox 365 2641 2015 2715">
     <span class='ocr_line' id='line_1_28' title="bbox 365 2641 2015 2715; baseline -0.004 -13"><span class='ocrx_word' id='word_1_160' title='bbox 365 2652 485 2702; x_wconf 86' lang='lat' dir='ltr'>tur.</span> <span class='ocrx_word' id='word_1_161' title='bbox 517 2647 863 2702; x_wconf 85' lang='lat' dir='ltr'>Inferuntur</span> <span class='ocrx_word' id='word_1_162' title='bbox 893 2645 1082 2700; x_wconf 89' lang='lat' dir='ltr'>morbi</span> <span class='ocrx_word' id='word_1_163' title='bbox 1117 2646 1289 2700; x_wconf 89' lang='lat' dir='ltr'>etiam</span> <span class='ocrx_word' id='word_1_164' title='bbox 1351 2643 1537 2698; x_wconf 89' lang='lat' dir='ltr'>nimia</span> <span class='ocrx_word' id='word_1_165' title='bbox 1576 2642 1895 2715; x_wconf 88' lang='lat' dir='ltr'>repletione</span> <span class='ocrx_word' id='word_1_166' title='bbox 1931 2641 2015 2698; x_wconf 83' lang='lat' dir='ltr'>vel</span> 
     </span>
    </p>
   </div>
   <div class='ocr_carea' id='block_1_29' title="bbox 366 2730 2018 2805">
    <p class='ocr_par' dir='ltr' id='par_1_29' title="bbox 366 2730 2018 2805">
     <span class='ocr_line' id='line_1_29' title="bbox 366 2730 2018 2805; baseline -0.003 -14"><span class='ocrx_word' id='word_1_167' title='bbox 366 2737 655 2791; x_wconf 83' lang='lat' dir='ltr'>cruditate</span> <span class='ocrx_word' id='word_1_168' title='bbox 713 2740 814 2791; x_wconf 89' lang='lat' dir='ltr'>aut</span> <span class='ocrx_word' id='word_1_169' title='bbox 863 2734 1236 2805; x_wconf 86' lang='lat' dir='ltr'>corruptione</span> <span class='ocrx_word' id='word_1_170' title='bbox 1290 2733 1577 2788; x_wconf 89' lang='lat' dir='ltr'>ciborum.</span> <span class='ocrx_word' id='word_1_171' title='bbox 1619 2735 1690 2787; x_wconf 88' lang='lat' dir='ltr'>At</span> <span class='ocrx_word' id='word_1_172' title='bbox 1747 2730 2018 2788; x_wconf 88' lang='lat' dir='ltr'>sanitatis</span> 
     </span>
    </p>
   </div>
   <div class='ocr_carea' id='block_1_30' title="bbox 364 2821 2020 2893">
    <p class='ocr_par' dir='ltr' id='par_1_30' title="bbox 364 2821 2020 2893">
     <span class='ocr_line' id='line_1_30' title="bbox 364 2821 2020 2893; baseline -0.003 -13"><span class='ocrx_word' id='word_1_173' title='bbox 364 2824 721 2881; x_wconf 83' lang='lat' dir='ltr'>conciliatrix</span> <span class='ocrx_word' id='word_1_174' title='bbox 752 2830 841 2880; x_wconf 91' lang='lat' dir='ltr'>est</span> <span class='ocrx_word' id='word_1_175' title='bbox 865 2825 1136 2879; x_wconf 87' lang='lat' dir='ltr'>ordinata</span> <span class='ocrx_word' id='word_1_176' title='bbox 1162 2822 1331 2878; x_wconf 69' lang='lat' dir='ltr'>diaeta</span> <span class='ocrx_word' id='word_1_177' title='bbox 1362 2827 1418 2876; x_wconf 88' lang='lat' dir='ltr'>et</span> <span class='ocrx_word' id='word_1_178' title='bbox 1447 2821 1802 2893; x_wconf 85' lang='lat' dir='ltr'>tranquillus</span> <span class='ocrx_word' id='word_1_179' title='bbox 1829 2825 2020 2877; x_wconf 87' lang='lat' dir='ltr'>sorte-</span> 
     </span>
    </p>
   </div>
   <div class='ocr_carea' id='block_1_31' title="bbox 365 2911 2015 2986">
    <p class='ocr_par' dir='ltr' id='par_1_31' title="bbox 365 2911 2015 2986">
     <span class='ocr_line' id='line_1_31' title="bbox 365 2911 2015 2986; baseline -0.001 -18"><span class='ocrx_word' id='word_1_180' title='bbox 365 2931 478 2986; x_wconf 89' lang='lat' dir='ltr'>que</span> <span class='ocrx_word' id='word_1_181' title='bbox 503 2931 610 2970; x_wconf 89' lang='lat' dir='ltr'>sua</span> <span class='ocrx_word' id='word_1_182' title='bbox 639 2918 948 2970; x_wconf 87' lang='lat' dir='ltr'>contentus</span> <span class='ocrx_word' id='word_1_183' title='bbox 979 2913 1234 2967; x_wconf 87' lang='lat' dir='ltr'>animus.</span> <span class='ocrx_word' id='word_1_184' title='bbox 1280 2911 1550 2966; x_wconf 72' lang='lat' dir='ltr'>l‘mtusin</span> <span class='ocrx_word' id='word_1_185' title='bbox 1601 2916 1764 2966; x_wconf 86' lang='lat' dir='ltr'>utero</span> <span class='ocrx_word' id='word_1_186' title='bbox 1799 2911 2015 2966; x_wconf 85' lang='lat' dir='ltr'>forma-</span> 
     </span>
    </p>
   </div>
   <div class='ocr_carea' id='block_1_32' title="bbox 363 3001 2016 3072">
    <p class='ocr_par' dir='ltr' id='par_1_32' title="bbox 363 3001 2016 3072">
     <span class='ocr_line' id='line_1_32' title="bbox 363 3001 2016 3072; baseline -0.002 -12"><span class='ocrx_word' id='word_1_187' title='bbox 363 3010 462 3060; x_wconf 91' lang='lat' dir='ltr'>tur</span> <span class='ocrx_word' id='word_1_188' title='bbox 489 3021 522 3060; x_wconf 91' lang='lat' dir='ltr'>a</span> <span class='ocrx_word' id='word_1_189' title='bbox 543 3005 635 3060; x_wconf 89' lang='lat' dir='ltr'>die</span> <span class='ocrx_word' id='word_1_190' title='bbox 667 3004 966 3059; x_wconf 90' lang='lat' dir='ltr'>tricesima</span> <span class='ocrx_word' id='word_1_191' title='bbox 987 3006 1234 3068; x_wconf 83' lang='lat' dir='ltr'>sexta,et</span> <span class='ocrx_word' id='word_1_192' title='bbox 1266 3001 1547 3057; x_wconf 89' lang='lat' dir='ltr'>membris</span> <span class='ocrx_word' id='word_1_193' title='bbox 1575 3001 1865 3072; x_wconf 87' lang='lat' dir='ltr'>perfectus</span> <span class='ocrx_word' id='word_1_194' title='bbox 1888 3017 2016 3057; x_wconf 85' lang='lat' dir='ltr'>esse</span> 
     </span>
    </p>
   </div>
   <div class='ocr_carea' id='block_1_33' title="bbox 363 3090 2014 3166">
    <p class='ocr_par' dir='ltr' id='par_1_33' title="bbox 363 3090 2014 3166">
     <span class='ocr_line' id='line_1_33' title="bbox 363 3090 2014 3166; baseline -0.001 -18"><span class='ocrx_word' id='word_1_195' title='bbox 363 3093 568 3165; x_wconf 90' lang='lat' dir='ltr'>incipit</span> <span class='ocrx_word' id='word_1_196' title='bbox 598 3112 629 3149; x_wconf 90' lang='lat' dir='ltr'>a</span> <span class='ocrx_word' id='word_1_197' title='bbox 654 3093 1517 3166; x_wconf 61' lang='lat' dir='ltr'>quinquagesimaﬂuanquam</span> <span class='ocrx_word' id='word_1_198' title='bbox 1551 3090 1932 3162; x_wconf 88' lang='lat' dir='ltr'>Hippocrates</span> <span class='ocrx_word' id='word_1_199' title='bbox 1955 3090 2014 3146; x_wconf 89' lang='lat' dir='ltr'>in</span> 
     </span>
    </p>
   </div>
   <div class='ocr_carea' id='block_1_34' title="bbox 363 3178 2006 3254">
    <p class='ocr_par' dir='ltr' id='par_1_34' title="bbox 363 3178 2006 3254">
     <span class='ocr_line' id='line_1_34' title="bbox 363 3178 2006 3254; baseline -0.002 -17"><span class='ocrx_word' id='word_1_200' title='bbox 363 3181 664 3251; x_wconf 86' lang='lat' dir='ltr'>masculis,</span> <span class='ocrx_word' id='word_1_201' title='bbox 748 3183 903 3254; x_wconf 92' lang='lat' dir='ltr'>quod</span> <span class='ocrx_word' id='word_1_202' title='bbox 987 3182 1300 3237; x_wconf 87' lang='lat' dir='ltr'>calidiores</span> <span class='ocrx_word' id='word_1_203' title='bbox 1345 3180 1483 3247; x_wconf 90' lang='lat' dir='ltr'>sint,</span> <span class='ocrx_word' id='word_1_204' title='bbox 1537 3178 2006 3235; x_wconf 86' lang='lat' dir='ltr'>articulationem</span> 
     </span>
    </p>
   </div>
   <div class='ocr_carea' id='block_1_35' title="bbox 2133 583 3786 663">
    <p class='ocr_par' dir='ltr' id='par_1_35' title="bbox 2133 583 3786 663">
     <span class='ocr_line' id='line_1_35' title="bbox 2133 583 3786 663; baseline 0.006 -25"><span class='ocrx_word' id='word_1_205' title='bbox 2133 583 2424 660; x_wconf 70' lang='grc' dir='ltr'>φαντασίας</span> <span class='ocrx_word' id='word_1_206' title='bbox 2484 586 2534 642; x_wconf 82' lang='grc' dir='ltr'>ἐν</span> <span class='ocrx_word' id='word_1_207' title='bbox 2591 593 2672 661; x_wconf 80' lang='grc' dir='ltr'>τῷ</span> <span class='ocrx_word' id='word_1_208' title='bbox 2715 589 2914 643; x_wconf 81' lang='grc' dir='ltr'>τίκτειν</span> <span class='ocrx_word' id='word_1_209' title='bbox 2964 584 3244 661; x_wconf 78' lang='grc' dir='ltr'>λαϐούσης</span> <span class='ocrx_word' id='word_1_210' title='bbox 3301 588 3463 646; x_wconf 86' lang='grc' dir='ltr'>τοῦδε</span> <span class='ocrx_word' id='word_1_211' title='bbox 3508 594 3544 662; x_wconf 75' lang='grc' dir='ltr'><strong>ἢ</strong></span> <span class='ocrx_word' id='word_1_212' title='bbox 3593 591 3786 663; x_wconf 82' lang='grc' dir='ltr'>τῆσδε,</span> 
     </span>
    </p>
   </div>
   <div class='ocr_carea' id='block_1_36' title="bbox 2119 674 3545 756">
    <p class='ocr_par' dir='ltr' id='par_1_36' title="bbox 2119 674 3545 756">
     <span class='ocr_line' id='line_1_36' title="bbox 2119 674 3545 756; baseline 0.007 -28"><span class='ocrx_word' id='word_1_213' title='bbox 2119 674 2270 749; x_wconf 71' lang='grc' dir='ltr'>πρὸς</span> <span class='ocrx_word' id='word_1_214' title='bbox 2299 675 2360 730; x_wconf 86' lang='grc' dir='ltr'>τὸ</span> <span class='ocrx_word' id='word_1_215' title='bbox 2395 677 2688 755; x_wconf 70' lang='grc' dir='ltr'>φαντασθέν</span> <span class='ocrx_word' id='word_1_216' title='bbox 2724 677 3070 748; x_wconf 76' lang='grc' dir='ltr'>ἀπεικάζεται</span> <span class='ocrx_word' id='word_1_217' title='bbox 3100 682 3162 734; x_wconf 89' lang='grc' dir='ltr'>τὸ</span> <span class='ocrx_word' id='word_1_218' title='bbox 3182 681 3545 756; x_wconf 81' lang='grc' dir='ltr'>γεννώμενον.</span> 
     </span>
    </p>
   </div>
   <div class='ocr_carea' id='block_1_37' title="bbox 2521 764 3387 845">
    <p class='ocr_par' dir='ltr' id='par_1_37' title="bbox 2521 764 3387 845">
     <span class='ocr_line' id='line_1_37' title="bbox 2521 764 3387 845; baseline 0.007 -24"><span class='ocrx_word' id='word_1_219' title='bbox 2521 769 2621 824; x_wconf 84' lang='grc' dir='ltr'>πε’.</span> <span class='ocrx_word' id='word_1_220' title='bbox 2655 772 2778 830; x_wconf 85' lang='grc' dir='ltr'>Ηῶς</span> <span class='ocrx_word' id='word_1_221' title='bbox 2811 768 2862 824; x_wconf 79' lang='grc' dir='ltr'>οἱ</span> <span class='ocrx_word' id='word_1_222' title='bbox 2895 764 3095 842; x_wconf 78' lang='grc' dir='ltr'><strong>ὄνειροι</strong></span> <span class='ocrx_word' id='word_1_223' title='bbox 3127 769 3387 845; x_wconf 85' lang='grc' dir='ltr'>γίνονται.</span> 
     </span>
    </p>
   </div>
   <div class='ocr_carea' id='block_1_38' title="bbox 2205 852 3783 936">
    <p class='ocr_par' dir='ltr' id='par_1_38' title="bbox 2205 852 3783 936">
     <span class='ocr_line' id='line_1_38' title="bbox 2205 852 3783 936; baseline 0.004 -28"><span class='ocrx_word' id='word_1_224' title='bbox 2205 852 2417 910; x_wconf 75' lang='grc' dir='ltr'>Πολλαὶ</span> <span class='ocrx_word' id='word_1_225' title='bbox 2469 860 2577 910; x_wconf 88' lang='grc' dir='ltr'>τῶν</span> <span class='ocrx_word' id='word_1_226' title='bbox 2639 857 2862 930; x_wconf 79' lang='grc' dir='ltr'>ὀνείρων</span> <span class='ocrx_word' id='word_1_227' title='bbox 2918 857 3050 912; x_wconf 66' lang='grc' dir='ltr'>εῗσῖν</span> <span class='ocrx_word' id='word_1_228' title='bbox 3108 857 3276 914; x_wconf 76' lang='grc' dir='ltr'>αἶ’τίαι</span> <span class='ocrx_word' id='word_1_229' title='bbox 3338 879 3352 892; x_wconf 83' lang='lat'><strong><em>°</em></strong></span> <span class='ocrx_word' id='word_1_230' title='bbox 3414 861 3465 914; x_wconf 80' lang='grc' dir='ltr'>ὁὶ</span> <span class='ocrx_word' id='word_1_231' title='bbox 3528 861 3623 934; x_wconf 75' lang='grc' dir='ltr'>μὲν</span> <span class='ocrx_word' id='word_1_232' title='bbox 3678 863 3783 936; x_wconf 71' lang='grc' dir='ltr'>γὰρ</span> 
     </span>
    </p>
   </div>
   <div class='ocr_carea' id='block_1_39' title="bbox 2130 943 3784 1023">
    <p class='ocr_par' dir='ltr' id='par_1_39' title="bbox 2130 943 3784 1023">
     <span class='ocr_line' id='line_1_39' title="bbox 2130 943 3784 1023; baseline 0.005 -26"><span class='ocrx_word' id='word_1_233' title='bbox 2130 943 2308 998; x_wconf 84' lang='grc' dir='ltr'>αὐτῶν</span> <span class='ocrx_word' id='word_1_234' title='bbox 2342 943 2443 999; x_wconf 67' lang='grc' dir='ltr'>εἶσὶ</span> <span class='ocrx_word' id='word_1_235' title='bbox 2480 947 2824 1002; x_wconf 83' lang='grc' dir='ltr'>θεόπνευστοι</span> <span class='ocrx_word' id='word_1_236' title='bbox 2877 944 3075 1002; x_wconf 78' lang='grc' dir='ltr'>ἀνωθεν</span> <span class='ocrx_word' id='word_1_237' title='bbox 3125 945 3216 1003; x_wconf 69' lang='grc' dir='ltr'>διὰ</span> <span class='ocrx_word' id='word_1_238' title='bbox 3271 949 3434 1022; x_wconf 83' lang='grc' dir='ltr'>μέσου</span> <span class='ocrx_word' id='word_1_239' title='bbox 3462 954 3561 1005; x_wconf 83' lang='grc' dir='ltr'>τοῦ</span> <span class='ocrx_word' id='word_1_240' title='bbox 3589 954 3687 1005; x_wconf 90' lang='grc' dir='ltr'>νοῦ</span> <span class='ocrx_word' id='word_1_241' title='bbox 3715 955 3784 1023; x_wconf 85' lang='grc' dir='ltr'>τῇ</span> 
     </span>
    </p>
   </div>
   <div class='ocr_carea' id='block_1_40' title="bbox 2131 1030 3786 1115">
    <p class='ocr_par' dir='ltr' id='par_1_40' title="bbox 2131 1030 3786 1115">
     <span class='ocr_line' id='line_1_40' title="bbox 2131 1030 3786 1115; baseline 0.005 -29"><span class='ocrx_word' id='word_1_242' title='bbox 2131 1030 2329 1108; x_wconf 86' lang='grc' dir='ltr'>λογικῆ</span> <span class='ocrx_word' id='word_1_243' title='bbox 2361 1035 2516 1109; x_wconf 77' lang='grc' dir='ltr'>ψυχῇ</span> <span class='ocrx_word' id='word_1_244' title='bbox 2562 1037 2722 1107; x_wconf 82' lang='grc' dir='ltr'>ἡμῶν</span> <span class='ocrx_word' id='word_1_245' title='bbox 2775 1035 3142 1112; x_wconf 80' lang='grc' dir='ltr'>ἐγγινόμενοι,</span> <span class='ocrx_word' id='word_1_246' title='bbox 3201 1038 3253 1092; x_wconf 71' lang='grc' dir='ltr'>οἱ</span> <span class='ocrx_word' id='word_1_247' title='bbox 3309 1035 3366 1092; x_wconf 71' lang='grc' dir='ltr'>δὲ</span> <span class='ocrx_word' id='word_1_248' title='bbox 3413 1041 3527 1094; x_wconf 80' lang='grc' dir='ltr'>οἷον</span> <span class='ocrx_word' id='word_1_249' title='bbox 3561 1038 3786 1115; x_wconf 78' lang='grc' dir='ltr'>ἀπηχή·</span> 
     </span>
    </p>
   </div>
   <div class='ocr_carea' id='block_1_41' title="bbox 2134 1122 3780 1206">
    <p class='ocr_par' dir='ltr' id='par_1_41' title="bbox 2134 1122 3780 1206">
     <span class='ocr_line' id='line_1_41' title="bbox 2134 1122 3780 1206; baseline 0.005 -31"><span class='ocrx_word' id='word_1_250' title='bbox 2134 1143 2278 1194; x_wconf 86' lang='grc' dir='ltr'>ματα</span> <span class='ocrx_word' id='word_1_251' title='bbox 2306 1122 2407 1177; x_wconf 78' lang='grc' dir='ltr'>εἰσί</span> <span class='ocrx_word' id='word_1_252' title='bbox 2437 1127 2545 1178; x_wconf 89' lang='grc' dir='ltr'>τῶν</span> <span class='ocrx_word' id='word_1_253' title='bbox 2590 1125 2865 1199; x_wconf 83' lang='grc' dir='ltr'>ἠμερινῶν</span> <span class='ocrx_word' id='word_1_254' title='bbox 2921 1127 3186 1202; x_wconf 74' lang='grc' dir='ltr'>πρᾶξεων.</span> <span class='ocrx_word' id='word_1_255' title='bbox 3238 1128 3304 1184; x_wconf 74' lang='grc' dir='ltr'>Οἱ</span> <span class='ocrx_word' id='word_1_256' title='bbox 3353 1125 3409 1183; x_wconf 72' lang='grc' dir='ltr'>δὲ</span> <span class='ocrx_word' id='word_1_257' title='bbox 3447 1129 3554 1183; x_wconf 87' lang='grc' dir='ltr'>ἀπὸ</span> <span class='ocrx_word' id='word_1_258' title='bbox 3585 1150 3780 1206; x_wconf 70' lang='grc' dir='ltr'>φαντα-</span> 
     </span>
    </p>
   </div>
   <div class='ocr_carea' id='block_1_42' title="bbox 2128 1211 3781 1293">
    <p class='ocr_par' dir='ltr' id='par_1_42' title="bbox 2128 1211 3781 1293">
     <span class='ocr_line' id='line_1_42' title="bbox 2128 1211 3781 1293; baseline 0.005 -28"><span class='ocrx_word' id='word_1_259' title='bbox 2128 1219 2317 1281; x_wconf 86' lang='grc' dir='ltr'>στικῆς</span> <span class='ocrx_word' id='word_1_260' title='bbox 2391 1211 2739 1270; x_wconf 84' lang='grc' dir='ltr'>ἐντυποῦνται</span> <span class='ocrx_word' id='word_1_261' title='bbox 2825 1212 3128 1289; x_wconf 85' lang='grc' dir='ltr'>δυνάμεως,</span> <span class='ocrx_word' id='word_1_262' title='bbox 3215 1217 3589 1293; x_wconf 72' lang='grc' dir='ltr'>φανταζοόσης</span> <span class='ocrx_word' id='word_1_263' title='bbox 3644 1221 3781 1290; x_wconf 75' lang='grc' dir='ltr'>ἡμῖν</span> 
     </span>
    </p>
   </div>
   <div class='ocr_carea' id='block_1_43' title="bbox 2126 1303 3780 1384">
    <p class='ocr_par' dir='ltr' id='par_1_43' title="bbox 2126 1303 3780 1384">
     <span class='ocr_line' id='line_1_43' title="bbox 2126 1303 3780 1384; baseline 0.004 -26"><span class='ocrx_word' id='word_1_264' title='bbox 2126 1304 2251 1366; x_wconf 87' lang='grc' dir='ltr'>τοὸς</span> <span class='ocrx_word' id='word_1_265' title='bbox 2311 1305 2611 1380; x_wconf 77' lang='grc' dir='ltr'>ἡμερινοῦς</span> <span class='ocrx_word' id='word_1_266' title='bbox 2668 1303 2893 1382; x_wconf 76' lang='grc' dir='ltr'>ἔρωτας,</span> <span class='ocrx_word' id='word_1_267' title='bbox 2953 1305 2990 1376; x_wconf 73' lang='grc' dir='ltr'>ἤ</span> <span class='ocrx_word' id='word_1_268' title='bbox 3049 1305 3189 1363; x_wconf 71' lang='grc' dir='ltr'>ἄλλο</span> <span class='ocrx_word' id='word_1_269' title='bbox 3235 1329 3288 1362; x_wconf 93' lang='grc' dir='ltr'>τι</span> <span class='ocrx_word' id='word_1_270' title='bbox 3347 1310 3515 1373; x_wconf 92' lang='grc' dir='ltr'>πάθος</span> <span class='ocrx_word' id='word_1_271' title='bbox 3570 1312 3780 1384; x_wconf 73' lang='grc' dir='ltr'>ψυχῆς.</span> 
     </span>
    </p>
   </div>
   <div class='ocr_carea' id='block_1_44' title="bbox 2128 1390 3783 1474">
    <p class='ocr_par' dir='ltr' id='par_1_44' title="bbox 2128 1390 3783 1474">
     <span class='ocr_line' id='line_1_44' title="bbox 2128 1390 3783 1474; baseline 0.002 -25"><span class='ocrx_word' id='word_1_272' title='bbox 2128 1394 2343 1468; x_wconf 81' lang='grc' dir='ltr'>Ἕτεροι</span> <span class='ocrx_word' id='word_1_273' title='bbox 2379 1390 2436 1448; x_wconf 70' lang='grc' dir='ltr'>δὲ</span> <span class='ocrx_word' id='word_1_274' title='bbox 2484 1395 2590 1449; x_wconf 83' lang='grc' dir='ltr'>ἀπὸ</span> <span class='ocrx_word' id='word_1_275' title='bbox 2637 1399 2745 1449; x_wconf 88' lang='grc' dir='ltr'>τῶν</span> <span class='ocrx_word' id='word_1_276' title='bbox 2812 1396 3084 1470; x_wconf 76' lang='grc' dir='ltr'>τεσσάρων</span> <span class='ocrx_word' id='word_1_277' title='bbox 3142 1401 3341 1472; x_wconf 81' lang='grc' dir='ltr'>χυμῶν</span> <span class='ocrx_word' id='word_1_278' title='bbox 3390 1397 3783 1474; x_wconf 77' lang='grc' dir='ltr'>ἀνεγείρονται,</span> 
     </span>
    </p>
   </div>
   <div class='ocr_carea' id='block_1_45' title="bbox 2129 1477 3783 1561">
    <p class='ocr_par' dir='ltr' id='par_1_45' title="bbox 2129 1477 3783 1561">
     <span class='ocr_line' id='line_1_45' title="bbox 2129 1477 3783 1561; baseline 0.004 -26"><span class='ocrx_word' id='word_1_279' title='bbox 2129 1477 2247 1545; x_wconf 80' lang='grc' dir='ltr'>ὅθεν</span> <span class='ocrx_word' id='word_1_280' title='bbox 2306 1483 2398 1536; x_wconf 80' lang='grc' dir='ltr'>καὶ</span> <span class='ocrx_word' id='word_1_281' title='bbox 2453 1483 2520 1538; x_wconf 76' lang='grc' dir='ltr'>τὰ</span> <span class='ocrx_word' id='word_1_282' title='bbox 2569 1484 2843 1558; x_wconf 82' lang='grc' dir='ltr'>χρώματα</span> <span class='ocrx_word' id='word_1_283' title='bbox 2916 1488 3022 1540; x_wconf 85' lang='grc' dir='ltr'>τῶν</span> <span class='ocrx_word' id='word_1_284' title='bbox 3064 1483 3379 1561; x_wconf 76' lang='grc' dir='ltr'>ὁρωμένων,</span> <span class='ocrx_word' id='word_1_285' title='bbox 3438 1485 3606 1560; x_wconf 79' lang='grc' dir='ltr'>ὅμοια</span> <span class='ocrx_word' id='word_1_286' title='bbox 3663 1493 3783 1550; x_wconf 87' lang='grc' dir='ltr'>τοῖς</span> 
     </span>
    </p>
   </div>
   <div class='ocr_carea' id='block_1_46' title="bbox 2127 1570 3781 1654">
    <p class='ocr_par' dir='ltr' id='par_1_46' title="bbox 2127 1570 3781 1654">
     <span class='ocr_line' id='line_1_46' title="bbox 2127 1570 3781 1654; baseline 0.004 -30"><span class='ocrx_word' id='word_1_287' title='bbox 2127 1575 2232 1624; x_wconf 91' lang='grc' dir='ltr'>τῶν</span> <span class='ocrx_word' id='word_1_288' title='bbox 2267 1577 2463 1646; x_wconf 85' lang='grc' dir='ltr'>χυμῶν</span> <span class='ocrx_word' id='word_1_289' title='bbox 2496 1570 2706 1648; x_wconf 81' lang='grc' dir='ltr'>ἔχουσι.</span> <span class='ocrx_word' id='word_1_290' title='bbox 2737 1574 2804 1630; x_wconf 77' lang='grc' dir='ltr'>Οἱ</span> <span class='ocrx_word' id='word_1_291' title='bbox 2861 1571 2918 1628; x_wconf 74' lang='grc' dir='ltr'>δὲ</span> <span class='ocrx_word' id='word_1_292' title='bbox 2958 1574 3054 1635; x_wconf 74' lang='grc' dir='ltr'>τὰς</span> <span class='ocrx_word' id='word_1_293' title='bbox 3096 1573 3271 1636; x_wconf 73' lang='grc' dir='ltr'>αἰτίας</span> <span class='ocrx_word' id='word_1_294' title='bbox 3302 1577 3437 1648; x_wconf 84' lang='grc' dir='ltr'>ἡμῖν</span> <span class='ocrx_word' id='word_1_295' title='bbox 3467 1573 3781 1654; x_wconf 72' lang='grc' dir='ltr'>ἐκφαίνουσι</span> 
     </span>
    </p>
   </div>
   <div class='ocr_carea' id='block_1_47' title="bbox 2125 1661 3780 1741">
    <p class='ocr_par' dir='ltr' id='par_1_47' title="bbox 2125 1661 3780 1741">
     <span class='ocr_line' id='line_1_47' title="bbox 2125 1661 3780 1741; baseline 0.004 -27"><span class='ocrx_word' id='word_1_296' title='bbox 2125 1665 2232 1715; x_wconf 90' lang='grc' dir='ltr'>τῶν</span> <span class='ocrx_word' id='word_1_297' title='bbox 2293 1666 2501 1736; x_wconf 84' lang='grc' dir='ltr'>τεχνῶν</span> <span class='ocrx_word' id='word_1_298' title='bbox 2563 1662 2653 1716; x_wconf 81' lang='grc' dir='ltr'>καὶ</span> <span class='ocrx_word' id='word_1_299' title='bbox 2696 1667 2804 1718; x_wconf 90' lang='grc' dir='ltr'>τῶν</span> <span class='ocrx_word' id='word_1_300' title='bbox 2876 1661 3350 1738; x_wconf 74' lang='grc' dir='ltr'>ἐπιτηδευμάτων,</span> <span class='ocrx_word' id='word_1_301' title='bbox 3405 1665 3529 1741; x_wconf 84' lang='grc' dir='ltr'>περὶ</span> <span class='ocrx_word' id='word_1_302' title='bbox 3589 1665 3622 1719; x_wconf 78' lang='grc' dir='ltr'><strong>ἄ</strong></span> <span class='ocrx_word' id='word_1_303' title='bbox 3677 1669 3780 1737; x_wconf 79' lang='grc' dir='ltr'>τήν</span> 
     </span>
    </p>
   </div>
   <div class='ocr_carea' id='block_1_48' title="bbox 2127 1749 3776 1832">
    <p class='ocr_par' dir='ltr' id='par_1_48' title="bbox 2127 1749 3776 1832">
     <span class='ocr_line' id='line_1_48' title="bbox 2127 1749 3776 1832; baseline 0.004 -28"><span class='ocrx_word' id='word_1_304' title='bbox 2127 1751 2498 1826; x_wconf 69' lang='grc' dir='ltr'>πραγματείαν</span> <span class='ocrx_word' id='word_1_305' title='bbox 2549 1749 2774 1827; x_wconf 78' lang='grc' dir='ltr'>ἔχομεν.</span> <span class='ocrx_word' id='word_1_306' title='bbox 2823 1754 3169 1831; x_wconf 71' lang='grc' dir='ltr'>Φιλοσοφικά</span> <span class='ocrx_word' id='word_1_307' title='bbox 3221 1755 3314 1808; x_wconf 76' lang='grc' dir='ltr'>οὗν</span> <span class='ocrx_word' id='word_1_308' title='bbox 3359 1758 3436 1828; x_wconf 79' lang='grc' dir='ltr'>τῷ</span> <span class='ocrx_word' id='word_1_309' title='bbox 3484 1753 3776 1832; x_wconf 66' lang='grc' dir='ltr'>φιλοσόφῳ</span> 
     </span>
    </p>
   </div>
   <div class='ocr_carea' id='block_1_49' title="bbox 2126 1839 3782 1918">
    <p class='ocr_par' dir='ltr' id='par_1_49' title="bbox 2126 1839 3782 1918">
     <span class='ocr_line' id='line_1_49' title="bbox 2126 1839 3782 1918; baseline 0.004 -25"><span class='ocrx_word' id='word_1_310' title='bbox 2126 1839 2192 1894; x_wconf 73' lang='grc' dir='ltr'>τά</span> <span class='ocrx_word' id='word_1_311' title='bbox 2251 1840 2517 1913; x_wconf 81' lang='grc' dir='ltr'>ὀνείρατα,</span> <span class='ocrx_word' id='word_1_312' title='bbox 2569 1842 2656 1896; x_wconf 83' lang='grc' dir='ltr'>καὶ</span> <span class='ocrx_word' id='word_1_313' title='bbox 2716 1845 2794 1913; x_wconf 80' lang='grc' dir='ltr'>τῷ</span> <span class='ocrx_word' id='word_1_314' title='bbox 2847 1841 3039 1918; x_wconf 79' lang='grc' dir='ltr'>ῥήτορι</span> <span class='ocrx_word' id='word_1_315' title='bbox 3087 1842 3154 1897; x_wconf 83' lang='grc' dir='ltr'>τά</span> <span class='ocrx_word' id='word_1_316' title='bbox 3211 1842 3497 1918; x_wconf 70' lang='grc' dir='ltr'>ῥητορικά,</span> <span class='ocrx_word' id='word_1_317' title='bbox 3553 1843 3644 1899; x_wconf 79' lang='grc' dir='ltr'>καὶ</span> <span class='ocrx_word' id='word_1_318' title='bbox 3700 1850 3782 1918; x_wconf 75' lang='grc' dir='ltr'>τῷ</span> 
     </span>
    </p>
   </div>
   <div class='ocr_carea' id='block_1_50' title="bbox 2127 1930 3777 2005">
    <p class='ocr_par' dir='ltr' id='par_1_50' title="bbox 2127 1930 3777 2005">
     <span class='ocr_line' id='line_1_50' title="bbox 2127 1930 3777 2005; baseline 0.003 -22"><span class='ocrx_word' id='word_1_319' title='bbox 2127 1935 2414 2004; x_wconf 73' lang='grc' dir='ltr'>γεωμέτρῃ</span> <span class='ocrx_word' id='word_1_320' title='bbox 2464 1930 2531 1985; x_wconf 80' lang='grc' dir='ltr'>τά</span> <span class='ocrx_word' id='word_1_321' title='bbox 2575 1934 2932 2005; x_wconf 86' lang='grc' dir='ltr'>γεωμετρικά,</span> <span class='ocrx_word' id='word_1_322' title='bbox 3012 1931 3088 1988; x_wconf 73' lang='grc' dir='ltr'>Οὒ</span> <span class='ocrx_word' id='word_1_323' title='bbox 3163 1932 3263 2004; x_wconf 87' lang='grc' dir='ltr'>μία</span> <span class='ocrx_word' id='word_1_324' title='bbox 3320 1932 3412 1986; x_wconf 77' lang='grc' dir='ltr'>οὖν</span> <span class='ocrx_word' id='word_1_325' title='bbox 3469 1932 3616 1990; x_wconf 74' lang='grc' dir='ltr'>αἰτία</span> <span class='ocrx_word' id='word_1_326' title='bbox 3669 1937 3777 1989; x_wconf 83' lang='grc' dir='ltr'>τῶν</span> 
     </span>
    </p>
   </div>
   <div class='ocr_carea' id='block_1_51' title="bbox 2127 2015 3242 2094">
    <p class='ocr_par' dir='ltr' id='par_1_51' title="bbox 2127 2015 3242 2094">
     <span class='ocr_line' id='line_1_51' title="bbox 2127 2015 3242 2094; baseline 0.005 -24"><span class='ocrx_word' id='word_1_327' title='bbox 2127 2015 2437 2093; x_wconf 83' lang='grc' dir='ltr'>ὀνειράτων,</span> <span class='ocrx_word' id='word_1_328' title='bbox 2472 2017 2616 2072; x_wconf 83' lang='grc' dir='ltr'>ἀλλά</span> <span class='ocrx_word' id='word_1_329' title='bbox 2645 2016 2876 2086; x_wconf 71' lang='grc' dir='ltr'>πολλαὶ,</span> <span class='ocrx_word' id='word_1_330' title='bbox 2909 2019 2983 2081; x_wconf 86' lang='grc' dir='ltr'>ὡς</span> <span class='ocrx_word' id='word_1_331' title='bbox 3009 2017 3242 2094; x_wconf 80' lang='grc' dir='ltr'>εἷ’ρηται.</span> 
     </span>
    </p>
   </div>
   <div class='ocr_carea' id='block_1_52' title="bbox 2366 2107 3532 2186">
    <p class='ocr_par' dir='ltr' id='par_1_52' title="bbox 2366 2107 3532 2186">
     <span class='ocr_line' id='line_1_52' title="bbox 2366 2107 3532 2186; baseline 0.003 -26"><span class='ocrx_word' id='word_1_332' title='bbox 2366 2108 2472 2169; x_wconf 86' lang='grc' dir='ltr'>πς’.</span> <span class='ocrx_word' id='word_1_333' title='bbox 2507 2107 2634 2182; x_wconf 81' lang='grc' dir='ltr'>Περὶ</span> <span class='ocrx_word' id='word_1_334' title='bbox 2672 2108 2866 2181; x_wconf 81' lang='grc' dir='ltr'>ὑγείας,</span> <span class='ocrx_word' id='word_1_335' title='bbox 2894 2109 2984 2162; x_wconf 84' lang='grc' dir='ltr'>καὶ</span> <span class='ocrx_word' id='word_1_336' title='bbox 3013 2108 3175 2164; x_wconf 86' lang='grc' dir='ltr'>νόσου</span> <span class='ocrx_word' id='word_1_337' title='bbox 3205 2109 3295 2164; x_wconf 85' lang='grc' dir='ltr'>καὶ</span> <span class='ocrx_word' id='word_1_338' title='bbox 3323 2111 3532 2186; x_wconf 89' lang='grc' dir='ltr'>γήρως,</span> 
     </span>
    </p>
   </div>
   <div class='ocr_carea' id='block_1_53' title="bbox 2197 2190 3780 2272">
    <p class='ocr_par' dir='ltr' id='par_1_53' title="bbox 2197 2190 3780 2272">
     <span class='ocr_line' id='line_1_53' title="bbox 2197 2190 3780 2272; baseline 0.006 -27"><span class='ocrx_word' id='word_1_339' title='bbox 2197 2191 2403 2266; x_wconf 78' lang='grc' dir='ltr'>Ὑγείας</span> <span class='ocrx_word' id='word_1_340' title='bbox 2453 2190 2623 2247; x_wconf 71' lang='grc' dir='ltr'>αἶ’τιον</span> <span class='ocrx_word' id='word_1_341' title='bbox 2684 2193 2774 2247; x_wconf 80' lang='grc' dir='ltr'>καὶ</span> <span class='ocrx_word' id='word_1_342' title='bbox 2853 2195 3157 2250; x_wconf 88' lang='grc' dir='ltr'>συνεκτικὸν</span> <span class='ocrx_word' id='word_1_343' title='bbox 3236 2198 3270 2266; x_wconf 83' lang='grc' dir='ltr'><strong>ἡ</strong></span> <span class='ocrx_word' id='word_1_344' title='bbox 3329 2201 3436 2251; x_wconf 91' lang='grc' dir='ltr'>τῶν</span> <span class='ocrx_word' id='word_1_345' title='bbox 3497 2195 3780 2272; x_wconf 76' lang='grc' dir='ltr'>δυνάμεων</span> 
     </span>
    </p>
   </div>
   <div class='ocr_carea' id='block_1_54' title="bbox 2127 2277 3780 2362">
    <p class='ocr_par' dir='ltr' id='par_1_54' title="bbox 2127 2277 3780 2362">
     <span class='ocr_line' id='line_1_54' title="bbox 2127 2277 3780 2362; baseline 0.004 -28"><span class='ocrx_word' id='word_1_346' title='bbox 2127 2277 2400 2354; x_wconf 77' lang='grc' dir='ltr'>ἴσονομία,</span> <span class='ocrx_word' id='word_1_347' title='bbox 2459 2281 2819 2358; x_wconf 88' lang='grc' dir='ltr'>θερμότητος,</span> <span class='ocrx_word' id='word_1_348' title='bbox 2877 2284 3238 2360; x_wconf 75' lang='grc' dir='ltr'>ψυςρότητος,</span> <span class='ocrx_word' id='word_1_349' title='bbox 3303 2285 3621 2362; x_wconf 72' lang='grc' dir='ltr'>ὑγρότητος,</span> <span class='ocrx_word' id='word_1_350' title='bbox 3685 2287 3780 2358; x_wconf 80' lang='grc' dir='ltr'>ξη-</span> 
     </span>
    </p>
   </div>
   <div class='ocr_carea' id='block_1_55' title="bbox 2128 2368 3779 2447">
    <p class='ocr_par' dir='ltr' id='par_1_55' title="bbox 2128 2368 3779 2447">
     <span class='ocr_line' id='line_1_55' title="bbox 2128 2368 3779 2447; baseline 0.002 -22"><span class='ocrx_word' id='word_1_351' title='bbox 2128 2371 2379 2445; x_wconf 84' lang='grc' dir='ltr'>ρότητος.</span> <span class='ocrx_word' id='word_1_352' title='bbox 2449 2373 2608 2426; x_wconf 85' lang='grc' dir='ltr'>Ὅταν</span> <span class='ocrx_word' id='word_1_353' title='bbox 2656 2368 2713 2426; x_wconf 73' lang='grc' dir='ltr'>δὲ</span> <span class='ocrx_word' id='word_1_354' title='bbox 2769 2371 2973 2427; x_wconf 75' lang='grc' dir='ltr'>τούτων</span> <span class='ocrx_word' id='word_1_355' title='bbox 3042 2369 3094 2427; x_wconf 78' lang='grc' dir='ltr'>ἓν</span> <span class='ocrx_word' id='word_1_356' title='bbox 3149 2372 3614 2447; x_wconf 73' lang='grc' dir='ltr'>καταδυναστεῦσῃ</span> <span class='ocrx_word' id='word_1_357' title='bbox 3668 2381 3779 2431; x_wconf 85' lang='grc' dir='ltr'>τῶν</span> 
     </span>
    </p>
   </div>
   <div class='ocr_carea' id='block_1_56' title="bbox 2125 2457 3781 2536">
    <p class='ocr_par' dir='ltr' id='par_1_56' title="bbox 2125 2457 3781 2536">
     <span class='ocr_line' id='line_1_56' title="bbox 2125 2457 3781 2536; baseline 0.005 -24"><span class='ocrx_word' id='word_1_358' title='bbox 2125 2457 2337 2528; x_wconf 79' lang='grc' dir='ltr'>ἄλλων,</span> <span class='ocrx_word' id='word_1_359' title='bbox 2371 2462 2404 2529; x_wconf 81' lang='grc' dir='ltr'>ἡ</span> <span class='ocrx_word' id='word_1_360' title='bbox 2450 2461 2609 2523; x_wconf 85' lang='grc' dir='ltr'>νόσος</span> <span class='ocrx_word' id='word_1_361' title='bbox 2655 2466 2882 2536; x_wconf 87' lang='grc' dir='ltr'>γίνεται.</span> <span class='ocrx_word' id='word_1_362' title='bbox 2941 2463 3007 2519; x_wconf 73' lang='grc' dir='ltr'><strong>Αἱ</strong></span> <span class='ocrx_word' id='word_1_363' title='bbox 3066 2461 3124 2518; x_wconf 69' lang='grc' dir='ltr'>δὲ</span> <span class='ocrx_word' id='word_1_364' title='bbox 3179 2463 3431 2518; x_wconf 81' lang='grc' dir='ltr'>πλεῖσται</span> <span class='ocrx_word' id='word_1_365' title='bbox 3459 2470 3567 2519; x_wconf 90' lang='grc' dir='ltr'>τῶν</span> <span class='ocrx_word' id='word_1_366' title='bbox 3599 2465 3781 2521; x_wconf 89' lang='grc' dir='ltr'>νόσων</span> 
     </span>
    </p>
   </div>
   <div class='ocr_carea' id='block_1_57' title="bbox 2127 2545 3777 2630">
    <p class='ocr_par' dir='ltr' id='par_1_57' title="bbox 2127 2545 3777 2630">
     <span class='ocr_line' id='line_1_57' title="bbox 2127 2545 3777 2630; baseline 0.007 -29"><span class='ocrx_word' id='word_1_367' title='bbox 2127 2545 2196 2602; x_wconf 89' lang='grc' dir='ltr'>δι’</span> <span class='ocrx_word' id='word_1_368' title='bbox 2226 2549 2544 2622; x_wconf 83' lang='grc' dir='ltr'>ἀνωμαλίαν</span> <span class='ocrx_word' id='word_1_369' title='bbox 2568 2555 2675 2605; x_wconf 90' lang='grc' dir='ltr'>τῶν</span> <span class='ocrx_word' id='word_1_370' title='bbox 2710 2550 2758 2604; x_wconf 83' lang='grc' dir='ltr'>ἐν</span> <span class='ocrx_word' id='word_1_371' title='bbox 2796 2556 2875 2624; x_wconf 75' lang='grc' dir='ltr'>τῷ</span> <span class='ocrx_word' id='word_1_372' title='bbox 2925 2552 3137 2625; x_wconf 87' lang='grc' dir='ltr'>σώματι</span> <span class='ocrx_word' id='word_1_373' title='bbox 3191 2554 3478 2630; x_wconf 81' lang='grc' dir='ltr'>στοιχείων</span> <span class='ocrx_word' id='word_1_374' title='bbox 3508 2576 3777 2627; x_wconf 88' lang='grc' dir='ltr'>γινονται.</span> 
     </span>
    </p>
   </div>
   <div class='ocr_carea' id='block_1_58' title="bbox 2127 2637 3780 2716">
    <p class='ocr_par' dir='ltr' id='par_1_58' title="bbox 2127 2637 3780 2716">
     <span class='ocr_line' id='line_1_58' title="bbox 2127 2637 3780 2716; baseline 0.004 -24"><span class='ocrx_word' id='word_1_375' title='bbox 2127 2638 2530 2714; x_wconf 83' lang='grc' dir='ltr'>Ἐπειτάγονται</span> <span class='ocrx_word' id='word_1_376' title='bbox 2577 2637 2634 2694; x_wconf 76' lang='grc' dir='ltr'>δὲ</span> <span class='ocrx_word' id='word_1_377' title='bbox 2681 2641 2730 2695; x_wconf 73' lang='grc' dir='ltr'>αἱ</span> <span class='ocrx_word' id='word_1_378' title='bbox 2773 2641 2924 2696; x_wconf 88' lang='grc' dir='ltr'>νόσοι</span> <span class='ocrx_word' id='word_1_379' title='bbox 2973 2647 3053 2714; x_wconf 76' lang='grc' dir='ltr'>τῷ</span> <span class='ocrx_word' id='word_1_380' title='bbox 3102 2643 3335 2716; x_wconf 85' lang='grc' dir='ltr'>σώματι,</span> <span class='ocrx_word' id='word_1_381' title='bbox 3367 2645 3454 2698; x_wconf 77' lang='grc' dir='ltr'>καὶ</span> <span class='ocrx_word' id='word_1_382' title='bbox 3503 2641 3596 2698; x_wconf 77' lang='grc' dir='ltr'>διά</span> <span class='ocrx_word' id='word_1_383' title='bbox 3625 2644 3780 2716; x_wconf 88' lang='grc' dir='ltr'>πλή-</span> 
     </span>
    </p>
   </div>
   <div class='ocr_carea' id='block_1_59' title="bbox 2128 2727 3777 2812">
    <p class='ocr_par' dir='ltr' id='par_1_59' title="bbox 2128 2727 3777 2812">
     <span class='ocr_line' id='line_1_59' title="bbox 2128 2727 3777 2812; baseline 0.005 -31"><span class='ocrx_word' id='word_1_384' title='bbox 2128 2739 2250 2792; x_wconf 86' lang='grc' dir='ltr'>οους</span> <span class='ocrx_word' id='word_1_385' title='bbox 2304 2734 2543 2807; x_wconf 76' lang='grc' dir='ltr'>τροιρῶν,</span> <span class='ocrx_word' id='word_1_386' title='bbox 2600 2730 2689 2784; x_wconf 75' lang='grc' dir='ltr'>καὶ</span> <span class='ocrx_word' id='word_1_387' title='bbox 2749 2727 2818 2784; x_wconf 84' lang='grc' dir='ltr'>δι’</span> <span class='ocrx_word' id='word_1_388' title='bbox 2877 2732 3106 2806; x_wconf 71' lang='grc' dir='ltr'>ἀπεψίας</span> <span class='ocrx_word' id='word_1_389' title='bbox 3163 2733 3252 2787; x_wconf 82' lang='grc' dir='ltr'>καὶ</span> <span class='ocrx_word' id='word_1_390' title='bbox 3311 2735 3533 2812; x_wconf 75' lang='grc' dir='ltr'>φθορᾶς.</span> <span class='ocrx_word' id='word_1_391' title='bbox 3593 2736 3656 2789; x_wconf 83' lang='grc' dir='ltr'>Ἡ</span> <span class='ocrx_word' id='word_1_392' title='bbox 3719 2732 3777 2789; x_wconf 74' lang='grc' dir='ltr'>δὲ</span> 
     </span>
    </p>
   </div>
   <div class='ocr_carea' id='block_1_60' title="bbox 2126 2817 3779 2898">
    <p class='ocr_par' dir='ltr' id='par_1_60' title="bbox 2126 2817 3779 2898">
     <span class='ocr_line' id='line_1_60' title="bbox 2126 2817 3779 2898; baseline 0.004 -26"><span class='ocrx_word' id='word_1_393' title='bbox 2126 2817 2339 2891; x_wconf 74' lang='grc' dir='ltr'>εὐταξία</span> <span class='ocrx_word' id='word_1_394' title='bbox 2369 2820 2454 2872; x_wconf 76' lang='grc' dir='ltr'>καὶ</span> <span class='ocrx_word' id='word_1_395' title='bbox 2508 2821 2542 2888; x_wconf 75' lang='grc' dir='ltr'>ἡ</span> <span class='ocrx_word' id='word_1_396' title='bbox 2595 2819 2884 2894; x_wconf 75' lang='grc' dir='ltr'>αὐτάρκεια</span> <span class='ocrx_word' id='word_1_397' title='bbox 2935 2821 3110 2895; x_wconf 74' lang='grc' dir='ltr'>ὑγείας</span> <span class='ocrx_word' id='word_1_398' title='bbox 3153 2825 3570 2898; x_wconf 82' lang='grc' dir='ltr'>περιποιητικά.</span> <span class='ocrx_word' id='word_1_399' title='bbox 3619 2825 3779 2898; x_wconf 81' lang='grc' dir='ltr'>Μορ-</span> 
     </span>
    </p>
   </div>
   <div class='ocr_carea' id='block_1_61' title="bbox 2127 2904 3778 2985">
    <p class='ocr_par' dir='ltr' id='par_1_61' title="bbox 2127 2904 3778 2985">
     <span class='ocr_line' id='line_1_61' title="bbox 2127 2904 3778 2985; baseline 0.004 -23"><span class='ocrx_word' id='word_1_400' title='bbox 2127 2912 2318 2985; x_wconf 77' lang='grc' dir='ltr'>ιροῦται</span> <span class='ocrx_word' id='word_1_401' title='bbox 2368 2904 2424 2962; x_wconf 75' lang='grc' dir='ltr'>δὲ</span> <span class='ocrx_word' id='word_1_402' title='bbox 2472 2911 2538 2962; x_wconf 75' lang='grc' dir='ltr'>τά</span> <span class='ocrx_word' id='word_1_403' title='bbox 2598 2913 2708 2978; x_wconf 81' lang='grc' dir='ltr'>ζῶα</span> <span class='ocrx_word' id='word_1_404' title='bbox 2766 2908 2817 2964; x_wconf 86' lang='grc' dir='ltr'>ἐν</span> <span class='ocrx_word' id='word_1_405' title='bbox 2873 2911 3067 2984; x_wconf 81' lang='grc' dir='ltr'>γαστρὶ</span> <span class='ocrx_word' id='word_1_406' title='bbox 3124 2907 3274 2984; x_wconf 73' lang='grc' dir='ltr'>ὄντα,</span> <span class='ocrx_word' id='word_1_407' title='bbox 3333 2913 3438 2967; x_wconf 86' lang='grc' dir='ltr'>ἀπὸ</span> <span class='ocrx_word' id='word_1_408' title='bbox 3494 2909 3658 2980; x_wconf 79' lang='grc' dir='ltr'>ἕκτης</span> <span class='ocrx_word' id='word_1_409' title='bbox 3688 2914 3778 2968; x_wconf 78' lang='grc' dir='ltr'>καὶ</span> 
     </span>
    </p>
   </div>
   <div class='ocr_carea' id='block_1_62' title="bbox 2123 2997 3780 3074">
    <p class='ocr_par' dir='ltr' id='par_1_62' title="bbox 2123 2997 3780 3074">
     <span class='ocr_line' id='line_1_62' title="bbox 2123 2997 3780 3074; baseline 0.004 -23"><span class='ocrx_word' id='word_1_410' title='bbox 2123 3005 2448 3073; x_wconf 79' lang='grc' dir='ltr'>τριακοστῆς</span> <span class='ocrx_word' id='word_1_411' title='bbox 2489 2998 2719 3074; x_wconf 82' lang='grc' dir='ltr'>ἡμέρας,</span> <span class='ocrx_word' id='word_1_412' title='bbox 2778 2997 3080 3055; x_wconf 74' lang='grc' dir='ltr'>τελειοῦται</span> <span class='ocrx_word' id='word_1_413' title='bbox 3142 2997 3196 3055; x_wconf 71' lang='grc' dir='ltr'>δὲ</span> <span class='ocrx_word' id='word_1_414' title='bbox 3239 3007 3357 3064; x_wconf 84' lang='grc' dir='ltr'>τοῖς</span> <span class='ocrx_word' id='word_1_415' title='bbox 3407 3002 3622 3074; x_wconf 80' lang='grc' dir='ltr'>μορίοις</span> <span class='ocrx_word' id='word_1_416' title='bbox 3671 3004 3780 3058; x_wconf 81' lang='grc' dir='ltr'>ἀπὸ</span> 
     </span>
    </p>
   </div>
   <div class='ocr_carea' id='block_1_63' title="bbox 2122 3087 3780 3166">
    <p class='ocr_par' dir='ltr' id='par_1_63' title="bbox 2122 3087 3780 3166">
     <span class='ocr_line' id='line_1_63' title="bbox 2122 3087 3780 3166; baseline 0.003 -25"><span class='ocrx_word' id='word_1_417' title='bbox 2122 3093 2222 3156; x_wconf 86' lang='grc' dir='ltr'>τῆς</span> <span class='ocrx_word' id='word_1_418' title='bbox 2281 3094 2675 3156; x_wconf 80' lang='grc' dir='ltr'>πεντηκοστῆς,</span> <span class='ocrx_word' id='word_1_419' title='bbox 2740 3089 3104 3163; x_wconf 83' lang='grc' dir='ltr'>’[πποκρατης</span> <span class='ocrx_word' id='word_1_420' title='bbox 3160 3087 3217 3145; x_wconf 72' lang='grc' dir='ltr'>δὲ</span> <span class='ocrx_word' id='word_1_421' title='bbox 3261 3089 3346 3146; x_wconf 76' lang='grc' dir='ltr'>ἐπὶ</span> <span class='ocrx_word' id='word_1_422' title='bbox 3402 3091 3497 3162; x_wconf 72' lang='grc' dir='ltr'>μὲν</span> <span class='ocrx_word' id='word_1_423' title='bbox 3538 3096 3648 3146; x_wconf 87' lang='grc' dir='ltr'>τῶν</span> <span class='ocrx_word' id='word_1_424' title='bbox 3681 3091 3780 3166; x_wconf 78' lang='grc' dir='ltr'>ἆῤ-</span> 
     </span>
    </p>
   </div>
   <div class='ocr_carea' id='block_1_64' title="bbox 2127 3173 3781 3256">
    <p class='ocr_par' dir='ltr' id='par_1_64' title="bbox 2127 3173 3781 3256">
     <span class='ocr_line' id='line_1_64' title="bbox 2127 3173 3781 3256; baseline 0.003 -26"><span class='ocrx_word' id='word_1_425' title='bbox 2127 3173 2312 3252; x_wconf 47' lang='lat' dir='ltr'>(iam,</span> <span class='ocrx_word' id='word_1_426' title='bbox 2365 3173 2453 3230; x_wconf 73' lang='grc' dir='ltr'>διὰ</span> <span class='ocrx_word' id='word_1_427' title='bbox 2507 3178 2569 3231; x_wconf 83' lang='grc' dir='ltr'>τὸ</span> <span class='ocrx_word' id='word_1_428' title='bbox 2618 3177 2920 3251; x_wconf 82' lang='grc' dir='ltr'>θερμότατα</span> <span class='ocrx_word' id='word_1_429' title='bbox 2965 3181 3120 3250; x_wconf 78' lang='grc' dir='ltr'>εἶναι,</span> <span class='ocrx_word' id='word_1_430' title='bbox 3174 3182 3274 3249; x_wconf 80' lang='grc' dir='ltr'>τῆν</span> <span class='ocrx_word' id='word_1_431' title='bbox 3327 3177 3655 3256; x_wconf 74' lang='grc' dir='ltr'>διάρθρωσιν</span> <span class='ocrx_word' id='word_1_432' title='bbox 3690 3181 3781 3255; x_wconf 84' lang='grc' dir='ltr'>γί-</span> 
     </span>
    </p>
   </div>
   <div class='ocr_carea' id='block_1_65' title="bbox 363 3240 2010 3339">
    <p class='ocr_par' dir='ltr' id='par_1_65' title="bbox 363 3268 2005 3339">
     <span class='ocr_line' id='line_1_65' title="bbox 363 3268 2005 3339; baseline -0.002 -13"><span class='ocrx_word' id='word_1_433' title='bbox 363 3273 760 3328; x_wconf 89' lang='lat' dir='ltr'>membrorum</span> <span class='ocrx_word' id='word_1_434' title='bbox 817 3288 852 3326; x_wconf 89' lang='lat' dir='ltr'>a</span> <span class='ocrx_word' id='word_1_435' title='bbox 905 3271 1181 3326; x_wconf 90' lang='lat' dir='ltr'>vicesima</span> <span class='ocrx_word' id='word_1_436' title='bbox 1241 3274 1402 3324; x_wconf 87' lang='lat' dir='ltr'>sexta</span> <span class='ocrx_word' id='word_1_437' title='bbox 1433 3268 1526 3323; x_wconf 87' lang='lat' dir='ltr'>die</span> <span class='ocrx_word' id='word_1_438' title='bbox 1574 3268 1697 3323; x_wconf 84' lang='lat' dir='ltr'>ﬁeri</span> <span class='ocrx_word' id='word_1_439' title='bbox 1728 3269 2005 3339; x_wconf 82' lang='lat' dir='ltr'>affirmat,</span> 
     </span>
    </p>
   </div>
   <div class='ocr_carea' id='block_1_66' title="bbox 2128 3240 3772 3339">
    <p class='ocr_par' dir='ltr' id='par_1_66' title="bbox 2128 3263 3772 3339">
     <span class='ocr_line' id='line_1_66' title="bbox 2128 3263 3772 3339; baseline 0.002 -20"><span class='ocrx_word' id='word_1_440' title='bbox 2128 3277 2295 3329; x_wconf 65' lang='lat' dir='ltr'>IEO&#39;Oat</span> <span class='ocrx_word' id='word_1_441' title='bbox 2353 3265 2458 3320; x_wconf 85' lang='grc' dir='ltr'>ἀπὸ</span> <span class='ocrx_word' id='word_1_442' title='bbox 2504 3270 2603 3331; x_wconf 79' lang='grc' dir='ltr'>τῆς</span> <span class='ocrx_word' id='word_1_443' title='bbox 2656 3263 2819 3336; x_wconf 72' lang='grc' dir='ltr'>ἕκτης</span> <span class='ocrx_word' id='word_1_444' title='bbox 2896 3267 2985 3321; x_wconf 84' lang='grc' dir='ltr'>καὶ</span> <span class='ocrx_word' id='word_1_445' title='bbox 3058 3268 3328 3339; x_wconf 78' lang='grc' dir='ltr'>εἰκοστῆς,</span> <span class='ocrx_word' id='word_1_446' title='bbox 3388 3269 3475 3324; x_wconf 78' lang='grc' dir='ltr'>ἐπὶ</span> <span class='ocrx_word' id='word_1_447' title='bbox 3545 3266 3604 3323; x_wconf 79' lang='grc' dir='ltr'>δὲ</span> <span class='ocrx_word' id='word_1_448' title='bbox 3660 3275 3772 3323; x_wconf 91' lang='grc' dir='ltr'>τῶν</span> 
     </span>
    </p>
   </div>
   <div class='ocr_carea' id='block_1_67' title="bbox 361 3357 2006 3427">
    <p class='ocr_par' dir='ltr' id='par_1_67' title="bbox 361 3357 2006 3427">
     <span class='ocr_line' id='line_1_67' title="bbox 361 3357 2006 3427; baseline -0.002 -13"><span class='ocrx_word' id='word_1_449' title='bbox 361 3361 612 3416; x_wconf 78' lang='lat' dir='ltr'>feminas</span> <span class='ocrx_word' id='word_1_450' title='bbox 634 3365 828 3416; x_wconf 88' lang='lat' dir='ltr'>autem</span> <span class='ocrx_word' id='word_1_451' title='bbox 863 3361 1016 3416; x_wconf 88' lang='lat' dir='ltr'>intra</span> <span class='ocrx_word' id='word_1_452' title='bbox 1045 3359 1371 3416; x_wconf 88' lang='lat' dir='ltr'>secundum</span> <span class='ocrx_word' id='word_1_453' title='bbox 1392 3372 1653 3413; x_wconf 82' lang='lat' dir='ltr'>mensem</span> <span class='ocrx_word' id='word_1_454' title='bbox 1685 3357 2006 3427; x_wconf 87' lang='lat' dir='ltr'>articulari,</span> 
     </span>
    </p>
   </div>
   <div class='ocr_carea' id='block_1_68' title="bbox 359 3449 1070 3522">
    <p class='ocr_par' dir='ltr' id='par_1_68' title="bbox 359 3449 1070 3522">
     <span class='ocr_line' id='line_1_68' title="bbox 359 3449 1070 3522; baseline 0.001 -19"><span class='ocrx_word' id='word_1_455' title='bbox 359 3449 515 3505; x_wconf 87' lang='lat' dir='ltr'>intra</span> <span class='ocrx_word' id='word_1_456' title='bbox 537 3455 813 3522; x_wconf 89' lang='lat' dir='ltr'>quartum</span> <span class='ocrx_word' id='word_1_457' title='bbox 849 3449 1070 3521; x_wconf 84' lang='lat' dir='ltr'>perlici.</span> 
     </span>
    </p>
   </div>
   <div class='ocr_carea' id='block_1_69' title="bbox 359 3556 2004 3629">
    <p class='ocr_par' dir='ltr' id='par_1_69' title="bbox 359 3556 2004 3629">
     <span class='ocr_line' id='line_1_69' title="bbox 359 3556 2004 3629; baseline -0.001 -18"><span class='ocrx_word' id='word_1_458' title='bbox 359 3558 448 3611; x_wconf 84' lang='lat'>87.</span> <span class='ocrx_word' id='word_1_459' title='bbox 485 3557 670 3625; x_wconf 78' lang='lat' dir='ltr'>Quare</span> <span class='ocrx_word' id='word_1_460' title='bbox 699 3559 1166 3629; x_wconf 65' lang='lat' dir='ltr'>quijqumarunt,</span> <span class='ocrx_word' id='word_1_461' title='bbox 1218 3556 1419 3629; x_wconf 70' lang='lat' dir='ltr'>sitiunt</span> <span class='ocrx_word' id='word_1_462' title='bbox 1474 3557 1652 3625; x_wconf 81' lang='lat' dir='ltr'>magis</span> <span class='ocrx_word' id='word_1_463' title='bbox 1683 3571 1850 3626; x_wconf 83' lang='lat' dir='ltr'>quam</span> <span class='ocrx_word' id='word_1_464' title='bbox 1879 3571 2004 3610; x_wconf 80' lang='lat' dir='ltr'>esu-</span> 
     </span>
    </p>
   </div>
   <div class='ocr_carea' id='block_1_70' title="bbox 1045 3627 1250 3682">
    <p class='ocr_par' dir='ltr' id='par_1_70' title="bbox 1045 3627 1250 3682">
     <span class='ocr_line' id='line_1_70' title="bbox 1045 3627 1250 3682; baseline 0 -1"><span class='ocrx_word' id='word_1_465' title='bbox 1045 3631 1201 3682; x_wconf 77' lang='lat' dir='ltr'>riant</span> <span class='ocrx_word' id='word_1_466' title='bbox 1223 3627 1250 3681; x_wconf 82' lang='lat'>‘?</span> 
     </span>
    </p>
   </div>
   <div class='ocr_carea' id='block_1_71' title="bbox 433 3715 2007 3787">
    <p class='ocr_par' dir='ltr' id='par_1_71' title="bbox 433 3715 2007 3787">
     <span class='ocr_line' id='line_1_71' title="bbox 433 3715 2007 3787; baseline -0.003 -14"><span class='ocrx_word' id='word_1_467' title='bbox 433 3717 680 3773; x_wconf 86' lang='lat' dir='ltr'>Sitimus</span> <span class='ocrx_word' id='word_1_468' title='bbox 731 3716 919 3787; x_wconf 88' lang='lat' dir='ltr'>magis</span> <span class='ocrx_word' id='word_1_469' title='bbox 942 3717 1177 3786; x_wconf 89' lang='lat' dir='ltr'>quando</span> <span class='ocrx_word' id='word_1_470' title='bbox 1202 3715 1570 3786; x_wconf 87' lang='lat' dir='ltr'>jejunamus,</span> <span class='ocrx_word' id='word_1_471' title='bbox 1608 3731 1784 3786; x_wconf 87' lang='lat' dir='ltr'>quam</span> <span class='ocrx_word' id='word_1_472' title='bbox 1826 3715 2007 3770; x_wconf 89' lang='lat' dir='ltr'>esuri-</span> 
     </span>
    </p>
   </div>
   <div class='ocr_carea' id='block_1_72' title="bbox 359 3803 2006 3878">
    <p class='ocr_par' dir='ltr' id='par_1_72' title="bbox 359 3803 2006 3878">
     <span class='ocr_line' id='line_1_72' title="bbox 359 3803 2006 3878; baseline -0.001 -16"><span class='ocrx_word' id='word_1_473' title='bbox 359 3805 800 3878; x_wconf 86' lang='lat' dir='ltr'>mus,quoniam</span> <span class='ocrx_word' id='word_1_474' title='bbox 818 3804 1075 3861; x_wconf 86' lang='lat' dir='ltr'>calidum</span> <span class='ocrx_word' id='word_1_475' title='bbox 1101 3805 1256 3875; x_wconf 88' lang='lat' dir='ltr'>quod</span> <span class='ocrx_word' id='word_1_476' title='bbox 1290 3803 1347 3857; x_wconf 88' lang='lat' dir='ltr'>in</span> <span class='ocrx_word' id='word_1_477' title='bbox 1364 3804 1532 3858; x_wconf 89' lang='lat' dir='ltr'>nobis</span> <span class='ocrx_word' id='word_1_478' title='bbox 1563 3803 2006 3874; x_wconf 89' lang='lat' dir='ltr'>est,primoloco</span> 
     </span>
    </p>
   </div>
   <div class='ocr_carea' id='block_1_73' title="bbox 356 3891 2007 3967">
    <p class='ocr_par' dir='ltr' id='par_1_73' title="bbox 356 3891 2007 3967">
     <span class='ocr_line' id='line_1_73' title="bbox 356 3891 2007 3967; baseline -0.001 -17"><span class='ocrx_word' id='word_1_479' title='bbox 356 3896 600 3967; x_wconf 88' lang='lat' dir='ltr'>quidem</span> <span class='ocrx_word' id='word_1_480' title='bbox 653 3895 951 3949; x_wconf 89' lang='lat' dir='ltr'>consumit</span> <span class='ocrx_word' id='word_1_481' title='bbox 984 3895 1136 3964; x_wconf 85' lang='lat' dir='ltr'>quod</span> <span class='ocrx_word' id='word_1_482' title='bbox 1169 3909 1202 3947; x_wconf 89' lang='lat' dir='ltr'>a</span> <span class='ocrx_word' id='word_1_483' title='bbox 1225 3891 1370 3947; x_wconf 89' lang='lat' dir='ltr'>cibis</span> <span class='ocrx_word' id='word_1_484' title='bbox 1401 3896 1491 3946; x_wconf 87' lang='lat' dir='ltr'>est</span> <span class='ocrx_word' id='word_1_485' title='bbox 1521 3892 1754 3962; x_wconf 84' lang='lat' dir='ltr'>reliqui,</span> <span class='ocrx_word' id='word_1_486' title='bbox 1797 3893 2007 3948; x_wconf 88' lang='lat' dir='ltr'>deinde</span> 
     </span>
    </p>
   </div>
   <div class='ocr_carea' id='block_1_74' title="bbox 355 3981 2003 4055">
    <p class='ocr_par' dir='ltr' id='par_1_74' title="bbox 355 3981 2003 4055">
     <span class='ocr_line' id='line_1_74' title="bbox 355 3981 2003 4055; baseline -0.001 -16"><span class='ocrx_word' id='word_1_487' title='bbox 355 3985 442 4039; x_wconf 91' lang='lat' dir='ltr'>vis</span> <span class='ocrx_word' id='word_1_488' title='bbox 471 3983 763 4055; x_wconf 90' lang='lat' dir='ltr'>illaignea</span> <span class='ocrx_word' id='word_1_489' title='bbox 789 3983 847 4037; x_wconf 90' lang='lat' dir='ltr'>in</span> <span class='ocrx_word' id='word_1_490' title='bbox 901 3981 1069 4036; x_wconf 88' lang='lat' dir='ltr'>nobis</span> <span class='ocrx_word' id='word_1_491' title='bbox 1099 3981 1382 4036; x_wconf 85' lang='lat' dir='ltr'>convertit</span> <span class='ocrx_word' id='word_1_492' title='bbox 1413 3996 1473 4034; x_wconf 89' lang='lat' dir='ltr'>se</span> <span class='ocrx_word' id='word_1_493' title='bbox 1505 3981 1573 4034; x_wconf 88' lang='lat' dir='ltr'>ad</span> <span class='ocrx_word' id='word_1_494' title='bbox 1609 3981 1796 4052; x_wconf 88' lang='lat' dir='ltr'>ipsam</span> <span class='ocrx_word' id='word_1_495' title='bbox 1831 3986 2003 4037; x_wconf 90' lang='lat' dir='ltr'>natu-</span> 
     </span>
    </p>
   </div>
   <div class='ocr_carea' id='block_1_75' title="bbox 355 4069 2003 4143">
    <p class='ocr_par' dir='ltr' id='par_1_75' title="bbox 355 4069 2003 4143">
     <span class='ocr_line' id='line_1_75' title="bbox 355 4069 2003 4143; baseline -0.002 -15"><span class='ocrx_word' id='word_1_496' title='bbox 355 4073 537 4128; x_wconf 86' lang='lat' dir='ltr'>ralem</span> <span class='ocrx_word' id='word_1_497' title='bbox 570 4071 834 4143; x_wconf 91' lang='lat' dir='ltr'>corporis</span> <span class='ocrx_word' id='word_1_498' title='bbox 865 4069 1302 4138; x_wconf 86' lang='lat' dir='ltr'>humiditatem,</span> <span class='ocrx_word' id='word_1_499' title='bbox 1325 4087 1573 4140; x_wconf 88' lang='lat' dir='ltr'>eamque</span> <span class='ocrx_word' id='word_1_500' title='bbox 1596 4070 1801 4140; x_wconf 72' lang='lat' dir='ltr'>quaerit</span> <span class='ocrx_word' id='word_1_501' title='bbox 1823 4087 1886 4125; x_wconf 92' lang='lat' dir='ltr'>ac</span> <span class='ocrx_word' id='word_1_502' title='bbox 1906 4071 2003 4126; x_wconf 86' lang='lat' dir='ltr'>de-</span> 
     </span>
    </p>
   </div>
   <div class='ocr_carea' id='block_1_76' title="bbox 357 4158 2000 4234">
    <p class='ocr_par' dir='ltr' id='par_1_76' title="bbox 357 4158 2000 4234">
     <span class='ocr_line' id='line_1_76' title="bbox 357 4158 2000 4234; baseline -0.001 -18"><span class='ocrx_word' id='word_1_503' title='bbox 357 4160 733 4234; x_wconf 90' lang='lat' dir='ltr'>pascit.Hinc</span> <span class='ocrx_word' id='word_1_504' title='bbox 758 4159 935 4215; x_wconf 90' lang='lat' dir='ltr'>veluti</span> <span class='ocrx_word' id='word_1_505' title='bbox 969 4158 1024 4213; x_wconf 90' lang='lat' dir='ltr'>in</span> <span class='ocrx_word' id='word_1_506' title='bbox 1054 4158 1178 4214; x_wconf 90' lang='lat' dir='ltr'>luto</span> <span class='ocrx_word' id='word_1_507' title='bbox 1209 4159 1476 4229; x_wconf 88' lang='lat' dir='ltr'>sequitur</span> <span class='ocrx_word' id='word_1_508' title='bbox 1508 4159 1762 4228; x_wconf 89' lang='lat' dir='ltr'>siccitas,</span> <span class='ocrx_word' id='word_1_509' title='bbox 1786 4164 1840 4214; x_wconf 89' lang='lat' dir='ltr'>et</span> <span class='ocrx_word' id='word_1_510' title='bbox 1863 4165 2000 4232; x_wconf 89' lang='lat' dir='ltr'>potu</span> 
     </span>
    </p>
   </div>
   <div class='ocr_carea' id='block_1_77' title="bbox 357 4247 2002 4321">
    <p class='ocr_par' dir='ltr' id='par_1_77' title="bbox 357 4247 2002 4321">
     <span class='ocr_line' id='line_1_77' title="bbox 357 4247 2002 4321; baseline -0.002 -16"><span class='ocrx_word' id='word_1_511' title='bbox 357 4250 543 4320; x_wconf 87' lang='lat' dir='ltr'>magis</span> <span class='ocrx_word' id='word_1_512' title='bbox 571 4249 836 4321; x_wconf 88' lang='lat' dir='ltr'>indigere</span> <span class='ocrx_word' id='word_1_513' title='bbox 867 4265 1079 4320; x_wconf 89' lang='lat' dir='ltr'>corpus</span> <span class='ocrx_word' id='word_1_514' title='bbox 1109 4247 1416 4320; x_wconf 89' lang='lat' dir='ltr'>contingit,</span> <span class='ocrx_word' id='word_1_515' title='bbox 1451 4249 1634 4303; x_wconf 88' lang='lat' dir='ltr'>donec</span> <span class='ocrx_word' id='word_1_516' title='bbox 1665 4249 1720 4302; x_wconf 90' lang='lat' dir='ltr'>in</span> <span class='ocrx_word' id='word_1_517' title='bbox 1752 4249 2002 4304; x_wconf 88' lang='lat' dir='ltr'>bibenti-</span> 
     </span>
    </p>
   </div>
   <div class='ocr_carea' id='block_1_78' title="bbox 354 4337 2004 4409">
    <p class='ocr_par' dir='ltr' id='par_1_78' title="bbox 354 4337 2004 4409">
     <span class='ocr_line' id='line_1_78' title="bbox 354 4337 2004 4409; baseline -0.001 -15"><span class='ocrx_word' id='word_1_518' title='bbox 354 4339 466 4395; x_wconf 88' lang='lat' dir='ltr'>bus</span> <span class='ocrx_word' id='word_1_519' title='bbox 495 4340 874 4396; x_wconf 83' lang='lat' dir='ltr'>conﬁrmatus</span> <span class='ocrx_word' id='word_1_520' title='bbox 908 4342 1080 4409; x_wconf 87' lang='lat' dir='ltr'>atque</span> <span class='ocrx_word' id='word_1_521' title='bbox 1111 4337 1322 4392; x_wconf 89' lang='lat' dir='ltr'>iterum</span> <span class='ocrx_word' id='word_1_522' title='bbox 1355 4337 1506 4392; x_wconf 88' lang='lat' dir='ltr'>vires</span> <span class='ocrx_word' id='word_1_523' title='bbox 1538 4337 1824 4408; x_wconf 91' lang='lat' dir='ltr'>recipiens</span> <span class='ocrx_word' id='word_1_524' title='bbox 1847 4339 2004 4393; x_wconf 90' lang='lat' dir='ltr'>calor</span> 
     </span>
    </p>
   </div>
   <div class='ocr_carea' id='block_1_79' title="bbox 351 4427 1999 4502">
    <p class='ocr_par' dir='ltr' id='par_1_79' title="bbox 351 4427 1999 4502">
     <span class='ocr_line' id='line_1_79' title="bbox 351 4427 1999 4502; baseline -0.001 -18"><span class='ocrx_word' id='word_1_525' title='bbox 351 4430 680 4502; x_wconf 89' lang='lat' dir='ltr'>appetitum</span> <span class='ocrx_word' id='word_1_526' title='bbox 711 4427 970 4483; x_wconf 90' lang='lat' dir='ltr'>validum</span> <span class='ocrx_word' id='word_1_527' title='bbox 1003 4427 1117 4481; x_wconf 87' lang='lat' dir='ltr'>cibi</span> <span class='ocrx_word' id='word_1_528' title='bbox 1151 4427 1397 4498; x_wconf 85' lang='lat' dir='ltr'>injiciat.</span> <span class='ocrx_word' id='word_1_529' title='bbox 1429 4427 1695 4498; x_wconf 90' lang='lat' dir='ltr'>Namque</span> <span class='ocrx_word' id='word_1_530' title='bbox 1743 4427 1999 4484; x_wconf 87' lang='lat' dir='ltr'>calidum</span> 
     </span>
    </p>
   </div>
   <div class='ocr_carea' id='block_1_80' title="bbox 352 4516 2001 4588">
    <p class='ocr_par' dir='ltr' id='par_1_80' title="bbox 352 4516 2001 4588">
     <span class='ocr_line' id='line_1_80' title="bbox 352 4516 2001 4588; baseline 0.001 -16"><span class='ocrx_word' id='word_1_531' title='bbox 352 4519 410 4572; x_wconf 92' lang='lat' dir='ltr'>in</span> <span class='ocrx_word' id='word_1_532' title='bbox 445 4519 611 4573; x_wconf 88' lang='lat' dir='ltr'>nobis</span> <span class='ocrx_word' id='word_1_533' title='bbox 642 4518 770 4574; x_wconf 89' lang='lat' dir='ltr'>cibo</span> <span class='ocrx_word' id='word_1_534' title='bbox 796 4516 1046 4572; x_wconf 78' lang='lat' dir='ltr'>maxime</span> <span class='ocrx_word' id='word_1_535' title='bbox 1068 4516 1314 4588; x_wconf 87' lang='lat' dir='ltr'>indiget,</span> <span class='ocrx_word' id='word_1_536' title='bbox 1341 4521 1404 4571; x_wconf 91' lang='lat' dir='ltr'>ut</span> <span class='ocrx_word' id='word_1_537' title='bbox 1434 4516 1602 4571; x_wconf 85' lang='lat' dir='ltr'>facile</span> <span class='ocrx_word' id='word_1_538' title='bbox 1633 4516 1807 4572; x_wconf 89' lang='lat' dir='ltr'>etiam</span> <span class='ocrx_word' id='word_1_539' title='bbox 1840 4523 2001 4573; x_wconf 84' lang='lat' dir='ltr'>extra</span> 
     </span>
    </p>
   </div>
   <div class='ocr_carea' id='block_1_81' title="bbox 2114 3353 3774 3433">
    <p class='ocr_par' dir='ltr' id='par_1_81' title="bbox 2114 3353 3774 3433">
     <span class='ocr_line' id='line_1_81' title="bbox 2114 3353 3774 3433; baseline 0.002 -24"><span class='ocrx_word' id='word_1_540' title='bbox 2114 3353 2364 3425; x_wconf 79' lang='grc' dir='ltr'>θηλυκῶν</span> <span class='ocrx_word' id='word_1_541' title='bbox 2397 3354 2447 3409; x_wconf 84' lang='grc' dir='ltr'>ἐν</span> <span class='ocrx_word' id='word_1_542' title='bbox 2500 3355 2718 3428; x_wconf 84' lang='grc' dir='ltr'>διμήνῳ</span> <span class='ocrx_word' id='word_1_543' title='bbox 2754 3358 2848 3429; x_wconf 71' lang='grc' dir='ltr'>μὲν</span> <span class='ocrx_word' id='word_1_544' title='bbox 2904 3353 3308 3432; x_wconf 68' lang='grc' dir='ltr'>διαρθροῦσθαι,</span> <span class='ocrx_word' id='word_1_545' title='bbox 3337 3356 3386 3412; x_wconf 85' lang='grc' dir='ltr'>ἐν</span> <span class='ocrx_word' id='word_1_546' title='bbox 3438 3361 3774 3433; x_wconf 71' lang='grc' dir='ltr'>τετραμήνῳ</span> 
     </span>
    </p>
   </div>
   <div class='ocr_carea' id='block_1_82' title="bbox 2116 3441 2738 3520">
    <p class='ocr_par' dir='ltr' id='par_1_82' title="bbox 2116 3441 2738 3520">
     <span class='ocr_line' id='line_1_82' title="bbox 2116 3441 2738 3520; baseline 0.005 -22"><span class='ocrx_word' id='word_1_547' title='bbox 2116 3441 2172 3498; x_wconf 73' lang='grc' dir='ltr'>δὲ</span> <span class='ocrx_word' id='word_1_548' title='bbox 2201 3443 2536 3500; x_wconf 77' lang='grc' dir='ltr'>τελειοῦσθαι</span> <span class='ocrx_word' id='word_1_549' title='bbox 2569 3443 2738 3520; x_wconf 90' lang='grc' dir='ltr'>λέγει.</span> 
     </span>
    </p>
   </div>
   <div class='ocr_carea' id='block_1_83' title="bbox 2265 3550 3607 3630">
    <p class='ocr_par' dir='ltr' id='par_1_83' title="bbox 2265 3550 3607 3630">
     <span class='ocr_line' id='line_1_83' title="bbox 2265 3550 3607 3630; baseline 0.001 -24"><span class='ocrx_word' id='word_1_550' title='bbox 2265 3557 2367 3621; x_wconf 82' lang='grc' dir='ltr'>πζ’.</span> <span class='ocrx_word' id='word_1_551' title='bbox 2404 3553 2500 3606; x_wconf 76' lang='grc' dir='ltr'>Διὲι</span> <span class='ocrx_word' id='word_1_552' title='bbox 2528 3551 2579 3608; x_wconf 74' lang='grc' dir='ltr'>σιί</span> <span class='ocrx_word' id='word_1_553' title='bbox 2608 3553 2659 3606; x_wconf 71' lang='grc' dir='ltr'>οἱ</span> <span class='ocrx_word' id='word_1_554' title='bbox 2689 3553 3042 3623; x_wconf 68' lang='grc' dir='ltr'>νηστεύοντες</span> <span class='ocrx_word' id='word_1_555' title='bbox 3073 3550 3272 3630; x_wconf 75' lang='grc' dir='ltr'>διψῶσι</span> <span class='ocrx_word' id='word_1_556' title='bbox 3309 3552 3548 3628; x_wconf 77' lang='grc' dir='ltr'>μᾶλλον,</span> <span class='ocrx_word' id='word_1_557' title='bbox 3571 3563 3607 3626; x_wconf 88' lang='grc' dir='ltr'>ῆ</span> 
     </span>
    </p>
   </div>
   <div class='ocr_carea' id='block_1_84' title="bbox 2797 3630 3098 3696">
    <p class='ocr_par' dir='ltr' id='par_1_84' title="bbox 2797 3630 3098 3696">
     <span class='ocr_line' id='line_1_84' title="bbox 2797 3630 3098 3696; baseline -0.003 -16"><span class='ocrx_word' id='word_1_558' title='bbox 2797 3630 3050 3681; x_wconf 82' lang='grc' dir='ltr'>πεινῶσιν</span> <span class='ocrx_word' id='word_1_559' title='bbox 3084 3646 3098 3696; x_wconf 86' lang='grc'>;</span> 
     </span>
    </p>
   </div>
   <div class='ocr_carea' id='block_1_85' title="bbox 2186 3712 3768 3789">
    <p class='ocr_par' dir='ltr' id='par_1_85' title="bbox 2186 3712 3768 3789">
     <span class='ocr_line' id='line_1_85' title="bbox 2186 3712 3768 3789; baseline 0 -22"><span class='ocrx_word' id='word_1_560' title='bbox 2186 3716 2436 3787; x_wconf 71' lang='grc' dir='ltr'>Διψῶμεν</span> <span class='ocrx_word' id='word_1_561' title='bbox 2475 3713 2707 3788; x_wconf 78' lang='grc' dir='ltr'>μᾶλλον,</span> <span class='ocrx_word' id='word_1_562' title='bbox 2767 3715 2890 3770; x_wconf 79' lang='grc' dir='ltr'>ὅταν</span> <span class='ocrx_word' id='word_1_563' title='bbox 2946 3713 3348 3789; x_wconf 75' lang='grc' dir='ltr'>νηστεύσωμεν,</span> <span class='ocrx_word' id='word_1_564' title='bbox 3396 3712 3432 3784; x_wconf 75' lang='grc' dir='ltr'>ἦ</span> <span class='ocrx_word' id='word_1_565' title='bbox 3463 3721 3768 3788; x_wconf 83' lang='grc' dir='ltr'>πεινῶμεν,</span> 
     </span>
    </p>
   </div>
   <div class='ocr_carea' id='block_1_86' title="bbox 2118 3799 3772 3882">
    <p class='ocr_par' dir='ltr' id='par_1_86' title="bbox 2118 3799 3772 3882">
     <span class='ocr_line' id='line_1_86' title="bbox 2118 3799 3772 3882; baseline 0.001 -25"><span class='ocrx_word' id='word_1_566' title='bbox 2118 3801 2256 3858; x_wconf 87' lang='grc' dir='ltr'>διότι</span> <span class='ocrx_word' id='word_1_567' title='bbox 2290 3805 2351 3858; x_wconf 84' lang='grc' dir='ltr'>τὸ</span> <span class='ocrx_word' id='word_1_568' title='bbox 2392 3803 2443 3857; x_wconf 82' lang='grc' dir='ltr'>ἐν</span> <span class='ocrx_word' id='word_1_569' title='bbox 2498 3806 2634 3876; x_wconf 79' lang='grc' dir='ltr'>ἡμῖν</span> <span class='ocrx_word' id='word_1_570' title='bbox 2693 3805 2892 3882; x_wconf 88' lang='grc' dir='ltr'>θερμὸν</span> <span class='ocrx_word' id='word_1_571' title='bbox 2954 3803 3168 3879; x_wconf 80' lang='grc' dir='ltr'>πρῶτον</span> <span class='ocrx_word' id='word_1_572' title='bbox 3227 3805 3320 3876; x_wconf 76' lang='grc' dir='ltr'>μὶν</span> <span class='ocrx_word' id='word_1_573' title='bbox 3379 3799 3772 3859; x_wconf 74' lang='grc' dir='ltr'>καταϐόσκεται</span> 
     </span>
    </p>
   </div>
   <div class='ocr_carea' id='block_1_87' title="bbox 2113 3891 3770 3970">
    <p class='ocr_par' dir='ltr' id='par_1_87' title="bbox 2113 3891 3770 3970">
     <span class='ocr_line' id='line_1_87' title="bbox 2113 3891 3770 3970; baseline 0.001 -24"><span class='ocrx_word' id='word_1_574' title='bbox 2113 3893 2174 3946; x_wconf 84' lang='grc' dir='ltr'>τὸ</span> <span class='ocrx_word' id='word_1_575' title='bbox 2221 3891 2271 3947; x_wconf 80' lang='grc' dir='ltr'>ἐν</span> <span class='ocrx_word' id='word_1_576' title='bbox 2306 3893 2516 3967; x_wconf 85' lang='grc' dir='ltr'>σώματι</span> <span class='ocrx_word' id='word_1_577' title='bbox 2565 3894 2868 3964; x_wconf 79' lang='grc' dir='ltr'>περισσεύει</span> <span class='ocrx_word' id='word_1_578' title='bbox 2921 3902 3152 3970; x_wconf 69' lang='grc' dir='ltr'>τροφῆς,</span> <span class='ocrx_word' id='word_1_579' title='bbox 3188 3895 3300 3948; x_wconf 79' lang='grc' dir='ltr'>εἶτα</span> <span class='ocrx_word' id='word_1_580' title='bbox 3350 3892 3432 3948; x_wconf 83' lang='grc' dir='ltr'>ἐπ’</span> <span class='ocrx_word' id='word_1_581' title='bbox 3465 3893 3633 3962; x_wconf 72' lang='grc' dir='ltr'>αὐτὴν</span> <span class='ocrx_word' id='word_1_582' title='bbox 3673 3893 3770 3969; x_wconf 87' lang='grc' dir='ltr'>βα-</span> 
     </span>
    </p>
   </div>
   <div class='ocr_carea' id='block_1_88' title="bbox 2117 3977 3775 4060">
    <p class='ocr_par' dir='ltr' id='par_1_88' title="bbox 2117 3977 3775 4060">
     <span class='ocr_line' id='line_1_88' title="bbox 2117 3977 3775 4060; baseline 0.001 -24"><span class='ocrx_word' id='word_1_583' title='bbox 2117 3980 2246 4051; x_wconf 82' lang='grc' dir='ltr'>δίζει</span> <span class='ocrx_word' id='word_1_584' title='bbox 2279 3984 2376 4051; x_wconf 78' lang='grc' dir='ltr'>τῆν</span> <span class='ocrx_word' id='word_1_585' title='bbox 2429 3981 2705 4060; x_wconf 68' lang='grc' dir='ltr'>σύμφυτον</span> <span class='ocrx_word' id='word_1_586' title='bbox 2767 3977 2967 4038; x_wconf 77' lang='grc' dir='ltr'>λιϐάδα</span> <span class='ocrx_word' id='word_1_587' title='bbox 3021 3991 3123 4052; x_wconf 90' lang='grc' dir='ltr'>τῆς</span> <span class='ocrx_word' id='word_1_588' title='bbox 3187 3983 3381 4057; x_wconf 83' lang='grc' dir='ltr'>σαρκὸς</span> <span class='ocrx_word' id='word_1_589' title='bbox 3440 3985 3473 4052; x_wconf 79' lang='grc' dir='ltr'>ἡ</span> <span class='ocrx_word' id='word_1_590' title='bbox 3531 3981 3582 4037; x_wconf 72' lang='grc' dir='ltr'>ἓν</span> <span class='ocrx_word' id='word_1_591' title='bbox 3636 3985 3775 4055; x_wconf 80' lang='grc' dir='ltr'>ἡμῖν</span> 
     </span>
    </p>
   </div>
   <div class='ocr_carea' id='block_1_89' title="bbox 2114 4069 3772 4147">
    <p class='ocr_par' dir='ltr' id='par_1_89' title="bbox 2114 4069 3772 4147">
     <span class='ocr_line' id='line_1_89' title="bbox 2114 4069 3772 4147; baseline 0.002 -23"><span class='ocrx_word' id='word_1_592' title='bbox 2114 4069 2374 4139; x_wconf 70' lang='grc' dir='ltr'>πόρωσις,</span> <span class='ocrx_word' id='word_1_593' title='bbox 2431 4072 2493 4126; x_wconf 88' lang='grc' dir='ltr'>τὸ</span> <span class='ocrx_word' id='word_1_594' title='bbox 2549 4072 2764 4147; x_wconf 81' lang='grc' dir='ltr'>νοτερὸν</span> <span class='ocrx_word' id='word_1_595' title='bbox 2834 4069 3128 4138; x_wconf 83' lang='grc' dir='ltr'>διώκουσα,</span> <span class='ocrx_word' id='word_1_596' title='bbox 3214 4071 3304 4126; x_wconf 82' lang='grc' dir='ltr'>καὶ</span> <span class='ocrx_word' id='word_1_597' title='bbox 3389 4071 3451 4125; x_wconf 83' lang='grc' dir='ltr'>τὸ</span> <span class='ocrx_word' id='word_1_598' title='bbox 3523 4069 3772 4146; x_wconf 82' lang='grc' dir='ltr'>δίυγρον.</span> 
     </span>
    </p>
   </div>
   <div class='ocr_carea' id='block_1_90' title="bbox 2115 4155 3776 4236">
    <p class='ocr_par' dir='ltr' id='par_1_90' title="bbox 2115 4155 3776 4236">
     <span class='ocr_line' id='line_1_90' title="bbox 2115 4155 3776 4236; baseline 0 -22"><span class='ocrx_word' id='word_1_599' title='bbox 2115 4160 2412 4230; x_wconf 86' lang='grc' dir='ltr'>Γενομένης</span> <span class='ocrx_word' id='word_1_600' title='bbox 2465 4156 2557 4214; x_wconf 71' lang='grc' dir='ltr'>οὖν</span> <span class='ocrx_word' id='word_1_601' title='bbox 2605 4155 2786 4234; x_wconf 81' lang='grc' dir='ltr'>ὥσπερ</span> <span class='ocrx_word' id='word_1_602' title='bbox 2866 4159 2915 4215; x_wconf 77' lang='grc' dir='ltr'>ἐν</span> <span class='ocrx_word' id='word_1_603' title='bbox 2975 4160 3145 4232; x_wconf 78' lang='grc' dir='ltr'>πηλῷ</span> <span class='ocrx_word' id='word_1_604' title='bbox 3221 4158 3544 4236; x_wconf 79' lang='grc' dir='ltr'>ξηρότητος,</span> <span class='ocrx_word' id='word_1_605' title='bbox 3599 4163 3776 4214; x_wconf 80' lang='grc' dir='ltr'>ποτοῦ</span> 
     </span>
    </p>
   </div>
   <div class='ocr_carea' id='block_1_91' title="bbox 2117 4247 3772 4325">
    <p class='ocr_par' dir='ltr' id='par_1_91' title="bbox 2117 4247 3772 4325">
     <span class='ocr_line' id='line_1_91' title="bbox 2117 4247 3772 4325; baseline 0.001 -23"><span class='ocrx_word' id='word_1_606' title='bbox 2117 4247 2328 4321; x_wconf 69' lang='grc' dir='ltr'>μᾶλλον</span> <span class='ocrx_word' id='word_1_607' title='bbox 2350 4250 2411 4304; x_wconf 83' lang='grc' dir='ltr'>τὸ</span> <span class='ocrx_word' id='word_1_608' title='bbox 2452 4254 2612 4323; x_wconf 88' lang='grc' dir='ltr'>σῶμα</span> <span class='ocrx_word' id='word_1_609' title='bbox 2659 4247 2862 4314; x_wconf 78' lang='grc' dir='ltr'>δεῖσθαι</span> <span class='ocrx_word' id='word_1_610' title='bbox 2906 4249 3160 4325; x_wconf 81' lang='grc' dir='ltr'>πέφυκεν,</span> <span class='ocrx_word' id='word_1_611' title='bbox 3209 4247 3372 4325; x_wconf 70' lang='grc' dir='ltr'>ἄχρις</span> <span class='ocrx_word' id='word_1_612' title='bbox 3425 4249 3486 4304; x_wconf 80' lang='grc' dir='ltr'>οὗ</span> <span class='ocrx_word' id='word_1_613' title='bbox 3530 4248 3772 4304; x_wconf 89' lang='grc' dir='ltr'>πιόντων</span> 
     </span>
    </p>
   </div>
   <div class='ocr_carea' id='block_1_92' title="bbox 2113 4333 3774 4415">
    <p class='ocr_par' dir='ltr' id='par_1_92' title="bbox 2113 4333 3774 4415">
     <span class='ocr_line' id='line_1_92' title="bbox 2113 4333 3774 4415; baseline 0 -23"><span class='ocrx_word' id='word_1_614' title='bbox 2113 4338 2450 4414; x_wconf 68' lang='grc' dir='ltr'>ἀναρρωσθὲν</span> <span class='ocrx_word' id='word_1_615' title='bbox 2507 4339 2596 4393; x_wconf 83' lang='grc' dir='ltr'>καὶ</span> <span class='ocrx_word' id='word_1_616' title='bbox 2645 4337 2870 4415; x_wconf 73' lang='grc' dir='ltr'>ἲσχύσαν</span> <span class='ocrx_word' id='word_1_617' title='bbox 2920 4340 2981 4393; x_wconf 88' lang='grc' dir='ltr'>τὸ</span> <span class='ocrx_word' id='word_1_618' title='bbox 3033 4339 3234 4412; x_wconf 78' lang='grc' dir='ltr'>θερμὸν</span> <span class='ocrx_word' id='word_1_619' title='bbox 3292 4333 3585 4412; x_wconf 74' lang='grc' dir='ltr'>ἐμϐριθοῦς</span> <span class='ocrx_word' id='word_1_620' title='bbox 3637 4358 3774 4411; x_wconf 76' lang='grc' dir='ltr'>τρο-</span> 
     </span>
    </p>
   </div>
   <div class='ocr_carea' id='block_1_93' title="bbox 2112 4421 3773 4505">
    <p class='ocr_par' dir='ltr' id='par_1_93' title="bbox 2112 4421 3773 4505">
     <span class='ocr_line' id='line_1_93' title="bbox 2112 4421 3773 4505; baseline -0.001 -24"><span class='ocrx_word' id='word_1_621' title='bbox 2112 4434 2216 4505; x_wconf 81' lang='grc' dir='ltr'>ιρῆς</span> <span class='ocrx_word' id='word_1_622' title='bbox 2243 4424 2412 4501; x_wconf 77' lang='grc' dir='ltr'>ὄρεξιν</span> <span class='ocrx_word' id='word_1_623' title='bbox 2467 4426 2781 4503; x_wconf 77' lang='grc' dir='ltr'>ἐργάσηται.</span> <span class='ocrx_word' id='word_1_624' title='bbox 2830 4428 2904 4483; x_wconf 86' lang='grc' dir='ltr'>Τὸ</span> <span class='ocrx_word' id='word_1_625' title='bbox 2947 4427 3049 4503; x_wconf 76' lang='grc' dir='ltr'>γάρ</span> <span class='ocrx_word' id='word_1_626' title='bbox 3102 4427 3152 4482; x_wconf 83' lang='grc' dir='ltr'>ἐν</span> <span class='ocrx_word' id='word_1_627' title='bbox 3203 4430 3339 4500; x_wconf 83' lang='grc' dir='ltr'>ἡμῖν</span> <span class='ocrx_word' id='word_1_628' title='bbox 3389 4425 3626 4500; x_wconf 81' lang='grc' dir='ltr'>μάλιστα</span> <span class='ocrx_word' id='word_1_629' title='bbox 3659 4421 3773 4482; x_wconf 79' lang='grc' dir='ltr'>δεῖ·</span> 
     </span>
    </p>
   </div>
   <div class='ocr_carea' id='block_1_94' title="bbox 2107 4512 3773 4592">
    <p class='ocr_par' dir='ltr' id='par_1_94' title="bbox 2107 4512 3773 4592">
     <span class='ocr_line' id='line_1_94' title="bbox 2107 4512 3773 4592; baseline 0 -22"><span class='ocrx_word' id='word_1_630' title='bbox 2107 4537 2194 4570; x_wconf 87' lang='grc' dir='ltr'>ται</span> <span class='ocrx_word' id='word_1_631' title='bbox 2247 4523 2459 4592; x_wconf 79' lang='grc' dir='ltr'>τροφῆς</span> <span class='ocrx_word' id='word_1_632' title='bbox 2516 4517 2739 4592; x_wconf 84' lang='grc' dir='ltr'>θερμὸν,</span> <span class='ocrx_word' id='word_1_633' title='bbox 2816 4517 2996 4592; x_wconf 83' lang='grc' dir='ltr'>ὥσπερ</span> <span class='ocrx_word' id='word_1_634' title='bbox 3071 4514 3264 4590; x_wconf 86' lang='grc' dir='ltr'>ἀμέλει</span> <span class='ocrx_word' id='word_1_635' title='bbox 3330 4514 3609 4592; x_wconf 84' lang='grc' dir='ltr'>βλέπομεν</span> <span class='ocrx_word' id='word_1_636' title='bbox 3670 4512 3773 4586; x_wconf 81' lang='grc' dir='ltr'>ἔξω</span> 
     </span>
    </p>
   </div>
   <div class='ocr_carea' id='block_1_95' title="bbox 352 4603 2010 4684">
    <p class='ocr_par' dir='ltr' id='par_1_95' title="bbox 352 4609 2000 4678">
     <span class='ocr_line' id='line_1_95' title="bbox 352 4609 2000 4678; baseline -0.001 -15"><span class='ocrx_word' id='word_1_637' title='bbox 352 4625 459 4664; x_wconf 90' lang='lat' dir='ltr'>nos</span> <span class='ocrx_word' id='word_1_638' title='bbox 489 4609 796 4664; x_wconf 87' lang='lat' dir='ltr'>observare</span> <span class='ocrx_word' id='word_1_639' title='bbox 819 4621 1138 4678; x_wconf 73' lang='lat' dir='ltr'>possumus</span> <span class='ocrx_word' id='word_1_640' title='bbox 1163 4622 1265 4662; x_wconf 89' lang='lat' dir='ltr'>nec</span> <span class='ocrx_word' id='word_1_641' title='bbox 1290 4622 1621 4673; x_wconf 90' lang='lat' dir='ltr'>aerem,nec</span> <span class='ocrx_word' id='word_1_642' title='bbox 1643 4624 1878 4678; x_wconf 89' lang='lat' dir='ltr'>aquam,</span> <span class='ocrx_word' id='word_1_643' title='bbox 1897 4624 2000 4662; x_wconf 88' lang='lat' dir='ltr'>nec</span> 
     </span>
    </p>
   </div>
   <div class='ocr_carea' id='block_1_96' title="bbox 2128 4603 3772 4684">
    <p class='ocr_par' dir='ltr' id='par_1_96' title="bbox 2128 4603 3772 4684">
     <span class='ocr_line' id='line_1_96' title="bbox 2128 4603 3772 4684; baseline 0 -25"><span class='ocrx_word' id='word_1_644' title='bbox 2128 4606 2249 4675; x_wconf 74' lang='grc' dir='ltr'>ιήτε</span> <span class='ocrx_word' id='word_1_645' title='bbox 2293 4605 2441 4680; x_wconf 83' lang='grc' dir='ltr'>ἀέρα,</span> <span class='ocrx_word' id='word_1_646' title='bbox 2477 4607 2616 4678; x_wconf 83' lang='grc' dir='ltr'>μήτε</span> <span class='ocrx_word' id='word_1_647' title='bbox 2648 4603 2819 4679; x_wconf 77' lang='grc' dir='ltr'>ὕδωρ,</span> <span class='ocrx_word' id='word_1_648' title='bbox 2856 4607 2993 4680; x_wconf 89' lang='grc' dir='ltr'>μήτε</span> <span class='ocrx_word' id='word_1_649' title='bbox 3023 4612 3127 4681; x_wconf 85' lang='grc' dir='ltr'>γῆν</span> <span class='ocrx_word' id='word_1_650' title='bbox 3162 4604 3414 4684; x_wconf 73' lang='grc' dir='ltr'>ἐφιέμενα</span> <span class='ocrx_word' id='word_1_651' title='bbox 3456 4606 3772 4678; x_wconf 73' lang='grc' dir='ltr'>τρέφεσθαι,</span> 
     </span>
    </p>
   </div>
   <div class='ocr_carea' id='block_1_97' title="bbox 353 4695 2006 4768">
    <p class='ocr_par' dir='ltr' id='par_1_97' title="bbox 353 4695 2006 4768">
     <span class='ocr_line' id='line_1_97' title="bbox 353 4695 2006 4768; baseline 0.001 -17"><span class='ocrx_word' id='word_1_652' title='bbox 353 4705 565 4753; x_wconf 88' lang='lat' dir='ltr'>terram</span> <span class='ocrx_word' id='word_1_653' title='bbox 629 4696 906 4752; x_wconf 89' lang='lat' dir='ltr'>alimento</span> <span class='ocrx_word' id='word_1_654' title='bbox 942 4695 1193 4762; x_wconf 85' lang='lat' dir='ltr'>inhiare,</span> <span class='ocrx_word' id='word_1_655' title='bbox 1253 4712 1358 4753; x_wconf 89' lang='lat' dir='ltr'>nec</span> <span class='ocrx_word' id='word_1_656' title='bbox 1416 4696 1747 4768; x_wconf 88' lang='lat' dir='ltr'>propinqua</span> <span class='ocrx_word' id='word_1_657' title='bbox 1803 4713 2006 4753; x_wconf 85' lang='lat' dir='ltr'>consu-</span> 
     </span>
    </p>
   </div>
   <div class='ocr_carea' id='block_1_98' title="bbox 356 4785 2007 4857">
    <p class='ocr_par' dir='ltr' id='par_1_98' title="bbox 356 4785 2007 4857">
     <span class='ocr_line' id='line_1_98' title="bbox 356 4785 2007 4857; baseline 0 -15"><span class='ocrx_word' id='word_1_658' title='bbox 356 4803 536 4854; x_wconf 88' lang='lat' dir='ltr'>mere,</span> <span class='ocrx_word' id='word_1_659' title='bbox 569 4785 670 4841; x_wconf 88' lang='lat' dir='ltr'>sed</span> <span class='ocrx_word' id='word_1_660' title='bbox 700 4786 889 4841; x_wconf 84' lang='lat' dir='ltr'>solum</span> <span class='ocrx_word' id='word_1_661' title='bbox 922 4785 1138 4857; x_wconf 89' lang='lat' dir='ltr'>ignem,</span> <span class='ocrx_word' id='word_1_662' title='bbox 1201 4800 1382 4856; x_wconf 91' lang='lat' dir='ltr'>quare</span> <span class='ocrx_word' id='word_1_663' title='bbox 1439 4789 1498 4840; x_wconf 87' lang='lat' dir='ltr'>et</span> <span class='ocrx_word' id='word_1_664' title='bbox 1527 4801 1698 4840; x_wconf 89' lang='lat' dir='ltr'>senes</span> <span class='ocrx_word' id='word_1_665' title='bbox 1733 4785 2007 4842; x_wconf 87' lang='lat' dir='ltr'>facillime</span> 
     </span>
    </p>
   </div>
   <div class='ocr_carea' id='block_1_99' title="bbox 356 4873 2005 4945">
    <p class='ocr_par' dir='ltr' id='par_1_99' title="bbox 356 4873 2005 4945">
     <span class='ocr_line' id='line_1_99' title="bbox 356 4873 2005 4945; baseline 0 -16"><span class='ocrx_word' id='word_1_666' title='bbox 356 4876 549 4929; x_wconf 84' lang='lat' dir='ltr'>ferunt</span> <span class='ocrx_word' id='word_1_667' title='bbox 572 4873 1198 4945; x_wconf 86' lang='lat' dir='ltr'>jejunium,siquidem</span> <span class='ocrx_word' id='word_1_668' title='bbox 1233 4873 1412 4928; x_wconf 88' lang='lat' dir='ltr'>hebes</span> <span class='ocrx_word' id='word_1_669' title='bbox 1436 4875 1562 4944; x_wconf 86' lang='lat' dir='ltr'>jam</span> <span class='ocrx_word' id='word_1_670' title='bbox 1595 4879 1650 4927; x_wconf 93' lang='lat' dir='ltr'>et</span> <span class='ocrx_word' id='word_1_671' title='bbox 1680 4873 1925 4944; x_wconf 85' lang='lat' dir='ltr'>exiguus</span> <span class='ocrx_word' id='word_1_672' title='bbox 1948 4874 2005 4929; x_wconf 89' lang='lat' dir='ltr'>in</span> 
     </span>
    </p>
   </div>
   <div class='ocr_carea' id='block_1_100' title="bbox 357 4962 2004 5031">
    <p class='ocr_par' dir='ltr' id='par_1_100' title="bbox 357 4962 2004 5031">
     <span class='ocr_line' id='line_1_100' title="bbox 357 4962 2004 5031; baseline -0.001 -13"><span class='ocrx_word' id='word_1_673' title='bbox 357 4964 474 5019; x_wconf 89' lang='lat' dir='ltr'>illis</span> <span class='ocrx_word' id='word_1_674' title='bbox 504 4963 666 5019; x_wconf 86' lang='lat' dir='ltr'>calor</span> <span class='ocrx_word' id='word_1_675' title='bbox 693 4970 799 5018; x_wconf 89' lang='lat' dir='ltr'>est.</span> <span class='ocrx_word' id='word_1_676' title='bbox 830 4964 1018 5018; x_wconf 85' lang='lat' dir='ltr'>Etiam</span> <span class='ocrx_word' id='word_1_677' title='bbox 1049 4962 1404 5016; x_wconf 87' lang='lat' dir='ltr'>animalibus</span> <span class='ocrx_word' id='word_1_678' title='bbox 1436 4962 1724 5031; x_wconf 85' lang='lat' dir='ltr'>sanguine</span> <span class='ocrx_word' id='word_1_679' title='bbox 1755 4963 2004 5018; x_wconf 91' lang='lat' dir='ltr'>destitu-</span> 
     </span>
    </p>
   </div>
   <div class='ocr_carea' id='block_1_101' title="bbox 353 5050 2004 5125">
    <p class='ocr_par' dir='ltr' id='par_1_101' title="bbox 353 5050 2004 5125">
     <span class='ocr_line' id='line_1_101' title="bbox 353 5050 2004 5125; baseline -0.001 -17"><span class='ocrx_word' id='word_1_680' title='bbox 353 5055 449 5120; x_wconf 89' lang='lat' dir='ltr'>tis,</span> <span class='ocrx_word' id='word_1_681' title='bbox 474 5053 612 5125; x_wconf 88' lang='lat' dir='ltr'>quia</span> <span class='ocrx_word' id='word_1_682' title='bbox 646 5052 835 5108; x_wconf 86' lang='lat' dir='ltr'>calore</span> <span class='ocrx_word' id='word_1_683' title='bbox 861 5069 974 5108; x_wconf 90' lang='lat' dir='ltr'>non</span> <span class='ocrx_word' id='word_1_684' title='bbox 1005 5067 1174 5122; x_wconf 62' lang='lat' dir='ltr'>mque</span> <span class='ocrx_word' id='word_1_685' title='bbox 1207 5050 1666 5116; x_wconf 86' lang='lat' dir='ltr'>abundant,cibo</span> <span class='ocrx_word' id='word_1_686' title='bbox 1698 5051 1895 5107; x_wconf 90' lang='lat' dir='ltr'>minus</span> <span class='ocrx_word' id='word_1_687' title='bbox 1917 5056 2004 5106; x_wconf 87' lang='lat' dir='ltr'>est</span> 
     </span>
    </p>
   </div>
   <div class='ocr_carea' id='block_1_102' title="bbox 352 5159 525 5215">
    <p class='ocr_par' dir='ltr' id='par_1_102' title="bbox 352 5159 525 5215">
     <span class='ocr_line' id='line_1_102' title="bbox 352 5159 525 5215; baseline -0.012 -17"><span class='ocrx_word' id='word_1_688' title='bbox 352 5159 525 5215; x_wconf 93' lang='lat' dir='ltr'>opus.</span> 
     </span>
    </p>
   </div>
   <div class='ocr_carea' id='block_1_103' title="bbox 835 5231 1530 5286">
    <p class='ocr_par' dir='ltr' id='par_1_103' title="bbox 835 5231 1530 5286">
     <span class='ocr_line' id='line_1_103' title="bbox 835 5231 1530 5286; baseline -0.001 -1"><span class='ocrx_word' id='word_1_689' title='bbox 835 5233 924 5286; x_wconf 92' lang='lat'>88.</span> <span class='ocrx_word' id='word_1_690' title='bbox 960 5232 1034 5285; x_wconf 91' lang='lat' dir='ltr'>De</span> <span class='ocrx_word' id='word_1_691' title='bbox 1053 5232 1178 5286; x_wconf 67' lang='lat' dir='ltr'>creti</span> <span class='ocrx_word' id='word_1_692' title='bbox 1203 5231 1530 5285; x_wconf 75' lang='lat' dir='ltr'>substantia.</span> 
     </span>
    </p>
   </div>
   <div class='ocr_carea' id='block_1_104' title="bbox 425 5316 2002 5394">
    <p class='ocr_par' dir='ltr' id='par_1_104' title="bbox 425 5316 2002 5394">
     <span class='ocr_line' id='line_1_104' title="bbox 425 5316 2002 5394; baseline -0.002 -17"><span class='ocrx_word' id='word_1_693' title='bbox 425 5321 590 5377; x_wconf 90' lang='lat' dir='ltr'>Plato</span> <span class='ocrx_word' id='word_1_694' title='bbox 623 5319 1012 5394; x_wconf 88' lang='lat' dir='ltr'>philosophus</span> <span class='ocrx_word' id='word_1_695' title='bbox 1034 5335 1102 5374; x_wconf 86' lang='lat' dir='ltr'>ex</span> <span class='ocrx_word' id='word_1_696' title='bbox 1159 5323 1414 5389; x_wconf 87' lang='lat' dir='ltr'>quatuor</span> <span class='ocrx_word' id='word_1_697' title='bbox 1470 5316 1776 5372; x_wconf 89' lang='lat' dir='ltr'>elementis</span> <span class='ocrx_word' id='word_1_698' title='bbox 1808 5319 2002 5375; x_wconf 86' lang='lat' dir='ltr'>omnia</span> 
     </span>
    </p>
   </div>
   <div class='ocr_carea' id='block_1_105' title="bbox 2121 4693 3770 4768">
    <p class='ocr_par' dir='ltr' id='par_1_105' title="bbox 2121 4693 3770 4768">
     <span class='ocr_line' id='line_1_105' title="bbox 2121 4693 3770 4768; baseline -0.001 -20"><span class='ocrx_word' id='word_1_699' title='bbox 2121 4695 2258 4767; x_wconf 82' lang='grc' dir='ltr'>μήτε</span> <span class='ocrx_word' id='word_1_700' title='bbox 2289 4693 2646 4749; x_wconf 82' lang='grc' dir='ltr'>ἀναλίσκοντα</span> <span class='ocrx_word' id='word_1_701' title='bbox 2673 4695 2736 4750; x_wconf 80' lang='grc' dir='ltr'>τὸ</span> <span class='ocrx_word' id='word_1_702' title='bbox 2769 4694 3089 4766; x_wconf 85' lang='grc' dir='ltr'>πλησιάζον,</span> <span class='ocrx_word' id='word_1_703' title='bbox 3124 4694 3269 4750; x_wconf 75' lang='grc' dir='ltr'>ἀλλά</span> <span class='ocrx_word' id='word_1_704' title='bbox 3312 4695 3475 4766; x_wconf 92' lang='grc' dir='ltr'>μόνον</span> <span class='ocrx_word' id='word_1_705' title='bbox 3508 4693 3572 4748; x_wconf 86' lang='grc' dir='ltr'>τὸ</span> <span class='ocrx_word' id='word_1_706' title='bbox 3614 4698 3720 4768; x_wconf 84' lang='grc' dir='ltr'>πῦρ</span> <span class='ocrx_word' id='word_1_707' title='bbox 3756 4742 3770 4757; x_wconf 89' lang='grc'>,</span> 
     </span>
    </p>
   </div>
   <div class='ocr_carea' id='block_1_106' title="bbox 2117 4781 3767 4860">
    <p class='ocr_par' dir='ltr' id='par_1_106' title="bbox 2117 4781 3767 4860">
     <span class='ocr_line' id='line_1_106' title="bbox 2117 4781 3767 4860; baseline -0.001 -24"><span class='ocrx_word' id='word_1_708' title='bbox 2117 4781 2213 4836; x_wconf 86' lang='grc' dir='ltr'>Διά</span> <span class='ocrx_word' id='word_1_709' title='bbox 2239 4787 2405 4836; x_wconf 89' lang='grc' dir='ltr'>ταῦτα</span> <span class='ocrx_word' id='word_1_710' title='bbox 2434 4783 2522 4837; x_wconf 85' lang='grc' dir='ltr'>καὶ</span> <span class='ocrx_word' id='word_1_711' title='bbox 2555 4782 2604 4837; x_wconf 80' lang='grc' dir='ltr'>οἶ</span> <span class='ocrx_word' id='word_1_712' title='bbox 2648 4781 2895 4860; x_wconf 84' lang='grc' dir='ltr'>γέροντες</span> <span class='ocrx_word' id='word_1_713' title='bbox 2945 4781 3109 4857; x_wconf 76' lang='grc' dir='ltr'>ῥᾷστα</span> <span class='ocrx_word' id='word_1_714' title='bbox 3145 4783 3397 4852; x_wconf 85' lang='grc' dir='ltr'>νηστείαν</span> <span class='ocrx_word' id='word_1_715' title='bbox 3457 4783 3714 4856; x_wconf 73' lang='grc' dir='ltr'>φέρουσιν</span> <span class='ocrx_word' id='word_1_716' title='bbox 3752 4801 3767 4815; x_wconf 77' lang='grc'><strong>’</strong></span> 
     </span>
    </p>
   </div>
   <div class='ocr_carea' id='block_1_107' title="bbox 2117 4866 3768 4946">
    <p class='ocr_par' dir='ltr' id='par_1_107' title="bbox 2117 4866 3768 4946">
     <span class='ocr_line' id='line_1_107' title="bbox 2117 4866 3768 4946; baseline 0 -22"><span class='ocrx_word' id='word_1_717' title='bbox 2117 4866 2303 4943; x_wconf 75' lang='grc' dir='ltr'>ἀμϐλῦ</span> <span class='ocrx_word' id='word_1_718' title='bbox 2352 4872 2454 4946; x_wconf 73' lang='grc' dir='ltr'>γάρ</span> <span class='ocrx_word' id='word_1_719' title='bbox 2514 4871 2563 4926; x_wconf 80' lang='grc' dir='ltr'>ἐν</span> <span class='ocrx_word' id='word_1_720' title='bbox 2624 4872 2811 4928; x_wconf 75' lang='grc' dir='ltr'>αὐτοῖς</span> <span class='ocrx_word' id='word_1_721' title='bbox 2869 4871 2956 4926; x_wconf 78' lang='grc' dir='ltr'>καὶ</span> <span class='ocrx_word' id='word_1_722' title='bbox 3021 4871 3212 4946; x_wconf 83' lang='grc' dir='ltr'>μικρὸν</span> <span class='ocrx_word' id='word_1_723' title='bbox 3274 4869 3380 4940; x_wconf 68' lang='grc' dir='ltr'>ἤδη</span> <span class='ocrx_word' id='word_1_724' title='bbox 3448 4871 3510 4924; x_wconf 88' lang='grc' dir='ltr'>τὸ</span> <span class='ocrx_word' id='word_1_725' title='bbox 3565 4869 3768 4944; x_wconf 88' lang='grc' dir='ltr'>θερμόν</span> 
     </span>
    </p>
   </div>
   <div class='ocr_carea' id='block_1_108' title="bbox 2115 4958 3772 5038">
    <p class='ocr_par' dir='ltr' id='par_1_108' title="bbox 2115 4958 3772 5038">
     <span class='ocr_line' id='line_1_108' title="bbox 2115 4958 3772 5038; baseline 0 -24"><span class='ocrx_word' id='word_1_726' title='bbox 2115 4959 2244 5017; x_wconf 81' lang='grc' dir='ltr'>ἐστι.</span> <span class='ocrx_word' id='word_1_727' title='bbox 2296 4961 2398 5016; x_wconf 78' lang='grc' dir='ltr'>Καὶ</span> <span class='ocrx_word' id='word_1_728' title='bbox 2462 4962 2524 5015; x_wconf 82' lang='grc' dir='ltr'>ιά</span> <span class='ocrx_word' id='word_1_729' title='bbox 2579 4958 2782 5034; x_wconf 82' lang='grc' dir='ltr'>ἄναιμά</span> <span class='ocrx_word' id='word_1_730' title='bbox 2823 4959 2879 5016; x_wconf 77' lang='grc' dir='ltr'>δὲ</span> <span class='ocrx_word' id='word_1_731' title='bbox 2930 4965 3038 5015; x_wconf 91' lang='grc' dir='ltr'>τῶν</span> <span class='ocrx_word' id='word_1_732' title='bbox 3099 4960 3249 5029; x_wconf 83' lang='grc' dir='ltr'>ζώων</span> <span class='ocrx_word' id='word_1_733' title='bbox 3299 4966 3513 5038; x_wconf 68' lang='grc' dir='ltr'>τρρφῆς</span> <span class='ocrx_word' id='word_1_734' title='bbox 3571 4959 3772 5029; x_wconf 72' lang='grc' dir='ltr'>ἥκιστα</span> 
     </span>
    </p>
   </div>
   <div class='ocr_carea' id='block_1_109' title="bbox 2112 5047 3175 5125">
    <p class='ocr_par' dir='ltr' id='par_1_109' title="bbox 2112 5047 3175 5125">
     <span class='ocr_line' id='line_1_109' title="bbox 2112 5047 3175 5125; baseline 0.003 -22"><span class='ocrx_word' id='word_1_735' title='bbox 2112 5047 2449 5124; x_wconf 82' lang='grc' dir='ltr'>προσδεῖται,</span> <span class='ocrx_word' id='word_1_736' title='bbox 2484 5047 2549 5104; x_wconf 84' lang='grc' dir='ltr'>δι’</span> <span class='ocrx_word' id='word_1_737' title='bbox 2579 5047 2782 5105; x_wconf 82' lang='grc' dir='ltr'>ἔνδειαν</span> <span class='ocrx_word' id='word_1_738' title='bbox 2817 5050 3175 5125; x_wconf 83' lang='grc' dir='ltr'>θερμὸτητος.</span> 
     </span>
    </p>
   </div>
   <div class='ocr_carea' id='block_1_110' title="bbox 2419 5227 3454 5304">
    <p class='ocr_par' dir='ltr' id='par_1_110' title="bbox 2419 5227 3454 5304">
     <span class='ocr_line' id='line_1_110' title="bbox 2419 5227 3454 5304; baseline 0.001 -21"><span class='ocrx_word' id='word_1_739' title='bbox 2419 5230 2530 5298; x_wconf 84' lang='grc' dir='ltr'>πη’.</span> <span class='ocrx_word' id='word_1_740' title='bbox 2568 5227 2697 5304; x_wconf 75' lang='grc' dir='ltr'>Περὶ</span> <span class='ocrx_word' id='word_1_741' title='bbox 2727 5236 2828 5298; x_wconf 84' lang='grc' dir='ltr'>τῆς</span> <span class='ocrx_word' id='word_1_742' title='bbox 2856 5233 2955 5284; x_wconf 89' lang='grc' dir='ltr'>τοῦ</span> <span class='ocrx_word' id='word_1_743' title='bbox 2988 5229 3218 5304; x_wconf 78' lang='grc' dir='ltr'>οὐρανοῦ</span> <span class='ocrx_word' id='word_1_744' title='bbox 3251 5227 3454 5289; x_wconf 79' lang='grc' dir='ltr'>οὐσίας.</span> 
     </span>
    </p>
   </div>
   <div class='ocr_carea' id='block_1_111' title="bbox 2183 5316 3768 5396">
    <p class='ocr_par' dir='ltr' id='par_1_111' title="bbox 2183 5316 3768 5396">
     <span class='ocr_line' id='line_1_111' title="bbox 2183 5316 3768 5396; baseline -0.002 -24"><span class='ocrx_word' id='word_1_745' title='bbox 2183 5316 2411 5373; x_wconf 86' lang='grc' dir='ltr'>Πλάτων</span> <span class='ocrx_word' id='word_1_746' title='bbox 2447 5318 2538 5391; x_wconf 69' lang='grc' dir='ltr'>μὲν</span> <span class='ocrx_word' id='word_1_747' title='bbox 2573 5319 2601 5373; x_wconf 86' lang='grc' dir='ltr'>ὁ</span> <span class='ocrx_word' id='word_1_748' title='bbox 2660 5316 2959 5396; x_wconf 73' lang='grc' dir='ltr'>φιλόσοφος</span> <span class='ocrx_word' id='word_1_749' title='bbox 3017 5318 3121 5373; x_wconf 87' lang='grc' dir='ltr'>ἀπὸ</span> <span class='ocrx_word' id='word_1_750' title='bbox 3151 5321 3256 5371; x_wconf 85' lang='grc' dir='ltr'>τῶν</span> <span class='ocrx_word' id='word_1_751' title='bbox 3307 5316 3579 5392; x_wconf 84' lang='grc' dir='ltr'>τεσσάρων</span> <span class='ocrx_word' id='word_1_752' title='bbox 3613 5337 3768 5370; x_wconf 80' lang='grc' dir='ltr'>στοιο</span> 
     </span>
    </p>
   </div>
   <div class='ocr_carea' id='block_1_112' title="bbox 1933 5452 2165 5510">
    <p class='ocr_par' dir='ltr' id='par_1_112' title="bbox 1933 5452 2165 5510">
     <span class='ocr_line' id='line_1_112' title="bbox 1933 5452 2165 5510; baseline 0 -2"><span class='ocrx_word' id='word_1_753' title='bbox 1933 5452 2165 5510; x_wconf 62' lang='grc' dir='ltr'>ΝΟΤίΕ.</span> 
     </span>
    </p>
   </div>
   <div class='ocr_carea' id='block_1_113' title="bbox 419 5565 1992 5641">
    <p class='ocr_par' dir='ltr' id='par_1_113' title="bbox 419 5565 1992 5641">
     <span class='ocr_line' id='line_1_113' title="bbox 419 5565 1992 5641; baseline -0.001 -16"><span class='ocrx_word' id='word_1_754' title='bbox 419 5571 496 5641; x_wconf 90' lang='grc'>(8)</span> <span class='ocrx_word' id='word_1_755' title='bbox 524 5571 646 5625; x_wconf 88' lang='lat' dir='ltr'>Imo</span> <span class='ocrx_word' id='word_1_756' title='bbox 677 5571 747 5624; x_wconf 93' lang='lat' dir='ltr'>de</span> <span class='ocrx_word' id='word_1_757' title='bbox 780 5574 1046 5641; x_wconf 87' lang='lat' dir='ltr'>tempore</span> <span class='ocrx_word' id='word_1_758' title='bbox 1074 5566 1436 5641; x_wconf 81' lang='lat' dir='ltr'>formationis</span> <span class='ocrx_word' id='word_1_759' title='bbox 1488 5567 1638 5641; x_wconf 72' lang='lat' dir='ltr'>fetus</span> <span class='ocrx_word' id='word_1_760' title='bbox 1695 5565 1754 5621; x_wconf 90' lang='lat' dir='ltr'>in</span> <span class='ocrx_word' id='word_1_761' title='bbox 1781 5572 1992 5641; x_wconf 78' lang='lat' dir='ltr'>utero.</span> 
     </span>
    </p>
   </div>
   <div class='ocr_carea' id='block_1_114' title="bbox 349 5636 1994 5711">
    <p class='ocr_par' dir='ltr' id='par_1_114' title="bbox 349 5636 1994 5711">
     <span class='ocr_line' id='line_1_114' title="bbox 349 5636 1994 5711; baseline -0.002 -13"><span class='ocrx_word' id='word_1_762' title='bbox 349 5636 493 5698; x_wconf 75' lang='lat' dir='ltr'>Nam</span> <span class='ocrx_word' id='word_1_763' title='bbox 527 5643 596 5696; x_wconf 89' lang='lat' dir='ltr'>de</span> <span class='ocrx_word' id='word_1_764' title='bbox 628 5636 926 5696; x_wconf 79' lang='lat' dir='ltr'>senectute.</span> <span class='ocrx_word' id='word_1_765' title='bbox 957 5640 1192 5708; x_wconf 85' lang='lat' dir='ltr'>quidem</span> <span class='ocrx_word' id='word_1_766' title='bbox 1228 5638 1372 5711; x_wconf 84' lang='lat' dir='ltr'>nihil</span> <span class='ocrx_word' id='word_1_767' title='bbox 1409 5639 1466 5692; x_wconf 90' lang='lat' dir='ltr'>in</span> <span class='ocrx_word' id='word_1_768' title='bbox 1498 5636 1606 5692; x_wconf 90' lang='lat' dir='ltr'>hoc</span> <span class='ocrx_word' id='word_1_769' title='bbox 1665 5639 1854 5711; x_wconf 90' lang='lat' dir='ltr'>capite</span> <span class='ocrx_word' id='word_1_770' title='bbox 1883 5645 1994 5696; x_wconf 90' lang='lat' dir='ltr'>tra-</span> 
     </span>
    </p>
   </div>
   <div class='ocr_carea' id='block_1_115' title="bbox 349 5710 1995 5784">
    <p class='ocr_par' dir='ltr' id='par_1_115' title="bbox 349 5710 1995 5784">
     <span class='ocr_line' id='line_1_115' title="bbox 349 5710 1995 5784; baseline 0.001 -17"><span class='ocrx_word' id='word_1_771' title='bbox 349 5713 532 5782; x_wconf 87' lang='lat' dir='ltr'>ditur,</span> <span class='ocrx_word' id='word_1_772' title='bbox 561 5712 674 5768; x_wconf 92' lang='lat' dir='ltr'>nisi</span> <span class='ocrx_word' id='word_1_773' title='bbox 732 5728 796 5768; x_wconf 90' lang='lat' dir='ltr'>eo</span> <span class='ocrx_word' id='word_1_774' title='bbox 852 5711 1087 5781; x_wconf 86' lang='lat' dir='ltr'>referas,</span> <span class='ocrx_word' id='word_1_775' title='bbox 1149 5711 1303 5784; x_wconf 89' lang='lat' dir='ltr'>quod</span> <span class='ocrx_word' id='word_1_776' title='bbox 1361 5710 1515 5765; x_wconf 91' lang='lat' dir='ltr'>bona</span> <span class='ocrx_word' id='word_1_777' title='bbox 1544 5711 1714 5765; x_wconf 60' lang='lat' dir='ltr'>diaeta</span> <span class='ocrx_word' id='word_1_778' title='bbox 1746 5710 1802 5766; x_wconf 87' lang='lat' dir='ltr'>et</span> <span class='ocrx_word' id='word_1_779' title='bbox 1835 5715 1995 5769; x_wconf 89' lang='lat' dir='ltr'>tran-</span> 
     </span>
    </p>
   </div>
   <div class='ocr_carea' id='block_1_116' title="bbox 2106 5565 3765 5642">
    <p class='ocr_par' dir='ltr' id='par_1_116' title="bbox 2106 5565 3765 5642">
     <span class='ocr_line' id='line_1_116' title="bbox 2106 5565 3765 5642; baseline 0 -19"><span class='ocrx_word' id='word_1_780' title='bbox 2106 5568 2391 5642; x_wconf 88' lang='lat' dir='ltr'>quillitate</span> <span class='ocrx_word' id='word_1_781' title='bbox 2423 5569 2602 5624; x_wconf 89' lang='lat' dir='ltr'>animi</span> <span class='ocrx_word' id='word_1_782' title='bbox 2637 5571 2964 5642; x_wconf 84' lang='lat' dir='ltr'>conservari</span> <span class='ocrx_word' id='word_1_783' title='bbox 3015 5570 3309 5642; x_wconf 79' lang='lat' dir='ltr'>integram</span> <span class='ocrx_word' id='word_1_784' title='bbox 3339 5565 3765 5638; x_wconf 86' lang='lat' dir='ltr'>valetudinem,</span> 
     </span>
    </p>
   </div>
   <div class='ocr_carea' id='block_1_117' title="bbox 2105 5640 3765 5713">
    <p class='ocr_par' dir='ltr' id='par_1_117' title="bbox 2105 5640 3765 5713">
     <span class='ocr_line' id='line_1_117' title="bbox 2105 5640 3765 5713; baseline 0 -17"><span class='ocrx_word' id='word_1_785' title='bbox 2105 5647 2281 5712; x_wconf 89' lang='lat' dir='ltr'>atque</span> <span class='ocrx_word' id='word_1_786' title='bbox 2307 5641 2450 5713; x_wconf 90' lang='lat' dir='ltr'>adeo</span> <span class='ocrx_word' id='word_1_787' title='bbox 2483 5647 2843 5698; x_wconf 88' lang='lat' dir='ltr'>senectutem</span> <span class='ocrx_word' id='word_1_788' title='bbox 2879 5641 3124 5698; x_wconf 83' lang='lat' dir='ltr'>feliciter</span> <span class='ocrx_word' id='word_1_789' title='bbox 3151 5640 3361 5713; x_wconf 75' lang='lat' dir='ltr'>attingi</span> <span class='ocrx_word' id='word_1_790' title='bbox 3409 5655 3600 5712; x_wconf 86' lang='lat' dir='ltr'>posse,</span> <span class='ocrx_word' id='word_1_791' title='bbox 3631 5647 3765 5696; x_wconf 75' lang='lat' dir='ltr'>vere</span> 
     </span>
    </p>
   </div>
   <div class='ocr_carea' id='block_1_118' title="bbox 2105 5712 2772 5780">
    <p class='ocr_par' dir='ltr' id='par_1_118' title="bbox 2105 5712 2772 5780">
     <span class='ocr_line' id='line_1_118' title="bbox 2105 5712 2772 5780; baseline 0.001 -12"><span class='ocrx_word' id='word_1_792' title='bbox 2105 5729 2171 5768; x_wconf 88' lang='lat' dir='ltr'>ac</span> <span class='ocrx_word' id='word_1_793' title='bbox 2205 5712 2522 5780; x_wconf 89' lang='lat' dir='ltr'>prudenter</span> <span class='ocrx_word' id='word_1_794' title='bbox 2551 5719 2772 5770; x_wconf 88' lang='lat' dir='ltr'>monet.</span> 
     </span>
    </p>
   </div>
  </div>
