4032 6202
255 292 341 350 741
1390 285 1491 345 DE
1537 282 1850 344 OMNIFA]

1970 332 1977 342 .
2025 284 2437 346 DOCTRINA.
3493 295 3613 353 ’742

248 418 384 493 χεὶων
436 418 600 470 πάντα
652 415 905 470 πλάττων
959 415 1026 469 τὰ
1079 413 1319 485 σύνθετα,
1353 415 1580 485 σώματα
1611 413 1715 467 ἀπὸ
1744 417 1850 467 τῶν

1970 418 2233 471 ell‘ormat
2281 418 2605 489 composita
2665 434 2926 489 corpora,
2968 426 3147 492 atque
3204 422 3343 477 adeo
3402 424 3613 481 coelum

250 510 396 562 αὐτῶν
466 504 930 581 συγκεῖσθανκαὶ
1014 504 1106 559 τὸν
1192 503 1415 579 οὐρανὸν
1478 504 1852 580 ἀποφαίνεται.

245 601 466 652 Τοσοῦτον
520 593 617 666 δὲ,
672 594 846 672 φησὶ,
904 594 1042 669 πρὸς
1101 593 1167 647 τὰ
1238 590 1381 647 ἄλλα
1435 594 1533 663 τήν
1593 589 1854 669 διασοράν

245 688 379 763 ἔχειν,
427 686 503 741 ὅτι
561 686 629 740 τὰ
693 685 786 757 μὶν
844 682 931 738 ἐπὶ
962 689 1065 761 γῆς
1098 682 1323 755 σώματα
1353 683 1459 736 ἀπὸ
1489 688 1587 751 τῆς
1621 681 1854 757 ἐσχάτης

245 775 427 853 μερίδος
479 781 586 831 τῶν
646 775 937 849 στοιχείων
1004 774 1158 843 εἶναι,
1214 778 1311 841 τῆς
1372 774 1485 826 οἷον
1547 770 1855 847 παχυτέρας

240 868 309 921 καὶ
361 864 748 939 ὑλωδεστέρας,
806 864 897 918 τὸν
960 859 1017 916 ’ὀὶ
1076 862 1300 936 οὐρανὸν
1354 861 1459 915 ἀπὸ
1512 868 1611 930 τῆς
1642 862 1853 935 αὒγοει-

242 955 448 1028 δεστέρας
498 955 673 1009 αὐτῶν
738 954 934 1031 μοίρας
995 953 1319 1015 οὖσιῶσοαι.
1377 950 1763 1025 Ἀριστοτέλης
1796 948 1853 1006 δὲ

236 1048 289 1100 τὰ
330 1046 413 1119 μὲν
454 1046 684 1112 τέσσαρα
716 1048 962 1118 στοιχεῖα
1008 1042 1127 1097 κατ’
1178 1040 1381 1097 εὐθεῖαν
1435 1043 1692 1095 κινεῖσθαι
1752 1039 1851 1095 λα-

239 1130 343 1201 ϐὼν,
367 1136 447 1188 τὸν
484 1132 541 1188 δὲ
564 1132 790 1209 οὐρανὸν
850 1129 1040 1203 κύκλῳ
1092 1130 1364 1208 φέρεσθαι,
1424 1129 1528 1184 ἀπὸ
1579 1136 1679 1199 τῆς
1730 1127 1851 1184 δια-

237 1224 374 1299 τόρου
418 1226 683 1294 κινήσεως
718 1220 973 1299 διάφορον
1010 1220 1153 1292 αὐτῷ
1204 1220 1293 1274 καὶ
1324 1220 1424 1289 τήν
1486 1219 1671 1274 οὐσίαν
1713 1219 1851 1295 πρὸς

234 1314 536 1389 τὰστοιχεῖα
568 1310 779 1367 δίδωσι.
833 1310 929 1364 Καὶ
986 1310 1077 1365 τόν
1105 1330 1163 1365 τε
1194 1308 1417 1385 ούρανὸν
1461 1308 1549 1363 καὶ
1604 1310 1727 1370 τοὺς
1761 1308 1848 1362 ὑπ’

232 1402 360 1457 αὐτὸν
403 1401 625 1478 ἀστέρας
678 1401 767 1455 καὶ
824 1401 993 1474 μέχρι
1043 1397 1282 1469 σελήνης
1312 1396 1497 1473 αἰθέρα
1520 1396 1699 1469 καλεῖ,
1759 1397 1846 1453 καὶ

232 1492 439 1566 πέμπτον
472 1496 632 1565 σῶμα
655 1490 1038 1562 κατονομάζει.

334 1617 408 1663 ,τι
509 1608 652 1641 ’..,’
729 1602 1281 1647 ,,,’.ρ.“,-“’
1498 1604 1519 1641 .’
1601 1626 1689 1645 ,ρ

341 1621 427 1674 .0.
461 1611 552 1671 Et,
590 1629 787 1671 acum),
811 1606 1045 1668 κδκλω..
1080 1626 1369 1682 οια.ρε.ιται
1404 1604 1431 1659 6
1464 1604 1709 1681 οδραιὸν

284 1710 367 1762 Τὸν
425 1708 650 1783 οὐρανὸν
705 1706 780 1770 εἷς
832 1703 1079 1766 πολλοὺς
1148 1701 1384 1765 κύκλους
1444 1703 1495 1757 οἱ
1554 1701 1846 1781 φιλόσοφοι

1965 523 2193 578 quoque
2225 524 2291 561 ex
2324 506 2533 561 iisdem
2585 512 2852 563 constare
2881 510 3085 565 docet:
3136 515 3363 566 tantum
3388 512 3615 571 differre

1966 594 2025 649 in
2074 612 2161 661 eo,
2197 596 2349 666 quod
2384 612 2627 669 corpora
2658 597 2956 652 terrestria
3006 616 3071 656 ex
3106 600 3498 656 deterioribus
3552 620 3617 658 ac

1963 682 2141 738 veluti
2165 683 2552 739 crassioribus
2578 686 2833 757 etmagis
2866 687 3265 743 materialibus
3298 688 3615 745 elemento-

1966 788 2096 827 rum
2130 772 2395 844 partibus
2428 774 2753 845 composita
2786 774 2923 842 sint,
2980 776 3188 832 cmlum
3231 794 3361 833 vero
3386 795 3451 833 ex
3484 779 3619 833 sub-

1963 869 2260 926 tilioribus
2319 876 2375 926 et
2432 872 2816 927 lucidioribus
2875 874 3269 929 substantiam
3304 874 3611 948 acceperit.

1962 958 2302 1015 Aristoteles
2361 962 2500 1015 dum
2543 961 2749 1027 sumit,
2810 962 3093 1019 elementa
3151 968 3401 1035 quatuor
3458 970 3614 1021 recto

1964 1054 2124 1103 motu
2162 1049 2653 1122 ferri,cmlumque
2687 1050 3063 1118 circulari,ex
3095 1053 3324 1108 diversa
3356 1054 3612 1109 motione

1961 1138 2137 1193 etiam
2179 1139 2467 1195 diversam
2511 1157 2543 1195 a
2583 1145 2839 1211 quatuor
2887 1140 3185 1197 elementis
3215 1142 3609 1199 substantiam

1960 1234 2089 1305 ejus
2118 1236 2771 1309 concludit,ccelumque
2794 1243 2850 1293 et
2880 1238 3073 1293 sidera
3095 1240 3166 1293 ad
3199 1239 3395 1295 lunam
3422 1256 3609 1312 usque

1959 1324 2233 1381 aetherem
2263 1331 2321 1381 et
2352 1326 2623 1398 quintum
2656 1344 2867 1399 corpus
2901 1327 3181 1401 appellat.

2186 1626 2275 1680 89.
2308 1627 2369 1681 In
2398 1630 2527 1697 quot
2557 1628 2787 1683 circulos
2812 1627 3009 1681 malum
3037 1626 3318 1683 dividatur
3346 1628 3373 1683 ?

2030 1723 2247 1779 Ccelum
2283 1724 2457 1780 variis
2496 1725 2731 1781 circulis
2788 1726 3187 1782 distinxerunt
3246 1726 3605 1799 philosophi,

235 1794 547 1872 διῃρήκασιν,
610 1801 681 1850 ὧν
749 1796 965 1871 πρῶτος
1017 1794 1157 1849 ἐστιν
1192 1795 1219 1848 6
1251 1793 1589 1867 ἱσημερινὸς,
1624 1793 1650 1845 6
1686 1793 1846 1864 μέσον

1970 1830 2210 1885 quorum
2243 1814 2470 1886 primus
2503 1821 2593 1871 est
2622 1820 2899 1886 aequatur,
2935 1815 3034 1888 qui
3066 1792 3327 1871 medium
3360 1792 3506 1871 illud
3547 1792 3607 1872 in

234 1885 357 1940 αὐτὸν
404 1886 621 1964 τέμνων
678 1886 767 1939 καὶ
820 1882 1042 1958 διαιρῶν
1102 1884 1168 1937 τά
1216 1882 1368 1937 νότια
1418 1881 1507 1936 καὶ
1537 1882 1603 1934 τά
1638 1882 1844 1956 βόρεια.

1970 1881 2275 1958 australem
2308 1908 2365 1959 et
2420 1881 2930 1976 septentrionalem
2952 1881 2968 1888 ’
2992 1910 3216 1977 partem
3261 1905 3488 1961 dividit.
3524 1905 3607 1960 Ab

236 1975 419 2048 Ἐφεξῆς
477 1972 533 2029 δὲ
588 1974 786 2029 τούτου
841 1974 960 2028 κατ’
1020 1972 1186 2049 ἄμφω
1243 1972 1307 2026 τά
1363 1970 1526 2045 μέρη,
1582 1972 1717 2025 κατὰ
1750 1972 1843 2043 μὶν

1970 1994 2067 2048 hoc
2089 1992 2363 2064 deinceps
2394 2008 2461 2047 ex
2488 1970 2739 2065 utraque
2770 1998 2933 2065 parte
2965 1970 3035 2049 ad
3069 1996 3333 2050 dextram
3367 1994 3608 2067 quidem

230 2064 278 2117 τὸ
319 2062 518 2135 δεξιὸν,
572 2064 779 2136 θερινὸν
853 2061 1057 2117 κύκλον
1129 2060 1218 2116 καὶ
1304 2062 1391 2115 τὸν
1455 2061 1704 2137 ἀρκτικὸν
1761 2082 1846 2115 τι-

1970 2081 2245 2151 ;ιόρὶοιι[η
2280 2083 2544 2138 aestivum
2577 2088 2633 2137 et
2664 2082 2951 2138 circulum
2984 2084 3264 2139 arcticum
3299 2084 3608 2153 collocant,

233 2153 391 2215 θέασιν·
453 2154 587 2209 κατά
634 2152 689 2209 δὲ
736 2154 799 2208 τὸ
859 2152 1159 2229 ἀριστερόν,
1230 2152 1320 2206 τὸν
1374 2152 1552 2205 νότιον
1613 2150 1701 2205 καὶ
1753 2152 1843 2206 τὸν

1970 2171 2027 2225 1d
2053 2170 2605 2242 sinistratropicum
2656 2171 2997 2237 australem,
3027 2172 3432 2245 circulumque
3480 2177 3610 2228 ant-

230 2242 583 2319 ἀνταρκτικὸν.
640 2246 862 2319 Ἕτερον
925 2242 1079 2305 αὖθις
1139 2239 1342 2296 κύκλον
1402 2239 1701 2295 πλάττουσι
1754 2242 1843 2296 τὸν

1970 2259 2261 2315 ιι-οιίοοῐη.
2295 2260 2489 2315 Alium
2524 2261 2738 2316 iterum
2771 2260 3061 2333 effingunt
3114 2262 3396 2318 circulum
3430 2262 3609 2317 meri-

231 2328 569 2409 μεσημϐρινὸν
630 2334 719 2387 τὸν
784 2331 888 2386 ἀπὸ
943 2336 1050 2386 τῶν
1110 2329 1389 2386 ἀνατολῶν
1450 2329 1523 2391 εἷς
1555 2327 1703 2384 δύσιν
1735 2330 1845 2384 κεί-

1970 2349 2319 2417 iianum,ab
2351 2350 2571 2406 oriente
2603 2351 2675 2405 ad
2725 2350 3085 2406 occidentem
3141 2368 3329 2422 usque
3387 2351 3607 2423 pertin-

231 2442 407 2491 μενον,
463 2422 551 2478 καὶ
621 2422 889 2496 τέμνοντα
968 2422 1062 2495 μὲν
1123 2421 1250 2484 τοὺς
1311 2420 1631 2495 εῗρημένους
1690 2420 1847 2475 πέντε

1970 2444 2187 2512 gentem
2220 2460 2232 2508 ;
2260 2446 2425 2512 atque
2449 2448 2672 2496 sextum
2698 2440 2982 2496 circulum
3004 2420 3606 2511 quinquejam‘diclos

227 2510 451 2585 κύκλους,
515 2511 706 2583 ἐπίσης
754 2509 1066 2588 διαιροῦντα
1098 2508 1156 2565 δὲ
1184 2511 1245 2564 τὸ
1304 2509 1436 2582 ἑῷον
1474 2508 1636 2585 μέρος
1664 2510 1754 2563 καὶ
1783 2511 1845 2564 τὸ

1970 2534 2277 2595 secantem,
2338 2530 2805 2601 matutinamque
2856 2545 2921 2584 ac
2951 2529 3343 2601 vespertinam
3382 2533 3607 2601 partem

226 2598 467 2674 ἑσπέριον.
502 2604 694 2658 Ἕκτον
728 2602 1205 2676 προσονομάζουσι
1236 2600 1327 2653 τὸν
1353 2600 1629 2674 ὁρίζοντα,
1656 2599 1724 2652 τὰ
1750 2595 1845 2653 δύο

1970 2619 2256 2691 equaliter
2293 2619 2649 2675 dividentem
2710 2619 3075 2675 horizontem
3138 2620 3257 2675 sive
3317 2619 3607 2674 finitorem

226 2689 529 2769 ἡμισιραίρια
561 2688 972 2746 διαστέλλοντα.
1000 2684 1303 2763 Ἕϐδομον,
1336 2689 1426 2743 τὸν
1453 2685 1844 2762 ζωδιακὸν,ἀρ-

1970 2684 2272 2780 ip-pellant,
2330 2726 2445 2780 quo
2481 2710 2595 2764 duo
2656 2708 3070 2781 hemisphaeria
3102 2709 3561 2781 distinguuntur
3593 2725 3607 2777 ;

226 2778 431 2852 χόμενον
467 2780 569 2834 ἀπὸ
600 2784 694 2835 τοῦ
725 2782 960 2853 θερινοῦ,
995 2778 1083 2834 καὶ
1112 2776 1378 2852 τέμνοντα
1406 2778 1495 2832 τὸν
1534 2775 1844 2853 ἰσημερινὸν

1970 2800 2270 2869 septimum
2300 2800 2551 2869 denique
2582 2800 2883 2856 zodiacum
2917 2798 3291 2871 incipientem
3324 2815 3357 2853 a
3386 2797 3608 2868 tropico

225 2866 297 2921 καὶ
326 2868 554 2946 λήγοντα
584 2870 658 2931 εἷς
688 2870 779 2924 τὸν
807 2870 1011 2925 νότιον.

1970 2888 2173 2955 estivo,
2206 2893 2619 2959 secantemque
2650 2895 3022 2960 aequatorem,
3056 2893 3230 2960 atque
3279 2888 3337 2943 in
3387 2886 3610 2959 tropico

1954 2977 2198 3031 australi
2232 2977 2622 3033 desinentem.

226 3074 275 3146 ρ’.
306 3076 423 3152 Περὶ
455 3080 551 3131 τοῦ
577 3072 906 3153 φαινομένου
939 3072 988 3127 ἐν
1036 3076 1115 3153 τῷ
1160 3070 1845 3153 ούρανῷῌγαλακτοειδοῦς

526 3142 851 3202 κύκλουκαὶ
882 3142 1181 3219 λεγομένου
1213 3142 1499 3216 Γαλαξίου.
1874 3175 1916 3244 C

278 3241 429 3313 Ὀπερ
489 3236 627 3292 ἐστὶν
688 3239 715 3292 ὁ
771 3237 1025 3309 κομήτης
1084 3234 1207 3308 περὶ
1266 3230 1357 3288 ἕνα
1404 3233 1629 3308 ἀστέρα,
1676 3234 1838 3289 τοῦτό

2024 3246 2176 3311 Quod
2209 3251 2435 3301 cometa
2459 3249 2549 3300 est
2579 3244 2638 3299 in
2671 3261 2786 3300 una
2812 3243 3117 3313 stella,hoc
3148 3242 3386 3299 Galaxia
3418 3246 3506 3298 est
3538 3242 3599 3297 in

220 3322 340 3379 ἐστιν
392 3328 417 3380 6
450 3325 708 3399 Γαλαξίας
739 3326 863 3401 περὶ
895 3323 1023 3379 ὅλον
1082 3322 1302 3380 κύκλον.
1338 3325 1399 3380 Ἡ
1430 3323 1530 3399 γάρ
1564 3322 1697 3392 αύτή
1730 3322 1836 3393 ὕλη

1975 3340 2068 3392 oto
2090 3335 2325 3391 circulo.
2360 3336 2573 3391 Eadem
2633 3335 2789 3389 enim
2822 3338 3060 3388 cometas
3094 3337 3151 3389 et
3199 3332 3369 3388 lactei
3401 3330 3606 3389 circuli

216 3415 446 3487 γαλαξίου
503 3416 592 3470 καὶ
649 3417 922 3488 κομήτου,
979 3415 1067 3468 καὶ
1127 3412 1240 3467 ἐπεὶ
1294 3413 1546 3487 μέγιστος
1576 3411 1779 3475 κύκλος
1812 3414 1840 3467 ὁ

1970 3425 2305 3489 Iubstantia,
2326 3442 2390 3480 ac
2421 3426 2559 3495 quia
2584 3424 2876 3478 maximus
2903 3430 2992 3479 est
3022 3422 3284 3478 circulus
3316 3421 3603 3491 Galaxias,

217 3502 450 3573 γαλαξίας
505 3504 725 3578 γίνεται,
790 3502 978 3571 πολλή
1041 3503 1090 3573 ἐξ
1144 3503 1379 3578 ἀνάγκης
1422 3503 1456 3571 ἡ
1490 3498 1671 3574 ἔξαψις
1704 3522 1842 3573 συμ-

1970 3530 2189 3570 ieccsse
2207 3518 2582 3587 estmagnum
2600 3514 2678 3568 ibi
2702 3512 3603 3584 contingereinﬂammationem.

220 3584 391 3649 ϐαίνει.
430 3596 487 3649 ’0
546 3592 604 3647 δὲ
660 3593 864 3656 κύκλος
889 3591 1052 3646 αύτοῦ
1098 3586 1408 3663 συμϐάλλει
1468 3590 1602 3644 κατά
1646 3611 1703 3644 τε
1750 3591 1839 3644 τὸν

1970 3604 2347 3675 ὶιὶὶηεὶῐνοτο
2362 3584 2616 3659 circulus
2647 3604 2758 3659 iste
2782 3600 3606 3674 Sagittarium,Geminosque,

215 3680 421 3750 τρεέτην
476 3683 564 3736 καὶ
610 3682 737 3744 τοὺς
795 3679 1080 3753 διδύμους,
1144 3682 1277 3754 ἅπερ
1311 3678 1369 3733 ἐκ
1400 3677 1694 3754 διαμέτρου
1718 3678 1839 3733 εἶσί.

1970 3694 2054 3766 lui
2088 3711 2117 3749 e
2147 3694 2434 3749 diametro
2469 3694 2579 3748 sibi
2612 3696 3008 3765 opponuntur.
3062 3696 3250 3763 Atque
3291 3695 3354 3746 ut
3382 3689 3605 3757 lectori,

220 3772 309 3821 Καὶ
354 3770 436 3825 ’ἱνα
489 3773 551 3826 τὸ
584 3772 743 3849 σαφὲς
772 3766 875 3845 ἔχῃ
931 3772 957 3825 ὁ
999 3770 1386 3844 ἀναγινώσκων
1421 3768 1543 3843 περί
1573 3789 1631 3823 τε
1660 3770 1843 3841 κομή-

1970 3783 2109 3854 Ῑυοά
2135 3783 2205 3837 de
2236 3787 2461 3838 cometa
2491 3786 2546 3837 et
2604 3781 2841 3837 Galaxia
2900 3780 3038 3847 dixi,
3072 3781 3447 3852 perspicuum
3506 3780 3602 3851 sit,

220 3877 307 3911 του
354 3862 434 3913 καὶ
492 3860 775 3930 Γαλαξίου,
833 3858 1170 3935 γινωσκέτω,
1217 3860 1298 3912 ὅτι
1355 3857 1509 3921 εὐθὺς
1576 3859 1708 3930 μετά
1744 3858 1843 3925 τὴν

1970 3871 2111 3926 norit
2142 3872 2252 3927 sub
2286 3871 2425 3927 luna
2455 3888 2582 3927 esse
2641 3888 2878 3942 corpus,
2920 3887 3034 3925 non
3094 3886 3306 3941 purum
3369 3869 3605 3941 quidem

224 3947 430 4019 σελήνην
486 3956 645 4023 σῶμα
674 3948 841 4017 ἐστὶν,
893 3948 953 4003 οὐ
986 3950 1232 4022 καθαρῶς
1288 3949 1380 4020 μὲν
1412 3951 1538 4019 πῦρ,
1572 3944 1698 4000 ἀλλ’
1730 3949 1843 4000 οἷον

1980 3977 2173 4032 gnem,
2224 3961 2323 4015 sed
2373 3960 2549 4016 veluti
2585 3961 2881 4031 fumigans
2932 3959 3166 4030 aliquod
3227 3964 3609 4030 aptumquea

226 4036 471 4101 καπνῶδες
529 4040 619 4094 καὶ
682 4036 975 4111 δυνάμενον
1040 4038 1145 4093 ὑπὸ
1201 4038 1471 4107 κινήσεως
1534 4034 1847 4112 ἐξαιροῆναι,

1970 4052 2215 4105 motione
2249 4051 2549 4105 flammam
2583 4050 2909 4119 concipere.
2962 4048 3203 4111 Quando
3235 4047 3414 4119 igitur
3472 4063 3607 4119 pars

226 4126 331 4179 ὅταν
483 4130 758 4198 κινηθέντι
813 4129 976 4201 μέρος
1022 4131 1119 4181 τοῦ
1152 4124 1566 4198 ὑπεκκαύματος
1622 4124 1846 4200 ἐξαφθῇ,

1970 4140 2182 4210 agitata
2231 4139 2449 4195 fomitis
2472 4139 2631 4193 illius
2648 4136 3372 4208 succenditur,ineiditque
3398 4136 3455 4191 in
3483 4153 3606 4208 par-

224 4216 302 4267 καὶ
351 4217 563 4291 ἐμπέσοι
616 4218 693 4280 εἷς
728 4218 957 4291 μερικὴν
988 4220 1221 4292 παχεῖαν
1278 4213 1414 4284 ὕλην
1445 4215 1537 4269 καὶ
1569 4213 1849 4295 ἐπισταίη,

1970 4230 2266 4283 ticularem
2300 4228 2605 4283 materiam
2640 4242 2899 4281 crassam
2933 4240 3182 4294 eamque
3211 4224 3607 4295 accenilit,fco-

227 4311 348 4358 ποιεῖ
394 4310 663 4381 κομήτην
728 4308 853 4361 ὅταν
910 4304 966 4360 δὲ
1023 4305 1097 4366 εἷς
1158 4304 1286 4359 ὅλον
1318 4303 1523 4359 κύκλον
1572 4300 1850 4379 διενεχθῇ,

1970 4321 2180 4372 metam
2207 4317 2345 4371 facit
2379 4342 2392 4383 ;
2425 4316 2658 4387 quando
2679 4320 2871 4369 autem
2898 4331 2998 4384 per
3027 4319 3207 4368 totum
3230 4312 3480 4369 infertur
3500 4313 3609 4367 cir-

230 4400 351 4448 ποιεῖ
398 4399 481 4451 τὸν
538 4396 826 4468 Γαλαξίαν.
888 4394 1143 4450 Φαίνεται
1202 4391 1259 4447 δὲ
1310 4393 1527 4459 λευκὸς,
1561 4390 1699 4447 διότι
1736 4395 1850 4447 οἷον

1970 4406 2185 4471 culum,
2249 4405 2384 4461 facit
2441 4405 2765 4471 Galaxiam,
2816 4404 2919 4474 qui
2975 4403 3265 4458 candidus
3317 4407 3604 4475 apparet;

231 4480 531 4561 ἐξαφρίζεται
588 4486 692 4539 ὑπὸ
766 4492 868 4554 τῆς
923 4486 1185 4555 κινήσεως
1248 4485 1309 4537 τὸ
1379 4481 1701 4556 ὑπέκκαυμα
1760 4479 1850 4535 καὶ

1970 4496 2243 4568 quoniam
2279 4512 2311 4550 a
2344 4494 2600 4549 motione
2634 4494 2814 4549 fomes
2837 4492 2933 4547 ille
2965 4492 3141 4547 veluti
3174 4497 3433 4564 spumat,
3467 4491 3609 4548 albi-

234 4568 662 4630 ὑπολευκαίνεται.

1970 4590 2183 4656 :utque.

2151 4674 2239 4729 91.
2276 4674 2351 4729 De
2383 4672 2513 4728 visis
2534 4672 2701 4727 variis
2740 4673 2799 4725 in
2828 4671 2959 4725 calo
2990 4671 3408 4741 apparentibus.

2105 3084 2194 3137 90.
2221 3085 2294 3139 De
2314 3082 2525 3139 circulo
2560 3082 2733 3139 (acleo
2764 3085 2823 3139 in
2855 3082 3008 3150 caelo,
3032 3083 3146 3138 sive
3170 3081 3431 3137 Galaxia.

236 4679 313 4747 ρι’.
343 4682 456 4755 Περὶ
485 4686 591 4736 τῶν
625 4679 964 4759 φαινομένων
1007 4678 1058 4733 ἐν
1090 4682 1168 4759 τῷ
1199 4677 1407 4751 ούρανῷ
1437 4675 1712 4755 διαφόρων
1746 4698 1846 4732 πυ-

763 4751 841 4827 ρίν
851 4775 923 4807 ων
957 4751 1274 4829 φασμάτων.

289 4837 761 4916 Ἐκφ>.ογ>·ύμενον,
794 4841 868 4904 ὡς
909 4840 1225 4916 εἰρήκαμεν,
1284 4838 1347 4893 τὸ
1401 4838 1739 4911 ὑπέκκαυμα,
1800 4835 1848 4891 εἴ

2028 4840 2358 4890 Succensus
2390 4838 2452 4888 ut
2479 4833 2595 4887 dixi
2621 4832 3068 4903 fomes,quando
3099 4832 3154 4885 in
3179 4831 3419 4903 longum
3436 4834 3607 4889 modo

304 4861 761 4916 ικφωιιυμενον,
794 4864 868 4904 ως
909 4861 1225 4916 ειρηκαμεν,
1284 4861 1347 4893 το
1401 4861 1739 4911 υπεκκαυμα,
1800 4861 1845 4891 ει

236 4861 711 5005 mixta/piam;
774 4929 940 5003 μόνον
1012 4928 1237 5007 ἐξαφθῇ,
1294 4927 1384 4981 καὶ
1442 4929 1647 5000 ποιήσῃ
1709 4927 1848 4981 ἀπο-

2028 4861 2358 4890 Πυυυευδυδ
2392 4861 2452 4888 Ub
2479 4861 2595 4887 [ιιλι
2621 4861 3068 4903 ιυιυυδμμιαυυυ
3100 4861 3154 4885 Ill
3180 4861 3607 4903 ιυυὸυιιιιυυυυ

1970 4925 2259 4979 ﬂammam
2285 4920 3227 4993 concipit,emittitqueigniculos,
3263 4923 3607 4995 fiuntcapraa

238 5018 664 5093 σπινθηρισμοὺς,
726 5021 779 5073 αἱ
839 5016 1134 5094 λεγόμεναι
1196 5019 1337 5092 αἶγες
1392 5016 1648 5091 γίνονται,
1704 5014 1847 5089 μαλ-

1970 5030 2107 5084 quas
2141 5016 2371 5079 vocant,
2404 5010 2559 5065 villis
2586 5011 2740 5066 enim
2759 5010 3227 5079 dependentibus
3260 5009 3341 5063 illi
3365 5010 3607 5081 igniculi

237 5095 330 5165 λοῖς
393 5108 487 5183 γάρ
568 5108 887 5185 ἐκκρεμέσιν
970 5108 1020 5161 οἱ
1099 5105 1600 5181 ἀποσπινθηρισμοὶ
1676 5104 1850 5159 ἐοίκα-

1970 5119 2075 5157 non
2096 5101 2410 5157 dissimiles
2425 5100 2648 5156 sunt.Si
2668 5116 2796 5154 vero
2816 5100 2871 5154 in
2886 5098 3126 5169 longum
3141 5114 3461 5154 succensus
3476 5098 3606 5155 nul-

237 5208 316 5249 τιν.
354 5196 411 5249 Εἴ
463 5195 517 5252 δὲ
572 5200 638 5253 ού
697 5200 904 5270 ποιήσῃ
934 5195 1438 5270 ἀποσπινθηρισμὸν
1479 5194 1541 5249 τὸ
1572 5194 1706 5248 κατά
1740 5201 1846 5267 μῆ-

1970 5194 2046 5247 las
2063 5190 2513 5247 scintillationes
2527 5189 2774 5256 emittat,
2793 5208 2823 5245 a
2839 5190 3025 5259 figura
3040 5186 3335 5259 appellant
3356 5189 3604 5245 trabem.

232 5298 312 5343 κος
365 5282 595 5362 ἰξαςιθεν,
632 5284 798 5349 δαλὸς
832 5285 922 5340 διὰ
950 5286 1012 5340 τὸ
1070 5292 1264 5360 σχῆμα
1293 5286 1746 5357 κατονομάζεται.
1780 5283 1848 5340 Οἱ

1970 5284 2029 5335 At
2050 5297 2176 5352 qua:
2211 5280 2417 5334 cadere
2484 5278 2759 5333 videntur
2815 5278 3021 5343 stellae,
3055 5278 3454 5334 discurrentes
3486 5278 3606 5335 Ari-

232 5363 277 5422 δὲ
328 5375 629 5449 φαινόμενοι
685 5377 975 5438 πίπτοντες
1034 5373 1247 5446 ἀστέρες
1283 5418 1297 5442 ,
1355 5372 1448 5435 οὕς
1536 5370 1847 5434 διάττοντας

1970 5370 2197 5426 stoteles
2221 5372 2404 5436 vocat,
2441 5385 2641 5425 semen
2675 5367 2735 5422 in
2765 5384 2826 5423 se
2861 5366 3014 5439 ignis
3056 5365 3295 5437 habent,
3324 5384 3608 5427 succenso

230 5456 251 5509 ὃ
299 5464 663 5536 Ἀριστοτέλης
714 5464 893 5535 καλεῖ,
955 5462 1169 5539 σπέρμα
1219 5460 1328 5515 ἐστῖ
1388 5460 1848 5537 πυρὸς,έξαιροεί-

1970 5476 2028 5514 ex
2058 5464 2220 5529 parte
2254 5457 2534 5529 fuligineo
2566 5474 2801 5529 vapore,
2836 5462 2891 5512 et
2924 5457 3059 5511 dum
3118 5461 3386 5529 augetur,
3418 5462 3609 5513 trans-

230 5564 313 5616 σης
363 5553 488 5607 κατά
542 5576 593 5609 τι
658 5554 823 5631 μέρος
878 5560 978 5622 τῆς
1029 5547 1350 5612 καπνώδους
1415 5548 1848 5623 ἀναθυμιάσεως,

1970 5565 2186 5604 versam
2221 5547 2470 5602 faciente
2496 5547 2834 5602 motionem.
2860 5545 3146 5616 Obliquus
3179 5550 3376 5601 autem
3411 5551 3606 5601 motus

225 5633 301 5688 καὶ
356 5641 483 5696 κατά
533 5640 774 5698 διάδοσιν
806 5686 821 5716 ,
879 5640 1114 5718 πλαγίαν
1171 5638 1549 5713 ποιησαμένης
1598 5636 1847 5709 κίνησιν·

1970 5636 2024 5691 lit
2056 5640 2294 5707 propter
2325 5634 2499 5689 aliam
2532 5633 3036 5704 causam,quando
3059 5631 3339 5688 nimirum
3374 5632 3606 5703 refrige-
