4032 6202
391 278 509 338 743

1732 266 2149 328 MICHAELIS
2195 270 2464 337 PSELLI

3687 279 3807 339 7H

393 409 612 465 ratione
642 403 1183 475 trudente,ob1iqua
1204 403 1392 477 ﬁgura
1423 400 1858 457 redditur.Cum
1884 400 2037 455 enim

2159 404 2294 473 Δοξή
2356 402 2412 460 δὲ
2462 407 2667 481 γίνεται
2724 410 2759 478 ἡ
2828 406 3041 478 κίνησις
3095 404 3165 463 δι’
3209 406 3384 464 αίτίαν
3414 408 3621 481 ὶτὲραν,
3681 411 3808 465 ὅταν

391 515 564 553 omne
590 498 840 567 desuper
867 494 1151 549 emissum
1185 490 1462 545 inferiora
1492 493 1671 559 petat,
1696 488 1850 559 ignis
1906 504 2040 543 vero

388 592 601 643 natura
622 586 834 641 habeat
855 592 916 639 ut
945 583 1147 637 tendat
1181 596 1435 647 sursum,
1464 577 1766 650 pressione
1800 580 2042 649 cogente

388 677 460 732 ad
492 676 770 731 inferiora
796 672 1052 736 tendere,
1110 675 1167 725 et
1220 673 1430 723 natura
1481 667 1746 723 vicissim
1801 670 2043 738 cogente

389 782 625 821 sursum
651 762 1086 830 eniti,nascitur
1109 758 1283 813 mista
1305 758 1568 827 quaedam
1602 756 1775 811 veluti
1810 760 1867 810 et
1896 754 2041 809 obli-

393 872 510 927 qua
542 854 747 909 motio.

389 1050 478 1105 92.
516 1054 593 1105 De
621 1047 1020 1120 apparentibus
1052 1045 1109 1170 ig:
1124 1042 1743 1170 heretlQbsanguinolentz's
1772 1039 2041 1095 coloribus

1042 1132 1072 1170 e
1161 1132 1215 1170 ια
1243 1133 1259 1169 ι
1302 1132 1383 1169 us.

1042 1132 1091 1171 ει
1124 1132 1383 1170 mancus.

460 1208 911 1281 Sanguinolenti
971 1205 1195 1261 colores
1250 1205 1308 1259 in
1367 1203 1511 1258 coelo
1571 1200 2040 1272 conspiciuntur,

389 1301 623 1369 quando
656 1300 843 1354 nubes
875 1298 1044 1368 nigra
1074 1296 1143 1349 ad
1196 1295 1347 1349 latus
1378 1293 1698 1364 splendida;
1736 1291 1910 1345 nubis
1940 1306 2042 1344 ex-

389 1388 739 1457 stiterit,nec
770 1387 969 1442 minus
1002 1384 1403 1457 quandoint’ra
1420 1381 1789 1453 splendidam
1825 1380 2038 1434 nubem

389 1479 577 1533 nubes
610 1477 904 1550 nigricans
936 1474 1331 1545 colligitur.Ac
1356 1488 1490 1527 cum
1522 1470 1758 1541 quidem
1783 1470 1851 1524 ad
1887 1468 2041 1522 latus

388 1570 681 1632 consistit,
714 1574 855 1623 tunc
886 1567 1077 1621 visum
1110 1564 1249 1618 illud
1282 1562 1568 1634 contingit
1618 1577 1722 1633 per
1750 1559 2042 1615 retractio-

389 1675 523 1713 nem
557 1656 1093 1712 radiorum.Hiatus
1118 1670 1247 1709 vero
1271 1652 1389 1707 sive
1412 1651 1713 1706 chasmata
1736 1652 2041 1720 apparent,

389 1748 624 1819 quando
658 1746 819 1816 nigra
842 1744 1268 1817 splendidaque
1291 1743 1478 1797 nubes
1497 1741 1698 1795 eadem
1733 1738 2039 1809 superﬁcie

388 1835 513 1890 cceli
544 1834 986 1899 consistunt,ita
1018 1836 1081 1887 ut
1112 1832 1278 1902 nigra
1311 1829 1558 1885 interius
1588 1826 2040 1898 stel,splandida

389 1925 663 1979 exterius.
698 1925 862 1978 Tunc
894 1922 1109 1995 quippe
1152 1921 1317 1975 visus
1349 1924 1545 1975 noster
1574 1916 1885 1989 splendida
1910 1932 2036 1969 ma-

387 2014 477 2085 gis
509 2017 829 2084 occupatus
858 2012 1201 2083 nigramque
1234 2008 1459 2063 tardius
1510 2005 2036 2077 comprehendens,

385 2102 617 2156 videtur
649 2101 759 2156 sibi
795 2100 1014 2154 hiatum
1048 2098 1419 2168 videre,quod
1442 2094 2034 2167 perimaginationem

386 2208 418 2247 θ.
450 2190 616 2261 nigro
650 2188 841 2245 colore
874 2189 1166 2257 objectam
1195 2188 1429 2241 accidit.

552 2296 641 2350 93.
682 2299 761 2349 De
788 2294 1174 2363 magnitudine
1221 2294 1375 2361 solis,
1411 2293 1563 2349 (una?
1592 2294 1645 2346 et
1676 2296 1855 2347 terrzr.

455 2384 552 2440 Sol
585 2385 655 2439 ad
685 2388 898 2440 terram
933 2401 1002 2439 ex
1032 2382 1355 2438 Aristarchi
1391 2382 1468 2436 rei
1520 2381 1924 2437 astronomicaa
1946 2396 2038 2452 pe-

386 2473 656 2529 ritissimi
691 2473 981 2529 sententia
1014 2473 1289 2543 majorem
1318 2470 1597 2526 rationem
1632 2470 1831 2534 habet,
1858 2486 2035 2540 quam

387 2564 574 2619 sexies
601 2562 1129 2634 mille,octingenta
1160 2559 1787 2632 etundesexaginta'ad
1809 2563 2034 2629 septem

391 2656 447 2708 et
476 2651 704 2723 viginti.
744 2652 1147 2723 Diameterque
1206 2649 1347 2706 solis
1380 2650 1449 2704 ad
1485 2653 1649 2703 terrm
1684 2647 2035 2703 diametrum

388 2742 671 2813 majorem
706 2740 880 2795 habet
910 2741 1191 2795 rationem
1220 2755 1393 2811 quam
1428 2737 1789 2809 undeviginti
1814 2737 1881 2791 ad
1902 2736 2033 2792 tria.

386 2834 674 2885 Praeterea
705 2830 991 2884 diameter
1013 2829 1151 2883 solis
1174 2828 1458 2882 diametro
1490 2826 1642 2881 lunze
1675 2826 1860 2896 major
1884 2824 2037 2897 plus-

387 2936 566 2991 quam
609 2918 1010 2991 duodeviginti
1041 2918 1287 2973 vicibus.
1315 2919 1383 2972 Et
1406 2916 1490 2972 sol
1532 2917 1600 2971 ad
1634 2915 1833 2970 lunam
1860 2914 2037 2985 majo-

388 3024 511 3063 rem
544 3008 723 3063 habet
754 3007 1037 3062 rationem
1092 3022 1266 3078 quam
1293 3004 1608 3077 quinquies
1636 3004 1814 3075 mille,
1849 3004 2034 3058 octin-

389 3101 563 3170 genta
593 3101 650 3152 et
679 3097 914 3167 triginta
941 3097 1056 3151 duo
1081 3097 1151 3150 ad
1178 3096 1520 3150 unumHaac
1547 3112 1659 3149 non
1689 3092 2036 3166 simpliciter

388 3187 467 3241 ila
499 3193 550 3241 et
582 3186 707 3241 sine
737 3186 1233 3241 demonstratione
1255 3186 1410 3256 apud
1460 3184 1782 3255 astrologos
1832 3199 2034 3255 propo-

390 3279 636 3341 nuntur,
671 3276 769 3330 sed
822 3275 1189 3347 geometricis
1220 3279 1275 3328 et
1295 3273 1640 3329 certissimis
1670 3274 2037 3328 demenstra-

388 3365 652 3421 tionibus
675 3365 1042 3434 conﬁrmata,
1067 3365 1138 3419 de
1168 3364 1385 3435 quibus
1406 3363 1596 3419 dicere
1628 3379 1739 3418 non
1773 3361 2042 3417 locusest

389 3455 449 3510 in
493 3458 760 3527 praesenti
799 3482 812 3524 ;
851 3458 1047 3527 itaque
1098 3456 1223 3519 tibi,
1287 3456 1605 3526 imperator
1651 3454 2038 3522 divinissime,

389 3548 819 3617 propositiones
859 3547 1175 3616 hascejam
1202 3545 1329 3599 sine
1359 3543 1857 3600 demonstratione
1890 3541 2040 3598 acci-

388 3651 524 3706 pere
555 3636 699 3691 satis
728 3635 926 3703 t‘uerit,
960 3634 1490 3689 demonstrationes
1523 3638 1716 3689 autem
1750 3632 1862 3688 alio
1890 3638 2039 3687 tcm-

390 3739 527 3794 pore
558 3741 592 3778 a
622 3741 714 3778 me
747 3725 1032 3795 requires.

906 3813 996 3865 94.
1026 3814 1099 3868 De
1128 3812 1324 3883 cclipsi
1344 3810 1502 3867 solis.

472 3901 709 3972 Proprie
741 3900 903 3955 nulla
924 3905 1013 3955 est
1045 3901 1182 3956 solis
1214 3900 1474 3972 eclipsis,
1508 3915 1693 3971 neque
1733 3901 1888 3959 enim
1925 3917 2039 3955 un-

390 4010 563 4067 quam
595 3990 737 4047 solis
770 3989 965 4044 lumen
1001 3990 1371 4058 obscuratur,
1405 3990 1504 4044 sed
1532 3989 1702 4044 modo
1735 3989 1903 4044 nobis
1947 4006 2038 4044 oc-

391 4079 740 4140 cultatur.ld
773 4095 904 4133 vero
932 4077 1163 4145 accidit,
1187 4079 1423 4145 quando
1458 4078 1514 4132 in
1551 4078 1719 4133 nodis
1752 4077 2038 4148 eclipticis

392 4173 531 4228 luna
562 4167 1125 4244 perpendiculariter
1155 4168 1306 4223 infra
1341 4168 1519 4223 solem
1575 4172 1856 4223 versatur.
1893 4172 2034 4223 Cum

389 4264 545 4319 enim
578 4260 717 4315 luna
748 4258 900 4314 infra
940 4275 1047 4314 nos
1080 4257 1287 4326 simus,
1319 4257 1420 4312 illa
1464 4257 1651 4313 oculis
1685 4257 1902 4313 nostris
1942 4257 2036 4312 lu-

390 4369 522 4408 men
547 4349 683 4407 solis
714 4348 965 4404 occultat
997 4364 1060 4402 ac
1080 4347 1353 4402 subducit
1378 4347 1658 4402 Caeterum
1693 4347 2034 4417 astronomi,

387 4458 601 4513 corpus
632 4438 785 4495 lunae
809 4436 1117 4493 duodecim
1151 4437 1351 4509 digitis
1386 4428 1818 4506 mensurantes,
1853 4436 2035 4490 inter-

2157 489 2467 565 ὑποψύξεως
2498 495 2750 567 ὡθοῦσης
2778 498 2840 551 τὸ
2898 504 3092 573 σχῆμα
3147 499 3392 572 γένηται.
3431 496 3651 566 Ἐπειδὴ
3702 500 3813 574 γὰρ

2150 585 2253 633 πᾶν
2312 582 2374 636 τὸ
2431 583 2626 640 ἄνωθεν
2688 588 3107 658 ἀκοντιζόμενον
3168 589 3315 640 κάτω
3351 588 3592 664 φέρεται,
3651 587 3812 661 φύσει

2153 664 2210 721 δὲ
2258 663 2299 722 ἔκ
2470 673 2481 687 ι
2578 672 2604 706 τ
2718 675 2731 691 ι
2812 672 2836 692 ν
3064 676 3076 691 ς
3227 675 3238 695 ι
3365 663 3370 664 ⁷
3458 683 3483 692 -

2287 689 2373 744 χει
2429 694 2491 727 το
2536 694 2641 749 παρ
2672 696 2769 742 την
2803 696 2913 729 ανω
2945 695 3113 749 φοραν
3148 672 3387 744 διωκειν,
3416 696 3517 745 της
3551 676 3643 748 μὶν
3682 674 3812 739 θλί-

2153 759 2296 830 ψεως
2356 759 2442 815 ἐπὶ
2507 763 2574 817 τὰ
2647 764 2792 819 κάτω
2874 763 3207 840 βιαζομένης
3265 764 3534 842 φέρεσθαι,
3589 771 3690 833 τῆς
3754 762 3813 819 δὲ

2153 845 2363 921 φύσεως
2418 848 2505 905 ἐπὶ
2564 852 2629 906 τά
2688 850 2797 906 ἅνω
2853 852 3304 927 ἀναγκαζούσης,
3364 855 3477 907 οἷον
3528 853 3672 926 μίξις
3725 874 3812 915 τις

2153 936 2355 1010 γίνεται
2388 940 2476 993 καὶ
2510 938 2642 1011 λοξὴ
2676 944 2711 1011 ἡ
2743 941 2975 1012 κίνησις.

2154 1027 2238 1101 ρβ¹
2267 1029 2397 1102 Περὶ
2427 1018 2533 1085 τῶν
2567 1032 2910 1108 φαινομένων
2941 1030 2993 1086 ἐν
3025 1037 3106 1104 τῷ
3136 1032 3349 1107 οὐρανῷ
3372 1032 3687 1107 χρωμάτων
3723 1034 3809 1087 αἱ·

2610 1119 2876 1194 ματωδῶν
2910 1122 2997 1176 καὶ
3035 1122 3334 1197 χασμάτων
3345 1166 3355 1178 .

2226 1209 2515 1265 Φαίνονται
2565 1208 2854 1284 αἱματώδη
2889 1212 3162 1286 χρώματα
3194 1209 3352 1281 δῆθεν
3384 1210 3433 1267 ἒν
3462 1217 3543 1284 τῷ
3566 1211 3806 1286 οὐρανῷ,

2152 1296 2276 1352 ὅταν
2314 1294 2475 1372 μέγαν
2525 1298 2685 1377 νέφος
2736 1299 2812 1361 εἷς
2863 1300 2931 1353 τὰ
2981 1297 3186 1374 πλάγια
3235 1306 3334 1355 τοῦ
3376 1298 3636 1377 λαμπροῦ
3678 1323 3807 1377 τυγ-

2151 1388 2313 1461 χάνῃ·
2368 1389 2456 1442 καὶ
2492 1386 2654 1442 πάλιν
2703 1386 2828 1442 ὅταν
2860 1386 3015 1465 νέφος
3047 1388 3393 1464 μελάγχρουν
3421 1391 3677 1444 ὑποκάτω
3708 1394 3807 1444 τοῦ

2152 1476 2410 1549 λαμπροῦ
2442 1475 2761 1552 συναχθείη.
2796 1476 2950 1533 Ἀλλ’
2984 1477 3029 1531 εἷ
3067 1479 3161 1549 μὲν
3192 1478 3266 1540 εἰς
3293 1478 3359 1533 τὰ
3387 1477 3592 1553 πλάγια
3623 1476 3711 1548 εἴη
3744 1480 3807 1534 τὸ

2148 1566 2332 1642 νέφος,
2363 1564 2485 1619 τότε
2505 1563 2571 1635 δὴ
2612 1565 2749 1620 κατᾶ
2780 1562 3062 1621 διάκλεισιν
3123 1565 3303 1641 αὖγῶν
3335 1567 3536 1642 γίνεται
3597 1569 3633 1637 ἡ
3668 1566 3803 1643 ὅρα-

2150 1676 2252 1716 σις.
2296 1654 2555 1728 Χάσματα
2588 1652 2645 1709 δὲ
2676 1654 2942 1732 φαίνεται,
2975 1654 3100 1709 ὅταν
3131 1656 3192 1710 τὸ
3229 1654 3395 1727 μέλαν
3426 1658 3588 1733 νέφος
3618 1657 3799 1711 καὶτὸ

2069 1775 2119 1842 Β
2152 1743 2403 1818 λαμπρὸν
2464 1742 2515 1797 ἐν
2574 1748 2652 1814 τῷ
2682 1743 2827 1816 αὐτῴ
2886 1745 3014 1798 ὦσιν
3045 1743 3305 1817 ἐπιπέδῳ,
3346 1744 3525 1800 καὶτὸ
3559 1748 3656 1819 μὲν
3713 1746 3804 1818 μὲ-

2150 1832 2246 1887 λαν
2297 1827 2401 1886 ἔσω
2433 1833 2789 1902 συνειστήκει,
2838 1833 2901 1887 τὸ
2954 1830 3010 1887 δὲ
3044 1830 3299 1908 λαμπρὸν
3343 1833 3462 1904 ἔξω.
3496 1839 3803 1903 Τηνικαῦτα

2148 1918 2269 1990 δὲὴ
2328 1918 2452 1994 ὄψις
2506 1925 2603 1975 τοῦ
2664 1922 2758 1992 μὲν
2820 1920 3079 1996 λαμπροῦ
3122 1920 3335 1995 μᾶλλον
3395 1918 3799 1996 ἀντιλαμϐανο-

2149 2008 2307 2082 μένη,
2365 2014 2465 2064 τοῦ
2497 2007 2554 2064 δὲ
2596 2008 2832 2081 μέλανος
2868 2007 3215 2086 βραδύτερον,
3249 2013 3437 2087 χάσμα
3468 2008 3622 2066 δοκεῖ
3651 2012 3799 2086 ὁρᾷ-δ,

2146 2098 2277 2174 ὅπερ
2308 2100 2453 2174 παρὰ
2479 2100 2577 2167 τήν
2629 2099 2916 2177 φαντασίαν
2965 2104 3062 2154 τοῦ
3114 2100 3346 2173 μέλανος
3373 2100 3676 2176 χρώματος
3708 2100 3801 2175 γί-

2146 2209 2311 2245 νεται.

2271 2296 2367 2370 ργ’.
2398 2294 2525 2369 Περῖ
2558 2296 2813 2371 μεγέθους
2854 2295 3017 2366 ἡλίου
3047 2295 3135 2350 καὶ
3168 2294 3405 2367 σελήνης
3428 2296 3516 2350 καὶ
3550 2303 3676 2371 γῆς.

2216 2385 2272 2438 '0
2324 2384 2486 2454 ἥλιος
2516 2384 2650 2460 πρὸς
2705 2386 2803 2454 τὴν
2860 2387 2960 2461 γῆν
3010 2386 3145 2440 κατὰ
3195 2385 3286 2439 τὸν
3318 2384 3802 2459 ἆστρονομικὼταο

2143 2495 2235 2528 τον
2295 2474 2679 2548 Ἀρίσταρχον,
2716 2471 2936 2545 μείζονα
2966 2470 3129 2548 λόγον
3184 2469 3302 2548 ἔχει
3332 2473 3365 2542 ἢ
3401 2472 3461 2527 δν
3488 2473 3555 2526 τά
3588 2472 3800 2542 ἰξακσ-

2145 2562 2305 2639 χίλια
2363 2562 2652 2617 ὀκτακόσια
2707 2564 3044 2633 πεντήκοντα
3102 2560 3288 2629 ἐννέα,
3349 2563 3488 2635 πρὸς
3540 2562 3607 2616 τά
3668 2560 3804 2616 ἐπτᾶ

2144 2653 2233 2708 καὶ
2282 2648 2472 2708 εἷ’κοσι.
2523 2652 2586 2707 Ἠ
2616 2648 2671 2704 δὲ
2704 2648 2993 2727 διάμετρος
3026 2650 3188 2706 αὐτοῦ
3238 2653 3374 2724 πρὸς
3403 2659 3504 2721 τῆς
3533 2658 3637 2727 γῆς
3683 2648 3802 2705 διά-

2150 2763 2368 2817 μετρον,
2418 2742 2636 2814 μείζονα
2683 2741 2843 2817 λόγον
2899 2740 3037 2816 ἔχει,
3098 2742 3133 2811 ἤ
3168 2740 3225 2796 ὅν
3256 2742 3321 2796 τὰ
3353 2739 3635 2797 δεκαεννέα
3666 2742 3804 2816 πρὸς

2143 2831 2209 2885 τὰ
2254 2829 2397 2905 τρία.
2442 2830 2539 2884 Καὶ
2590 2829 2741 2894 αὖθις
2787 2833 2821 2899 ἡ
2882 2835 2979 2884 τοῦ
3031 2830 3195 2900 ἡλίου
3227 2828 3517 2904 διάμετρος
3546 2832 3646 2898 τῆς
3680 2827 3799 2883 δια-

2150 2919 2347 2994 μέτρου
2396 2926 2493 2988 τῆς
2536 2918 2796 2989 σελήνης,
2846 2921 3047 2991 μείζων
3104 2918 3243 2974 ἐστὶν
3301 2918 3336 2987 ἢ
3401 2916 3805 2974 ὀκτωκαιδεκαο

2145 3007 2415 3066 πλασίων.
2476 3010 2581 3064 Καὶ
2639 3008 2803 3064 πάλιν
2839 3011 2866 3063 ὁ
2898 3008 3058 3077 ἥλιος
3106 3010 3242 3084 πρὸς
3274 3010 3372 3076 τὴν
3404 3007 3643 3077 σελήνην
3681 3007 3806 3078 μεί-

2151 3104 2276 3168 ζονα
2335 3097 2500 3174 λόγον
2552 3092 2689 3175 ἔχει,
2752 3100 2786 3169 ἢ
2820 3099 2876 3153 ’ὸν
2910 3098 2975 3153 τά
3033 3097 3211 3173 ,εωλξῖ
3260 3100 3396 3173 πρὸς
3422 3094 3501 3153 ἓν.
3533 3100 3715 3154 Ταῦτα
3747 3092 3809 3150 δέ.

2149 3188 2254 3262 οὐχ
2335 3186 2524 3249 ἁπλῶς
2602 3185 2772 3248 οὕτως
2843 3186 2933 3241 καὶ
3006 3184 3407 3248 ἀναποδείκτως
3480 3187 3629 3259 παρά
3686 3190 3807 3246 τοῖς

2150 3274 2508 3353 ἀστρολόγοις
2565 3276 2941 3351 προτείνεται,
3022 3275 3165 3331 ἀλλᾶ
3227 3277 3359 3349 μετᾶ
3415 3280 3805 3349 γεωμετρικῶν

2148 3366 2236 3420 καὶ
2295 3365 2751 3442 ἀναντιρῥητικῶν
2802 3363 3150 3436 ἀποδείξεων.
3214 3366 3342 3438 Περί
3393 3366 3467 3418 ὧν
3501 3365 3566 3419 οὐ
3613 3364 3806 3439 καιρὸς

2149 3460 2234 3508 νῦν
2295 3453 2491 3530 λέγειν,
2544 3452 2689 3509 ἀλλά
2748 3454 2832 3525 τὺ,
2892 3455 3130 3508 θειότατε
3166 3452 3411 3527 βασιλεῦ,
3455 3454 3522 3507 τά
3553 3448 3807 3527 προϐλή.

2154 3565 2294 3616 ματα
2350 3542 2750 3606 ἀναποδείκτως
2800 3564 2857 3598 τε
2913 3544 2986 3607 ὡς
3038 3542 3343 3617 δεξάμενος,
3375 3542 3470 3604 τὰς
3500 3539 3809 3615 ἀποδείξεις

2149 3632 2366 3710 ὕστερον
2395 3632 2636 3705 ἐπιζήτει
2673 3654 2757 3704 με.

2563 3809 2659 3887 ρδ’.
2693 3812 2823 3888 Περὶ
2854 3808 3148 3885 ἐκλείψεως
3178 3809 3364 3881 ἡλίου.

2220 3901 2295 3959 Οὐ
2327 3904 2531 3977 κυρίως
2566 3895 2807 3974 ἔκλειψις
2857 3898 2944 3955 ἐπὶ
2972 3904 3069 3954 τοῦ
3125 3898 3284 3969 ἡλίου
3308 3897 3530 3973 γίνεται.
3568 3899 3649 3956 Οὐ
3706 3900 3810 3974 γάρ

2148 3988 2387 4044 ἐκλείπει
2442 3990 2572 4044 ποτὲ
2622 3990 2683 4043 τὸ
2742 3987 2974 4059 ἡλιακὸν
3028 3993 3184 4058 φῶς,
3247 3986 3380 4043 ἀλλ’
3425 3986 3810 4059 ἐπισκότησις,

2146 4080 2542 4134 Ἐπισκοτεῖται
2623 4076 2700 4150 δὲ,
2775 4078 2899 4133 ὅταν
2974 4077 3027 4134 ἐν
3085 4086 3201 4141 τοῖς
3257 4076 3633 4143 ἐκλειπτικοῖς
3693 4101 3810 4134 συν-

2149 4165 2371 4240 δέσμοις
2417 4167 2552 4222 κατὰ
2602 4168 2826 4231 κάθετον
2874 4168 3021 4239 αὐτῷ
3071 4170 3105 4237 ἡ
3158 4165 3363 4238 σελήνη
3393 4168 3645 4243 γένηται.
3679 4168 3815 4223 Ὑπὸ

2145 4257 2347 4327 ταύτην
2395 4256 2494 4333 γάρ
2549 4255 2843 4311 οἴκοῦντων
2888 4259 3070 4330 ἡμῶν,
3134 4255 3427 4326 ἐπισκιάζει
3467 4261 3585 4319 τοῖς
3616 4256 3815 4331 ὄμμα-

2147 4367 2226 4399 σιν
2287 4348 2445 4418 ἡμῶν
2476 4345 2537 4399 τὸ
2570 4344 2799 4415 ἡλιακὸν
2824 4350 2959 4420 φῶς.
2994 4344 3144 4415 ΙΙλὴν
3179 4342 3390 4400 δώδεκα
3415 4342 3719 4408 δακτύλοις
3751 4347 3814 4401 τὸ

2147 4442 2304 4508 σῶμα
2375 4441 2474 4503 τῆς
2540 4432 2779 4505 σελήνης
2844 4431 3270 4511 διαμετροῦντος
3330 4435 3381 4488 οἱ
3440 4433 3811 4510 ἀστρονόμοι,

390 4532 529 4585 dum
566 4528 669 4582 toti
692 4526 852 4582 illius
876 4525 1123 4597 corpori,
1157 4525 1453 4581 interdum
1487 4525 1863 4596 paucioribus
1900 4525 2037 4597 digi-

2154 4522 2255 4577 ἔστι
2318 4523 2411 4595 μὶν
2469 4522 2555 4577 ὅτε
2584 4522 2663 4596 τῷ
2712 4522 2829 4596 ὅλῳ
2880 4530 2978 4593 τῆς
3009 4522 3245 4594 σελήνης
3274 4524 3485 4597 σώματι
3518 4525 3614 4584 τάς
3645 4522 3815 4591 ἡλια-

387 4619 465 4675 tis
497 4618 694 4674 radios
717 4615 861 4671 solis
920 4615 1192 4686 intercipi
1233 4616 1567 4670 observant.
1614 4615 1856 4682 Quando
1884 4615 2038 4670 enim

388 4726 489 4781 per
519 4705 880 4778 superiorem
939 4704 1203 4775 apsidem
1264 4703 1387 4759 sive
1446 4708 1667 4776 partem
1700 4703 1900 4759 circuli
1949 4704 2041 4758 sui

389 4796 496 4852 soli
532 4795 854 4868 pr0piorem
891 4792 1024 4847 luna
1055 4793 1260 4862 fertur,
1295 4793 1505 4865 exigua
1564 4799 1727 4865 parte
1768 4810 1899 4849 eum
1934 4794 2037 4848 ob-

391 4886 665 4941 umbrare
688 4883 917 4938 videtur
950 4900 962 4950 ;
997 4899 1130 4937 cum
1171 4888 1367 4937 autem
1431 4882 1765 4937 inferiorem
1803 4882 2035 4953 transit,

390 4974 675 5044 siquidem
704 4977 844 5027 tunc
876 4971 1127 5025 maxima
1160 4971 1374 5026 nostris
1393 4970 1579 5027 oculis
1603 4977 1841 5044 apparot
1873 4971 2036 5043 luna,

388 5068 577 5120 totum
609 5061 865 5117 obstruit
895 5060 1101 5116 solem.

904 5168 992 5221 95.
1029 5168 1101 5222 De
1131 5168 1326 5238 cclz‘psi
1356 5169 1518 5223 lunae.

415 5274 419 5277 '
460 5259 661 5314 Deﬁcit
691 5258 830 5313 luna
864 5257 1097 5328 quando
1130 5256 1185 5310 in
1250 5258 1517 5312 umbram
1578 5261 1742 5312 terrae
1804 5256 2031 5312 incidit.

387 5349 565 5403 Terra
594 5349 750 5402 enim
783 5364 812 5400 a
846 5345 969 5400 sole
1028 5344 1365 5399 illuminata
1413 5346 1679 5400 umbram
1733 5346 1870 5400 facit
1918 5364 2029 5401 non

386 5433 1036 5510 cylindriformem,sive
1066 5433 1258 5503 qualis
1290 5439 1379 5487 est
1402 5434 1590 5504 ﬁgura
1613 5434 2033 5504 columnae,sed

384 5544 511 5597 quae
545 5542 756 5581 conum
800 5524 991 5577 refert.
1026 5527 1218 5577 Conus
1270 5539 1438 5591 porro
1491 5524 1609 5577 sive
1676 5525 1912 5580 trochus
1967 5543 2036 5581 ex

384 5614 589 5671 latiore
609 5612 735 5666 b'tSi
760 5612 819 5665 in
843 5615 1077 5664 acutum
1102 5608 1342 5678 desinit,
1368 5610 1801 5682 talisqueterrae
1828 5614 2034 5671 umbra

2148 4611 2244 4672 κάς
2299 4610 2461 4687 αὐγάς
2512 4612 3001 4687 ἀντιφράττουσιν,
3067 4607 3176 4665 ἔστι
3258 4609 3316 4666 δὲ
3389 4610 3478 4666 ὅτε
3544 4610 3810 4666 ἐλάττοσι

2147 4699 2413 4757 κτοῦτων.
2471 4702 2599 4758 Ὃτε
2630 4701 2725 4773 μὲν
2785 4700 2888 4776 γὰρ
2915 4702 3012 4768 τὴν
3070 4698 3418 4775 ὑψηλοτέραν
3450 4696 3622 4774 ἁψῖδα
3651 4702 3687 4769 ἡ
3716 4720 3811 4755 σιο

2150 4787 2291 4865 λήνη
2348 4788 2560 4865 φέρεται
2618 4789 2706 4844 καὶ
2764 4790 2865 4857 τὴν
2917 4788 3224 4865 ἐγγίζουσαν
3278 4794 3357 4862 τῷ
3400 4787 3573 4861 ἠ)ἶῳ,
3634 4788 3814 4865 ὀλίγῳ

2150 4876 2304 4954 ὣὲρει
2356 4876 2507 4933 δοκεῖ
2561 4883 2751 4933 τοῦτον
2804 4877 3157 4947 ἐπισκιάζειν·
3220 4879 3343 4933 ὅταν
3398 4875 3453 4932 δὲ
3498 4878 3815 4951 κατώτερον

2149 4964 2556 5039 Memmii-tcta};
2593 4968 2888 5043 εὐμεγέθης
2916 4972 3211 5038 τηνικαῦτα
3231 4974 3348 5030 τοῖς
3376 4964 3617 5040 ὄμμασιν
3641 4968 3810 5040 ἡμῶν

2148 5055 2430 5129 ἐμπίπτει,
2465 5054 2672 5111 ἅπαντα
2698 5058 2789 5112 τὸν
2817 5055 2980 5126 ἥλιον
3013 5057 3411 5133 ἀντιφράττειν.

2533 5167 2632 5237 με’.
2672 5164 2799 5239 Περὶ
2829 5162 3120 5239 ἐκλείψεως
3157 5164 3415 5235 σελήνης.

2216 5251 2488 5310 Ἐκλείπει
2546 5256 2580 5322 ἡ
2641 5252 2845 5323 σελήνη
2908 5253 2985 5315 εἷς
3045 5255 3104 5308 τὸ
3167 5261 3266 5322 τῆς
3316 5261 3418 5327 γῆς
3458 5252 3811 5326 ἐμπίπτουσα

2145 5342 2395 5414 σκίασμα·
2449 5344 2792 5421 φωτιζομὲνη
2845 5344 2946 5418 γάρ
2982 5344 3085 5397 οπὸ
3116 5347 3211 5397 τοῦ
3245 5340 3412 5413 ἡλίου
3459 5346 3493 5412 ἡ
3527 5349 3625 5416 γῆ,
3653 5343 3807 5396 σκιάν

2143 5437 2311 5499 ποιεῖ,
2343 5429 2466 5486 ἀλλ’
2512 5431 2577 5485 οὐ
2624 5429 3002 5507 κυλινδρικὴν,
3067 5434 3186 5487 οἷον
3243 5434 3302 5487 τὸ
3333 5436 3428 5486 to?)
3460 5431 3645 5494 κίονος
3698 5427 3812 5485 ἐστῖ

2146 5527 2358 5594 σχῆμα,
2388 5518 2535 5575 ἀλλὰ
2564 5520 3049 5590 κωνοειδῆ.Κῶνος
3084 5518 3143 5575 δὲ
3174 5523 3201 5575 ὁ
3235 5516 3527 5592 στρόϐιλος
3564 5519 3811 5596 λέγεται,

2144 5618 2291 5693 ὅστις
2353 5618 2458 5674 ἀπὸ
2482 5618 2741 5681 πλατείας
2794 5621 3004 5697 βάσεως
3056 5620 3135 5683 εἷς
3195 5620 3285 5692 ὀξὺ
3345 5619 3646 5697 ἀπολήγει.
3680 5626 3809 5677 Τοι-
