4032 6202
398 277 517 335 ’147

1775 269 2192 332 MICHAELIS
2239 270 2504 331 PSELLI

3693 274 3806 335 748

395 425 531 465 cum
565 407 708 466 cosio
741 425 808 464 ex
858 408 1083 465 oriente
1111 408 1170 466 in
1222 409 1607 476 occidentem,
1642 406 1768 462 dies
1825 405 1960 462 facit
1991 409 2038 461 et

2155 407 2380 458 κινεῖται
2421 407 2500 475 τῷ
2529 402 2742 479 οὐρανῷ
2772 402 2824 474 ἐξ
2855 400 3133 475 ἀνατολῆς
3158 403 3233 467 είς
3274 402 3441 474 δόσιν,
3475 407 3689 483 ἡμέρας
3719 405 3808 462 καὶ

396 502 619 556 noctes.

766 605 856 660 99.
893 606 1089 675 Quales
1116 604 1314 675 ﬁgurae
1344 605 1678 661 stellarum?

467 698 612 750 Cum
661 695 1020 767 multiplices
1071 695 1274 766 ﬁgurae
1323 695 1464 764 sint,
1517 699 1581 748 ut
1633 691 2046 765 triangulares,

362 837 365 840 ,
397 783 921 856 quadrangulares,
939 784 1176 848 cubicaa,
1197 800 1330 855 pyra
1342 782 1586 838 midales
1608 781 1849 853 aliaeque
1864 781 2048 853 plani'

398 872 635 941 formes,
663 872 1053 944 pulcherrima
1077 877 1165 927 est
1187 873 1493 943 sphaerica.
1531 873 1730 942 Itaque
1750 870 1962 926 omium
1991 874 2048 926 et

393 961 579 1016 stellae
609 976 812 1015 omnes
845 959 1132 1031 spbwrica
1182 961 1368 1031 ﬁgura
1399 961 1651 1032 przeditaz
1704 966 1866 1030 sunt,
1899 959 2045 1031 quod

395 1054 450 1106 et
483 1066 550 1105 ex
579 1047 734 1103 lunas
763 1049 1300 1104 illuminationibus
1332 1049 1710 1120 perspicuum
1744 1048 2045 1118 est.Siqui-

396 1139 526 1194 dem
556 1137 656 1193 illa
709 1137 780 1192 ob
812 1138 1229 1209 gibbositatem
1281 1156 1449 1194 suam
1485 1155 1596 1193 non
1632 1137 1809 1193 simul
1851 1143 1968 1192 tota
2013 1154 2048 1192 a

395 1227 538 1299 sole,
572 1227 671 1282 sed
706 1227 984 1298 paulatim
1011 1229 1290 1282 crescenti
1325 1228 1549 1282 lumine
1577 1227 2046 1282 illustratur.Fas

395 1320 552 1372 certe
581 1321 704 1371 erat
735 1333 974 1387 corpore
1016 1317 1252 1372 aetheria
1297 1317 1356 1371 in
1406 1316 1862 1388 pulcherrimam
1894 1317 2045 1388 ﬁgu-

397 1421 524 1460 ram
558 1405 766 1477 aptari,
795 1405 1008 1461 mentis
1033 1406 1230 1477 ﬁgura)
1258 1407 1483 1461 aemula.
1511 1406 1672 1460 Sicut
1700 1406 1854 1460 enim
1880 1421 2046 1460 mens

397 1494 457 1549 in
489 1511 552 1550 se
581 1494 922 1561 reﬂectitur,
974 1495 1058 1551 sic
1091 1500 1149 1550 et
1196 1497 1455 1551 aeterium
1518 1511 1730 1565 corpus
1776 1512 1809 1550 a
1853 1497 2048 1551 mente

395 1583 685 1638 directum
744 1588 801 1638 et
875 1583 946 1637 ad
1004 1588 1260 1639 mentem
1343 1599 1688 1640 conversum
1746 1583 1806 1639 in
1863 1587 2051 1640 semet

394 1671 608 1743 vergit.

826 1870 947 1926 100.
982 1870 1061 1925 De
1089 1870 1281 1926 ordine
1305 1870 1626 1930 stellarum.

463 1962 605 2015 Cum
640 1959 700 2014 in
735 1959 850 2015 duo
883 1976 1096 2031 genera
1146 1960 1325 2015 stellae
1374 1961 1731 2030 dividantur,
1783 1958 2048 2014 inerran-

394 2047 543 2102 tium
593 2049 1058 2120 errantiumque,
1119 2050 1445 2104 inerrantes
1505 2049 1755 2120 planetis
1809 2047 2048 2112 altiores

391 2141 550 2205 sunt,
587 2154 701 2192 non
734 2142 931 2192 tamen
966 2139 1105 2208 ipsa:
1137 2155 1344 2194 omnes
1377 2139 1433 2192 in
1465 2139 1668 2193 eadem
1719 2137 1846 2192 ραδΙὶ
1879 2153 2014 2192 sum

387 2227 593 2281 mitate
643 2227 1000 2292 constitutis,
1050 2229 1152 2282 sed
1203 2227 1329 2281 aliis
1388 2227 1519 2283 aliis
1551 2227 1945 2282 sublimiores.
1980 2229 2047 2282 At

383 2321 611 2386 septem
671 2316 919 2386 planetes
969 2316 1079 2371 sub
1128 2317 1527 2372 inerrantibus
1586 2318 1778 2373 locum
1827 2318 2046 2372 sortita:

389 2409 549 2471 sunt,
581 2405 808 2476 primus
839 2405 1077 2476 quidem
1128 2407 1582 2478 Saturnus,post
1614 2407 1767 2462 hunc
1797 2407 2044 2477 Jupiter,

386 2492 523 2548 inde
557 2493 874 2562 Mars,hinc
897 2493 1019 2561 Sol,
1053 2495 1330 2568 deinceps
1355 2499 1577 2559 Venus,
1602 2513 1664 2550 ac
1686 2496 1796 2550 sub
1822 2495 2045 2550 Venere

388 2582 732 2650 Mercurius,
765 2592 822 2639 et
854 2589 1151 2656 postrema
1177 2587 1504 2641 Luna.Post
1525 2584 1686 2639 illam
1715 2589 2045 2655 sequuntur

391 2676 644 2742 quatuor
673 2674 964 2728 elementa
1013 2675 1082 2728 de
1129 2674 1345 2744 quibus
1393 2673 1532 2727 dixi.
1595 2673 1842 2727 Deﬁnita
1875 2687 2043 2744 porro

388 2760 643 2832 singulis
677 2762 928 2831 planetis
958 2766 1223 2833 tempora
1254 2779 1372 2817 suae
1425 2763 1715 2833 cujusque
1745 2761 2043 2832 motionis,

386 2849 801 2906 admirandum
825 2849 979 2905 inter
1002 2867 1065 2907 se
1094 2857 1442 2907 concentum
1477 2851 1597 2907 sive
1630 2852 2042 2923 symphoniam

393 2937 634 2994 habent.

707 3120 830 3176 101.
868 3120 1016 3176 Unde
1046 3123 1233 3177 lumen
1264 3120 1465 3177 habent
1505 3121 1682 3178 stellae
1703 3124 1727 3173 .9

454 3207 654 3280 Neque
687 3207 1074 3265 inerrantium
1106 3209 1227 3265 ulla
1249 3210 1775 3281 stellarum,neque
1798 3209 2046 3281 planetae

380 3314 609 3368 omnes,
645 3298 746 3354 sed
781 3298 907 3353 sola
936 3298 1078 3354 luna
1108 3317 1140 3354 a
1172 3299 1293 3354 sole
1351 3299 1738 3354 illuminatur.
1777 3301 1960 3369 Igitur
1989 3305 2047 3355 et

382 3406 516 3461 pars
547 3391 673 3459 ejus
703 3389 900 3445 lucida
931 3407 1164 3461 semper
1193 3390 1304 3444 soli
1329 3390 1574 3445 obversa
1605 3394 1908 3462 est,neque
1941 3408 2044 3446 un-

383 3495 562 3550 quam
595 3484 718 3534 tota
751 3484 907 3533 caret
938 3479 1081 3533 luna
1108 3478 1352 3546 lumine,
1388 3480 1489 3534 sed
1515 3496 1940 3551 usquequaque
1963 3481 2046 3535 di-

383 3567 565 3622 midia
595 3584 730 3637 pars
764 3568 892 3636 ejus
946 3567 1166 3621 lumine
1198 3569 1430 3638 gaudet.
1483 3568 1628 3622 Nam
1683 3568 1741 3622 in
1793 3570 2042 3640 conjun-

381 3656 572 3710 ctione
602 3656 723 3708 sive
757 3655 1054 3709 novilunio
1085 3657 1300 3726 gibbus
1351 3655 1522 3711 nobis
1571 3657 1854 3710 obversus
1886 3655 2039 3712 lucis

383 3748 472 3798 est
501 3758 730 3813 expers,
763 3747 821 3796 at
853 3743 1120 3813 superior
1144 3749 1206 3797 ut
1235 3743 1318 3797 ita
1339 3745 1531 3798 dicam
1555 3743 1805 3797 calvaria
1828 3745 2043 3799 illumi-

384 3836 524 3886 nata
553 3835 660 3886 est.
706 3833 769 3885 In
805 3831 1128 3901 plenilunio
1160 3831 1421 3886 vicissim
1458 3833 1936 3903 hemisphaerium
1967 3835 2037 3890 ad

386 3935 492 3974 nos
524 3934 769 3989 vergens
818 3924 1004 3973 totum
1054 3925 1141 3975 est
1190 3919 1474 3984 lucidum,
1517 3920 1790 3990 superius
1841 3927 2038 3978 autem

381 4007 528 4061 illud
561 4023 765 4078 expers
824 4008 1086 4063 luminis.
1154 4009 1311 4063 Inter
1368 4009 1738 4064 novilunium
1793 4026 1929 4065 vero
1973 4028 2040 4067 ac

379 4095 772 4166 plenilunium
804 4113 909 4168 pro
937 4098 1160 4152 ratione
1192 4114 1307 4168 qua
1338 4115 1371 4151 a
1401 4097 1520 4152 sole
1553 4096 1751 4161 distat,
1777 4098 1838 4152 fit
1869 4099 2039 4156 nobis

377 4183 464 4238 vel
499 4185 877 4248 corniculata.
914 4185 1001 4239 vel
1054 4186 1359 4241 dimidiata
1415 4185 1501 4242 vel
1537 4187 1900 4256 decrescens,
1935 4192 2040 4244 aut

375 4273 534 4329 enim
571 4275 771 4331 minus
805 4291 982 4346 quam
1018 4275 1332 4330 dimidium
1367 4277 1495 4346 ejus
1529 4275 1918 4344 illuminatur,
1937 4281 2040 4333 aut

375 4361 713 4431 dimidium,
749 4368 851 4419 aut
881 4363 1014 4436 plus
1046 4365 1312 4420 dimidio.

377 4561 499 4614 102.
533 4561 608 4616 De
632 4561 917 4617 stellarum
971 4563 1400 4634 signiﬁcatione,
1435 4566 1489 4616 et
1534 4563 1803 4635 quomodo
1857 4564 2032 4628 hiems

992 4639 1043 4688 et
1081 4638 1247 4690 aestas
1275 4635 1374 4705 ﬁat
1395 4638 1420 4687 ν

445 4721 808 4793 Signiﬁcatio
844 4723 1022 4777 stella:
1066 4727 1174 4787 est,
1229 4723 1465 4794 quando
1523 4724 1717 4779 oriens
1766 4724 1854 4779 vel
1890 4742 2025 4782 cum

372 4809 495 4865 sole
525 4815 722 4866 exorta
754 4815 817 4865 ut
847 4811 1029 4877 canis,
1075 4813 1162 4867 vel
1215 4813 1402 4880 orion,
1452 4818 1554 4868 aut
1607 4819 1873 4880 acturus,
1927 4821 2030 4871 aut

369 4898 483 4954 alia
512 4893 775 4970 Quasdam
813 4901 1082 4968 fixarum,
1115 4918 1304 4956 aerem
1339 4908 1593 4972 quatuor
1623 4903 1759 4956 anni
1795 4908 2028 4975 tempo-

367 4988 533 5043 ribus
564 4987 784 5043 alterat.
835 4989 981 5044 Nam
1015 4995 1072 5044 et
1121 4991 1348 5062 Moyses
1389 4991 1498 5044 hoc
1548 4992 1859 5047 subinnuit
1891 5009 2024 5048 cum

365 5077 484 5133 ait:
519 5078 695 5132 Erunt
727 5079 786 5132 in
845 5080 1025 5149 signa,
1083 5085 1135 5134 et
1191 5081 1251 5133 in
1310 5088 1580 5149 tempore,
1628 5088 1681 5135 et
1736 5083 1791 5135 in
1826 5097 2022 5136 annos.

364 5165 544 5222 Stella
575 5167 864 5238 siquidem
912 5169 1203 5222 matutino
1247 5169 1332 5223 vel
1365 5170 1702 5240 vespertino
1751 5174 1880 5223 ortu
1917 5186 2024 5224 suo

362 5255 622 5328 aliquam
654 5275 722 5312 ex
755 5257 909 5312 aeris
941 5258 1349 5312 affectionibus
1382 5257 1789 5328 significat.De
1823 5261 2024 5313 instate

365 5360 497 5401 vero
556 5351 614 5402 et
671 5347 862 5401 hieme
929 5352 1104 5416 atque
1161 5345 1382 5401 caeteris
1444 5345 1583 5400 anni
1657 5345 2022 5416 temporibus

369 5434 677 5491 sciendum
709 5435 978 5506 est,quod
1012 5436 1246 5506 quando
1278 5433 1364 5489 sol
1401 5433 1570 5487 nobis
1601 5439 1690 5488 est
1723 5434 2020 5500 australis,

370 5527 427 5578 et
457 5538 636 5593 super
691 5522 879 5592 capite
945 5528 1140 5578 nostro
1198 5523 1400 5585 fertur,
1436 5521 1575 5577 facit
1631 5526 1930 5591 aestatem;
1965 5525 2022 5580 et

374 5609 612 5691 quando
645 5611 702 5666 in
735 5615 1002 5667 austrum
1034 5611 1176 5682 abit,
1209 5610 1437 5667 hiemen
1471 5610 1642 5684 facit;
1667 5612 1900 5686 quando
1922 5629 2019 5670 au-

2155 491 2352 555 νύκτας
2380 498 2547 549 ποιεῖ.

2389 599 2490 677 ιιθκ
2524 600 2751 655 Ποταπᾶ
2779 605 2886 655 τῶν
2917 600 3152 678 ἀστέρων
3184 603 3248 658 τὰ
3279 604 3564 678 σχήματα.

2230 687 2462 745 Πολλῶν
2525 685 2693 744 ὄντων
2755 689 3083 766 σχημάτων,
3143 693 3446 768 τριγώνων,
3477 713 3813 770 τετραγωνι-

2155 783 2288 848 κῶν,
2337 773 2597 850 κυϐικῶν,
2657 778 3037 856 πυραμοειδῶν
3088 782 3177 836 καὶ
3225 787 3334 837 τῶν
3384 783 3595 840 λοιπῶν
3651 785 3811 839 εὐθυ-

2156 872 2509 943 γραμμικῶν,
2565 867 2858 924 κάλλιστόν
2919 869 3030 924 ἐστι
3087 871 3149 926 τὸ
3208 870 3563 949 σφαιροειδές.
3596 875 3654 926 Ὁ
3691 873 3812 928 τοί-

2156 980 2245 1012 νυν
2280 957 2505 1032 οὐρανὸς
2547 959 2635 1012 καὶ
2683 960 2990 1032 σύμπαντες
3040 961 3092 1015 οἱ
3122 961 3340 1037 ἀστέρες
3371 967 3466 1017 τοῦ
3521 967 3814 1040 σφαιρικοῦ

2156 1050 2444 1122 σχήματος
2474 1044 2601 1102 ὄντα
2632 1048 2986 1122 τυγχάνουσι.
3019 1050 3126 1104 Καὶ
3157 1046 3328 1118 δῆλον
3385 1051 3491 1105 ἀπὸ
3548 1056 3658 1105 τῶν
3707 1059 3813 1121 τῆς

2157 1135 2391 1207 σελήνης
2448 1140 2766 1214 φωτισμῶν.
2827 1139 2925 1191 Διά
2953 1139 3054 1213 γὰρ
3093 1138 3155 1193 τὸ
3187 1137 3447 1213 κύρτωμα
3475 1138 3676 1210 ταύτης
3709 1139 3811 1196 οὐκ

2157 1225 2310 1288 εὐθὺς
2365 1224 2467 1295 ὅλη
2523 1226 2668 1301 παρά
2723 1229 2819 1280 τοῦ
2849 1224 3014 1296 ἡλίου
3046 1227 3354 1305 φωτίζεται,
3403 1227 3549 1284 ἀλλὰ
3577 1229 3714 1284 κατὰ
3741 1231 3804 1285 τὸ

2161 1313 2338 1390 βραχὺ
2395 1317 2494 1384 τήν
2553 1315 2773 1386 αὔξησιν
2808 1313 3023 1391 ’δέχεται
3080 1321 3177 1372 τοῦ
3204 1317 3404 1394 φωτός.
3433 1315 3582 1373 Ἔδει
3611 1320 3714 1395 γὰρ
3747 1319 3810 1373 τὸ

2156 1402 2398 1477 αἰθέριον
2457 1409 2612 1476 σῶμα
2668 1409 2746 1475 τῷ
2773 1402 3059 1479 καλλίστῳ
3086 1411 3194 1461 τὼν
3228 1407 3530 1482 σχημάτων
3571 1407 3810 1481 ἀποτορ-

2157 1494 2418 1556 νεύεσθαι.
2453 1494 2565 1548 Νοῦ
2590 1493 2689 1568 γὰρ
2725 1499 2972 1568 μιμεῖται
3000 1495 3063 1549 τὸ
3095 1501 3307 1570 σχῆμα.
3356 1498 3556 1571 Ὠσπερ
3605 1498 3634 1551 6
3683 1502 3809 1559 νοῦς

2159 1580 2461 1660 ἐπιστρέφει
2488 1583 2623 1655 πρὸς
2653 1583 2861 1656 ἑαυτὸν,
2895 1583 3038 1639 οὕτω
3071 1581 3138 1654 δὴ
3169 1583 3259 1639 καί
3287 1585 3347 1640 τὸ
3379 1585 3615 1662 αἰθέριον
3647 1591 3809 1660 σῶμα

2159 1669 2394 1725 συννεύει
2426 1671 2560 1748 πρὸς
2591 1669 2770 1745 ἑαυτὸ,
2803 1673 2906 1728 ὑπὸ
2953 1677 3046 1728 νοῦ
3085 1668 3518 1750 κυϐερνώμενον,
3550 1675 3640 1731 καὶ
3671 1677 3809 1750 πρὸς

2080 1779 2127 1845 Β
2154 1765 2278 1816 νοῦν
2314 1759 2789 1839 ἐπιστρεφόμενον.

2613 1869 2655 1945 ρ’
2695 1870 2825 1944 Περὶ
2854 1871 3056 1941 τάξεως
3089 1871 3347 1946 ἀστέρων.

2232 1957 2321 2020 Εἷς
2374 1955 2468 2012 δύο
2518 1958 2652 2034 μέρη
2700 1964 2806 2013 τῶν
2845 1960 3080 2033 ἀστέρων
3139 1959 3559 2035 διαιρουμένων,
3621 1961 3697 2023 εἰς
3745 1961 3806 2017 τὸ

2157 2045 2391 2108 ἀπλανὲς
2447 2045 2536 2102 καί
2593 2049 2653 2102 τὸ
2713 2047 3099 2120 πλανώμενον,
3159 2051 3211 2104 οἱ
3266 2051 3360 2122 μὶν
3413 2049 3675 2112 ἀπλανεῖς
3712 2051 3810 2118 τὴν

2161 2135 2499 2212 ὑψηλοτέραν
2557 2137 2701 2208 τάξιν
2758 2143 2864 2192 τῶν
2923 2137 3218 2210 πλανητῶν
3275 2137 3490 2214 ἱίχουσι,
3525 2141 3628 2194 οὐκ
3659 2139 3710 2194 ἐν
3742 2143 3812 2214 τῇ

2155 2225 2290 2298 αὐτῇ
2347 2225 2630 2304 ἐπιφανείᾳ
2683 2231 2781 2282 τοῦ
2824 2227 3061 2302 αἰθερίου
3113 2229 3368 2300 σώματος
3424 2229 3672 2301 κείμενοι
3725 2229 3816 2284 καὶ

2155 2315 2467 2391 φερόμενοι,
2531 2314 2656 2370 ἀλλ’
2690 2316 2740 2369 οἱ
2779 2315 2871 2389 μὲν
2908 2314 3238 2393 ὑψηλότεροι
3272 2316 3447 2372 αὐτῶν
3482 2317 3637 2386 εἰσιν,
3673 2319 3726 2372 οἱ
3758 2313 3816 2372 δὶ

2153 2403 2547 2477 ταπεινότεροι.
2609 2405 2677 2461 Οἱ
2735 2401 2792 2458 δὲ
2847 2405 2980 2459 ἔπτὰ
3031 2404 3306 2475 πλανῆται
3370 2406 3504 2479 μετᾶ
3553 2405 3818 2468 ἀπλανεῖς

2153 2494 2467 2568 τετάχαται,
2530 2494 2603 2547 ὧν
2661 2494 2876 2569 πρῶτός
2933 2493 3072 2550 ἐστιν
3135 2496 3162 2549 6
3209 2499 3307 2550 τοῦ
3342 2495 3546 2571 Κρόνου
3581 2495 3815 2570 λεγόμε-

2154 2603 2245 2642 νος
2277 2583 2468 2652 ἀστὴρ,
2500 2583 2590 2637 καὶ
2626 2583 2761 2655 μετὰ
2787 2583 2976 2637 τοῦτον
3011 2585 3038 2638 ὁ
3071 2588 3168 2638 τοῦ
3200 2585 3342 2654 Διὸς,
3374 2585 3462 2639 καὶ
3509 2585 3597 2639 ὑπ’
3648 2585 3811 2640 αὐτὸν

2154 2671 2182 2724 6
2208 2675 2302 2724 τοῦ
2333 2672 2666 2746 “Αρεος,εἷτα
2698 2673 2726 2726 6
2757 2670 3112 2746 “Ηλιος,μεθ’
3139 2674 3197 2728 ὃν
3231 2671 3512 2751 Αφροδίτη
3547 2675 3633 2728 καὶ
3676 2673 3813 2748 μετᾶ

2151 2758 2351 2830 ταύτην
2384 2761 2610 2835 Ἑρμῆς,
2642 2762 2729 2815 καὶ
2763 2759 3072 2816 τελευταῖον
3105 2765 3140 2831 ἡ
3196 2759 3435 2833 Σελήνη.
3472 2765 3606 2827 Μεθ’
3635 2766 3702 2832 ἦν
3743 2764 3813 2818 τὰ

2151 2849 2381 2922 τέσσαρα
2409 2855 2677 2924 στοιχεῖα,
2702 2850 2882 2925 ὥσπερ
2915 2849 3227 2927 εἷ’ρήκαμεν,
3259 2853 3564 2926 Ὠρισμένοι
3594 2849 3653 2907 δέ
3682 2852 3811 2907 τού-

2151 2958 2267 3000 τοις
2301 2935 2403 2992 εἷσῖ
2432 2939 2518 2992 καὶ
2551 2939 2602 2992 οἱ
2637 2939 2832 3014 χρόνοι
2862 2944 2969 2994 τῶν
3021 2943 3310 3010 κινήσεων,
3360 2940 3658 3013 θαυμασίαν
3707 2941 3808 3009 τὴν

2154 3027 2471 3101 συμφωνίαν
2507 3024 2752 3102 ἔχοντες.

2461 3117 2559 3188 ρα’.
2596 3115 2761 3170 Πόθεν
2794 3116 3118 3195 φωτίζονται
3154 3119 3204 3173 οἱ
3237 3116 3451 3194 ἀστέρες
3478 3138 3491 3187 ;

2227 3200 2358 3257 Οῧτε
2399 3208 2505 3258 τῶν
2559 3202 2816 3259 ἀπλανῶν
2874 3205 3111 3282 ἀστέρων
3169 3204 3368 3276 οὐδεὶς,
3429 3204 3553 3262 οὐδὲ
3614 3209 3815 3270 πάντες

2155 3292 2205 3345 oi.
2236 3289 2663 3364 πλανῆται,ἀλλ’
2694 3295 2728 3362 ἡ
2764 3292 2968 3364 σελήνη
3008 3294 3146 3368 μόνη
3180 3297 3325 3371 παρᾶ
3361 3299 3460 3351 τοῦ
3487 3295 3658 3365 ἡλίου
3693 3318 3815 3374 φω-

2151 3381 2370 3449 τίζεται.
2420 3382 2517 3435 Διά
2563 3386 2724 3436 τοῦτο
2768 3383 2857 3437 καὶ
2907 3383 3314 3460 πεφωτισμένον
3371 3384 3452 3439 ἀεὶ
3489 3385 3655 3459 μέρος
3713 3385 3814 3440 αὖ·

2151 3472 2252 3532 τῆς
2287 3470 2418 3535 πρὸς
2449 3471 2541 3523 τὸν
2574 3468 2735 3539 ἥλιον
2795 3469 3055 3539 νένευκεν,
3118 3472 3216 3527 οὐκ
3246 3469 3355 3528 ἔστι
3391 3470 3448 3528 δὲ
3479 3474 3564 3528 ὅτι
3596 3474 3807 3550 ἀφώτι-

2152 3579 2274 3619 στος
2335 3558 2662 3613 παντάπασίν
2715 3558 2856 3614 ἐστιν
2885 3563 2917 3630 ἡ
2951 3558 3182 3633 σελήνη,
3239 3561 3367 3616 ἀλλ’
3415 3563 3494 3616 ἀεὶ
3530 3558 3809 3616 ένδέδυται

2152 3652 2267 3724 φῶς
2313 3646 2670 3720 ἡμισέληνον.
2734 3650 2822 3705 Ἐν
2887 3651 2980 3722 μὲν
3037 3648 3128 3704 οὖν
3159 3656 3276 3713 ταῖς
3321 3649 3569 3712 συνόδοις
3601 3651 3811 3729 ἀφώτι-

2151 3758 2275 3791 στον
2337 3738 2430 3808 μέν
2489 3737 2597 3792 ἐστι
2627 3737 2691 3792 τὸ
2717 3739 2853 3813 πρὸς
2911 3741 3059 3812 ἡμᾶς
3097 3738 3262 3808 αὐτῆς
3292 3739 3581 3815 κύρτωμα,
3611 3761 3812 3819 πεφω-

2148 3826 2400 3898 τισμένον
2459 3824 2515 3880 δὲ
2564 3828 2626 3881 τὸ
2684 3823 2795 3881 ἅνω
2827 3824 3188 3904 φαλάκρωμα.
3225 3830 3308 3882 Ἐν
3369 3826 3426 3882 δὲ
3456 3834 3576 3890 ταῖς
3605 3851 3810 3884 πανσε-

2151 3912 2342 3983 λήνοις
2369 3915 2430 3968 τὸ
2491 3915 2583 3986 μὶν
2645 3919 2796 3969 νεῦον
2859 3916 2992 3989 πρὸς
3052 3917 3200 3988 ἡμᾶς
3233 3916 3596 3992 ἡμισφαίριον
3633 3920 3810 3988 αὐτῆς

2151 4001 2382 4076 ὀλοφαές
2413 4002 2544 4072 ἐστι,
2601 4004 2663 4058 τὸ
2714 4001 2760 4058 δ’
2817 4001 2927 4058 ἅνω
2977 4004 3277 4077 ἡμίτομον,
3337 4006 3515 4082 φωτὸς
3545 4003 3808 4082 ἄμοιρον.

2151 4092 2362 4162 Μεταξὺ
2394 4089 2450 4146 δὲ
2473 4100 2572 4162 τῆς
2607 4089 2833 4148 συνόδου
2859 4093 2954 4148 καί
3004 4101 3102 4163 τῆς
3163 4092 3495 4165 σανσελήνου
3549 4097 3693 4150 κατὰ
3749 4098 3811 4152 τὸ

2153 4179 2345 4252 μέτρον
2397 4182 2498 4251 τῆς
2555 4182 2690 4257 πρὸς
2748 4183 2838 4236 τὸν
2898 4181 3059 4251 ἡλιον
3111 4180 3463 4252 διαστάσεως,
3498 4183 3811 4256 μηνοειδής

2146 4268 2367 4342 γίνεται,
2444 4270 2532 4325 καὶ
2613 4266 2932 4346 διχότομος,
3009 4271 3098 4326 καὶ
3173 4273 3531 4350 ἀμφίκυρτος,
3605 4273 3642 4342 ἢ
3704 4276 3810 4351 γὰρ

2147 4352 2371 4413 ἔλαττον
2425 4364 2523 4414 τοῦ
2562 4361 2808 4434 ἡμίσεως
2840 4358 3154 4438 φωτίζεται,
3187 4363 3223 4433 ἢ
3273 4361 3410 4416 κατὰ
3437 4363 3499 4417 τὸ
3527 4360 3737 4436 ἥμισυ,
3774 4363 3810 4434 ἢ

2145 4448 2280 4502 κατὰ
2308 4448 2370 4502 τὸ
2400 4446 2591 4508 πλέον.

2146 4555 2250 4628 ρβ’.
2280 4555 2410 4628 Περὶ
2442 4554 2807 4633 ἐπισημασίας
2839 4554 3099 4633 ἀστέρων,
3129 4555 3219 4612 καὶ
3265 4560 3380 4619 πῶς
3424 4556 3629 4633 γίνεται
3682 4577 3811 4633 χει-

2733 4629 2848 4701 μὼν
2880 4629 2978 4684 καῖ’
3005 4631 3162 4704 θέρος
3186 4650 3200 4700 ς

2127 4709 2138 4720 ’
2206 4718 2579 4788 Ἐπισημασία
2636 4715 2776 4772 ἐστὶν
2815 4761 2829 4788 ,
2901 4717 3027 4774 ὅταν
3095 4714 3400 4774 ἐπιτέλλων
3477 4717 3651 4792 ἀστὴρ
3706 4716 3804 4772 καὶ

2135 4804 2546 4861 συνανατέλλων
2605 4810 2684 4877 τῷ
2740 4805 2891 4880 ἡλίῳ
2939 4808 3119 4884 ὥσπερ
3173 4809 3201 4862 ὁ
3251 4806 3595 4880 καλούμενος
3622 4807 3805 4879 κύων,

2134 4893 2222 4948 καὶ
2282 4893 2487 4967 ὡρίων,
2545 4897 2633 4948 καὶ
2668 4895 2695 4949 6
2730 4897 3050 4970 ἀρκτοῦρος,
3083 4899 3118 4967 ἢ
3145 4893 3327 4972 ἕτερός
3359 4917 3444 4958 τις
3471 4900 3584 4951 τῶν
3615 4894 3808 4952 ἀπλα-

2135 4987 2263 5052 νῶν,
2325 4981 2610 5057 ἀλλοιώσῃ
2668 4983 2759 5037 τὸν
2811 4985 2964 5056 ἀέρα,
3011 4986 3147 5039 κατά
3205 4985 3333 5049 τοὺς
3360 4987 3626 5056 τέσσαρας
3668 5006 3812 5039 και-

2135 5071 2261 5143 ροὺς
2317 5076 2414 5125 τοῦ
2482 5070 2658 5133 ἔτους.
2719 5075 2897 5128 Τοῦτο
2955 5073 3057 5149 γὰρ
3119 5075 3361 5143 Μωυσῆς
3419 5073 3804 5128 ὐπαινίττεται

2135 5158 2331 5234 λέγων,
2387 5162 2636 5214 Ἔσονται
2693 5160 2786 5223 εἷ’ς-
2831 5169 3054 5236 σημεῖα,
3113 5162 3202 5217 καὶ
3261 5162 3337 5224 εἲς
3396 5161 3644 5237 καιροὺς,
3706 5161 3806 5216 καί

2132 5247 2207 5310 εἷς
2268 5248 2562 5311 ἐνιαυτούς.
2606 5251 3056 5324 Ἐπισημαίνεται
3091 5250 3191 5326 γάρ
3250 5272 3302 5307 τι
3362 5253 3391 5306 6
3449 5253 3621 5326 ἀστήρ
3679 5256 3797 5306 τῶν

2130 5339 2252 5413 περὶ
2309 5344 2415 5394 τῶν
2470 5338 2600 5413 ἀέρα
2656 5342 2867 5413 παθῲν,
2930 5341 3066 5397 έώαν
3125 5341 3388 5411 έπιτολήν
3436 5343 3472 5412 ἢ
3531 5341 3792 5414 έσπερίαν

2130 5428 2485 5501 ποιούμενος.
2527 5429 2657 5504 Περὶ
2715 5430 2895 5502 μέντοι
2951 5452 3014 5506 γε
3068 5431 3322 5506 θέρουςῆ
3355 5435 3636 5506 χειμῶνος
3691 5431 3789 5485 καὶ

2127 5521 2234 5572 τῶν
2296 5517 2503 5573 λοιπῶν
2562 5519 2722 5594 ὡρῶν
2780 5519 2980 5590 ἰστέον,
3007 5522 3081 5583 ὡς
3109 5520 3233 5575 ὅταν
3269 5521 3362 5593 μὲν
3398 5522 3426 5576 6
3457 5519 3623 5586 ἥλιος
3685 5519 3792 5595 βό-

2130 5627 2274 5688 ρειος
2321 5608 2460 5683 ἡμῖν
2487 5609 2728 5687 γένηται,
2777 5609 2867 5666 καὶ
2899 5609 3029 5689 ὑπὲρ
3079 5608 3319 5688 κεφαλῆς
3356 5615 3590 5681 κινοῖτο,
3623 5610 3792 5689 θέρος
