4032 6202
210 348 295 406 749

1333 341 1436 400 DE
1480 339 1922 401 OMNIFARIA
1967 338 2383 400 DOCTRINA.

3445 343 3565 404 750

208 479 356 531 ποιεῖ’
411 473 531 527 ὅταν
597 468 655 527 δὶ
701 470 841 545 πρὸς
892 471 1048 526 νότον
1103 469 1336 545 ἀπέλθῃ,
1396 474 1648 546 χειμῶνα
1706 469 1828 554 ips

1948 485 2027 524 3m
2088 473 2356 526 versatur
2424 469 2482 524 in
2557 469 2776 539 ariete,
2853 469 3267 541 aequinoctium
3345 474 3562 533 efﬁcit:

209 568 399 642 γάζεται,
453 563 542 617 καὶ
602 559 726 616 ὅταν
789 562 883 634 μὲν
934 559 1070 615 κατὰ
1113 560 1206 616 τὸν
1260 561 1411 636 κριὸν
1469 561 1532 615 τὸ
1603 557 1797 629 ζώδιον

208 657 400 729 γίνηται,
456 650 744 727 ἴσημερίαν
812 655 964 705 ποιεῖ
998 666 1016 687 ⁸
1101 651 1227 704 ὅταν
1290 646 1347 704 δὲ
1403 649 1520 704 κατ’
1579 646 1802 722 ἅντικρυ

208 741 542 818 διαπορεύηται
586 744 694 795 τῶν
741 737 966 815 χηλῶν,
1021 738 1340 816 μετοπώραν
1390 739 1481 794 καὶ
1509 737 1800 813 ἲσημερίαν

209 832 342 894 αὖθις.

209 959 281 1034 pf.
319 955 479 1018 Πόσος
539 953 750 1027 ἑκάστῳ
818 957 928 1009 τῶν
997 951 1294 1034 πλανητῶν
1373 954 1400 1008 6
1448 952 1650 1029 χρόνος
1704 957 1806 1021 τῆς

835 1023 1094 1102 περιοδου
1129 1044 1141 1093 ;

258 1138 362 1197 Τοῖς
428 1132 728 1205 πλανηταις
783 1139 912 1186 πᾶσι
991 1131 1124 1186 κατᾶ
1199 1133 1298 1200 τήν
1368 1130 1658 1205 ἀναλογίαν
1712 1134 1810 1184 τοῦ

209 1223 419 1299 μεγέθους
462 1228 569 1277 τῶν
625 1225 862 1296 σφαιρῶν
909 1221 998 1275 καὶ
1041 1224 1138 1274 τοῦ
1193 1220 1394 1294 μέτρου
1436 1224 1546 1273 τῶν
1574 1219 1811 1274 ἀποστά-

210 1315 309 1367 σέων
336 1312 565 1386 χρόνους
619 1310 958 1386 ὡρισμένους
1007 1309 1275 1387 ἀφώρισεν
1325 1311 1352 1363 6
1397 1309 1549 1376 Θεὸς,
1580 1313 1690 1363 τῶν
1726 1329 1814 1362 κι-

208 1404 392 1472 νήσεων.
438 1399 534 1455 Καὶ
569 1400 597 1453 6
655 1400 747 1472 μὲν
799 1399 1006 1475 Κρόνος
1062 1396 1153 1452 ἅτε
1202 1396 1542 1472 ὑψηλότερος
1572 1401 1678 1450 τῶν
1713 1399 1815 1451 ἅλ-

209 1490 311 1557 λων,
337 1490 419 1544 καὶ
455 1489 673 1562 μείζονα
703 1487 904 1542 κύκλον
955 1488 1385 1562 περιερχόμενος
1437 1484 1527 1540 διὰ
1554 1505 1816 1561 τριακον-

209 1581 378 1642 ταετίας
422 1580 520 1646 τήν
581 1579 746 1632 αὑτοῦ
799 1574 1053 1652 περίοδον
1114 1573 1407 1650 ἰκπληροῖ.
1459 1577 1520 1633 Ὀ
1572 1574 1628 1628 δὶ
1685 1574 1813 1636 Ζεὺς

210 1665 329 1731 alios;
360 1665 660 1739 μετάύτὸν
709 1661 780 1718 ὢν
834 1661 924 1717 δια
975 1660 1352 1724 δωδεκαετίας.
1411 1665 1482 1719 ’Ὀ
1532 1683 1594 1736 γε
1640 1664 1815 1738 ’Ἄρης

211 1754 279 1810 διὰ
303 1754 387 1811 δύο
415 1755 501 1810 καὶ
555 1753 800 1828 ἡμίσεως
854 1752 1132 1808 ἐνιαυτῶν.
1165 1755 1253 1824 Τῷ
1312 1749 1369 1806 δὲ
1419 1750 1590 1823 Ἡλίῳ
1628 1751 1715 1805 καὶ
1745 1753 1816 1824 τῇ

1909 559 2145 630 quando
2177 563 2372 615 autem
2425 575 2492 614 ex
2545 559 2787 615 adverso
2841 559 3070 632 positus
3117 563 3311 618 cancri
3369 563 3567 621 chelas

1910 647 2194 719 attigerit,
2248 652 2625 719 autumnum,
2676 647 3045 722 alterumque
3101 650 3268 708 affert
3303 653 3569 724 mquino-

1913 735 2120 793 ctium.

1918 953 2040 1008 103.
2072 952 2280 1020 Quanti
2327 955 2588 1025 temporis
2630 952 2890 1028 periodus
2934 955 3176 1027 singulis
3231 956 3473 1028 planetis
3500 961 3574 1014 sit

2620 1027 2834 1081 tributa
2853 1029 2878 1080 .9

1990 1131 2252 1203 Singulis
2286 1131 2536 1203 planetis
2587 1137 2738 1187 Deus
2780 1139 3045 1205 tempora
3095 1134 3337 1191 definita
3366 1139 3577 1192 statuit

1923 1221 2270 1287 motionum,
2305 1221 2630 1276 secundum
2667 1221 3101 1292 proportionem
3144 1224 3575 1294 magnitudinis

1924 1311 2310 1382 sphaerarum,
2367 1317 2424 1366 et
2472 1328 2762 1367 mensuras
2823 1330 2940 1384 qua
2985 1315 3228 1369 distant.
3286 1315 3575 1372 Saturnus

1922 1399 2107 1470 igitur
2135 1405 2416 1471 tanquam
2451 1401 2677 1456 caeteris
2712 1401 3026 1456 sublimior
3063 1406 3121 1457 et
3146 1403 3428 1474 majorem
3476 1406 3576 1460 de-

1925 1489 2192 1544 scribens
2223 1489 2536 1558 circulum,
2570 1489 2808 1562 triginta
2844 1508 3132 1547 annorum
3167 1493 3358 1563 spatio
3391 1494 3578 1565 perio-

1925 1579 2066 1632 dum
2099 1595 2266 1633 suam
2299 1577 2492 1650 explet
2514 1583 2569 1633 et
2591 1579 2861 1634 absolvit.
2889 1579 3121 1651 Jupiter
3141 1581 3252 1652 ipsi
3277 1581 3580 1652 proximus

1926 1666 2098 1721 annis
2129 1667 2461 1722 duodecim.
2524 1668 2679 1723 Mars
2735 1669 2967 1724 duobus
3021 1673 3079 1725 et
3134 1670 3401 1726 dimidio.
3435 1670 3579 1739 Soli,

1925 1754 2253 1827 Venerique
2311 1772 2376 1810 ac
2429 1756 2718 1812 Mercurio
2779 1757 3019 1828 aequalis
3079 1759 3356 1830 periodus
3405 1758 3582 1816 unius

210 1843 460 1923 Ἀφροδίτῃ
487 1846 574 1900 καὶ
628 1848 708 1916 τῷ
757 1845 936 1918 Ἐρμῇ
998 1839 1298 1918 ῗσόδρομος
1351 1841 1385 1911 ἡ
1436 1837 1688 1915 περίοδος
1728 1840 1817 1895 καὶ

1948 1844 2065 1899 ιῐωὶ
2096 1849 2184 1899 est
2233 1845 2574 1902 constituta.
2610 1847 2776 1902 Luna
2825 1847 3236 1919 undetrigenta
3281 1848 3489 1904 diebus
3527 1853 3584 1904 et

212 1933 456 1996 ἐνιαύσιος.
500 1935 561 1989 Ἦ
625 1929 682 1987 δὲ
741 1929 958 2001 Σέλήνη
1022 1927 1111 1984 διὰ
1164 1930 1244 1994 κθ⁹
1300 1932 1525 2003 ἡμερῶν
1573 1929 1708 2002 πρὸς
1747 1930 1817 2001 τῇ

210 2023 396 2096 ἡμισείᾳ
458 2023 904 2078 ἀποκαθίσταται.
985 2019 1050 2077 Ei‘
1136 2016 1193 2074 δέ
1273 2040 1356 2081 τις
1418 2018 1817 2092 μουσικώτερον

211 2113 338 2167 ἅπτοι
364 2114 449 2166 τὸν
494 2116 601 2166 τῶν
652 2110 916 2165 τοιούτων
963 2108 1219 2185 ἀριθμὸν,
1265 2109 1364 2176 τὴν
1411 2111 1509 2162 τοῦ
1549 2115 1824 2181 Δημιουρ-

210 2205 286 2275 γοῦ
333 2201 513 2279 σοφίαν
561 2198 892 2272 θαυμάσεται
963 2202 1081 2258 πῶς
1149 2198 1376 2258 ἅπαντες
1434 2197 1486 2250 οῖ
1536 2200 1642 2250 τῶν
1687 2216 1823 2267 συμ-

215 2294 392 2362 φωνιῶν
451 2289 604 2366 λόγοι
660 2288 713 2343 ἰν
760 2293 877 2350 τοῖς
922 2287 1196 2350 τοιούτοις
1239 2284 1613 2364 ἰμιραίνονται,
1657 2285 1684 2339 6
1736 2281 1827 2338 διὰ

215 2384 384 2452 πασῶν,
416 2380 443 2433 6
473 2376 560 2432 διὰ
586 2377 768 2444 πέντε,
799 2376 889 2432 καὶ
923 2373 1012 2431 διὰ
1038 2377 1335 2451 τεσσάρων.

712 2464 814 2540 ρδ’.
850 2467 977 2540 Περὶ
1011 2466 1283 2538 κομήτου.

270 2557 318 2609 Ὀ
344 2559 582 2630 κομήτης
615 2556 668 2610 ἐν
711 2559 793 2627 τῷ
843 2552 1214 2626 ὑπεκκαύματι
1251 2552 1498 2629 γίνεται·
1552 2549 1676 2606 ὅταν
1725 2552 1826 2628 γὰρ

219 2643 387 2723 ἐξαθρθῇ
417 2668 466 2701 τι
509 2647 673 2720 μέρος
703 2648 802 2700 τοῦ
852 2642 1266 2716 ὑπεκκαύματος
1317 2640 1404 2697 διὰ
1447 2642 1544 2710 τὴν
1593 2639 1827 2711 κίνησιν,

218 2735 275 2795 ὡς
317 2736 618 2808 εἰρήκαμεν,
680 2733 770 2789 καὶ
820 2736 854 2802 ἡ
893 2733 986 2805 μὶν
1038 2731 1212 2802 λεπτὴ
1257 2732 1506 2788 σύστασις
1559 2729 1664 2801 ε’ίη,
1707 2728 1830 2784 δια-

216 2825 368 2900 τρέχιι
411 2824 562 2886 εὐθὺς
609 2824 673 2877 τὸ
732 2821 947 2899 ἐξαφθὲν
992 2821 1130 2876 κατὰ
1197 2818 1464 2888 διάδοσιν,
1506 2820 1594 2874 καὶ
1625 2819 1827 2893 γίνεται

217 2912 570 2986 ὁκαλούμενος
630 2910 862 2982 διᾴττων
912 2911 1107 2987 ἀστήρ,
1142 2910 1204 2965 Εἰ
1245 2908 1302 2964 δὶ
1330 2909 1612 2985 παχυτέρα
1643 2908 1832 2982 εὑρεθῇ

214 3003 241 3068 ἡ
284 3001 400 3073 ὅλη,
445 3002 730 3077 κατέχεται
781 2999 951 3054 ἐκεῖσε
1001 3001 1064 3054 τὸ
1116 2998 1330 3073 σπέρμα
1377 3003 1473 3052 τοῦ
1519 2996 1832 3072 ἐξαφθέντος

214 3092 374 3165 πυρὸς,
404 3092 488 3146 καὶ
521 3095 672 3145 ποιεῖ
714 3090 805 3143 τὸν
860 3090 1136 3160 κομήτην.
1186 3087 1306 3142 Elei
1345 3084 1403 3142 δὲ
1432 3091 1538 3140 τῶν
1572 3089 1830 3157 κομητῶν

211 3181 266 3232 τὰ
309 3182 549 3254 σχήματα
616 3177 872 3256 διάφορα,
934 3174 1022 3231 διὰ
1068 3178 1169 3246 τὴν
1232 3173 1488 3254 διάφορον
1538 3180 1636 3243 τῆς
1695 3171 1835 3242 ὕλης

215 3265 388 3340 ἔξαψιν,
440 3272 509 3325 ’Ἡ
563 3269 663 3342 γὰρ
715 3269 851 3322 κατὰ
902 3273 1076 3340 μῆκος
1139 3265 1305 3337 μόνον
1363 3263 1505 3319 ἐστὶν
1553 3264 1588 3332 ἡ
1621 3261 1825 3336 ἔξαψις,

215 3357 500 3434 καὶγίνεται
532 3359 560 3412 ὁ
591 3356 933 3429 καλούμενος
989 3353 1147 3416 δοκός
1189 3373 1203 3386 ⁸
1357 3353 1491 3408 κατὰ
1536 3359 1711 3425 μῆκος
1742 3351 1834 3405 καὶ

216 3443 412 3519 πλάτος,
466 3449 553 3501 καὶ
605 3444 949 3500 ἀποτελεῖται
1001 3445 1028 3499 ὁ
1078 3441 1279 3519 κυρίως
1334 3440 1675 3514 καλούμενος
1741 3461 1834 3495 κο-

221 3535 484 3607 μήτης,ἤ
553 3535 606 3591 ἄν
652 3537 825 3611 ,βάθει
903 3533 1017 3609 ἔχει
1099 3534 1208 3588 οἷον
1287 3529 1833 3607 ἀποσπινθηρισμούς

213 3644 364 3696 τινας,
387 3626 472 3680 καὶ
529 3622 780 3680 καλεῖται
829 3622 1140 3700 πωγωνίας.
1192 3624 1342 3676 Ἒστι
1411 3619 1468 3675 δὲ
1515 3615 1670 3696 ἔτερα
1711 3619 1832 3674 ὀνό-

219 3733 342 3783 ματα
366 3719 464 3770 τῶν
495 3719 756 3788 κομητῶν
790 3712 913 3788 περὶ
946 3710 1018 3766 ὧν
1051 3710 1277 3786 ἐροῦμεν
1308 3709 1617 3786 προϊόντες.

216 3821 297 3891 ρι’.
371 3821 493 3897 Περὶ
574 3823 754 3892 ὑετοῦ,
829 3819 927 3897 καὶΔ
969 3817 1282 3897 ⁸χαλάζης,
1341 3836 1559 3893 χιονος,
1616 3817 1836 3891 πάχνης

840 3891 932 3946 καὶ
965 3888 1181 3966 δρόσου.

287 3983 505 4054 Κομῆται
567 3983 663 4055 μὲν
719 3981 810 4036 καὶ
881 3979 1160 4056 γαλαξίας,
1227 3978 1302 4034 ἔτι
1362 3976 1420 4033 δὶ
1477 3975 1688 4038 δοκίδες
1747 3977 1836 4031 καὶ

225 4067 514 4140 διᾴττοντες,
545 4072 635 4126 καὶ
664 4072 712 4125 τ’
760 4067 906 4124 ἄλλα
951 4070 1016 4123 τὰ
1070 4068 1350 4142 εἰρημένα,
1383 4067 1434 4123 ἐν
1464 4071 1533 4141 τῇ
1564 4062 1838 4120 καπνώδει

223 4157 433 4232 γίνονται
485 4159 836 4233 ἀναθυμιάσει
871 4179 884 4192 ο
959 4159 1110 4220 ὑετὸς
1183 4155 1240 4212 δὲ
1316 4157 1406 4212 καὶ
1472 4157 1691 4232 χάλαζα
1747 4152 1836 4208 καὶ

220 4247 342 4322 χιὼν
367 4252 448 4304 καὶ
494 4250 678 4325 πάχνη
726 4249 816 4302 καὶ
863 4245 1056 4322 δρόσος
1107 4247 1158 4301 ἰν
1197 4249 1268 4320 τῇ
1299 4243 1539 4319 ἀτμώδει
1575 4245 1836 4322 ἀναφορᾷ,

229 4334 331 4402 ἣτις
359 4339 480 4410 μετὰ
523 4340 625 4408 τήν
673 4334 936 4406 καπνώδη
991 4334 1307 4412 διακέχυται
1367 4335 1500 4411 ὑγρὰ
1547 4335 1646 4403 τὴν
1681 4331 1834 4411 φύσιν

226 4421 283 4478 ἐκ
320 4433 407 4495 τῆς
458 4434 587 4502 γῆς,
644 4426 737 4480 καὶ
793 4425 929 4494 αὑτὴ
992 4423 1392 4501 ἀναφερομένη.
1441 4422 1590 4492 Αὕτη
1643 4423 1742 4498 γὰρ
1800 4423 1836 4491 ἡ

230 4512 456 4586 ἆτμὼδης
505 4513 859 4586 ἀναθυμίασις
910 4517 944 4584 ἡ
998 4514 1134 4588 ὑγρὰ
1180 4514 1268 4567 καὶ
1310 4513 1507 4586 θερμὴ,
1558 4510 1592 4580 ἤ
1641 4509 1840 4566 ἄλλοι·

233 4603 466 4658 οὖταικαὶ
527 4599 929 4678 μεταϐάλλεται
984 4603 1060 4666 εἷς
1119 4600 1289 4677 ὕδωρ,
1335 4602 1424 4656 καὶ
1481 4599 1527 4656 εἷ
1580 4601 1671 4674 μὲν
1696 4599 1840 4673 λαμ-

234 4691 457 4767 πρότερον
506 4692 788 4761 κατέλθοι,
849 4694 998 4748 ὑετὸν
1048 4697 1218 4762 ποιεῖ,
1264 4690 1313 4745 εἷ’
1369 4688 1427 4745 δὲ
1483 4690 1620 4745 κατᾶ
1679 4689 1841 4765 μέρος

233 4774 645 4857 ἐνεχθῇ,ῴεκάδα
678 4800 690 4814 ’
721 4779 756 4852 ἤ
806 4783 1072 4856 πήγνυται
1136 4782 1316 4854 μόνως
1357 4781 1442 4835 καὶ
1479 4784 1626 4834 ποιεῖ
1657 4780 1840 4854 χιόνα,

238 4864 663 4939 ἤμεταϐάλλεται
712 4872 1002 4947 πρότερον,
1062 4872 1158 4936 εἷθ’
1217 4869 1388 4932 οὕτως
1443 4871 1706 4943 πήγνυται
1754 4868 1843 4922 καὶ

235 4954 404 5028 γίνεται
432 4963 666 5037 χάλαζα.
712 4959 782 5017 Εἴ
825 4961 921 5033 μὲν
980 4959 1070 5015 οὖν
1120 4958 1227 5014 ἄνω
1275 4961 1545 5036 κουφισθῇ
1595 4959 1628 5026 ἡ
1663 4957 1848 5029 ἀτμὶς,

239 5049 376 5101 ταῦτα
424 5056 586 5105 ποιεῖ.
649 5050 714 5106 El.
768 5047 825 5103 δὲ
873 5049 924 5104 ἐν
971 5053 1052 5121 τῷ
1107 5048 1368 5125 περιγείῳ
1427 5045 1583 5117 σταίη
1639 5044 1756 5119 ἀέρι
1811 5041 1847 5114 ἤ

243 5133 492 5206 πήγνυται,
547 5135 637 5191 καὶ
682 5137 890 5211 γίνεται
942 5137 968 5191 6
1021 5135 1281 5212 παγετός.
1331 5137 1390 5193 Ὀ
1444 5133 1501 5190 δὲ
1551 5131 1854 5210 Ἀριστοτέ-

243 5215 329 5289 λης
353 5223 509 5281 αἴτιον
539 5227 749 5282 τούτων
783 5227 1032 5282 ἁπάντων
1061 5227 1159 5296 τὴν
1192 5227 1345 5300 ψυξιν
1379 5224 1548 5302 λέγει.

780 5499 878 5572 ρς’.
919 5501 1056 5575 Περῖ
1090 5493 1288 5572 ἴριδος.

303 5578 359 5638 Ἦ
382 5584 480 5658 ἶρις
528 5589 588 5643 τὸ
635 5586 976 5660 καλούμενον
1026 5585 1180 5658 τόξον
1239 5582 1388 5661 παρὰ
1436 5588 1551 5644 τοῖς
1599 5581 1858 5653 πολλοῖς,

241 5665 304 5742 τῇ
350 5671 488 5749 φύσει
545 5676 640 5751 μὶν
697 5674 1058 5733 ἀνυπόστατόν
1107 5672 1242 5748 ἐστι,
1292 5672 1381 5729 καὶ
1430 5670 1714 5754 φάντασμα
1761 5671 1860 5743 τῆς

1931 1933 2198 1990 dimidia.
2233 1937 2394 2000 Quod
2427 1935 2475 1991 si
2507 1936 2638 2006 quis
2671 1938 2895 1992 musice
2928 1954 3206 1992 numeros
3239 1938 3413 1994 hosce
3443 1955 3583 1993 con-

1931 2023 2295 2090 sideraverit,
2328 2026 2678 2096 sapientiam
2704 2025 3031 2081 Conditoris
3063 2026 3586 2099 mirabitur,siqui-

1933 2114 2063 2168 dem
2097 2130 2302 2169 omnes
2333 2115 2590 2170 rationes
2621 2115 2991 2170 harmonicas
3021 2115 3079 2170 in
3113 2115 3230 2170 illis
3279 2117 3590 2172 observare

1934 2202 2087 2270 licet,
2123 2207 2407 2275 octavam,
2441 2203 2706 2276 quintam
2731 2208 3143 2276 quartamque.

2520 2469 2643 2524 104.
2677 2469 2749 2525 De
2777 2472 3001 2525 cometa.

2007 2562 2243 2614 Cometa
2273 2563 2588 2630 generatur
2619 2574 2687 2613 ex
2719 2558 3033 2628 fuliginosa
3062 2559 3309 2614 materia
3335 2577 3351 2629 ;
3374 2562 3594 2631 quanto

1939 2648 2094 2703 enim
2128 2665 2262 2719 pars
2295 2647 2474 2718 hujus
2507 2666 2609 2719 per
2640 2653 2890 2716 motum,
2925 2653 2988 2702 ut
3017 2648 3297 2716 diximus,
3351 2663 3594 2703 succen-

1939 2737 2117 2803 ditur,
2153 2742 2208 2792 et
2240 2738 2472 2792 tenuior
2504 2737 2604 2792 illa
2635 2754 2946 2808 compages
2978 2738 3156 2792 fuerit
3187 2742 3595 2806 accensa,sta-

1939 2827 2043 2881 tim
2080 2826 2370 2898 procurrit
2425 2825 2696 2892 ulterius,
2755 2827 2938 2896 fitque
2989 2826 3158 2881 stella
3217 2828 3433 2883 cadens
3477 2826 3597 2881 sive

1943 2933 2118 2987 quam
2179 2917 2604 2970 discurrentem
2665 2915 2985 2986 appellant.
3042 2917 3097 2971 Si
3156 2933 3288 2970 vero
3347 2916 3596 2972 materia

1942 3005 2118 3059 fuerit
2148 3005 2624 3068 crassior,ssmcn
2656 3004 2810 3074 ignis
2841 3005 3107 3060 succensi
3127 3005 3206 3058 ibi
3238 3005 3593 3074 continetur,

1943 3098 1999 3147 et
2027 3097 2315 3147 cometam
2340 3091 2539 3147 efﬁcit.
2589 3095 2737 3145 Sunt
2769 3095 2826 3145 et
2875 3092 3049 3146 variae
3082 3093 3279 3146 formae
3337 3096 3595 3146 cometa-

1943 3198 2072 3236 rum
2107 3186 2344 3252 propter
2380 3181 2837 3236 diversimodam
2870 3180 3127 3235 materia
3160 3179 3319 3234 illius
3348 3196 3596 3235 succen-

1945 3273 2188 3326 sionem.
2223 3270 2368 3324 Nam
2401 3269 2669 3340 quaedam
2702 3270 2760 3323 in
2795 3267 3035 3340 longum
3087 3269 3260 3323 modo
3293 3269 3376 3334 ﬁt,
3408 3271 3467 3324 et
3493 3283 3599 3323 vo-

1946 3367 2080 3420 cant
2112 3363 2468 3428 trabem,aut
2496 3359 2556 3413 in
2587 3358 2824 3425 longum
2859 3364 2916 3412 et
2946 3359 3153 3423 latum,
3180 3359 3335 3414 unde
3366 3359 3598 3430 proprie

1946 3453 2137 3507 dictus
2167 3455 2398 3504 cometa
2455 3448 2740 3514 nascitur,
2773 3451 2876 3502 aut
2928 3447 2985 3502 iu
3020 3447 3378 3518 profundum
3421 3447 3600 3502 habet

1947 3542 2230 3614 quaedam
2263 3538 2439 3593 veluti
2472 3536 3022 3603 descintillationes,
3053 3541 3111 3592 et
3151 3542 3387 3592 vocatur
3418 3553 3599 3610 pogo-

1944 3632 2074 3686 nias
2106 3629 2224 3683 sive
2256 3627 2552 3681 barbatus.
2591 3625 2740 3680 Sunt
2764 3629 2818 3680 et
2850 3625 2972 3679 alia;
2997 3631 3356 3680 cometarum
3391 3627 3600 3698 appel-

1944 3719 2216 3788 lationes,
2251 3732 2399 3788 quas
2435 3730 2704 3770 sermone
2737 3714 3081 3785 procedente
3111 3713 3399 3769 dicemus.

2035 3827 2157 3881 105.
2192 3825 2265 3880 De
2286 3823 2502 3897 pluvia,
2533 3821 2827 3893 grandine,
2858 3822 3007 3892 nive,
3035 3822 3246 3894 pruina
3275 3829 3327 3878 et
3355 3837 3500 3878 rore.

2016 3987 2262 4042 Cometa:
2295 3983 2531 4055 quidem
2580 3982 2634 4036 ei
2683 3980 2940 4037 circulus
2989 3980 3236 4047 lacteus,
3283 3983 3601 4055 trabesque

1946 4079 2002 4130 et
2029 4074 2208 4130 stellis
2240 4074 2513 4128 cadentes
2564 4070 2799 4142 aliaque
2842 4071 2912 4125 de
2943 4070 3159 4141 quibus
3201 4073 3324 4142 jam
3361 4072 3500 4138 dixi,
3533 4087 3603 4127 ex

1948 4164 2283 4236 fuliginosis
2340 4161 2655 4232 vaporibus
2715 4167 3078 4216 nascuntur.
3134 4160 3336 4216 Pluvia
3401 4167 3601 4217 autem

1947 4254 2313 4324 grandoque,
2363 4257 2419 4306 et
2450 4249 2549 4304 nix
2579 4267 2645 4304 ac
2698 4249 2910 4320 pruina
2949 4256 3006 4304 et
3049 4266 3144 4304 ros
3175 4265 3243 4304 ex
3289 4251 3604 4321 vaporibus

1947 4340 2360 4398 exhalantibus
2394 4340 2456 4393 ﬁt
2480 4343 2692 4392 natura
2722 4337 3456 4406 humidis,ell'undentibus
3478 4355 3606 4395 sese

1950 4436 2083 4503 post
2115 4430 2463 4500 fuliginosos
2497 4427 2649 4494 illos,
2683 4433 2740 4482 et
2793 4443 2860 4482 ex
2893 4433 3043 4482 terra
3074 4427 3222 4498 ipsis
3268 4429 3444 4483 etiam
3475 4446 3608 4483 sur-

1950 4538 2079 4577 sum
2114 4518 2588 4574 ascendentibus.
2614 4515 2709 4571 Ηω
2737 4517 2888 4571 enim
2916 4515 3317 4572 exhalationes
3341 4533 3608 4588 vapores-

1904 4598 1913 4646 l
1952 4625 2065 4680 que
2097 4607 2322 4662 humidi
2358 4623 2423 4661 ac
2474 4605 2645 4660 calidi
2690 4611 2792 4660 aut
2839 4607 2894 4659 in
2931 4623 3143 4676 aquam
3201 4612 3508 4661 vertuntur
3551 4617 3611 4667 et

1952 4702 2279 4766 mutantur,
2314 4713 2437 4765 quae
2470 4696 2518 4750 si
2551 4695 2920 4765 conspectior
2951 4696 3288 4761 descendat,
3315 4696 3453 4750 facit
3475 4695 3609 4768 plu-

1951 4789 2128 4851 viam,
2164 4786 2211 4840 si
2248 4785 2584 4840 minutatim
2635 4783 3001 4850 demittatur,
3054 4799 3270 4852 rorem,
3303 4789 3405 4838 aut
3434 4784 3608 4838 modo

1956 4873 2708 4946 coqcrescuntjaciuntque
2741 4873 2950 4939 nivem,
2985 4877 3088 4926 aut
3117 4872 3176 4926 in
3209 4887 3421 4942 aquam
3447 4872 3610 4944 prius

1961 4968 2269 5020 mutantur
2318 4979 2384 5016 ac
2435 4961 2642 5016 deinde
2695 4961 3140 5032 congelascunt,
3193 4961 3349 5016 unde
3387 4962 3612 5033 grando

1963 5052 2250 5109 nascitur.
2289 5053 2414 5105 llaec
2445 5050 2595 5104 fiunt
2639 5051 2872 5120 quando
2921 5049 3154 5105 levitate
3185 5049 3323 5106 elati
3370 5066 3616 5122 vapores

1964 5141 2140 5198 altius
2173 5141 2567 5196 ascenderunt
2595 5156 2608 5206 ;
2642 5140 2689 5194 si
2723 5155 2854 5194 vero
2887 5140 2946 5194 in
2992 5140 3256 5211 proximo
3288 5145 3456 5196 terras
3486 5153 3619 5196 aere

1965 5231 2316 5298 subsistant,
2375 5229 2571 5300 ibique
2631 5227 2977 5300 congelant,
3033 5233 3350 5301 generatur
3407 5228 3622 5300 pruina

1967 5325 2250 5376 Caeterum
2281 5317 2629 5376 Aristoteles
2657 5317 2868 5375 horum
2918 5317 3184 5376 omnium
3224 5334 3466 5375 causam
3499 5321 3621 5374 sta-

1969 5409 2081 5467 tuit
2108 5427 2238 5467 esse
2265 5410 2474 5481 frigus.

2587 5497 2708 5552 106.
2743 5497 2816 5552 De
2845 5496 3008 5552 iride.

2043 5586 2150 5644 Iris
2180 5603 2352 5660 quem
2384 5586 2596 5660 vulgus
2626 5603 2826 5642 arcum
2856 5593 3045 5652 vocat,
3078 5589 3290 5643 natura
3320 5604 3437 5643 non
3478 5585 3622 5642 sub-

1971 5677 2150 5751 sistit,
2182 5678 2283 5734 sed
2315 5675 2658 5752 imaginatio
2689 5679 2780 5734 est
2811 5673 3164 5748 videntium,
3195 5676 3336 5732 dum
3367 5673 3516 5732 radii
3545 5670 3620 5730 ab
