4032 6202
405 345 518 402 751

1785 333 2206 397 MIGHAELIS
2252 337 2526 399 PSELLI

3706 344 3822 402 752

407 473 592 533 oculis
625 473 682 528 in
734 472 894 530 illam
944 471 1214 528 incidunt
1261 487 1350 527 ac
1386 469 1598 526 deinde
1655 467 2046 539 refringuntui

2175 465 2392 542 ὁρώσης
2451 463 2646 543 ὅψεως,
2705 469 2936 526 ἀκτίνων
2997 470 3102 526 ἀπὸ
3157 474 3266 527 τῶν
3316 467 3617 548 ὀφθαλμῶν
3659 491 3823 546 προσ-

405 570 580 636 atque
611 563 688 618 ita
719 579 891 620 arcus
921 563 1169 634 ﬁguram
1228 561 1508 616 referunt.
1539 557 1689 614 Vere
1740 562 1934 613 autem
1967 573 2059 612 ar-

407 670 539 709 cum
568 658 946 725 representat
975 653 1415 722 iris,nunquam
1441 649 1600 706 enim
1624 647 1932 715 circulum,
1958 646 2061 702 sed

409 761 637 816 semper
666 741 1034 800 semicirculo
1069 742 1352 795 minorem
1374 739 1748 808 majoremve.
1774 736 1846 792 Ut
1872 735 2061 808 pluri-

410 852 575 890 mum
607 852 640 890 a
669 833 810 902 sole,
841 833 1031 886 rarius
1052 831 1228 885 etiam
1255 848 1289 885 a
1317 831 1458 885 luna
1487 834 1752 901 apparet,
1783 834 1839 884 et
1867 829 1939 883 de
1970 827 2062 882 die

409 922 792 994 frequentius,
829 923 1019 975 rarius
1067 925 1282 974 noctu:
1321 919 1535 989 saepius
1587 934 1762 989 prope
1792 917 2059 972 horizon-

409 1025 539 1079 tem,
575 1011 772 1067 minus
804 1010 1138 1079 frequenter
1167 1008 1322 1062 circa
1345 1006 1898 1062 meridianum.Non
1931 1022 2058 1061 raro

405 1101 584 1158 simul
604 1101 717 1154 duo
736 1097 1181 1168 conspiciuntur
1199 1096 1609 1166 irides,estque
1634 1094 1885 1167 singulis
1903 1093 2062 1148 color

405 1188 635 1261 triplex.
690 1186 934 1242 Interior
980 1202 1127 1240 zona
1173 1183 1489 1256 puniceum
1538 1183 1731 1254 habet,
1765 1184 1947 1238 altera
1978 1182 2058 1236 vi-

405 1279 612 1347 ridem,
647 1274 817 1332 tertia
848 1274 1096 1329 colorem
1149 1289 1420 1328 croceum
1472 1291 1539 1328 ac
1594 1272 1768 1328 veluti
1803 1273 2060 1344 subpur-

405 1382 673 1440 pureum,
705 1367 1056 1434 constatque
1087 1362 1190 1419 iris
1225 1361 1617 1433 inaequalibus
1643 1365 1700 1417 et
1756 1359 2061 1416 dissimili-

404 1460 514 1514 bus
548 1454 828 1512 nubibus.

973 1739 1096 1795 107.
1129 1739 1201 1793 De
1241 1738 1458 1792 halone.

2170 562 2508 628 πιπτουσῶν,
2561 561 2677 614 εἶτα
2731 557 2796 629 δή
2854 560 3281 632 ἆνακλωμὲνων,
3322 561 3410 614 καὶ
3445 562 3508 615 τὸ
3542 564 3639 614 τοῦ
3669 559 3822 632 τόξου

2171 653 2368 721 σχῆμα
2399 647 2799 725 ἐμφαινουσῶν·
2837 651 2990 704 ’Ἐστι
3041 647 3100 704 δὶ
3152 649 3228 712 ὡς
3279 648 3501 721 ἀληθῶς
3527 649 3682 721 τόξον
3740 650 3821 706 ἄν·

2167 755 2354 812 τικρυς
2405 738 2539 793 κατὰ
2617 739 2681 793 τὸ
2759 746 2973 815 σχῆμα,
3061 736 3330 794 οὐδέποτε
3411 739 3517 815 γὰρ
3584 738 3816 818 φαίνεται

2169 823 2513 901 κυκλοτερὲς,
2548 825 2676 882 ἀλλ’
2708 823 2742 896 ἤ
2783 824 3007 882 ἔλαττον
3051 826 3085 898 ἤ
3119 828 3284 884 πλέον
3312 829 3647 900 ἡμικύκλου.
3684 829 3818 885 Φαί-

2169 935 2315 969 νεται
2377 913 2434 970 δὲ
2489 917 2563 980 ὡς
2620 915 2707 971 ἐπὶ
2749 917 2811 971 τὸ
2861 916 3118 973 πλεῖστον
3181 919 3274 989 μὲν
3340 917 3448 972 ἀπὸ
3492 922 3587 972 τοῦ
3631 917 3814 990 ἡλίου,

2171 1005 2410 1066 σπανίως
2442 1001 2498 1059 δὲ
2545 1006 2650 1060 ἀπὸ
2697 1009 2798 1072 τῆς
2849 1005 3105 1077 σελήνης,
3163 1005 3252 1062 καὶ
3288 999 3522 1080 μάλιστα
3556 1009 3652 1080 μὶν
3684 1007 3814 1082 ἡμὲ-

2171 1113 2288 1167 ρας,
2349 1096 2590 1158 σπανίως
2650 1092 2707 1149 δὲ
2763 1096 2975 1168 νυκτὸς,
3008 1096 3097 1150 καὶ
3145 1094 3400 1151 πλεῖστον
3455 1098 3548 1170 μὲν
3596 1097 3688 1151 ἐπὶ
3736 1098 3817 1152 τὸν

2173 1181 2445 1256 ὁρίζοντα,
2498 1183 2737 1247 σπανίως
2789 1182 2846 1240 δὲ
2893 1186 3016 1260 περὶ
3063 1185 3153 1240 τὸν
3191 1180 3563 1262 μεσημϐρινὸν
3595 1184 3814 1244 κύκλον.

2171 1270 2454 1334 Πολλάκις
2488 1270 2544 1327 δὲ
2573 1271 2624 1328 ἐν
2657 1279 2838 1346 ταυτῷ
2883 1274 2972 1329 καὶ
3011 1271 3106 1329 δύο
3139 1273 3416 1352 φαίνονται
3447 1272 3638 1351 ἴριδες.
3673 1277 3816 1333 Ἐστι

2172 1356 2229 1415 δὲ
2282 1365 2426 1415 πᾶσα
2482 1362 2591 1437 ἶρις
2640 1361 2924 1439 τρίχροος.
2999 1364 3062 1420 Ἣ
3141 1364 3234 1438 μὲν
3304 1364 3407 1440 γὰρ
3463 1363 3612 1427 ἐντὸς
3663 1363 3816 1436 αὐτῆς

2173 1447 2315 1519 ζώνη
2352 1453 2573 1527 φοινική
2610 1459 2623 1483 ‘
2653 1453 2688 1521 ἡ
2741 1449 2797 1506 δὲ
2855 1449 3075 1525 δευτέρα
3121 1451 3403 1528 πράσινος,
3463 1454 3497 1522 ἡ
3560 1450 3618 1509 δὲ
3661 1454 3811 1527 τρίτη

2169 1538 2462 1616 ἀλουργὸς,
2495 1541 2583 1595 καὶ
2640 1542 2755 1597 οἷον
2810 1540 3221 1619 ὑποπόρφυρος.
3273 1543 3595 1598 Συνίσταται
3647 1540 3706 1598 δὲ
3735 1541 3813 1598 ἐπὶ

2170 1627 2487 1703 ἀνωμάλοις
2517 1629 2608 1686 καὶ
2641 1630 3064 1706 ἀνομοιομερέσι
3093 1632 3292 1709 νέφεσι.

2719 1743 2816 1812 ρζ.
2850 1739 2982 1812 Περὶ
3011 1745 3111 1809 τῆς
3142 1736 3282 1797 ἅλω.

474 1832 664 1888 Etiam
697 1830 853 1901 quod
887 1829 946 1884 in
978 1825 1288 1883 sublunari
1337 1825 1574 1897 regione
1606 1828 1846 1896 apparet
1888 1822 2043 1880 velut

2247 1827 2345 1881 Καὶ
2376 1827 2438 1881 τὸ
2468 1826 2570 1882 ὐπὸ
2612 1828 2710 1897 τὴν
2763 1831 3000 1898 σελήνην
3031 1826 3087 1883 δὶ
3136 1829 3460 1906 φαινόμενον
3511 1831 3627 1884 οἷον
3659 1830 3799 1886 ἀλώ-

404 1925 734 1991 balonium,
767 1925 991 1977 tantum
1024 1920 1106 1974 ita
1149 1917 1399 1984 videtur,
1446 1932 1633 1984 neque
1664 1916 2059 1971 substantiam

403 2013 580 2068 habet
611 2011 929 2082 propriam,
963 2011 1234 2061 caeterum
1266 2006 1454 2060 multa
1484 2003 1568 2058 illi
1590 2010 1731 2058 sunt
1759 2003 1925 2059 iridis
1955 2021 2057 2059 na-

401 2107 545 2156 tura;
586 2097 897 2154 contraria.
949 2096 1329 2165 Frequentius
1384 2092 1540 2148 enim
1599 2091 1962 2164 conspicitur
1995 2097 2058 2148 ut

399 2188 655 2244 circulus
708 2185 1019 2258 perfectus,
1053 2183 1207 2237 haud
1257 2181 1340 2236 ita
1388 2197 1542 2252 saepe
1583 2180 1776 2236 minor
1815 2181 2053 2248 circulo,

399 2278 782 2346 crebriusque
815 2275 970 2329 circa
1015 2272 1218 2327 lunam
1251 2287 1429 2342 quam
1473 2271 1628 2325 circa
1659 2270 1864 2338 solem,
1895 2277 1954 2326 et
1983 2273 2054 2327 de

397 2369 490 2422 die
513 2367 711 2422 minus
739 2365 1074 2434 frequenter
1095 2377 1270 2433 quam
1297 2361 1368 2415 de
1390 2364 1577 2427 nocte,
1609 2359 2054 2431 saepissimeque

397 2459 552 2513 circa
585 2455 1000 2518 meridianum,
1034 2456 1093 2507 at
1125 2465 1302 2522 prope
1354 2449 1718 2505 horizontem
1752 2456 2049 2506 rarenter:

397 2552 454 2602 et
483 2547 658 2602 unica
688 2559 920 2614 semper
975 2542 1275 2613 uniusque
1326 2538 1560 2606 coloris,
1593 2539 1872 2594 nimirum
1904 2539 2051 2596 albi-

397 2637 607 2704 cantis,
643 2652 707 2691 ac
735 2631 1003 2689 consistit
1023 2646 1092 2686 ex
1113 2630 1370 2685 nubibus
1389 2628 1715 2700 aequalibus
1736 2637 1789 2684 et
1829 2628 2049 2685 simila-

398 2726 583 2781 ribus.
606 2725 805 2780 Oritur
831 2727 888 2778 et
914 2721 1044 2776 balo
1066 2736 1135 2775 ex
1159 2718 1397 2775 visionis
1418 2718 1782 2774 refractione.
1811 2718 2052 2790 Oportet

400 2833 531 2872 vero
562 2815 621 2870 id
653 2813 808 2885 quod
837 2810 1031 2866 visum
1064 2807 1333 2879 refringit
1379 2823 1506 2863 esse
1537 2805 1676 2863 leave
1707 2822 1771 2862 ac
1803 2807 2049 2877 pelluci-

396 2906 558 2970 dum,
592 2910 657 2959 ut
707 2902 789 2957 ibi
846 2899 1072 2970 species
1119 2896 1371 2954 visibilis
1429 2901 1728 2968 appareat.
1762 2896 2047 2952 Caeterum

397 2991 629 3050 halonis
661 3005 897 3062 quoque
927 2987 1185 3044 circulus
1219 2991 1274 3040 et
1304 2985 1472 3040 iridis
1504 2984 1692 3054 ﬁgura
1721 2985 2048 3040 rationibus

395 3084 878 3139 demonstrantur
924 3075 1317 3151 geometricis,
1349 3091 1498 3146 quas
1545 3090 1696 3146 aegre
1727 3077 2049 3130 admittunt

393 3172 562 3246 regiae
596 3186 790 3228 aures.

981 3345 1112 3402 408.
1155 3347 1231 3400 De
1257 3343 1450 3414 virgis.

468 3444 606 3510 Quae
636 3440 690 3495 in
722 3454 858 3495 aere
890 3437 1175 3508 apparent
1202 3437 1486 3502 tanquam
1514 3431 1909 3504 virgis,neque
1932 3427 2050 3486 luci

395 3533 656 3588 adversm
687 3527 1021 3584 consistunt
1043 3525 1230 3578 instar
1258 3521 1645 3590 iridis,neque
1669 3520 2049 3594 perpendicu-

393 3622 595 3677 lariler
623 3624 853 3674 exstant
875 3615 984 3669 sub
1016 3613 1135 3679 illa,
1171 3616 1236 3665 ut
1267 3609 1423 3677 halo,
1446 3614 1794 3680 tantumque
1815 3611 2049 3683 conspi-

396 3712 634 3766 ciuntur
663 3708 735 3761 de
767 3705 881 3773 die,
915 3709 971 3758 et
1001 3701 1154 3755 circa
1183 3699 1366 3754 solem
1399 3700 1594 3764 modo,
1627 3702 1684 3752 et
1713 3699 1868 3753 circa
1897 3698 2048 3754 hori.

396 3802 626 3853 zontem
661 3795 910 3848 maxime
942 3786 1386 3852 occidentalem,
1411 3786 1602 3840 rarius
1632 3785 1806 3841 etiam
1841 3788 1898 3841 in
1933 3805 2048 3842 me-

391 3885 642 3950 ridiano,
673 3883 942 3950 ﬁuntque
973 3895 1041 3932 ex
1072 3875 1466 3946 inaequalibus
1495 3881 1554 3930 et
1584 3877 2047 3934 dissimilaribus

392 3974 650 4030 nubibus
683 3969 924 4042 perinde
959 3970 1022 4020 ut
1054 3965 1175 4020 iris.
1213 3963 1440 4018 Habent
1469 3968 1526 4017 et
1563 3963 1700 4031 ipsa
1749 3963 2042 4034 triplicem

387 4057 860 4130 colorem,multa
888 4057 1043 4112 enim
1070 4054 1252 4125 virgis
1286 4058 1343 4108 et
1363 4051 1496 4107 iridi
1523 4054 1862 4108 communia
1881 4061 2042 4126 sunt,

384 4156 622 4223 excepta
656 4149 996 4218 figura,que3
1037 4143 1172 4198 iridi
1224 4146 1312 4197 est
1354 4141 1731 4212 imperfectus
1761 4141 2040 4211 circulus,

384 4257 518 4298 cum
555 4241 725 4311 virgis
747 4238 866 4291 sint
889 4235 947 4289 in
973 4237 1193 4288 rectam
1227 4230 1441 4286 lineam
1464 4231 2042 4289 conformatzeFiunt

384 4346 516 4386 vero
550 4345 651 4400 per
698 4325 1136 4388 retractionem,
1168 4321 1392 4375 visione
1419 4335 1488 4375 ex
1535 4336 1652 4374 una
1694 4320 1848 4374 nube
1881 4320 2038 4376 dela-

383 4420 553 4474 bente
583 4416 643 4470 in
674 4413 945 4479 alteram,
978 4416 1154 4482 atque
1184 4409 1320 4465 inde
1351 4409 1599 4463 refracta
1629 4408 1700 4463 ad
1732 4407 1905 4464 aliam
1930 4425 2036 4464 nu-

377 4508 509 4563 bem
567 4503 997 4560 candicantem.
1058 4498 1297 4563 Quando
1345 4497 1542 4568 itaque
1577 4497 1923 4554 Aristotcles
1965 4499 2036 4554 de

2173 1935 2311 1988 νιον,
2365 1918 2482 1970 κατ’
2535 1912 2762 1991 ἔμφασίν
2824 1916 2989 1986 ἔστιν,
3022 1915 3148 1972 ἀλλ’
3205 1919 3269 1973 οὐ
3326 1919 3446 1982 καθ’
3505 1919 3811 1986 ὑπόστασιν,

2167 2005 2232 2060 τά
2291 2004 2504 2060 ἐναντία
2553 2003 2611 2060 δὲ
2664 2002 2782 2080 ἔχει
2831 2013 2931 2074 τῆς
3010 2004 3209 2081 ἴριδος.
3269 2007 3391 2064 Ἐπὶ
3444 2009 3537 2082 μὲν
3597 2010 3702 2085 γάρ
3752 2009 3809 2066 τὸ

2166 2092 2424 2150 πλεῖστον
2474 2093 2678 2157 κύκλος
2745 2094 2988 2173 φαίνεται
3043 2097 3276 2164 τίΛειος,
3335 2098 3704 2173 σπανιώτερον
3761 2094 3813 2154 δὶ

2165 2180 2402 2238 ἐλάττων
2443 2182 2668 2240 κύκλου.
2715 2184 2812 2239 Καὶ
2857 2186 2979 2259 περὶ
3033 2184 3128 2256 μὲν
3159 2188 3258 2254 τήν
3292 2184 3527 2256 σελήνην
3561 2185 3813 2259 μάλιστα,

2164 2265 2389 2327 ἔλαττον
2423 2270 2593 2327 δὲκαὶ
2643 2272 2766 2347 περὶ
2810 2274 2900 2328 τὸν
2952 2273 3112 2342 ἥλιον
3168 2275 3438 2349 φαίνεται,
3483 2275 3576 2328 καὶ
3628 2275 3814 2340 νυκτὸς

2168 2361 2262 2434 μὲν
2316 2360 2506 2428 πλέον,
2555 2358 2778 2417 ἔλαττον
2850 2359 2906 2417 δὲ
2949 2362 3180 2436 ἡμὲρας.
3238 2366 3340 2420 Καὶ
3399 2363 3522 2439 περὶ
3585 2366 3687 2436 μὲν
3727 2365 3810 2418 τὸν

2167 2471 2301 2522 μεση
2316 2445 2542 2524 μϐρινὸν
2569 2449 2770 2505 κύκλον
2805 2451 2879 2513 ὡς
2912 2450 2997 2506 ἐπὶ
3047 2451 3111 2507 τὸ
3158 2457 3440 2519 πλεῖσσον,
3475 2454 3719 2516 σπανίως
3761 2451 3813 2507 δὲ

2161 2539 2285 2614 περὶ
2315 2540 2403 2593 τὸν
2457 2540 2728 2614 ὁρίζοντα.
2773 2540 2875 2597 Καὶ
2929 2540 3028 2614 μία
3065 2541 3146 2596 ἀεὶ
3194 2541 3284 2596 καὶ
3318 2562 3654 2618 μονοχροος,
3687 2540 3809 2612 ἤτοι

2163 2625 2352 2699 λευκὴ,
2407 2629 2496 2684 καὶ
2541 2631 2850 2685 συνίσταται
2903 2629 2988 2685 ἰπὶ
3041 2629 3275 2702 ὁμαλοῖς
3314 2633 3402 2686 καὶ
3457 2632 3812 2707 ὁμοιομερὲσι

2159 2718 2359 2795 νὲφεσι.
2417 2716 2627 2774 Γίνεται
2688 2717 2746 2774 δὲ
2819 2719 2906 2774 καὶ
2984 2716 3118 2789 αὕτη
3197 2719 3248 2790 ἐξ
3308 2719 3655 2784 ἀνακλάσεως
3711 2727 3810 2789 τῆς

2159 2801 2357 2880 ὅψεως.
2402 2813 2492 2862 Δεῖ
2548 2805 2604 2862 δὶ
2654 2808 2716 2862 τὸ
2771 2802 3017 2878 ἔνοπτον,
3076 2809 3164 2884 ἀφ’
3217 2809 3279 2862 οὗ
3327 2807 3648 2877 ἀνακλᾶται,
3679 2810 3812 2865 εἶναι

2157 2896 2246 2950 καὶ
2303 2895 2450 2951 λεῖον
2506 2898 2594 2951 καὶ
2645 2894 2914 2974 διαφανὲς,
2967 2897 3060 2952 ’ίνα
3138 2896 3309 2953 ἐκεῖσε
3365 2897 3696 2976 ἐμφαίνηται
3751 2899 3812 2954 τὸ

2158 2982 2385 3040 ε’ίδωλον
2443 2989 2540 3040 τοῦ
2589 2985 2804 3061 ὁρατοῦ.
2861 2989 3011 3042 Ἔστι
3058 2984 3114 3041 δε
3167 2989 3202 3056 ἡ
3254 2983 3525 3059 ἀπόδειξις
3573 2989 3666 3042 καὶ
3714 2993 3810 3043 τοῦ

2153 3080 2253 3143 τῆς
2287 3072 2404 3130 ἅλω
2435 3073 2661 3145 κύκλου,
2707 3075 2796 3130 καὶ
2844 3079 2946 3130 τοῦ
2991 3083 3092 3146 τῆς
3135 3073 3317 3152 ’ίριδος
3358 3079 3650 3151 σχήματος
3677 3098 3804 3151 γεω·

2158 3165 2409 3237 μετρικὴ,
2470 3164 2559 3219 καὶ
2621 3161 2708 3218 διὰ
2759 3169 2921 3220 τοῦτο
2979 3165 3070 3220 καὶ
3127 3163 3486 3240 δυσπόριστος
3547 3165 3808 3240 βασιλικῇ

2158 3254 2321 3327 ἀκοῇ.

2724 3344 2830 3419 ρη’.
2859 3344 2988 3418 Ηερῖ
3021 3338 3259 3420 ῥάϐδων.

2226 3433 2292 3488 Ai
2353 3430 2673 3505 φαινόμεναι
2729 3435 2844 3488 οἷον
2895 3428 3089 3509 ῥάϐδοι
3137 3433 3276 3489 κατὰ
3326 3433 3416 3489 τὸν
3479 3433 3633 3508 άὲρα,
3687 3432 3814 3490 οὔτε

2155 3519 2478 3594 κατάντικρυ
2510 3521 2849 3576 συνίστανται
2897 3526 2992 3576 τοῦ
3042 3520 3323 3598 λαμπροῦ,
3369 3521 3551 3598 ὥσπερ
3581 3525 3614 3591 ἡ
3669 3521 3806 3597 ἶρις,

2158 3607 2280 3662 οὔτε
2334 3611 2470 3664 κατὰ
2519 3612 2761 3680 κάθετον,
2823 3610 3006 3686 ὥσπερ
3061 3613 3096 3680 ἠ
3157 3608 3326 3672 ἄλως.
3386 3611 3694 3666 Φαίνονται
3753 3608 3812 3666 δε

2154 3699 2366 3773 ἡμέρας
2401 3698 2588 3771 μόνον,
2647 3701 2733 3754 καὶ
2784 3699 2909 3771 περὶ
2963 3700 3054 3754 τὸν
3104 3697 3267 3768 ἥλιον
3329 3699 3517 3774 μόνον,
3549 3699 3646 3754 καὶ
3689 3698 3811 3773 περὶ

2152 3787 2244 3842 τὸν
2278 3787 2528 3861 ὁρίζοντα
2582 3787 2817 3861 μάλιστα
2865 3790 2959 3844 τὸν
3006 3787 3250 3859 δυτικὸν,
3292 3785 3514 3844 ἔλαττον
3544 3786 3599 3843 δὲ
3636 3790 3731 3845 καὶ
3762 3788 3814 3844 ἐν

2150 3881 2230 3948 τῷ
2263 3872 2641 3953 μεσημϐρινῷ,
2699 3876 2787 3931 καὶ
2838 3876 2927 3932 liti
2979 3877 3312 3951 ἀνωμάλων,
3353 3877 3444 3932 καὶ
3477 3878 3812 3950 ἀνομοιομε-

2155 3969 2260 4041 ρῶν
2315 3970 2486 4043 νεφῶν
2543 3967 2722 4039 ὥσπερ
2779 3965 2866 4021 καὶ
2919 3969 2952 4035 ἡ
3016 3970 3143 4041 ἶρις.
3208 3967 3333 4023 Εῗσῐ
3390 3964 3447 4021 δὶ
3486 3967 3756 4042 τρίχροοι
3792 3985 3806 3999 ’

2151 4055 2342 4123 πολλή
2371 4055 2471 4130 γὰρ
2505 4056 2819 4130 συγγέννεια
2848 4062 2969 4118 ταῖς
3007 4052 3230 4131 ῥάϐδοις
3265 4058 3357 4110 καὶ
3385 4060 3456 4129 τῇ
3488 4053 3622 4131 ἴριδι
3662 4055 3813 4123 πλὴν

2148 4147 2245 4198 τοῦ
2294 4147 2606 4218 σχήματος,
2633 4143 2713 4199 ὅτι
2747 4146 2782 4214 ἡ
2829 4145 2922 4216 μὲν
2972 4150 3082 4219 ἶρις
3124 4145 3572 4218 ἀποτετμημένος
3601 4144 3814 4207 κύκλος

2151 4232 2316 4300 ἐστὶν,
2377 4234 2430 4287 αἱ
2490 4230 2546 4288 δὲ
2600 4229 2791 4310 ῥάϐδοι
2821 4235 2940 4297 καθ’
2997 4232 3294 4308 εὐθυωρίαν
3324 4232 3594 4289 τέτανται.
3633 4234 3819 4290 Γίνονο

2146 4342 2236 4378 ται
2293 4319 2350 4378 δὲ
2407 4323 2561 4378 αὗται
2614 4323 2750 4378 κατὰ
2815 4320 3107 4379 ἀνάκλασιν
3185 4322 3648 4400 προσπιπονὸσης
3710 4331 3815 4393 τῆς

2147 4412 2345 4487 ὅψεως,
2400 4415 2504 4470 ἀπὸ
2564 4413 2755 4492 νέφους
2811 4412 2888 4478 εἷς
2942 4416 3130 4493 νέφος,
3189 4415 3437 4479 κάκεῖθεν
3471 4413 3817 4487 ἀνακλωμέ-

2144 4525 2243 4572 νης
2272 4505 2406 4576 πρὸς
2449 4499 2631 4577 ἕτερον
2680 4504 2837 4580 νὲφος
2886 4503 3104 4562 λευκόν.
3149 4505 3312 4562 Ὅταν
3367 4502 3424 4559 δὲ
3483 4503 3624 4580 λέγῃ
3658 4509 3818 4575 ’Δρι-

377 4598 558 4669 virgis
586 4594 858 4666 loquens,
893 4592 973 4646 ait
1003 4588 1241 4656 refringi
1275 4587 1559 4642 visionem
1592 4588 1648 4642 in
1699 4587 1843 4653 sole,
1877 4590 2038 4646 noris

2161 4589 2411 4662 ττοτέλης
2441 4592 2564 4668 περὶ
2603 4596 2710 4646 τῶν
2764 4587 3001 4668 ῥάϐδων,
3034 4594 3116 4649 ὅτι
3149 4591 3232 4648 ἰπ’
3262 4591 3440 4648 αὐτῶν
3499 4592 3816 4649 ἀνακλᾶται

377 4686 784 4742 candicantem
812 4681 1027 4736 nubem
1069 4679 1182 4733 isto
1213 4677 1274 4732 in
1325 4676 1450 4732 loco
1482 4677 1719 4733 nomine
1768 4677 1910 4734 solis
1941 4679 2031 4735 in-

377 4773 498 4833 telli
507 4773 584 4847 gi.

930 4875 1050 4932 109.
1092 4876 1166 4929 De
1190 4873 1488 4945 parhelz'is.

447 4969 633 5026 Multa
664 4971 804 5024 sunt
836 4964 1116 5040 parheliis
1150 4962 1487 5019 communia
1519 4977 1654 5017 cum
1686 4962 2028 5034 virgis,nam

374 5064 432 5118 et
460 5061 518 5116 hi
552 5077 653 5133 per
695 5063 1099 5114 transversum
1160 5071 1193 5109 a
1225 5053 1355 5108 luce
1403 5051 1698 5117 oriuntur,
1730 5057 1788 5108 et
1835 5054 1906 5109 de
1937 5055 2030 5110 die

370 5149 764 5215 solummodo,
799 5163 904 5203 nec
936 5145 1049 5201 nisi
1084 5142 1237 5199 circa
1267 5141 1471 5209 solem,
1506 5145 1564 5194 et
1594 5142 1846 5198 maxime
1878 5142 2030 5198 circa

370 5237 792 5296 occidentalem
841 5235 1210 5292 horizontem
1267 5231 1354 5288 vel
1397 5229 1811 5288 meridianum.
1846 5231 2026 5288 Caete-

369 5345 498 5386 rum
521 5328 692 5400 virgae
715 5329 774 5381 in
797 5325 1058 5381 nubibus
1074 5321 1465 5394 inaequalibus
1483 5335 1548 5373 ac
1565 5318 2026 5378 dissimilaribus

368 5422 720 5490 generantur
753 5415 992 5487 perinde
1025 5418 1089 5467 ut
1121 5412 1320 5479 irides,
1355 5407 1601 5481 parhelii
1632 5413 1824 5463 autem
1858 5408 2025 5466 halo-

367 5507 460 5563 nis
507 5512 568 5560 in
629 5505 872 5560 modum
923 5503 981 5556 in
1034 5499 1364 5573 aequalibus
1411 5515 1477 5553 ac
1521 5495 1904 5554 eimilaribus.
1945 5502 2024 5556 Ac

365 5601 540 5669 virga:
571 5593 808 5667 quidem
841 5590 1056 5663 triplici
1088 5586 1279 5644 colore
1321 5589 1463 5643 sunt
1513 5588 1578 5640 ut
1606 5583 1761 5641 halo.
1796 5586 1877 5644 De
1904 5587 2023 5645 illis

362 5701 497 5746 vero
531 5683 834 5742 sciendum
885 5678 1161 5756 est,quod
1192 5680 1333 5735 tunc
1381 5674 1652 5736 refractio
1685 5692 1716 5734 a
1771 5677 1926 5734 nube
1956 5678 2023 5739 ﬁt

2138 4683 2174 4752 ἠ
2232 4679 2355 4754 ὄψις
2383 4682 2518 4756 πρὸς
2542 4682 2634 4736 τὸν
2665 4678 2849 4750 ἥλιον,
2881 4686 3052 4757 γνῶθι
3084 4681 3167 4738 ὅτι
3198 4681 3363 4752 ἥλιον
3392 4686 3485 4738 νῦν
3517 4683 3580 4738 τὸ
3605 4681 3812 4739 λευκὸν

2137 4768 2299 4848 νέφος
2328 4767 2598 4826 ἐκάλεσεν.

2669 4878 2764 4953 ρθ’.
2801 4876 2929 4952 Περὶ
2960 4875 3274 4950 παρηλίων.

2210 4965 2436 5036 Πολλὴν
2492 4969 2776 5022 κοινωνίαν
2837 4963 3056 5042 ἔχουσιν
3117 4967 3169 5022 οἱ
3221 4965 3492 5039 παρήλιοι
3521 4965 3670 5042 πρὸς
3710 4969 3819 5033 τὰς

2137 5051 2371 5134 ῥάϐδους
2403 5075 2415 5088 ·
2465 5054 2554 5110 καὶ
2601 5057 2702 5132 γάρ
2745 5057 2836 5112 καὶ
2886 5055 3036 5112 οὗτοι
3087 5056 3147 5112 ἐκ
3193 5055 3446 5131 πλαγίων
3491 5061 3592 5111 τοῦ
3652 5057 3814 5130 λαμο

2135 5149 2274 5219 προῦ
2315 5144 2577 5220 γίνονται,
2631 5147 2718 5200 καὶ
2783 5146 2995 5222 ἡμέρας
3064 5145 3258 5219 μόνον,
3303 5146 3430 5220 περὶ
3487 5146 3579 5200 τὸν
3635 5144 3812 5214 ἥλιον

2139 5235 2325 5308 μόνον,
2358 5235 2448 5288 καὶ
2485 5233 2721 5306 μάλιστα
2768 5235 2893 5310 περὶ
2941 5236 3032 5290 τὸν
3083 5235 3335 5310 ὁριζοντα
3373 5235 3465 5289 τὸν
3499 5231 3744 5307 δυτιμὸν

2131 5323 2223 5378 τὸν
2255 5318 2628 5396 μεσημϐρινὸν
2653 5341 2666 5357 ⁶
2714 5323 2863 5393 πλὴν
2895 5325 2949 5379 αἱ
2985 5325 3080 5397 μὶν
3127 5318 3323 5399 ῥάϐδοι
3356 5323 3442 5378 ἐπὶ
3477 5324 3804 5396 ἀνωμάλων

2132 5411 2367 5488 γίνονται
2415 5417 2612 5485 νεφῶν,
2673 5414 2764 5467 καὶ
2817 5413 3256 5486 ἀνομοιομερῶν,
3315 5411 3563 5486 ὥσπερὴ
3627 5414 3747 5489 ἶρις
3783 5432 3797 5447 ’

2133 5503 2184 5556 οἱ
2243 5499 2298 5555 δὲ
2354 5500 2618 5576 παρήλιοι
2679 5500 2768 5562 ἐπὶ
2826 5501 3054 5576 ὁμαλῶν
3111 5502 3203 5556 καὶ
3249 5501 3636 5575 ὁμοιομερῶν,
3691 5503 3804 5558 ὦσα

2131 5609 2231 5666 περ
2284 5592 2318 5660 ἡ
2369 5588 2536 5653 ἅλως.
2589 5590 2694 5648 Καὶ
2772 5592 2826 5646 αὶ
2907 5593 3002 5666 μὶν
3075 5586 3266 5669 ῥάϐδοι
3331 5590 3588 5667 τρίχροοι
3654 5591 3802 5647 κατὰ

2127 5681 2196 5742 τὰ
2247 5687 2347 5754 τῆς
2392 5677 2574 5760 *ίριδος
2655 5681 2951 5761 χρώματα,
3025 5683 3078 5742 οἱ
3160 5679 3220 5740 δδ
3286 5679 3554 5758 παρήλιοι
3617 5677 3800 5759 μονό-
