4032 6202
226 368 326 430 753
1367 366 1467 428 DE
1512 365 1959 429 OMNIFARIA
2004 366 2425 428 DOCTRINA.

3483 370 3603 429 ’154

226 519 384 575 χροοι,
434 498 517 553 καί
574 494 762 551 λευκοὶ
794 496 932 551 κατᾶ
958 494 1021 551 τὸ
1054 499 1261 572 χρῶμα
1289 504 1388 568 τῆς
1420 495 1556 554 ἔίλω.
1592 496 1721 574 Περῖ
1779 497 1836 554 δὲ

1958 500 2020 556 ad
2050 499 2255 571 solem,
2298 514 2433 555 cum
2458 498 2645 555 nubes
2677 497 2915 553 densior
2943 500 3033 553 est
3073 499 3129 553 et
3159 496 3403 553 solidior
3423 515 3599 571 quam

219 585 313 643 τῶδ
342 585 613 663 παρηλίων
679 586 853 641 ἐκεῖνο
915 588 1028 662 χρὴ
1090 584 1309 655 εῗδὲναι,
1369 585 1845 658 ὅτιὴἀνάκλασις

221 678 311 733 ἀπὸ
360 681 449 731 τοῦ
504 675 694 752 νέφους
745 674 948 752 γίνεται
982 677 1117 750 πρὸς
1149 678 1239 731 τὸν
1267 674 1452 747 ἥλιον,
1504 682 1599 733 τοῦ
1647 677 1841 756 νέφους

218 766 514 839 ωκνοτέρου
564 761 722 827 ὄντος
772 766 865 819 καὶ
908 766 1250 841 στερεμνίου,
1304 767 1451 841 παρά
1500 768 1564 822 τὸ
1616 766 1668 822 ιν
1717 772 1836 831 ταῖς

221 851 430 931 ῥάϐδοις,
475 856 559 910 καὶ
584 854 824 928 ὁμαλοῦ.
882 854 978 909 Διά
1006 857 1106 932 γὰρ
1138 860 1298 910 τοῦτο
1330 857 1418 911 καὶ
1470 856 1664 919 λευκὸς
1713 856 1834 935 φαί-

1952 590 2011 646 in
2044 590 2246 663 virgis,
2277 589 2556 661 laavisque
2586 592 2643 643 et
2670 586 2931 660 aequalis,
2955 586 3334 659 quamobrem
3369 596 3418 643 et
3452 588 3604 645 albi-

1950 683 2118 736 cante
2141 679 2333 735 colore
2360 678 2663 752 parhelius
2685 676 3233 751 apparet,quoniam
3267 676 3338 732 ab
3361 676 3605 734 laevitate

1950 768 2051 825 illa
2082 786 2237 825 unus
2271 768 2549 841 idemque
2592 767 2749 824 color
2810 771 3101 837 servatur,
3133 771 3189 823 et
3247 783 3279 821 a
3310 767 3603 823 densitate

1947 858 2137 930 magis
2169 858 2519 929 faciliusque
2552 858 2711 913 visus
2745 856 3103 927 refringitur.

220 966 338 1000 νεται
368 947 393 999 6
418 941 711 1021 παρήλιος,
745 942 934 1013 ἐπειδή
972 946 1077 1000 ἀπὸ
1106 950 1207 999 τοῦ
1240 945 1455 1019 ὁμαλοῦ
1482 941 1537 1000 ἓν
1568 946 1657 1001 καὶ
1689 951 1848 1001 τοῦτο
1902 949 2107 1021 χρῶμα
2132 943 2474 1016 διασώζεται,
2508 946 2595 1001 καὶ
2630 946 2734 999 ἀπὸ
2764 948 2861 1000 τοῦ
2894 948 3099 999 πυκνοῦ
3132 941 3332 1019 ῥᾳδίως
3385 940 3599 1018 μᾶλλον

219 1036 290 1089 καὶ
320 1034 585 1108 συντόμως
621 1033 916 1089 ἀνακλᾶται
950 1036 986 1105 ἡ
1024 1030 1169 1109 ὄψις,

2536 1142 2657 1196 110.
2692 1143 2767 1197 De
2804 1142 3001 1196 ventis.

2017 1248 2239 1303 Ventus
2272 1265 2387 1303 non
2420 1253 2509 1303 est
2530 1247 2787 1319 agitatus
2819 1251 3008 1315 aer,ut
3037 1246 3417 1318 Hippocrates
3451 1245 3601 1301 Cous

1948 1337 2209 1394 medicus
2277 1336 2390 1393 sibi
2448 1337 2765 1408 persuasit,
2825 1339 2927 1393 sed
2994 1352 3064 1391 ex
3140 1352 3353 1406 vapore
3427 1338 3602 1406 atque

1945 1426 2313 1481 exhalatione
2373 1432 2536 1481 terra
2599 1425 2805 1481 oritur.
2875 1426 3041 1481 Aeris
3120 1424 3337 1496 quippe
3405 1429 3602 1479 motus

1945 1516 2265 1589 languidus
2287 1522 2375 1572 est
2398 1534 2461 1572 ac
2494 1518 2802 1583 remissus,
2830 1516 2984 1572 venti
3008 1514 3352 1587 tyrannicus
3387 1529 3454 1571 ac
3505 1530 3600 1571 ve-

1948 1606 2460 1674 hementissimus,
2496 1613 2559 1661 ut
2599 1607 3007 1662 demonstrant
3054 1609 3440 1672 terrasmotus,
3502 1604 3604 1675 qui

219 1693 420 1765 σεισμοὶ,
450 1694 499 1746 οἱ
530 1697 805 1755 κινοῦντες
844 1695 944 1761 τὴν
992 1696 1112 1767 γῆν,
1148 1690 1304 1747 οὐδὲν
1337 1693 1439 1767 γὰρ
1478 1690 1660 1766 ἕτερόν
1694 1692 1833 1747 ἐστιν

1958 1694 2093 1750 nihil
2124 1695 2282 1750 aliud
2318 1699 2457 1750 sunt
2488 1712 2665 1766 quam
2690 1694 3059 1751 subterranei
3088 1694 3411 1749 venti.Cum
3444 1710 3599 1759 vero,

219 1782 487 1854 ὸσεισμὸς,
549 1781 594 1836 εἰ
649 1784 725 1853 μή
785 1782 1037 1856 ὑπόγειος
1093 1779 1313 1854 ἄνεμος.
1342 1781 1625 1857 Τεσσάρων
1661 1778 1717 1836 δὲ
1748 1777 1837 1835 ὅν-

1958 1788 2014 1839 ut
2034 1783 2287 1839 breviter
2310 1783 2524 1849 dicam,
2552 1792 2805 1855 quatuor
2827 1786 2947 1840 sint
2980 1783 3133 1839 venti
3176 1781 3446 1838 catholici
3481 1782 3601 1837 sive

217 1892 320 1937 των,
373 1873 443 1933 ὡς
500 1872 783 1945 συντόμως
838 1870 1031 1941 εἰπεῖν,
1086 1870 1395 1935 καθολικῶν
1451 1872 1684 1943 ἀνέμων,
1740 1871 1838 1924 ἀπ·

1958 1872 2372 1939 oardinales,ex
2396 1874 2489 1928 his
2508 1872 2865 1929 subsolanus
2897 1890 2963 1927 ac
2990 1872 3278 1944 zephyrus
3309 1888 3426 1926 non
3458 1871 3600 1926 adeo

222 1957 439 2029 ηλιώτης
512 1962 606 2035 μὲν
684 1960 774 2015 καὶ
850 1961 1077 2037 ζέφυρος
1138 1960 1237 2015 οὐκ
1297 1960 1398 2014 εἰσὶ
1459 1957 1839 2037 σφοδρότατοι,

1958 1961 2177 2016 incitati
2201 1967 2359 2032 sunt,
2384 1963 2485 2018 sed
2517 1962 2923 2017 violentissimi
2953 1963 3162 2017 boreas
3185 1966 3359 2033 atque
3381 1964 3596 2016 auster.

229 2049 394 2124 βοῤῥᾶς
450 2047 504 2104 δὲ
554 2050 647 2105 καὶ
701 2050 856 2112 νότος
906 2050 1382 2126 τυραννικώτεροι·
1437 2046 1574 2104 διότι
1631 2048 1682 2104 ἐν
1748 2049 1843 2123 μὶν

1958 2051 2237 2117 Quoniam
2296 2051 2573 2107 nimirum
2602 2052 2668 2105 ad
2721 2051 3240 2121 septentrionalem
3289 2053 3465 2119 atque
3496 2065 3597 2103 au-

224 2142 286 2209 τῷ
336 2139 526 2214 βορείῳ
583 2140 673 2193 καὶ
728 2138 894 2211 νοτίῳ
943 2138 1126 2211 πόλῳ,
1187 2136 1331 2202 ἔνθεν
1393 2139 1420 2193 6
1468 2138 1668 2215 βορρᾶς
1698 2138 1787 2192 καὶ
1817 2140 1845 2192 6

1958 2139 2193 2195 stralem
2223 2139 2420 2211 polum
2467 2140 2564 2194 ubi
2608 2141 2814 2195 boreas
2864 2145 2920 2195 et
2966 2146 3165 2194 auster
3215 2139 3463 2210 spirant,
3514 2136 3601 2193 sol

225 2226 353 2289 νότος
407 2234 545 2299 πνεῖ,
611 2229 686 2300 μὴ
746 2227 1091 2303 γινόμενοςὸ
1150 2227 1314 2296 ἥλιος
1379 2226 1440 2281 οὐ
1475 2227 1846 2301 θερμαίνειτά

1958 2228 2185 2299 longius
2217 2230 2429 2283 absens
2450 2227 2551 2281 illa
2578 2246 2695 2283 non
2727 2228 3011 2296 calefacit,
3036 2228 3117 2283 ita
3149 2233 3213 2282 ut
3237 2227 3447 2298 frigida
3478 2244 3603 2282 ma-

226 2314 364 2371 ἰκεῖσε
408 2317 609 2393 χωρία,
676 2315 822 2371 ἀλλὰ
886 2316 1032 2389 μένει
1064 2319 1267 2393 ψυχρὼ
1304 2318 1493 2391 ψυχρὰ
1524 2314 1579 2370 δὲ
1611 2312 1735 2370 ὄντα
1764 2316 1845 2370 ἀεὶ

1958 2322 2169 2373 neant:
2206 2318 2534 2388 frigidaque
2558 2334 2689 2374 cum
2718 2318 2858 2387 sint,
2892 2334 3125 2387 semper
3173 2322 3311 2372 sunt
3342 2317 3606 2383 humida,

226 2403 386 2478 ἔνικμά
443 2406 599 2475 εἰσιν,
663 2406 802 2460 ὥστε
859 2402 1082 2481 ὄμϐρων
1140 2404 1367 2461 πολλῶν
1410 2407 1717 2481 γενομένων
1762 2404 1846 2459 διὰ

1958 2406 2246 2461 imbribus
2270 2406 2545 2478 plurimis
2575 2410 2812 2478 propter
2840 2406 3216 2478 frigiditatem
3264 2405 3345 2460 ibi
3394 2406 3605 2461 caden-

1956 2496 2135 2551 tibus.
2170 2495 2313 2550 Hinc
2349 2494 2627 2566 deinceps
2658 2498 2812 2550 terra
2844 2493 3179 2550 humectata
3206 2494 3420 2550 multos
3443 2495 3607 2550 emit-

1955 2584 2024 2639 tit
2055 2602 2296 2656 vapores
2328 2583 2867 2655 exhalationesque,
2903 2584 3057 2639 unde
3090 2584 3245 2640 venti
3294 2585 3605 2640 vehemen-

1952 2677 2040 2730 tes
2073 2679 2394 2730 nascuntur
2443 2674 2653 2729 boreas
2702 2678 2880 2745 atque
2943 2678 3163 2730 auster.
3224 2676 3294 2730 At
3345 2674 3503 2729 enim
3547 2675 3605 2729 in

1957 2764 2343 2821 orientalibus
2376 2769 2552 2837 atque
2590 2763 3053 2821 occidentalibus
3080 2764 3349 2837 partibus
3372 2780 3610 2820 versans

1958 2854 2044 2910 sol
2074 2870 2185 2908 oon
2209 2853 2431 2926 patitur
2452 2853 2709 2910 multum
2739 2853 2925 2926 frigus
2949 2854 3097 2926 ﬁeri,
3118 2856 3271 2910 unde
3297 2869 3402 2910 nec
3427 2854 3608 2910 multa

1958 2943 2174 3016 pluvia,
2209 2959 2314 2999 nec
2373 2942 2542 2999 multi
2578 2960 2821 3015 vapores
2871 2946 3043 3014 atque
3092 2942 3492 3001 exhalationes
3540 2961 3607 2999 ex

1956 3037 2113 3089 terra
2142 3033 2355 3105 quippe
2388 3049 2501 3088 non
2536 3033 2679 3089 adeo
2712 3033 3071 3101 humectata,
3126 3033 3263 3089 hinc
3314 3051 3417 3089 nec
3450 3034 3605 3090 venti

232 3119 388 3189 μένης,
442 3120 531 3174 καὶ
584 3119 645 3174 οὐ
702 3120 940 3193 γίνονται
1004 3116 1092 3173 διὰ
1150 3124 1313 3175 τοῦτο
1375 3121 1565 3194 ἄνεμοι
1623 3119 1846 3197 σφοδροὶ

1958 3123 2093 3179 inde
2142 3122 2459 3195 impetuosi
2506 3121 2755 3194 spirant.
2805 3126 3087 3178 Caeterum
3130 3125 3190 3178 in
3243 3124 3606 3180 australibus

228 3205 454 3271 ivtaSQe-a.
502 3207 657 3277 Πλὴν
711 3208 764 3263 έν
829 3208 923 3281 μὲν
982 3214 1097 3271 τοῖς
1164 3208 1366 3273 νοτίοις
1408 3210 1590 3283 μέρεσι
1650 3208 1845 3263 πλεῖον

1962 3212 2229 3285 partibus
2252 3211 2383 3283 plus
2414 3211 2653 3282 quidem
2686 3216 2850 3267 terrae
2874 3211 3086 3279 est,sed
3114 3211 3311 3268 minus
3343 3212 3610 3281 humida,

226 3296 303 3368 μέν
354 3298 487 3353 ἐστιν
549 3300 582 3368 ἡ
638 3305 731 3372 γῆ,
791 3297 890 3351 οὐκ
946 3294 1165 3371 ἔνικμος
1225 3295 1301 3367 δὲ,
1360 3298 1410 3353 ἐν
1465 3305 1581 3362 τοῖς
1615 3298 1846 3374 βορείοις

1962 3304 2021 3357 at
2052 3300 2108 3354 in
2145 3299 2703 3369 septentrionalibus
2745 3316 2859 3355 non
2892 3300 3035 3355 adeo
3084 3299 3273 3355 multa
3301 3304 3391 3355 est
3438 3305 3612 3370 terra,

226 3386 357 3463 ὀλίγη
419 3390 537 3461 μὲν,
598 3387 726 3443 ἀλλ’
775 3382 1015 3459 ἕνικμος.
1066 3386 1162 3441 Διά
1191 3387 1290 3463 γὰρ
1330 3388 1427 3456 τὴν
1457 3387 1612 3461 ψύξιν
1645 3384 1845 3464 ὄμϐροι

1958 3392 2055 3446 sed
2119 3391 2439 3444 admodum
2515 3390 2776 3445 humida.
2828 3393 2977 3444 Sane
3036 3406 3070 3444 a
3136 3390 3350 3459 frigore
3399 3389 3614 3443 imbres

222 3472 442 3549 γίνονται,
492 3478 581 3532 καὶ
615 3476 705 3531 διὰ
752 3477 813 3532 τὸ
866 3471 1088 3550 ἔνικμον
1141 3483 1239 3547 τῆς
1268 3485 1368 3551 γῆς
1402 3475 1589 3547 πολλὴ
1640 3477 1846 3553 γίνεται

1958 3480 2246 3547 oriuntur,
2281 3484 2339 3533 et
2372 3496 2403 3533 a
2436 3483 2600 3533 terra:
2633 3478 2982 3533 humiditate
3032 3496 3145 3533 non
3187 3479 3258 3533 ab
3310 3478 3615 3550 magnitu-

224 3564 569 3637 ἡκαποώδης
629 3565 999 3640 ἀναθυμίασις,
1057 3563 1184 3620 ἀλλ’
1249 3566 1309 3621 οὐ
1373 3563 1461 3621 διὰ
1516 3567 1577 3620 τὸ
1635 3566 1846 3636 πλῆθος

1958 3569 2089 3625 dine
2130 3568 2300 3623 multi
2355 3584 2599 3640 vapores
2653 3567 2967 3640 multaeque
3015 3567 3433 3623 exhalationes.
3464 3566 3611 3621 Hinc

1957 3662 2136 3714 etiam
2159 3659 2539 3713 vehementes
2569 3658 2721 3712 venti
2747 3675 2815 3713 ex
2872 3656 3229 3713 australibus
3253 3661 3307 3713 et
3360 3656 3612 3711 boreali-

1957 3748 2068 3804 bus
2112 3747 2354 3803 veniunt
2393 3748 2680 3819 partibus,
2730 3747 2882 3818 quod
2937 3746 3017 3801 ibi
3066 3746 3234 3801 multi
3266 3762 3511 3818 vapores
3543 3762 3609 3799 ex

1956 3840 2112 3893 terra
2142 3836 2434 3892 exhalant.
2472 3838 2533 3891 In
2593 3836 2813 3892 oriente
2836 3840 3025 3891 autem
3056 3840 3113 3891 et
3144 3835 3443 3893 occidente
3494 3852 3607 3891 non

1957 3929 2095 3983 sunt
2117 3925 2271 3980 venti
2295 3930 2415 3981 tam
2443 3925 2724 3996 immites,
2752 3926 2873 3982 sole
2900 3925 3181 3981 nimirum
3214 3942 3459 3997 vapores
3492 3925 3604 3979 ibi-

1957 4017 2089 4071 dem
2123 4016 2475 4087 prodeuntes
2508 4019 2893 4071 consumente
2933 4031 3037 4071 nec
3060 4015 3435 4086 permittente
3465 4014 3603 4069 sub-

1957 4105 2182 4161 sistere.
2222 4109 2389 4159 Porro
2422 4108 2622 4160 ventos
2667 4106 2740 4161 ab
2770 4105 3171 4177 septentrione
3200 4103 3409 4159 ﬂantes
3439 4120 3609 4159 voca-

1957 4211 2092 4250 mus
2124 4194 2350 4264 boreas,
2389 4195 2460 4248 ab
2497 4194 2738 4249 meridie
2771 4199 2940 4250 notos
2991 4194 3110 4249 sive
3140 4196 3391 4249 austros.
3427 4198 3613 4249 Causa

1956 4283 2177 4355 obliqui
2201 4288 2509 4339 ventorum
2555 4288 2749 4339 motus
2809 4288 2899 4339 est
2958 4283 3395 4339 circumrotatio
3454 4283 3613 4338 orbis

1958 4378 2271 4443 terrarum,
2312 4391 2437 4444 qua:
2462 4390 2705 4444 vapores
2737 4375 3011 4429 deorsum
3047 4373 3352 4428 tendentes
3382 4372 3616 4426 divertit

1957 4467 2015 4518 et
2036 4461 2150 4516 huc
2182 4460 2513 4533 atqueilluc
2574 4462 2873 4516 transfert.
2936 4462 3140 4516 Etesiis
3172 4460 3323 4515 venti
3365 4460 3614 4530 Septen-

1954 4550 2235 4607 trionales
2268 4551 2494 4621 spirant
2516 4556 2641 4621 post
2691 4551 2895 4622 viginti
2929 4550 3053 4604 dies
3087 4551 3157 4604 ab
3190 4550 3389 4605 aestivo
3421 4549 3613 4604 solsti-

231 4634 407 4711 ἡμέρας
458 4638 630 4691 εἴκοσι
689 4640 788 4706 τῆς
844 4638 1056 4711 θερινῆς
1112 4643 1346 4709 τροπῆς,
1406 4638 1540 4710 μετά
1592 4638 1690 4707 τὴν
1748 4636 1843 4692 τοῦ

1958 4640 2057 4703 tio,
2082 4643 2395 4710 ortumque
2427 4639 2874 4703 eanieulze,tuno
2899 4638 3192 4710 siquidem
3227 4636 3438 4693 solutis
3471 4639 3614 4692 nivi-

751 1141 843 1212 ρι’.
878 1139 1007 1215 Περὶ
1040 1139 1275 1213 ἀνέμων.

272 1248 321 1303 Ὀ
374 1247 562 1319 ἄνεμος
620 1245 720 1301 οὐκ
772 1245 911 1301 ἔστιν
975 1247 1080 1322 ἀῆρ
1140 1246 1481 1319 κινούμενος,
1540 1248 1612 1309 ὡς
1646 1249 1837 1303 Ἰππο-

218 1336 394 1409 κράτησ
450 1336 476 1389 6
535 1340 689 1399 Κῶος
729 1335 909 1411 ἰατρὸς
974 1333 1164 1407 ο’ίεται,
1225 1334 1351 1391 ἀλλ’
1382 1335 1440 1390 ἐκ
1487 1343 1585 1405 τῆς
1616 1336 1835 1391 καπνώ-

220 1423 319 1487 δους
368 1423 504 1479 ἐστὶν
583 1422 1012 1497 ἀναθυμιάσεως.
1087 1425 1151 1481 Ἡ
1214 1425 1307 1497 μὶν
1370 1426 1473 1500 γὰρ
1524 1428 1621 1479 τοῦ
1681 1425 1835 1500 ἀέρος

217 1515 393 1584 κίνησις
447 1512 672 1576 ἔκλυτος
743 1514 975 1589 ὑπάρχει
1035 1513 1122 1568 καὶ
1183 1512 1424 1589 χαλαρὰ,
1459 1517 1492 1583 ἡ
1529 1511 1586 1569 δὶ
1615 1519 1712 1569 τοῦ
1745 1515 1834 1568 ἀν-

217 1602 365 1676 έμου,
422 1605 707 1677 τυριννικὴ
765 1604 856 1657 καὶ
918 1602 1202 1679 βιαιοτάτη
1239 1646 1254 1671 ,
1333 1604 1408 1665 ὡς
1468 1601 1729 1673 δηλοῦσιν
1785 1604 1838 1658 οἱ

224 2496 303 2563 τήν
350 2496 518 2568 ψύξιν.
580 2498 734 2565 Εἶτα,
783 2502 884 2564 τῆς
956 2502 1058 2570 γῆς
1138 2490 1442 2571 διαϐρόχου
1525 2496 1846 2571 γενομένης,

223 2582 376 2653 πολλή
446 2581 741 2655 καπνώδης
816 2584 1172 2657 ἀναθυμίασις
1252 2581 1557 2652 ἐκδίδοται,
1615 2585 1702 2639 καὶ
1759 2582 1848 2638 διὰ

221 2676 373 2746 τοῦτο,
426 2671 656 2753 σροδροὶ
711 2672 905 2747 ἄνεμοι
934 2674 1220 2748 ίγίνονται,
1277 2674 1304 2728 ὁ
1348 2672 1548 2750 βορρᾶς
1581 2673 1668 2728 καὶ
1702 2675 1729 2729 ὁ
1758 2674 1848 2728 νό-

224 2781 317 2821 τος.
370 2764 448 2820 Ἐν
511 2760 568 2817 δὲ
624 2769 740 2825 τοῖς
811 2763 1155 2823 ἀνατολικοῖς
1195 2762 1283 2817 καὶ
1344 2759 1581 2824 δυτικοῖς
1614 2762 1847 2838 χωρίοις

227 2851 509 2923 κινοῦμενος
566 2854 594 2906 6
655 2850 820 2921 ἥλιος
869 2850 966 2905 οὐκ
998 2850 1057 2921 ἐᾷ
1100 2851 1253 2926 ψύξιν
1310 2850 1555 2927 γίνεσθαι
1605 2852 1849 2923 πολλὴν,

229 2934 346 3001 ἔνθεν
402 2938 454 2995 δὲ
512 2940 638 2996 οὔτε
692 2938 869 3004 πολὺς
927 2940 1079 3002 ὑετὸς
1135 2940 1355 3016 γίνεται,
1407 2939 1529 2996 οὔτε
1574 2944 1607 3011 ἡ
1654 2939 1845 3013 πολλή

230 3026 486 3101 καπνώδης
540 3030 915 3103 ἀναθυμίασις,
976 3030 1065 3085 ἅτε
1122 3036 1222 3099 τῆς
1259 3036 1360 3105 γῆς
1418 3032 1494 3104 μὴ
1556 3027 1849 3107 διαϐρεχο-

224 3652 385 3724 αὐτῆς.
444 3658 627 3713 Ἔνθεν
688 3678 772 3711 τοι
826 3654 913 3710 κα)
971 3656 1023 3710 οἱ
1082 3654 1307 3734 σφοδροὶ
1359 3655 1547 3730 ἄνεμοι
1608 3656 1711 3711 απὸ
1743 3661 1848 3711 τῶν

224 3744 383 3799 νοτίων
446 3745 546 3800 εἰσὶ
599 3745 689 3801 καὶ
756 3749 860 3800 τῶν
922 3745 1182 3821 ἀρκτῴων
1246 3750 1447 3818 μερῶν,
1498 3746 1572 3809 ὡς
1624 3744 1682 3799 ἂν
1740 3746 1848 3801 ἐκεῖ

224 3834 486 3907 γινομένης
559 3833 782 3904 πολλῆς
857 3832 1179 3896 καπνώδους
1266 3834 1700 3907 ἀναθυμιάσεως.
1762 3836 1845 3892 Ἐν

226 3922 311 3996 γὰρ
359 3928 422 3995 τῇ
478 3921 721 3997 ἀνατολῇ
782 3925 867 3979 καὶ
932 3921 1074 3978 δόσει
1110 3922 1171 3977 οὐ
1202 3923 1441 3999 γίνονται
1474 3921 1725 3999 σφοδροὶ,
1758 3926 1849 3978 ἅτε

226 4014 304 4065 τοῦ
350 4012 504 4081 ἡλίου
563 4010 974 4075 ἐκδαπανῶντος
1032 4014 1133 4080 τήν
1169 4016 1339 4067 ἐκεῖσε
1394 4012 1690 4089 γενομένην
1724 4014 1845 4067 ἀνα-

228 4100 467 4171 θυμίασιν,
527 4102 616 4156 καὶ
668 4104 766 4156 οὐκ
813 4101 1008 4161 ἐῶντος
1065 4102 1387 4170 ὑποστῆναι.
1438 4100 1738 4157 Καλοῦνται
1790 4100 1848 4157 δὲ

230 4188 269 4240 0".
315 4191 395 4249 μὲν
427 4192 530 4245 ἀπὸ
562 4197 663 4260 τῆς
693 4189 892 4264 ἄρκτου
930 4190 1137 4265 βορέαι,
1171 4191 1223 4244 0i.
1255 4188 1311 4244 δὲ
1339 4191 1443 4245 ἀπὸ
1479 4186 1845 4266 μεσημϐρίας,

228 4275 369 4336 νότοι,
413 4279 564 4336 Αῗτία
598 4277 655 4333 δέ
687 4278 799 4333 ἐστι
828 4286 928 4349 τῆς
977 4277 1142 4349 λοξῆς
1173 4283 1270 4333 τοῦ
1326 4279 1526 4352 ἀνέμου
1558 4282 1845 4353 κινήσεως,

229 4366 361 4432 ἢτοῦ
388 4370 587 4429 παντὸς
628 4366 991 4444 κυκλοφορίι,
1024 4370 1125 4437 τὴν
1175 4365 1436 4437 καπνώδη
1491 4369 1844 4443 ἀναθυμίασιν

229 4453 429 4520 κάτωθεν
484 4457 741 4511 ἀνιοῦσαν
784 4457 1069 4528 πλανῶσα,
1119 4458 1207 4512 καὶ
1252 4454 1383 4529 τῇδε
1428 4457 1643 4512 κάκεῖσε
1694 4480 1849 4531 μετα-

231 4546 447 4621 φέρουσα.
502 4549 750 4603 Γίνονται
788 4545 843 4602 δὲ
895 4548 945 4602 οἱ
982 4546 1187 4624 βόρειοι
1240 4548 1445 4618 ἐτησίαι
1480 4545 1667 4621 ἄνεμοι
1715 4548 1847 4621 μετά

229 4726 491 4801 rivis-.900
550 4724 837 4797 ἐπιτολήν.
889 4729 1197 4795 Τηνικαῦτα
1226 4726 1326 4801 γὰρ
1356 4732 1455 4795 τῆς
1488 4727 1674 4801 χιόνος
1726 4726 1850 4782 λυο-

234 4813 389 4883 μένης,
445 4814 689 4889 γίνονται
748 4815 905 4889 αὖραι
964 4813 1170 4889 ψυχραῖ
1232 4813 1460 4888 βόρειοι,
1494 4812 1690 4876 α’ίτινες
1723 4814 1847 4887 ἐτη-

232 4900 313 4955 σίαι
360 4902 627 4977 λέγονται.
683 4902 806 4960 Εἷσὶ
863 4901 920 4957 δὶ
968 4904 1143 4957 νότιοι
1202 4902 1407 4973 ἐτησίαι
1470 4904 1546 4965 ὡς
1596 4905 1700 4958 ἀπὸ
1756 4910 1852 4959 τοῦ

230 4991 338 5065 πρὸς
384 4995 444 5048 τὸ
498 5000 601 5049 πᾶν
661 4993 843 5048 νότου.
879 4990 1003 5047 ἀλλ’
1034 4995 1172 5066 ἡμῖν
1204 4992 1606 5063 ἀνεπαίσθητοι.
1640 4993 1760 5050 Εῗ’σὶ
1800 4994 1855 5050 δὲ

228 5079 298 5133 καὶ
348 5081 446 5137 ἀπὸ
493 5087 591 5137 τοῦ
637 5084 757 5137 καθ’
800 5084 949 5154 ἡμᾶς
1000 5083 1157 5136 νότου
1207 5080 1414 5151 ἐτήσιοι
1448 5079 1658 5154 ἄνεμοι.
1692 5084 1852 5139 Οὗτοι

231 5163 275 5222 δὲ
306 5173 426 5241 μετὰ
445 5166 829 5244 ἐϐδομήκοντα
877 5171 1087 5244 ἡμέρας
1114 5177 1215 5240 τῆς
1268 5178 1592 5245 χειμερινῆς
1644 5179 1855 5247 τροπῆς

232 5254 459 5335 ἔρχονται
511 5268 690 5330 πνεῖν,
745 5266 845 5315 τοῦ
876 5259 1040 5331 ἡλίου
1072 5258 1227 5322 ὄντος
1260 5259 1309 5314 ἐν
1339 5260 1569 5336 Ἰχθύσι.
1621 5261 1715 5316 Καὶ
1748 5262 1852 5317 ἀπὸ

235 5349 765 5426 μὶντῆςὶσημερινῆς
816 5348 1042 5420 δύσεως,
1093 5356 1216 5404 πνεῖ
1248 5352 1274 5405 6
1318 5352 1567 5429 ζέφυρος,
1627 5353 1730 5407 ἀπὸ
1798 5349 1855 5407 δὶ

229 5444 315 5506 τῆς
340 5440 661 5510 ἀνατολικῆς
693 5440 987 5517 ἰσημερίας
1015 5446 1139 5496 πνεῖ
1166 5439 1515 5511 ἀπηλιώτης.
1568 5442 1670 5498 Καὶ
1702 5443 1854 5505 αὖθις

232 5526 433 5585 ἀπὸτοῦ
479 5532 740 5607 ἀρκτικοῦ
794 5532 888 5605 μὲν
923 5528 1099 5586 πόλου
1146 5536 1271 5584 πνεῖ
1319 5530 1346 5583 ὁ
1396 5530 1713 5605 ἀπαρκτίας,
1747 5531 1853 5586 ἀπὸ

234 5614 281 5671 δὲ
325 5625 413 5674 τοῦ
454 5622 613 5677 νότου
674 5626 799 5676 πνεῖ
856 5622 883 5674 6
933 5620 1113 5682 νότος.
1168 5620 1261 5674 Καὶ
1298 5618 1458 5675 πάλιν
1494 5619 1598 5674 ἀπὸ
1633 5621 1725 5693 μὲν
1757 5628 1857 5691 τῆς

235 5705 425 5781 θερινῆς
465 5708 739 5781 ἀνατολῆς
772 5715 896 5766 πνεῖ
943 5712 971 5767 6
1020 5710 1255 5778 καικίας,
1308 5709 1414 5765 ἀπὸ
1472 5707 1528 5765 δὲ
1578 5716 1679 5781 τῆς
1735 5729 1853 5786 χει-

1959 4729 2070 4783 bus
2094 4746 2246 4782 aura:
2278 4728 2499 4799 frigidas
2533 4727 2675 4782 flant
2698 4728 2981 4793 boreales,
3006 4744 3154 4798 quas
3185 4727 3396 4782 etesias
3421 4728 3613 4799 appel-

1957 4817 2099 4873 lant.
2132 4818 2366 4888 Spirant
2395 4822 2453 4872 et
2483 4816 2770 4872 australes
2818 4817 3010 4872 etesiae
3052 4817 3123 4871 ab
3155 4816 3396 4871 australi
3448 4823 3611 4887 parte

1961 4906 2117 4962 orbis
2141 4912 2453 4970 terrarum,
2514 4907 2611 4960 sed
2648 4923 2746 4960 eas
2792 4923 2898 4961 nos
2930 4906 3224 4979 percipere
3254 4921 3370 4959 non
3398 4922 3612 4977 possu-

1963 5012 2115 5050 mus.
2178 4996 2429 5050 Veniunt
2477 5000 2674 5050 tamen
2735 5000 2787 5049 et
2835 5010 2903 5049 ex
2953 5001 3115 5067 parte
3165 4994 3409 5050 australi
3443 4995 3613 5050 nobis

1962 5084 2229 5156 propiore
2261 5085 2452 5139 etesiae
2484 5085 2768 5151 venti,sed
2806 5102 2932 5156 quas
2958 5090 3085 5156 post
3110 5085 3616 5157 septuagesimum

1962 5174 2115 5229 diem
2133 5193 2163 5229 a
2180 5175 2389 5229 bruma
2406 5174 2523 5230 sive
2539 5174 2783 5230 hiberno
2802 5174 3054 5231 solstitio
3072 5174 3619 5247 incipiuntspirarc,

1964 5265 2199 5335 quando
2234 5264 2317 5319 sol
2345 5267 2433 5319 est
2484 5263 2543 5318 in
2576 5264 2863 5320 Piscibus.
2898 5265 2982 5319 Ab
3031 5264 3327 5319 occidente
3360 5264 3621 5335 zequino-

1964 5353 2120 5409 ctiali
2148 5354 2248 5409 flat
2278 5354 2667 5427 zephyrus,ab
2690 5355 2911 5411 oriente
2943 5352 3328 5427 aequinoctiali
3353 5354 3621 5409 subsola-

1965 5460 2122 5499 nus:
2168 5448 2342 5516 atque
2400 5462 2432 5500 a
2489 5445 2988 5517 septentrionibus
3040 5443 3158 5499 sive
3216 5443 3429 5499 aretico
3486 5444 3618 5517 polo

1965 5537 2279 5606 apurctias,
2313 5553 2345 5589 a
2379 5534 2619 5591 meridie
2652 5542 2869 5591 auster.
2923 5536 3007 5589 Ab
3067 5533 3289 5589 oriente
3321 5533 3612 5588 solstitiali

1965 5623 2162 5679 mstivo
2190 5624 2447 5693 casiam,
2493 5642 2525 5679 a
2564 5625 2816 5680 brumali
2872 5640 3083 5678 occasu
3144 5622 3260 5677 liba
3310 5626 3532 5677 vocant.
3567 5624 3609 5674 Α

1966 5712 2217 5769 brumali
2247 5714 2468 5770 oriente
2517 5715 2702 5787 spirat
2750 5729 2927 5770 eurus
2976 5712 3095 5769 sive
3144 5711 3476 5779 vulturnus,
3534 5709 3605 5761 ab
