3966 6216
351 350 468 412 755

1689 343 2114 410 MICHAELIS
2155 345 2430 408 PSELLI

3650 339 3781 400 756

360 500 570 542 occasu
611 481 906 540 solstitiali
938 482 1136 540 aestivo
1167 486 1430 556 argestes
1459 497 1632 553 quem
1658 480 2006 538 Ptolemaeus
2036 485 2055 549 Α

2249 480 2345 548 vi:
2399 475 2604 540 δύσεως
2660 480 2783 532 πνεῖ
2831 475 2860 530 6
2890 472 3009 549 λίψ.
3042 473 3146 532 Καὶ
3179 471 3285 528 ἀπὸ
3327 471 3420 546 μὶν
3449 477 3552 542 τῆς
3582 492 3781 548 χειμε-

362 573 1066 646 appellatjapyga.Atque
1098 572 1157 628 hi
1182 577 1309 628 octo
1341 572 1498 626 venti
1529 588 1558 627 e
1580 571 1868 626 diametro
1902 569 2012 625 sibi

365 663 614 718 invicem
645 669 1043 735 opponuntur.
1078 661 1244 716 Alius
1303 659 1510 716 ventus
1542 665 1630 715 est
1671 661 1742 715 ab
1776 677 1892 714 una
1925 675 2012 715 se-

368 753 558 808 ctione
596 751 710 824 poli
744 751 964 816 arctici,
1023 763 1079 806 et
1127 754 1367 805 vocatur
1417 749 1619 805 boreas
1653 749 1771 804 sive
1803 765 2012 816 meses,

370 841 605 913 spirans
636 843 785 895 inter
805 840 1038 894 cmciam
1073 839 1530 911 aparctiamque.
1563 839 1727 893 Alius
1747 855 1813 892 ex
1837 837 2017 892 altera

370 931 486 1004 poli
518 930 717 986 arctici
769 930 1025 984 sectione
1083 932 1139 983 et
1195 932 1437 984 vocatur
1495 929 1803 997 thrascias,
1867 927 2020 981 inter

370 1019 692 1092 aparctiam
715 1021 891 1090 atque
942 1019 1243 1090 japygcm.
1298 1016 1459 1072 Alius
1517 1033 1585 1071 ex
1615 1016 1868 1071 sectione
1901 1032 2019 1069 una

371 1109 486 1181 poli
511 1106 788 1163 australis
829 1107 927 1161 flat
974 1110 1314 1176 euronotus,
1371 1106 1602 1160 medius
1630 1105 1783 1161 inter
1810 1121 2015 1159 eurum

371 1201 545 1268 atque
575 1200 866 1251 austrum.
901 1197 971 1250 Et
1003 1196 1154 1251 alius
1185 1195 1439 1267 denique
1487 1212 1556 1250 ex
1611 1195 1870 1250 sectione
1904 1192 2016 1264 poli

2125 574 2278 642 ρινῆς
2339 566 2612 636 ἀνατολῆς
2672 562 2860 636 ἔξεισιν
2923 566 2949 619 6
2981 562 3162 638 εὖρος,
3213 564 3319 618 ἀπὸ
3351 560 3406 618 δὲ
3431 569 3530 633 τῆς
3563 564 3784 637 θερινῆς

2126 655 2328 720 δύσεως
2392 660 2515 710 πνεῖ
2589 658 2876 730 ἀργέστης,
2933 654 2991 708 ’ὀν
3066 654 3094 707 6
3176 651 3521 725 Πτολεμαῖος
3582 651 3784 724 ἰάπυγα

2125 745 2544 822 προσαγορεύει.
2608 743 2711 800 Καὶ
2763 745 2909 798 οὗτοι
2977 742 3069 815 μὶν
3125 743 3177 796 oi
3239 741 3384 796 ὀκτὼ
3413 743 3605 814 ἄνεμοι
3646 740 3784 795 κατά

2127 833 2415 908 διάμετρον
2449 832 2714 904 ἀλλήλων
2771 831 2922 888 εἰσίν.
2970 833 3194 903 Ἕτερος
3229 828 3286 885 δὲ
3307 828 3507 902 ἄνεμος
3545 829 3652 884 ἀπὸ
3680 835 3781 897 τῆς

2131 929 2255 998 μιᾶς
2319 927 2497 996 τομῆς
2553 921 2664 977 ἐστι
2717 926 2814 976 τοῦ
2847 922 3101 995 ἀρκτικοῦ
3159 919 3361 988 πόλου,
3391 919 3482 974 καὶ
3534 918 3785 972 καλεῖται

2131 1014 2326 1090 βορέας
2422 1014 2456 1082 ἢ
2559 1011 2766 1086 μέσης,
2857 1009 3050 1085 μεταξῦ
3131 1010 3309 1064 πνέων
3393 1008 3606 1064 καικίου
3693 1007 3785 1061 καὶ

2129 1102 2459 1180 ἀπαρκτίου.
2520 1099 2730 1163 Ἄλλος
2786 1097 2844 1156 δὲ
2901 1101 3006 1155 ἀπὸ
3053 1103 3153 1170 τῆς
3212 1097 3392 1170 ἄλλης
3445 1103 3623 1170 τομῆς
3682 1101 3786 1151 τοῦ

2130 1197 2410 1270 ἀρκτικοῦ,
2471 1195 2556 1248 καὶ
2609 1191 2855 1248 καλεῖται
2905 1191 3062 1254 οὗτος
3124 1189 3401 1266 θρασκίας,
3465 1186 3662 1262 μεταξὺ
3710 1185 3784 1240 ὢν

373 1284 652 1342 australis
683 1283 866 1340 altera
889 1283 1366 1355 libonotus,inter
1387 1287 1656 1338 austrum
1689 1282 1860 1338 etlib;
1884 1281 2022 1351 ,dic-

371 1377 470 1429 tus
493 1373 672 1429 etiam
707 1373 1054 1430 wanicias.
1090 1377 1275 1444 Atque
1305 1373 1570 1429 boreales
1602 1371 1839 1444 quidem
1869 1369 2023 1426 venti

371 1463 704 1534 frequentes
727 1468 886 1530 sunt,
922 1463 1122 1518 minus
1176 1462 1392 1518 inteusi
1431 1467 1650 1531 tamen,
1685 1462 1962 1532 quoniam
1991 1476 2024 1513 a

373 1553 542 1610 valde
572 1551 833 1608 humidis
863 1553 1093 1624 spirant
1123 1552 1478 1624 regionibus.
1502 1550 1802 1607 Australes
1828 1549 2026 1604 minus

378 1642 713 1713 frequentes
745 1647 981 1713 propter
1020 1642 1310 1696 defectum
1369 1642 1643 1710 materiae,
1677 1639 2028 1695 intensiores

378 1747 512 1786 vero
537 1735 776 1802 propter
796 1735 1086 1785 terrarum
1113 1747 1180 1784 ex
1199 1729 2025 1800 quibusveniuntsiccitatem.

377 1821 460 1875 Ex
489 1820 580 1874 bis
611 1819 798 1874 ventis
830 1818 1086 1876 nubilosi
1111 1836 1237 1875 esse
1268 1821 1458 1874 solent
1489 1818 1714 1889 etesias,
1740 1819 1943 1874 boreas
1974 1821 2030 1872 et

377 1908 669 1980 aparctias
705 1925 717 1964 :
751 1907 1074 1981 fulgurales
1109 1909 1338 1978 boreas,
1391 1908 1708 1980 aparctias,
1741 1907 2028 1962 thrascias

377 2001 433 2053 et
462 1998 832 2069 argestes.Ex
865 1997 1018 2052 nube
1042 2014 1451 2069 prorumpens,
1477 1996 1821 2068 conephiam
1847 1996 2027 2051 Graeci

380 2085 792 2159 appellant,est
817 2086 1020 2142 boreas
1042 2091 1098 2142 et
1120 2088 1306 2141 nubes
1328 2087 1624 2142 obducens
1649 2103 1838 2142 meses
1862 2093 2034 2157 atque

385 2174 1058 2248 a‘parclias.Grandinem
1093 2175 1258 2229 ail‘ert
1289 2176 1597 2246 aparctias,
1632 2175 2039 2247 thrasciasque

389 2269 447 2320 et
477 2269 734 2336 argestes
761 2282 774 2320 :
807 2269 1014 2320 aestum
1043 2269 1263 2332 auster,
1292 2265 1582 2338 zephyrus
1631 2271 1808 2340 atque
1839 2283 2038 2323 eurus.

393 2357 674 2410 Ceterum
699 2355 989 2427 zephyrus
1023 2359 1232 2410 natura
1263 2356 1500 2428 quidem
1527 2355 1898 2428 suafrigidus
1931 2359 2040 2422 est,

397 2449 688 2516 quatenus
713 2447 907 2499 autem
941 2444 998 2499 in
1025 2444 1763 2514 testatespirat,ascititium
1797 2445 2046 2500 calorem

404 2532 668 2590 obtinet:
731 2533 936 2587 boreas
991 2549 1127 2588 vero
1185 2532 1624 2588 exbalationum
1678 2533 2052 2588 multitudine

403 2623 592 2678 nubes
623 2638 856 2694 semper
886 2623 1253 2688 absorbet,ac
1286 2622 1658 2678 serenitatem
1685 2622 2051 2690 inducit,nisi

405 2710 657 2783 frigidus
684 2710 890 2766 fuerit:
919 2711 966 2766 si
999 2727 1132 2766 vero
1163 2711 1340 2766 fuerit
1371 2711 1889 2783 frigidus,vapores
1907 2711 2052 2784 spis-

405 2807 498 2858 sat
529 2801 919 2871 indensatque
949 2805 1262 2872 antequam
1288 2802 1499 2856 nubem
1561 2807 1947 2871 summoveat,
1976 2802 2053 2856 fa-

404 2891 600 2963 citque
631 2889 908 2963 pluviam.
936 2891 1125 2962 Atque
1182 2890 1455 2945 contrarii
1490 2891 1722 2964 quidem
1753 2892 1908 2946 venti
1933 2891 2054 2964 spi-

405 2995 536 3036 rare
567 2979 769 3036 eodem
793 2982 1053 3051 tempore
1087 2995 1198 3034 non
1236 2984 1504 3052 possunt.
1538 2979 1642 3044 Qui
1677 2996 1850 3052 porro
1902 2979 2054 3052 apud

407 3086 514 3125 nos
546 3069 646 3124 ﬂat
676 3071 1019 3136 auster,non
1053 3086 1085 3124 a
1103 3068 1233 3141 polo
1257 3069 1500 3125 australi
1533 3069 1654 3125 sive
1676 3074 1878 3126 austro
1899 3069 2059 3126 orbis

406 3161 696 3214 terrarum
731 3157 1043 3230 spirat,sed
1071 3158 1141 3214 ab
1171 3157 1368 3214 aestivo
1390 3159 1629 3232 tropico.

2132 1281 2431 1361 ἀπαρκτίου
2502 1283 2590 1338 καὶ
2669 1281 2918 1359 ἷάπυγος.
2999 1280 3170 1337 Πάλιν
3233 1278 3290 1335 δὶ
3342 1279 3447 1334 ἀπὸ
3500 1284 3601 1346 τῆς
3661 1281 3791 1349 μιᾶς

2129 1380 2306 1446 τομῆς
2334 1377 2432 1428 τοῦ
2481 1372 2665 1428 νοτίου
2718 1371 2896 1428 πόλου
2954 1376 3078 1426 πνεῖ
3109 1371 3136 1425 ὁ
3167 1368 3455 1445 εύρόνοτος
3488 1365 3680 1441 μεταξῦ
3712 1361 3786 1419 ὥν

2135 1460 2293 1538 εὔρου
2358 1462 2448 1518 καὶ
2524 1463 2706 1518 νότου.
2789 1463 2920 1518 Ἀπὸ
2997 1459 3054 1515 δὲ
3117 1467 3220 1530 τῆς
3281 1459 3464 1533 ἐτέρας
3519 1462 3703 1529 τομῆς
3761 1457 3790 1509 ὁ

2135 1547 2445 1620 λιὸόνοτος,
2497 1550 2691 1624 μεταξὺ
2739 1548 2811 1605 ὣν
2870 1545 3025 1614 λιϐὸς
3049 1550 3138 1604 καὶ
3167 1548 3346 1619 νότου,
3381 1545 3440 1608 ὅς
3471 1546 3561 1600 καὶ
3595 1552 3791 1601 Φοινι·

2135 1640 2256 1704 κίας
2303 1641 2568 1698 καλεῖται.
2621 1641 2724 1697 Καὶ
2771 1640 2838 1695 τά
2888 1640 2985 1712 μὶν
3034 1639 3220 1714 βόρεια
3267 1636 3570 1709 πνεύματα,
3603 1632 3794 1689 πο).λά

2143 1732 2259 1804 μὲν,
2319 1730 2418 1785 οὐκ
2479 1727 2664 1785 εὔτονα
2721 1727 2796 1798 δὶ,
2850 1727 2939 1784 διὰ
2983 1730 3045 1784 τὸ
3080 1728 3186 1783 ἀπὸ
3239 1725 3461 1794 πολλῆς
3491 1724 3792 1800 ὑγρότητος

2139 1825 2316 1875 πνεῖν·
2356 1821 2422 1874 τὰ
2452 1817 2508 1874 δὲ
2530 1821 2680 1874 νότια
2707 1818 2863 1895 ὀλίγα
2889 1820 2984 1888 μὲν
3015 1816 3103 1873 διὰ
3131 1820 3229 1886 τὴν
3261 1812 3464 1871 ἔνδειαν
3495 1818 3596 1878 τῆς
3625 1812 3786 1881 ὕλης,

2138 1905 2324 1964 εὔτονα
2374 1905 2430 1962 δὲ
2478 1905 2566 1962 διὰ
2608 1909 2706 1977 τὴν
2757 1915 2856 1977 τῆς
2900 1914 3005 1982 γῆς
3056 1907 3351 1981 ξηρότητα.
3405 1903 3620 1958 Τούτων
3680 1906 3785 1956 τῶν

2139 1997 2350 2071 ἀνέμων
2429 1995 2734 2074 ἐπινέφελοι
2815 1997 2909 2070 μὲν
2985 1996 3199 2057 καικίας
3273 1993 3363 2048 καὶ
3421 1992 3638 2068 βορέας,
3695 1993 3794 2045 ἀπο

2144 2087 2361 2162 αρκτίας
2394 2107 2404 2118 ·
2464 2086 2787 2162 ἀστραπαῖω
2839 2083 2897 2140 δὲ
2958 2086 3152 2161 βορέας
3187 2130 3201 2153 ,
3254 2082 3595 2157 ἀπαρκτίας,
3669 2092 3800 2154 θρα-

2147 2176 2297 2239 σκίας
2367 2177 2453 2230 καὶ
2535 2174 2821 2251 ἀργὶστης.
2891 2175 3174 2252 Ἑκνεφὶας
3232 2170 3289 2228 δὲ
3364 2173 3392 2226 ὁ
3455 2170 3658 2246 βοῤῥᾶς
3716 2169 3806 2223 καὶ

2150 2262 2467 2342 νεφελώδης
2503 2265 2597 2337 μὲν
2654 2265 2828 2335 μέσης
2873 2264 2961 2318 καὶ
2996 2261 3321 2335 ἀπαρκτίας,
3357 2257 3701 2336 χαλαζώδης
3759 2255 3815 2311 δὲ

2157 2355 2456 2430 ἀπαρκτίας
2515 2353 2603 2408 καὶ
2664 2353 2920 2428 θρασκίας
2959 2352 3051 2407 καὶ
3098 2351 3383 2428 ἀργὲστης,
3443 2345 3815 2422 καυματώδης

2157 2441 2214 2498 δὲ
2268 2443 2426 2507 νότος
2480 2442 2570 2497 καὶ
2635 2443 2860 2520 ζέφυρος
2887 2441 2977 2496 καὶ
3010 2441 3186 2513 εὖρος·
3242 2442 3302 2498 Ὀ
3336 2437 3391 2494 δὲ
3427 2439 3661 2515 ζέφυρος
3705 2438 3823 2490 κατ’

2159 2532 2346 2588 οὐσίαν
2412 2531 2505 2604 μὲν
2562 2530 2672 2585 ἐστι
2723 2532 2958 2605 ψυχρὸς,
2991 2531 3125 2584 καθὸ
3170 2527 3226 2584 δὲ
3277 2529 3327 2584 ἐν
3386 2533 3464 2599 τῷ
3510 2527 3656 2603 θέρει
3707 2533 3824 2580 πνεῖ

2160 2619 2516 2694 νοθευόμενος
2565 2618 2927 2694 Θερμαίνεται,
2979 2620 3006 2672 6
3041 2615 3098 2671 δὲ
3151 2615 3345 2691 βορέας
3375 2612 3556 2669 διὰτὸ
3603 2612 3822 2681 πλῆθος

2159 2717 2258 2780 τῆς
2290 2709 2700 2782 ἀναθυμιάσεως
2754 2707 2832 2762 ἀεὶ
2875 2701 3141 2762 ἀποσοϐεῖ
3180 2705 3247 2760 τά
3283 2705 3440 2783 νέφη,
3485 2703 3577 2757 καὶ
3637 2699 3822 2757 ria-Iuv

2163 2805 2331 2868 ποιεῖ,
2382 2797 2527 2863 πλὴν
2589 2793 2713 2851 ὅταν
2780 2797 2856 2870 μή
2913 2793 3157 2870 ψυχρός·
3228 2795 3273 2849 εί
3331 2791 3388 2848 δὶ
3445 2791 3531 2862 εἴη
3582 2793 3821 2867 thr/96;,

2163 2888 2392 2964 παχύνει
2444 2889 2542 2956 τὴν
2604 2885 2804 2960 ἀτμίδα
2848 2887 2975 2962 πρὶν
3003 2884 3038 2954 ἢ
3068 2879 3411 2952 ἀποσοϐῆσαι
3442 2882 3503 2936 τὸ
3533 2883 3700 2959 νέφος
3730 2880 3820 2933 καὶ

2165 2983 2314 3034 ποιεῖ
2387 2975 2569 3034 ὑετόν.
2632 2975 2731 3030 Καὶ
2785 2977 2836 3030 οἱ
2890 2975 2983 3049 μὶν
3039 2975 3156 3029 κατ’
3215 2972 3461 3048 ἄντικρυς
3514 2969 3709 3044 ἄνεμοι
3757 2969 3818 3023 οὐ

2169 3067 2414 3123 δύνανται
2448 3066 2562 3140 ἅμα
2612 3070 2785 3134 πνεῖν,
2843 3069 2903 3122 Ὁ
2954 3061 3013 3118 δὲ
3061 3063 3182 3127 καθ’
3231 3064 3379 3136 ἡμᾶς
3405 3060 3562 3122 νότος
3593 3058 3696 3114 ούκ
3717 3059 3823 3113 ἀπὸ

2167 3159 2326 3213 νότου
2385 3161 2482 3212 τοῦ
2513 3157 2713 3219 παντὸς
2762 3159 2904 3228 πνεῖ,
2953 3152 3081 3210 ἀλλ’
3130 3153 3235 3208 ἀπὸ
3274 3156 3371 3207 τοῦ
3421 3153 3640 3225 θερινοῦ
3696 3169 3824 3226 τρο-

2090 3222 2133 3290 C
2170 3251 2358 3305 πικοῦ.

2705 3336 2827 3411 ρια’.
2861 3333 2988 3411 Περὶ
3017 3335 3288 3407 τυφῶνας.

2244 3429 2300 3480 Ὀ
2355 3429 2537 3504 τυφῶν
2597 3422 2796 3498 ἄνεμός
2843 3422 3008 3489 ἔστιν,
3040 3423 3098 3477 ’ὸν
3132 3423 3160 3476 6
3195 3421 3287 3494 μὲν
3310 3423 3562 3492 ’Όμηρος
3592 3415 3832 3472 θύελλαν

2179 3516 2463 3589 ὀνομάζει,
2519 3516 2546 3569 6
2608 3511 2664 3569 δὲ
2716 3511 3103 3588 Ἀριστοτέλης
3136 3511 3242 3566 ἀπὸ
3289 3513 3384 3564 τοῦ
3415 3508 3569 3584 παχὺ
3603 3510 3738 3562 εἶναι
3771 3509 3830 3560 τὸ

2174 3610 2408 3679 πνεῦμα,
2460 3603 2548 3658 καὶ
2609 3606 2724 3658 οἷον
2780 3602 2980 3656 τύπτον
3039 3602 3103 3656 τὸ
3161 3598 3502 3674 παρατυχὸν,
3561 3601 3832 3673 τυφῶνα.

2175 3695 2332 3752 Αίτία
2389 3691 2445 3748 δὲ
2501 3693 2720 3762 τούτου,
2753 3693 2914 3765 ἀτμὶς
2969 3695 3174 3765 παχεῖα
3232 3687 3432 3753 ἄνωθεν
3467 3687 3575 3741 ἀπὸ
3604 3691 3714 3741 τῶν
3747 3707 3831 3738 νε-

2176 3789 2288 3860 φῶν
2347 3783 2620 3861 φερομένη
2679 3782 2794 3836 κατ’
2854 3779 2974 3835 εύθὺ
3034 3778 3121 3834 ἐπὶ
3172 3779 3236 3833 τὸ
3286 3779 3564 3843 κάταντες,
3625 3776 3836 3844 ἦκατά

983 3339 1106 3393 111.
1145 3343 1221 3394 De
1251 3339 1505 3411 typhone.
1804 3399 1806 3401 ,

487 3427 732 3501 Typhon
755 3427 909 3483 venti
941 3444 1126 3500 genus
1155 3433 1244 3483 est
1265 3429 1416 3499 quod
1443 3428 1729 3484 Homerus
1752 3430 2060 3502 procellam

417 3521 606 3584 vocat,
638 3516 983 3573 Aristoteles
1013 3517 1352 3588 typhonem.
1385 3519 1539 3588 quod
1575 3519 1794 3574 densus
1824 3519 1918 3575 hic
1945 3521 2066 3592 spi-

423 3608 572 3663 ritus
593 3605 782 3659 τύπτει
830 3611 888 3660 et
945 3607 1211 3660 verberat
1241 3623 1305 3661 ac
1349 3609 1663 3677 prosternit
1694 3610 1980 3681 quidquid
2014 3610 2065 3664 ei

423 3715 486 3753 se
513 3695 807 3752 obtulerit.
834 3699 1020 3751 Causa
1052 3695 1181 3765 ejus
1213 3703 1351 3749 sunt
1371 3696 1688 3751 crassiores
1712 3714 1951 3766 vapores
1967 3699 2066 3753 de-

423 3802 602 3856 super
631 3800 662 3839 e
723 3783 979 3838 nubibus
1035 3789 1193 3837 recta
1239 3783 1512 3837 deorsum
1559 3784 1978 3841 descendentes
2007 3787 2066 3841 in

421 3879 637 3928 terram
670 3871 755 3926 vel
788 3871 849 3926 in
882 3888 1063 3940 mare,
1097 3872 1195 3942 qui
1257 3872 1314 3924 in
1347 3872 1715 3928 resistentem
1748 3877 2067 3944 quamdam

421 3961 751 4016 incidentes
780 3960 1085 4015 materiam
1112 3966 1264 4014 retro
1289 3960 1607 4030 pelluntur.
1666 3963 1908 4027 Quando
1941 3967 2067 4032 qui-

422 4050 556 4105 dem
587 4065 722 4105 vero
747 4064 1094 4119 repercussa
1144 4050 1350 4102 borum
1403 4065 1536 4120 pars
1591 4057 1826 4121 propter
1871 4069 2070 4107 succe-

422 4140 626 4194 dentes
684 4138 829 4193 alios
891 4153 1137 4209 vapores
1190 4153 1491 4210 resurgere
1570 4141 1933 4211 prohibetur,
1995 4143 2068 4197 ad

421 4227 660 4300 obliqua
686 4229 955 4283 feruntur
983 4227 1494 4299 perfringuntque,
1549 4234 1725 4300 atque
1782 4230 1955 4285 etiam
1990 4231 2068 4286 ibi

420 4317 867 4374 occurrentibus
888 4333 1010 4387 quas
1036 4316 1370 4372 renituntur
1399 4315 1532 4372 aliis
1563 4319 2069 4388 partibus,iterum

421 4408 846 4479 disperguntur
889 4404 1228 4476 faciuntque
1295 4404 1539 4460 helicem
1616 4408 1738 4462 sive
1792 4409 2069 4464 vorticem

418 4497 597 4564 venti,
632 4495 789 4566 quia
818 4499 975 4550 terra
1005 4498 1060 4547 et
1089 4511 1122 4548 a
1154 4494 1298 4548 mari
1334 4495 1390 4547 in
1418 4495 1669 4551 sublime
1703 4496 1894 4551 attolit
1924 4514 2072 4568 quae.

2174 3882 2273 3942 τῆς
2341 3875 2638 3946 θαλάσσης,
2721 3873 2844 3944 ἥτις
2917 3871 3324 3949 προσπταίουσα
3384 3870 3490 3925 τινὶ
3552 3870 3836 3938 ἀντιτύπῳ

2179 3965 2405 4038 ὀνόματι
2459 3961 2828 4018 ἀναπάλλεται
2885 3961 2962 4024 εἰς
3010 3959 3274 4017 τούπίσω.
3336 3955 3562 4026 Ἐπειδὴ
3623 3955 3686 4012 δὲ
3734 3979 3843 4010 κω-

2179 4054 2364 4110 λύεται
2418 4054 2480 4109 τὸ
2539 4049 3009 4124 ἀντιπαλλύμενον
3061 4049 3226 4104 αὐτοῦ
3283 4047 3447 4122 μέρος
3479 4047 3558 4109 εἶς
3588 4045 3844 4102 τούπῖτω

2179 4141 2581 4198 ἀναπάλλεσθαι
2663 4141 2766 4194 ὑπὸ
2848 4143 2944 4195 τοῦ
3028 4135 3244 4193 ὄπισθεν
3328 4134 3849 4199 ἐπακολουθοῦντος

2178 4233 2346 4286 αὐτοῦ
2382 4232 2602 4307 μὲρους,
2654 4229 2740 4284 ἐπὶ
2772 4229 2841 4284 τά
2887 4226 3096 4303 πλάγια
3122 4225 3431 4294 διακλᾶται,
3467 4225 3582 4280 εἶνα
3618 4226 3853 4280 κάκεῖσε

2181 4320 2453 4392 ἀντιτύπῳ
2484 4321 2852 4389 συναντήσασα
2914 4319 3088 4393 μέρει,
3139 4317 3305 4372 πάλιν
3339 4314 3725 4390 σκορπίζεται,
3752 4314 3852 4368 ’καῖ

2179 4410 2386 4486 γίνεται
2414 4408 2552 4480 ἓλιξ,
2584 4407 2713 4477 ἤτοι
2745 4408 3017 4484 συστροφὴ
3049 4411 3146 4460 τοῦ
3177 4405 3401 4478 ἀνέμου,
3435 4405 3858 4477 μετεωρίζουσα

2179 4500 2264 4554 xui
2295 4499 2400 4553 ἀπὸ
2431 4505 2530 4566 τῆς
2559 4504 2683 4570 γῆς,
2716 4496 2804 4551 καὶ
2838 4498 2943 4550 ἀπὸ
2972 4503 3072 4564 τῆς
3101 4493 3373 4564 θαλάττης
3402 4494 3470 4548 τὰ
3505 4492 3858 4568 ἐπιτυχόντα

421 4599 653 4656 cunque
683 4600 927 4656 corpora
957 4583 1542 4654 apprehenderit.Hic
1573 4593 2055 4658 estventusquem

2246 4609 2420 4660 ›ματα.
2447 4586 2618 4648 Οὗτός
2647 4585 2785 4640 ἐστιν
2811 4587 2838 4640 6
2870 4583 3068 4658 ἄνεμος
3101 4585 3129 4639 ὁ
3171 4581 3517 4656 καλούμενος
3565 4585 3730 4656 παρά
3778 4603 3858 4636 τε-

419 4672 687 4730 nonnulli
718 4672 1035 4745 typhonem
1077 4671 1392 4742 appellant.

2246 4697 2283 4731 ιν
2313 4680 2516 4752 τυφῶν.

991 4789 1113 4844 112.
1150 4789 1222 4844 De
1251 4788 1534 4860 ecnephia.

490 4887 818 4959 Ecnephias
842 4885 1018 4941 etiam
1043 4901 1230 4957 genus
1263 4891 1372 4955 est,
1401 4904 1726 4960 parumque
1755 4905 1787 4943 a
1815 4889 2070 4962 typhone

429 4976 749 5032 diversum.
784 4976 893 5031 Sed
927 4991 1040 5030 non
1074 4975 1335 5030 cernitur
1366 4977 1704 5049 ecnephias,
1736 4978 1922 5034 oculis
1963 4996 2069 5035 au-

417 5070 536 5122 tem
570 5065 824 5121 sentitur
852 5064 1050 5137 typho,
1095 5068 1294 5135 utpote
1334 5065 1430 5137 qui
1489 5067 1919 5124 crassissimum
1951 5085 2066 5122 ma-

419 5154 652 5221 teriam,
695 5169 938 5226 vapores
972 5152 1319 5224 l‘uliginosos
1377 5171 1443 5209 ex
1485 5157 1637 5210 nube
1670 5173 1865 5212 secum
1891 5157 2063 5213 vehit.

421 5242 778 5317 Eonephiam
811 5241 965 5314 sopit
996 5241 1212 5314 pluvia,
1245 5244 1343 5298 sed
1369 5243 1609 5316 typhoni
1643 5247 2066 5318 compescendo

418 5333 612 5403 impar
639 5336 748 5399 est,
785 5331 882 5403 qui
943 5348 974 5385 a
1015 5330 1229 5386 boreali
1280 5337 1452 5389 vento
1509 5334 1737 5389 tollitur
1767 5340 1822 5390 et
1853 5336 2066 5389 exstin-

419 5421 639 5493 guitur.
672 5420 825 5476 Nihil
877 5419 1032 5473 aliud
1079 5436 1247 5492 porro
1295 5426 1383 5476 est
1413 5423 1724 5495 ecnephias
1751 5425 2064 5480 vehemens

423 5526 600 5583 quam
633 5510 896 5583 typho,et
926 5509 1102 5582 typho
1151 5511 1438 5567 remissus
1485 5512 1634 5566 haud
1684 5514 1948 5569 diversus
1977 5520 2066 5570 est

422 5601 494 5656 ab
517 5599 816 5671 ecnephia.
880 5599 1102 5670 Saepius
1133 5604 1188 5654 et
1245 5615 1313 5654 ex
1345 5600 1572 5671 frigidis
1605 5602 1722 5657 oris
1756 5619 1857 5674 per
1875 5604 2064 5660 calida

421 5689 549 5748 loca
581 5689 874 5764 spirantes
906 5693 961 5744 et
992 5688 1220 5745 alterati
1251 5691 1406 5746 venti
1443 5691 1966 5762 ﬂantcalidum,et
1995 5711 2065 5752 ex

2703 4791 2829 4867 ριβ¹.
2860 4790 2990 4865 Περὶ
3031 4788 3297 4864 ἐκνεφίου.

2249 4891 2485 4964 ’Ἄνεμός
2528 4889 2636 4945 ἐστι
2685 4889 2775 4945 καὶ
2833 4891 2862 4945 6
2914 4887 3156 4967 ἐκνεφίας
3218 4885 3412 4964 σχεδὸν
3473 4887 3502 4942 6
3553 4886 3730 4950 αὐτὸς
3781 4895 3861 4956 τῷ

2174 4984 2404 5058 τυφῶνι.
2437 4977 2590 5047 Πλὴν
2628 4980 2656 5034 ὁ
2694 4979 2787 5052 μὶν
2835 4977 3082 5056 ἐκνεφίας
3115 4977 3224 5053 οὐχ
3255 4978 3472 5053 ὁρᾶται,
3505 4977 3534 5031 6
3571 4973 3635 5031 δι
3666 4982 3860 5055 τυφὲυν

2176 5069 2412 5145 ὁρᾶται,
2484 5065 2572 5122 διὰ
2618 5069 2680 5122 τὸ
2738 5066 3214 5144 ποχυμερεστὲραν
3267 5065 3454 5120 οὐσίαν
3514 5065 3862 5142 συνεφέλκε-

2175 5159 2294 5212 σθαι
2353 5156 2414 5212 ἐκ
2469 5161 2563 5211 τοῦ
2606 5157 2797 5236 νέφους
2825 5158 2922 5226 τὴν
2971 5153 3232 5227 καπνώδη
3294 5155 3698 5227 ἀναθυμίασιν.
3760 5157 3860 5211 Eu?

2173 5247 2261 5300 τὸν
2321 5245 2564 5324 ἐκνεφίαν
2623 5246 2781 5301 παύει
2837 5247 3009 5312 ὑετὸς,
3038 5246 3129 5301 τὸν
3165 5243 3222 5300 δὲ
3251 5249 3472 5322 τυφῶνα
3504 5244 3620 5318 οὐχ
3667 5245 3861 5306 ἱκανός

2173 5335 2284 5392 ἐστι
2346 5343 2565 5404 παῦσαι,
2620 5334 2742 5392 ἀλλ’
2798 5337 2825 5391 ὁ
2888 5335 3079 5412 βορέας
3135 5334 3293 5390 αὐτὸν
3366 5329 3807 5390 κατασϐέννπν
3840 5381 3853 5392 ,

2172 5423 2342 5482 Οὐδὲν
2414 5423 2472 5480 δὶ
2524 5423 2704 5502 ἕτερόν
2760 5423 2899 5482 ἐστιν
2956 5423 3220 5503 ἐκνεφίας,
3279 5425 3314 5494 ἢ
3371 5427 3554 5500 τιδφῶν
3595 5423 3851 5481 ἐπιτετα-

2174 5517 2354 5590 μὲνος.
2413 5515 2503 5570 καὶ
2557 5517 2680 5570 ὅσον
2735 5515 2829 5590 μὶν
2877 5515 3013 5570 κατᾶ
3067 5513 3130 5568 τὸ
3160 5511 3303 5576 εἶδος
3332 5513 3524 5568 ταυτόν
3557 5512 3723 5568 ἐστιν
3759 5514 3846 5569 ἑκ-

2171 5603 2352 5680 νεφίας
2384 5605 2473 5660 καὶ
2503 5609 2708 5684 τυφὼν,
2739 5602 2874 5660 κατά
2923 5600 2980 5658 δὶ
3029 5604 3129 5672 τὴν
3191 5601 3428 5658 ἐπίτασιν
3482 5602 3570 5655 καὶ
3658 5600 3844 5660 ἄνεσιν

2173 5692 2536 5772 διαφὲρουσιν.
2596 5695 2656 5753 Ὀ
2715 5693 2810 5768 μὶν
2868 5692 2970 5770 γὰρ
3020 5697 3202 5771 τυφῶν
3261 5689 3666 5766 ἐπιτετιμὲνος
3697 5692 3848 5749 ἰστέν
