4032 6202
244 390 346 451 757

1417 389 1518 450 DE
1561 388 2000 451 OMNIFARIA
2044 389 2462 452 DOCTRINA.

3524 391 3646 451 ’758

243 520 490 598 ἰκνεφίας,
547 519 662 578 ὁδε
719 520 961 600 ἐκνεφίας
1024 521 1307 594 ἀνειμένος
1363 524 1566 598 τυφῶν.
1601 518 1881 583 Πολλάκις

2014 521 2205 579 :alidis
2239 522 2445 579 ﬂantes
2476 521 2536 578 in
2570 520 2760 577 medio
2793 520 3017 593 frigidas
3041 520 3311 594 permisti
3343 538 3495 578 aurae
3539 521 3646 578 fri-

248 613 350 687 μὶν,
403 613 459 665 οἱ
521 611 616 685 μὶν
671 613 778 667 ἀπὸ
835 613 1066 687 ψυχρῶν
1130 609 1306 664 τόππν
1366 609 1610 673 πνέοντες
1669 610 1882 681 ἄνεμοι,

1995 611 2117 684 gidi
2141 612 2415 668 afﬂuunt.

242 699 575 773 νοθευόμενοι
606 697 694 755 διά
725 700 890 773 μὲσου
923 703 1141 776 Θερμῶν
1175 700 1355 754 τόπων
1392 699 1584 776 θερμοὶ
1619 698 2023 755 καταπνέουσιν·
2059 701 2112 754 οἱ
2143 697 2201 754 δὲ
2231 701 2337 755 ἀπὸ
2371 698 2587 774 θερμῶν
2617 696 3004 774 κεραννύμενοι
3064 695 3262 774 ψυχρῷ
3323 695 3413 753 διὰ
3480 699 3647 772 μέσου

243 791 358 863 ἀέρι,
391 791 603 864 ψυχροὶ
640 787 1008 866 διαρρέουσιν.

742 898 868 971 ριγ’.
906 897 1037 970 Περὶ
1067 900 1367 971 κεραυνῶν.

301 988 356 1044 Ὀ
413 988 666 1060 κεραυνὸς
719 987 820 1040 οὐκ
873 984 990 1060 ἔχει
1041 987 1104 1040 τὸ
1136 985 1362 1062 φλεγον,
1409 985 1755 1060 λεπτομερὴς
1783 987 1883 1059 γάρ

243 1075 364 1131 ἐστιν
419 1079 456 1146 ὴ
515 1075 668 1130 ούσία
723 1076 912 1147 αὐτοῦ,
974 1074 1094 1129 ὅθεν
1154 1073 1368 1150 ταχέως
1406 1072 1764 1148 διερχόμενος
1818 1075 1886 1128 τὰ

247 1167 458 1236 σώματα
516 1162 604 1220 διὰ
657 1166 757 1233 τὴν
818 1164 1126 1233 λεπτότητα
1191 1164 1253 1217 οὐ
1329 1163 1651 1240 καταφλεγει
1728 1163 1882 1219 αὐτὰ.

243 1258 412 1318 Ἔνθεν
457 1277 542 1309 τοι
591 1255 681 1308 καὶ
726 1255 984 1329 κεραυνὸς
1017 1250 1330 1329 ὠνόμασται
1362 1253 1466 1306 ἀπὸ
1497 1257 1592 1306 τοῦ
1628 1252 1883 1324 εύκραής,

989 1342 1130 1398 Ιιάνυ
1205 1343 1304 1417 γὰρ
1387 1339 1883 1416 λεπτομερέστερος

245 1431 330 1500 ὢν,
378 1434 454 1495 ὡς
517 1431 750 1503 ε’ίρηται,
803 1431 1029 1502 ὀξύτατα
1053 1432 1115 1486 τὸ
1145 1435 1307 1503 σῶμα
1339 1427 1546 1501 δίεισιν,
1573 1430 1710 1484 ὥστε
1744 1433 1884 1502 μήτε

245 1345 360 1398 εἶναι
420 1344 512 1398 καὶ
568 1347 642 1415 μὴ
675 1341 910 1418 φλέγειν.

247 1523 422 1590 καίειν,
506 1524 644 1593 μήτε
725 1521 1023 1593 μελαίνειν.
1095 1523 1252 1583 ’Ὀθεν
1331 1519 1419 1574 καί
1487 1540 1624 1581 τινες
1678 1521 1887 1594 ἀργῆτα

244 1617 417 1667 τοῦτον
480 1613 824 1682 ὠνομάκασιν
852 1609 976 1679 ἤτοι
1011 1609 1290 1682 λαμπρύν.
1345 1609 1541 1682 Ἀργὸν
1573 1609 1635 1662 τὸ
1668 1607 1884 1663 λευκόν.

249 1701 298 1756 Εἰ
348 1701 448 1774 γὰρ
506 1705 611 1775 πῦρ
672 1700 783 1754 ἐστι
838 1693 1142 1775 καίφύσει
1189 1695 1305 1772 ἔχει
1363 1699 1426 1751 τὸ
1451 1695 1644 1754 καίειν.
1679 1695 1803 1751 ἀλλ’
1845 1698 1880 1766 ἡ

252 1789 509 1859 λεπτότης
557 1789 647 1843 καὶ
695 1791 730 1857 ἡ
761 1787 1004 1862 ταχύτης
1030 1794 1132 1855 τῆς
1164 1784 1350 1841 διόδου
1387 1788 1462 1859 μή
1495 1784 1882 1859 ἰγχρονίζουσα

2501 898 2624 952 113.
2661 898 2733 952 De
2758 895 3114 965 fulminibus.

2068 986 2305 1041 Fulmen
2341 1003 2452 1042 non
2481 985 2628 1042 solet
2685 985 3016 1052 incendere,
3049 983 3440 1040 substantiam
3491 983 3650 1039 enim

1994 1077 2172 1132 habet
2202 1075 2678 1143 subtilissiinam,
2699 1075 2852 1130 unde
2884 1091 3127 1145 corpora
3159 1072 3424 1128 celeriter
3454 1077 3648 1128 trans-

1995 1166 2186 1221 eundo
2221 1170 2457 1237 propter
2489 1165 2875 1220 subtilitatem
2905 1180 2975 1218 ea
3005 1179 3118 1218 non
3152 1163 3650 1218 inﬂemmat.lnde

1995 1260 2053 1308 et
2083 1255 2298 1310 Gracia
2355 1255 2546 1309 dictus
2607 1252 2862 1324 κεραυνὸς
2911 1253 3076 1322 quasi
3111 1249 3341 1322 εύκραής
3376 1253 3530 1323 quod
3566 1253 3646 1306 fu-

1994 1343 2102 1399 cile
2137 1348 2413 1414 permeet,
2441 1359 2629 1414 neque
2661 1344 2803 1397 adeo
2837 1342 3157 1410 accendat;
3190 1341 3646 1398 subtilissimum

1993 1432 2150 1488 enim
2183 1450 2316 1486 cum
2350 1431 2528 1497 sit,ut
2560 1432 2699 1497 dixi,
2725 1431 3024 1487 celerrime
3054 1447 3267 1502 corpus
3301 1431 3563 1502 pervadit
3591 1446 3650 1495 ut,

1994 1538 2100 1576 nec
2138 1522 2463 1576 inﬂammet
2497 1537 2683 1590 neque
2708 1521 2939 1591 nigrum
2973 1519 3170 1587 faciat,
3204 1520 3360 1574 unde
3417 1524 3474 1574 et
3499 1536 3646 1575 non-

1995 1609 2143 1665 nulli
2171 1616 2379 1666 vocant
2407 1607 2616 1682 ἀργῆτα
2641 1609 2763 1664 sive
2793 1609 3073 1676 candens,
3107 1606 3268 1682 ἀργὸν
3303 1607 3460 1663 enim
3519 1625 3649 1664 can-

1992 1699 2199 1754 didum
2257 1699 2572 1770 signiticet.
2624 1700 2971 1768 Quanquam
3023 1697 3181 1752 enim
3241 1695 3463 1752 fulmen
3495 1697 3647 1768 ignis

1993 1793 2103 1856 est,
2157 1789 2313 1857 quod
2376 1792 2585 1841 natura
2619 1786 2735 1841 urit
2790 1794 2849 1841 at
2907 1785 3210 1841 subtilitas
3255 1785 3648 1856 velocitasque

252 1883 317 1951 τῷ
357 1880 566 1951 σώματι
616 1876 878 1932 ἅκαυστον
928 1874 1090 1932 τοῦτο
1141 1875 1218 1947 ἐᾷ.
1255 1882 1362 1930 Πᾶν
1431 1876 1534 1950 κίὰρ
1593 1876 1656 1929 τὸ
1712 1880 1882 1943 καῖον,

2014 1877 2280 1931 .ransitus
2316 1893 2430 1931 non
2484 1893 2584 1946 per
2643 1882 3008 1930 momentum
3040 1876 3364 1931 immorans
3396 1874 3644 1945 corpori,

258 1969 310 2023 οὗ
339 1969 494 2039 μύνον
549 1969 806 2042 μεγέθους
837 1965 1042 2021 οἲκείου
1083 1963 1254 2020 δεῖται
1307 1967 1477 2038 πυρὸς
1522 1968 1617 2018 τοῦ
1670 1968 1886 2031 καῦσαι,

264 2056 386 2111 eali
413 2058 500 2111 καὶ
523 2061 618 2111 τοῦ
648 2056 738 2110 καὶ
771 2050 1097 2128 ἐμϐραδῦναι
1129 2059 1208 2126 τῷ
1227 2058 1442 2125 καυστῷ
1476 2054 1710 2126 σώματι.
1735 2054 1889 2128 Ηαρὰ

258 2147 437 2216 ταύτην
461 2145 550 2201 οὖν
590 2147 691 2214 τήν
723 2144 897 2200 αἰτίαν
934 2145 998 2199 οὐ
1031 2144 1218 2222 φλίγει
1253 2146 1280 2199 ὁ
1312 2143 1588 2220 κεραυνός.

725 2411 847 2487 ριδ’.
881 2412 1014 2485 Περὶ
1053 2418 1389 2487 πρηστῆρος.

316 2506 372 2562 Ὁ
435 2505 686 2579 πρηστὴρ
754 2502 1116 2581 καταφλέγει,
1189 2501 1264 2564 ὡς
1348 2502 1437 2555 καὶ
1520 2499 1650 2554 αὐτὸ
1719 2497 1883 2570 δηλοῖ

256 2592 499 2665 τοῦνομα.
558 2594 820 2666 Πρηστήρ
850 2593 952 2668 γὰρ
985 2591 1089 2646 ἀπὸ
1119 2595 1215 2645 τοῦ
1272 2591 1497 2664 πρήθειν
1530 2589 1564 2657 ἢ
1609 2588 1884 2663 ἑμπιπρᾷν

261 2681 541 2754 ὠνόμασται
575 2725 588 2737 .
650 2680 851 2755 Φλὲγει
906 2679 963 2735 δὶ
1021 2678 1110 2734 διὰ
1163 2679 1226 2734 τὸ
1277 2680 1702 2733 συνεπισπᾶσθαι
1767 2682 1888 2751 μεθ’

263 2771 428 2825 ὶαυτοῦ
501 2769 978 2846 παγυμερεστὲραν
1041 2768 1224 2823 οὐσίαν
1285 2767 1344 2822 ἐκ
1399 2773 1495 2821 τοῦ
1547 2769 1738 2844 νέφους
1798 2767 1888 2820 καὶ

261 2859 435 2928 ταύτην
506 2859 802 2937 ἐμφυροῦν.

263 2952 450 3021 ηγιῖται
491 2953 726 3020 πνεῦμα,
759 2946 847 3002 καὶ
879 2951 1039 3002 τοῦτο
1083 2945 1253 3015 δῆλον
1288 2945 1346 3000 ἐκ
1373 2950 1490 3017 τοῦ,
1518 2946 1583 3000 τὰ
1617 2943 1891 3017 μέλλοντα

267 3035 626 3108 ἰμπίπρισθαι,
689 3041 904 3112 πρῶτον
955 3040 1168 3108 πνεῦμα
1197 3038 1294 3089 τοῦ
1323 3037 1640 3110 πρηστῆρος
1672 3031 1893 3094 Οειῶδες

267 3125 315 3178 ὃν
368 3122 588 3196 πλήττει
648 3126 737 3180 καὶ
794 3125 1046 3200 ῥήγνυσι,
1107 3125 1226 3187 ὅθεν
1282 3123 1466 3177 καὶτὰ
1493 3122 1897 3197 κεραυνωθέντα

883 2856 1087 2912 Τούτου
1133 2855 1190 2911 δὲ
1246 2859 1563 2931 πρηστῆρος
1621 2855 1709 2910 καὶ
1753 2875 1890 2931 προ-

1996 1965 2144 2019 illud
2177 1964 2456 2035 relinquit
2513 1964 2638 2019 sine
2688 1963 2936 2019 ustione.
2963 1963 3259 2034 Quidquid
3319 1963 3474 2018 enim
3510 1963 3645 2030 urit,

1997 2070 2113 2109 non
2147 2054 2320 2107 modo
2342 2053 2746 2124 magnitudine
2777 2053 2973 2107 debite
2998 2053 3219 2124 indiget
3243 2053 3313 2107 ad
3340 2053 3650 2119 urendum,

1997 2144 2098 2199 sed
2133 2141 2308 2198 etiam
2342 2149 2404 2196 ut
2453 2143 2678 2213 corpori
2738 2143 2959 2196 urendo
3019 2158 3122 2212 per
3151 2141 3388 2213 aliquod
3422 2148 3652 2214 tempus

1995 2231 2464 2287 immoretur.0b
2500 2231 2648 2286 hanc
2680 2230 2877 2302 itaque
2908 2247 3150 2286 causam
3185 2247 3298 2285 non
3325 2229 3656 2286 inﬂammat

1996 2338 2101 2377 nec
2128 2320 2244 2375 urit
2269 2319 2508 2374 fulmen.

2248 2411 2368 2464 114.
2407 2413 2488 2465 De
2527 2411 2766 2480 prestera
2804 2409 2925 2463 sine
2959 2409 3113 2480 igneo
3161 2411 3402 2466 turbine.

2070 2499 2298 2554 Prester
2329 2498 2589 2553 incendit
2638 2503 2694 2553 et
2725 2497 3074 2566 inﬂammat,
3113 2504 3174 2554 ut
3218 2499 3450 2554 nomine
3480 2499 3655 2555 etiam

1998 2590 2126 2661 ipso
2162 2589 2478 2644 indicatur.
2513 2588 2714 2644 Dictus
2772 2591 2926 2644 enim
2959 2593 3186 2660 prester
3240 2589 3457 2645 Graecis
3480 2593 3569 2644 est
3625 2607 3658 2644 a

1998 2677 2279 2734 vocabulo
2339 2678 2561 2750 πρηθειν
2623 2679 2779 2749 quod
2813 2678 3126 2734 accendere
3188 2677 3506 2750 significat.
3549 2682 3653 2734 Ac-

2000 2767 2197 2823 cendit
2230 2767 2595 2838 autem,quia
2625 2784 2694 2822 ex
2711 2768 2864 2822 nube
2887 2783 3087 2822 secum
3121 2767 3278 2822 vehit
3309 2767 3651 2823 crassiorem

2002 2856 2309 2912 materiam
2337 2872 2584 2927 eamque
2614 2855 2963 2911 inﬂammat.
2992 2856 3278 2922 Praecedit
3334 2861 3652 2927 presterem

2003 2954 2230 3011 ventus,
2269 2946 2423 3017 quod
2484 2944 2617 3000 inde
2649 2949 2900 3010 constat,
2926 2944 3224 3016 siquidem
3259 2962 3386 3016 quae
3421 2944 3653 3000 inﬂam-

2007 3035 2154 3106 mari
2187 3033 2591 3106 debent,prius
2624 3052 2656 3088 a
2680 3034 2894 3106 spiritu
2930 3035 3205 3105 presteris
3236 3033 3491 3089 sulfureo
3525 3051 3653 3104 per-

2007 3102 2302 3181 celluntur
2343 3102 2836 3195 rumpunturquc,
2890 3102 3045 3178 unde
3089 3128 3145 3179 et
3202 3122 3445 3178 fulmine
3501 3102 3656 3177 tacta

277 3213 403 3285 μένει
434 3213 748 3286 διεστηκότα
777 3214 864 3270 ἐπὶ
897 3213 1092 3290 χρόνον
1120 3212 1258 3270 τινά.
1293 3216 1471 3270 Τοῦτο
1505 3210 1562 3266 δὲ
1589 3213 1650 3266 τὸ
1682 3217 1895 3284 πνεῦμα

2014 3232 2110 3287 per
2141 3213 2376 3284 aliquod
2444 3219 2675 3284 tempus
2733 3212 2918 3267 hiant.
2952 3217 3066 3267 Nec
3125 3216 3353 3266 tantum
3387 3210 3662 3284 precedit

275 3302 329 3356 ού
355 3310 666 3379 προηγεῖται
713 3302 899 3376 μόνον,
932 3301 1077 3358 ἀλλὰ
1105 3303 1194 3356 καὶ
1245 3301 1452 3356 σύνεστι
1483 3307 1562 3374 τῷ
1619 3304 1894 3375 πρηστῆρι

273 3393 350 3445 ναὶ
379 3391 751 3449 ἐπακολουθεῖ.
787 3389 1076 3467 Σποράδην
1111 3389 1167 3446 δὲ
1197 3387 1552 3466 διαχεόμενον
1579 3391 1667 3446 καὶ
1701 3389 1896 3445 λεπτο-

279 3483 567 3556 μερέστερον
607 3483 691 3548 ὃν,
730 3483 960 3556 βροντὰς
991 3486 1139 3535 ποιεῖ
1169 3481 1259 3535 καὶ
1292 3481 1588 3552 ἀστραπὰς,
1619 3479 1707 3533 καὶ
1741 3479 1897 3556 ἐξαφ-

276 3570 348 3624 θὶν
378 3573 463 3642 μὶν
490 3577 636 3627 ποιεῖ
653 3572 905 3647 κεραυνὸν
937 3569 1027 3625 καὶ
1058 3571 1337 3645 ἀστραπὴν
1370 3572 1458 3624 καὶ
1490 3575 1743 3643 πρηστῆρ
1759 3569 1897 3641 α,μή

280 3658 470 3737 ἰξαφθὶν
505 3659 584 3731 ὃν,
616 3661 856 3738 ἐκνεφίαν
890 3659 980 3714 καὶ
1011 3665 1249 3737 τυφῶνα.
1273 3664 1447 3714 Ταῦτα
1480 3656 1537 3714 δὲ
1565 3658 1738 3713 πάντα
1768 3658 1903 3713 κατά

281 3747 489 3826 ἰκπυρην
501 3773 548 3804 ισ
557 3752 654 3824 μὸν
682 3750 946 3827 γίνονται.

601 3859 716 3932 ριε’.
751 3861 874 3918 Πῶς
904 3855 1221 3924 συνέστηκεν
1255 3856 1283 3910 6
1316 3856 1523 3927 κόσμος
1551 3875 1563 3923 ;

343 3947 439 4013 Τήν
491 3946 739 4000 σύστασιν
793 3947 820 4000 ὁ
868 3944 1076 4017 κόσμος
1132 3939 1325 3998 ἔλαϐεν
1385 3944 1490 3998 ἀπὸ
1539 3951 1641 4012 τῆς
1696 3943 1906 4020 φύσεως

287 4034 360 4087 καὶ
386 4037 638 4106 κινήσεως
672 4039 776 4088 τῶν
812 4032 1127 4108 στοιχείων.
1180 4028 1404 4100 Ἐπειδή
1450 4032 1553 4106 γὰρ
1583 4031 1788 4086 τούτων
1842 4033 1908 4085 τὰ

292 4125 368 4194 μέν
418 4123 512 4178 εἶσι
563 4124 896 4198 κουφότατα,
955 4122 1066 4176 οἷον
1095 4121 1156 4174 τὸ
1213 4125 1317 4192 πῦρ
1376 4121 1466 4174 καὶ
1509 4122 1536 4175 ὁ
1597 4122 1722 4196 ἀὴρ,
1754 4121 1821 4175 τὰ
1851 4117 1907 4175 δὲ

292 4211 552 4285 βαρύτατα,
611 4215 726 4267 οἷον
787 4208 931 4284 ὕδωρ
987 4209 1076 4264 καὶ
1125 4216 1221 4284 γῆ,
1278 4210 1345 4263 τὰ
1379 4209 1472 4281 μὲν
1507 4211 1603 4264 ὅσα
1638 4209 1910 4285 βαρύτατα

288 4301 412 4355 κάτω
437 4307 528 4356 τοῦ
559 4301 753 4362 παντὸς
790 4300 1116 4369 ὑπεκάθητο,
1161 4299 1227 4353 τὰ
1257 4295 1300 4352 δ’
1352 4298 1450 4352 ὅσα
1507 4300 1772 4373 μετάωρα,
1832 4298 1907 4360 εἷς

289 4389 338 4444 τὸ
387 4395 483 4465 πῦρ
539 4388 831 4468 ἐξεφέρετο.
891 4393 996 4442 Πᾶν
1059 4385 1116 4442 δὲ
1170 4388 1274 4442 ἀπὸ
1323 4394 1426 4462 γῆς
1455 4387 1754 4465 φερόμενον
1803 4384 1910 4442 ἅνω

290 4476 398 4534 ἐστί.
446 4481 538 4534 Διά
563 4480 765 4548 ταύτην
801 4477 890 4533 οὖν
939 4477 1038 4546 τήν
1091 4476 1263 4530 αἰτίαν
1312 4479 1426 4530 οἷον
1479 4473 1909 4552 περικεκλασμέ-

289 4589 363 4630 νος
413 4571 496 4624 καὶ
550 4569 746 4642 κυρτὸς
806 4569 832 4622 ὁ
888 4567 1097 4639 κόσμος
1156 4563 1287 4622 ἐστί.
1352 4561 1801 4638 Συνθλιϐομένων
1855 4563 1911 4620 δὲ

289 4663 377 4712 τῶν
407 4658 667 4731 σωμάτων
699 4654 996 4727 ἀλλήλοις,
1029 4658 1064 4724 ἡ
1091 4659 1190 4710 τοῦ
1240 4652 1437 4717 ὕδατος
1470 4655 1697 4729 ἐγενήθη
1732 4654 1912 4733 φύσις,

294 4744 554 4820 ῥευστικῶς
643 4744 702 4802 δὲ
759 4745 846 4800 καὶ
895 4749 1058 4800 τοῦτο
1132 4743 1430 4821 φερόμενον
1490 4741 1736 4798 ἐκοίλανε
1788 4744 1915 4805 τοὺς

295 4834 651 4909 ὑποκειμένους
700 4835 927 4901 τόπους,
977 4834 1064 4888 καὶ
1125 4831 1250 4894 τοὺς
1283 4829 1678 4904 κοιλουμένους
1710 4832 1911 4894 τόπους

294 4923 584 4988 θαλαττίους
610 4921 862 4994 ἐποίησεν
883 4965 896 4979 .
924 4923 1020 4979 Ἐκ
1049 4921 1143 4994 μὶν
1177 4921 1268 4975 οὖν
1315 4923 1423 4975 τῶν
1477 4920 1911 4989 ὑποκαθιζόντων

295 5013 528 5084 σωμάτων
561 5013 788 5089 ἐγενήθη
821 5014 855 5081 ἡ
888 5017 982 5086 γῆ·
1017 5009 1077 5065 ἐκ
1108 5006 1164 5064 δὲ
1192 5014 1299 5063 τῶν
1355 5009 1834 5082 μετεωριζομένων
1887 5011 1914 5065 6

296 5100 510 5176 οὐρανὸς,
535 5107 664 5176 πῦρ,
696 5103 825 5176 ἀὴρ.

798 5191 921 5265 ρις’.
956 5187 1018 5245 Εἰ
1047 5185 1102 5243 ἓν
1135 5187 1196 5242 τὸ
1243 5192 1381 5256 πᾶν;

354 5281 422 5337 Οὐ
474 5280 672 5337 πολλοὶ
703 5280 904 5352 κόσμοι
936 5277 1266 5352 σωματικοὶ,
1323 5279 1442 5332 κατ’
1490 5275 1665 5338 ἐνίους
1693 5281 1800 5332 τῶν
1835 5299 1918 5355 φι-

298 5365 542 5448 λοσόφων,
587 5370 739 5426 εἰσίν·
803 5367 930 5424 ἀλλ’
989 5370 1066 5429 εἷς
1113 5366 1347 5435 τέλειος,
1403 5368 1492 5420 καὶ
1547 5364 1671 5421 οὐδὲ
1717 5367 1920 5443 κυρίως

298 5455 342 5510 ’ἐν
396 5458 703 5532 ὀνομάζεται
757 5461 894 5530 (πῶς
945 5455 1044 5532 γὰρ
1086 5452 1141 5509 ἓν
1193 5456 1220 5509 ὁ
1273 5454 1478 5528 κόσμος
1549 5453 1793 5519 σύνθετος
1848 5454 1920 5511 ὢν

297 5546 371 5600 καὶ
394 5547 787 5623 πολυμερήςῂ,
821 5544 966 5601 ἀλλὰ
996 5542 1084 5599 διὰ
1112 5545 1209 5613 τήν
1261 5545 1395 5619 πρὸς
1429 5543 1651 5614 ἄλληλα
1679 5552 1784 5599 τῶν
1823 5567 1920 5618 με·

299 5638 389 5704 ρῶν
436 5637 590 5692 αὐτοῦ
646 5635 856 5703 ἕνωσιν,
916 5635 1014 5702 τὴν
1063 5637 1161 5688 τοῦ
1193 5633 1310 5694 ἑνὸς
1361 5628 1475 5707 ἔχει
1524 5635 1920 5710 προσηγορίαν.

299 5723 491 5798 Κυρίως
535 5727 636 5803 γὰρ
684 5725 740 5782 ’ἐν
789 5725 817 5780 6
863 5725 1014 5796 Θεὸς,
1076 5723 1147 5785 ὡς
1205 5721 1338 5798 ὀπὲρ
1392 5727 1562 5778 πᾶσαν
1617 5721 1919 5797 ἁπλότητα.

2007 3308 2327 3376 presterem
2350 3307 2579 3370 ventus,
2608 3303 2708 3356 sed
2738 3300 3052 3356 comitatur
3074 3301 3274 3371 etiam,
3294 3307 3347 3356 et
3370 3301 3656 3372 sequitur.

2009 3395 2208 3450 Latius
2232 3409 2296 3447 ac
2331 3391 2543 3463 passim
2598 3391 2850 3446 diffusus
2881 3395 2939 3445 et
2971 3390 3240 3446 subtilior
3270 3390 3315 3445 si
3356 3391 3548 3453 fuerit,
3579 3393 3664 3444 to-

2010 3482 2167 3539 nitru
2204 3481 2340 3536 facit
2371 3485 2425 3534 et
2451 3479 2646 3551 fulgur
2671 3479 3180 3546 :siinﬂammetur,
3212 3478 3391 3534 efficit
3418 3476 3659 3544 fulmen,

2011 3579 2066 3628 et
2095 3569 2312 3640 fulgur,
2347 3572 2808 3640 presteremque.
2861 3571 2937 3622 Ex
2973 3583 3088 3622 non
3120 3566 3484 3622 inﬂammato
3518 3566 3664 3620 fiunt

2011 3659 2325 3732 ecnephias
2357 3675 2420 3714 ac
2453 3658 2651 3729 typho.
2701 3661 2982 3712 Caeterum
3037 3656 3231 3711 omnia
3279 3655 3401 3712 brec
3432 3656 3663 3712 contin-

2013 3754 2163 3824 gunt
2185 3765 2287 3822 per
2315 3748 2628 3803 violentam
2661 3746 3091 3802 excussionem.

2336 3855 2463 3912 ll5.
2508 3855 2788 3924 Quomodo
2817 3855 3041 3925 ca9perit
3062 3852 3298 3909 mundus
3319 3853 3347 3907 ?

2087 3945 2345 4001 Mundus
2394 3945 2718 4001 subsistere
2769 3945 2944 4015 ccepit
2970 3961 3003 3998 a
3035 3949 3249 3998 natura
3279 3947 3336 3997 et
3363 3945 3522 3997 motu
3548 3939 3671 3996 ele-

2017 4041 2374 4092 mentorum.
2409 4035 2622 4088 llorum
2674 4033 2828 4088 enim
2863 4049 2992 4087 cum
3049 4033 3316 4102 quaedam
3358 4029 3508 4086 levia
3547 4030 3671 4086 sint

2020 4131 2083 4180 ut
2105 4125 2259 4194 ignis
2290 4128 2347 4177 et
2377 4140 2496 4186 aer,
2529 4117 2644 4176 alia
2674 4120 2894 4192 gravia,
2920 4127 2983 4175 ut
3010 4137 3164 4191 aqua
3218 4127 3276 4175 et
3322 4124 3498 4186 terra,
3543 4137 3668 4191 gra-

2017 4214 2177 4269 viora
2238 4212 2309 4266 ad
2359 4210 2664 4266 inferiores
2725 4215 2920 4280 partes
2979 4209 3234 4264 universi
3266 4209 3669 4273 subsiderunt,

2020 4302 2169 4356 levia
2191 4307 2254 4355 ut
2282 4298 2434 4372 ignis
2482 4315 2720 4354 sursum
2781 4314 2908 4352 sese
2964 4296 3315 4352 extulerunt.
3375 4296 3669 4367 Quidquid

2019 4407 2152 4446 vero
2181 4396 2345 4443 terrae
2371 4387 2658 4453 imminet,
2681 4403 2916 4442 sursum
2953 4392 3059 4441 est.
3095 4385 3334 4456 Propter
3354 4385 3506 4440 hanc
3533 4402 3670 4440 cau-

2020 4496 2149 4534 sam
2183 4477 2440 4532 mundus
2463 4476 2923 4546 circumquaque
2957 4475 3140 4530 ﬂexus
3163 4480 3250 4528 est
3269 4491 3334 4529 ac
3365 4475 3671 4546 gibbosus.

2021 4567 2248 4623 Attritis
2297 4583 2430 4620 vero
2487 4565 2735 4619 invicem
2789 4563 3179 4634 corpusculis,
3239 4580 3402 4634 aqum
3458 4563 3672 4636 prodiit

1946 4619 1988 4684 D
2021 4661 2252 4723 natura,
2288 4670 2417 4725 quae
2472 4653 2630 4707 ﬂuxu
2659 4669 2767 4707 suo
2827 4652 3092 4722 subjecta
3121 4651 3248 4708 loca
3277 4651 3588 4717 excavavit,
3618 4653 3671 4707 et

2021 4744 2214 4818 spatia
2246 4743 2390 4799 mari
2428 4742 2758 4813 recipiendo
2792 4741 2943 4796 fecit.
2978 4742 3056 4796 Ex
3091 4741 3535 4797 subsidentibus
3565 4740 3668 4811 igi-

2018 4838 2118 4890 tur
2145 4833 2488 4904 corporibus
2512 4837 2666 4886 terra
2690 4831 2839 4885 facta
2862 4836 2969 4900 est,
3002 4847 3070 4886 ex
3119 4830 3343 4886 levibus
3383 4834 3440 4885 et
3486 4827 3668 4886 subli-

2023 4923 2218 4978 mibus
2250 4920 2482 4988 caelum,
2515 4917 2690 4991 ignis,
2731 4936 2849 4974 aer.

2272 5186 2396 5242 H6.
2431 5187 2571 5242 Num
2611 5203 2787 5243 unum
2815 5189 2886 5243 sit
2925 5187 3022 5242 hoc
3058 5185 3424 5242 universum?

2096 5276 2221 5332 Non
2248 5275 2416 5331 multi
2437 5280 2576 5331 sunt
2608 5277 2812 5332 mundi
2841 5276 3190 5349 corporales,
3225 5280 3288 5331 ut
3319 5275 3672 5346 quibusdam

2027 5364 2391 5438 philosophis
2414 5367 2895 5439 persuasum(sed
2915 5382 3064 5421 unus
3087 5364 3543 5436 perfectus,licet
3561 5384 3674 5423 non

2029 5455 2258 5526 proprie
2292 5471 2473 5509 unum
2501 5455 2735 5520 dicitur,
2761 5455 3053 5527 quomodo
3111 5454 3268 5510 enim
3301 5471 3482 5510 unum
3507 5455 3680 5510 fuerit

2030 5546 2288 5599 mundus
2307 5561 2375 5599 ex
2399 5550 2481 5599 tot
2511 5551 2567 5600 et
2600 5551 2714 5599 tam
2743 5545 2986 5599 diversis
3021 5544 3380 5613 compositus
3403 5543 3676 5612 P),verum

2030 5639 2266 5705 propter
2313 5632 2568 5703 partium
2594 5634 2720 5703 ejus
2771 5632 3017 5687 invicem
3055 5632 3332 5687 unionem
3361 5648 3542 5685 unum
3575 5648 3675 5702 np-

2030 5723 2297 5796 pellatur.
2335 5724 2614 5780 Caeterum
2671 5721 2904 5795 proprie
2958 5738 3138 5778 unum
3185 5721 3342 5780 Deus
3389 5723 3479 5775 est
3517 5722 3680 5777 omni
