4032 6202
335 302 460 363 759

1675 304 2100 369 MICHAELIS
2143 304 2421 368 PSELLI

3639 305 3766 366 760

340 436 721 511 simplicitate
746 436 1446 515 sublimior,quaecunque
1468 458 1596 497 vero
1629 440 1782 496 infra
1804 440 1985 496 Deum

2103 440 2240 497 Ὅσα
2297 436 2353 493 δὶ
2409 439 2541 511 μετᾶ
2594 437 2757 510 Θεὸν,
2819 436 2880 493 οὗ
2929 436 3129 515 κυρίως
3181 434 3261 509 ἓν,
3322 433 3467 493 ἀλλᾶ
3519 434 3611 492 διὰ
3659 440 3768 507 τήν

342 532 623 594 sunt,non
650 529 882 600 pr0prie
913 534 1053 585 sunt
1085 548 1290 601 unum,
1325 532 1423 587 sed
1454 534 1692 602 prepter
1712 528 1990 585 unionem

341 617 931 690 etparticipationem
965 636 1032 675 cx
1065 638 1199 687 uno,
1264 621 1344 676 ita
1396 620 1695 676 dicuntur.
1754 620 1899 677 Nam
1936 624 1992 675 et

341 718 511 759 mens
545 722 731 760 unum
748 712 838 761 est
859 711 916 762 et
946 708 1153 762 multa.
1186 710 1480 779 Quotquot
1508 708 1660 764 enim
1696 714 1836 763 sunt
1877 724 1989 779 res,

340 795 429 848 tot
456 794 633 849 etiam
660 810 825 851 mens
857 800 965 864 est,
1011 814 1146 852 nam
1181 801 1238 852 et
1285 798 1551 870 exempla
1585 798 1818 853 illorum
1843 798 1901 852 in
1930 814 1992 853 se

343 882 619 938 continet.
656 884 837 939 Etiam
869 885 1098 953 animae,
1137 903 1263 958 quae
1312 892 1367 943 et
1415 887 1599 943 multo
1627 886 1815 958 magis
1846 886 1989 943 divi-

340 970 458 1027 dua
488 976 595 1041 est,
628 974 913 1045 contingit
947 975 1129 1030 multa
1166 993 1426 1047 esse,nec
1458 978 1656 1033 minus
1687 977 1992 1033 elementis

344 1076 410 1117 ac
487 1062 850 1133 corporibus.
939 1067 1423 1138 Quandoquidem
1474 1068 1655 1139 igitur
1708 1072 1991 1122 accuratae

341 1150 575 1206 unionis
589 1151 763 1207 etiam
784 1155 1042 1210 mundus
1067 1160 1154 1211 est
1172 1156 1789 1229 particeps,propterea
1806 1172 1991 1212 unum

339 1238 688 1310 appellatur,
722 1244 780 1296 et
837 1244 1113 1314 quoniam
1162 1246 1453 1317 perfectus
1492 1250 1581 1302 est
1611 1263 1767 1303 unus
1798 1250 1854 1302 et
1902 1263 1991 1302 so-

335 1325 451 1395 lus,
477 1345 583 1385 nec
613 1331 784 1387 multi
815 1338 956 1389 sunt
977 1335 1205 1390 mundi.

940 1425 1062 1478 117.
1100 1426 1170 1480 De
1199 1442 1385 1482 vacuo.

405 1505 673 1565 Vacuum
705 1526 821 1565 non
845 1515 1178 1581 omnes,sed
1200 1515 1382 1584 aliqui
1405 1515 1463 1569 in
1489 1514 1727 1586 scriptis
1752 1514 1878 1569 suis
1896 1515 1987 1569 in-

334 1596 551 1652 duxere
575 1603 751 1669 atque
773 1601 1149 1657 nominavere
1172 1603 1815 1675 phi1050phi,aiunlque
1840 1604 1985 1659 illud

334 1702 466 1743 esse
497 1688 657 1742 omni
690 1690 1004 1759 spoliatum
1041 1694 1790 1763 corpore.velutiinvisibile
1808 1695 1984 1763 quod-

336 1775 472 1831 dam
505 1776 768 1846 0haos,et
797 1784 930 1834 ante
952 1782 1239 1837 mundum
1268 1782 1447 1837 fuisse
1479 1784 1985 1853 statuunt,deinde

335 1862 641 1922 elementis
665 1868 1093 1938 prodeuntibus
1108 1870 1316 1926 etroelo
1343 1872 1857 1928 circumrolatione
1879 1889 1988 1928 sua

343 1966 587 2023 corpora
620 1954 819 2010 omnia
848 1956 1159 2030 colligante
1190 1976 1254 2014 ac
1277 1961 1986 2033 constringenteﬁacuum

343 2041 575 2111 quidem
610 2042 768 2099 intus
818 2046 1084 2102 relictum
1136 2047 1362 2104 nullum
1412 2050 1615 2117 fuisse,
1675 2055 1835 2105 extra
1863 2048 1991 2105 caeli

340 2145 476 2186 vero
508 2132 794 2189 ambitum
828 2150 1000 2191 omne
1032 2154 1281 2194 vacuum
1309 2156 1458 2206 esse,
1495 2141 1649 2212 quod
1689 2141 1988 2197 inﬁnitum

340 2218 401 2275 in
434 2220 664 2278 infinito
697 2224 886 2295 spatio
916 2224 1050 2282 licet
1098 2228 1376 2300 cogitare.
1428 2230 1589 2285 Hanc
1636 2231 1989 2287 sententiam

339 2310 578 2367 omnino
612 2313 800 2383 rejicit
823 2315 1253 2386 Aristotcles,et
1286 2336 1579 2391 nusquam
1604 2320 1865 2376 admittit
1894 2336 1991 2374 va-

339 2415 539 2471 cuum,
575 2418 763 2473 neque
793 2402 950 2461 intra
976 2407 1262 2463 mundum
1300 2426 1489 2481 neque
1520 2414 1700 2465 extra.
1735 2412 1802 2465 At
1830 2409 1990 2465 Cleo-

335 2489 537 2545 medes
569 2490 959 2563 philosophus
992 2494 1145 2551 intra
1205 2499 1493 2554 mundum
1524 2498 1765 2569 reperiri
1795 2502 1989 2570 negat,

335 2581 497 2635 extra
518 2596 649 2638 vero
666 2580 832 2639 illum
848 2584 973 2640 dari
999 2588 1650 2657 vacuum,vehementer
1670 2588 1990 2658 contendit,

972 2764 1094 2820 H8.
1130 2766 1204 2820 De
1236 2766 1365 2823 loco.

412 2853 600 2909 Locus
630 2854 959 2911 secundum
990 2855 1257 2913 vocabuli
1279 2858 1395 2913 vim
1447 2862 1535 2915 est
1563 2858 1807 2933 aliquid,
1833 2861 1989 2932 quod

337 2956 553 3013 corpus
580 2939 664 2996 vel
688 2957 809 2997 rem
832 2941 1255 3016 incorporalem
1282 2950 1473 3019 potest
1501 2948 1987 3021 complecti.Quo-

339 3031 501 3089 niam
533 3029 716 3103 igitur
745 3033 991 3089 materia
1022 3034 1432 3107 complectitur
1460 3036 1991 3106 formam,materia

334 3120 537 3177 formai
565 3137 693 3192 quae
726 3138 817 3178 res
841 3123 1228 3197 incorporalis
1253 3132 1361 3197 est,
1399 3127 1583 3198 possit
1631 3128 1741 3183 dici
1800 3128 1984 3184 locus.

2100 524 2290 583 ἕνωσιν
2342 529 2428 583 καὶ
2460 529 2702 604 μετοχὴν
2734 532 2831 583 τοῦ
2882 527 3022 597 ἑνὸς,
3074 526 3221 581 οὓτω
3279 527 3767 603 πρασειγορεύετοιι.

2102 619 2206 674 Καὶ
2264 620 2366 694 γὰρ
2425 620 2510 673 καὶ
2574 620 2601 673 6
2634 623 2756 680 νοῦς
2807 614 2859 672 ἓν
2892 618 3002 672 ἐστι
3033 618 3119 671 καὶ
3154 616 3359 674 πολλά.
3393 619 3530 674 ’Όσα
3561 620 3668 693 γὰρ
3704 619 3772 671 τὰ

2102 704 2251 778 ὅντα,
2311 712 2547 762 τοσαῦτα
2602 707 2690 762 καὶ
2751 708 2779 760 ὁ
2832 710 2974 780 νοῦς,
3036 706 3149 760 ἐπεὶ
3198 704 3288 760 καὶ
3345 704 3771 781 παραδείγματι

2098 796 2304 851 τούτων
2365 796 2415 851 ὲν
2449 798 2620 869 ἑαυτῷ
2672 798 2937 872 περιέχει.
2972 794 3165 851 Πολλὰ
3205 796 3295 849 καὶ
3327 798 3359 865 ἠ
3410 798 3564 871 ψυχή
3599 794 3769 869 (διαι-

2103 887 2227 962 ρετὴ
2278 888 2379 962 γὰρ
2434 885 2635 959 πολλῷ
2683 884 2895 959 πλέον),
2927 886 2995 940 τὰ
3028 887 3277 960 στοιχεῖά
3306 906 3364 941 τε
3410 886 3498 939 καὶ
3552 886 3621 940 τὰ
3650 888 3763 939 σώ-

2104 997 2264 1050 ματα.
2318 974 2472 1033 Ἀλλ’
2506 973 2693 1044 ἐπειδὴ
2727 974 2972 1039 ένώσεως
3021 970 3281 1051 ἀκριϐοῦς
3340 974 3428 1029 καὶ
3461 976 3489 1030 6
3549 974 3766 1049 κόσμος

2098 1066 2517 1136 κεκοινώνηκεν,
2550 1062 2600 1120 ἔν
2632 1062 2720 1119 διὰ
2747 1065 2846 1135 τὴν
2887 1062 3077 1120 ἕνωσιν
3129 1062 3475 1139 ὀνομάζεται,
3524 1064 3617 1120 καὶ
3675 1062 3768 1118 διὰ

2098 1156 2198 1225 τήν
2228 1154 2547 1227 τελειότητα
2576 1159 2683 1210 τῶν
2713 1153 3003 1232 στοιχείων
3030 1153 3194 1209 αὐτοῦ
3225 1156 3301 1217 εἷς
3324 1154 3433 1210 ἐστι
3466 1153 3555 1209 καὶ
3592 1153 3767 1227 μόνος

2099 1244 2227 1302 ἀλλ’
2256 1243 2317 1301 οὐ
2349 1244 2544 1319 κόσμοι
2573 1242 2800 1302 πολλοί.

2674 1424 2797 1499 ριζ’.
2830 1423 2956 1498 Περὶ
2989 1426 3166 1481 κενοῦ.

2165 1514 2235 1568 Τὸ
2292 1514 2444 1571 κενὸν
2506 1512 2566 1569 οὐ
2626 1516 2840 1582 πάντες,
2898 1511 3025 1568 ἀλλ’
3082 1511 3213 1568 ἔνιοι
3266 1516 3373 1567 τῶν
3431 1510 3759 1590 φιλοσόφων

2095 1602 2404 1680 εἲσήνεγκάν
2462 1624 2521 1657 τε
2565 1607 2644 1675 τῷ
2701 1598 2849 1679 λόγῳ
2905 1601 2995 1658 καὶ
3052 1602 3419 1674 ὠνομάκασιν.
3479 1602 3755 1680 Ἀποφαί-

2091 1712 2273 1747 νονται
2330 1690 2387 1747 δὲ
2434 1697 2597 1748 τοῦτο
2654 1693 2852 1754 παντὸς
2903 1694 3158 1764 σώματος
3211 1688 3416 1764 ἔρημον
3454 1736 3467 1759 ,
3529 1692 3647 1745 οἷον
3710 1714 3763 1746 τι

2093 1783 2232 1855 χάος
2292 1781 2544 1857 ἀόρατον.
2608 1782 2711 1837 Καὶ
2763 1782 2888 1858 φασὶ
2949 1785 3111 1837 τοῦτο
3168 1782 3598 1855 προϋποκεῖσθαι
3656 1786 3761 1835 τοῦ

2094 1872 2325 1943 κόσμου.
2383 1872 2509 1928 Εἶτα
2573 1876 2680 1925 τῶν
2733 1870 3021 1945 στοιχείων
3054 1869 3357 1946 γεγονότων
3385 1870 3476 1923 καὶ
3522 1873 3623 1923 τοῦ
3655 1870 3761 1923 οὐ-

2099 1964 2257 2033 ρανοῦ
2314 1964 2381 2033 τῇ
2442 1959 2780 2037 κυκλοφορίᾳ
2822 1960 2887 2014 τὰ
2932 1959 3159 2032 σώματα
3209 1958 3379 2013 πάντα
3428 1958 3758 2034 coepi-viav-

2095 2070 2208 2123 τος,
2262 2051 2414 2104 κενὸν
2478 2050 2569 2121 μὶν
2631 2049 2781 2110 ἐντὸς
2850 2046 3018 2121 μηδὲν
3077 2047 3512 2123 ἀπολελεῖφθαι,
3569 2048 3632 2102 τὸ
3699 2046 3761 2102 δί

2098 2138 2249 2202 ἐκτὸς
2303 2142 2401 2207 τῆς
2460 2134 2562 2208 ἔξω
2618 2139 2961 2213 περιφερείας
3016 2137 3181 2192 αὐτοῦ
3213 2136 3343 2192 ὅλον
3399 2137 3555 2191 κενὸν
3590 2135 3757 2208 εἶναι,

2100 2226 2320 2302 ἄπειρον
2376 2227 2426 2282 έν
2490 2226 2698 2301 ἀπείρῳ
2754 2229 2909 2298 τόπῳ
2969 2225 3443 2303 έμφανταζόμενον
3480 2269 3493 2283 .
3551 2229 3762 2279 Τοῦτον

2100 2315 2157 2372 δὲ
2211 2319 2300 2371 τὸν
2362 2316 2526 2391 λόγον
2590 2314 2975 2391 Ἀριστοτέλης
3030 2316 3126 2387 μὶν
3161 2315 3522 2389 ἀπογινώσκει
3554 2316 3763 2369 παντάο

2099 2427 2253 2473 πασι,
2312 2406 2401 2460 καὶ
2463 2404 2719 2479 οὐδαμῶς
2776 2406 2978 2469 τίθεται
3030 2402 3156 2459 οὕτε
3185 2404 3336 2465 ἐντὸς
3392 2407 3489 2457 τοῦ
3519 2402 3761 2474 κόσμου,

2100 2495 2223 2552 οὔτε
2282 2495 2452 2558 ἰκτός·
2517 2493 2847 2568 Κλεομήδης
2909 2492 2966 2549 δὶ
3024 2494 3051 2548 ὁ
3106 2492 3428 2570 φιλόσοφος,
3479 2491 3628 2553 ἐντὸς
3661 2492 3763 2562 μὲν

2097 2589 2195 2642 τοῦ
2246 2584 2456 2659 κόσμου
2492 2582 2552 2640 οὕ
2585 2605 2749 2662 φησιν
2781 2584 2911 2639 εἶναι
2950 2583 3125 2648 κενὸν,
3169 2580 3325 2645 έκτὸς
3385 2579 3441 2637 δὶ
3496 2583 3587 2636 καὶ
3620 2580 3769 2635 πάνυ

2104 2675 2370 2753 βιάζεται.

2671 2764 2799 2839 ριη’.
2829 2761 2958 2837 Περῖ
2987 2761 3180 2819 τόπου.

2169 2855 2226 2908 Ὀ
2277 2855 2444 2915 τόπος
2494 2852 2569 2917 ὡς
2622 2853 2670 2907 τ’
2723 2848 2935 2925 οὕνομα
2965 2848 3153 2924 δηλοῖ,
3186 2850 3415 2927 πρᾶγμά
3446 2849 3556 2906 ἔστι
3584 2846 3771 2905 δεκτι-

2096 2946 2189 3001 κὸν
2224 2942 2496 3018 σώματος,
2554 2943 2590 3012 ἢ
2653 2941 2946 3015 ἀσωμάτου
3005 2939 3238 3018 φύσεως.
3271 2940 3423 2995 Ἐπεὶ
3455 2941 3545 2994 οὗν
3578 2941 3613 3008 ἡ
3646 2938 3761 3010 ὕλη

2093 3034 2157 3090 τὸ
2214 3031 2354 3095 εἶδος
2408 3031 2644 3109 δέχετάι,
2676 3032 2843 3093 τόπος
2870 3029 3091 3106 λέγοιτο
3122 3029 3184 3085 ἂν
3212 3031 3248 3099 ἡ
3282 3027 3388 3100 ὕλη
3421 3033 3518 3083 τοῦ
3550 3025 3761 3089 εἴδουςο

2096 3122 2382 3193 ἀσώματον
2439 3120 2497 3177 δὲ
2543 3123 2605 3176 τὸ
2662 3119 2842 3183 εἶδος.
2906 3118 3078 3177 Ηάλιν
3116 3163 3131 3190 ,
3191 3119 3305 3174 ἐπεὶ
3359 3120 3421 3173 τὸ
3480 3116 3768 3190 διάστημα

341 3209 437 3267 Sic
469 3211 725 3280 spatium
759 3211 1056 3268 desertum
1108 3230 1171 3269 ac
1200 3197 1470 3285 vacuum,
1505 3217 1983 3290 quandoquidem

2101 3210 2309 3290 ἔρημον
2371 3210 2428 3267 δν
2462 3211 2552 3267 καὶ
2584 3211 2757 3284 κενὸν,
2800 3211 3029 3284 σώματα
3086 3206 3302 3264 δύναται
3345 3205 3615 3278 δέξασθαι,
3662 3210 3766 3263 τό·

336 3314 581 3370 corpora
609 3300 862 3370 recipere
895 3309 1106 3373 potest,
1142 3321 1255 3360 non
1286 3304 1434 3359 male
1480 3304 1644 3361 locus
1676 3324 1982 3379 corporum

336 3389 582 3444 dicetur.
642 3391 880 3462 Proprie
918 3409 1053 3448 vero
1113 3393 1277 3449 locus
1334 3400 1425 3451 est
1472 3401 1799 3452 extremum
1832 3400 1986 3469 quod

335 3478 515 3532 ambit
547 3494 829 3549 corpora;
856 3480 934 3534 ita
961 3497 1060 3536 aer
1081 3482 1264 3536 ambit
1293 3501 1536 3554 corpora
1569 3486 1985 3550 naturalia,sed

336 3582 449 3621 non
480 3584 577 3622 aer
599 3569 956 3638 quicunque,
1018 3587 1131 3625 non
1186 3572 1342 3626 enim
1398 3573 1493 3627 ille
1525 3575 1623 3643 qui
1684 3576 1987 3631 montibus

336 3655 640 3712 sublimior
694 3662 752 3711 et
810 3659 1111 3728 proximus
1161 3660 1302 3715 coelo
1328 3664 1546 3727 est,sed
1580 3662 1821 3718 inferior
1857 3667 1987 3732 eius

336 3760 473 3815 pars
505 3760 612 3798 nos
636 3744 842 3801 ambit.
880 3746 1008 3800 Haec
1036 3747 1218 3817 igitur
1239 3749 1389 3804 aeris
1415 3752 1754 3821 superficies
1784 3770 1984 3824 corpo-

336 3846 468 3886 rum
500 3837 837 3887 nostrorum
861 3838 949 3888 est
979 3833 1164 3890 locus.

410 3937 531 3993 119.
567 3939 641 3993 De
660 3948 857 4010 spatzo,
884 3941 1023 4013 quod
1052 3942 1371 4015 philosophi
1399 3942 1585 4018 χώραν
1612 3948 1911 4019 appellant.

408 4026 971 4101 Aritbmeticixuipav
994 4036 1201 4087 vocant
1220 4032 1589 4089 intervallum
1621 4036 1986 4108 intelligibile

334 4114 486 4169 inter
511 4118 970 4184 numeros,inter
1003 4136 1183 4175 unum
1226 4123 1592 4190 etduo,inter
1622 4126 1736 4181 duo
1770 4131 1825 4181 et
1848 4128 1981 4196 tria,

335 4208 589 4275 quatuor
619 4210 793 4277 atque
813 4207 893 4263 ita
917 4209 1508 4281 deinceps.Quoniam
1526 4215 1681 4269 enim
1706 4233 1818 4271 non
1846 4234 1981 4271 con-

332 4292 532 4348 tinuus
563 4299 651 4349 est
683 4312 1062 4353 numerorum
1087 4300 1250 4371 ordo,
1299 4303 1399 4356 sed
1433 4302 1748 4369 discretus,
1802 4306 1980 4359 inter-

330 4380 483 4437 valla
530 4382 683 4438 inter
740 4402 1018 4443 numeros
1066 4388 1255 4461 χώρας
1313 4391 1707 4461 appellarunt.
1762 4395 1869 4449 Sed
1929 4397 1985 4449 et

332 4468 519 4545 χώραν
553 4477 764 4528 vocant
795 4475 1278 4547 philosophorum
1314 4480 1493 4551 aliqui
1553 4488 1771 4552 partem
1810 4500 1873 4537 ac
1898 4500 1980 4539 ve-

2098 3325 2199 3366 πος
2260 3304 2527 3377 σωμάτων
2591 3300 2672 3372 ε’ἱη
2735 3300 2795 3355 ἂν
2825 3300 2887 3355 16
2921 3297 3217 3371 διάστημα.
3252 3297 3461 3373 Κυρῖως
3495 3294 3554 3352 δὶ
3580 3297 3765 3359 τόπος

2096 3391 2206 3447 ἐστὶ
2264 3393 2327 3447 τὸ
2388 3391 2620 3467 ἔσχατον
2676 3393 2773 3445 τοῦ
2820 3390 3175 3463 περιέχοντος
3212 3387 3377 3462 μέρος
3407 3386 3473 3441 τὰ
3503 3387 3763 3458 σώματα.

2097 3483 2244 3555 Οῒον,
2278 3484 2305 3537 6
2337 3481 2441 3553 ἀὴρ
2474 3479 2718 3555 περιέχει
2752 3481 2817 3533 τά
2848 3478 3045 3557 φυσικὰ
3071 3477 3318 3550 σώματα,
3352 3474 3477 3531 ἀλλ’
3510 3475 3574 3530 οὗ
3602 3482 3708 3539 πᾶς
3739 3478 3766 3530 6

2094 3571 2221 3647 ἀήρ·
2256 3571 2317 3626 οὐ
2347 3572 2447 3647 γὰρ
2478 3570 2565 3625 καὶ
2600 3572 2627 3624 6
2659 3569 2710 3623 ἐν
2745 3574 2861 3630 τοῖς
2891 3564 3097 3643 ὄρεσιν,
3129 3568 3163 3635 ἢ
3200 3568 3227 3621 6
3272 3564 3507 3635 πλησίον
3538 3570 3639 3620 τοῦ
3669 3565 3764 3619 οῦ-

2096 3665 2276 3734 ρανοῦ,
2312 3658 2457 3716 ἀλλὰ
2480 3660 2542 3714 τὸ
2583 3656 2811 3733 ἔσχατον
2867 3659 3031 3733 μέρος
3071 3655 3236 3711 αὐτοῦ
3285 3655 3531 3729 περιέχει
3580 3654 3758 3727 ἥμᾶς·

2096 3748 2229 3819 αὕτη
2264 3748 2355 3803 οὖν
2383 3751 2417 3817 ἡ
2448 3753 2545 3803 τοῦ
2574 3749 2735 3824 ἀέρος
2768 3746 3070 3823 ἐπιφάνεια,
3099 3747 3270 3809 τόπος
3308 3744 3417 3799 ἐστὶ
3452 3748 3559 3797 τῶν
3616 3746 3759 3816 ἡμε-

2092 3838 2260 3914 τέρων
2288 3860 2366 3893 σω
2377 3837 2582 3912 μάτων.

2658 3944 2777 4020 ριθ’.
2817 3943 2949 4017 Περὶ
2980 3943 3187 4017 χώρας.

2164 4035 2328 4109 Χώρα
2364 4032 2474 4088 ἐστὶ
2525 4033 2661 4088 κατὰ
2688 4031 2818 4094 τοὺς
2848 4029 3268 4107 ἆριθμητικοὺς.
3325 4030 3387 4085 τὸ
3416 4032 3615 4100 νοητὸν
3649 4034 3760 4084 τῶν

2094 4122 2342 4200 ἀριθμῶν
2397 4119 2692 4195 διάστημα,
2744 4124 2859 4176 οἷον
2912 4120 2976 4174 τὸ
3006 4119 3203 4193 μεταξὺ
3233 4124 3329 4174 τοῦ
3363 4120 3473 4180 ἑνὸς
3518 4120 3607 4173 καὶ
3648 4124 3760 4173 τῶν

2098 4210 2216 4281 δύο,
2266 4211 2357 4267 καὶ
2386 4215 2482 4267 τοῦ
2540 4212 2683 4287 τρία,
2714 4208 2805 4264 καί
2860 4213 2957 4264 τοῦ
2986 4209 3237 4285 τέσσαρα,
3286 4208 3373 4263 καὶ
3403 4213 3502 4262 τοῦ
3535 4208 3757 4286 ἐφεξῆς.

2093 4302 2244 4358 Ἐπεὶ
2304 4302 2407 4375 γὰρ
2468 4301 2531 4355 οὐ
2589 4300 2824 4375 συνεχής
2886 4297 3024 4353 ἐστιν
3079 4300 3112 4367 ἡ
3170 4298 3316 4368 τάξις
3346 4301 3451 4352 τῶν
3477 4296 3759 4372 ἀριθμῶν,

2094 4388 2435 4463 διαστήματα
2469 4389 2657 4466 χώρας
2705 4387 3110 4461 έπωνομάκασι.
3158 4389 3358 4462 Χώραν
3387 4385 3555 4442 πάλιν
3611 4389 3762 4450 τινες

2090 4483 2194 4534 τῶν
2242 4478 2555 4557 φιλοσόφων
2592 4478 2837 4553 εἰρήκασι
2872 4478 2970 4545 τὴν
3008 4476 3236 4552 μερικὴν
3268 4479 3364 4530 τοῦ
3394 4473 3759 4551 περιέχοντος

335 4559 440 4614 luti
474 4560 769 4633 regionem
804 4565 1153 4636 receptaculi
1184 4585 1397 4639 corpus
1421 4572 1817 4641 capientis,uti
1846 4573 1983 4627 dolii

2101 4568 2156 4623 τὸ
2216 4573 2375 4640 σῶμα
2430 4568 2725 4644 περιοχὴν,
2785 4568 2904 4619 οἷον
2935 4566 2961 4619 6
2988 4564 3145 4627 πίθος
3172 4564 3415 4641 περιέχει
3444 4564 3537 4618 τὸν
3579 4564 3751 4620 οἶνον.

336 4650 489 4719 quod
521 4650 675 4721 capit
702 4652 927 4707 vinum.
963 4654 1021 4709 Si
1046 4655 1200 4709 enim
1266 4664 1519 4727 ponatur
1547 4666 1806 4715 ventrem
1842 4662 1983 4717 dolii

335 4740 745 4794 tantummodo
774 4741 909 4796 vino
941 4743 1325 4814 plenum,n0n
1356 4747 1592 4818 quidem
1624 4753 1808 4804 totum
1844 4749 1983 4805 dolii

335 4842 571 4899 corpus,
605 4830 707 4885 sed
731 4834 959 4886 tantum
990 4838 1190 4889 venter
1213 4836 1341 4905 ejus
1374 4836 1842 4894 circumferentia
1876 4856 1985 4896 sua

331 4915 535 4972 vinum
568 4920 1029 4990 comprehendit,
1049 4928 1220 4993 atque
1242 4925 1583 4996 hujusmodi
1608 4933 1829 4999 partem
1855 4930 1982 5001 phi-

330 5004 559 5077 losophi
595 5006 831 5078 quidam
865 5008 1051 5083 χώραν
1087 5013 1384 5084 regionem
1409 5020 1638 5084 vocant,
1664 5033 1838 5089 quam
1865 5034 1981 5073 non

329 5093 583 5153 absurde
613 5096 827 5168 aliquis
858 5099 1033 5154 etiam
1067 5100 1256 5156 locum
1294 5102 1693 5173 appellaverit.

649 5204 772 5261 120.
816 5206 957 5262 Num
986 5208 1223 5265 mundus
1244 5211 1319 5266 sit
1349 5212 1657 5267 animatus.

387 5292 599 5348 Nostra
612 5292 1067 5351 Christianorum
1086 5298 1379 5355 sententia
1394 5316 1463 5355 ne
1481 5301 1729 5357 summis
1745 5303 1978 5373 quidem

324 5381 567 5438 auribus
596 5384 851 5440 admittit
884 5386 1212 5443 animatum
1263 5404 1393 5445 esse
1444 5390 1752 5458 mundum,
1805 5407 1977 5461 quem

323 5470 690 5545 providentia
719 5475 1033 5545 gubernari
1060 5477 1349 5534 novimus.
1385 5480 1462 5533 Ac
1502 5479 1977 5550 prmstantissimi

324 5560 659 5633 philosophi
692 5562 853 5619 Plato
885 5568 942 5620 et
973 5565 1562 5640 Aristoteles,quique
1594 5566 1977 5641 bosscquun-

324 5654 443 5721 tur,
475 5655 531 5707 et
581 5650 780 5709 anima
830 5657 887 5710 et
919 5658 1111 5713 mente
1170 5657 1480 5730 praeditum
1526 5674 1655 5716 esse
1687 5659 1974 5717 mundum

2091 4655 2422 4720 Ὑποκείσθω
2455 4654 2511 4711 δὲ
2542 4657 2569 4710 6
2604 4658 2749 4717 οἶνος
2779 4655 2901 4731 περὶ
2934 4652 3156 4724 κοίλης,
3190 4653 3318 4709 ἀλλ’
3349 4653 3455 4727 οὐχ
3493 4650 3626 4706 ὅλον
3692 4656 3752 4709 τὸ

2092 4751 2249 4820 σῶμα
2278 4749 2374 4800 τοῦ
2404 4746 2564 4809 πίθου
2594 4746 2684 4800 τὸν
2717 4746 2856 4799 οἶνον
2892 4739 3126 4815 ἐδέξατο,
3156 4742 3301 4798 ἀλλὰ
3335 4742 3474 4816 μόνη
3505 4744 3542 4811 ἡ
3576 4741 3749 4812 κοίλη

2092 4836 2253 4891 αὐτοῦ
2284 4834 2614 4913 περιφέρεια.
2665 4837 2843 4891 Τοῦτο
2893 4837 3021 4908 γοῦν
3065 4832 3127 4888 τὸ
3182 4832 3345 4909 μέρος
3394 4832 3585 4906 χώραν
3617 4831 3751 4908 φασὶ

2089 4930 2195 4981 τῶν
2231 4924 2546 5003 φιλοσόφων
2574 4924 2735 4987 τινές.
2770 4921 2883 4981 Οὐκ
2911 4922 3215 4985 ἀπεικότως
3257 4919 3315 4976 δὶ
3341 4924 3501 4976 τοῦτο
3532 4921 3621 4975 καὶ
3657 4924 3749 4975 τό·

2090 5036 2189 5070 πον
2222 5036 2305 5077 τις
2340 5014 2678 5088 ὀνομάσειεν.

2506 5212 2606 5285 ρκ’.
2640 5208 2703 5266 El
2740 5207 2991 5285 ἔμψυχος
3021 5210 3048 5263 6
3080 5209 3314 5280 κόσμος.

2158 5304 2219 5361 Ὁ
2284 5302 2376 5377 μὶν
2433 5302 2549 5356 καθ’
2595 5301 2743 5373 ἡμᾶς
2794 5296 2981 5373 λόγος,
3015 5296 3139 5355 οὐδὲ
3168 5300 3475 5373 ἆκροθιγῶς
3502 5298 3565 5352 τὸ
3616 5298 3750 5351 ὠσὶν

2090 5390 2339 5468 ἔμψυχον
2402 5391 2536 5446 εἶναι
2583 5390 2674 5445 τὸν
2725 5388 2929 5461 κόσμον
2982 5388 3287 5464 προσίεται,
3346 5386 3576 5463 προνοίᾳ
3611 5388 3743 5461 μέν-

2086 5503 2237 5556 τοιγε
2288 5478 2686 5554 διοικούμενον.
2720 5480 2786 5535 Οἱ
2820 5476 2875 5533 δὲ
2904 5478 3228 5554 τελεώτεροι
3253 5481 3361 5532 τῶν
3394 5474 3741 5555 φιλοσόφων,

2086 5568 2311 5625 Πλάτων
2360 5570 2448 5625 καὶ
2509 5565 2915 5644 Ἀριστοτέλης,
2971 5567 3061 5622 καὶ
3120 5566 3236 5622 ὅσοι
3275 5566 3491 5628 τούτοις
3525 5564 3739 5635 ἐπηκο-

2086 5658 2382 5730 λούθησαν,
2437 5658 2525 5713 καὶ
2584 5655 2856 5733 ἔμψυχον,
2906 5656 2995 5712 καὶ
3037 5654 3217 5714 ἔννουν
3277 5659 3461 5736 σαφῶς
3520 5653 3738 5734 ἀπεφή-
