3966 6216
230 307 307 368 761
1349 310 1449 371 DE
1493 309 1937 374 OMNIFARIA
1979 312 2401 375 DOCTRINA.

3461 311 3581 373 762

226 459 363 494 ναντο.
394 434 723 513 Ἐγκλεῖσθαι
757 435 813 496 δὲ
860 439 923 496 οὗ
966 438 1062 505 τὰς
1102 442 1284 519 ψυχὰς
1316 440 1368 498 ἔν
1400 463 1457 497 τε
1487 447 1565 515 τῷ
1596 442 1812 518 οὐρανῷ

1952 451 2120 519 .perte
2160 451 2453 503 statuunt.
2473 445 2671 520 Neque
2695 444 2921 502 animas
2953 443 3144 501 inesse
3172 442 3313 500 caelo
3344 448 3401 499 et
3428 444 3582 500 infra

224 526 291 583 ui
337 533 439 589 ταῖς
510 528 896 602 ὑποκειμέναις
958 532 1229 608 σφαίραις,
1290 530 1417 587 ἀλλ’
1470 532 1736 589 ἀνάπαλιν
1764 534 1830 588 τὰ

224 619 404 689 σώματα
430 622 535 671 τῶν
587 620 876 693 θειοτέρων
930 623 1202 695 ἠρτῆσθαι
1258 619 1563 695 διωρίκασι.
1618 628 1829 677 Διακεῖ-

224 720 316 772 σθαι
377 709 549 776 μέντοι
598 711 688 763 καὶ
741 709 845 764 ὐπὸ
905 712 1059 787 φύσιν
1123 712 1259 767 αὐτα
1304 714 1671 786 νενομίκασιν,
1733 712 1830 768 οὐκ

222 796 504 853 ἀντικεῖσθαι
568 798 821 873 μέντοιγε
896 802 993 869 τὴν
1056 800 1212 877 φύσιν
1274 798 1396 856 οὔτε
1450 808 1569 863 ταῖς
1626 806 1831 878 ψυχαῖς

226 886 429 965 τούτωνφ
460 886 585 942 οὗτε
631 895 746 951 ταῖς
793 896 1005 966 νοεραῖς
1053 888 1373 960 ὃιατάξεσιν,
1419 890 1543 947 ἀλλ’
1588 893 1675 946 ὑπ’
1732 892 1825 946 αύ-

218 980 301 1030 τῶν
350 975 575 1047 μάλιστα
622 979 1059 1036 καθευθύτεσθαι.
1116 979 1273 1037 Ἀλλ’
1333 978 1458 1035 οὐδὲ
1516 979 1826 1054 δεσμεῖσθαι

216 1064 486 1139 τὶςψυχέις,
538 1064 573 1135 ἤ
627 1065 753 1128 τοὺς
803 1072 929 1128 νοῦς
976 1072 1093 1131 τοῖς
1148 1071 1354 1123 τούτων
1401 1070 1658 1142 ᾠήθησαν
1720 1069 1827 1124 σώ-

218 1174 360 1226 μασιν,
432 1153 561 1209 ἀλλ’
616 1155 705 1209 ὐπ’
791 1156 1007 1212 ἐκείνων

215 1239 499 1314 λάμπεσθαι.

1098 1157 1408 1228 ἐξάπτεσθαι
1494 1161 1581 1214 καὶ
1660 1180 1826 1215 κατα-

354 1352 481 1425 ρκα’⁸
513 1350 575 1407 El
608 1352 901 1426 ἀγὲννητος
932 1352 959 1407 6
988 1354 1199 1427 κόσμος
1230 1355 1320 1409 καὶ
1355 1352 1644 1432 ἄφθαρτος.

264 1436 379 1494 Οὔτε
429 1438 718 1513 ἀγέννητος
774 1443 901 1516 παρ’
976 1444 1113 1515 ἡμῖν
1180 1445 1208 1498 ὁ
1270 1444 1477 1516 κόσμος
1527 1441 1823 1514 δοξάζεται,

214 1525 308 1581 οὔτε
329 1528 610 1604 ἄφθαρτος,
670 1531 1022 1605 γεγεννῆσθαί
1080 1553 1141 1587 τε
1194 1535 1299 1608 γὰρ
1350 1533 1508 1587 αὐτὸν
1554 1533 1699 1609 παρὰ
1725 1541 1825 1603 τῆς

213 1620 383 1689 Γρασῆς
444 1618 539 1672 καὶ
622 1622 988 1696 φθαρήσεσθαι
1073 1625 1489 1695 μεμαθήκαμεν.
1574 1624 1823 1697 Ἀριστο-

212 1702 342 1774 τελης
368 1703 418 1760 δὲ
462 1709 556 1761 καὶ
606 1709 902 1784 ἀγέννητον
952 1710 1109 1765 αὐτὸν
1157 1713 1247 1765 καὶ
1297 1709 1567 1788 ἄφθαρτον
1598 1713 1822 1775 τίθεται.

1936 537 2143 607 positis
2174 537 2550 607 sphaeris,sed
2576 553 2605 591 e
2632 535 2923 592 contrario
2955 552 3198 606 corpora
3220 534 3291 588 ab
3324 533 3437 588 illis
3455 539 3581 589 tan-

1936 641 2114 695 quam
2164 626 2549 680 divinioribus
2603 626 2931 696 dependere
2978 624 3361 678 arbitrantur.
3393 626 3585 693 Atque

1937 719 2158 769 natura:
2183 716 2419 786 quidem
2454 715 2630 770 etiam
2664 715 2928 785 subjecta
2960 712 3060 767 illa
3092 717 3321 784 putant,
3347 712 3447 766 sed
3483 728 3584 766 na-

1936 807 2128 858 turam
2159 822 2272 859 non
2307 805 2599 859 adversari
2631 804 2866 857 illorum
2901 803 3209 856 animabus
3242 805 3582 856 autmenta-

1935 889 2091 946 libus
2124 890 2372 963 legibus,
2435 893 2535 947 sed
2596 892 2665 946 ab
2724 890 2840 945 illis
2899 890 3151 943 maxime
3191 889 3361 959 dirigi
3396 905 3586 959 neque

1936 980 2164 1035 animas
2192 987 2291 1036 aut
2318 987 2541 1035 mentes
2599 981 2669 1034 ab
2702 979 3042 1051 corporibus
3074 978 3191 1033 illis
3233 978 3357 1031 suis
3394 978 3588 1033 existi-

1936 1077 2177 1126 marunt
2208 1070 2563 1143 alligarised
2593 1072 2662 1125 ab
2688 1070 2801 1125 illis
2832 1069 3024 1143 potius
3058 1085 3348 1142 suspensa
3380 1083 3509 1124 esse
3532 1072 3588 1123 et

1934 1159 2219 1216 illustrari
2251 1177 2514 1233 corpora.

1975 1360 2095 1413 121.
2130 1360 2272 1415 Num
2301 1360 2540 1415 mundus
2576 1362 2855 1430 ingenitus
2884 1360 2961 1413 sit
2996 1364 3048 1413 et
3081 1358 3539 1426 incorruptibilz's.

2007 1449 2205 1520 Neque
2236 1449 2533 1520 ingenitus
2567 1466 2754 1520 neque
2790 1447 3254 1518 incorruptibilis
3288 1447 3440 1517 apud
3476 1462 3581 1501 nos

1936 1540 2289 1595 christianos
2320 1542 2576 1595 mundus
2601 1557 2730 1595 esse
2760 1541 3023 1603 docetur,
3057 1554 3229 1609 quem
3283 1542 3340 1592 et
3360 1538 3580 1592 factum

1935 1644 2063 1684 esse
2093 1635 2151 1684 et
2172 1632 2499 1701 periturum
2532 1647 2562 1685 e
2604 1631 2904 1701 Scriptura
2934 1627 3270 1682 didicimus.
3302 1625 3581 1681 Aristote-

1933 1716 2019 1772 les
2049 1735 2181 1773 vero
2212 1724 2270 1773 et
2299 1720 2626 1787 ingenitum
2658 1718 2826 1772 illum
2858 1722 2913 1772 et
2944 1714 3452 1786 incorruptibilem
3482 1731 3583 1785 po-

211 1792 397 1848 Πλατων
429 1794 485 1850 δὲ
516 1803 676 1873 γεννᾷ
730 1799 828 1869 μὶν
878 1799 1037 1854 αύτὸν
1091 1798 1144 1853 ἐν
1194 1800 1431 1872 Τιμαίῳ,
1475 1798 1821 1877 ἀποφαίνεται

1952 1807 2215 1862 iit.Plato
2249 1808 2307 1861 in
2344 1810 2541 1864 Timaro
2572 1809 2753 1862 tradit
2785 1823 2916 1861 eum
2952 1805 3215 1877 genitum
3249 1803 3582 1870 esse,nullo

212 1879 255 1935 δὲ
304 1882 422 1953 μηδὲ
451 1889 821 1962 φθαρήσεσθαι
864 1888 955 1942 τὸν
1008 1887 1214 1943 ἅπαντα
1254 1890 1479 1965 χρόνον.
1506 1890 1603 1944 Καὶ
1638 1888 1825 1959 ἐπειδὴ

212 1970 455 2027 ἀντίκειται
510 1976 681 2045 αὐτῷ,
736 1973 817 2029 ὅτι
864 1977 1114 2041 σύνθετος
1174 1977 1246 2032 ὢν
1304 1979 1394 2032 καὶ
1445 1982 1778 2055 φθαρήσεται
1812 1984 1823 1996 ⁶

211 2065 288 2112 xiv
337 2065 424 2136 γὰρ
493 2064 560 2118 τὸ
652 2065 902 2128 σύνθετον
988 2068 1079 2120 καὶ
1139 2065 1395 2122 διαλυτὸν
1453 2066 1825 2123 διαστέλλεται

214 2144 371 2220 λέγων,
418 2151 497 2206 ὅτι
552 2152 673 2206 ὅσον
728 2154 823 2225 μὶν
880 2153 973 2209 ἰπῖ
1025 2156 1122 2224 τήν
1186 2157 1362 2231 φύσιν,
1427 2158 1660 2232 φθαρτός
1691 2159 1824 2225 ἐστι,

209 2241 332 2308 σῶμα
382 2241 475 2317 γὰρ
542 2242 604 2296 ού
663 2248 842 2319 χωρεῖ
896 2241 1204 2316 ἀιδιότητα,
1267 2244 1413 2301 ἀλλά
1466 2251 1525 2301 οό
1558 2246 1825 2324 ἄφθαρτον

204 2324 485 2391 ίπεεσάκτως
537 2334 681 2404 παρὰ
755 2337 851 2387 τοῦ
925 2338 1059 2387 Θεοῦ
1130 2336 1433 2408 κομίζεται.
1511 2338 1573 2393 Ὁ
1650 2334 1707 2391 δε
1762 2359 1825 2413 γε

206 2415 409 2487 Πρόκλος
439 2418 491 2473 ἐν
526 2426 648 2482 τοῖς
707 2419 1053 2496 ἐξηγητικοῖς
1103 2429 1221 2486 τοῖς
1271 2426 1408 2501 πρὸς
1465 2426 1692 2499 Τίμαιον
1720 2425 1821 2481 λό-

206 2523 314 2576 γοες,
366 2516 593 2583 πειρᾶτα
642 2509 907 2565 δεικνύναι
982 2512 1312 2588 βιαιότερον,
1361 2510 1443 2569 ὅτι
1505 2513 1647 2588 μηδὲ
1703 2537 1821 2592 γεν-

206 2594 338 2661 νητὸν
376 2597 402 2650 6
451 2596 685 2653 Πλάτων
717 2599 809 2655 τὸν
851 2600 1059 2674 κόσμον
1107 2600 1297 2673 οἷέται,
1344 2601 1379 2673 ἤ
1417 2602 1628 2677 μᾶλλον
1659 2605 1825 2660 εἰπεῖν

208 2679 546 2758 ἀποφαίνεται,
623 2691 758 2744 κατά
828 2686 885 2745 δὲ
961 2691 1023 2746 τὸ
1102 2690 1374 2765 σύνθετον,
1435 2692 1648 2766 ἐπινοίᾳ
1701 2715 1822 2769 γεν-

200 2792 353 2840 νητον.

570 3050 710 3124 ρκβ’.
745 3049 806 3106 Εἰ
838 3048 1086 3127 τρίφετσι
1121 3050 1147 3104 6
1178 3050 1409 3123 κόσμος.

250 3133 314 3186 Οὐ
335 3135 523 3211 πόρῥω
582 3158 676 3210 μοι
736 3139 982 3209 εὐηθείας
1040 3140 1176 3194 εἶναι
1237 3137 1485 3195 δοκοῦσιν
1533 3142 1586 3196 οἱ
1632 3139 1821 3219 τρέφε-

196 3220 290 3273 σθαι
317 3224 403 3278 τὸν
455 3227 667 3300 κὸσμον
724 3222 1224 3300 ὑπολαμϐάνοντες,
1285 3225 1391 3284 εἶτε
1442 3228 1669 3305 οὐρανὸν
1728 3203 1821 3285 κό-
1855 3203 1897 3271 C

190 3327 303 3378 σμον
350 3317 819 3387 κατονομαζουσιν
865 3318 941 3380 ὡς
993 3319 1020 3372 6
1074 3315 1304 3372 Πλάτων
1354 3318 1406 3373 ἐν
1451 3323 1530 3390 τῷ
1579 3318 1826 3392 Τιμαίῳ,

192 3395 281 3450 εἴτε
310 3409 437 3471 μετὰ
484 3409 585 3459 τοῦ
636 3405 847 3481 αἰθέρος
896 3406 984 3460 καὶ
1028 3407 1096 3461 τὰ
1146 3413 1416 3481 στοιχεῖα.
1472 3407 1535 3463 Εἰ
1586 3408 1689 3483 γὰρ
1745 3429 1828 3463 τε-

190 3482 435 3554 λεώτατος
468 3496 497 3547 6
549 3494 757 3567 κόσμος
804 3501 921 3549 κατ’
973 3495 1195 3566 αὐτοὺς,
1254 3495 1489 3569 μάλιστα
1539 3494 1595 3551 δὶ
1625 3498 1709 3551 καὶ
1746 3494 1827 3552 ἀί-

190 3570 308 3663 ξιος,
338 3586 455 3645 πῶς
484 3581 549 3636 ἃν
584 3580 802 3654 δεηθείη
852 3592 1061 3663 τροφῆς
1094 3603 1107 3653 ;
1142 3586 1219 3643 Τὸ
1273 3587 1375 3661 γὰρ
1408 3586 1593 3648 ἀτελὲς
1623 3586 1711 3641 καὶ
1743 3587 1827 3641 ἐν·

187 3658 283 3727 δεὲς
309 3670 584 3745 τρέιεται.
643 3670 806 3727 Ἀλλ’
858 3673 990 3749 οὐχὶ
1040 3673 1130 3728 καὶ
1187 3674 1250 3729 τὸ
1306 3672 1519 3749 πλῆρες
1556 3677 1644 3729 καὶ
1679 3676 1824 3731 ἀνεν-

362 3760 420 3815 Ei
483 3759 544 3815 δὲ
592 3761 655 3816 τὸ
731 3762 926 3839 τρέφον
992 3765 1312 3837 προσθήκην
1370 3768 1449 3835 τῷ
1504 3764 1824 3841 τρεφομένῳ

187 3851 315 3899 ποιεῖ
361 3850 448 3903 καὶ
514 3847 761 3923 αὔξησιν.
820 3852 1080 3923 αὐξηθείη
1139 3853 1196 3907 ἂν
1256 3856 1345 3907 καί
1394 3852 1599 3926 κόσμος
1629 3854 1823 3932 τρεφό-

192 3953 353 4007 μενος,
402 3937 557 3995 ἀλλὰ
605 3941 695 3995 καὶ
757 3941 931 4015 φθίνοι
989 3941 1313 4016 κενούμενος
1374 3943 1510 3998 ὥστε
1562 3942 1760 4015 μείζων
1796 3944 1825 3999 6

188 4020 367 4095 κόσμος
400 4027 597 4082 ἑαυτοῦ
655 4028 746 4083 καὶ
802 4027 1040 4084 ἐλάττων
1094 4031 1357 4105 γενέσθαι.
1392 4033 1569 4087 Τοῦτο
1602 4027 1659 4084 δὲ
1688 4030 1825 4106 πρὸς

183 4116 249 4181 τῷ
274 4113 459 4189 ἀτόπῳ
492 4117 586 4171 καὶ
640 4118 862 4192 γελοῖον
917 4117 1191 4194 ἄντικρυς,
1235 4118 1298 4173 Εἴ
1349 4119 1438 4173 οὗν
1491 4115 1614 4174 οὔτε
1660 4119 1823 4192 αὐξή-

185 4220 297 4263 σεως
346 4202 426 4260 δεῖ
480 4212 569 4278 τῷ
619 4203 815 4281 κόσμῳ
866 4206 989 4263 οὔτε
1040 4210 1342 4278 κενώσεως,
1395 4209 1460 4263 ού
1516 4215 1722 4287 τροφῆς
1762 4206 1820 4263 ἂν

184 4290 309 4364 ὐτῷ
334 4292 526 4365 δεήσοι
561 4295 713 4353 ποτὲ.

600 4495 731 4570 ρκγ’.
768 4495 893 4569 Περῖ
928 4494 1128 4568 τάξεως
1156 4497 1390 4568 κόσμου.

1938 1901 2134 1950 autem
2158 1903 2416 1967 tempore
2447 1895 3073 1966 corrumpendum.Cui
3096 1893 3374 1964 quoniam
3409 1892 3584 1961 obiici

1939 1988 2149 2055 potest,
2173 1986 2325 2056 quod
2361 2002 2490 2040 cum
2526 1985 2602 2040 sit
2650 1984 3015 2057 compositus
3046 1984 3220 2038 etiam
3249 1998 3584 2053 corrumpe-

1936 2078 2056 2139 tur,
2081 2074 2367 2145 quidquid
2404 2074 2559 2128 enim
2592 2074 2985 2144 compositum
3016 2077 3104 2127 est
3134 2074 3310 2126 etiam
3344 2069 3584 2126 dissolvi

1936 2170 2144 2234 potest,
2178 2163 2507 2234 excipitille
2539 2180 2603 2218 ac
2635 2163 2969 2234 respondet,
3004 2162 3159 2233 quod
3194 2164 3417 2215 naturas
3465 2176 3581 2215 suae

1935 2252 2159 2308 ratione
2191 2254 2393 2321 utique
2442 2252 2517 2306 sit
2575 2250 2975 2323 corruptibilis
3033 2251 3314 2317 mundus,
3370 2264 3580 2319 corpus

1932 2342 2086 2397 enim
2121 2341 2349 2396 nullum
2383 2342 2440 2395 in
2473 2358 2533 2396 se
2567 2342 2775 2395 habere
2815 2339 3362 2411 sempiternitatem,
3388 2338 3487 2392 sed
3548 2354 3582 2392 a

1932 2430 2047 2487 Deo
2080 2431 2375 2502 accepisse
2404 2446 2647 2502 esseque
2670 2428 2750 2483 illi
2806 2429 3249 2500 superadditum
3280 2432 3341 2483 ut
3383 2426 3460 2480 sit
3490 2426 3579 2480 in-

1930 2522 2348 2592 corruptibilis.
2378 2520 2617 2578 Proclus
2647 2521 2706 2576 in
2738 2519 3177 2575 commentariis
3236 2519 3355 2575 sive
3384 2517 3579 2589 expla-

1930 2614 2271 2668 nationibus
2303 2611 2428 2667 suis
2460 2613 2517 2667 in
2552 2613 2838 2667 Timaeum
2869 2609 3029 2666 omni
3057 2608 3429 2665 contentione
3452 2611 3578 2662 stu-

1930 2702 2027 2757 det
2049 2702 2475 2771 demonstrare,
2509 2701 2661 2772 quod
2695 2717 2799 2756 nec
2822 2700 3082 2771 genitum
3115 2698 3278 2753 Plato
3296 2696 3581 2751 mundum

1931 2790 2309 2857 senserit,sed
2342 2795 2603 2862 tempore
2626 2789 2864 2861 quidem
2888 2787 3215 2860 ingenitum
3247 2789 3578 2857 esseputat,

1928 2880 2016 2935 vel
2050 2884 2114 2934 ut
2152 2880 2370 2935 rectius
2401 2879 2591 2933 dicam
2626 2879 2974 2934 confirmare
2996 2874 3412 2943 annititur,sed
3437 2890 3583 2947 qua-

1930 2976 2103 3025 tenus
2136 2968 2495 3041 compositus
2525 2973 2634 3034 est,
2654 2968 2919 3039 genitum
2956 2966 3093 3023 licet
3124 2967 3400 3038 cogitare.

2288 3060 2411 3112 122.
2468 3059 2613 3113 Num
2648 3056 2889 3111 mundus
2916 3058 3223 3112 nutriatur.

2004 3147 2128 3203 Non
2161 3147 2333 3217 longe
2366 3146 2509 3201 mihi
2569 3147 2641 3201 ab
2678 3146 2912 3201 insania
2941 3145 3216 3200 videntur
3245 3143 3451 3199 abesse
3482 3140 3585 3212 qui

1936 3237 2226 3291 mundum
2254 3235 2467 3291 nutriri
2498 3234 2860 3304 existimant,
2901 3234 3022 3289 sive
3070 3232 3279 3289 caelum
3332 3234 3588 3285 tantum-

1936 3326 2109 3381 modo
2140 3325 2345 3379 mundi
2381 3324 2617 3380 nomine
2639 3322 2956 3394 appellant,
2978 3326 3039 3376 ut
3074 3322 3131 3375 in
3166 3322 3375 3377 Timaeo
3398 3317 3582 3385 Plato,

1935 3415 2055 3470 sive
2090 3431 2205 3469 una
2254 3430 2383 3468 cum
2438 3412 2581 3467 ccelo
2636 3413 2811 3467 etiam
2869 3417 3121 3482 quatuor
3163 3408 3471 3464 elementa.
3527 3407 3581 3459 Si

1935 3503 2115 3567 enim,
2150 3509 2214 3557 ut
2237 3502 2347 3572 ipsi
2379 3504 2661 3566 sentiunt,
2688 3500 3157 3572 perfectissimus
3190 3503 3279 3553 est
3302 3496 3585 3563 mundus,

1936 3593 2191 3648 maxime
2222 3598 2402 3663 atque
2430 3602 2707 3656 aeternus,
2739 3590 2838 3659 qui
2886 3589 3007 3644 lieri
3042 3593 3228 3658 potest
3260 3591 3323 3640 ut
3344 3584 3471 3639 cibo
3495 3586 3582 3638 in-

1933 3683 2129 3753 digeat
2160 3687 2183 3736 Ρ
2212 3682 2479 3737 Nutritur
2503 3680 2721 3751 quippe
2748 3680 2902 3750 quod
2949 3678 3350 3748 imperfectum
3384 3678 3473 3728 est
3528 3679 3585 3727 et

1932 3771 2228 3842 indigens,
2251 3788 2365 3826 non
2397 3785 2531 3824 vero
2564 3769 2801 3840 plenum
2826 3768 2979 3838 quod
3014 3771 3184 3831 est,et
3213 3765 3305 3819 cui
3338 3762 3500 3819 nulla
3526 3779 3584 3817 re

1933 3865 2021 3916 est
2052 3876 2219 3931 opus.
2245 3860 2390 3914 Nam
2426 3859 2471 3914 si
2528 3875 2629 3930 per
2686 3859 3119 3912 nutrimentum
3179 3853 3227 3910 ei
3258 3853 3355 3924 qui
3408 3852 3585 3907 alitur

1935 3950 2172 4003 additur
2201 3948 2421 4019 aliquid
2492 3952 2545 4002 et
2577 3947 3005 4002 incrementum
3057 3944 3300 4011 accedit,
3361 3946 3586 3996 crescet

1932 4036 2107 4093 etiam
2142 4038 2401 4091 mundus
2429 4037 2474 4091 si
2499 4034 2867 4105 alitur,autsi
2900 4033 3177 4089 alimento
3211 4030 3584 4096 destituatur,

1935 4130 2273 4183 marcescet.
2298 4126 2419 4180 Erit
2477 4126 2677 4197 itaque
2730 4124 2920 4193 major
2970 4123 3184 4192 seipso
3244 4122 3343 4174 aut
3395 4118 3587 4172 minor

1936 4218 2215 4282 mundus,
2249 4216 2401 4286 quod
2438 4214 2744 4285 perspicue
2777 4213 3102 4267 absurdum
3152 4226 3218 4265 ac
3244 4206 3580 4263 ridiculum.

1933 4306 2121 4369 Quare
2144 4305 2192 4360 si
2224 4320 2329 4358 nec
2379 4301 2725 4357 incrementi
2788 4317 2891 4355 nec
2950 4298 3347 4354 evacuationis
3403 4311 3583 4365 capax

1934 4395 2196 4449 mundus
2226 4397 2333 4458 est,
2357 4407 2545 4461 neque
2578 4389 2939 4445 nutrimento
2974 4403 3237 4458 unquam
3273 4383 3579 4455 indigebit.

2411 4498 2532 4551 123.
2572 4501 2647 4549 De
2676 4495 2873 4549 mundi
2884 4495 3096 4548 ordine.

240 4582 506 4639 Ἐναντίοι
550 4585 689 4659 πρὸς
738 4583 1025 4655 ἀλλήλους
1077 4584 1131 4639 οἷ’
1176 4590 1284 4639 τῶν
1316 4584 1620 4655 Ἐλλήνων
1664 4586 1818 4663 σοφοὶ

2004 4589 2327 4645 Graecorum
2365 4584 2699 4658 philosophi
2720 4586 2773 4638 in
2797 4582 3151 4637 collocandis
3177 4578 3377 4635 mundi
3406 4578 3583 4651 parti-

178 4671 233 4723 τὲ
281 4676 416 4749 μέρη
474 4679 580 4729 τοῦ
638 4674 852 4747 κόσμου
892 4674 1115 4731 τιθέασι.
1166 4676 1243 4731 Τὸ
1304 4671 1360 4728 δὲ
1409 4673 1629 4744 ἀληθὲς,
1665 4677 1692 4730 6
1726 4677 1819 4749 μὶν

180 4755 405 4833 ούρανὸς,
471 4763 555 4825 ὡς
616 4763 868 4835 μὲγιςτον
924 4766 1084 4834 σῶμα
1135 4763 1224 4816 καὶ
1278 4760 1563 4829 κυκλικὸν,
1619 4763 1709 4817 καὶ
1756 4764 1825 4819 τὰ

174 4856 406 4925 στοιχεῖα
437 4856 653 4927 χωρεῖν
687 4850 775 4904 καὶ
819 4850 1062 4926 συνέχειν
1106 4848 1400 4923 δυνάμενον
1434 4850 1583 4913 ἐκτὸς
1614 4851 1819 4906 τούτων

698 4940 802 4996 ὑπὸ
862 4938 918 4995 δὲ
975 4942 1073 5010 τήν
1148 4940 1345 5010 κοίλην
1402 4942 1566 4996 αὐτοῦ
1625 4940 1821 5018 ἐπιφά-

169 5047 318 5099 νειαν,
350 5031 562 5104 πρῶτα
622 5029 720 5101 μὶν
774 5030 842 5083 τὰ
881 5029 1099 5099 ἀπλανῆ
1158 5035 1267 5084 τῶν
1328 5027 1535 5105 ἄστρων
1590 5032 1820 5105 τετάχα-

167 5135 260 5186 τιι,
288 5120 381 5172 καὶ
417 5121 449 5173 6
512 5115 779 5187 ζωδιακὸς
830 5117 1057 5187 κύκλος,
1107 5120 1217 5174 εἶτα
1273 5122 1329 5173 αἱ
1384 5124 1492 5174 τῶν
1528 5118 1820 5193 πλανωμᾶ-

173 4934 585 5013 ἱξῳκοδόμηται
620 4958 634 4972 ’

163 5230 254 5261 νων
284 5209 510 5285 ἇπρων
573 5206 797 5284 σφαῖραί
854 5229 912 5263 τε
963 5210 1052 5264 καὶ
1114 5212 1294 5286 φοραὶ,
1331 5210 1406 5263 ὧν
1459 5212 1493 5278 ἡ
1527 5208 1731 5279 σελήνη
1760 5210 1822 5263 τὸ

160 5296 471 5353 τελευταῖον
512 5318 527 5331 ⁸
598 5298 704 5352 ὑπὸ
763 5295 819 5351 δὲ
894 5298 1093 5368 ταύτην
1171 5298 1326 5362 εὐθὺς
1382 5300 1444 5352 τὸ
1506 5297 1823 5371 ὑπέκκαυμα

162 5390 325 5458 οἷονή
386 5393 498 5443 τοῦ
558 5388 729 5460 πυρὸς
781 5384 1034 5459 δύναμις,
1088 5388 1203 5441 εἷτα
1266 5389 1293 5442 6
1355 5387 1483 5463 ἀὴρ,
1541 5389 1632 5442 καὶ
1690 5410 1822 5464 μετιρ

160 5478 355 5533 τούτων
402 5480 474 5533 τὸ
542 5477 817 5552 στοιχεῖον
874 5480 971 5532 τοῦ
1039 5473 1251 5547 ὕδατος,
1285 5474 1595 5533 τελευταῖον
1651 5474 1708 5532 δι
1761 5478 1823 5533 τὸ

158 5576 247 5638 ri;
294 5577 406 5646 γῆς
490 5572 658 5640 σῶμα
739 5564 1132 5640 τεθεμελίωται
1171 5585 1183 5599 '
1243 5566 1331 5621 καὶ
1390 5569 1563 5622 πάντα
1624 5568 1716 5641 μὶν
1770 5566 1823 5624 ἰν

160 5664 306 5714 πᾶσιν
342 5659 534 5731 εστὶν,
572 5654 795 5717 ἕκαστον
842 5653 898 5714 δὶ
944 5660 1053 5715 τῶν
1104 5655 1394 5735 στοιχείων
1426 5656 1666 5729 ὁλότητά
1695 5679 1821 5715 τινα

1931 4681 2043 4734 bus
2076 4678 2187 4733 sibi
2218 4676 2363 4748 ipsis
2397 4676 2643 4729 invicem
2672 4675 3079 4729 adversantur.
3114 4670 3265 4725 Vera
3294 4667 3584 4724 sententia

1933 4774 2019 4824 est
2050 4768 2205 4840 quod
2237 4766 2447 4823 coelum
2475 4770 2755 4836 tanquam
2793 4764 3117 4817 maximum
3152 4775 3365 4830 corpus
3388 4762 3445 4813 et
3469 4757 3580 4812 cir-

1932 4857 2148 4922 culare,
2183 4863 2356 4927 atque
2389 4854 2680 4910 elementa
2710 4852 3018 4923 complecti
3057 4868 3122 4906 ac
3154 4848 3452 4904 continere
3483 4863 3582 4917 ap-

1930 4952 2083 5012 tum,
2140 4953 2302 4999 extra
2350 4944 2449 4997 illa
2508 4946 2794 4998 structum
2832 4947 2939 4996 est.
2971 4940 3089 4995 Sub
3121 4939 3301 5007 hujus
3332 4952 3586 4991 concava

1930 5036 2235 5106 superﬁcie
2252 5033 2495 5104 primum
2516 5030 2750 5102 quidem
2769 5033 3090 5085 inerrantes
3103 5026 3285 5082 stellas
3302 5024 3585 5080 ordinata:

1931 5130 2093 5189 sunt,
2127 5131 2182 5178 et
2211 5124 2485 5178 zodiacus
2534 5120 2828 5174 circulus:
2888 5120 3168 5188 deinceps
3213 5115 3581 5185 planetarum

1932 5215 2102 5268 orbes
2124 5229 2188 5266 ac
2237 5210 2461 5271 circuli,
2524 5226 2775 5280 quorum
2836 5209 3040 5261 intima
3085 5212 3173 5260 est
3210 5204 3397 5258 luna:
3433 5202 3584 5254 intra

1933 5304 2083 5358 hanc
2115 5302 2314 5355 statim
2354 5297 2673 5369 ὑπέκκαυμα
2696 5297 2837 5351 iilud
2873 5297 2993 5350 sive
3024 5290 3584 5365 {uliginosaexhala-

1931 5392 2010 5447 tio
2044 5391 2340 5446 ﬂammam
2366 5388 2669 5458 concipere
2702 5392 2856 5458 apta,
2881 5385 3018 5441 hinc
3051 5401 3170 5449 aer,
3220 5386 3278 5435 et
3310 5379 3586 5448 deinceps

1934 5497 2093 5552 aquze
2126 5479 2507 5546 elementum,
2544 5493 2608 5531 ac
2644 5481 2939 5548 postremo
2973 5473 3097 5527 loco
3156 5478 3312 5527 terra
3343 5469 3584 5523 fundata

1934 5576 2042 5627 est.
2078 5570 2168 5626 Sic
2190 5568 2387 5624 omnia
2406 5565 2680 5622 omnibus
2699 5564 2921 5633 insunt,
2945 5568 3001 5618 et
3018 5562 3373 5618 elementum
3394 5556 3579 5630 quod-

1935 5679 2049 5735 que
2067 5660 2507 5720 universitatem
2543 5659 2861 5731 quamdam
2895 5656 3014 5713 sive
3065 5655 3383 5721 totitatem,
3411 5653 3473 5707 ut
3501 5647 3582 5703 ita
