4032 6202
415 375 534 438 763

1757 376 2180 442 MICHAELIS
2222 378 2496 442 PSELLI

3699 386 3815 447 164

414 509 630 580 dicam,
661 509 837 565 habet
876 508 1414 582 circumscriptam,
1475 515 1526 567 et
1577 510 1773 566 omnia
1822 509 2063 566 invicem

2185 510 2698 587 περιγεγραμμένην
2752 507 2892 586 ἔχει,
2948 509 3036 566 καὶ
3095 510 3269 565 πάντα
3318 507 3594 581 ἀλλήλοις
3649 510 3812 589 ἔγκει-

413 604 555 655 sunt
587 599 1064 672 superimposita.

446 707 571 763 124.
605 708 719 775 Qua
750 723 914 762 causa
934 709 1006 762 sit
1055 708 1328 762 mundum
1355 709 1504 765 hunc
1532 711 1707 763 totum
1742 707 2028 764 inclinari.

480 869 1051 940 Mirorphilosophos
1093 871 1378 940 quosdam
1440 871 1843 926 existimantes
1882 888 2062 926 mun-

412 958 554 1014 dum
586 958 710 1012 loco
736 975 840 1013 suo
873 958 1179 1024 excidisse,
1215 959 1511 1029 situmque
1535 975 1710 1031 quem
1743 959 1996 1032 primum
2033 977 2064 1014 a

412 1047 721 1103 Conditore
756 1052 1056 1116 acceperat
1090 1047 1766 1120 perdidisse,polumque
1789 1049 1929 1103 adeo
1962 1049 2061 1102 bo-

413 1135 623 1191 realem
660 1135 716 1190 in
750 1135 1013 1190 altiorem
1040 1141 1260 1208 partem
1296 1137 1540 1206 elatum,
1570 1141 1885 1192 australem
1933 1155 2062 1193 vero

407 1225 751 1294 depressum
810 1224 962 1278 intra
1012 1230 1248 1293 terram,
1274 1232 1328 1280 et
1358 1227 1818 1297 mquinoctialem
1853 1245 2056 1281 zonam

400 1329 605 1370 versus
623 1313 924 1367 meridiem
943 1313 1284 1368 inclinatam
1303 1315 1653 1386 esse.Usque
1669 1317 1886 1369 adeone
1901 1315 2061 1388 igno-

400 1406 536 1458 rant
565 1403 718 1473 quod
748 1420 848 1473 pro
883 1404 1106 1457 diverso
1131 1403 1434 1458 climatum
1489 1405 1627 1468 situ,
1659 1405 1772 1476 poli
1801 1408 1922 1475 jam
1959 1423 2057 1460 su-

398 1507 505 1563 pra
534 1490 895 1545 horizontem
928 1497 1372 1558 versantur,n'cc
1402 1493 1698 1548 inmundo
1729 1494 2055 1566 quidquam

394 1580 527 1635 ideo
564 1585 829 1634 mutatur
863 1585 966 1634 aut
1019 1582 1446 1652 transpouitur,
1479 1583 1754 1654 quodque
1802 1585 2059 1638 australe

406 1666 580 1724 clima
611 1667 991 1722 habitandum
1049 1669 1275 1724 sortitis
1316 1669 1484 1740 polus
1547 1670 1795 1725 borealis
1827 1689 2059 1737 semper

407 1758 770 1827 conspicitur
799 1763 856 1813 et
877 1759 1170 1830 capitibus
1208 1776 1410 1816 eorum
1452 1762 1733 1830 imminet,
1780 1762 2055 1817 australis

2174 619 2284 655 ται.

2176 704 2307 782 ρκδ’.
2367 707 2459 770 Τίς
2516 709 2551 777 ἡ
2612 706 2759 762 αἰτία
2803 711 2993 785 τοῦτον
3048 708 3140 763 τὸν
3197 709 3406 781 κόσμον
3459 707 3590 765 ὅλον
3650 708 3814 785 ἐγκλι-

2907 782 3087 850 θῆναι.

2247 868 2516 941 Θάυμάζω
2559 873 2666 923 τῶν
2714 867 3029 946 φιλοσόφων
3081 868 3236 924 ἐνίων
3294 870 3386 924 τὸν
3415 871 3620 943 κόσμον
3666 892 3810 944 μετα-

2172 961 2376 1028 πεσεῖν,
2433 955 2521 1011 καὶ
2553 958 2650 1025 τήν
2683 957 2907 1031 πρώτην
2947 954 3216 1030 οἱομένων
3251 955 3610 1034 δημιουργίαν
3647 959 3813 1035 ὥσπερ

2173 1044 2530 1118 ἰξοτισθεῖσαν
2585 1050 2685 1112 τῆς
2734 1046 2938 1108 οἰκείας
3002 1047 3223 1117 τάξεως,
3283 1048 3371 1102 καὶ
3425 1049 3515 1102 τὸν
3579 1049 3669 1121 μὲν
3723 1050 3808 1124 βό-

2173 1155 2315 1211 ρειον
2367 1134 2537 1190 πόλον
2631 1137 3080 1211 μετεωρισϐῆναι,
3141 1133 3397 1211 ὕπόγειον
3467 1134 3524 1191 δὶ
3580 1139 3814 1210 γενέσθαι

2168 1225 2259 1278 τὸν
2315 1224 2518 1294 νότιον,
2571 1226 2662 1279 καὶ
2707 1225 2806 1292 τὴν
2862 1224 3183 1298 ἷσημερινήν
3221 1226 3396 1294 ζώνην
3446 1223 3530 1279 ἰπὶ
3583 1225 3681 1293 τὴν
3725 1246 3814 1298 με·

2171 1307 2441 1384 σημϐρίαν
2489 1312 2926 1386 μετέ-(κλιθῆναι.
2985 1316 3252 1368 Τοσοῦτον
3304 1314 3407 1388 γὰρ
3461 1315 3811 1388 ἠγνοήκασιν.

2169 1399 2251 1455 ὅτι
2308 1401 2454 1476 παρὰ
2482 1405 2580 1469 τήν
2632 1399 2892 1476 διάφορον
2934 1405 3044 1456 τῶν
3089 1400 3373 1473 κλιμάτων
3408 1402 3548 1465 θέσιν
3577 1401 3631 1455 0i
3660 1399 3813 1455 πόλοι

2167 1493 2258 1543 νῦν
2324 1490 2418 1562 μὲν
2471 1489 2557 1543 ἐπὶ
2617 1494 2712 1543 106
2793 1489 3064 1564 ὁρίζοντος
3128 1489 3334 1544 κ·5κλου
3395 1491 3674 1560 ἑστήκασι,
3731 1488 3811 1543 καὶ

2168 1578 2498 1651 ἀμετάθετον
2556 1580 2618 1634 τὸ
2674 1584 2778 1633 πᾶν
2839 1576 3330 1654 διατηροῦτι,τοῖς
3391 1577 3448 1634 δὶ
3505 1580 3567 1634 τὸ
3614 1580 3811 1654 βόρειον

2166 1665 2339 1739 κλίμα
2373 1665 2640 1742 λαχοῦσιν
2690 1667 2880 1732 οἰκεῖν,
2933 1669 2959 1720 6
3020 1669 3112 1739 μὲν
3148 1667 3318 1721 ἐκεῖσε
3348 1664 3522 1730 πόλος
3552 1666 3811 1740 μετέωρος

2167 1758 2434 1831 φαίνεται,
2488 1758 2573 1811 καὶ
2634 1758 2918 1834 ἀειφτινὴς,
2973 1757 3000 1810 6
3061 1754 3118 1810 δὲ
3175 1757 3355 1816 νότιος
3407 1755 3511 1810 ὑπὸ
3568 1757 3672 1822 τὴν
3715 1761 3808 1828 γῆν

404 1846 702 1903 veroinfra
728 1851 940 1902 terram
963 1847 1664 1921 occultatur.Neutiquam
1686 1852 1866 1923 igitur
1882 1869 2052 1906 mun-

2180 1847 2484 1921 ιρύπτεται²
2517 1847 2593 1905 Οὖ
2657 1845 2946 1920 μετεκλίθη
3003 1851 3131 1922 γοῦν
3191 1848 3218 1900 6
3277 1847 3484 1920 κόσμος
3544 1842 3807 1900 έπόὐδὶν

406 1937 517 1992 dus
551 1936 604 1991 in
636 1936 876 1992 alteram
904 1941 1125 2009 partem
1152 1939 1466 1994 inclinatus
1489 1942 1706 2005 est,sed
1740 1940 2055 1997 habitatio-

406 2045 548 2083 num
584 2028 756 2099 situs,
790 2027 1228 2084 inclinationem
1259 2029 1369 2085 sibi
1397 2030 1769 2101 imaginatur.

413 2135 534 2190 125.
569 2135 840 2203 Quomodo
891 2138 1011 2206 quis
1039 2153 1138 2206 per
1185 2135 1495 2192 Grmcorum
1536 2137 2058 2194 demonstrationem

608 2210 950 2277 perspectum
983 2207 1184 2263 habere
1227 2211 1405 2281 possit
1436 2209 1633 2264 mundi
1661 2211 1848 2280 ﬁnem.

483 2299 557 2350 De
580 2295 785 2351 ultima
817 2296 911 2350 die
942 2301 997 2352 et
1025 2297 1187 2362 hora,
1225 2299 1548 2353 secundum
1610 2300 1831 2354 dictum
1872 2300 2059 2354 Evan-

408 2383 568 2456 gelii,
632 2386 1014 2441 nemonovit
1071 2385 1182 2442 nisi
1237 2387 1424 2454 Pater,
1466 2391 1523 2442 et
1571 2393 1890 2444 coaeternus
1945 2389 2060 2460 ipsi

407 2472 614 2538 Filius,
647 2479 703 2528 et
741 2473 996 2546 Spiritus
1055 2492 1085 2529 e
1149 2476 1314 2530 Patre
1367 2479 1708 2547 procedens.
1754 2481 1825 2532 At
1878 2478 2061 2534 Graeci

407 2561 585 2618 etiam
618 2562 769 2616 hanc
792 2562 939 2618 scire
971 2564 1133 2619 vanis
1156 2567 1522 2621 contendunt
1545 2567 2060 2623 demonstrationi-

407 2649 782 2704 bus.Saturni
818 2653 1071 2706 maxima
1104 2653 1380 2722 periodus
1407 2657 1494 2708 est
1526 2671 1814 2708 annorum
1838 2655 2062 2708 ducen-

406 2741 601 2793 torum
637 2740 938 2809 sexaginta
970 2740 1253 2812 quinque.
1311 2742 1470 2797 Jovis
1531 2743 1699 2796 annis
1744 2743 1947 2814 viginti
2007 2749 2064 2797 et

413 2832 661 2896 septem,
697 2828 894 2882 Martis
945 2830 1212 2884 ducentis
1269 2831 1565 2901 octoginta
1610 2839 1884 2902 quatuor,
1915 2833 2064 2888 Solis

414 2914 575 2970 mille
605 2916 1051 2988 quadringentis
1080 2935 1193 2972 uno
1225 2923 1281 2972 et
1312 2921 1882 2990 sexaginta,Veneris
1907 2922 2066 2977 mille

424 3005 872 3076 quadringentis
903 3024 1016 3061 uno
1047 3012 1105 3062 et
1136 3008 1590 3080 quinquaginta,
1627 3010 1894 3064 Mercurii
1925 3028 2064 3082 qua-

424 3095 752 3166 dringentis
787 3097 1085 3168 octoginta
1115 3100 1172 3151 et
1202 3102 1350 3167 octo,
1378 3097 1549 3152 Lunae
1580 3099 1831 3170 denique
1862 3100 2064 3171 viginti

422 3183 682 3255 quinque
714 3185 1020 3241 annis.Sed
1046 3203 1260 3258 magna
1293 3188 1495 3242 mundi
1529 3189 1804 3260 periodus
1826 3189 2065 3244 obsolvi-

417 3274 515 3326 tur
546 3273 716 3328 annis
735 3273 948 3329 millies
978 3275 1393 3347 septingenties
1415 3293 1479 3331 ac
1503 3277 1891 3349 quinquagies
1907 3278 2064 3333 mille

418 3364 477 3415 et
507 3364 593 3416 ter
624 3362 782 3418 mille
813 3379 880 3418 ac
915 3364 1220 3434 ducentis;
1255 3364 1351 3418 illo
1375 3369 1636 3437 tempore
1657 3367 1922 3421 omnium
1948 3366 2064 3436 pla-

416 3455 687 3507 netarum
735 3454 1070 3524 conjunctio
1103 3455 1200 3509 ﬁet
1256 3457 1312 3508 in
1345 3454 1631 3510 tricesimo
1654 3457 1837 3526 gradu
1871 3455 2067 3511 cancri

416 3539 503 3596 vel
529 3543 716 3611 primo
751 3541 961 3612 leonis,
1020 3547 1194 3613 atque
1246 3549 1386 3597 tunc
1444 3543 1758 3600 universali
1808 3547 2067 3600 mundus

416 3629 696 3684 obruetur
719 3630 1106 3686 diluvio.Post
1138 3634 1441 3686 absolutas
1477 3633 1746 3704 periodos
1770 3635 2066 3689 minorum

417 3719 476 3772 in
502 3713 749 3789 planetis
773 3737 1086 3788 annorum,
1123 3720 1505 3788 particulares
1542 3721 1815 3775 accidunt
1845 3721 2067 3778 eluvio-

417 3822 522 3860 nes
555 3807 910 3878 ;unicuique
941 3807 1094 3862 enim
1117 3808 1421 3863 stellarum
1453 3814 1773 3864 errantium
1807 3811 2070 3880 maximi,

420 3895 596 3949 medii
627 3901 685 3949 et
716 3896 976 3951 minores
1009 3897 1146 3951 anni
1176 3898 1380 3951 tributi
1415 3903 1572 3952 sunt.

417 3984 525 4036 τῶν
586 3981 847 4058 ἀστέρων,
937 3984 987 4037 0i
1059 3984 1272 4058 μερικοὶ
1350 3984 1726 4058 κατακλυσμοὶ
1807 3987 2066 4064 γίνονται.

417 4070 509 4124 καὶ
543 4069 803 4126 ἐλάττονα
831 4068 920 4142 ἔτη
958 4073 1296 4148 παράκειται.

421 4179 545 4235 126.
577 4181 1064 4249 ριιιῑνηαηιηιιιηάί
1115 4182 1311 4238 dextra
1339 4184 1471 4249 sint,
1505 4199 1764 4256 quaenam
1820 4187 2071 4241 sinistra.

492 4288 580 4342 Ab
603 4288 823 4345 oriente
853 4307 1128 4346 occasum
1170 4308 1375 4347 versus
1425 4293 1830 4363 spectantibus
1871 4293 2074 4348 dextra

424 4378 629 4433 mundi
663 4386 805 4434 sunt
827 4381 1330 4450 septentrionalia,
1353 4380 1640 4437 australis
1671 4381 1927 4438 sinistra.
1963 4383 2070 4437 Sed

424 4466 496 4520 ab
529 4467 825 4524 occidente
857 4469 1258 4539 spectantibus
1316 4471 1386 4526 ad
1435 4471 1744 4536 orientem,
1795 4470 2074 4527 australia

423 4555 624 4611 dextra
647 4561 806 4623 sunt,
832 4558 1074 4614 sinistra
1105 4560 1585 4631 septentrionalia
1620 4577 1632 4616 :
1661 4561 1944 4632 facicique
1967 4562 2070 4616 ob-

2168 1937 2352 2011 μὲρος,
2433 1934 2560 1990 ἀλλ’
2623 1939 2657 2006 ἡ
2715 1937 2822 1991 τὼν
2875 1936 3144 2007 οἰκήσεων
3208 1937 3352 1999 θέσις
3412 1936 3668 2012 φαντάζιι
3721 1935 3808 2002 τήν

2166 2025 2434 2101 ἔγκλισιν.

2169 2134 2291 2207 ρκί.
2329 2133 2499 2188 Ηόθεν
2532 2131 2591 2187 ἄν
2636 2153 2718 2192 τις
2753 2131 2924 2207 ⁸γνοίη
2980 2129 3336 2207 Ἑλληνικαῖς
3393 2127 3697 2200 ἀποδιῖξεσι
3725 2130 3814 2197 τὴν

2700 2203 2908 2276 κόσμου
2941 2203 3275 2260 συντέλειαν.

2240 2295 2370 2368 Περὶ
2404 2300 2504 2362 τῆς
2554 2292 2868 2356 τελευταίας
2915 2294 3127 2366 ἡμέρας
3160 2293 3250 2347 καὶ
3282 2291 3449 2368 ὥρας⁸
3479 2287 3664 2354 οὐδεὶς
3694 2287 3816 2355 οἶδε,

2169 2383 2303 2438 κατὰ
2344 2384 2444 2451 τὴν
2496 2387 2592 2436 106
2652 2381 2991 2457 Εὐαγγελίου
3051 2382 3261 2459 φωνὴν,
3322 2380 3366 2435 εἰ
3425 2381 3500 2453 μὴ
3555 2381 3584 2435 6
3639 2379 3816 2450 Πατὴρ

2169 2473 2258 2527 καὶ
2315 2473 2342 2526 6
2375 2469 2649 2534 συναῗδιος
2711 2471 2901 2544 ἐκείνῳ
2958 2472 3104 2539 Υἱὸς,
3159 2471 3248 2525 καὶ
3295 2471 3356 2524 τὸ
3410 2473 3632 2542 Πνεῦμα
3672 2469 3732 2524 τὸ
3763 2467 3816 2521 έιι

2174 2567 2272 2617 106
2331 2562 2538 2636 Πατρὸς
2598 2561 3049 2636 ἐκπορευόμενον.
3097 2558 3367 2628 Ἕλληνες
3427 2557 3484 2614 δὲ
3543 2555 3817 2634 βιάζονται

2180 2652 2270 2706 καὶ
2301 2650 2503 2720 ταύτην
2551 2649 2748 2704 εἰδέναι
2793 2648 2881 2704 διὰ
2932 2655 3095 2705 κενῶν
3151 2647 3494 2718 ἀποδείξεων.
3527 2649 3589 2704 Ὁ
3623 2648 3819 2722 Κρόνος

2172 2745 2320 2795 ποιεῖ
2375 2739 2474 2807 τήν
2519 2740 2776 2815 μεγίστην
2835 2737 3267 2793 ἀποκατάστασιν
3326 2735 3396 2791 δι’
3454 2736 3587 2812 έτῶνη
3648 2734 3821 2790 διακο-

2172 2828 2300 2883 σίων
2335 2827 2593 2899 ἐξήκοντα
2623 2828 2709 2882 καὶ
2743 2829 2901 2882 πέντε
2934 2847 2946 2860 ’
2982 2828 3008 2881 6
3039 2826 3166 2888 Ζεὺς
3198 2825 3289 2882 διὰ
3317 2825 3484 2881 εἶ’κοσι
3515 2825 3607 2880 καὶ
3641 2825 3772 2880 ἑπτά
3803 2844 3815 2856 ο

2171 2919 2344 2992 ’Άρης
2378 2914 2434 2971 δὲ
2485 2913 2574 2970 διὰ
2621 2913 2909 2971 διακοσίων
2964 2913 3308 2989 ὀγδοήκοντα
3362 2915 3498 2988 πρὸς
3551 2919 3672 2976 τοῖς
3703 2911 3818 2969 τέσ-

2176 3027 2360 3081 σαρσιν
2399 3024 2411 3038 ο
2459 3006 2485 3059 ὁ
2535 3002 2732 3067 Ἵίλιος
2776 3002 2867 3058 διὰ
2915 3001 3116 3080 χιλίων
3163 3003 3521 3078 τετρακοσίων
3565 3002 3820 3074 ἐξήκοντα

2174 3095 2311 3170 πρὸς
2373 3098 2453 3165 τῷ
2491 3092 2566 3147 ἐνί
2601 3113 2613 3126 ’
2668 3090 2959 3171 Ἀφροδίτη
3007 3090 3094 3147 διὰ
3147 3092 3348 3167 χιλίων
3396 3091 3582 3146 ἑκατὸν
3631 3091 3821 3158 πεντή-

2175 3205 2338 3240 κοντα
2367 3183 2504 3258 πρὸς
2539 3187 2618 3254 τῷ
2664 3183 2741 3236 ένί
2769 3203 2779 3214 ’
2831 3184 3041 3257 Ἑρμῆς
3090 3180 3179 3237 διά
3229 3180 3588 3255 τετρακοσίων
3622 3177 3823 3254 ὀγδοή-

2174 3293 2340 3328 κοντα
2390 3271 2479 3326 καὶ
2541 3270 2683 3325 ὀκτώ
2712 3290 2724 3304 ·
2779 3273 2815 3340 ἡ
2868 3269 3080 3341 Σελήνη
3127 3267 3198 3325 δι’
3242 3268 3373 3326 ἐτῶν
3423 3268 3592 3324 εἴκοσι
3624 3268 3782 3324 πέντε
3812 3287 3824 3299 ·

2174 3348 2234 3416 ἸΙ
2295 3359 2353 3416 δὲ
2400 3361 2640 3434 κοσμικὴ
2691 3359 3120 3422 ἀποκατάστασις
3170 3359 3373 3434 γίνεται
3447 3355 3516 3413 δι’
3548 3357 3681 3414 ἐτῶν
3739 3378 3829 3431 μυ·

2177 3450 2380 3528 ριάδων
2411 3451 2596 3506 ἑκατὸν
2648 3445 3031 3522 ἐϐδομήκοντα
3080 3449 3171 3504 καὶ
3220 3451 3378 3504 πέντε
3427 3449 3564 3522 πρὸς
3613 3469 3826 3524 τρισχι-

2178 3539 2320 3603 λίοις
2380 3537 2697 3605 διακοσίοις,
2748 3539 2837 3594 καὶ
2893 3543 3017 3594 τότε
3072 3538 3281 3613 γίνεται
3341 3535 3566 3599 σύνοδος
3609 3540 3822 3592 πάντων

2176 3634 2284 3684 τῶν
2315 3627 2550 3700 ἀστέρων
2582 3627 2719 3682 κατὰ
2764 3630 2862 3696 τὴν
2911 3629 3242 3701 τριακοστὴν
3297 3633 3493 3702 μοῖραν
3535 3631 3634 3681 τοῦ
3695 3647 3826 3699 καρ-

2178 3719 2349 3786 κίνου,
2382 3717 2415 3786 ἥ
2447 3718 2546 3785 τήν
2597 3717 2820 3790 πρώτην
2879 3717 3072 3792 μοίραν
3129 3720 3224 3771 106
3277 3714 3514 3784 λέοντος,
3560 3716 3656 3770 καὶ
3685 3735 3829 3784 τηνι-

2179 3812 2348 3863 καῦτα
2375 3805 2575 3881 γίνεται
2610 3807 2637 3860 6
2685 3808 2959 3874 παντελὴς
3009 3810 3108 3861 τοῦ
3160 3807 3370 3878 κὸσμου
3414 3799 3823 3876 κατακλυσμὸς.

2181 3899 2324 3952 Κατά
2381 3895 2439 3950 δὲ
2492 3896 2591 3963 τὴν
2656 3895 3083 3950 ἀποκατάστασιν
3159 3899 3268 3949 τῶν
3326 3893 3637 3969 ἰλαχίστων
3699 3895 3829 3948 ἑτῶν

2151 3988 2395 4058 Ἑκάστῳ
2476 3985 2580 4060 γὰρ
2656 3985 2836 4058 ἀστέρι
2924 3983 3176 4058 πλανήτῃ
3263 3985 3490 4058 μέγιστα
3543 3983 3636 4037 καὶ
3701 3983 3836 4056 μέσα

2183 4183 2316 4257 ρκς’.
2370 4181 2498 4236 Τίνα
2556 4178 2702 4250 δεξιά
2766 4184 2862 4235 106
2923 4180 3155 4253 κόσμου,
3212 4181 3302 4234 καὶ
3375 4199 3494 4234 τινα
3555 4177 3837 4253 ἀριστερά.

2251 4295 2377 4351 Τοῖς
2437 4288 2529 4362 μὲν
2576 4287 2627 4358 ἐξ
2675 4284 2954 4342 ἀνατολῶν
3006 4287 3143 4363 πρὸς
3193 4284 3341 4341 δόσιν
3409 4285 3628 4359 ὁρῶσιν,
3693 4282 3841 4355 διξιά

2179 4382 2276 4433 106
2305 4377 2516 4450 κόσμου
2580 4377 2717 4451 μέρη
2771 4376 2837 4430 τὰ
2897 4374 3104 4450 βόρεια,
3159 4374 3414 4450 ἀριστερά
3455 4371 3512 4428 δὲ
3564 4373 3634 4426 τὰ
3662 4374 3839 4428 νότια.

2179 4472 2305 4529 Τοῖς
2326 4464 2371 4520 δ’
2403 4467 2508 4520 ἀπὸ
2537 4472 2636 4534 τῆς
2681 4463 2882 4526 δύσεως
2925 4465 3060 4539 πρὸς
3107 4463 3205 4532 τήν
3236 4462 3503 4532 ἀνατολὴν
3541 4462 3838 4536 βλέπουσι,

2182 4553 2327 4626 δεξιᾶ
2395 4556 2488 4626 μὶν
2546 4555 2612 4608 τὰ
2659 4555 2810 4609 νότια
2885 4553 3139 4628 ἀριστερὰ
3227 4550 3284 4606 δὲ
3339 4551 3405 4606 τὰ
3465 4550 3679 4625 βόρεια.
3741 4551 3842 4605 Καὶ

423 4661 601 4700 versa:
631 4651 768 4700 sunt
797 4647 1190 4703 occidentales
1240 4649 1367 4704 cceli
1401 4655 1616 4722 partes,
1651 4652 1722 4706 ad
1756 4648 1884 4705 iilas
1915 4649 2063 4706 enim

2182 4644 2486 4720 ἐμπρόσθια
2551 4645 2643 4715 μὲν
2700 4647 2796 4697 106
2852 4641 3086 4716 οὐρανοῦ
3140 4641 3206 4694 τὰ
3265 4640 3486 4711 ἑσπέρια
3535 4641 3707 4711 μέρη,
3757 4639 3841 4694 δτι

423 4730 608 4788 fertur
664 4733 712 4788 si
763 4735 894 4805 quis
929 4739 1220 4806 procedat,
1282 4744 1412 4808 post
1462 4742 1690 4809 tergum
1740 4756 1870 4794 vero
1931 4744 2071 4794 sunt

422 4821 758 4889 orientales,
792 4824 862 4878 ab
915 4823 1008 4879 his
1066 4827 1222 4881 enim
1273 4827 1506 4882 recedit.
1534 4828 1694 4891 Quod
1729 4828 1778 4883 si
1803 4829 2067 4900 requiras

421 4926 687 4978 quaenam
716 4912 1020 4983 superiora
1049 4919 1188 4969 sunt
1219 4914 1273 4968 in
1307 4915 1470 4981 coelo,
1492 4932 1618 4986 quae
1652 4917 1944 4985 inferiora,
1967 4917 2066 4972 alii

422 4999 658 5070 quidem
695 5000 1025 5072 philosophi
1059 5020 1183 5075 quae
1215 5020 1394 5075 supra
1423 5011 1600 5076 caput
1631 5012 1895 5061 nostrum
1931 5012 2069 5062 sunt

422 5088 724 5160 superiora
755 5095 1041 5158 statuunt,
1077 5109 1207 5164 quae
1236 5093 1328 5147 his
1359 5099 1500 5148 sunt
1555 5096 1823 5165 opposita
1854 5096 2070 5151 habent

419 5193 525 5248 pro
553 5177 1524 5252 interioribus.AtAristotelesjam
1549 5188 1738 5238 totum
1771 5184 1980 5238 ccelum
2004 5189 2070 5240 ut

421 5268 691 5337 superius
723 5275 990 5340 respectu
1022 5274 1185 5324 terra:
1210 5272 1681 5340 considerat,jam
1706 5273 1861 5343 quod
1895 5290 2068 5343 supe-

419 5354 544 5411 rius
573 5357 797 5411 vocavit
826 5357 1078 5429 appellat
1106 5358 1372 5427 interius,
1409 5378 1471 5415 ac
1492 5360 1775 5432 vicissim,
1807 5377 1912 5417 nec
1943 5361 2068 5418 sine

417 5444 699 5516 praeclara
729 5449 784 5498 et
817 5446 1050 5500 erudita
1081 5447 1598 5503 demonstratione.

705 5534 824 5586 127.
873 5535 946 5588 De
973 5537 1221 5606 partium
1267 5541 1435 5592 terra:
1457 5538 1778 5592 mutatione.

490 5625 691 5676 Partes
720 5625 883 5675 terra:
899 5622 1224 5679 alterantur
1236 5625 1460 5680 ratione
1483 5624 1766 5682 siccitatis
1799 5632 1855 5684 et
1876 5629 2064 5684 humi-

419 5709 642 5783 ditatis,
678 5725 808 5768 cum
839 5726 909 5768 ex
956 5712 1218 5770 humidis
1271 5713 1422 5770 ﬁunt
1471 5713 1635 5772 siccas
1674 5715 1763 5773 vel
1785 5733 1853 5775 ex
1894 5719 2065 5778 siccis

2177 4734 2315 4811 πρὸς
2347 4738 2518 4788 ταῦτα
2561 4733 2775 4811 φέρεται
2833 4731 3174 4804 κινούμενος,
3224 4729 3443 4793 ὀπίσθια
3498 4725 3556 4783 δὲ
3583 4729 3654 4783 τὰ
3687 4730 3802 4802 ἑῷα
3825 4748 3836 4760 ’

2177 4824 2268 4879 ἀπ’
2299 4823 2514 4878 έκεινων
2543 4823 2646 4898 γὰρ
2699 4821 2955 4898 ὁρμᾶται.
3011 4818 3149 4877 Τίνα
3208 4815 3265 4874 δὲ
3295 4819 3444 4872 κάτῶ
3473 4821 3571 4872 106
3603 4818 3843 4892 οὐρανοῦ

2175 4915 2266 4970 καὶ
2296 4936 2416 4969 τινα
2454 4911 2586 4982 ἅνω,
2638 4913 2689 4968 οἱ
2743 4913 2837 4986 μὶν
2890 4909 3055 4966 ἄλλοι
3106 4914 3211 4965 τῶν
3264 4909 3577 4986 φιλοςοφων
3607 4909 3676 4963 τὸ
3743 4909 3840 4982 μὶν

2181 5005 2314 5079 ὑπὲρ
2344 5003 2587 5080 κεφαλὴν
2636 5005 2798 5076 ἡμῶν
2849 4999 3205 5077 ἡμισφαίριον
3266 4997 3371 5053 ἅνω
3418 4998 3652 5068 τιθέασι,
3684 5000 3751 5053 τὸ
3786 4997 3844 5053 δὲ

2177 5093 2448 5157 ἀντίθετον
2490 5091 2659 5158 κάτω,
2722 5087 3107 5164 Ἀριστοτέλης
3161 5085 3216 5142 δὲ
3264 5091 3351 5140 νῦν
3411 5088 3507 5160 μὶν
3561 5084 3697 5142 ὅλον
3749 5087 3842 5140 τὸν

2179 5183 2402 5258 οὐρανὸν
2436 5180 2546 5237 ἅνω
2575 5187 2678 5251 τῆς
2723 5183 2824 5257 γῆς
2863 5179 3240 5257 ἀποφαίνεται,
3291 5177 3382 5232 νῦν
3422 5174 3480 5232 δὶ
3522 5180 3676 5232 κάτω
3705 5175 3845 5248 ἅνω,

2177 5274 2324 5340 πλὴν
2361 5271 2495 5344 μετά
2527 5271 2825 5344 θαυμασίας
2854 5268 2943 5324 καὶ
2979 5267 3324 5344 λογιωτάτης
3350 5263 3703 5340 ἀποδείξεως.

2360 5541 2490 5615 ρκζ’.
2541 5539 2673 5613 Ηερὶ
2709 5531 3019 5611 μεταϐολῆς
3055 5539 3164 5590 τῶν
3195 5537 3300 5604 τῆσ
3317 5541 3417 5608 γῆς
3449 5538 3654 5608 μερῶν.

2253 5624 2602 5686 Μεταϐἀλλει
2649 5629 2718 5682 τὰ
2778 5628 2915 5702 μέρη
2949 5633 3049 5696 τῆς
3099 5629 3200 5702 γῆς
3243 5624 3381 5679 κατά
3421 5623 3484 5678 τὸ
3542 5621 3844 5698 ξηρότερον

2177 5717 2269 5776 καὶ
2329 5719 2643 5795 ὑγρότερον,
2711 5717 2817 5773 ἀπὸ
2875 5715 2969 5791 μὲν
3034 5715 3201 5791 ὑγροῦ
3259 5708 3522 5789 ξηρότερα
3576 5713 3844 5791 γινόμενα
