4032 6202
236 328 323 389 765
1119 323 1122 325 ’
1390 326 1492 385 DE
1534 325 1975 390 OMNIFARIA
2016 329 2433 391 DOCTRINA.

3501 325 3626 387 766.

235 454 302 513 καὶ
352 453 461 510 ἀπὸ
513 453 682 529 ξηροῦ
747 451 1126 531 ὑγραινόμεναο
1189 449 1490 528 Συμόαίνει
1524 453 1582 511 δὶ
1628 454 1718 511 καί
1768 459 1866 527 τήν

2008 462 2265 518 numidae.
2299 462 2598 534 Contingit
2627 466 2684 518 et
2707 479 2775 518 ex
2806 459 2954 518 mari
2999 460 3123 517 ﬁeri
3170 464 3386 516 terram
3435 459 3620 516 conti—

236 542 476 610 θάλατταν
523 540 901 618 ἧπειροῦσθαι,
959 543 1050 599 καὶ
1105 545 1205 613 τὴν
1265 541 1494 620 ἤπειρον
1554 541 1863 600 θαλαττοῦ-

235 648 352 699 σθαι.
398 633 494 687 Καὶ
552 632 606 686 ἐν
673 633 766 705 μὲν
799 637 878 704 τῷ
911 631 1138 708 μεγαλῳ
1183 639 1416 708 χειμῶνι
1449 636 1484 702 ἡ
1519 630 1750 709 ἤπεερος
1773 636 1866 689 θα·
1918 681 1921 683 .

236 722 526 790 λαττοῦται,
587 720 637 776 ἐν
699 719 755 776 δὲ
783 726 862 794 τῷ
918 720 1140 797 μεγάλῳ
1193 722 1332 797 θέρει
1368 725 1402 792 ἡ
1431 721 1674 776 Θάλασσα
1703 724 1866 793 ἠπει-

237 817 419 891 ροῦται-
475 813 541 869 Οἱ
591 811 654 866 αὖ
687 812 929 884 ποταμοὶ
980 812 1032 866 έν
1069 809 1217 882 αῗτίᾳ
1248 811 1351 865 εἰσί
1380 816 1478 865 τοῦ
1509 819 1607 880 τῆν
1639 819 1739 888 γῆν
1770 820 1869 881 τῆς

237 903 490 973 θαλάσσης
546 903 899 976 γῦμνοῦσθαι.
965 897 1376 975 Ἐμϐἀλλοντες
1433 903 1533 977 γὰρ
1566 902 1642 964 εἰς
1700 902 1866 970 αὐτὴν

238 999 297 1065 τῷ
345 991 621 1068 ἐπιφέρειν
680 993 778 1061 τὴν
821 989 940 1046 ἰλὺν
998 992 1188 1060 ἥϊόνας
1255 995 1496 1064 ποιοῦσι,
1549 993 1639 1046 καὶ
1698 991 1870 1054 οὕτως

238 1081 571 1156 ἀπογαιοῦται
635 1082 662 1136 ὁ
693 1082 940 1154 ποταμὸς
973 1080 1196 1143 ἐκεῖνος.
1232 1081 1323 1148 Μὴ
1381 1075 1766 1143 εἷσϐἀλλοντες
1815 1078 1871 1135 δὲ

238 1176 430 1227 ποιοῦσι
462 1173 560 1240 τὴν
589 1177 691 1246 γῆν
727 1168 1145 1234 θαλαττοῦσθαι·
1185 1167 1311 1223 ἀλλ’
1347 1167 1572 1232 ἐνταῦθα
1610 1171 1869 1244 ἠπειρου-

241 1261 345 1335 μένη
377 1262 414 1330 ἡ
469 1258 728 1328 θάλασσα,
782 1258 1000 1313 ὠθεῖται
1052 1257 1128 1320 εἷς
1159 1260 1257 1328 τὴν
1302 1259 1588 1333 ἀντιπέραν
1620 1256 1869 1333 ἤπειρον,

238 1349 308 1405 καὶ
336 1347 600 1404 Θαλαττοῖ
627 1348 851 1418 ταύτην
888 1349 933 1403 εἴ
967 1345 1024 1402 δὲ
1079 1347 1178 1421 μὴ,
1236 1347 1557 1402 παλινοστεῖ
1606 1347 1668 1401 τὸ
1725 1344 1871 1423 ὕδωρ

239 1440 366 1503 αὖθις
399 1437 487 1494 ἐπὶ
519 1439 610 1492 τὸν
646 1436 844 1492 οἶκεῖον
875 1437 1068 1509 τόπον,
1098 1437 1187 1491 καὶ
1221 1434 1583 1492 θαλαττοῦται
1615 1435 1779 1492 πάλιν
1812 1437 1874 1490 τὸ

243 1527 645 1604 ἠπειρούμενον.

739 1618 878 1694 ρκη’.
914 1615 1046 1692 Περὶ
1079 1619 1337 1690 σεισμῶν.

297 1708 394 1763 ’Ῑὸν
449 1707 668 1780 σεισμὸν
726 1711 872 1760 ποιεῖ
934 1705 1029 1778 μὶν
1081 1707 1108 1760 ὁ
1168 1705 1320 1774 Θεὸς,
1373 1699 1554 1780 ὥσπερ
1611 1701 1678 1773 δὴ
1710 1703 1800 1758 καὶ
1830 1701 1877 1758 τ’

248 1795 369 1852 ἄλλα
428 1795 748 1868 σύμπαντα,
805 1794 941 1848 κατά
998 1794 1058 1848 τὸ
1091 1840 1106 1865 ,
1166 1795 1222 1848 Ὀ
1277 1789 1588 1849 ἰπιϐλέπων
1641 1791 1728 1848 ἐπὶ
1777 1792 1875 1860 τὴν

251 1892 356 1960 γῆν,
411 1886 498 1940 καὶ
562 1889 734 1940 ποιῶν
768 1885 936 1953 αὐτὴν
981 1883 1218 1957 τρέμειν.
1290 1884 1563 1957 Προσεχὶς
1605 1879 1662 1936 δὶ
1690 1881 1886 1936 τούτου

263 1972 412 2028 αἳτιον
448 2018 462 2043 ,
517 1973 584 2028 τὸ
642 1971 1094 2047 ἀναπεμπόμενον
1155 1971 1262 2027 ἀπὸ
1313 1976 1413 2038 τῆς
1467 1978 1570 2046 γῆς
1625 1975 1837 2043 πνεῦμα
1869 2015 1883 2040 ,

261 2063 368 2118 ὅταν
421 2062 548 2118 εἷ’σω
604 2061 766 2138 τύχοι
825 2061 944 2138 ῥυὶν
994 2063 1057 2117 τὸ
1117 2060 1217 2132 ἔξω
1273 2060 1765 2133 ἀναθυμιούμενον·
1799 2058 1888 2114 διὰ

257 2157 407 2206 ταῦτα
435 2151 521 2206 καὶ
551 2151 809 2224 νηνεμίας
835 2152 1076 2224 γίνονται
1109 2151 1160 2204 οἱ
1210 2147 1454 2204 ἰλεῖστοι
1501 2148 1590 2204 καὶ
1646 2148 1888 2223 μέγιστοι

255 2246 346 2296 τῶν
379 2246 631 2314 σεισμῶν,
689 2239 1066 2296 κατακλείεται
1123 2240 1223 2314 γὰρ
1277 2243 1575 2304 τηνικαῦτα
1627 2239 1730 2293 ὑπὸ
1784 2245 1884 2312 γῆν

257 2333 306 2386 τὸ
353 2329 520 2386 α’ίτιον
575 2334 682 2384 τῶν
733 2334 992 2402 σεισμῶν.
1046 2327 1286 2383 Γίνονται
1320 2325 1375 2382 δὲ
1399 2327 1886 2404 ἲσχυρότρροιτῶν

258 2425 490 2494 σεισμῶν,
545 2419 684 2474 ὅπου
731 2421 766 2490 ἡ
801 2417 1044 2482 θάλασσα
1076 2415 1292 2494 ῥοώδης
1319 2419 1410 2472 καί
1444 2419 1477 2487 ἠ
1511 2418 1670 2492 χώρα
1702 2419 1884 2494 σομφή

258 2511 330 2564 καὶ
380 2509 640 2584 ὕπαντρος
669 2553 682 2566 .
731 2509 830 2562 Διά
883 2508 984 2582 γὰρ
1042 2508 1142 2575 τὴν
1191 2505 1516 2580 στερεότητα
1566 2507 1628 2561 τὸ
1680 2511 1892 2579 πνεῦμα

257 2597 514 2672 γινόμενον
539 2595 798 2675 σφοδρὸν,
834 2594 1046 2668 μᾶλλον
1077 2593 1206 2649 σείει
1237 2595 1334 2663 τὴν
1363 2601 1489 2670 γῆν,
1525 2592 1592 2651 A'i
1619 2615 1677 2649 τε
1709 2599 1886 2670 χῶραι

261 2686 364 2743 ὅσαι
403 2687 647 2765 σομφοῦς
676 2683 864 2762 ἔχουσι
896 2685 1021 2747 τοὺς
1042 2684 1187 2740 κάτω
1218 2684 1445 2754 τόπους,
1476 2683 1620 2738 πολὺ
1654 2682 1888 2760 δεχόμε-

262 2799 328 2832 νοι
356 2783 560 2852 πνεῦμα
599 2776 827 2832 σείονται
865 2773 1102 2848 μᾶλλον,
1139 2776 1220 2830 ὅτι
1252 2771 1414 2843 ἥλιος
1458 2771 1756 2849 ἀχλυώδης
1800 2774 1889 2828 καὶ

261 2869 481 2946 ἀμαυρὸς
510 2872 635 2925 τότε
681 2869 948 2947 φαίνεται,
1003 2865 1361 2938 ὑπονόστησιν
1417 2867 1736 2943 ἀρχομένου
1793 2872 1891 2922 τοῦ

261 2959 545 3034 πνεύματος
568 2958 644 3022 εἷς
675 2962 774 3029 τήν
806 2965 909 3034 γῆν
958 2962 1058 3013 τοῦ
1108 2954 1427 3020 διαλύοντος
1473 2957 1565 3011 τὸν
1624 2956 1754 3031 ἀέρα
1802 2955 1891 3010 καὶ

267 3046 607 3127 διακρίνοντος
619 3090 632 3104 .

550 3157 680 3232 ρκθ’.
709 3155 840 3231 Περὶ
871 3157 967 3208 τοῦ
995 3151 1241 3228 μεγάλου
1281 3156 1581 3228 χειμῶνος.

1977 555 2236 620 nentem,
2292 555 2348 605 et
2400 557 2615 606 terram
2667 551 2882 607 mutari
2933 551 2989 605 in
3041 566 3221 604 mare.
3271 548 3414 602 Nam
3466 552 3521 602 et
3563 548 3624 601 in

1979 656 2194 712 magna
2225 640 2418 696 hieme
2451 641 2598 695 mari
2651 647 2806 696 terra
2856 641 3146 704 obruitur,
3197 643 3254 693 et
3300 636 3358 691 in
3411 652 3626 707 magna

1977 734 2178 785 aestate
2228 745 2390 784 mare
2439 729 2784 785 exsiceatur.
2839 727 3025 785 Fluvii
3071 743 3302 800 quoque
3350 725 3407 779 in
3450 739 3627 778 causa

1979 823 2119 874 sunt
2152 823 2213 873 ut
2247 818 2390 874 mari
2434 820 2688 874 nudetur
2736 824 2888 874 terra
2923 835 2936 872 :
2971 819 3112 872 dum
3159 816 3314 870 enim
3370 813 3429 867 in
3480 811 3621 867 illud

1979 909 2235 964 influunt
2266 925 2585 980 secumque
2617 909 2919 964 adducunt
2950 905 3362 969 limum,littus
3393 903 3627 971 augent,

1979 1015 2092 1069 qua
2124 999 2344 1052 ratione
2375 998 2546 1052 etiam
2581 997 2792 1052 fluvius
2821 995 3113 1068 ejusmodi
3144 995 3203 1049 in
3234 998 3448 1048 terram
3478 990 3620 1058 abit;

1981 1089 2071 1144 sin
2102 1104 2235 1142 vero
2269 1104 2382 1141 non
2415 1086 2910 1156 inﬂuant,i‘aciunt
2942 1091 3180 1153 terram,
3210 1083 3356 1138 mari
3387 1078 3621 1136 obduci.

1981 1179 2090 1234 Sed
2129 1182 2246 1232 tum
2300 1193 2459 1232 mare
2507 1177 2829 1232 continenti
2879 1177 3090 1231 cedens
3138 1175 3210 1230 ad
3261 1169 3622 1228 contrarium

1982 1266 2148 1322 littus
2182 1266 2412 1337 pellitur
2442 1265 2620 1338 idque
2668 1265 2864 1321 obruit
2898 1283 2910 1322 :
2944 1266 3095 1336 quod
3151 1263 3199 1319 si
3250 1279 3363 1318 non
3415 1257 3623 1332 possit,

1985 1357 2233 1412 recurrit
2263 1357 2478 1411 iterum
2512 1357 2580 1410 ad
2613 1372 2786 1410 suum
2819 1354 3034 1422 locum,
3069 1359 3124 1408 et
3155 1369 3281 1423 qua
3305 1351 3430 1419 jam
3475 1355 3626 1402 terra

1986 1446 2292 1502 continens
2324 1445 2476 1500 facta
2505 1451 2649 1515 erat,
2683 1443 2845 1500 illam
2877 1447 3088 1498 iterum
3122 1442 3319 1514 opplet
3348 1444 3404 1495 et
3453 1452 3624 1492 occu-

1987 1542 2106 1607 pat.

2452 1625 2573 1678 1‘28.
2609 1626 2678 1679 De
2705 1627 2872 1680 terra:
2899 1624 3156 1678 molibus.

2059 1718 2465 1783 Terrzemotus,
2499 1720 2560 1769 ut
2607 1715 2870 1769 omnium
2919 1713 2975 1766 in
3027 1717 3260 1779 natura,
3302 1716 3502 1764 auctor
3547 1711 3636 1762 est

1918 1840 1962 1904 Β
1991 1803 2162 1868 Deus,
2197 1804 2519 1857 secundum
2556 1802 2696 1856 illud
2731 1803 2808 1873 (9)
2844 1819 2856 1856 :
2893 1803 3002 1870 Qui
3040 1803 3256 1871 respicit
3297 1800 3356 1854 in
3403 1809 3631 1864 terram,

1995 1895 2239 1965 facitque
2258 1909 2378 1948 eam
2400 1892 2764 1947 tremere.Sed
2793 1893 3056 1963 proxima
3077 1906 3252 1944 causa
3273 1893 3362 1944 est
3382 1886 3635 1942 emissus

1998 1998 2064 2038 ex
2095 1987 2249 2036 terra
2278 1987 2510 2049 ventus,
2545 1981 2778 2051 quando
2811 1980 2968 2034 intus
3000 1977 3202 2051 agitari
3237 1975 3520 2048 contingit
3549 1992 3642 2030 va—

1998 2088 2168 2143 pores
2196 2069 2450 2125 exhalari
2484 2070 2709 2138 solitos,
2743 2069 3124 2140 quamobrem
3159 2072 3215 2123 et
3243 2065 3640 2121 vehementis-

1999 2161 2133 2216 simi
2166 2165 2224 2216 et
2255 2160 2495 2215 maximi
2528 2165 2889 2214 terraamotns
2921 2163 3060 2212 sunt
3090 2157 3248 2212 nullo
3297 2160 3467 2210 vento
3517 2154 3640 2224 spi-

1999 2254 2184 2317 rante,
2216 2249 2338 2303 haec
2367 2248 2521 2303 enim
2557 2264 2732 2301 causa
2767 2253 2961 2302 motus
3011 2264 3044 2300 a
3093 2251 3248 2300 terra
3297 2244 3638 2298 includitur.

1998 2338 2287 2410 Fiuntque
2319 2337 2395 2392 ibi
2428 2336 2844 2392 concussione-5
2877 2334 3306 2406 graviores,ubi
3339 2349 3497 2387 mare
3529 2331 3642 2385 flu-

1998 2433 2267 2484 ctuosum
2303 2432 2360 2483 et
2389 2433 2544 2482 terra
2576 2425 2746 2497 plena
2777 2426 3040 2480 cavernis
3072 2430 3161 2480 est
3200 2440 3264 2479 ac
3296 2423 3592 2478 meatibus
3627 2439 3638 2474 :

2000 2519 2245 2590 spiritus
2277 2517 2432 2572 enim
2465 2517 2631 2571 ﬁrmo
2665 2516 2789 2570 loco
2821 2514 3090 2570 inclusus
3136 2513 3200 2569 ﬁt
3247 2511 3646 2568 vehementior

2003 2608 2308 2680 magisque
2339 2612 2553 2662 terram
2587 2604 2794 2677 quatit,
2845 2609 2901 2659 et
2947 2603 3213 2675 regiones
3262 2601 3476 2673 quibus
3521 2600 3648 2655 loca

1999 2696 2152 2752 infra
2185 2702 2395 2752 terram
2446 2695 2528 2750 ita
2585 2694 2874 2749 meatibus
2925 2693 3136 2747 rei‘crta
3183 2700 3341 2758 sunt,
3394 2688 3643 2743 multum

2000 2793 2238 2841 ventum
2257 2784 2823 2856 capiunt,magisque
2839 2783 3398 2837 concutiuntterram
3415 2778 3648 2850 quando

2002 2877 2087 2931 sol
2126 2875 2380 2929 nubibus
2407 2875 2686 2944 obseptus
2718 2878 2772 2927 ct
2803 2874 3089 2928 obscurus
3121 2874 3371 2935 est,nam
3407 2867 3651 2940 spiritus

2004 2965 2102 3019 ille
2134 2964 2333 3018 subire
2366 2963 2726 3018 extrinsecus
2757 2968 2970 3016 terram
3009 2960 3219 3015 iterum
3272 2957 3498 3029 incipit,
3551 2955 3650 3026 qui

2005 3068 2199 3108 aerem
2231 3051 2496 3108 dissolvit
2526 3068 2589 3106 ac
2622 3067 2895 3106 serenum
2931 3049 3139 3105 reddit.

2484 3159 2602 3212 129.
2636 3159 2708 3212 De
2739 3174 2945 3228 magna
2978 3158 3166 3212 ’u’eme.

322 3244 490 3320 Μέγας
546 3209 679 3298 έστὶῗ
709 3209 922 3320 ἑείμὼν
967 3209 1130 3312 ηνίκα
1176 3209 1390 3304 πάντες⁸
1424 3243 1475 3296 οἱ
1506 3209 1782 3312 πλανῆται
1839 3242 1889 3297 έν

2078 3249 2290 3320 Magna
2320 3209 3413 3318 hiems-estfquian'doplanetae
3451 3244 3508 3297 in
3564 3242 3651 3296 hi-

262 3339 536 3408 χειμερινῷ
582 3331 762 3406 ζωδίῳ
812 3333 1085 3406 γίνονται,
1144 3329 1197 3385 ἂν
1256 3328 1512 3406 ὑδροχόῳ
1568 3330 1619 3385 ἐν
1684 3331 1889 3407 ἰχθύσιο

268 3422 388 3496 μέγα
439 3419 495 3476 δὲ
546 3423 727 3492 θέρος,
789 3420 915 3475 ὅταν
974 3421 1168 3478 πάντες
1221 3419 1273 3474 ἐν
1335 3425 1533 3495 θερινῷ
1566 3418 1748 3492 ζωδίῳ
1805 3421 1897 3495 γέ-

264 3529 442 3566 νοιντο’
500 3511 550 3566 ἐν
611 3509 790 3565 λέοντι
848 3510 941 3582 μὲν
974 3509 1281 3584 γινόμενος,
1340 3514 1489 3564 ποιεῖ
1519 3510 1696 3585 θέρος,
1729 3508 1781 3564 ἐν
1813 3512 1895 3564 αἱ·

266 3600 461 3674 γοκέρῳ
492 3597 548 3654 δὶ
575 3604 846 3674 χειμῶνα.
881 3599 1069 3655 Ἔνθεν
1124 3597 1214 3652 καὶ
1270 3597 1510 3659 ἐνιαυτὸς
1565 3597 1897 3671 ὠνόμασται,

271 3686 353 3743 διὰ
375 3691 430 3745 τὸ
455 3689 526 3751 εἷς
571 3690 633 3744 τὸ
693 3688 824 3743 αὐτὸ
857 3689 1035 3763 φέρειν
1069 3689 1160 3743 τὸν
1190 3686 1372 3760 ἣλιον,
1421 3687 1526 3743 ἀπὸ
1556 3688 1656 3762 γὰρ
1687 3690 1782 3743 τοῦ
1813 3688 1902 3742 αὖ·

269 3784 358 3834 τοῦ
381 3779 453 3843 εἷς
477 3781 536 3836 τὸ
578 3779 708 3834 αὐτὸ
741 3777 1160 3833 ἀποκαθίσταται
1221 3780 1248 3833 ὁ
1303 3780 1548 3856 φωστήρ.
1612 3779 1706 3833 Καὶ
1767 3779 1902 3832 πάν-

276 3888 355 3928 τες
386 3869 470 3940 μὲν
505 3866 594 3922 οὖν
622 3868 762 3922 κατὰ
807 3868 1050 3940 κορυφὴν
1085 3868 1244 3938 ἡμῶν
1305 3867 1590 3941 γενόμενοι
1651 3868 1703 3920 οἱ
1759 3865 1900 3920 πλα-

275 3963 417 4026 νῆται
445 3963 656 4012 ποιοῦσι
694 3958 829 4033 μέγα
852 3957 1025 4031 θέρος,
1044 3956 1401 4031 ἀφιστάμενοι
1435 3955 1491 4012 δὲ
1521 3957 1580 4012 lx
1611 3957 1905 4033 διαμέτρου

279 4053 481 4102 ποιοῦσι
516 4049 678 4123 μέγαν
708 4051 983 4122 χειμῶνα.
1019 4048 1115 4100 Καὶ
1149 4045 1198 4100 έν
1237 4047 1330 4119 μὲν
1370 4052 1448 4119 τῷ
1509 4047 1730 4124 μεγάλῳ
1788 4067 1906 4122 χει-

285 4140 409 4206 μῶνι
437 4139 790 4192 θαλαττοῦται
825 4139 859 4204 ἡ
891 4133 1145 4209 ἤπειρος,
1177 4135 1227 4190 έν
1259 4133 1317 4191 δὲ
1357 4142 1438 4208 τῷ
1485 4137 1707 4211 μεγάλῳ
1768 4137 1909 4212 θέρει

279 4226 577 4301 ἠπειροῦται
605 4228 638 4295 ἠ
669 4225 935 4282 θάλασσα.

350 4331 443 4406 ρλ’.
492 4333 584 4387 Διά
613 4332 664 4388 τί
699 4331 947 4404 ἀλμυρὸν
977 4332 1038 4386 τὸ
1066 4338 1166 4400 τῆς
1196 4330 1469 4402 θαλάττης
1500 4330 1648 4409 ὕδωρ
1681 4332 1837 4390 ἰστιν.

354 4420 609 4498 Ἀλμυρόν
665 4420 775 4476 ἐστι
822 4422 885 4476 τὸ
917 4421 1204 4485 θαλάττιον
1252 4420 1420 4497 ὕδωρ,
1457 4419 1594 4477 διότι
1627 4425 1661 4492 ἡ
1693 4425 1912 4477 καπνώ-

283 4508 376 4579 δης
403 4510 747 4585 ἀναθυμίασις
777 4505 1014 4570 ἄπεπτος
1059 4508 1188 4563 οὖσα
1249 4509 1404 4564 οὐσία
1455 4513 1914 4585 παρεμπίπτουσα

2006 3339 2186 3393 berno
2217 3343 2388 3392 erunt
2419 3337 2586 3408 signo
2608 3338 2848 3401 zodiaci,
2884 3337 2943 3390 in
2975 3335 3218 3407 aquario
3249 3333 3334 3388 vel
3370 3332 3650 3403 piscibus.

2008 3428 2220 3499 Magna
2250 3427 2373 3482 sive
2406 3427 2604 3498 magni
2637 3427 2776 3481 anni
2807 3430 2980 3480 aestas
3011 3429 3118 3490 est,
3165 3423 3399 3492 quando
3449 3438 3655 3476 omnes

2009 3517 2353 3572 convenient
2405 3517 2647 3585 planetae
2693 3515 2750 3568 in
2801 3514 2967 3584 signo
3016 3508 3229 3567 aestivo.
3275 3513 3383 3565 Sed
3417 3511 3652 3580 quidem

2010 3607 2068 3661 in
2105 3607 2266 3660 leoue
2297 3605 2655 3659 constitutus
2686 3602 3046 3667 aestatem,in
3069 3601 3373 3672 sagittario
3403 3599 3655 3653 hiemem

2012 3694 2322 3750 iacit.llinc
2354 3699 2410 3748 et
2460 3710 2651 3747 annus
2700 3690 2936 3751 ἐνιαυτὸς
2987 3690 3220 3755 Graecis,
3267 3688 3419 3760 quod
3471 3686 3654 3742 solem

2013 3781 2088 3845 εἰς
2115 3782 2175 3835 τὸ
2208 3780 2336 3835 αὐτό
2365 3783 2419 3837 in
2453 3783 2726 3837 eumdem
2758 3781 2950 3836 locum
2986 3781 3215 3847 referat,
3251 3779 3322 3833 ab
3353 3794 3466 3832 uno
3499 3773 3655 3831 enim

2013 3877 2231 3945 puncto
2263 3873 2321 3926 in
2355 3873 2508 3926 idem
2543 3875 2825 3941 punctum
2860 3870 2944 3924 sol
3001 3870 3166 3924 redit.
3225 3868 3438 3924 Omnes
3478 3865 3660 3938 igitur

2013 3962 2257 4034 planetae
2279 3978 2460 4032 supra
2483 3966 2747 4015 nostrum
2774 3960 3041 4016 verticem
3066 3958 3366 4014 constituti
3391 3973 3658 4027 magnam

2019 4051 2231 4107 facient
2261 4056 2546 4130 aestatem,
2579 4068 2609 4105 e
2641 4051 2924 4105 diametro
2958 4054 3148 4103 autem
3180 4065 3212 4102 a
3240 4047 3408 4102 nobis
3458 4045 3660 4101 remoti

2019 4156 2224 4195 omnes
2258 4155 2531 4210 magnam
2565 4137 2925 4193 hiemeni.Et
2952 4139 3010 4192 in
3044 4154 3256 4207 magna
3285 4137 3477 4191 hieme
3509 4140 3666 4189 terra

2021 4227 2168 4283 mari
2193 4228 2562 4293 obruetur,ut
2581 4226 2637 4280 in
2664 4243 2877 4297 magna
2892 4231 3059 4281 aetate
3075 4225 3466 4280 exsiccabitur
3484 4239 3665 4278 mare.

2305 4333 2428 4388 130.
2465 4334 2646 4402 Quare
2669 4335 2845 4387 maris
2874 4347 3035 4403 aqua
3062 4333 3218 4387 salsw
3247 4333 3379 4387 sint.

2097 4428 2264 4493 Aqua
2309 4423 2535 4477 marina
2586 4422 2741 4478 salsa
2789 4429 2899 4490 est,
2951 4421 3222 4490 quoniam
3283 4435 3529 4492 vapores
3583 4420 3669 4473 τι]-

2023 4513 2169 4567 mosi
2205 4516 2488 4582 tanquam
2521 4511 2763 4566 materia
2795 4527 2906 4566 non
2940 4511 3083 4566 satis
3117 4515 3281 4566 cocta
3329 4527 3394 4566 ac
3447 4509 3673 4583 digesta

279 4601 348 4669 τῇ
399 4597 621 4672 θαλάσσῃ
688 4601 838 4651 ποιεῖ
891 4596 1056 4665 αὐτὴν
1119 4596 1367 4672 ἁλμυρὰν
1426 4599 1515 4652 καὶ
1551 4601 1790 4675 βαρεῖαν.
1852 4601 1893 4654 Ἱ

2029 4601 2176 4654 mari
2208 4601 2532 4655 incidentes
2564 4617 2692 4656 eam
2734 4600 2946 4656 salsam
2999 4616 3350 4672 gravemque
3400 4601 3672 4656 reddunt.

286 4684 410 4754 αὖτῆ
440 4683 491 4742 δὲ
520 4685 875 4759 ἀναθυμίασις
908 4685 1164 4758 ἀπόγειος
1195 4686 1459 4760 γινομένη
1487 4687 1577 4741 καὶ
1612 4686 1909 4761 μιγνυμένη

283 4779 390 4836 τοῖς
441 4781 662 4851 θερινοῖς
710 4775 801 4830 καὶ
872 4780 1271 4850 μετοπωρινοῖς
1334 4776 1508 4837 ὑετοῖς
1540 4782 1690 4830 ποιεῖ
1715 4776 1913 4838 αὐτοὺς

291 4860 638 4940 ἀλμυροόςῺὶ
673 4862 731 4918 δὲ
756 4863 994 4935 ποταμοὶ
1030 4862 1090 4916 οὐ
1123 4863 1395 4939 πάσχουσι
1426 4867 1525 4935 τήν
1558 4864 1916 4941 ἀλμυρότητα

291 4945 370 5003 διὰ
416 4953 508 5020 τὴν
566 4954 840 5007 ἄπαυστον
902 4949 1081 5004 αὐτῶν
1138 4950 1338 5026 ῥεῦσιν.
1375 4954 1490 5027 Χρή
1523 4955 1624 5029 γὰρ
1659 4955 1916 5016 στάσεως,

292 5037 373 5090 ἱνα
418 5041 625 5114 γίνηται
681 5042 717 5108 ἡ
776 5043 964 5113 κρᾶσις
993 5045 1094 5108 τῆς
1134 5039 1453 5104 καπνώδους
1509 5042 1918 5115 ἀναθυμιάσεως

286 5130 395 5187 τοῖς
439 5126 810 5199 ὖποκειμένοις
841 5123 1047 5182 ὕδασιν.
1090 5125 1278 5184 Α’ἱτιον
1310 5126 1366 5184 δὲ
1405 5133 1506 5195 τῆς
1537 5127 1921 5204 ἀλμυρὸτητος

285 5214 368 5266 καὶ
416 5216 442 5270 δ
489 5215 669 5286 ἠλιος.
703 5217 788 5289 Τῇ
813 5214 917 5290 γὰρ
958 5213 1132 5287 οἷκείᾳ
1164 5217 1460 5293 θερμότητι
1493 5217 1791 5291 έξατμίζων
1821 5221 1920 5289 τὴν

288 5297 557 5373 θάλασσαν,
615 5303 707 5359 καὶ
766 5303 829 5356 τὸ
886 5301 1217 5379 γλυκύτερον
1280 5305 1446 5382 α’ίρων
1497 5308 1586 5364 καὶ
1645 5308 1920 5386 κουφίζων

288 5389 412 5476 πρὸς
448 5393 532 5447 τὸν
555 5394 705 5468 ἀέρα,
738 5389 888 5446 κάτω
919 5391 1296 5472 ἀλμυρότερον
1353 5395 1412 5468 ἐᾷ
1463 5397 1555 5452 καὶ
1607 5399 1921 5476 βαρύτερον.

295 5473 403 5531 Ὂιιι
457 5477 510 5535 δὶ
535 5479 846 5556 παχύτερόν
895 5479 1004 5534 ἐστι
1054 5482 1116 5537 τὸ
1158 5483 1447 5550 θαλάττιον
1508 5473 1922 5564 ὕδωρτῶννπο-

367 5655 436 5728 (9)
459 5659 602 5716 Psal.
638 5677 760 5734 cm,
791 5661 881 5716 32.

2021 4689 2256 4744 Similes
2279 4689 2680 4746 exhalationes
2711 4708 2740 4746 e
2774 4695 2924 4746 terra
2951 4692 3107 4745 factae
3133 4691 3440 4760 mistaeque
3464 4689 3679 4745 aestivis

2026 4782 2081 4833 et
2116 4777 2565 4834 autumnalibus
2598 4778 2834 4851 pluviis,
2868 4779 3054 4834 salsas
3085 4796 3182 4834 eas
3216 4779 3684 4834 reddunt.Fluvii

2028 4873 2223 4922 autem
2273 4867 2568 4923 salsedine
2617 4885 2731 4923 nou
2791 4869 3130 4923 afﬁciuntur
3178 4873 3416 4940 propter
3463 4873 3682 4923 ﬂuxum

2029 4973 2203 5012 suum
2227 4959 2594 5012 continuum.
2627 4957 2950 5012 Stabilitate
2981 4957 3140 5012 enim
3173 4975 3323 5028 opus
3354 4963 3534 5028 est,ut
3566 4959 3684 5011 fu--

2032 5063 2206 5101 mosae
2236 5049 2346 5100 illa:
2379 5045 2773 5102 exhalationes
2804 5047 3083 5116 subjectis
3107 5048 3278 5118 aquis
3303 5047 3681 5102 misceantur.

2031 5135 2362 5191 Salsedinis
2384 5136 2559 5190 etiam
2585 5152 2764 5190 causa
2787 5141 2875 5190 est
2898 5137 3004 5191 sol.
3038 5136 3243 5192 Celere
3263 5137 3416 5191 enim
3447 5152 3552 5191 suo
3583 5153 3681 5190 va-

2033 5240 2203 5297 pores
2230 5241 2260 5279 e
2283 5225 2424 5280 mari
2447 5225 2685 5280 eiiciens
2709 5225 3118 5298 dulcioresque
3142 5231 3336 5298 partes
3367 5225 3598 5282 elevans
3629 5233 3685 5280 et

2031 5314 2305 5369 attollens
2338 5314 2393 5368 in
2430 5331 2654 5383 auram,
2688 5314 2962 5371 salsiores
2991 5321 3047 5371 et
3093 5317 3388 5388 graviores
3436 5316 3683 5371 inferius

2034 5401 2340 5475 relinquit.
2390 5403 2551 5467 Quod
2611 5422 2743 5460 vero
2794 5406 3035 5460 marinae
3085 5422 3249 5477 aquae
3300 5405 3683 5460 ﬂuviatilibus

2036 5494 2356 5549 crassiores
2387 5497 2548 5560 sunt,
2580 5494 2649 5550 ad
2684 5510 2924 5552 sensum
2956 5493 3152 5566 ipsum
3184 5499 3335 5567 pate;
3371 5510 3496 5566 qua:
3527 5492 3682 5550 enim
