4032 6202
349 315 468 377 767

1693 319 2121 389 MICHAELIS
2168 327 2442 394 PSELLI

3647 333 3773 394 768

347 450 421 506 ob
451 436 624 524 grave
656 465 806 507 onus
841 447 1032 506 ﬂuviis
1071 448 1200 506 vehi
1254 467 1370 506 non
1419 455 1669 523 possunt
1720 469 1914 524 naves,
1965 473 1996 512 a

2116 457 2323 533 ταμίων
2357 459 2587 536 ὑδάτων,
2621 460 2790 536 δῆλον
2823 464 3089 537 αἰσθήσει.
3121 461 3192 522 Εἴ
3220 463 3314 540 μὶν
3361 465 3463 542 γὰρ
3505 467 3626 529 τοῖς
3671 485 3775 521 πο-

349 540 498 595 mari
530 543 765 612 propter
794 538 954 594 illius
987 540 1335 595 densitatem
1365 539 1530 596 facile
1562 548 1891 613 portantur.

349 827 480 885 131.
517 831 656 898 Qua:
706 843 871 882 causa
913 828 986 880 ,ςιί
1034 842 1203 896 quare
1250 829 1313 910 _z'n
1356 830 1513 910 imarz’
1564 845 1791 902 quoque.
1820 829 2004 888 dulces

884 913 1044 968 aqua?
1075 909 1456 969 reperiantur.

422 991 609 1042 Causa
639 987 711 1040 ob
745 1003 918 1058 quam
953 986 1156 1042 dulces
1189 988 1358 1043 etiam
1386 989 1443 1043 in
1468 989 1612 1045 mari
1644 1009 1807 1063 aquae
1840 1007 2000 1064 repe-

349 1077 608 1146 riuntur,
640 1080 777 1131 sunt
810 1075 966 1130 ﬂuvii
1001 1075 1058 1129 in
1095 1076 1236 1130 illud
1273 1077 1614 1135 detinentes.
1651 1080 1743 1134 Sic
1790 1081 1843 1134 in
1902 1098 2002 1137 ora

351 1167 512 1222 Gazae
570 1165 761 1221 vicina
811 1181 973 1220 mare
1023 1182 1207 1237 aquas
1240 1166 1440 1223 dulces
1473 1168 1669 1235 habet,
1705 1171 1856 1240 quod
1888 1169 2001 1225 Nili

349 1255 615 1327 quedam
635 1256 784 1309 ostia
806 1271 919 1310 non
947 1254 1145 1326 procul
1173 1256 1308 1311 inde
1330 1257 1388 1310 in
1411 1256 1553 1312 illud
1579 1275 1639 1313 se
1661 1263 1998 1315 exonerant.

348 1345 497 1400 Dum
525 1344 682 1399 enim
707 1343 1076 1398 vehementia
1099 1349 1157 1399 et
1179 1345 1398 1416 impetu
1437 1347 1648 1402 fluvius
1679 1347 2004 1404 devolvitur

348 1433 408 1488 in
463 1449 646 1502 mare,
699 1432 1112 1488 scaturitiones
1161 1433 1338 1488 veluti
1400 1437 1686 1507 quasdam
1736 1437 1892 1505 facit,
1946 1441 2002 1493 et

348 1538 562 1594 aquam
600 1520 792 1576 reddit
823 1521 1076 1576 dulcem.
1111 1521 1446 1577 Mcmineris
1477 1524 1648 1579 etiam
1683 1524 1812 1592 hoc,
1844 1527 2001 1596 quod

348 1611 420 1665 ab
438 1611 598 1665 omni
620 1626 833 1681 magno
861 1611 1014 1665 fonte
1035 1616 1231 1665 manat
1252 1611 1484 1684 ﬂuvius,
1517 1617 1574 1668 et
1593 1615 1748 1685 putei
1769 1632 2002 1687 quoque

348 1699 608 1756 fontibus
641 1704 830 1755 ortum
867 1699 1078 1754 debent
1111 1716 1124 1754 :
1159 1705 1333 1772 atque
1365 1701 1576 1758 alicubi
1612 1719 1677 1758 ex
1711 1704 1999 1775 profundo

349 1792 514 1845 terra:
545 1788 670 1844 loco
705 1805 870 1860 aquae
901 1789 1229 1845 scaturiunt
1262 1806 1275 1847 :
1313 1789 1449 1846 alibi
1482 1808 1613 1848 vero
1663 1810 1692 1849 e
1743 1793 2000 1850 fontibus

348 1881 404 1936 et
436 1878 720 1934 scatebris
756 1879 813 1933 in
848 1882 1014 1934 terra:
1047 1879 1407 1937 summitate.
1440 1883 1512 1938 At
1551 1881 1708 1938 ﬂuvii
1763 1883 2001 1954 quidem

346 1971 403 2024 et
452 1969 728 2024 scatebras
774 1984 960 2040 aquas
988 1967 1201 2024 habent
1239 1969 1598 2042 profluentes
1632 1989 1644 2026 :
1679 1972 1837 2044 putei
1870 1990 2002 2030 vero

350 2061 600 2127 stantes,
638 2073 825 2128 neque
857 2057 1012 2113 enim
1041 2063 1413 2131 promanant.
1444 2060 1728 2117 Caeterum
1775 2062 2003 2119 Aristo-

347 2144 492 2202 teles
524 2163 682 2202 mare
713 2147 1077 2220 Erythraaum
1110 2154 1272 2204 extra
1302 2149 1594 2206 Oceanum
1624 2152 1810 2223 ponit,
1860 2169 2003 2226 quo-

350 2236 508 2292 niam
543 2237 760 2308 ﬁnibus
792 2236 902 2308 ipsi
936 2253 1053 2292 non
1079 2238 1371 2311 jungitur.
1406 2241 1507 2296 Est
1536 2244 1594 2296 et
1626 2242 1770 2298 locus
1813 2242 2002 2299 eidem

347 2325 539 2380 dictus
567 2327 883 2398 pro/undas
915 2328 1230 2400 supra(10)
1278 2329 1507 2385 Maeotin
1560 2330 1851 2403 paludem,
1903 2333 2000 2387 ubi

350 2431 484 2471 cum
518 2416 705 2471 multo
738 2415 948 2488 spiritu
986 2435 1139 2489 aqua
1170 2418 1516 2476 dulcissima
1548 2421 1956 2497 propullulat._

462 2524 581 2578 132.
616 2527 806 2596 Quare
833 2539 973 2595 aqua
1005 2526 1228 2580 marina
1258 2526 1480 2606 arbores
1508 2543 1615 2583 non
1646 2529 1893 2584 alantur.

418 2684 545 2740 Non
581 2685 681 2740 alit
713 2701 867 2757 aqua
899 2684 1126 2740 marina
1157 2686 1566 2758 arbores,quia
1596 2703 1655 2744 se
1687 2705 1798 2745 non
1834 2689 2002 2748 facile

349 2773 617 2829 insinuat
648 2774 966 2845 radicibus,
1005 2791 1108 2830 nec
1161 2775 1427 2832 celeriter
1476 2777 1535 2833 in
1585 2783 1860 2836 truncum
1916 2798 2005 2836 ra-

352 2879 600 2936 mosque
632 2865 1118 2939 assurgit,utpots
1145 2867 1399 2922 crassior
1428 2868 1775 2943 graviorque
1798 2887 1864 2928 ac
1892 2875 2002 2928 ter-

351 2954 520 3010 restri
550 2958 761 3010 natura
795 2973 807 3011 :
842 2955 950 3011 hoc
984 2955 1138 3011 enim
1173 2956 1309 3013 inde
1338 2959 1790 3026 demonstratur,
1825 2963 2001 3033 'quod

350 3044 583 3102 facilius
615 3061 793 3118 quam
825 3045 940 3102 alia
968 3063 1121 3118 aqua
1150 3048 1260 3103 fert
1305 3049 1676 3123 sustinetque
1724 3068 1898 3108 naves
1946 3057 2004 3109 et

353 3134 704 3190 urinatores.
739 3135 905 3192 Dices
927 3141 984 3191 et
1005 3136 1174 3192 aliam
1201 3154 1463 3209 causam,
1499 3141 1652 3211 quod
1688 3157 1842 3214 aqua
1876 3160 2000 3198 ma-

348 3225 480 3280 rina
509 3225 782 3292 exsiccat,
808 3243 941 3282 cum
970 3227 1280 3283 arboribus
1312 3245 1427 3285 non
1459 3229 1732 3286 ariditate
1751 3213 1862 3288 sed
1895 3232 2002 3288 hu-
2031 3213 2074 3279 ο

351 3331 510 3371 more
538 3331 684 3388 opus
718 3315 814 3371 sit.
847 3315 1010 3380 Quod
1042 3333 1172 3373 vero
1205 3317 1462 3374 siccandi
1495 3319 1609 3375 vim
1643 3319 1816 3378 habet
1849 3340 1999 3394 aqua

350 3405 598 3470 marina,
634 3406 1009 3461 manifestum
1047 3412 1134 3462 est
1165 3407 1304 3479 quia
1343 3409 1510 3478 juvat
1553 3416 1754 3467 contra
1801 3416 1998 3484 putre-

351 3494 687 3563 factionem,
723 3496 1001 3566 quoniam
1037 3497 1233 3552 aridas
1266 3514 1358 3552 res
1390 3497 1580 3553 reddit
1627 3498 1932 3572 siccasque
1983 3521 1996 3571 ;

353 3585 454 3639 sed
489 3589 546 3638 et
573 3599 819 3655 corpora
849 3599 1046 3640 eorum
1083 3585 1182 3654 qui
1218 3585 1275 3640 in
1308 3587 1455 3641 mari
1485 3585 1752 3644 laverunt
1781 3590 1997 3646 siccam

351 3676 408 3727 et
438 3689 705 3743 asperam
739 3672 1107 3743 superficiem
1141 3671 1376 3729 habent.
1428 3676 1621 3731 Addes
1668 3683 1724 3732 et
1767 3679 1996 3734 tertiam

353 3761 782 3830 causam,quod
818 3777 968 3832 aqua
1002 3761 1230 3817 marina
1262 3762 1522 3818 abundat
1551 3765 2002 3837 pinguedine,at

351 3851 648 3926 pinguedo
700 3851 853 3922 poris
903 3853 1178 3908 arborum
1229 3870 1291 3909 so
1341 3853 1653 3914 insinuans
1700 3858 2001 3919 fecundas

354 3956 486 3998 esse
518 3956 633 3996 non
666 3941 971 4013 permittit.

353 4119 476 4175 133.
513 4119 691 4188 Quare
721 4119 838 4176 oleo
864 4121 1107 4202 in‘mare
1134 4122 1301 4194 effuso
1337 4126 1642 4202 perspicua
1690 4128 1810 4194 eius
1857 4146 2000 4202 aqua

903 4193 1007 4262 ﬁat
1036 4198 1086 4249 et
1117 4193 1446 4267 tranquilla.

421 4280 565 4344 Quia
585 4282 813 4338 marina
835 4299 986 4355 aqua
1007 4284 1214 4340 terreis
1237 4289 1294 4339 et
1314 4285 1703 4358 inaequalibus
1724 4293 2000 4347 constans

350 4370 654 4443 particulis
687 4372 1317 4448 traditur,laxaturque
1345 4375 1452 4432 olei
1478 4377 2002 4446 densitate,deinde

356 4467 694 4517 recurrente
725 4461 822 4517 illa
854 4463 923 4517 ad
961 4481 1127 4520 suam
1167 4470 1442 4522 naturam
1471 4483 1717 4540 seseque
1764 4485 1998 4542 compo-

2106 558 2303 624 ταμοῖς
2335 554 2396 610 οὐ
2431 551 2650 611 δόναται
2683 556 2842 612 πλεῖν
2880 556 3046 633 βαρὺν
3069 551 3270 632 ἔχοντα
3314 555 3510 631 φόρτον
3571 552 3773 620 πλοῖα,

2109 639 2161 695 έν
2197 639 2254 698 δὲ
2283 647 2350 718 τῇ
2384 644 2627 718 θαλάσση
2675 648 3032 723 βαστάζονται
3063 646 3341 725 ἐλαφρῶς,
3385 643 3473 701 διὰ
3499 647 3601 716 τὴν
3631 644 3771 719 αὐτῇ

2112 731 2474 806 ὑποκειμένην
2499 737 2813 811 παχύτητα.

2113 837 2248 914 ρλα’.
2285 841 2384 904 Τίς
2415 844 2450 912 ἡ
2485 844 2631 897 αἱτία
2657 848 2754 898 τοῦ
2786 842 2841 919 ἐν.
2869 846 2936 908 τῆ
2971 843 3213 916 θαλάσσῃ
3241 839 3411 919 γλυκὺ
3469 838 3616 916 ὕδωρ
3683 840 3772 896 εὖ·

2788 913 3084 992 ρίσκεσθαι.

2185 1000 2368 1059 Α’ίτιον
2396 1003 2491 1058 τοῦ
2525 1006 2658 1059 εἶναι
2707 1002 2884 1079 γλυκὺ
2942 1003 3086 1078 ὕδωρ
3117 1002 3169 1057 έν
3198 1007 3266 1077 τῇ
3299 1001 3539 1076 θαλάσσῃ
3571 1002 3635 1057 τὸ
3668 1024 3770 1057 πο-

2109 1089 2317 1164 ταμοὺς
2374 1092 2483 1168 ῥεῖν
2537 1093 2660 1168 περὶ
2713 1094 2906 1163 αὐτήν.
2963 1094 3022 1149 Ὁ
3078 1096 3205 1168 γοῦν
3265 1090 3351 1146 ἐπὶ
3384 1092 3552 1162 Γάζαν
3589 1090 3768 1154 πλοῦς

2112 1177 2256 1255 ὕδωρ
2311 1177 2426 1257 ἔχει
2481 1182 2679 1257 γλυκὺ,
2734 1179 2823 1238 διὰ
2870 1183 2932 1237 τὸ
2989 1181 3108 1236 τινὰ
3153 1182 3352 1256 στόμια
3405 1184 3502 1236 τοῦ
3560 1179 3772 1238 Νείλου

2113 1269 2283 1326 ἐκεῖσε
2340 1267 2780 1345 ἐμϐάλλειν.Τῷ
2835 1268 2936 1347 γὰρ
2993 1269 3138 1348 ῥύμῃ
3193 1270 3284 1326 καὶ
3341 1274 3409 1344 τῇ
3454 1271 3606 1344 ὁρμῇ
3671 1270 3769 1341 ἐμ-

2111 1354 2337 1415 ϐάλλειν
2397 1362 2424 1416 ὁ
2481 1362 2732 1427 ποταμὸς
2790 1360 2867 1424 εἷς
2939 1361 3038 1430 τήν
3097 1357 3392 1430 θάλασσαν,
3441 1362 3558 1414 οἷον
3625 1360 3769 1435 βρύα

2108 1450 2230 1504 τινὰ
2285 1456 2451 1522 ποιεῖ,
2511 1451 2601 1506 καὶ
2659 1451 2888 1527 παρέχει
2949 1449 3094 1526 ὕδωρ
3151 1447 3349 1524 γλυκύ.
3381 1450 3486 1506 Καὶ
3514 1453 3682 1504 τοῦτο
3713 1447 3770 1504 δέ

2112 1560 2196 1594 σοι
2251 1541 2446 1608 ἱστὲον,
2510 1540 2593 1595 ὅτι
2647 1541 2674 1595 ὁ
2737 1540 2830 1612 μὶν
2877 1540 3125 1613 ποταμὸς
3162 1539 3269 1594 ἀπὸ
3300 1539 3478 1609 πάσης
3513 1537 3767 1616 μεγάλης

2111 1636 2292 1704 πηγῆς
2355 1629 2458 1704 ῥεῖ,
2511 1629 2599 1684 καὶ
2631 1629 2697 1684 τὰ
2745 1631 2944 1705 φρέατα
2995 1626 3051 1684 δὲ
3082 1629 3187 1683 άπὸ
3219 1632 3411 1702 πηγῶν
3440 1624 3633 1704 ἔχουσι
3665 1629 3765 1696 τὴν

2111 1718 2312 1794 ἀρχὴν,
2356 1719 2443 1773 καὶ
2475 1718 2611 1773 ὅπου
2647 1719 2738 1793 μὲν
2772 1718 2879 1773 ἀπὸ
2935 1723 3031 1773 τοῦ
3093 1719 3291 1793 βάθους
3341 1725 3439 1787 τῆς
3483 1724 3592 1790 γῆς
3620 1714 3768 1772 έκδίο

2032 1842 2079 1907 Β
2111 1806 2262 1864 δοται
2318 1811 2382 1864 τὰ
2431 1807 2620 1878 ὕδατα,
2670 1805 2807 1863 ὅπου
2840 1805 2897 1864 δὲ
2921 1805 3027 1863 ἀπὸ
3056 1812 3246 1882 πηγῶν
3273 1808 3363 1863 καὶ
3395 1812 3609 1883 κρηνῶν
3643 1807 3767 1863 ἑπι-

2111 1905 2313 1968 πολῆς.
2350 1899 2446 1953 Καὶ
2501 1898 2740 1971 ποταμοὶ
2804 1899 2900 1970 μὲν
2957 1897 3044 1952 καὶ
3076 1899 3270 1973 κρῆναι
3331 1897 3521 1972 ῥευστὰ
3543 1892 3770 1971 ἔχουσιν

2113 1987 2299 2060 ὕδατα,
2354 1988 2422 2042 τά
2481 1985 2817 2066 δὲγφρέατα,
2880 1988 3136 2060 στάσιμα,
3191 1987 3254 2040 οὐ
3305 1987 3408 2062 γὰρ
3462 1985 3768 2062 έκρέουσιν.

2113 2079 2343 2149 ’Έξωθεν
2405 2074 2463 2132 δὲ
2516 2073 2794 2147 θαλάσσης
2853 2076 2880 2131 ό
2940 2074 3324 2153 Ἀριστοτέλης
3353 2077 3454 2145 τήν
3506 2077 3777 2150 Ἐρυθρᾶν

2112 2166 2279 2246 λέγει,
2336 2164 2423 2222 διὰ
2481 2167 2541 2222 τὸ
2575 2168 2651 2240 μὴ
2686 2164 2832 2244 ἔχειν
2861 2165 3045 2242 πέρας.
3078 2165 3255 2228 Τόπος
3291 2162 3347 2220 δέ
3380 2163 3491 2220 ἔστι
3521 2165 3650 2241 περῖ
3683 2165 3775 2219 τὸν

2111 2257 2356 2331 ποταμὸν
2414 2256 2506 2312 τὸν
2571 2254 2868 2332 βαθύτατον
2903 2303 2918 2329 ,
2981 2253 3144 2331 βαθὺς
3202 2252 3543 2328 καλούμενος
3577 2299 3593 2326 ,
3651 2251 3776 2308 ἔνθα

2111 2344 2421 2402 ἀναδίδοται
2480 2344 2624 2424 ὕδωρ
2707 2344 3042 2422 γλυκύτατον
3121 2346 3254 2420 μετᾶ
3317 2342 3536 2400 πολλοῦ
3609 2343 3772 2399 πνεό-

2116 2457 2306 2512 ματος.

2113 2543 2256 2621 ρλβ’.
2314 2543 2411 2600 Διᾶ
2475 2543 2528 2621 τί
2602 2543 2663 2601 τὸ
2732 2542 3020 2670 θαλὲιῖτέον
3090 2540 3236 2620 ὕδωρ
3312 2542 3375 2599 οὗ
3448 2542 3637 2620 τρέφει
3709 2541 3775 2596 τὰ

2867 2633 3044 2670 evoca.

2867 2633 3044 2692 ενορα.

2182 2705 2254 2762 Οὐ
2309 2707 2490 2785 τρέφει
2521 2705 2588 2761 τὰ
2637 2703 2833 2780 δένδρα
2858 2705 2923 2761 τὸ
2956 2703 3246 2770 θαλάττιον
3279 2700 3448 2779 ὕδωρ,
3491 2701 3638 2758 διότι
3675 2704 3776 2759 οὐκ

2113 2794 2351 2853 ἐνδύεται
2408 2800 2527 2861 ταῖς
2563 2793 2735 2870 ῥίζαις
2794 2794 2991 2864 αὐτῶν,
3052 2791 3180 2850 οὐδὲ
3211 2792 3525 2872 ἀναφέρεται
3547 2792 3775 2870 ταγᾶως

2111 2887 2186 2949 εἷς
2213 2885 2276 2942 τὸ
2329 2885 2590 2962 στέλεχος
2618 2886 2707 2940 καὶ
2736 2883 2864 2950 τοὺς
2914 2883 3216 2961 ἆκρέμονας
3247 2881 3335 2938 διὰ
3390 2883 3453 2939 τὸ
3483 2882 3641 2958 παχὺ
3698 2883 3772 2938 εἶ-

2109 2996 2218 3046 ναι,
2274 2975 2365 3030 καὶ
2422 2974 2503 3030 ὅτι
2561 2969 2817 3052 ἰμϐριθές
2862 2969 2971 3028 ἐστι
3034 2972 3123 3028 καὶ
3182 2969 3405 3048 γεῶδες.
3465 2975 3652 3029 Τοῦτο
3713 2971 3772 3026 δὲ

2112 3062 2490 3120 ἀποδείκνυται
2567 3063 2672 3118 ἀπὸ
2722 3084 2819 3119 του
2871 3061 3083 3137 μᾶλλον
3139 3063 3352 3138 ἀνέχειν
3398 3061 3488 3116 καὶ
3545 3062 3770 3136 ὗπερείυ

2113 3152 2220 3210 δειν
2280 3156 2345 3209 τὰ
2401 3153 2610 3222 πλοῖα,
2677 3152 2766 3208 καὶ
2819 3153 2946 3217 τοὺς
2995 3148 3428 3226 κολυμϐῶντας.
3485 3150 3627 3208 Elui
3678 3151 3773 3205 καὶ

2115 3242 2292 3315 ἄλλην
2351 3244 2548 3312 αἰτίαν,
2609 3243 2693 3298 ὅτι
2748 3242 3066 3319 ξηραντικόν
3105 3240 3215 3297 ἐστι
3260 3245 3424 3297 τοῦτο
3467 3241 3530 3296 τὸ
3592 3238 3772 3314 ὕδωρ·

2107 3331 2190 3389 δεῖ
2243 3332 2301 3389 δὲ
2353 3339 2469 3396 τοῖς
2526 3330 2771 3408 δένδροις
2828 3331 2890 3387 οὐ
2922 3327 3247 3408 ξηρότητος,
3277 3328 3405 3386 ἀλλ’
3438 3329 3796 3406 ὑγρότητος.Δ

2107 3426 2222 3478 Ὀτι
2265 3421 2322 3478 δὲ
2378 3423 2615 3496 ξηραίνει
2669 3423 2732 3477 τὸ
2792 3420 3080 3486 θαλάττιον
3128 3418 3296 3494 ὕδωρ,
3347 3418 3571 3495 φανερὸν
3635 3421 3774 3474 καθ-

2107 3509 2324 3577 έστηκεν
2383 3510 2488 3565 ἀπὸ
2545 3513 2642 3565 τοῦ
2676 3510 2896 3585 βοηθεῖν
2930 3508 3065 3584 πρὸς
3094 3509 3189 3573 τὰς
3219 3510 3436 3581 σήψεις,
3471 3506 3773 3580 ἐξικμάζον

2105 3605 2270 3655 ταῦτα
2347 3599 2436 3654 καὶ
2513 3599 2885 3673 άναξηραῖνον,
2964 3599 3052 3653 καὶ
3133 3597 3197 3652 ιὰ
3256 3597 3483 3670 σώματα
3538 3593 3599 3651 δὲ
3657 3601 3773 3651 τῶν

2109 3689 2458 3761 Λουσαμένων
2493 3686 2544 3743 ἐι
2603 3691 2672 3762 τῇ
2705 3687 2948 3762 θαλάσσῃ
3009 3687 3171 3762 ξηρὰν
3223 3683 3343 3762 ’ἔχει
3375 3684 3466 3740 καὶ
3497 3691 3774 3761 τραχεῖαν

2107 3779 2206 3848 τήν
2264 3777 2592 3853 ἐπιφάνειαν.
2651 3778 2786 3834 Εἰπὲ
2843 3777 2932 3832 καὶ
2991 3773 3168 3846 όίλλην
3221 3775 3392 3831 αἰτίαν
3425 3773 3509 3831 ὅτι
3543 3773 3779 3844 πολλῆς

2107 3871 2143 3939 ἡ
2204 3866 2444 3933 θάλασσα
2494 3865 2709 3939 μετέχει
2763 3873 2862 3936 τῆς
2898 3864 3291 3942 λιπαρότητος,
3321 3866 3384 3920 τὸ
3417 3861 3472 3919 δὲ
3502 3863 3776 3939 λιπαρὸν,

2109 3956 2376 4032 ἐμπίπτον
2425 3961 2541 4019 τοῖς
2597 3950 2790 4030 πόροις
2844 3959 2950 4010 τῶν
3007 3951 3265 4030 δένδρων,
3325 3953 3423 4009 οὐκ
3476 3951 3542 4025 ἐᾷ
3596 3957 3780 4009 ταῦτα

2107 4049 2468 4123 καρπογονεῖν
2479 4089 2491 4102 .

2111 4134 2246 4212 ρλγ’.
2280 4134 2377 4190 Διὰ
2399 4134 2452 4190 τί
2482 4140 2581 4204 τῆς
2617 4131 2890 4212 θαλάττης
2921 4131 3092 4212 ἐλαίῳ
3141 4130 3648 4212 καταῤῥαινομὲνης
3693 4131 3782 4208 1i-

2472 4228 2618 4261 νεται
2651 4203 2979 4282 καταφάνεια
3007 4203 3099 4262 καὶ
3129 4203 3368 4282 γαλήνη.

2177 4299 2297 4350 Ὅτι
2353 4296 2452 4364 τὴν
2507 4294 2774 4351 Θάλασσαν
2849 4292 3032 4370 γεώδη
3104 4294 3193 4349 καὶ
3250 4289 3545 4365 ἀνώμαλον
3605 4290 3784 4346 οὖσαν

2108 4383 2292 4455 ἐξωθεῖ
2349 4385 2440 4438 καὶ
2499 4381 2806 4440 διαστέλλει
2833 4385 2894 4438 τὸ
2949 4381 3134 4439 ἓλαιον
3192 4388 3261 4451 τῆ
3294 4380 3625 4452 πυκνότητι,
3663 4383 3789 4436 εἶτα

2107 4473 2509 4550 ἀνατρεχοόσης
2568 4473 2643 4534 εἷς
2696 4473 2889 4543 ἑαυτὴν
2941 4473 3030 4526 καὶ
3081 4469 3524 4544 συστελλομένης
3579 4471 3785 4545 γίνον-

351 4555 524 4606 nente
548 4551 695 4605 fiunt
713 4553 834 4622 pori
857 4553 1096 4624 quidam
1119 4561 1174 4610 et
1190 4573 1371 4611 vacua
1389 4557 1846 4631 intervalla,quaa
1870 4577 1996 4615 oeu-

2116 4583 2190 4616 ται
2262 4561 2422 4636 πόροι
2485 4562 2648 4626 τινὲς,
2722 4562 2812 4616 καὶ
2897 4560 3026 4615 κενᾶ
3096 4558 3482 4631 διαλείμματα,
3566 4558 3785 4631 μεταξὺ

357 4637 430 4694 lis
453 4638 738 4711 liquidam
760 4640 921 4696 illam
951 4643 1172 4699 faciunt
1193 4663 1257 4700 ac
1284 4647 1730 4719 perspicuam,et
1753 4649 2001 4721 spiritus

351 4727 476 4783 laevi
505 4730 731 4800 corpori
757 4729 1020 4786 allabens
1045 4749 1159 4788 non
1182 4734 1383 4789 turbat
1400 4754 1605 4807 aquam
1623 4739 1868 4808 jactare.
1897 4726 2000 4795 Ve1

351 4818 505 4888 quod
543 4817 736 4873 oleum
766 4821 1053 4891 aequabile
1084 4823 1332 4879 maxime
1381 4830 1437 4880 et
1479 4827 1692 4897 pingue
1738 4827 1784 4881 si
1833 4846 2000 4901 aqua:

351 4905 590 4960 marinae
622 4907 981 4979 effundatur,
1015 4911 1401 4981 caliginosum
1433 4913 1492 4969 in
1522 4915 1624 4970 illa
1652 4932 1843 4973 aerem
1877 4920 2000 4975 dis-

351 4994 536 5066 pellit,
567 4999 625 5050 et
653 4995 996 5055 lucidiorem
1032 5001 1198 5067 facit;
1233 5002 1722 5074 tranquillitatem
1753 5024 1887 5063 vero
1919 5008 1999 5063 fa-

349 5083 428 5139 cit
457 5084 675 5153 oleum,
699 5087 840 5141 dum
873 5105 1034 5156 aquaa
1068 5092 1306 5145 marina;
1339 5099 1705 5163 supernatat,
1731 5112 1835 5152 nec
1867 5114 1996 5168 per-

349 5173 535 5228 mittit
565 5190 632 5229 ex
663 5177 937 5232 inferiore
966 5177 1091 5232 loco
1141 5178 1303 5234 illam
1353 5189 1690 5240 exaestuare.
1741 5191 1889 5240 Sunt
1941 5189 1999 5241 et

349 5261 476 5317 alia:
508 5264 706 5318 multee
743 5266 949 5320 harum
984 5283 1179 5322 rerum
1207 5284 1420 5340 causae,
1455 5273 1556 5326 sed
1589 5272 1722 5327 aliis
1752 5291 1997 5329 accura-

346 5352 525 5407 tiores
556 5359 693 5407 sunt
725 5369 871 5424 quas
901 5355 1094 5410 attuli.

2110 4648 2380 4724 διαύγειαν
2423 4655 2544 4712 ταῖς
2585 4647 2738 4725 ὄψεσι
2799 4647 3036 4711 διδόντες
3083 4649 3174 4704 καὶ
3233 4648 3618 4725 καταφάνειαν·
3687 4647 3787 4702 καὶ

2105 4739 2169 4796 τὸ
2225 4744 2438 4815 πνεῦμα
2509 4747 2611 4809 τῆς
2685 4738 2972 4810 λειότητος
3038 4735 3428 4794 άπολισθαῖνον
3497 4736 3564 4791 οὔ
3624 4743 3791 4793 ποιεῖ

2107 4827 2353 4903 πληγὴν,
2413 4827 2539 4885 οὐδὶ
2591 4827 2779 4886 σάλον.
2841 4831 2909 4886 ’Ἠ
2965 4828 3047 4885 ὅτι
3091 4828 3156 4884 τὸ
3187 4826 3370 4885 ἔλαιον
3401 4824 3789 4899 όμαλώτατσι

2106 4917 2195 4973 καί
2250 4918 2634 4994 λιπαρώτατον
2694 4920 2774 4987 ὅν,
2832 4917 3187 4993 ἐπιχεόμενον
3244 4920 3312 4992 τῇ
3343 4913 3623 4990 θαλάσσῃ,
3661 4913 3791 4972 δια-

2108 5005 2353 5078 σκίδνησι
2408 5008 2499 5062 τὸν
2536 5006 2587 5062 ἰν
2620 5006 2759 5079 αὐτῇ
2792 5007 3013 5083 ζοφερὸν
3062 5007 3193 5081 ἀέρα
3239 5004 3326 5060 καὶ
3377 5001 3790 5082 λαμπρότερον

2107 5097 2488 5173 ἀπεργάζεται,
2515 5094 2763 5170 γαλήνην
2799 5093 2856 5151 δὲ
2886 5097 3107 5169 ἐμποιεῖ
3131 5093 3388 5150 ἐπιπλέον
3424 5094 3666 5164 ἄνωθεν,
3695 5097 3789 5149 καὶ

2107 5185 2206 5240 οὐκ
2262 5185 2362 5241 έῶν
2411 5187 2650 5249 κάτωθεν
2700 5183 2865 5253 αὐτὴν
2915 5181 3358 5261 ἀναϐράττεσθαι.
3410 5182 3535 5238 Εἰσὶ
3592 5181 3660 5239 δὶ
3693 5185 3790 5240 καὶ

2104 5274 2274 5330 ἄλλαι
2304 5273 2512 5331 πολλαὶ
2543 5273 2666 5351 περῖ
2696 5275 2903 5330 τούτων
2935 5273 3128 5344 αἰτίαι,
3159 5272 3286 5331 ἀλλ’
3316 5269 3440 5348 α’ίγε
3477 5271 3793 5346 εἰρημέναι

2102 5369 2212 5419 τῶν
2245 5364 2428 5420 ἄλλων
2462 5364 2564 5421 εἰσί
2594 5360 2992 5442 ἀκριϐέστεραι.

1933 5464 2162 5523 NOT/E.

417 5542 528 5617 (10)
561 5543 622 5597 In
655 5543 867 5617 Gnaeo
885 5549 994 5609 est,
1025 5548 1174 5601 circa
1203 5549 1436 5616 ﬂuvium
1478 5550 1993 5617 profundissimam.

345 5613 458 5693 Sed
491 5615 987 5693 praa_obscuriore_
1003 5617 1104 5693 illa
1129 5613 1613 5693 interpretatione
1643 5623 1812 5693 posui
1841 5627 2000 5682 Maeo-

347 5685 429 5740 tin
455 5684 736 5756 paludem,
770 5688 1018 5760 respecit
1049 5689 1207 5746 enim
1239 5684 1466 5748 Psellus
1498 5690 1618 5750 hac
1644 5684 1996 5755 ’Aristotelis

2108 5555 2210 5630 lib.
2245 5557 2316 5630 de
2347 5557 2564 5630 Mundo
2605 5576 2731 5630 cap.
2785 5559 2816 5612 4
2851 5554 2965 5630 ετὺ⁸
2998 5551 3060 5630 -δὶ
3118 5552 3251 5630 ὑπὲρ
3302 5551 3546 5609 Κασπίαν
3599 5552 3787 5628 βαθὺν

2108 5622 2223 5702 ἔχει
2253 5628 2344 5682 τὸν
2375 5628 2508 5706 ὑπὶρ
2537 5631 2636 5699 τὴν
2671 5622 2919 5686 Μαιῶτιν
2951 5624 3152 5714 λίμνην
3183 5622 3375 5682 τόπον.
