4032 6202
245 369 340 431 τευ
1386 365 1486 425 DE
1528 361 1975 426 OMNIFARIA
2020 365 2446 428 DOCTRINA.
3505 375 3626 438 770

247 500 357 578 ρλδ’,
389 501 483 564 Τίς
512 499 546 570 ἡ
579 497 726 554 αἷτία
751 495 820 554 δι’
849 497 916 582 ᾒν
950 499 1076 582 ᾆξαν
1109 497 1185 582 εἷς
1215 499 1316 582 τὴν
1345 495 1615 561 θάλασσαν
1647 495 1856 573 έμπὲσῃ

1995 499 2098 556 134.
2159 503 2298 571 Quid
2352 506 2424 559 sit
2479 520 2679 571 causa,
2736 520 2904 582 quare
2957 507 3006 560 si
3079 506 3321 576 fulmine
3364 513 3626 582 tangatur

649 573 926 647 κεραυνὸς,
961 571 1090 634 ἅλες
1121 569 1407 644 ἐξωθοῦσιν
1419 615 1432 627 .
1680 569 1687 571 “
1833 569 1842 573 ”

2179 569 2189 571 ⁷
2502 569 2677 646 mare,
2709 569 2791 631 sal
2839 569 3101 649 emergat.

302 675 638 752 Πηγνύμενον
685 676 748 730 τὸ
796 675 1088 740 θαλάσσιον
1145 672 1292 749 ὕδωρ
1350 673 1443 736 τὰς
1503 675 1639 735 ἅλας
1692 677 1862 730 ποιεῖ,

248 771 487 840 Ηήγνυται
546 762 604 820 δὲ
659 770 756 819 τοῦ
823 768 1081 838 κεραυνοῦ
1139 763 1472 837 ἐμπεσόντος
1531 763 1584 818 ἐν
1642 765 1710 836 τῇ
1773 772 1867 825 θα-

248 857 411 930 λάσσῃ,
457 855 546 910 καὶ
595 856 657 909 τὸ
703 854 876 930 γλυκὺ
927 853 1017 908 καὶ
1076 853 1308 925 πότιμον
1360 849 1505 925 ὕδωρ
1566 851 1864 927 ἐξάγοντος.

247 949 375 1000 Ὅθεν
426 946 489 1000 τὸ
541 945 640 1016 μὲν
688 942 882 998 λεπτὸν
929 943 1019 996 καὶ
1065 943 1302 1014 πότιμον
1354 938 1541 1015 ὕδωρ,
1595 939 1710 1004 οὔθ’
1763 939 1866 995 ὑπὸ

247 1034 385 1104 ἡλίου
412 1034 698 1104 καιόμενον
742 1033 1036 1106 πήγνυται,
1091 1030 1203 1099 οὔθ’
1255 1031 1360 1085 ὑπὸ
1401 1032 1685 1101 κεραυνοῦ,
1716 1027 1780 1082 τὸ
1812 1025 1869 1082 Si

248 1125 461 1198 ἁλμυρὸν
506 1124 596 1197 γπ’
643 1120 967 1199 ἀμφοτέρων
1018 1123 1182 1175 τοῦτο
1229 1118 1454 1194 πάσχει,
1499 1118 1588 1172 καὶ
1632 1116 1871 1191 μάλιστα

249 1215 332 1269 ὑπὸ
371 1215 630 1288 κεραυνοῦ
665 1254 678 1268 .
739 1207 970 1272 Θειῶδες
1035 1211 1136 1284 γὰρ
1195 1208 1254 1263 ’ὀν
1311 1208 1374 1262 τὸ
1426 1205 1706 1279 κεραύνιον
1761 1211 1868 1281 πῦρ

248 1303 349 1357 ὅταν
405 1301 482 1364 εἷς
535 1303 635 1370 τήν
687 1300 956 1364 θάλασσαν
1019 1297 1245 1372 ἐμπέσῃ,
1307 1296 1576 1370 έξατμίζει
1634 1296 1728 1368 μὶν
1777 1295 1868 1349 καὶ

249 1390 559 1466 ἃναξηραίνει
613 1390 678 1445 τὸ
735 1389 994 1462 πότιμον,
1043 1389 1278 1461 πήγνυσι
1329 1383 1387 1441 δὲ
1431 1386 1494 1440 16
1542 1382 1738 1462 γεῶδες
1780 1384 1871 1438 καὶ

247 1480 490 1556 ἁλμυρὸν,
547 1479 668 1544 ὅθεν
723 1479 938 1548 ἄσηπτα
1001 1477 1094 1550 μὲν
1156 1477 1208 1531 οἱ
1255 1475 1506 1551 κεραυνοὶ
1555 1478 1774 1529 ποιοῦσι
1805 1474 1872 1527 151

249 1572 468 1643 σώματα,
516 1570 734 1640 ἄσηπτα
783 1565 842 1623 δὶ
889 1568 941 1622 οἱ
995 1565 1122 1629 ἅλες
1154 1565 1526 1639 έκτηκομένης
1574 1565 1662 1620 ὑπ’
1693 1563 1869 1620 αὐτῶν

2047 681 2128 735 Εκ
2157 697 2311 752 aqua
2345 683 2572 738 marina
2600 683 2906 755 coagulata
2937 684 3001 739 {it
3031 684 3499 758 sal.Coagulatur
3519 707 3626 744 au-

1974 771 2091 824 tem
2126 770 2172 825 si
2198 771 2447 827 fulmine
2472 776 2627 828 tacta
2650 773 2945 843 iuerit,idq
2959 792 3028 830 ue
3057 774 3290 830 dulcem
3315 784 3488 847 atque
3528 796 3628 849 po-

1974 864 2215 916 tabilem
2250 880 2459 931 aquam
2494 863 2860 918 subduxerit.
2895 863 3042 918 Nam
3073 870 3270 920 tenera
3303 867 3540 935 quidem
3563 886 3630 923 ac

1976 951 2253 1022 potabilis
2292 969 2446 1022 aqua
2483 969 2589 1008 nec
2619 953 2740 1008 sole
2785 960 3012 1021 urente,
3047 971 3153 1009 nec
3203 955 3447 1011 fulmine
3478 958 3630 1013 inci-

1977 1041 2152 1095 dente
2183 1040 2529 1111 coagulatur
2560 1061 2573 1108 ;
2609 1042 2837 1096 marina
2877 1047 3071 1098 autem
3124 1047 3373 1115 utroque
3433 1047 3630 1115 modo,

1977 1129 2347 1200 maximeque
2378 1146 2410 1184 a
2434 1129 2696 1185 fulmine.
2732 1131 2890 1201 Ignis
2921 1131 3075 1186 enim
3099 1133 3227 1202 ejus
3251 1134 3548 1190 sulfureus
3570 1135 3630 1190 in

1979 1233 2140 1272 mare
2163 1217 2390 1273 delatus
2408 1219 2720 1286 potabilem
2748 1237 2956 1289 aquam
2977 1222 3426 1294 absumitatque
3447 1223 3505 1279 in
3529 1242 3632 1280 va-

1979 1323 2151 1378 pores
2182 1307 2386 1378 abigit,
2419 1314 2636 1363 terram
2683 1316 2878 1364 autem
2911 1326 2978 1364 ac
3026 1309 3276 1367 saliuam
3335 1313 3629 1384 coagulat,

1981 1396 2136 1450 unde
2167 1400 2224 1450 et
2252 1412 2498 1466 corpora
2530 1396 2751 1451 fumine
2780 1401 2935 1452 tacta
2968 1397 3438 1471 incorruptibilia
3467 1408 3629 1470 sunt,

1979 1490 2036 1540 et
2066 1484 2205 1540 salis
2235 1501 2342 1556 ope
2375 1502 2408 1539 a
2437 1486 2743 1556 putredine
2775 1493 3221 1552 conservantur,
3256 1489 3502 1546 humore
3525 1509 3627 1563 per

1979 1573 2150 1629 illum
2209 1574 2516 1630 exsiccato.
2566 1574 2724 1630 Hanc
2776 1576 2927 1630 109
2983 1593 3224 1631 causam
3291 1579 3627 1636 Aristoteles

1981 1663 2368 1736 philosophus
2396 1662 2562 1734 ponit
2594 1666 2995 1735 probatque,ot
3032 1667 3470 1737 praestantiores
3493 1670 3626 1741 qui-

1983 1767 2095 1824 que
2126 1751 2524 1823 physicorum.
2718 1750 2739 1772 ‘

246 1661 328 1729 τῆς
353 1658 668 1738 ὑγρότητος.
717 1657 924 1728 Ταύτην
972 1658 1072 1726 τὴν
1125 1655 1295 1711 αἰτίαν
1345 1655 1436 1710 καὶ
1487 1652 1870 1730 Ἀρίστοτὲλης

239 1749 582 1828 ,ὁγιλᾰσοφος
602 1748 788 1819 τίθησί
837 1767 894 1802 τε
921 1747 1008 1802 καὶ
1051 1743 1402 1820 ἀποδέχεται,
1432 1743 1523 1800 καὶ
1551 1744 1602 1799 οἱ
1633 1743 1872 1819 κρείττο-

252 1860 320 1901 νες
345 1842 450 1893 τῶν
480 1841 756 1894 Φυσικῶν.

482 1942 610 2019 ρλε’.
645 1941 778 2016 Περὶ
806 1947 906 2009 τῆς
938 1939 991 1994 έν
1027 1935 1231 2012 Εὐϐοίᾳ
1260 1938 1607 2016 παλιρῥοίας.

2267 1949 2391 2004 135.
2426 1950 2495 2005 De
2527 1951 2727 2022 Euripo
2755 1953 2870 2006 sive
2897 1957 3039 2008 aestu
3075 1954 3336 2010 Euboico.

2055 2059 2262 2112 Ionum
2280 2073 2438 2112 mare
2457 2073 2525 2111 ex
2543 2057 2911 2128 amplissima
2945 2059 3336 2117 letitudinead
3359 2065 3632 2122 Euboeam

1982 2145 2238 2200 insulam
2267 2151 2517 2216 angusto
2568 2151 2854 2202 arctatum
2889 2149 3032 2205 freto
3082 2166 3148 2205 ac
3178 2151 3353 2207 veluti
3407 2169 3510 2224 per
3541 2172 3634 2212 os-

1987 2235 2130 2289 tium
2165 2233 2458 2306 quoddam
2493 2234 2549 2288 in
2592 2235 2901 2290 Crissmum
2959 2238 3153 2293 sinum
3207 2255 3267 2293 se
3325 2242 3634 2300 effundens

1985 2323 2260 2380 miscetur
2291 2324 2433 2378 mari
2469 2324 2676 2396 lEgzeo,
2709 2325 3115 2398 isthmumque
3161 2311 3323 2384 subit
3358 2331 3633 2404 Pelopon-

1983 2414 2490 2486 nesiacum,atque
2513 2416 2654 2470 adeo
2675 2414 2962 2481 divina,ut
2988 2416 3633 2492 videtur,providentia,

1983 2503 2326 2576 prohibetur
2351 2520 2420 2558 ne
2450 2509 2581 2558 ante
2612 2521 2672 2559 se
2695 2508 2936 2577 proruat
2961 2509 3016 2560 et
3047 2506 3321 2564 adversas
3355 2514 3539 2566 terras
3563 2529 3632 2568 ex

1985 2598 2233 2665 angusto
2263 2591 2407 2658 loco,
2441 2609 2556 2665 quo
2577 2593 2732 2648 velut
2756 2593 2941 2649 muris
2973 2594 3269 2652 inclusum
3304 2603 3360 2654 et
3393 2616 3630 2674 exagge-

1985 2686 2173 2737 ratum
2208 2684 2315 2745 est,
2349 2681 2557 2735 obruat
2589 2681 2886 2737 ﬂuctibus.
2923 2685 3102 2756 Atque
3134 2685 3254 2741 haec
3286 2688 3628 2746 verisimilis

1985 2774 2074 2826 est
2103 2775 2282 2825 aestus
2314 2770 2435 2826 sive
2483 2770 2740 2826 reﬂuxus
2791 2770 2950 2827 illius
3000 2790 3198 2830 causa.
3245 2775 3337 2831 Uti
3393 2783 3448 2834 et
3474 2781 3630 2853 apud

1984 2859 2139 2914 istud
2177 2861 2384 2914 fretum
2421 2858 2558 2932 plus
2588 2876 2760 2932 quam
2794 2860 2850 2916 in
2888 2861 3111 2934 reliquo
3142 2863 3275 2920 sinu
3309 2883 3472 2938 aquae
3503 2887 3630 2926 arc-

1985 2948 2407 3020 tantur,itaque
2439 2949 2873 3005 recurrentibus
2902 2950 3227 3010 incidentes
3256 2954 3434 3011 veluti
3467 2959 3632 3015 effer-

1984 3042 2230 3094 vescunt
2259 3054 2324 3094 ac
2357 3037 2646 3094 ebulliunt
2679 3037 3011 3112 ﬂuctusque
3041 3041 3285 3115 faciunt,
3344 3045 3444 3117 qui
3479 3048 3632 3106 reni-

1990 3127 2249 3184 tentibus
2278 3127 2451 3182 undis
2485 3126 2635 3182 allisi
2670 3127 2725 3182 in
2759 3133 2965 3185 testam
2998 3137 3442 3205 exaggerantur.
3517 3195 3519 3198 ,

308 2051 372 2109 T6
399 2050 636 2126 πέλαγος
669 2052 733 2103 τὸ
782 2049 1020 2106 Ἰωνικὸν
1068 2048 1126 2104 ἐκ
1170 2046 1390 2118 πολλῆς
1438 2044 1779 2122 εὐρυχωρίας
1819 2044 1870 2099 έν

251 2144 306 2214 τῇ
353 2134 548 2210 Εὐϐοίᾳ
598 2135 950 2210 στενούμενον
987 2179 1000 2203 ,
1053 2137 1144 2191 καὶ
1199 2136 1440 2208 καθάπερ
1501 2133 1590 2189 διὰ
1647 2133 1873 2206 στομίου

250 2231 372 2292 τινὸς
404 2231 479 2292 εἰς
507 2230 596 2284 τὸν
641 2232 901 2303 Κρισαῖον
948 2229 1157 2282 κόλπον
1213 2226 1540 2302 ἐκχεόμενον
1593 2224 1872 2298 ἐμμίξεται

255 2325 366 2397 πρὸς
390 2323 488 2390 τὴν
535 2320 765 2396 Αἷγαίαν
817 2317 1086 2373 θάλατταν
1135 2317 1483 2393 ἐπειγόμενον
1527 2317 1630 2371 ὑπὸ
1653 2321 1750 2371 τοῦ
1778 2317 1875 2384 τῆς

255 2413 650 2484 Πελοποννήσου
698 2411 1042 2484 ἰσθμοῦιτῆς
1075 2410 1263 2485 πρόσω
1295 2415 1460 2489 φορᾶς
1494 2407 1874 2477 ἀνακόπτεται,

254 2503 540 2580 προμηθείᾳ
579 2503 874 2576 κρείττονι,
908 2503 983 2563 ὡς
1033 2499 1228 2570 ἔοικεν,
1262 2497 1545 2555 έπικλῦσαι
1589 2500 1688 2568 τὴν
1730 2497 1874 2553 ἀντί-

257 2596 384 2649 θετον
437 2589 691 2669 προϐολῇ
746 2595 849 2646 τοῦ
902 2589 1134 2668 αὐχένος
1189 2589 1724 2665 ἀποτειχιζόμενον,
1785 2586 1874 2642 κάὶ

255 2684 422 2739 τούτου
473 2681 529 2739 δὶ
571 2681 920 2760 παλιῤῥοίας,
969 2681 1042 2743 ὡς
1093 2681 1155 2735 16
1199 2681 1361 2749 είκὸς,
1413 2679 1724 2754 γινομένης.
1777 2677 1870 2733 Καὶ

257 2772 358 2850 περὶ
405 2771 556 2828 τόνδε
608 2773 700 2828 16v
757 2771 1005 2846 πορθμὸν
1056 2768 1224 2826 πλέον
1276 2772 1310 2841 ἢ
1368 2769 1504 2824 κατὰ
1557 2769 1646 2824 τὸν
1707 2764 1878 2822 ἄλλον

255 2860 436 2938 κόλπον
488 2857 821 2937 θλιϐομένου
867 2865 966 2916 τοῦ
1019 2859 1360 2938 ἐπιρρέοντος
1412 2857 1498 2914 ἐπὶ
1538 2863 1616 2931 τῷ
1655 2855 1876 2933 ἀνατρέ-

256 2937 391 3027 χοντι
424 2950 696 3015 πολλάκις
724 2947 992 3024 ἐμπίπτον
1025 2949 1116 3005 τὸν
1149 2949 1392 3026 βρασμὸν
1426 2953 1574 3004 ποιεῖ
1601 2947 1663 3002 16
1707 2943 1876 3022 ὕδωρ,

255 3041 329 3095 καὶ
356 3043 499 3115 κῦμα
545 3038 880 3118 φλεγμαῖνον
932 3037 1125 3117 ἐγείρει
1170 3038 1307 3116 πρὸς
1337 3044 1437 3110 τῆς
1466 3034 1774 3100 ἀντιτυπίας
1801 3035 1876 3100 εἷς

257 3127 490 3185 κλύδωνα
513 3129 952 3208 κοριοφούμενον.

260 3236 503 3338 ρλξπ
547 3237 599 3291 τί
652 3236 756 3338 61:6
801 3239 921 3338 sibi;
962 3233 1150 3338 ὑετίωγ
1205 3231 1432 3338 ὑδσὶνων1
1461 3232 1672 3309 μᾶλλον
1701 3232 1737 3338 ii
1767 3237 1875 3290 τῶν

1995 3235 2113 3291 136.
2151 3235 2350 3338 Quare,
2376 3235 2602 3338 urberes
2641 3244 2702 3338 let,
2743 3238 2963 3292 semina
2998 3239 3216 3338 ἐκιίιιει
3235 3242 3636 3301 incrementum

324 3273 503 3300 ...ιιι
557 3273 599 3291 ..ι
652 3273 756 3292 νην
811 3273 909 3291 ..ων
962 3273 1149 3291 ..ιιιυυν
1205 3273 1408 3291 “an...
1461 3273 1670 3309 μυιηικυν
1707 3273 1875 3338 1.1...

317 3308 609 3386 ἐπιρρὐων
667 3307 732 3364 τὰ
800 3305 995 3384 δένδρα
1050 3306 1139 3363 καὶ
1213 3309 1279 3362 11‘1
1338 3307 1617 3382 σπέρματα
1673 3327 1877 3386 πεφυκε

1995 3273 2113 3291 ιυυο
2151 3273 2331 3303 κακον
2376 3273 2429 3290 ιρι
2449 3273 2528 3290 VU!
2546 3273 2600 3290 vo
2649 3273 2698 3291 νδ
2743 3273 2963 3292 σνιιοιινω
3005 3273 3185 3295 ιωιιιοῠ
3237 3273 3491 3299 ιιειισηισι

2131 3309 2352 3380 capiant
2381 3323 2417 3362 a
2441 3307 2779 3379 pluvialibus
2799 3325 2961 3380 quam
2989 3311 3284 3380 ﬂuentibus
3312 3315 3491 3385 aquis.

317 3381 583 3460 τρέφεσθαι
596 3425 608 3438 .

320 3470 453 3525 Διότι
630 3469 826 3544 πληγῇ
885 3466 1131 3524 διεστῶσι
1200 3469 1297 3538 τήν
1353 3471 1453 3545 γῆν
1529 3469 1618 3523 καὶ
1677 3487 1883 3542 πορους

260 3562 452 3614 ποιοῦσι
499 3560 590 3614 καὶ
635 3556 947 3614 διαδύονται
998 3557 1075 3622 εἷς
1125 3558 1226 3626 τὴν
1277 3556 1448 3634 ῥίζαν.
1476 3558 1544 3614 Ἠ
1575 3555 1707 3632 ὅπερ
1739 3555 1883 3627 ἀλη-

261 3647 502 3723 ἢέπερον,
550 3648 859 3725 πρόσφατόν
913 3647 1022 3702 ἐστι
1067 3648 1156 3702 καὶ
1187 3645 1304 3702 νέον
1347 3644 1493 3722 ὕδωρ
1535 3647 1598 3702 τὸ
1629 3647 1880 3720 ὗόμενον,

262 3732 415 3792 ’ἕωλον
461 3735 517 3792 δὲ
562 3737 650 3792 καὶ
706 3735 941 3793 παλαιὸν
967 3736 1029 3792 τὸ
1061 3735 1342 3808 λιμναῖον,
1373 3736 1407 3804 ἢ
1442 3737 1523 3790 ὅτι
1553 3736 1616 3790 τὸ
1648 3732 1882 3808 ἀερῶδες

264 3822 389 3901 ὕδωρ
434 3827 694 3898 πνεύματι
751 3827 1081 3901 μεγιγμένον
1142 3826 1224 3895 ὃν,
1284 3823 1562 3900 ὁδηγεῖται
1619 3826 1707 3878 καὶ
1753 3824 1884 3878 ἀνα-

267 3916 506 3986 πέμπεται
534 3917 752 3991 ταχέως
803 3915 878 3977 εἷς
922 3915 992 3970 16
1037 3915 1199 3992 φυτὸν
1252 3915 1356 3969 ὑπὸ
1410 3912 1769 3984 λεπτότητος,
1800 3911 1884 3967 διὸ

265 4004 338 4058 καὶ
362 4005 718 4082 πομφόλυγας
759 4009 928 4071 ποιεῖ,
983 4001 1069 4058 διὰ
1114 4005 1214 4071 τὴν
1265 4009 1362 4058 τοῦ
1407 4003 1562 4078 ἀέρος
1612 4003 1884 4076 ἀνάμιξιν,

321 4093 394 4148 ὅτι
421 4096 480 4149 τὸ
529 4090 764 4169 ὄμϐριον
819 4091 967 4168 ὕδωρ
1016 4093 1306 4170 γενόμενον
1349 4091 1400 4147 ἐν
1450 4092 1565 4167 ἀέρι
1597 4093 1685 4147 καὶ
1719 4091 1886 4146 πνεύ-

270 4202 378 4252 ματι
432 4185 662 4257 καθαρὸν
713 4183 802 4238 καὶ
861 4183 1055 4257 ἀμιγὲς
1127 4183 1356 4238 κάτεισι.
1414 4183 1494 4238 Τὰ
1562 4179 1619 4236 δὲ
1674 4187 1887 4256 πηγαῖα

265 4272 339 4323 καὶ
455 4277 588 4347 γονῇ
621 4272 709 4327 καὶ
740 4277 858 4334 τοῖς
887 4273 1081 4333 τόποις
1123 4272 1464 4345 ὁμοιούμενα
1496 4269 1566 4326 δι’
1595 4272 1670 4325 ὧν
1699 4269 1883 4341 έξεισι,

267 4356 468 4415 πολλῶν
552 4359 995 4435 ἀναπίμπλανται
1074 4362 1408 4432 ποιοτήτων.
1484 4360 1723 4436 Ηρόσθες
1794 4359 1885 4415 καὶ

267 4444 422 4519 ἄλλην
472 4449 666 4506 αἲτίαν·
730 4449 997 4521 εὔσηπτόν
1054 4449 1163 4506 έστι
1216 4451 1276 4504 16
1337 4449 1508 4504 ὑέτιον
1569 4446 1738 4526 ὕδωρ,
1795 4449 1883 4504 καὶ

267 4533 344 4590 διὰ
365 4543 516 4595 τοῦτο
546 4541 634 4596 καὶ
663 4537 975 4614 εὕθρεπτον.
1005 4543 1113 4596 Πᾶν
1159 4538 1218 4596 δὶ
1258 4536 1404 4614 ὕδωρ
1436 4540 1497 4594 τὸ
1529 4537 1700 4602 οὕτως
1733 4536 1886 4614 ἔχον,

265 4623 421 4703 τρέφει
449 4630 510 4684 τὸ
543 4627 922 4702 ὑποκείμενον.

2062 3469 2347 3534 Quoniam
2377 3467 2659 3540 pluviales
2685 3485 2870 3540 aquas,
2897 3470 3037 3525 dum
3073 3473 3640 3544 cadunt,dil‘ﬁndunt

1992 3565 2199 3614 terram
2235 3573 2527 3629 porosque
2557 3561 2613 3612 et
2637 3558 2760 3612 vias
2785 3557 3077 3628 aperiunt,
3112 3565 3167 3616 et
3199 3562 3255 3616 in
3288 3563 3544 3622 radicem
3577 3583 3641 3623 se

1991 3649 2324 3714 insinuant;
2355 3652 2455 3702 aut
2476 3648 2628 3718 quod
2651 3647 3011 3719 verius,quia
3035 3656 3306 3706 recenset
3328 3670 3474 3708 nova
3491 3672 3642 3728 aqua

1994 3736 2242 3793 ﬂuvialis
2266 3741 2508 3801 est,cum
2543 3733 2646 3789 illa
2676 3753 2742 3790 ex
2774 3735 3020 3791 lacubus
3045 3737 3120 3792 sit
3140 3743 3308 3794 vetus
3331 3745 3386 3795 et
3416 3759 3448 3796 a
3467 3741 3643 3815 longo

1993 3823 2383 3896 tempore.Vcl
2411 3824 2559 3894 quod
2587 3823 2859 3896 pluvialis
2889 3842 3043 3896 aqua
3066 3827 3250 3883 aereis
3283 3829 3488 3886 referta
3512 3849 3643 3903 par-

1992 3916 2190 3974 ticulis
2223 3920 2278 3970 et
2308 3914 2580 3986 spiritum
2603 3914 2924 3970 admistum
2947 3915 3165 3972 habens
3189 3934 3293 3990 pro
3315 3920 3646 3976 subtilitate

1995 4024 2102 4063 sua
2131 4005 2399 4060 celeriter
2431 4004 2486 4057 in
2522 4003 2777 4074 plantam
2811 4022 2870 4059 se
2895 4005 3181 4071 immittit,
3206 4010 3360 4063 unde
3391 4014 3446 4064 et
3470 4027 3646 4086 prop-

1994 4100 2082 4151 ter
2114 4111 2304 4148 aerem
2337 4093 2734 4147 intermistum
2770 4093 2962 4149 bullas
2982 4097 3332 4154 excitat.Aut
3365 4101 3638 4172 quoniam

1995 4183 2190 4257 pluvia
2221 4199 2370 4253 aqua
2422 4182 2478 4236 in
2531 4197 2660 4236 aere
2711 4187 2766 4236 et
2811 4184 3020 4254 spiritu
3075 4196 3378 4258 prognata,
3411 4207 3560 4261 pura
3590 4194 3648 4244 et

1995 4274 2226 4328 sincera
2256 4270 2578 4338 descendit,
2633 4271 2870 4327 fontana
2917 4281 3109 4328 autem
3145 4276 3319 4330 refert
3369 4293 3508 4332 suas
3533 4277 3648 4332 ori-

1996 4363 2163 4434 gines
2194 4359 2683 4430 assimilaturque
2711 4358 2856 4416 locis
2889 4377 2990 4432 per
3028 4378 3155 4432 quas
3185 4363 3424 4431 transit,
3472 4370 3652 4438 atque

1996 4452 2079 4506 ita
2109 4448 2281 4505 variis
2311 4447 2694 4515 qualitatibus
2727 4447 3004 4520 repletur.
3035 4451 3227 4508 Addes
3256 4457 3313 4508 et
3344 4453 3520 4510 aliam
3553 4471 3650 4510 ra-

1996 4541 2236 4596 tionem.
2268 4536 2474 4592 Pluvia
2495 4553 2648 4608 aqua
2677 4537 2846 4593 facile
2870 4541 3153 4610 putrescit
3173 4547 3348 4613 atque
3378 4543 3462 4598 ita
3484 4543 3652 4600 facile

1917 4645 1964 4711 D
1997 4628 2298 4684 alteratur.
2344 4624 2552 4681 Omnis
2609 4631 2804 4681 autem
2866 4643 3019 4699 aqua
3049 4629 3129 4684 ita
3177 4629 3516 4703 comparata
3539 4651 3648 4689 nu-

1995 4719 2101 4775 trit
2129 4717 2461 4787 subjectum
2493 4715 2551 4770 in
2575 4717 2730 4786 quod
2764 4715 2990 4773 incidit.

269 4819 664 4902 ρλζκμΔιὰ-τί
748 4829 874 4902 τῶν⁸
934 4820 1181 4902 ὀμϐρίων
1257 4821 1466 4902 ὐδᾷτων
1530 4821 1888 4902 εὐαρδέστερα

328 4901 434 4986 τοῖς
489 4899 763 4972 σπέρμασι
819 4899 887 4953 τὰ
964 4896 1097 4972 μετὰ
1154 4897 1394 4974 βροντῶν
1457 4896 1546 4951 καὶ
1605 4896 1889 4970 ἀστραπῶν

330 4981 504 5026 οοατα.

329 5055 681 5129 Πνευματώδη
734 5057 837 5112 εἶσι
883 5053 974 5111 διὰ
1012 5058 1111 5126 τήν
1161 5061 1259 5112 τοῦ
1309 5056 1465 5130 ἀέρος
1509 5057 1757 5131 ταραχὴν
1803 5055 1891 5110 καὶ

267 5139 508 5215 ἀνάμιξιν.
555 5146 627 5202 T6
674 5143 732 5200 δὲ
779 5149 992 5218 πνεῦμα
1038 5147 1138 5215 τὴν
1192 5144 1463 5222 ὑγρότητα
1511 5149 1694 5204 κινοῦν
1748 5143 1897 5218 μᾶλο

267 5224 352 5282 λον
405 5231 704 5308 ἀναπέμπει
755 5235 847 5289 καὶ
887 5231 1230 5290 ἀναδίδωσιν.
1282 5236 1348 5291 Ἡ
1398 5233 1480 5289 ὅτι
1535 5233 1762 5309 βροντὰς
1797 5234 1891 5306 μὶν

267 5317 343 5370 καὶ
397 5321 662 5398 ἀστραπὰς
719 5328 868 5378 ποιεῖ
923 5324 985 5378 τὸ
1044 5323 1240 5400 Θερμὸν
1299 5322 1350 5377 έν
1399 5327 1480 5394 τῷ
1520 5321 1636 5397 ἀέρι
1666 5323 1802 5395 πρὸς
1830 5323 1892 5378 τὸ

266 5406 460 5483 ψυχρὸν
493 5413 831 5488 μαχόμενον·
869 5411 954 5467 διὸ
997 5412 1087 5468 καὶ
1118 5417 1398 5489 χειμῶνος
1443 5409 1699 5485 οὐδαμῶς
1734 5412 1892 5488 βρον-

264 5495 360 5553 ταί.
407 5493 556 5576 ἔαρος
607 5499 664 5557 δὶ
734 5499 973 5576 μάλιστα
1015 5500 1105 5557 καὶ
1154 5501 1528 5577 φθινοπώρου·
1577 5501 1612 5570 ἠ
1661 5497 1719 5554 δὶ
1772 5511 1893 5575 θερ-

268 5585 426 5658 μότης
456 5591 724 5647 πίπτουσα
766 5592 830 5647 16
878 5590 1038 5668 ὐγρὸν
1077 5589 1378 5668 προσφιλὲς
1427 5595 1577 5645 ποιεῖ
1620 5593 1735 5652 τοῖς
1765 5589 1896 5665 βλα-

264 5673 496 5738 στάνουσι
551 5681 637 5738 καὶ
700 5678 1007 5762 ὠφέλιμον.
1069 5680 1154 5739 Τὰ
1232 5679 1485 5758 μέντοιγε
1541 5678 1729 5756 ἐαρινὰ
1783 5682 1890 5739 τῶν

2001 4826 2123 4880 137.
2159 4826 2340 4893 Quare
2368 4838 2438 4878 ex
2465 4823 2862 4905 aquis__ptuvii§
2892 4825 3010 4905 illa?
3058 4828 3258 4905 melius
3311 4831 3498 4902 rigant
3525 4845 3651 4905 quae

2341 4911 2467 4950 cum
2509 4897 2724 4950 tonitru
2753 4896 2958 4951 cadunt
2995 4907 3046 4953 et
3070 4900 3312 4971 fulgure.

2076 5061 2298 5131 Nempe
2328 5059 2538 5130 spiritu
2563 5059 2748 5128 plenae
2779 5066 2937 5128 sunt,
2989 5079 3277 5121 concussu
3312 5071 3368 5121 et
3398 5067 3652 5124 admisto

2005 5146 2417 5218 aere.Spiritus
2449 5151 2644 5200 autem
2680 5146 2987 5204 humorem
3019 5152 3207 5223 magis
3231 5159 3421 5207 movet
3443 5154 3621 5226 impel
3642 5182 3654 5195 ο

2002 5237 2186 5306 litque
2218 5252 2284 5290 ac
2315 5235 2753 5290 distribuit.Aut
2773 5239 3050 5307 quoniam
3074 5240 3234 5296 calor
3256 5242 3451 5314 frigori
3477 5258 3655 5315 repu-

2003 5341 2190 5398 gnans
2241 5323 2501 5378 tonitrua
2552 5323 2689 5378 facit
2736 5330 2793 5381 et
2844 5326 3096 5399 fulgura,
3147 5346 3328 5401 quare
3358 5335 3416 5386 et
3463 5325 3670 5389 hieme

2005 5413 2168 5470 nulla
2195 5412 2480 5480 tonitrua,
2516 5413 2614 5468 sed
2649 5430 2780 5471 vere
2815 5418 3068 5474 maxime
3097 5424 3154 5475 et
3211 5426 3517 5478 autumno.
3549 5426 3654 5479 Ca-

2003 5503 2093 5559 lor
2120 5507 2315 5558 autem
2349 5501 2632 5558 accedens
2665 5503 2971 5561 humorem
3007 5506 3226 5578 plantis
3257 5515 3654 5583 opportunum

2005 5592 2196 5650 reddit
2224 5595 2400 5664 atque
2432 5589 2594 5647 utile.
2653 5596 2844 5664 Atque
2881 5612 3068 5651 verna:
3117 5614 3280 5669 aquae
3326 5599 3654 5656 seminibus

2003 5687 2138 5746 ante
2168 5687 2431 5742 aetatem
2468 5681 2718 5742 maxime
2740 5685 3082 5745 necessariae
3113 5689 3437 5760 sunt,unde
3467 5687 3654 5763 regio-
