4032 6202
311 300 421 359 771

1654 289 2072 351 MIGHAELIS
2115 289 2387 351 PSELLI

3605 298 3731 356 772

312 448 415 487 nes
446 431 503 485 in
541 429 757 501 quibus
789 428 941 484 veris
972 430 1233 499 tempore
1264 425 1586 499 plurimum
1619 424 1865 497 pluit,ut
1896 424 1953 479 in

2087 420 2279 477 369ith
2308 421 2703 499 ἀναγκαιότερα
2749 426 2865 486 τοῖς
2921 422 3191 500 σπέρμασι
3223 425 3327 500 πρὸ
3374 430 3471 480 τοῦ
3506 427 3730 502 θέρους.

310 522 530 587 Sicilia,
564 519 783 575 multos
814 522 872 574 et
896 518 1081 574 bonos
1113 518 1308 572 ferunt
1331 516 1577 571 fructus.

697 789 816 845 138.
856 791 930 844 De
966 787 1197 843 lacubus
1227 785 1576 857 quibusdam.

386 884 543 939 Mare
575 880 725 951 quod
759 877 934 950 vulgo
966 882 1205 932 vocatur
1234 876 1528 931 Mortuum
1560 875 1616 930 in
1651 873 1961 929 Palaestina

317 970 748 1027 crassissimam
782 967 1043 1023 omnium
1080 982 1365 1036 aquarum
1400 964 1558 1019 vehit
1613 968 1669 1018 et
1702 961 1962 1018 salsissi-

318 1061 581 1127 mam,ita
618 1055 983 1127 utquidquid
1016 1056 1072 1110 in
1108 1055 1261 1111 illam
1288 1054 1589 1124 injiciatur
1619 1055 1963 1124 supernatet

319 1165 421 1204 nec
453 1148 881 1216 submergatur.
917 1150 1132 1200 Omnes
1164 1161 1335 1216 porro
1360 1160 1521 1215 aquae
1553 1142 1721 1199 salsae
1756 1140 1839 1197 vel
1874 1158 1965 1197 ac~

316 1244 377 1292 tu
412 1237 496 1292 vel
530 1240 812 1308 potestate
844 1234 1044 1289 calidae
1076 1239 1211 1290 sunt
1246 1251 1258 1289 :
1297 1237 1579 1305 potestate
1627 1233 1865 1304 quidem
1902 1234 1965 1286 ut

319 1326 525 1399 Tyria,
560 1330 690 1380 actu
741 1341 872 1379 vero
928 1330 992 1378 ut
1040 1340 1165 1395 quae
1215 1329 1353 1378 sunt
1398 1322 1662 1377 Gabaris.
1698 1322 1765 1376 Et
1806 1320 1961 1392 apud

315 1415 620 1470 Ombricos
653 1414 809 1485 regio
833 1412 1233 1482 estlimosa,in
1262 1429 1375 1483 qua
1400 1410 1688 1483 plurimus
1704 1410 1964 1465 nascitur

310 1507 526 1577 juncus
549 1511 602 1559 et
634 1505 1096 1573 calamus,quem
1123 1507 1356 1556 urentes
1377 1502 1644 1572 regiones
1672 1499 1875 1555 incola:
1899 1515 1964 1554 ac

318 1594 647 1666 redigentes
678 1592 734 1647 in
768 1592 1319 1662 cinerem,eumque
1348 1606 1480 1645 cum
1515 1590 1684 1661 aquis
1717 1605 1966 1659 coquen-

317 1688 425 1751 tes,
460 1682 639 1737 salem
675 1684 1007 1736 concretum
1046 1679 1480 1751 reperiunt.Sed
1507 1683 1562 1734 et
1590 1676 1854 1733 Sirbonis
1882 1676 1965 1733 la-

322 1787 425 1826 cus
457 1769 650 1825 salsus
680 1772 789 1833 est,
823 1772 879 1823 et
910 1772 1193 1840 quantum
1251 1767 1423 1838 aquis
1469 1766 1623 1821 inest
1654 1764 1966 1834 crassitiei,

321 1864 549 1914 tantum
586 1859 760 1913 etiam
794 1857 1105 1911 salsedinis
1126 1857 1329 1912 adesse
1360 1856 1615 1923 solet,ita
1642 1854 1965 1911 utcrassis.

323 1949 484 2004 simae
517 1964 759 2019 quaeque
791 1946 1133 2003 salsissimus
1165 1947 1302 2001 sint.
1341 1949 1540 2017 Itaque
1571 1952 1622 2001 et
1657 1962 1815 1999 mare
1841 1942 1964 1999 sal-

324 2054 457 2092 sum
492 2041 602 2104 est,
628 2041 825 2108 utpote
857 2053 1142 2102 crassum,
1179 2036 1456 2107 quoniam
1490 2034 1601 2107 ipsi
1636 2034 1968 2089 admiscen-

324 2131 422 2181 tur
448 2125 747 2199 fuliginosi
781 2129 836 2181 et
867 2124 1223 2181 crassissimi
1255 2140 1521 2197 vapores.

918 2323 1039 2377 139.
1074 2322 1146 2377 De
1174 2322 1380 2392 ﬂuviis.

398 2417 654 2469 Amonte
676 2413 980 2482 Pannaryo
998 2410 1055 2465 in
1083 2411 1221 2465 Asia
1241 2414 1511 2466 oriuntur
1534 2408 1973 2477 ﬂuviiliactrus,

329 2504 623 2575 Choaspes
646 2508 700 2557 et
723 2502 951 2555 Araxes.
989 2500 1068 2553 Ex
1086 2499 1342 2553 Caucaso
1366 2503 1563 2553 monte
1587 2497 1792 2553 Phasis
1817 2496 1974 2551 mul-

330 2593 483 2663 tique
515 2596 571 2646 et
604 2591 795 2659 magni
830 2588 983 2643 fluvii
1017 2588 1134 2643 alii.
1174 2592 1272 2641 Est
1298 2604 1468 2659 porro
1500 2587 1797 2642 Caucasus
1852 2603 1974 2642 orn-

332 2683 491 2735 nium
527 2679 814 2733 montium
838 2694 1041 2731 versus
1072 2676 1364 2731 Orientem
1426 2675 1688 2731 aestivum
1726 2683 1781 2730 et
1805 2676 1973 2746 jugo-

332 2786 461 2823 rum
496 2767 875 2821 multitudine
906 2770 960 2819 et
988 2765 1297 2819 altitudine
1330 2766 1645 2821 maximus.
1698 2765 1777 2819 Ex
1810 2765 1975 2836 Pyre-

334 2871 478 2923 naeo,
511 2853 623 2925 (it)
654 2858 742 2907 est
775 2854 822 2908 is
874 2868 1043 2907 mons
1077 2852 1132 2906 in
1165 2851 1381 2907 Celtica
1431 2853 1667 2925 regione
1717 2853 1786 2907 ad
1823 2852 1972 2908 occi-

332 2948 567 3001 dentem
600 2943 1091 3015 asquinoctialem)
1127 2946 1389 2999 nascitur
1420 2947 1579 3009 Ister,
1615 2946 1715 3015 qui
1748 2961 1848 3014 per
1891 2949 1974 2999 to-

332 3040 453 3089 tam
486 3035 771 3104 Europam
810 3032 1043 3102 proﬂuit
1073 3033 1130 3087 in
1162 3033 1452 3087 Euxinum
1476 3040 1734 3104 pontum.
1764 3035 1821 3086 In
1849 3034 1975 3103 ipso

331 3123 729 3194 septentrione
760 3120 915 3175 ultra
931 3126 1249 3176 extremam
1278 3122 1570 3193 Scythiam
1589 3126 1818 3175 montes
1837 3126 1976 3176 sunt

2066 512 2225 569 ’Όθεν
2271 513 2305 581 ἡ
2360 510 2617 568 πλεῖστον
2666 511 2869 586 ύομένη
2911 516 3006 568 τοῦ
3064 510 3221 590 ἔαρος
3264 515 3443 592 χώρα,
3479 517 3730 590 καθάπερ

2069 599 2119 655 ἐν
2184 599 2429 673 Σικελίᾳ,
2486 599 2733 665 πολλοὺς
2788 603 2880 659 καὶ
2938 603 3173 678 ἀγαθοὺς
3234 604 3474 680 καρποὺς
3536 603 3733 661 ἀναδί-

2072 687 2257 747 δωσιν.

2512 780 2654 856 ρλη’.
2686 783 2817 858 ΙΙερί
2849 803 3005 838 τινων
3045 784 3274 857 λιμνὼν.

2142 870 2204 924 Ἡ
2253 870 2346 943 μὲν
2393 870 2710 944 καλουμένη
2760 873 2907 948 παρά
2951 879 3067 935 τοῖς
3110 872 3347 936 πολλοῖς
3395 876 3579 950 Νεκρά
3622 876 3730 930 Θά-

2074 956 2245 1013 λασσα
2292 961 2326 1027 ἡ
2378 960 2429 1014 έν
2496 960 2849 1036 Παλαιστίνῃ,
2893 962 3180 1037 παχυτάτη
3244 962 3371 1017 οὖσα
3404 1011 3419 1036 ,
3477 965 3736 1040 ἁλμυρο-

2069 1048 2205 1117 τάτη
2240 1047 2349 1103 ἐστὶ
2399 1050 2613 1105 πάντων
2662 1048 2890 1124 ὑδάτων,
2930 1051 3019 1107 καὶ
3068 1057 3171 1107 πᾶν
3207 1052 3270 1107 τὸ
3302 1048 3731 1128 ἐμϐαλλόμενον

2074 1136 2125 1192 έν
2183 1137 2319 1213 αὐτῇ
2374 1142 2533 1212 σῶμα
2580 1141 2865 1205 ἀνωθεῖται
2920 1140 3023 1196 ὑπὸ
3079 1146 3177 1197 τοῦ
3230 1141 3440 1214 ὕδατος,
3500 1145 3590 1198 καὶ
3658 1145 3727 1199 o6

2073 1226 2278 1301 γίνεται
2329 1224 2690 1305 ὑποϐρύχιον.
2744 1236 2852 1285 Πᾶν
2911 1228 2968 1285 δὲ
3026 1229 3172 1305 ὕδωρ
3223 1230 3466 1307 ἁλμυρὸν
3521 1234 3730 1309 Θερμὸν

2079 1315 2171 1389 μέν
2206 1316 2345 1371 ἐστιν
2379 1316 2414 1386 ἢ
2461 1314 2680 1389 δυνάμει
2733 1317 2768 1386 ἢ
2818 1317 3075 1395 ἐνεργείᾳ·
3125 1317 3350 1394 δυνάμει
3403 1323 3495 1393 μὶν
3545 1323 3621 1385 ὡς
3664 1323 3736 1376 τά

2074 1406 2127 1459 ἓν
2160 1404 2345 1481 Τύρῳ,
2392 1405 2632 1483 ἐνεργείᾳ
2675 1405 2731 1461 δὲ
2781 1406 2857 1469 ὠς
2906 1407 2959 1463 ἐν
3012 1404 3299 1486 Γαδάροις.
3335 1410 3437 1467 Καὶ
3486 1410 3540 1465 έν
3582 1412 3737 1483 Ὁμ-

2075 1490 2288 1567 ϐρικοῖς
2320 1496 2480 1570 χώρα
2529 1495 2667 1552 ἐστὶν
2704 1494 2971 1568 ἰλυώδης,
3018 1497 3069 1553 ἐν
3166 1499 3405 1574 κάλαμοι
3438 1500 3527 1554 καὶ
3560 1506 3732 1574 σχοῖ-

2075 1604 2159 1638 νοι
2187 1584 2423 1659 γίνονται
2466 1584 2738 1641 πλεῖστοι·
2769 1586 2993 1649 τούτους
3045 1590 3287 1650 καίοντες
3328 1590 3379 1643 οἱ
3407 1592 3505 1657 τῆς
3537 1588 3735 1664 χώρας

2075 1672 2166 1726 καὶ
2225 1672 2676 1750 ἀποτεφροῦντις,
2730 1675 2820 1728 καὶ
2877 1676 2978 1744 τήν
3031 1674 3227 1754 τέφραν
3286 1675 3361 1739 εἲς
3416 1674 3563 1753 ὕδωρ
3625 1677 3731 1755 ἄφ-

2078 1761 2263 1834 έψοτες
2314 1763 2375 1816 τὸ
2425 1762 2683 1836 έπιπαγὶν
2730 1762 2864 1825 όίλάς
2910 1763 3236 1839 εὑρίσκουσι.
3284 1764 3388 1821 Καὶ
3418 1767 3453 1835 ἡ
3506 1760 3734 1840 Σερϐω-

2076 1851 2226 1921 νίτης
2262 1849 2318 1905 δὲ
2348 1849 2549 1923 λίμνην
2582 1850 2801 1925 ἁλμυρά
2830 1851 2960 1907 ἐστι’
2994 1854 3085 1907 καὶ
3134 1853 3259 1909 ὅσον
3312 1853 3372 1908 ἂν
3406 1854 3733 1930 ἐπιγείνεται

2078 1942 2112 2008 ἡ
2143 1944 2241 1994 τοῦ
2289 1938 2483 2002 ὕδατος
2531 1941 2805 2016 παχύτης,
2856 1946 3111 1997 τοσοῦτον
3161 1944 3252 1997 καὶ
3306 1945 3340 2011 ἡ
3385 1944 3737 2017 ἀλμυρότης,

2080 2031 2154 2091 ὡς
2186 2030 2317 2084 εἶναι
2349 2031 2410 2085 τὸ
2457 2030 2770 2105 παχύτατον
2820 2031 3221 2105 ἁλμυρότατον.
3276 2032 3376 2089 Καὶ
3408 2035 3443 2101 ἡ
3485 2032 3734 2087 Θάλασσα

2081 2118 2169 2173 οὖν
2222 2118 2441 2195 ἁλμυρά
2471 2120 2601 2189 ἐστι,
2633 2118 2771 2175 διότι
2816 2127 3043 2197 παχεῖα,
3096 2119 3183 2176 διὰ
3232 2122 3295 2176 τὸ
3345 2123 3737 2199 συμμεμῖχθαι

2081 2209 2218 2282 αὐτῇ
2250 2210 2348 2277 τήν
2377 2207 2635 2279 καπνώδη
2666 2210 3018 2283 ἀναθυμίασιν
3052 2211 3367 2287 παχυτάτην
3398 2210 3582 2268 οὖσαν.

2597 2315 2732 2391 ρλθ“.
2768 2316 2898 2393 Περὶ
2928 2322 3212 2391 ποταμῶν.

2154 2405 2287 2461 Ἀπὸ
2335 2408 2429 2459 τοῦ
2480 2404 2791 2481 Πανναρύου
2839 2404 3183 2479 καλουμένου
3230 2404 3392 2483 ῥ’ρους
3442 2411 3541 2463 τοῦ
3574 2404 3739 2470 ὄντος

2083 2494 2132 2549 έν
2164 2498 2231 2567 τῇ
2267 2494 2423 2564 Ἀσίᾳ
2454 2493 2632 2570 ῥέουσι
2664 2495 2903 2568 ποταμοὶ
2936 2496 2964 2551 6
3005 2495 3245 2572 Βάκτρος
3290 2497 3378 2551 καὶ
3411 2498 3437 2551 6
3470 2496 3740 2566 Χοάσπης

2082 2584 2173 2639 καῖ
2205 2585 2231 2637 ὁ
2283 2583 2536 2657 Ἀράξης.
2571 2584 2665 2641 Ἐκ
2709 2582 2765 2638 δὲ
2811 2589 2908 2639 τοῦ
2949 2586 3229 2640 Καυκάσου
3281 2582 3439 2662 ὅρους
3470 2587 3498 2640 6
3532 2585 3736 2654 Φάσις,

2084 2671 2247 2728 ἄλλοι
2277 2694 2335 2727 τε
2362 2670 2567 2728 πολλοὶ
2601 2671 2781 2750 ῥέουσι
2807 2671 2955 2729 πολὺ
2977 2677 3113 2739 καθὰ
3134 2674 3346 2745 πλῆθος
3378 2675 3467 2730 καὶ
3505 2674 3739 2750 μέγεθος

2089 2757 2546 2837 ὑπερϐάλλοντες.
2591 2763 2651 2819 Ὀ
2696 2760 2752 2816 δὲ
2797 2763 3076 2829 Καύκασος
3126 2766 3373 2841 μέγιστον
3434 2760 3561 2838 ὅρος
3623 2768 3734 2819 τῶν

2083 2852 2220 2927 πρὸς
2247 2853 2345 2920 τήν
2394 2853 2508 2906 Ἕω
2552 2851 2650 2919 τὴν
2698 2854 2913 2923 θερινὴν
2945 2854 3032 2907 καὶ
3071 2852 3271 2925 πλήθει
3320 2854 3409 2908 καὶ
3458 2851 3604 2926 ὕψει.
3640 2854 3739 2910 Ἐκ

2086 2939 2142 2995 δὲ
2198 2948 2295 3009 τῆς
2357 2940 2591 3017 [Ιυρίνης
2647 2943 2826 3013 (τοῦτο
2880 2939 2936 2997 δέ
2992 2941 3132 2998 ἐστιν
3181 2939 3308 3018 ὅρρς
3351 2943 3485 3017 πρὸς
3520 2942 3737 3014 ουσμήν

2082 3031 2180 3098 τὴν
2215 3029 2562 3106 ἰσημερινήν,
2595 3028 2647 3084 ἐν
2696 3035 2765 3105 τῇ
2817 3029 3083 3106 Κελτικῇ)
3118 3031 3325 3109 ῥέουσιν
3360 3031 3389 3086 ὅ
3418 3053 3477 3086 τε
3519 3035 3740 3107 Ἴστρος

2087 3117 2155 3173 δι’
2214 3118 2349 3189 ὅλης
2408 3119 2501 3188 νῆς
2553 3119 2825 3195 Εὐρώπης
2885 3120 2960 3182 εἷς
3017 3122 3107 3175 τὸν
3167 3118 3410 3191 Εὔξεινον
3472 3120 3681 3175 Πόντον
3718 3163 3732 3177 .

330 3192 821 3284 Itipbaai,maximi
860 3210 1269 3281 altissimique.
1294 3192 1569 3265 lniAfrica
1600 3228 1668 3266 ex
1699 3211 1972 3281 [Ethiopi-

2087 3209 2201 3262 Ὑπ’
2231 3207 2397 3277 αὐτὴν
2432 3206 2489 3262 δὲ
2517 3209 2614 3275 τὴν
2666 3209 2859 3283 ἄρκτον
2913 3209 3046 3284 ὑπὲρ
3094 3213 3191 3275 τῆς
3225 3208 3461 3285 ἐσχάτης
3502 3206 3741 3272 Σκυθίας

330 3300 412 3355 cis
445 3300 740 3354 montibus
773 3299 1042 3353 oriuntur
1075 3299 1232 3353 fluvii
1267 3299 1676 3370 [EgomNeosis
1709 3304 1766 3353 et
1795 3298 1973 3353 Chre-

333 3393 534 3445 metes.
568 3388 734 3442 Nilus
766 3405 831 3442 ex
864 3393 1058 3443 monte
1090 3395 1332 3459 Argyro,
1365 3388 1601 3443 Acheloi
1655 3387 1910 3459 origines
1944 3402 1977 3440 a

332 3478 533 3544 Pindo,
568 3477 893 3548 Strymonis
944 3482 1001 3530 et
1049 3477 1220 3531 Hebri
1280 3493 1313 3532 a
1356 3477 1636 3532 Scombro
1685 3482 1842 3545 sunt,
1875 3475 1975 3547 qui

336 3572 561 3623 montes
593 3570 729 3621 sunt
760 3566 819 3619 in
853 3565 1089 3620 Graecia.

2086 3298 2139 3351 αἱ
2183 3297 2516 3369 καλούμεναι
2564 3296 2772 3352 Ῥίπται
2824 3297 2976 3352 εἰσίν·
3025 3300 3079 3353 αἱ
3134 3295 3191 3353 δὲ
3238 3300 3444 3353 Ῥίπται
3499 3300 3740 3372 ὑπερμε-

2085 3388 2217 3460 γέθη
2277 3386 2364 3440 καὶ
2406 3384 2747 3459 ὑψηλότατα,
2809 3389 2936 3461 Περὶ
2997 3385 3055 3442 δὶ
3109 3389 3207 3456 τὴν
3270 3382 3476 3455 Λιϐύην
3528 3386 3590 3442 lx
3625 3390 3737 3440 τῶν

2086 3476 2419 3531 Αἰθιοπικῶν
2475 3474 2638 3549 ὀρῶν,
2672 3476 2699 3530 6
2731 3475 2934 3549 Αῗγὼν,
2982 3478 3068 3531 καὶ
3119 3479 3147 3531 6
3180 3479 3384 3547 Νήοσις
3423 3476 3511 3531 καὶ
3546 3477 3573 3530 6
3602 3477 3740 3551 Χρε·

2092 3565 2275 3637 μέτης.
2309 3568 2411 3618 Τοῦ
2444 3561 2499 3617 δὶ
2540 3564 2734 3619 Νείλου
2780 3566 2842 3619 τὸ
2893 3564 3067 3641 ῥεῦμα
3096 3565 3155 3619 έκ
3191 3570 3293 3621 τοῦ
3338 3567 3613 3641 Ἀργυροῦ
3644 3566 3745 3620 κά-

332 3677 495 3710 τεισιν
531 3651 711 3730 ὅρους.
749 3653 845 3707 Καὶ
881 3655 908 3707 6
943 3655 1036 3725 μὲν
1063 3652 1345 3731 Ἀχελῷος
1376 3654 1434 3708 ἐκ
1462 3652 1677 3708 Πίνδού.
1710 3655 1736 3708 6
1778 3652 1835 3709 δὲ
1867 3656 2130 3729 Στρυμὼν
2163 3658 2251 3709 καὶ
2285 3656 2312 3709 6
2343 3649 2545 3729 ’Ἑϐρος
2579 3654 2638 3709 ἐκ
2666 3660 2765 3709 τοῦ
2801 3651 3113 3731 Σκόμϐρου.
3148 3658 3288 3732 Ὀρη
3322 3653 3379 3711 δὲ
3407 3659 3575 3710 ταῦτα
3620 3652 3749 3731 περῖ

330 3745 419 3798 τὸν
453 3742 779 3813 Ἑλληνικὸν
810 3744 1000 3811 τόπον,

781 3852 903 3904 140.
931 3856 1008 3907 De
1036 3852 1367 3908 incremento
1398 3852 1527 3908 Nili.

400 3940 568 3995 Nilus
599 3939 884 4012 originem
919 3940 1094 3996 habet
1123 3958 1191 3996 ex
1213 3943 1462 3998 summis
1489 3942 1787 4014 XEtbiopia:
1810 3947 1866 3999 et
1889 3942 1978 3998 ul-
2040 3991 2045 3995 .

331 4030 495 4084 timis
527 4030 732 4084 Africae
769 4028 1051 4099 partibus,
1085 4030 1180 4085 ubi
1206 4030 1381 4085 clima
1410 4031 1698 4087 Orientale
1740 4031 1977 4101 desinit,

331 4118 651 4189 incipitque
688 4117 980 4173 meridies.
1017 4118 1369 4175 Intumescit
1405 4120 1570 4176 Nilus
1601 4120 1796 4176 aestivo
1829 4126 1979 4176 tem-

335 4224 491 4277 pore,
529 4223 640 4261 non
677 4211 740 4261 ut
778 4206 1133 4278 quibusdam
1190 4224 1535 4278 persuasum
1578 4216 1668 4264 est
1717 4210 1871 4281 quod
1905 4208 1977 4265 ab

331 4296 540 4351 Etesiis
572 4301 775 4351 contra
804 4297 1172 4367 spirantibus
1204 4314 1365 4366 aqum
1397 4297 1557 4354 illius
1589 4298 1977 4370 repellantur,

331 4399 463 4438 cum
500 4384 557 4438 hi
589 4384 702 4456 ipsi
731 4385 890 4439 venti
926 4385 1122 4455 potius
1152 4387 1306 4441 circa
1339 4387 1622 4457 tropicum
1650 4386 1916 4441 astivum
1947 4402 1981 4439 a

329 4472 771 4542 septentrionali
806 4479 967 4545 parte
996 4475 1301 4530 meridiem
1333 4493 1534 4531 versus
1561 4493 1766 4531 omnes
1792 4476 1978 4530 nubes

330 4562 680 4616 contrahant
710 4567 767 4617 et
800 4562 1335 4633 propellant,donec
1365 4565 1423 4619 in
1454 4567 1608 4621 Zona
1641 4565 1855 4620 torrida
1877 4581 1977 4619 cu-

337 4649 566 4705 mulatae
597 4667 728 4705 cum
764 4651 1012 4706 ulterius
1044 4653 1311 4724 progredi
1336 4653 1698 4723 inhibentur,
1726 4652 1978 4723 copiosis

2359 3856 2466 3926 ρμ’.
2501 3852 2626 3927 Περὶ
2660 3858 2762 3921 τῆς
2791 3855 2887 3907 τοῦ
2918 3852 3117 3907 Νείλου
3149 3847 3479 3913 ἀναϐάσεως.

2160 3942 2220 3997 Ὀ
2272 3938 2470 4001 Νεῖλος
2526 3941 2621 4003 τὰς
2684 3942 2779 4014 μὶν
2836 3942 3008 4017 ἀρχὰς
3068 3948 3165 4011 τῆς
3224 3941 3451 4017 ῥύσεως,
3513 3940 3574 3994 ἐκ
3632 3944 3742 3995 τῶν

2092 4026 2271 4104 ἄκρων
2305 4030 2398 4102 μὶν
2452 4033 2551 4095 τῆς
2604 4029 2919 4098 Αἲθιοπίας,
2982 4029 3228 4106 ἐσχάτων
3279 4028 3335 4085 δὲ
3383 4032 3479 4098 τῆς
3531 4023 3748 4101 Λιϐύης

2092 4113 2381 4192 λαμϐάνει,
2413 4119 2546 4182 καθὸ
2583 4120 2743 4194 μέρος
2770 4120 2833 4174 τὸ
2864 4118 3040 4193 κλίμα
3076 4119 3137 4174 τὸ
3168 4117 3487 4175 ἀνατολικὸν
3522 4117 3751 4187 ἀπολῆ-

2088 4228 2180 4283 γον
2244 4208 2421 4282 άρχήν
2464 4206 2533 4281 τῇ
2594 4203 2909 4282 μεσημϐρίᾳ
2960 4205 3201 4263 δίδωσιν.
3253 4205 3477 4278 Αὕξεται
3520 4205 3581 4261 δὶ
3610 4207 3751 4261 κατά

2088 4295 2187 4363 τήν
2222 4296 2436 4371 θερινὴν
2471 4296 2636 4367 ὥραν,
2673 4296 2797 4371 ούχ,
2834 4296 2909 4358 ὥς
2955 4317 3098 4358 τινες
3150 4297 3433 4369 ᾠήθησαν,
3464 4296 3604 4369 πρὸς
3634 4299 3746 4350 τῶν

2090 4381 2318 4453 ἐτησίων
2378 4383 2589 4455 ἀνέμων
2653 4381 2871 4458 ἄντικρυ
2931 4384 3196 4438 πνεόντων
3256 4382 3749 4456 ἀνακοπτόμενος,

2090 4469 2215 4527 ἀλλ’
2248 4473 2425 4527 αὐτῶν
2460 4469 2519 4527 δὶ
2562 4474 2768 4527 τούτων
2818 4478 2925 4527 τῶν
2972 4474 3184 4546 ἀνέμων
3234 4473 3371 4527 κατά
3408 4473 3619 4547 τροπὴν
3650 4472 3753 4541 τήν

2090 4562 2305 4635 θερινὴν
2358 4560 2463 4615 ἀπὸ
2502 4566 2610 4616 τῶν
2661 4562 2919 4636 ἀρκτῴων
2974 4560 3059 4615 ἐπὶ
3107 4562 3207 4631 τὴν
3258 4555 3604 4635 μεσημϐρίαν
3638 4562 3748 4615 πὰν

2088 4650 2240 4727 νίφος
2291 4647 2629 4705 ἐλαυνόντων
2673 4652 2757 4705 καὶ
2810 4649 3120 4716 ὠθούντων,
3162 4647 3262 4712 ἕως
3298 4649 3381 4705 ἐπὶ
3416 4651 3513 4719 τήν
3549 4671 3754 4705 κεκαυ-

337 4738 544 4809 pluviis
575 4716 1216 4810 erumpentibusNilus
1270 4746 1463 4815 turget
1512 4716 1973 4813 concitatu-rque,

2094 4740 2260 4812 μένην
2308 4738 2481 4809 ζώνην
2536 4739 2853 4809 συναύξωσι,
2903 4740 3022 4802 καθ’
3069 4741 3129 4808 ἢν
3178 4746 3281 4807 τῆς
3330 4738 3517 4813 πρόσω
3573 4744 3751 4814 φορᾶς

338 4844 442 4897 nec
473 4828 632 4883 alveo
664 4845 769 4883 suo
803 4830 1087 4884 contineri
1122 4849 1183 4887 se
1216 4833 1454 4903 patitur.
1507 4838 1662 4888 Tunc
1713 4831 1985 4887 dulcissi-

341 4932 443 4969 ma
479 4917 544 4970 ad
581 4922 777 4986 potum
815 4922 953 4972 sunt
1004 4918 1115 4973 Nili
1166 4936 1351 4990 aqum,
1396 4925 1595 4990 utpote
1645 4918 1980 4975 coelestibus

338 5004 506 5074 aquis
529 5011 709 5059 auctis
742 5011 797 5060 et
827 5008 1078 5063 maxime
1108 5008 1414 5077 salubres;
1450 5027 1561 5063 non
1599 5008 1853 5079 amplius
1886 5025 1979 5064 ca-

337 5093 463 5147 lidae
497 5095 735 5164 quidem
769 5097 851 5150 uti
883 5096 1071 5166 initio,
1105 5098 1207 5152 sed
1240 5102 1431 5153 tamen
1457 5098 1647 5153 adhuc
1682 5104 1744 5153 ut
1774 5098 1847 5152 ab
1879 5096 1982 5152 tali

340 5182 527 5250 initio,
563 5185 791 5255 tepidae.

2092 4829 2501 4897 ἀνακόπτονται,
2550 4828 2639 4882 καὶ
2692 4828 2813 4883 τότε
2869 4824 3088 4904 λάϐρων
3148 4829 3312 4883 ὑετῶν
3363 4828 3752 4904 ῥηγνυμένων,

2094 4918 2316 4991 όργᾶται
2380 4918 2406 4971 ὑ
2466 4916 2664 4980 Νεῖλος
2722 4917 2810 4973 καὶ
2868 4917 3118 4990 ποταμὸς
3154 4918 3284 4972 εἶναι
3336 4919 3438 4972 οὐκ
3470 4918 3751 4992 ἀνέχεται.

2093 5007 2185 5059 Διὸ
2234 5011 2375 5060 πιεῖν
2421 5008 2479 5060 τέ
2529 5006 2637 5060 ἐστι
2685 5005 3047 5081 γλυκύτατος,
3105 5008 3194 5062 ἅτε
3227 5006 3277 5077 ἐξ
3327 5002 3552 5081 ὄμϐρων
3586 5006 3749 5082 ούραο

2090 5095 2216 5149 νίων
2271 5095 2711 5171 χορηγούμενος,
2757 5096 2848 5150 καὶ
2906 5097 3077 5171 θιγεῖν
3137 5096 3596 5171 προσηνέστατος,
3652 5095 3756 5150 οὐκ

2093 5181 2167 5238 ἔτι
2228 5190 2320 5258 μὲν
2381 5186 2578 5259 θερμὸς
2633 5186 2707 5250 ὡς
2756 5181 2874 5240 ὅθεν
2926 5183 3149 5261 ἤρξατο,
3186 5181 3263 5240 ἔτι
3315 5182 3373 5239 δὲ
3402 5182 3643 5260 χλιαρὸς
3677 5186 3754 5248 ὡς

2092 5272 2293 5339 έκεῖθεν
2321 5274 2639 5351 ἀρξάμενος.

1909 5425 2149 5490 NOTAE.

415 5544 533 5628 (ut
559 5546 859 5604 Abnobam
894 5548 1140 5609 dixisset
1169 5567 1299 5609 cum
1334 5550 1559 5625 Tacito,
1592 5551 1823 5624 Avieno,
1878 5549 2067 5611 Plinio
2116 5555 2173 5610 et
2221 5552 2374 5610 aliis.
2419 5553 2525 5611 Sed
2578 5554 2808 5613 videtur
2847 5554 2939 5613 hic
2987 5554 3047 5613 in
3077 5557 3273 5613 Greco
3322 5552 3542 5628 aliquid
3596 5552 3755 5611 desi.

344 5616 555 5674 derari.
