4032 6202
221 304 315 363 113
1362 256 1461 360 na
1506 299 1943 364 OMNIFARIA
1987 300 2409 362 DOCTRINA.

3477 315 3598 373 774

221 433 340 511 ρμα’.
391 427 484 487 Διὰ
515 429 568 486 τί
628 428 794 504 μόνος
843 433 1113 511 ποταμῶν
1175 430 1202 484 δ
1253 430 1449 494 Νεῖλος
1509 429 1674 509 αὔρας
1733 431 1832 487 οὐκ

1983 433 2101 488 141.
2139 433 2323 501 Quare
2351 433 2499 490 solus
2527 450 2559 490 e
2585 437 2771 506 ﬂuviis
2800 437 2958 494 Nilus
2985 455 3152 497 auras
3179 458 3287 499 non
3319 448 3551 504 emittat.

831 501 1177 559 ἀναδίδωσιν.

273 611 438 675 Μόνος
491 613 756 684 ποταμῶν
813 612 842 665 6
899 610 1103 672 Νεῖλος
1160 609 1325 687 αὔρας
1380 609 1478 665 ούκ
1515 608 1828 678 ἀναδίδωσι,

2011 610 2184 666 Solus
2210 626 2238 665 e
2270 611 2463 667 ﬂuviis
2494 612 2663 668 Nilus
2694 631 2868 670 auras
2902 633 3016 672 non
3049 617 3286 688 emittit,
3312 623 3587 694 quoniam

217 701 333 757 διότι
362 705 464 756 τῶν
517 704 690 775 νεφῶν
747 701 849 754 ἀπὸ
898 707 999 770 τῆς
1049 699 1340 764 Αῗθιοπίας
1393 702 1538 775 ποιρᾶ
1566 705 1673 754 τῶν
1708 699 1832 771 έτη-

217 791 321 846 σίων
372 789 579 862 ἀνέμων
641 787 772 865 ἄχρι
839 784 1181 865 μεσημϐρίαν
1245 787 1642 863 ἐλαυνομένων,
1675 792 1709 858 ἡ
1743 788 1834 862 ἰμ-

216 879 552 956 περιεχομένη
594 877 793 934 τούτου
842 877 1005 950 ἀτμὶς
1056 879 1159 933 ὑπὸ
1207 883 1307 934 τοῦ
1355 879 1489 933 κατᾶ
1524 879 1614 933 τὸν
1665 879 1830 932 τόπον

217 967 490 1040 πυρώδους,
580 969 759 1022 ἅπασα
833 967 1214 1041 έξικμάζεται,
1300 968 1582 1022 κάντεῦθεν
1680 967 1834 1022 ὑετοῦ

216 1056 402 1112 πολλοῦ
457 1055 905 1134 καταφερομένου
964 1057 991 1110 ὁ
1045 1055 1245 1117 Νεῖλος
1293 1063 1392 1126 τῆς
1424 1057 1628 1117 οῗκείας
1660 1051 1835 1130 ὄχθης

218 1144 591 1220 ἐξανιστάμενος
676 1150 908 1222 γεωργεῖ
984 1146 1079 1208 τὰς
1156 1145 1410 1221 ἀρούρας,
1467 1145 1556 1200 καὶ
1613 1145 1837 1209 εἰκότως

217 1234 355 1309 αὔρας
408 1235 506 1290 οὐκ
563 1231 900 1304 ἀναδίδοται,
928 1241 1028 1305 τῆς
1058 1232 1286 1309 ἀτμίδος
1315 1237 1490 1306 πάσης
1522 1234 1834 1306 έκτακείσης

218 1322 288 1378 δια
340 1323 667 1400 θερμότητα.
733 1321 872 1382 Οὐδὲ
927 1325 994 1393 ἦν
1051 1325 1079 1378 6
1129 1323 1324 1386 Νεῖλος
1383 1324 1675 1398 αὐξόμενος
1730 1324 1835 1379 ἀπὸ

216 1413 378 1489 χιόνος
433 1413 767 1485 τηκομένης,
829 1413 903 1476 ὥς
929 1434 1067 1474 τινες
1096 1418 1202 1468 τῶν
1233 1418 1470 1491 φυσικῶν
1518 1415 1834 1492 φιλοσόφων

216 1503 462 1573 ᾠήθησαν.
493 1502 651 1558 ’Ὁθεν
683 1498 798 1556 οὐδ’
852 1496 962 1556 ἔστι
1023 1501 1170 1557 αἰτία
1224 1501 1563 1578 ἀληθεστέρα
1591 1510 1690 1572 τῆς
1739 1506 1837 1557 τοῦ

215 1595 436 1663 ποταμοῦ
487 1585 832 1658 ἀναϐάσεως,
891 1590 981 1646 καὶ
1037 1595 1134 1646 τοῦ
1196 1593 1271 1664 μὴ
1331 1591 1498 1667 αὔρας
1555 1590 1604 1665 ἐξ
1669 1591 1836 1647 αὐτοῦ

218 1676 549 1743 ἀναδίδοσθαι.

465 1769 612 1843 ρμβ’.
650 1769 776 1840 Περὶ
808 1773 914 1823 τῶν
948 1768 1216 1844 μεγίστων
1255 1769 1567 1845 βασιλειῶν.
1713 1859 1725 1870 ·
1869 1805 1916 1870 Β

283 1856 462 1931 Πρώτη
527 1862 636 1912 τῶν
689 1855 1139 1931 διωνομασμένων
1179 1857 1471 1934 βασιλειῶν
1505 1861 1539 1928 ἡ
1571 1862 1678 1914 τῶν
1713 1859 1839 1914 Ἀσ-

229 1945 417 2021 συρίων,
470 1948 584 2020 μεθ’
641 1949 703 2015 ἣν
762 1947 796 2016 ἠ
858 1945 1099 2018 Μηδικὴ,
1155 1947 1364 2019 ἐκείνην
1421 1969 1479 2002 τε
1532 1946 1840 2003 καθελοῦσα

225 2036 298 2090 καὶ
352 2036 561 2108 μείζονα
619 2034 930 2091 δυναστείαν
989 2032 1477 2114 περιϐαλλομένη.
1531 2039 1727 2113 Πέρσαι
1782 2035 1840 2093 δὲ

228 2123 419 2195 Μήδους
471 2127 1023 2200 καταγωνισάμενοι,
1080 2133 1179 2195 τῆς
1244 2127 1336 2199 μὲν
1401 2126 1582 2189 Ἀσίας
1645 2126 1838 2202 ὀλίγου

222 2211 310 2268 δεῖν
362 2215 532 2285 πάσης
579 2215 938 2280 τελευτῶντες
989 2214 1284 2290 ἐκράτησαν
1322 2233 1336 2247 ·
1390 2216 1836 2292 ἐπιχειρήσαντες

227 2300 271 2357 δέ
293 2303 370 2358 καὶ
396 2309 506 2366 τοῖς
540 2304 885 2380 Εὐρωπαίοις
916 2300 1117 2360 ἔθνεσιν
1161 2304 1223 2360 οὐ
1252 2302 1439 2360 πολλά
1470 2306 1833 2382 ὑπηγάγοντο.

226 2393 389 2467 Χρόνῳ
417 2390 472 2448 δὲ
526 2392 588 2447 οὐ
650 2391 849 2466 πολλῷ
889 2392 1106 2449 πλείονι
1139 2391 1426 2449 διακοσίων
1453 2393 1586 2450 ἐτῶν
1620 2393 1834 2469 ἔμειναν

226 2480 293 2534 ἐπὶ
342 2489 433 2550 τῆς
492 2483 715 2557 ἀρχῆς.
773 2484 835 2540 Ἡ
896 2481 952 2537 δὲ
1013 2481 1339 2556 μακεδονική
1401 2481 1680 2540 δυναστεία
1734 2484 1834 2555 τῆν

221 2575 402 2643 Περσῶν
462 2573 640 2647 ἀρχὴν
697 2569 1001 2628 καθελοῦσα
1064 2571 1196 2648 ἄχρι
1254 2571 1501 2648 δευτέρας
1557 2575 1592 2644 ἢ
1645 2574 1834 2648 τρίτης

223 2659 382 2736 ἴσχυσε
435 2661 720 2736 προελθεῖν
780 2667 997 2738 γενεΞς.
1079 2665 1141 2719 Ἡ
1215 2660 1272 2717 δέ
1329 2663 1612 2735 Ῥωμαίων
1671 2662 1837 2728 πόλις

221 2751 397 2822 ἀπάσης
449 2752 541 2826 μὶν
594 2754 758 2829 ἀρχεῖ
813 2760 956 2828 γῆς,
1015 2752 1116 2823 ὅση
1180 2755 1255 2827 μή
1312 2750 1614 2827 ἀνέμϐατός
1670 2755 1834 2829 ἐστιν,

222 2838 322 2894 ἀλλ’
371 2842 469 2897 ὑπὸ
526 2842 828 2916 ἀνθρώπων
890 2843 1138 2900 οἰκεῖται.
1201 2842 1383 2914 Πάσης
1444 2840 1501 2897 δὲ
1529 2850 1716 2920 κρατεῖ
1743 2846 1834 2899 θα-

223 2927 412 3004 λάττης,
450 2932 539 2986 καὶ
572 2933 744 3001 αὐτῆς
773 2938 874 3002 τῆς
907 2929 1275 3007 ὠκεανίτιδος,
1321 2934 1410 2988 καὶ
1443 2935 1542 3006 ὅση
1582 2933 1838 2992 πλεῖσθαι

218 3015 464 3089 ἀδύνατος,

1940 698 1999 753 in
2035 698 2292 755 nubibus
2320 701 2393 756 ab
2425 701 2711 774 [Ethiopia
2764 721 2950 776 usque
2999 723 3102 778 per
3148 709 3359 766 etesias
3412 713 3592 767 meri-

1943 787 2098 843 diem
2132 805 2336 844 versus
2367 791 2668 863 propulsis
2708 811 2955 866 vapores
2986 813 3190 853 omnes
3219 816 3252 855 a
3301 801 3593 858 caloribus

1943 875 2102 931 illius
2134 877 2242 931 loci
2273 879 2731 949 abusumuntur,
2755 888 2929 954 atque
2959 885 3165 942 exinde
3197 887 3409 958 pluviis
3442 889 3592 945 mul-

1944 963 2019 1019 tis
2067 966 2414 1022 eadentibus
2471 968 2637 1024 Nilus
2695 972 2853 1043 ripas
2912 990 3050 1029 suas
3099 992 3370 1048 egressus
3421 996 3593 1051 agros

1945 1053 2240 1122 fecundat,
2273 1072 2377 1110 nec
2407 1057 2623 1112 mirum
2657 1068 2746 1114 est
2774 1063 2922 1131 quod
2974 1080 3145 1119 auras
3194 1067 3408 1122 emittit
3458 1069 3594 1124 nul-

1943 1141 2051 1212 las,
2084 1144 2399 1216 vaporibus
2433 1146 2708 1202 omnibus
2741 1167 2770 1203 a
2805 1149 2995 1206 calore
3025 1152 3147 1222 jam
3199 1159 3589 1230 consumptis.

1944 1231 2141 1303 Neque
2175 1249 2328 1303 vero,
2364 1236 2516 1305 quod
2554 1235 2920 1309 philosophis
2953 1242 3310 1312 quibusdam
3349 1263 3595 1316 persua-

1946 1338 2078 1377 sum
2111 1327 2220 1392 est,
2267 1340 2299 1377 ει
2349 1323 2582 1379 nivibus
2631 1325 2963 1397 liquefactis
3009 1336 3256 1402 augetur
3301 1340 3357 1389 et
3406 1341 3588 1392 incre-

1948 1415 2210 1466 mentum
2244 1412 2401 1483 capit
2429 1412 2613 1483 Nilus,
2644 1415 2854 1486 {neque
2903 1417 3088 1473 verior
3134 1420 3234 1475 illa
3280 1405 3458 1478 causa
3503 1429 3592 1480 est

1946 1517 2221 1556 aurarum
2254 1500 2549 1557 nullarum
2584 1520 2616 1557 a
2647 1503 2775 1560 Nilo
2806 1507 2992 1562 emitti
3028 1508 3353 1584 solitarum,
3384 1516 3586 1584 :quam

1944 1588 2314 1645 incrementi.

2396 1773 2513 1828 142.
2548 1774 2620 1830 De
2649 1775 2831 1846 regnis
2861 1779 3144 1836 maximis.

2022 1858 2277 1915 Primum
2338 1861 2649 1918 celebrium
2713 1883 3024 1937 regnorum
3099 1870 3206 1924 fuit
3263 1873 3590 1948 Assyrium,

1949 1949 2086 2004 inde
2111 1950 2391 2004 Medicum
2428 1953 2580 2023 quod
2615 1955 2888 2024 superius
2913 1955 3058 2010 illud
3085 1959 3372 2024 evertit,et
3404 1964 3594 2036 majus

1948 2037 2260 2109 imperium
2295 2041 2405 2093 sibi
2441 2043 2815 2112 comparavii.
2855 2044 3036 2100 Persm
3069 2047 3203 2102 inde
3243 2049 3442 2107 Medos
3493 2054 3594 2108 de-

1950 2127 2262 2197 bellarunt,
2289 2134 2345 2182 et
2403 2129 2540 2185 Asia
2593 2136 3019 2204 propemodum
3079 2141 3200 2191 tota
3251 2139 3590 2212 subjugata,

1948 2217 2136 2271 conati
2171 2222 2309 2272 sunt
2341 2219 2650 2290 Europa’as
2683 2221 2856 2277 etiam
2910 2224 3177 2280 nationes
3228 2243 3592 2301 Oppugnare,

1947 2323 2163 2378 paucas
2193 2311 2385 2362 tamen
2421 2309 2803 2381 subegerunt,
2835 2312 3347 2387 principatumque
3387 2321 3592 2374 tenue-

1946 2401 2081 2450 runt
2113 2412 2222 2450 non
2258 2396 2442 2451 multo
2478 2399 2695 2468 majore
2746 2416 2921 2472 quam
2972 2403 3357 2459 ducentorum
3407 2422 3590 2464 anno-

1946 2500 2076 2538 rum
2114 2485 2324 2556 spatio.
2360 2486 2741 2542 Macedonum
2777 2489 3088 2561 imperium
3124 2493 3326 2548 Persas
3375 2497 3592 2565 princi-

1947 2578 2082 2646 patu
2119 2574 2348 2645 dejecit,
2383 2579 2438 2629 et
2469 2577 2537 2631 ad
2574 2578 2891 2633 secundam
2920 2581 3007 2634 vel
3039 2582 3271 2635 tertiam
3314 2582 3406 2638 vix
3456 2601 3591 2656 pro-

1943 2664 2184 2718 ductum
2215 2668 2304 2718 est
2335 2665 2788 2733 generationem.
2823 2666 2974 2722 Urbs
3006 2668 3188 2723 Roma
3217 2671 3371 2726 omni
3407 2677 3590 2740 terrae,

1946 2769 2062 2823 qua
2099 2770 2207 2808 non
2242 2754 2509 2809 inacessa
2541 2760 2648 2821 est,
2682 2762 2738 2811 et
2787 2756 2858 2810 ab
2907 2756 3248 2814 hominibus
3296 2759 3593 2833 incolitur,

1946 2843 2220 2914 imperat,
2255 2847 2310 2898 et
2341 2843 2445 2898 toti
2479 2843 2626 2899 mari
2659 2849 2830 2916 atque
2863 2860 3102 2914 oceano,
3135 2847 3307 2903 etiam
3345 2865 3460 2921 qua
3492 2868 3593 2906 na-

1944 2931 2218 3002 vigabilis
2245 2948 2373 2988 esse
2401 2933 2633 2988 desinit.

2484 3113 2605 3166 143.
2639 3113 2713 3166 De
2745 3114 3060 3184 saporibus.

2029 3202 2106 3256 Ε(
2143 3219 2417 3273 saporum
2453 3201 2629 3256 variis
2661 3203 2974 3273 generibus
3022 3203 3213 3259 solum
3265 3206 3486 3263 salsum
3536 3209 3596 3263 in

1949 3295 2109 3353 nullo
2153 3295 2340 3349 [ructu
2394 3290 2657 3362 generari
2708 3290 3112 3358 observamus,
3145 3311 3413 3351 amarum
3439 3297 3597 3353 enim

1948 3387 2099 3444 oliva
2145 3384 2273 3451 fert,
2326 3379 2750 3450 astringentem
2808 3379 2975 3452 glans
3025 3384 3415 3453 unguentaria
3461 3384 3597 3455 (l2),

1949 3475 2224 3532 acerbum
2269 3468 2487 3526 malum
2539 3468 2842 3540 punicum,
2891 3469 3122 3525 dulcem
3176 3471 3306 3538 mel,
3362 3472 3596 3528 acidum

1950 3582 2123 3638 poma
2158 3563 2446 3634 quaedam,
2482 3557 2902 3614 mordicantem
2938 3559 3124 3615 multa
3154 3561 3401 3632 semina,
3444 3561 3598 3616 mul-

1949 3651 2408 3726 taaque'radices.
2442 3648 2647 3704 Salsus
2680 3665 2809 3703 vero
2841 3648 3054 3704 humor
3084 3649 3139 3704 in
3175 3649 3334 3705 nullo
3381 3650 3597 3722 reperi-

1948 3749 2067 3800 tur.
2101 3745 2287 3810 Quare
2324 3745 2379 3795 et
2400 3756 2554 3810 aqua
2588 3738 2815 3792 marina
2847 3739 3079 3810 quando
3130 3739 3388 3810 plantam
3440 3739 3602 3797 subit

1952 3834 2191 3905 alitque,
2226 3829 2576 3886 salsedinem
2610 3827 2895 3898 relinquit
2921 3845 3046 3898 qua:
3078 3832 3274 3883 terrea:
3305 3833 3361 3884 et
3390 3846 3600 3885 crassas

1952 3928 2170 3977 naturas
2203 3924 2312 3988 est,
2345 3922 2400 3974 et
2448 3917 2506 3972 in
2557 3915 2819 3987 qualibet
2867 3917 3068 3987 planta
3115 3933 3280 3989 aquae
3332 3917 3497 3973 salsae
3545 3921 3604 3974 et

1952 4010 2189 4066 marinae
2225 4014 2493 4063 naturam
2531 4009 2779 4072 mutant,
2798 4005 3270 4077 salsedinemque
3300 4008 3604 4078 deponunt

1951 4106 2004 4155 et
2038 4098 2209 4154 aliam
2243 4095 2500 4152 indolem
2534 4094 2807 4149 induunt.
2843 4095 3140 4160 Quatenus
3185 4096 3340 4150 enim
3379 4095 3603 4151 salsum

1951 4187 2164 4244 crassis
2213 4186 2377 4241 valde
2427 4187 2658 4240 constat
2711 4182 3040 4254 particulis,
3097 4201 3211 4239 non
3263 4189 3456 4257 potest
3503 4201 3606 4256 per

1950 4278 2174 4333 radices
2206 4276 2265 4330 in
2297 4291 2490 4330 ramos
2539 4271 2745 4343 attolli,
2781 4272 2893 4326 nisi
2942 4272 3298 4329 salsedinem
3350 4274 3602 4344 gravita-

1952 4373 2185 4438 temque
2217 4363 2479 4435 abjiciat.

718 3112 867 3186 ρμγ’.
910 3111 1042 3188 Περὶ
1084 3116 1298 3188 χυμῶν.

270 3200 345 3255 Ἐν
398 3205 477 3274 τῷ
530 3199 677 3277 γένει
737 3198 906 3257 ὄντων
966 3207 1074 3257 τῶν
1139 3207 1328 3277 κυμῶν
1381 3201 1469 3258 ἕνα
1521 3204 1685 3279 μόνον
1748 3207 1838 3261 τὸν
1868 3179 1911 3245 C

215 3285 426 3364 ἁλμυρὸν
477 3287 564 3343 ἐπ’
606 3288 821 3351 οὐδενὸς
871 3294 1081 3365 καρποῦ
1133 3292 1346 3366 ὁρῶμεν
1380 3294 1691 3368 γινόμενον’
1742 3295 1836 3351 τὸν

216 3375 293 3447 μὶν
357 3378 457 3451 γὰρ
530 3379 722 3454 πικρὸν
798 3379 978 3454 χυμὸν
1042 3381 1078 3449 ἡ
1154 3378 1312 3435 έλαία
1369 3381 1538 3459 φέρει,
1599 3384 1689 3438 καὶ
1746 3385 1837 3439 τὸν

215 3468 441 3543 στρυφνὸν
491 3468 546 3522 αἱ
603 3463 1049 3546 φοινικοϐοἱλανοι
1080 3515 1096 3540 ,
1158 3469 1248 3524 καὶ
1309 3470 1402 3526 τὸν
1458 3471 1724 3549 αὐστηρὸν
1785 3475 1838 3528 αἱ

220 3551 342 3626 ῥοαὶ,
392 3555 477 3610 καὶ
533 3557 625 3611 τὸν
681 3556 882 3632 γλυκὺν
935 3557 997 3612 τὸ
1027 3557 1177 3630 μέλι,
1210 3560 1297 3613 καὶ
1328 3561 1419 3614 τὸν
1447 3559 1569 3631 ὀξὺν
1592 3567 1698 3616 τῶν
1732 3564 1838 3635 μή·

220 3639 316 3696 λωδ
367 3643 511 3712 ἔνια,
563 3647 654 3700 καὶ
710 3648 802 3701 τὸν
861 3645 1056 3723 δριμὺν
1108 3646 1294 3703 πολλὰ
1347 3654 1451 3703 τῶν
1513 3653 1837 3726 σπερμάτων

221 3732 294 3785 καὶ
333 3738 433 3787 τῶν
484 3733 670 3808 ῥιζῶν
733 3736 760 3789 ὁ
820 3733 876 3790 δὲ
909 3735 1154 3809 ἁλμυρὸς
1183 3738 1363 3813 χυμὸς
1394 3737 1483 3792 ἀπ’
1512 3736 1731 3804 οὐδενός
1759 3741 1842 3816 γίο

223 3840 363 3878 νεῖαι.
423 3823 567 3877 Διότι
626 3826 662 3894 ἡ
721 3823 958 3888 θάλασσα
1027 3822 1363 3898 διηθουμένη
1421 3825 1510 3882 διὰ
1563 3834 1732 3903 φυτοῦ
1776 3830 1840 3886 τὸ

225 3905 437 3984 ἁλμυρὸν
493 3908 823 3969 ἀποϐάλλει·
882 3911 1082 3990 γεῶδες
1106 3915 1206 3991 γὰρ
1237 3916 1326 3970 καὶ
1361 3919 1676 3994 παχυμερὲς
1705 3918 1840 3991 ἐστι,

226 3996 296 4050 καὶ
319 3995 363 4052 ἐν
394 4001 593 4075 ἑκάστῳ
621 4007 730 4058 τῶν
763 4007 940 4070 φυτῶν
969 4004 1032 4058 τὸ
1063 4001 1310 4082 ἁλμυρὸν
1343 4003 1488 4084 ὕδωρ
1520 4009 1608 4062 καὶ
1642 4008 1840 4072 θαλάτ-

226 4105 319 4141 τιον
362 4087 775 4163 ἀλλοιούμενον,
821 4093 923 4161 την
981 4093 1075 4166 μὲν
1119 4091 1475 4170 ἆλμυρότητα
1507 4097 1838 4168 ἀποτίθεται,

225 4174 374 4251 ἑτέραν
461 4177 515 4234 δὲ
609 4175 1016 4253 μεταλαμϐάνει
1112 4183 1400 4254 ποιότητα.
1503 4191 1633 4240 ’Ἀτε
1735 4189 1838 4266 γὰρ

228 4267 500 4341 παχύτατον
531 4270 588 4324 ’ὀν
615 4271 679 4325 τὸ
712 4268 956 4346 ἁλμυρὸν
991 4273 1056 4326 οὐ
1103 4270 1320 4328 δύναται
1361 4274 1466 4330 ἀπὸ
1514 4280 1620 4331 τῶν
1677 4276 1842 4354 ῥιζῶν

231 4352 293 4416 εἷς
317 4356 427 4420 τοὺς
454 4357 690 4423 κλάδους
725 4360 1162 4434 μετεωρίζεσθαι,
1195 4363 1240 4417 εἰ
1274 4365 1349 4438 μὴ
1383 4364 1474 4419 σῦν
1506 4369 1574 4441 τῇ
1594 4352 1839 4445 ἁλμυρό-

231 4463 332 4512 τητι
357 4445 601 4525 ἀποϐαλῇ
631 4449 724 4505 καὶ
754 4451 852 4520 τήν
891 4451 1188 4527 βαρύτητα.

235 4548 350 4622 ρμὸϊ
414 4556 558 4610 Διατί
633 4551 1087 4637 παραϐἁλλρυσιν
1163 4557 1299 4624 ἅλας
1373 4562 1424 4616 οἱ
1485 4568 1674 4637 νομεῖς
1731 4547 1923 4628 τοῖςῘ)

860 4630 1187 4704 θρέμμασιν.

288 4708 529 4782 Διότιτὴν
574 4710 754 4788 ὄρεξιν
785 4717 818 4783 ἡ
855 4712 1126 4791 δριμύτης
1185 4716 1514 4790 ἐκκαλεῖται,
1573 4721 1662 4777 καὶ
1721 4721 1850 4786 τοὺς

2055 4561 2172 4617 144.
2210 4564 2396 4631 Quare
2425 4561 2672 4628 pastores
2690 4557 2982 4628 pecoribus
3011 4556 3182 4611 salem
3209 4558 3518 4629 praebeant.

2031 4721 2314 4786 Quoniam
2348 4735 2480 4774 acor
2512 4715 2835 4789 appetitum
2869 4717 3104 4784 excitat,
3135 4733 3431 4790 purosque
3474 4736 3611 4790 ape-

233 4793 402 4870 πόρους
477 4802 894 4876 ἀναστομοῦσα,
977 4803 1084 4860 ὧδε
1159 4813 1308 4862 ποιεῖ
1353 4813 1420 4882 τῇ
1475 4815 1651 4889 τροφῇ
1711 4811 1848 4888 πρὸς

231 4880 463 4946 ἀνάδοσιν.
517 4892 586 4949 Ἠ
643 4890 861 4966 μᾶλλον
916 4895 1118 4971 ὑγιείας
1169 4893 1324 4952 ἓνεκα
1375 4898 1467 4954 τάν
1502 4899 1608 4955 ἅλα
1639 4899 1849 4956 διδόασι

228 4980 322 5064 τοῖς
369 4979 696 5054 βοσκήμασι.
758 4987 920 5037 Νοσεῖ
959 4983 1060 5058 γὰρ
1088 4985 1156 5040 τὰ
1185 4987 1472 5063 θρέμματα
1503 4992 1848 5064 πιαινόμενα,

228 5063 306 5131 τὴι
337 5063 386 5121 δὲ
412 5070 650 5142 πιμελὴν
697 5073 956 5142 τήκουσιν
1008 5073 1064 5126 οἱ
1115 5074 1240 5137 ἅλες
1271 5077 1359 5131 καὶ
1414 5075 1761 5154 διαχέουσιν·
1812 5083 1848 5151 ἡ

227 5151 310 5240 γὰρ
334 5156 582 5214 κολλῶσα
611 5161 702 5215 καὶ
737 5158 1030 5216 συνδέουσα
1081 5161 1142 5218 τὰ
1176 5161 1351 5240 δέρμα
1379 5151 1616 5240 πιμελὴ,
1673 5169 1847 5240 λεπτή

225 5239 298 5331 καὶ
332 5242 542 5316 ἀσθενὴς
607 5250 712 5304 ὑπὸ
775 5246 1112 5324 δριμύτητος
1158 5239 1387 5327 γίνεται,
1445 5239 1536 5311 καὶ
1593 5259 1656 5312 τὸ
1715 5239 1852 5331 αἷμα

229 5321 277 5380 δὲ
321 5335 418 5388 τῶν
454 5336 517 5390 τὸ
574 5335 710 5400 ἅλας
739 5321 1182 5413 διαλαχόντων,
1237 5321 1576 5403 λεπτύνεται.
1633 5346 1731 5401 Καὶ
1779 5321 1854 5403 ¹τὰ

1961 4811 2215 4882 rit,quod
2252 4810 2390 4864 facit
2422 4807 2490 4863 ad
2527 4805 2824 4861 meliorem
2861 4806 3378 4875 digestionem.Vel
3413 4808 3609 4878 potius

1960 4899 2318 4956 valetudinis
2350 4914 2528 4952 causa
2559 4897 2700 4950 dant
2725 4895 2905 4949 salem
2942 4895 3271 4966 pecoribus,
3307 4913 3433 4968 quae
3484 4897 3611 4970 pin-

1962 4990 2212 5062 guedine
2243 4988 2595 5059 quandoque
2625 4983 3003 5052 laborant,sal
3037 4987 3233 5040 autem
3267 4987 3525 5042 absumit
3553 4991 3610 5043 et

1962 5079 2190 5152 digerit.
2227 5075 2522 5148 Pinguedo
2553 5073 2707 5129 enim
2742 5090 2870 5144 qua
2921 5073 3127 5144 pellem
3178 5077 3610 5147 constipaverat

1963 5174 2019 5225 et
2049 5169 2392 5233 adduxerat,
2427 5166 2496 5220 ab
2528 5179 2692 5218 acore
2726 5161 2824 5217 illo
2855 5167 3153 5232 tenuatur,
3196 5172 3250 5218 et
3298 5164 3608 5232 minuitur,

1963 5264 2018 5316 et
2049 5259 2292 5330 sanguis
2323 5255 2612 5329 pecudum
2647 5251 2828 5308 salem
2857 5252 3114 5308 lambere
3134 5253 3440 5323 jussarum
3480 5255 3611 5311 red-

1964 5349 2125 5404 ditur
2154 5346 2445 5404 subtilior.
2479 5343 2667 5400 Etiam
2701 5342 2772 5398 ad
2806 5342 3208 5414 generandum
3253 5342 3508 5416 aptiores
3556 5349 3614 5403 et

1787 5473 2020 5531 NOTIE.

293 5562 392 5652 (A12)
423 5567 981 5652 Phoenicobalanum
1002 5577 1184 5633 Graeci
1230 5580 1583 5652 recentiores
1619 5585 1846 5652 ponunt

237 5647 324 5705 pro
353 5643 742 5715 myrobalano,
803 5646 897 5702 cui
955 5648 1180 5706 fructus
1239 5649 1468 5729 στυφοὺς
1524 5643 1646 5710 sive
1693 5671 1844 5731 στρυ-

1997 5580 2092 5643 οὺς
2123 5598 2250 5638 esse
2282 5582 2532 5637 testatur
2561 5573 2903 5648 Aristoteles
2935 5573 3089 5648 li_b.x,
3111 5575 3189 5632 De
3219 5575 3610 5648 plantis.Vido

1987 5671 2039 5712 ο.
2073 5655 2344 5712 Βοᾶωυω
2375 5669 2408 5708 a
2436 5648 2632 5724 Stapel
2664 5647 2736 5704 ad
2768 5645 3238 5718 Theophrastum
3271 5666 3327 5722 p.
3360 5648 3450 5704 97.
