4032 6202
346 325 466 386 775

1680 310 2105 376 MICHAELIS
2151 309 2423 372 PSELLI

3635 312 3773 372 776

348 472 702 529 congressus
734 450 1167 526 appetentiores
1198 449 1404 506 exinde
1436 447 1587 502 ﬁunt
1616 446 1883 518 pecudes,
1906 444 1986 498 uti

2112 443 2435 517 βοσκήματα
2464 438 2520 496 δὲ
2550 442 2899 517 γονιμώτερα
2925 442 3015 496 καὶ
3046 442 3303 517 πρόθυμα
3333 442 3468 519 πρὸς
3515 444 3614 505 τὰς
3663 465 3771 498 συ-

348 563 522 603 canes
573 544 927 601 salsamento
977 546 1177 596 vorato
1217 540 1465 595 libenter
1508 537 1992 608 imprmgnantur.

346 639 455 694 Sed
484 641 540 693 et
569 640 741 708 poeta
772 633 1034 689 divinum
1090 631 1275 687 salem
1309 626 1563 701 appellat
1593 642 1727 683 cum
1758 626 1838 683 ait
1872 642 1885 681 :

722 832 1067 903 Aspersitque
1092 826 1269 883 salem
1296 826 1614 882 divinum...

351 923 617 980 Divinam
644 921 798 975 enim
826 919 1097 973 virtutem
1128 916 1372 973 sortitus
1402 922 1511 984 est,
1530 915 1685 987 quod
1715 915 1998 969 cadavera

354 1016 716 1067 mortuorum
749 1026 780 1064 a
812 1007 1142 1080 putredine,
1178 1022 1354 1077 quam
1390 1020 1649 1075 passura:
1680 1002 1994 1068 erant,im-

352 1102 554 1156 qunia
574 1102 898 1154 conservat.

354 1210 471 1264 145.
533 1210 709 1277 Quare
762 1209 997 1278 polypus
1064 1208 1241 1260 mutat
1278 1204 1556 1278 colorem,
1612 1206 1776 1274 prout
1844 1203 1995 1257 saxis

1017 1276 1327 1332 act/laeserit.

420 1368 659 1424 Constat
689 1367 797 1423 hoc
828 1366 1041 1421 animal
1070 1367 1122 1421 si
1151 1364 1461 1436 strepitum
1494 1363 1751 1435 aliquem
1792 1379 1995 1418 sense-

353 1458 451 1528 rit,
484 1462 584 1513 aut
617 1457 731 1529 peli
762 1474 824 1511 se
871 1456 1204 1525 conjecerit,
1251 1454 1466 1509 mutari
1517 1471 1629 1525 pra:
1677 1452 1889 1508 timore
1940 1457 1995 1507 et

349 1547 600 1603 colorem
631 1546 813 1602 alium
848 1546 1109 1600 induere.
1139 1542 1445 1599 Assimilat
1475 1548 1671 1597 autem
1725 1559 1786 1598 se
1834 1558 1995 1598 saxo-

349 1652 479 1692 rum
511 1635 825 1704 coloribus,
850 1634 1067 1705 quibus
1094 1633 1368 1687 adhaeret.
1401 1630 1691 1685 Nimirum
1715 1631 1785 1686 ab
1809 1630 1993 1685 omni-

349 1727 459 1780 bus
513 1725 857 1797 corporibus
908 1730 970 1779 ut
1018 1738 1150 1792 aere,
1202 1723 1374 1787 ferro,
1407 1719 1724 1792 lapidibus,
1758 1720 1992 1776 elﬂnvia

2105 531 2320 594 νουσίας
2355 531 2591 587 ἰντεῦθεν
2624 532 2990 601 καθίστανται,
3022 530 3111 585 καὶ
3144 532 3197 586 αἱ
3229 530 3383 595 κύνες
3434 530 3490 587 δὲ
3539 533 3769 609 ταχέως

2104 623 2314 691 κύουσι,
2345 623 2573 697 τάριχον
2598 620 2963 685 ἐπεσθίουσαι.
2996 622 3075 678 Τὸ
3108 618 3164 676 δὲ
3192 621 3325 687 ἅλας
3354 628 3494 687 θεῖον
3531 624 3559 678 ὁ
3592 645 3772 695 ποιη-

2103 711 2204 779 τὴς
2231 709 2442 786 εἴρηκεν
2477 708 2528 764 ἐν
2566 712 2647 773 οἷς
2680 709 2823 786 λέγε·

2622 820 2791 873 πάσσε
2821 816 2867 873 δ’
2893 818 3024 882 ἀλὸς
3055 818 3224 876 θείου.

2105 907 2251 962 Διότι
2286 906 2426 971 θείαν
2461 909 2715 980 κέκτηται
2749 905 2998 982 δύναμιν,
3021 908 3087 963 τὰ
3115 910 3277 982 νεκρὰ
3324 913 3429 964 τῶν
3479 915 3762 986 mpera»

2105 994 2365 1070 εὔσηπτα,
2401 995 2613 1070 Ξὶσηπτα
2642 996 3027 1074 ἐργαζόμενον.

2105 1196 2241 1272 ρμε’.
2294 1194 2444 1251 Διατί
2490 1198 2590 1266 τήν
2634 1193 2813 1323 ἔρόαν
2862 1196 2889 1250 ὁ
2920 1194 3203 1257 πολύπους
3228 1194 3537 1270 ἐξαλλάττει
3570 1200 3660 1260 αἷς
3690 1196 3759 1253 ἂν

2590 1290 2630 1322 π
2660 1289 2812 1323 τραις
2844 1267 3254 1323 προσομιλήσῃ.

2590 1267 2812 1343 πέτραις
2844 1267 3254 1343 προσομιλήσῃ.

2176 1354 2354 1427 Δῆλόν
2415 1357 2524 1413 ἐστι
2554 1356 2616 1413 τὸ
2651 1362 2788 1427 ζῶον
2820 1358 2908 1412 καὶ
2942 1359 3064 1413 ὅταν
3124 1357 3159 1427 ἢ
3192 1359 3366 1433 ψόφον
3396 1360 3516 1413 τινὰ
3547 1360 3761 1430 αἳσθη-

2102 1468 2210 1520 ται,
2261 1447 2298 1517 ἢ
2358 1454 2660 1521 θηραθῆναι
2706 1446 3033 1521 ὑποπτεύσῃ,
3085 1448 3334 1523 τρέπεται
3367 1448 3470 1503 ὑπὸ
3518 1446 3763 1509 δειλείας

2103 1535 2191 1591 καὶ
2249 1532 2668 1610 μεταϐάλλεται.
2724 1538 3043 1609 Ὁμοιοῦται
3100 1534 3155 1593 δὲ
3209 1542 3329 1601 ταῖς
3387 1542 3608 1613 χροιαῖς
3641 1542 3756 1594 τῶν

2100 1632 2336 1703 πετρῶν,
2398 1630 2481 1690 αἷς
2512 1626 2824 1703 ἐγκάθηται·
2878 1626 3160 1683 διότιάπὸ
3208 1630 3421 1684 πάντων
3479 1628 3756 1703 σωμάτων

2100 1717 2189 1772 καὶ
2243 1717 2458 1794 χαλκοῦ
2504 1718 2593 1772 καὶ
2654 1715 2880 1795 σιδήρου
2925 1719 3015 1772 καὶ
3068 1718 3220 1773 λίθου
3268 1718 3557 1796 ἀπόρροιαι
3605 1740 3755 1783 τινες

347 1814 616 1886 quaedam
648 1812 1052 1885 egrediuntur.
1094 1812 1235 1865 Cum
1286 1810 1483 1881 itaque
1536 1808 1729 1881 polypi
1779 1825 1986 1880 corpus

2102 1808 2372 1885 φέρονται.
2430 1805 2768 1883 Συμμὲτρως
2818 1806 2908 1862 οὖν
2953 1809 3005 1862 οἱ
3036 1808 3196 1881 πόροι
3225 1806 3322 1862 τοῖ’)
3352 1810 3608 1881 σώματος
3638 1813 3752 1863 τῶν

346 1919 521 1975 poros
553 1902 802 1959 efﬂuviis
835 1919 869 1958 a
894 1902 1070 1957 rebus
1094 1900 1210 1955 illis
1234 1898 1646 1955 emanantibus
1672 1914 1991 1969 congruen-

345 1997 433 2049 tes
467 1992 924 2060 habeat,colores
954 2008 1153 2047 earum
1184 1989 1740 2060 asciscit,sunmque
1771 1988 1980 2043 iisdem

347 2086 660 2154 permutat.
695 2081 936 2148 Quando
968 2080 1149 2152 igitur
1181 2081 1345 2134 timet
1378 2078 1645 2149 polypus,
1700 2082 1891 2133 movet
1934 2081 1992 2133 et

344 2171 628 2227 convertit
657 2187 739 2241 se,
773 2187 1106 2241 corpusque
1136 2168 1314 2225 veluti
1345 2167 1567 2238 colligit
1598 2184 1664 2222 ac
1695 2168 1988 2223 constrin-

343 2261 447 2331 git,
481 2267 546 2316 ut
576 2261 717 2316 adeo
750 2260 1212 2331 propinquarum
1245 2274 1439 2313 rerum
1472 2256 1707 2312 efﬂuvia
1737 2258 1794 2311 in
1826 2274 1989 2312 sum-

346 2352 543 2404 mitate
597 2348 765 2404 facile
818 2348 1067 2419 excipiat
1122 2346 1555 2417 contineatque.
1612 2346 1809 2417 Neque
1856 2362 1989 2401 vero

340 2438 588 2511 polypus
620 2455 809 2508 neque
856 2434 1214 2492 chamaeleon
1265 2437 1335 2491 ad
1388 2435 1523 2489 alba
1574 2452 1750 2505 prope
1800 2436 1991 2504 posita

343 2532 628 2595 mutatur,
678 2528 907 2598 ineptos
956 2526 1113 2582 enim
1165 2526 1237 2580 ad
1286 2525 1546 2580 alborem
1590 2540 1761 2594 poros
1791 2524 1986 2593 habet,

341 2617 471 2671 aliis
500 2633 633 2672 vero
665 2616 959 2671 coloribus
992 2619 1403 2687 congruentes.

346 2724 652 2789 11:6.Quare
675 2723 866 2793 planta
898 2721 1049 2793 pedis
1080 2721 1373 2775 anterioris
1402 2720 1465 2772 in
1493 2732 1625 2772 urso
1654 2721 1990 2777 suavissima

964 2802 1041 2848 est
1074 2794 1131 2847 in
1162 2793 1363 2847 cibum.

414 2879 707 2951 Quidquid
741 2880 916 2951 probe
944 2884 1174 2935 coctum
1206 2896 1272 2935 ac
1303 2879 1780 2952 digestum,idem
1813 2898 1989 2936 suave

342 2977 462 3038 est;
497 2971 641 3025 bene
676 2974 905 3025 coctum
939 2973 1134 3025 autem
1164 2974 1254 3025 est
1285 2972 1438 3039 quod
1471 2971 1529 3026 in
1581 2971 1787 3042 primis
1836 2972 1989 3026 inca-

343 3058 471 3125 luit;
493 3058 795 3114 incalescit
826 3067 1018 3112 autem
1054 3057 1308 3112 maxime
1340 3060 1492 3129 quod
1526 3061 1777 3114 maxime
1810 3060 1987 3131 agita-

343 3153 439 3201 tur
467 3152 525 3202 et
555 3154 874 3215 exercetur,
910 3151 975 3203 ut
1018 3147 1185 3218 pedis
1234 3149 1540 3204 anterioris
1593 3149 1814 3220 planta,
1868 3165 1983 3220 qua

344 3253 516 3291 ursus
548 3239 605 3290 et
636 3236 853 3291 incedit
882 3240 937 3291 et
967 3242 1246 3307 tanquam
1277 3252 1454 3292 manu
1491 3238 1694 3307 utitur,
1728 3255 1844 3309 qua
1892 3255 1983 3294 res

342 3324 571 3381 oblatas
600 3324 997 3396 arripit.Unde
1027 3329 1085 3379 et
1113 3323 1439 3380 volucrium
1472 3328 1815 3382 animalium
1848 3344 1985 3382 sua-

342 3412 594 3468 vissima:
623 3418 679 3468 et
709 3413 779 3468 ad
814 3412 1191 3466 nutriendum
1228 3411 1549 3483 aptissima:
1580 3416 1798 3484 [partes
1846 3418 1986 3468 sunt

343 3519 490 3574 quas
522 3505 757 3557 movent
787 3502 1059 3570 maxime,
1094 3506 1157 3555 ut
1205 3502 1326 3570 alze,
1378 3502 1538 3558 hisce
1581 3504 1733 3559 enim
1790 3518 1983 3559 acrem

343 3596 576 3647 movent
605 3607 672 3646 ac
703 3591 1025 3661 trajiciunt,
1058 3594 1264 3644 caetera
1312 3596 1506 3644 autem
1553 3593 1821 3647 membra
1867 3608 1980 3647 non

342 3680 614 3734 similiter
672 3680 816 3733 bene
865 3680 1158 3732 nutriunt.
1208 3678 1492 3733 Similiter
1540 3679 1984 3736 exercitationes

342 3772 601 3838 corporis
632 3768 848 3821 bonum
882 3769 1011 3837 ejus
1056 3766 1323 3820 habitum
1379 3773 1738 3837 promovent,
1781 3773 1984 3839 utpote

340 3856 560 3926 quibus
592 3860 916 3923 moventur,
952 3857 1288 3924 coquuntur
1318 3859 1371 3909 et
1403 3859 1723 3909 tenuantur
1772 3855 1983 3910 humo-

343 3962 452 3999 res.
486 3948 686 4014 Neque
712 3942 1054 4013 corporibus
1087 3946 1342 4006 tantum,
1390 3942 1489 3996 sed
1542 3943 1755 3999 animis
1806 3945 1980 4001 etiam

342 4033 656 4087 utilitatem
691 4032 943 4086 afferunt
974 4030 1410 4085 exercitationes
1444 4030 1502 4084 in
1554 4030 1879 4103 disciplinis
1928 4038 1984 4088 et

339 4123 586 4177 artibus.
654 4127 845 4193 Atque
933 4121 1258 4176 secundum
1316 4120 1726 4192 Hippocratem
1803 4124 1981 4179 motio

338 4211 689 4283 quandoque
719 4209 1064 4282 interposita
1112 4226 1324 4280 corpus
1370 4208 1702 4279 conﬁrmat,
1752 4211 1983 4282 ignavia

339 4299 683 4371 corrumpit.

453 4405 574 4460 147.
609 4407 789 4473 Quare
817 4406 972 4462 Darii
999 4404 1209 4531 ηιαιιιέη
1237 4405 1505 4530 gtraminis
1532 4417 1860 4478 proventum

1017 4492 1154 4531 exon
1180 4493 1251 4530 an
1281 4516 1297 4531 .

1017 4492 1297 4547 excplant.

2098 1894 2430 1951 πολυπόδων
2488 1898 2719 1971 πρὸςτά
2748 1896 2893 1972 παρᾶ
2947 1901 3056 1952 τῶν
3109 1899 3376 1970 σωμάτων
3423 1900 3759 1972 πεμπόμενα

2101 1985 2339 2061 ῥεύματα
2393 1984 2634 2061 ἔχοντες,
2695 1988 2797 2057 τήν
2846 2007 2905 2040 τε
2958 1987 3129 2061 χρόαν
3188 1986 3362 2042 αὐτῶν
3390 1986 3756 2063 ἷ¹σχουσι,καὶ

2102 2070 2505 2148 μεταϐάλλουσι
2562 2076 2699 2149 πρὸς
2723 2074 2907 2145 αὑτήν.
2967 2079 3125 2131 Ὅταν
3160 2077 3253 2130 οὗν
3314 2074 3465 2151 δείσῃ
3499 2097 3756 2153 περιτρε-

2099 2164 2341 2237 πόμενος
2373 2165 2399 2218 ὁ
2430 2164 2713 2226 πολύπους
2775 2167 2890 2219 οἷον
2920 2159 3097 2243 ἔσφιξε
3150 2167 3213 2221 τὸ
3272 2171 3432 2240 σῶμα
3460 2167 3550 2221 καὶ
3593 2167 3758 2222 συνέ-

2101 2250 2283 2323 δησεν,
2343 2253 2479 2308 ὥστε
2508 2251 2903 2327 προσδέχεσθαι
2960 2254 3047 2308 καὶ
3080 2255 3283 2329 στὲγειν
3324 2254 3595 2325 ἐπιπολῆς
3648 2256 3757 2318 τὰς

2096 2347 2204 2396 τῶν
2256 2340 2414 2417 ἐγγὺς
2473 2341 2790 2418 ἀπορροίας.
2852 2338 2990 2400 Οὔτε
3038 2340 3095 2397 δὲ
3152 2345 3180 2397 ὁ
3227 2341 3531 2412 πολύπους,
3564 2342 3692 2399 οὔτε
3728 2346 3758 2401 ὁ

2098 2430 2421 2506 χαμαιλέων
2452 2430 2586 2506 πρὸς
2618 2433 2678 2486 τὸ
2711 2429 2902 2486 λευκὸν
2933 2430 3271 2501 ἀλλοιοῦται,
3316 2430 3456 2487 διότι
3500 2434 3758 2507 ἀσυμμέ-

2096 2540 2259 2595 τρους
2291 2518 2484 2595 ἔχουσι
2515 2519 2641 2582 τοὺς
2674 2519 2878 2595 πόρους
2911 2521 3046 2597 πρὸς
3085 2522 3183 2589 τὴν
3214 2522 3470 2592 τοιαύτην
3523 2525 3754 2599 χροιάν

2094 2610 2231 2682 πρὸς
2264 2607 2321 2664 δὲ
2350 2609 2445 2672 τὰς
2477 2606 2652 2673 ἄλλας
2683 2606 3031 2680 ἐπιτηδείως.

2099 2717 2239 2793 ρμς’·
2276 2714 2428 2772 Διατί
2456 2723 2556 2787 τῆς
2586 2717 2849 2798 ἄρκτουιή
2900 2715 3131 2798 παλάμη
3177 2724 3278 2789 τῆς
3328 2719 3516 2794 χειρὸς
3557 2726 3758 2798 φαγεῖν

2748 2788 3081 2864 γλυκυτάτη.

2169 2876 2316 2933 Διότι
2348 2882 2451 2933 πᾶν
2503 2876 2564 2931 τὸ
2622 2876 2910 2949 εὔπεπτον,
2960 2876 3200 2947 ἣδιστον·
3253 2876 3519 2934 εὔπεπτον
3581 2878 3641 2935 δὲ
3688 2882 3753 2935 τὸ

2096 2969 2564 3043 Θερμαινόμενον·
2651 2969 2995 3042 θερμαίνεται
3076 2965 3131 3022 δὶ
3208 2967 3270 3022 τὸ
3352 2970 3592 3042 μάλιστα
3649 2992 3753 3047 γυ-

2098 3056 2456 3131 μναζόμενον,
2508 3056 2644 3131 [οἷον
2701 3059 2735 3127 ἡ
2793 3064 2895 3127 τῆς
2950 3055 3148 3134 ἄρκτου
3191 3064 3289 3129 τῆς
3346 3059 3535 3133 χειρὸς
3567 3058 3755 3115 παλά-

2101 3149 2222 3220 μη].
2285 3146 2379 3200 Καὶ
2438 3146 2541 3221 γὰρ
2600 3146 2675 3208 ὡς
2733 3144 2858 3201 ποδὶ
2911 3146 3043 3221 αὐτῇ
3077 3150 3277 3223 χρῆται
3315 3145 3631 3221 βαδίζουσα,
3660 3150 3753 3204 καὶ

2097 3236 2171 3297 ὡς
2228 3236 2371 3311 χειρὶ
2433 3231 2942 3309 ἀντιλαμϐαθομᾶνη
2976 3240 3073 3290 τοῦ
3104 3237 3532 3312 προστυχόντος.
3593 3240 3756 3295 Ὅθεν

2092 3326 2179 3379 καὶ
2238 3329 2345 3379 τῶν
2400 3330 2619 3395 πτηνῶν
2680 3326 2832 3394 ζώων
2887 3323 3083 3394 ἥδιστα
3134 3327 3222 3380 καὶ
3274 3324 3506 3404 εὔτροφα
3539 3327 3653 3384 ἐστι
3685 3329 3756 3384 τὰ

2092 3413 2489 3483 κινητικώτατα
2550 3412 2783 3483 μᾶλλον,
2844 3415 3010 3469 ὁποῖά
3063 3414 3206 3469 ἔστιν
3267 3415 3449 3478 αὐτοῖς
3499 3417 3572 3471 τὰ
3614 3439 3752 3473 πτε-

2095 3502 2266 3578 ρύγια.
2320 3500 2547 3565 Τούτοις
2584 3502 2685 3575 γὰρ
2735 3503 2824 3556 τὸν
2875 3502 3012 3578 ἆᾶρα
3063 3509 3204 3558 κινεῖ
3234 3504 3321 3557 καὶ
3354 3502 3605 3579 διαπερᾷ.
3669 3506 3750 3561 Τὰ

2093 3589 2139 3645 δ’
2197 3587 2339 3645 ἄλλα
2396 3590 2532 3666 μέρη
2596 3590 2704 3666 οὐχ
2756 3590 2921 3664 ὅμοια
2972 3591 3187 3654 τούτοις
3262 3594 3396 3668 πρὸς
3450 3595 3746 3671 εὔτροφίαν

2091 3675 2302 3754 ἔχουσι.
2362 3682 2457 3733 Διὰ
2511 3684 2671 3734 τοῦτο
2727 3681 2815 3734 καὶ
2873 3681 2939 3735 τὰ
2985 3682 3257 3756 γυμνάσια
3314 3683 3515 3755 εὐεξίαν
3552 3684 3750 3751 αὑτοῖς

2090 3770 2306 3841 σώμασι
2356 3766 2544 3822 δίδωσι
2595 3773 2847 3824 κινοῦντα
2882 3770 2972 3824 καὶ
3014 3770 3138 3831 τοὺς
3183 3770 3235 3825 ἐν
3289 3772 3474 3833 αὐτοῖς
3525 3774 3755 3849 χυμοὺς

2089 3858 2360 3912 πέπτοντα
2389 3859 2479 3913 καὶ
2511 3858 2971 3914 ἀπολεπτύνοντα.
3006 3859 3082 3916 Οὐ
3138 3860 3304 3937 μέχρι
3338 3858 3395 3915 δὲ
3446 3865 3753 3936 σωμάτων,

2090 3944 2236 4001 ἀλλὰ
2259 3948 2347 4000 καὶ
2397 3946 2473 4009 εἷς
2528 3947 2689 4010 αὐτάς
2720 3947 2815 4011 τὰς
2856 3949 3037 4023 ψυχὰς
3065 3950 3129 4003 τὰ
3178 3950 3230 4003 ἰν
3281 3955 3401 4012 τοῖς
3456 3955 3755 4024 μαθήμασι

2088 4036 2355 4109 γυμνάσια
2376 4036 2645 4109 ὠφέλειαν
2674 4036 2913 4110 ἐμποιεῖ.
2944 4038 3040 4092 Καὶ
3066 4037 3277 4107 κίνησις
3304 4040 3397 4111 μὲν
3426 4042 3756 4117 μετεξετᾶρη

2089 4127 2225 4180 κατὰ
2272 4126 2363 4180 τὸν
2414 4126 2800 4201 Ἱπποκράτην,
2852 4126 3098 4201 κρατύνει
3146 4128 3209 4183 τὸ
3255 4132 3436 4203 σῶμα,
3467 4130 3639 4205 ἀργία
3699 4129 3761 4187 Si

2088 4217 2270 4285 τήκεμ

2258 4411 2400 4485 ρμξ.
2436 4410 2585 4465 Διατί
2618 4416 2843 4487 Δωριεῖς
2875 4409 3127 4490 εὔχονται
3162 4414 3332 4485 κακὴν
3367 4412 3575 4490 χόρτου

2737 4483 3095 4559 συγκομιδήν.

416 4570 711 4626 Graminis
741 4568 898 4623 mala
929 4568 1141 4623 messis
1166 4568 1453 4639 contingit
1473 4568 1726 4639 plurima
1745 4571 1986 4626 cadente

2168 4572 2348 4633 Κακὸς
2377 4570 2758 4645 συγκομίζεται
2817 4574 3019 4649 χόρτος
3080 4576 3293 4650 βροχὴν
3357 4574 3441 4631 ὅτι
3478 4573 3759 4647 πλείστην

338 4662 707 4737 pluvia.Cum
757 4657 909 4713 enim
959 4657 1142 4712 viride
1190 4657 1335 4711 illud
1390 4657 1587 4728 pluvia
1636 4661 1989 4729 permadens

339 4752 677 4816 demetitur,
712 4746 878 4802 facile
908 4745 1323 4815 corrumpitur.
1358 4748 1427 4800 At
1475 4745 1683 4817 pluviae
1736 4749 1992 4804 frumen-

338 4846 467 4897 tum
499 4844 633 4893 ante
663 4840 925 4892 aestatem
959 4834 1217 4905 rigantes
1263 4833 1405 4889 illud
1451 4834 1665 4905 juvant
1711 4837 1992 4893 adversus

338 4928 561 4983 calidas
593 4943 766 4981 auras
797 4928 853 4979 et
883 4924 955 4978 ab
988 4929 1187 4979 austro
1220 4924 1534 4993 spirantes,
1558 4940 1685 4994 qua:
1718 4942 1829 4980 non
1868 4943 1992 4998 per-

339 5018 579 5072 mittunt
612 5017 866 5069 fructum
900 5014 958 5067 in
990 5013 1169 5067 arista
1200 5013 1598 5079 condemnari,
1654 5017 1750 5069 sed
1802 5017 1991 5071 calore

336 5124 443 5161 suo
476 5104 829 5161 soliditatem
865 5102 993 5172 ejus
1021 5101 1354 5171 impediunt
1396 5101 1826 5173 dissipantque,
1878 5103 1992 5159 nisi

335 5200 491 5249 turra
516 5194 755 5263 irrigata
790 5193 997 5245 humor
1025 5190 1264 5243 aristam
1299 5190 1648 5260 rel'rigerans
1671 5200 1845 5262 atque
1870 5210 1991 5248 ma-

339 5285 633 5338 dvl'aoiens
658 5280 989 5336 accesserit.
1019 5280 1502 5349 Quandoquidem
1545 5278 1727 5349 igitur
1756 5288 1991 5351 propter

338 5373 566 5443 pluvias
601 5370 756 5425 mala
785 5369 847 5421 ﬁt
880 5367 1091 5422 messis
1122 5366 1432 5437 graminis,
1468 5371 1668 5435 utpote
1699 5370 1852 5437 quod
1887 5386 1989 5438 per

336 5462 468 5519 illas
500 5458 781 5534 putrescit
811 5473 877 5511 ac
909 5456 1191 5527 perditur,
1217 5455 1509 5508 frumento
1540 5458 1733 5510 autem
1768 5459 1983 5517 easdem

407 5660 430 5688 "
460 5656 620 5717 Iliad.
656 5655 700 5725 Ι,
730 5652 859 5713 214.

2101 4659 2387 4736 εχόμενος.
2449 4660 2681 4736 Χλωρὸς
2735 4662 2834 4737 γὰρ
2897 4662 3246 4736 θεριζόμενος
3307 4665 3533 4735 σήπεται
3604 4666 3761 4742 ταχὺ

2103 4744 2400 4824 διάϐροχος
2460 4750 2717 4824 γεγονώς.
2767 4749 3021 4823 Ὑόμενος
3076 4749 3134 4805 δὲ
3191 4753 3297 4829 πρὸ
3352 4751 3450 4807 τοῦ
3506 4753 3764 4826 Θᾶρουςὸ

2103 4844 2251 4900 σῖτος
2314 4840 2590 4912 βοηθεῖται
2643 4840 2777 4913 πρὸς
2806 4840 2874 4893 τὰ
2925 4841 3099 4915 θερμὰ
3126 4842 3215 4896 καὶ
3253 4843 3408 4896 νότια
3444 4841 3761 4914 πνεύματα.

2103 4931 2285 4985 Ταῦτα
2339 4928 2440 5002 γὰρ
2500 4927 2599 4981 οὑκ
2656 4926 2715 4997 ἐᾷ
2787 4930 3134 4998 πυκνωθῆναι
3211 4928 3601 5003 συνιστάμενον
3659 4933 3763 4987 τὸν

2101 5017 2305 5091 καρπὸν
2361 5016 2414 5070 ἐν
2439 5021 2517 5088 τῷ
2548 5018 2763 5091 στάχυϊ·
2826 5016 2953 5072 ἀλλ’
3003 5016 3250 5090 ἐξέστησε
3293 5020 3382 5074 καὶ
3416 5017 3625 5095 διαχὲει
3689 5026 3762 5095 τῇ

2102 5105 2396 5180 Θερμότητι
2444 5107 2543 5175 τὴν
2592 5106 2775 5177 πῆξιν,
2808 5104 2868 5159 ἃν
2925 5109 3000 5179 μὴ
3056 5103 3422 5184 βεϐρεγμένης
3448 5117 3549 5179 τῆς
3583 5117 3694 5185 γῆς
3727 5113 3762 5180 ἡ

2108 5195 2345 5269 ὑγρότης
2395 5194 2664 5271 παραρρεῖ
2707 5194 2959 5271 ψύχουσα
3006 5196 3094 5252 καὶ
3144 5198 3428 5267 νοτίζουσα
3482 5200 3577 5253 τὸν
3631 5199 3767 5255 στάο

2103 5304 2226 5359 χυν.
2281 5285 2430 5339 Διότι
2461 5285 2553 5339 οὖν
2586 5287 2621 5353 ἡ
2655 5286 2794 5353 κακῆ
2827 5289 2924 5339 τοῦ
2955 5286 3162 5361 χόρτου
3194 5286 3499 5361 συρκομιδή
3532 5286 3621 5343 διὰ
3650 5291 3759 5358 τήν

2109 5375 2320 5449 βροχῆν
2374 5373 2599 5449 γίνεται,
2635 5376 2909 5443 σήπουσαν
2965 5380 3159 5430 τοῦτον
3214 5378 3302 5431 καὶ
3362 5377 3757 5453 ἀφανίζουσαν·

2105 5462 2132 5517 ὁ
2188 5460 2246 5518 δὲ
2304 5462 2452 5528 ὑετὸς
2507 5460 2788 5543 ὥφὲλιμός
2839 5462 2949 5519 ἐστι
3005 5469 3084 5539 τῷ
3142 5466 3273 5540 σίτῳ
3304 5466 3409 5543 πρὸ
3437 5470 3533 5521 τοῦ
3562 5466 3763 5545 Θίρους
