4032 6202
237 312 329 371 πτ
1378 315 1477 374 DE
1523 312 1964 376 OMNlFAltlA
2014 304 2436 378 DOCTRINA.

3491 317 3608 384 778

233 436 508 517 γινόμενος,
539 439 832 516 ἐξυγραίνει
865 443 970 518 γὰρ
1002 440 1177 497 αὐτῶν
1227 442 1316 498 καὶ
1350 443 1447 498 οὐκ
1468 441 1529 515 ἐᾷ
1558 443 1706 520 παρὰ
1732 447 1838 499 τῶν

1959 452 2094 504 ante
2123 452 2384 504 aestatem
2431 446 2707 503 cadentes
2744 447 3102 514 conducunt,
3135 449 3428 521 siquidem
3465 452 3612 510 illud

231 536 412 607 θερμῶν
461 532 782 604 πνευμάτων
843 531 1224 606 θερμαίνεσθαί
1281 555 1340 588 τε
1396 535 1482 588 καὶ
1532 533 1845 611 φλέγεσθαι,

232 619 302 677 διὰ
327 626 477 676 ταῦτα
508 620 762 697 εὔχονται
792 626 908 683 τοῖς
945 619 1167 696 δωριοῖς
1199 623 1369 691 κακὴν
1398 623 1604 697 χόρτου
1647 644 1848 698 συγκο-

233 709 394 784 μιδήν.

227 835 365 903 ρμη’.
416 827 568 881 Διατί
624 829 660 896 ἠ
721 824 946 903 ἄρκτος.
979 825 1077 881 οὐκ
1134 827 1294 882 ἐσθίει
1351 827 1419 882 τὰ
1478 825 1665 883 δίκτυα
1719 826 1844 882 ὅταν

849 897 1170 969 ἁλίσκηται.

279 1007 427 1061 Avium
491 1005 588 1077 μὲν
648 1005 741 1060 καὶ
795 1003 953 1082 ἄρνες
1021 1006 1111 1060 καὶ
1169 1007 1216 1059 τ’
1274 1004 1421 1061 ἄλλα
1472 1011 1580 1061 τῶν
1636 1008 1842 1083 θηρίων

222 1094 539 1168 δαμάσσεται
595 1096 662 1149 τὰ
719 1092 930 1166 δίκτυα,
990 1094 1115 1150 ὅταν
1150 1094 1202 1149 ἐν
1233 1095 1452 1157 τούτοις
1495 1097 1738 1170 γενηται.
1780 1098 1842 1152 Ἡ

222 1184 266 1240 δὲ
313 1183 500 1261 ἄρκτος
555 1184 682 1246 τοὺς
742 1182 968 1248 ὀδόντας
1027 1183 1232 1260 ἔχουσα
1264 1183 1392 1238 εἷ’σω
1445 1186 1540 1240 τοῦ
1573 1184 1842 1257 στόματος

218 1277 382 1345 ἥκιστα
410 1277 544 1347 πρὸς
572 1275 639 1329 τὰ
668 1274 787 1330 λίνα
844 1273 1152 1346 ἐξικνεῖται.
1203 1275 1561 1349 Ιῐαραπὲμπει
1619 1276 1720 1349 γὰρ
1777 1277 1844 1330 τὰ

218 1364 354 1439 χείλη
411 1362 498 1418 διὰ
554 1365 734 1437 πάγος
792 1363 882 1418 καὶ
947 1363 1189 1439 μέγεθος,
1253 1361 1541 1436 ἣμᾶλλον
1580 1363 1842 1438 ἰσχύουσα

215 1459 311 1514 ταῖς
360 1453 513 1528 χερσὶ
568 1450 772 1522 διασπᾷ
826 1452 919 1506 τὸν
982 1453 1212 1527 βρόχον,
1273 1452 1363 1506 καὶ
1391 1458 1512 1514 ταῖς
1549 1453 1654 1524 μὴν
1684 1454 1841 1528 χερσὶ

219 1540 389 1613 διασπᾷ
460 1543 524 1596 τὸ
604 1540 772 1610 λίνον,
845 1545 924 1612 τῷ
994 1538 1050 1594 δὲ
1106 1540 1335 1613 στόματι
1401 1540 1663 1612 ἀμύνεται
1715 1542 1843 1606 τοὺς

219 1630 506 1692 διώκοντας·
571 1632 607 1701 ἢ
656 1630 740 1685 δτι
797 1632 851 1685 αἱ
909 1627 1382 1705 περικυλινδήσεις
1433 1629 1668 1702 μάλιστα
1703 1632 1841 1706 βοη-

219 1723 345 1774 θοῦσι
400 1719 536 1793 αὐτῇ
586 1720 723 1794 πρὸς
754 1719 851 1787 τὴν
885 1718 1169 1796 ἀποφυγὴν
1203 1716 1505 1773 διασπῶσαι
1536 1719 1598 1773 τὸ
1626 1717 1837 1775 δίκτυον

1960 537 2322 602 humectant,
2372 553 2476 592 nec
2535 536 2883 608 permittunt
2941 535 3085 591 illud
3145 554 3179 592 a
3234 538 3612 599 calidioribus

1959 627 2147 682 ventis
2179 630 2322 682 aestu
2355 625 2508 681 affici
2542 629 2598 680 et
2628 625 2740 692 uri,
2775 624 2912 680 hinc
2949 626 3104 682 Dorii
3138 626 3363 683 malum
3391 630 3614 702 grami-

1959 717 2052 770 nis
2083 721 2430 788 proventum
2461 719 2760 787 exoptant.

2129 833 2249 888 148.
2283 836 2470 903 Quare
2498 849 2630 888 ursa
2658 849 2764 888 non
2796 833 3014 889 arrodit
3049 835 3192 890 retia
3222 834 3442 906 quando

2657 907 2894 976 capitur.

2029 1011 2175 1083 Lupi
2235 1017 2292 1067 et
2357 1012 2492 1084 agni
2552 1011 2796 1082 aliasque
2852 1011 3052 1067 bestias
3117 1012 3402 1069 arrodunt
3466 1014 3612 1072 retia

1955 1102 2191 1172 quando
2245 1099 2363 1154 illis
2423 1101 2772 1155 constrictas
2834 1117 2895 1155 se
2954 1101 3237 1157 sentiunt.
3270 1102 3420 1158 Ursa
3475 1121 3610 1161 vero

1953 1190 2159 1245 dentes
2219 1189 2469 1244 interius
2523 1188 2582 1244 in
2636 1189 2902 1244 faucibus
2955 1190 3171 1246 habens
3231 1191 3430 1248 minus
3487 1192 3610 1250 illis

1953 1278 2104 1334 valet
2134 1280 2410 1334 adversus
2461 1278 2671 1343 linum,
2705 1279 2858 1348 quod
2893 1277 3062 1334 labiis
3106 1284 3342 1351 propter
3369 1280 3605 1336 illorum

1953 1366 2282 1424 crassitiem
2315 1374 2372 1422 et
2403 1368 2869 1439 magnitudinem
2918 1369 3138 1438 patitur
3161 1370 3425 1425 excidere
3459 1388 3472 1426 :
3507 1376 3609 1426 aut

1949 1472 2084 1511 vero
2131 1456 2410 1528 quoniam
2458 1455 2645 1527 magis
2695 1456 2846 1510 valet
2897 1457 3284 1513 anterioribus
3335 1459 3603 1530 pedibus,

1951 1544 2071 1600 illis
2103 1545 2344 1616 laqueos
2375 1544 2685 1616 dirumpit,
2720 1550 2892 1614 atque
2925 1547 3068 1601 adeo
3100 1547 3246 1602 retia
3276 1564 3531 1620 quoque,
3553 1552 3612 1605 et

1952 1650 2050 1690 ore
2079 1634 2342 1689 defendit
2390 1651 2451 1690 se
2501 1635 2788 1689 adversus
2822 1640 3239 1706 persequentes
3275 1653 3288 1691 :
3323 1641 3422 1692 aut
3469 1640 3610 1710 quia

1951 1722 2339 1779 volutationes
2371 1739 2570 1778 ursam
2607 1723 2859 1778 maxime
2883 1724 3094 1794 juvant
3117 1730 3182 1780 ut
3201 1726 3441 1783 evadere
3471 1743 3606 1799 pos-

219 1809 292 1864 καὶ
345 1809 691 1884 ῥηγνύουσαι,
731 1808 862 1876 ,ὅθεν
916 1807 1189 1868 πολλάκις
1245 1806 1676 1882 περικυλιομένη
1726 1817 1838 1873 τοῖς

1955 1811 2050 1880 sit,
2100 1813 2484 1868 discindendo
2548 1816 2724 1883 atque
2771 1812 3195 1884 disrumpendo
3247 1819 3403 1882 rete,
3454 1832 3608 1888 saepe

223 1901 420 1974 βρόχοις
472 1897 675 1972 διαιρεῖ
727 1898 953 1959 τούτους
1011 1897 1100 1952 καὶ
1130 1898 1336 1970 τὲμνει,
1375 1898 1485 1952 εἶτα
1519 1895 1716 1972 ῥᾳδίως
1749 1897 1833 1954 ἰκ-

219 1984 411 2058 κυόιστᾷ
437 1988 529 2042 καὶ
564 1988 812 2056 σώζεται.
846 1985 1081 2042 Πολλῶν
1117 1985 1209 2040 οὖν
1228 1988 1363 2060 αὐτῇ
1387 1983 1557 2057 ὄντων
1590 1987 1834 2060 ἀμυντη-

219 2076 326 2149 ρίων
352 2077 433 2132 καὶ
465 2077 731 2154 ἀφορμῶν
762 2074 837 2137 εἷς
890 2073 1184 2152 διαφυγὴν,
1226 2081 1342 2137 τοῖς
1395 2074 1633 2148 μάλιστα
1677 2076 1834 2153 ἴσχυ-

217 2167 428 2242 ροτὲροις
480 2173 713 2242 χρῆται,
744 2165 833 2220 καὶ
866 2161 1222 2219 διολισθαίνει
1277 2169 1375 2220 τοῦ
1407 2165 1621 2240 βρόχου
1656 2166 1743 2243 ὑφ’
1773 2165 1836 2222 οὗ

215 2255 464 2333 κατέχεται
475 2299 488 2313 .

217 2381 511 2456 ρμθ’.Διατί
561 2382 598 2452 ἡ
655 2379 835 2446 τευθὶς
894 2381 1224 2507 φαὶινοίμένη,
1284 2384 1513 2454 σημεῖον
1556 2387 1838 2457 χειμῶνος

983 2474 1041 2507 στ
1076 2495 1086 2507 .

983 2474 1086 2509 στι.

272 2561 325 2617 Ἥ
375 2561 550 2623 τευθὶς
608 2557 856 2636 ἱχθῦδιόν
912 2558 1023 2615 ἰστι
1073 2557 1221 2614 λεῖον
1268 2559 1366 2628 τὴν
1397 2557 1706 2637 ἰπιφάνειαν
1736 2566 1836 2629 τῆς

218 2651 405 2724 σαρκὸς,
461 2650 584 2715 ὅθεν
641 2649 730 2705 καὶ
791 2647 1066 2726 μαλάχιον
1124 2649 1476 2722 ὠνόμασται.
1529 2646 1839 2704 Ψιλότατον

218 2739 301 2814 γαρ
354 2739 406 2794 ὅν
464 2739 557 2794 καὶ
618 2741 758 2813 μήτε
815 2738 1064 2815 ὀστράκῳ
1122 2736 1658 2814 συγκαλυπτόμενον,
1702 2740 1841 2812 μήτε

216 2825 412 2902 δέρματι
443 2828 865 2905 περιεχόμενον,
899 2830 1038 2901 μήτε
1095 2825 1278 2883 λεπίδι
1323 2827 1670 2901 σκεπόμενον,
1707 2829 1841 2900 μετὰ

213 2921 300 2971 τῶν
373 2916 664 2994 μαλαχίων
735 2919 1051 2993 τεταχαται.
1119 2917 1330 2990 Γυμνὸν
1388 2915 1478 2971 οὗν
1536 2916 1692 2970 παντὶ
1748 2916 1838 2971 καὶ

211 3006 411 3070 ὰσκεπὲς
471 3008 529 3062 ὅν
590 3006 1008 3082 προαισθάνεται
1065 3002 1134 3060 δι’
1167 3005 1448 3070 εὐπάθειαν
1492 3010 1589 3060 τοῦ
1621 3009 1839 3079 χειμῶ-

211 3117 298 3155 νος.
357 3097 470 3151 ὃθεν
532 3095 814 3169 ἐξάλλεται
884 3094 1157 3171 φεύγουσα
1179 3097 1242 3150 τὸ
1303 3094 1480 3170 ψύχος
1533 3095 1622 3149 καὶ
1659 3097 1758 3164 τὴν
1789 3093 1841 3148 ἐν

1949 1901 2100 1955 enim
2135 1917 2269 1956 cum
2293 1917 2359 1956 eo
2385 1918 2446 1956 se
2469 1901 2934 1956 circumvolvens
2967 1902 3025 1956 id
3051 1902 3208 1957 laxat
3229 1920 3294 1958 ac
3321 1904 3605 1975 refringit,

1945 2006 2012 2044 ac
2059 1990 2270 2044 deinde
2319 1989 2486 2045 facile
2535 1989 2765 2060 prosilit
2815 1995 2992 2061 atque
3041 2008 3105 2047 se
3152 1997 3373 2049 tuetur.
3407 1992 3606 2065 Itaque

1947 2094 2080 2132 cum
2108 2079 2295 2133 multa
2322 2077 2534 2133 habeat
2557 2079 2775 2149 quibus
2797 2095 2860 2133 se
2891 2081 3078 2150 possit
3097 2080 3429 2148 defendere,
3453 2081 3607 2137 mul-

1945 2171 2121 2238 taque
2152 2168 2222 2222 ad
2256 2167 2650 2238 effugiendum
2675 2166 2911 2234 auxilia,
2939 2169 3370 2225 robustissimis
3394 2170 3602 2238 utitur,

1944 2255 2338 2328 laqueumque
2367 2272 2485 2327 quo
2516 2260 2748 2312 tenetur
2778 2255 2978 2328 ligata,
3012 2257 3360 2330 perrumpit.

2055 2381 2176 2436 149.
2214 2381 2399 2450 Quare
2428 2379 2996 2463 toiigosuperaquis
3025 2384 3146 2437 visa
3173 2384 3396 2454 signum
3425 2386 3498 2440 sit

2601 2460 2957 2525 tempestatis.

2019 2559 2218 2633 Loligo
2269 2559 2591 2632 pisciculus
2622 2562 2710 2614 est
2755 2560 3068 2631 superficie
3115 2561 3377 2634 corporis
3422 2561 3603 2631 laevis,

1950 2650 2104 2706 unde
2127 2654 2186 2706 et
2218 2645 2486 2721 μαλάκιον
2512 2665 2546 2704 a
2571 2647 2813 2704 mollitie
2836 2648 3195 2721 appellatur;
3223 2653 3417 2708 nudus
3443 2652 3604 2708 enim

1948 2755 2052 2794 nec
2084 2739 2371 2805 munitus,
2402 2741 2571 2804 testa,
2607 2753 2710 2792 nec
2741 2743 2874 2793 cute
2917 2738 3184 2811 indutus,
3217 2756 3322 2796 nec
3349 2757 3605 2812 squama

1947 2832 2268 2898 contectus,
2317 2826 2598 2882 mollibus
2647 2830 3010 2883 accensetur.
3046 2828 3252 2884 Nudus
3297 2829 3497 2900 itaque
3547 2835 3607 2886 et

1948 2917 2190 2973 minime
2220 2921 2407 2972 tectus
2458 2917 2600 2972 adeo
2635 2933 2767 2970 cum
2801 2916 2898 2982 sit,
2933 2916 3100 2972 facile
3145 2918 3406 2974 afﬁcitur
3453 2936 3604 2990 prai-

1947 3007 2242 3078 sentitque
2291 3010 2725 3076 tempestatem,
2760 3005 2916 3061 unde
2965 3006 3195 3077 prosilit
3225 3013 3289 3060 ut
3333 3008 3517 3079 frigus
3549 3012 3606 3064 et

1948 3097 2128 3151 maris
2159 3095 2554 3150 turbationem
2583 3111 2709 3164 quia
2739 3093 2800 3148 in
2836 3095 3018 3148 fundo
3048 3103 3136 3149 est.
3161 3096 3424 3167 effugiat,
3454 3101 3511 3150 et
3541 3096 3602 3152 in

212 3182 339 3258 βάθει
399 3186 650 3261 ταραχὴν
707 3191 808 3253 τῆς
861 3181 1156 3254 θαλάσσης,
1205 3181 1294 3236 καὶ
1355 3182 1430 3245 εἰς
1482 3183 1581 3251 τήν
1642 3181 1834 3260 ἐπιφά-

1955 3201 2184 3242 summa
2209 3200 2362 3254 aqua
2384 3188 2668 3254 pronalat.
2691 3183 2933 3247 Quando
2963 3184 3142 3254 igitur
3163 3185 3317 3240 hunc
3345 3186 3602 3257 piscicu-

209 3293 329 3327 νειαν
384 3279 478 3328 τοῦ
527 3272 722 3334 ὕδατος
779 3273 1317 3348 ἆνανήχεται.“Ὀταν
1371 3269 1460 3325 οὖν
1494 3273 1554 3325 τὸ
1585 3269 1834 3346 ἰχθύδιον

209 3364 349 3416 τοῦτο
398 3362 693 3416 θεάσωνται
754 3361 805 3414 οἱ
849 3360 1334 3434 θαλαττουργοὶτῇ
1385 3357 1626 3432 θαλάσσῃ
1660 3358 1838 3434 νηχό-

214 3471 378 3520 μενον,
433 3455 688 3526 χειμῶνα
742 3447 1152 3524 τεκμαίρονται,
1187 3448 1368 3521 ὥσπερ
1399 3447 1522 3502 ὅταν
1559 3444 1714 3501 ἴδωσι
1746 3448 1835 3501 τὸν

209 3538 474 3595 πολύποδα
501 3549 602 3609 τῆς
635 3539 830 3615 πέτρας
859 3539 1276 3614 περιεχόμενον,
1321 3536 1530 3610 ἀνίμων
1573 3541 1839 3610 σημεοῦν-

206 3648 283 3680 ται
309 3631 491 3706 φοράν.
525 3629 965 3703 Ἐγκατὲσπειρεν
994 3628 1097 3702 γὰρ
1139 3628 1167 3680 ὁ
1207 3628 1334 3688 Θεὸς
1362 3632 1478 3686 τοῖς
1533 3628 1693 3695 ζώοις
1745 3624 1836 3680 δυ-

206 3717 373 3794 νάμεις
400 3719 828 3794 προγνωστικὰς,
859 3714 928 3771 δι’
959 3715 1032 3770 ὦν
1063 3717 1130 3770 τὰ
1161 3719 1406 3791 σωτήρια
1437 3713 1696 3770 διώκουσι
1745 3714 1835 3770 καὶ

205 3795 261 3861 τὰ
286 3805 499 3880 λυπηρὰ
527 3806 903 3885 διαφεύγουσι.

207 3939 286 4005 ρν’.
314 3932 456 3989 Διατί
482 3934 568 3989 τὸν
603 3933 698 4007 μξν
733 3927 1571 4007 σῖτον.ἒνλπηλώδειλφυτεῦομεν
1605 3934 1699 4007 γῇ,
1732 3931 1831 4000 τήν

644 4003 701 4059 δὲ
738 4005 930 4078 κριθὴν
965 4002 1015 4057 ἐν
1059 4005 1366 4076 καταξήρῳ.

265 4111 318 4169 Ὀ
368 4118 514 4176 σῖτος
574 4113 770 4187 πικρὸς
827 4110 911 4166 ὅτι
967 4111 1056 4166 καὶ
1117 4107 1390 4183 ξυλώδης,
1423 4107 1604 4186 χαύνη
1641 4107 1698 4164 δὲ
1743 4111 1833 4165 καὶ

207 4197 537 4274 ιὺδιάσηπτος
689 4202 872 4278 κριθή.
927 4201 1085 4264 Ὀθεν
1146 4198 1344 4262 ἐκεῖνος
1405 4200 1498 4272 μὲν
1561 4197 1834 4273 μαλαττό-

209 4309 344 4360 pavo;
387 4292 476 4345 καὶ
535 4289 880 4368 χολούμενος
933 4290 1036 4345 ὑπὸ
1091 4293 1188 4344 τοῦ
1247 4288 1410 4366 ὑγροῦ
1447 4288 1683 4361 μάλιστα
1714 4289 1836 4368 φύε-

205 4397 296 4435 ται.
339 4385 412 4454 Τῇ
445 4378 503 4436 δὲ
527 4383 691 4457 κριθῇ
731 4376 820 4434 διὰ
851 4378 1131 4453 μανότητα
1158 4377 1434 4456 σύμφορόν
1493 4378 1605 4433 ἐστι
1634 4379 1696 4434 τὸ
1733 4380 1834 4451 ,ξη-

207 4468 421 4544 ρότερον,
475 4472 590 4526 ὅθεν
653 4469 966 4545 πυροφόρος
1020 4469 1177 4543 μὲνὴ
1237 4467 1376 4522 πίων
1423 4467 1511 4522 καὶ
1557 4468 1830 4544 βαθῦγεως

1946 3275 2066 3330 lum
2102 3278 2289 3327 nautea
2319 3272 2407 3326 vel
2448 3273 2768 3343 piscatores
2803 3273 2948 3326 mari
2995 3278 3478 3344 supernatantem
3510 3273 3600 3329 vi-

1946 3365 2105 3430 dent,
2138 3366 2547 3432 tempestatem
2573 3361 2951 3431 praesagiunt,
2974 3363 3055 3416 uti
3079 3367 3383 3417 ventorum
3408 3362 3602 3417 immi-

1947 3453 2211 3509 nentium
2237 3452 2470 3521 signum
2495 3455 2603 3515 est,
2629 3451 2676 3504 si
2703 3449 3050 3521 polypodem
3079 3439 3600 3507 animadverterint

1946 3548 2122 3614 petrae
2154 3541 2570 3595 adhaerentem.
2599 3539 2980 3593 Inseminavit
3006 3539 3161 3594 enim
3192 3539 3344 3594 Deus
3369 3539 3597 3594 anima-

1945 3631 2102 3686 libus
2135 3629 2473 3684 facultatem
2507 3627 2802 3697 ejusmodi
2834 3628 3260 3698 przenotricem,
3289 3629 3457 3699 cujus
3489 3645 3598 3700 ope

1946 3721 2252 3793 profutura
2300 3721 2764 3789 prosequuntur,
2811 3720 2868 3770 et
2915 3732 3043 3787 quas
3096 3733 3300 3772 nocere
3349 3721 3600 3788 possunt

1944 3809 2198 3882 fugiunt.

1947 3935 2068 3991 150.
2103 3934 2284 4003 Quare
2310 3935 2655 4004 frumentum
2694 3931 2754 3985 in
2798 3930 2993 4004 lutoso,
3023 3930 3287 3988 hordeum
3330 3932 3392 3989 in
3431 3931 3595 3989 arido

2526 4005 2864 4059 conserimus
2892 4003 3024 4059 solo.

2015 4112 2299 4179 Quoniam
2325 4111 2599 4167 frumenti
2621 4110 2826 4183 planta
2845 4127 3044 4167 amara
3067 4127 3134 4167 ac
3155 4109 3465 4168 surculosa
3486 4114 3596 4182 est,

1940 4203 2144 4259 hordei
2174 4206 2372 4258 autem
2403 4200 2534 4256 laxa
2585 4204 2642 4256 et
2693 4200 2942 4272 fungosa
2972 4215 3215 4271 quaeque
3262 4199 3433 4256 facile
3462 4217 3594 4256 cor-

1943 4291 2260 4364 rumpitur,
2284 4290 2438 4346 unde
2472 4287 2616 4344 illud
2650 4289 2721 4345 ab
2756 4288 3000 4344 humido
3030 4288 3357 4344 emollitum
3389 4305 3596 4345 succo-

1944 4399 2056 4454 que
2088 4380 2397 4454 impletum
2448 4378 2666 4451 optime
2697 4377 2928 4448 crescit,
2960 4378 3178 4434 hordeo
3229 4382 3425 4434 autem
3459 4378 3599 4450 quia

1943 4471 2158 4528 laxiore
2208 4475 2422 4526 natura
2453 4474 2562 4538 est,
2597 4469 2784 4540 magis
2833 4467 3106 4523 conducit
3153 4471 3308 4523 terra
3336 4467 3549 4523 siccior
3581 4483 3594 4522 :

207 4554 405 4634 ἄρουρα,
473 4557 802 4636 κριθοφόρος
883 4556 940 4613 δὶ
1014 4559 1049 4627 ἡ
1129 4555 1457 4633 λεπτόγεως.
1521 4557 1667 4612 Διότι
1723 4562 1830 4613 τῶν

1955 4564 2094 4618 inde
2125 4567 2181 4617 et
2213 4559 2447 4632 pinguis
2480 4575 2544 4614 ac
2576 4558 2907 4630 profundus
2939 4574 3077 4629 ager
3124 4559 3347 4614 bonum
3380 4557 3602 4630 profert

206 4647 505 4720 σπερμάτων
546 4650 614 4704 τὰ
671 4647 872 4723 ἰσχυρὰ
915 4646 1172 4710 πλείονος
1204 4649 1410 4722 τροφῆς
1445 4644 1635 4717 δεῖται,
1680 4649 1748 4703 τὰ
1777 4646 1835 4704 δὲ

206 4733 376 4807 ἀσθενῆ
435 4736 766 4811 λεπτοτέρας
843 4737 929 4791 καὶ
991 4735 1256 4813 ἐλαφρῆς.
1315 4737 1716 4811 Ἀσθενὲστερον
1777 4736 1836 4793 δὲ

206 4825 427 4895 ἠκριθή
486 4829 569 4881 καὶ
637 4825 950 4900 μανότερον,
1011 4824 1126 4880 ὅθεν
1187 4825 1248 4879 οὐ
1307 4827 1582 4897 φέρειτήν
1616 4825 1835 4896 πολλὴν

203 4916 388 4988 τροφήν
444 4918 532 4970 καὶ
589 4917 832 4991 βαρεῖαν,
884 4916 1127 4987 Ἑκάστῳ
1179 4914 1279 4990 γὰρ
1342 4913 1687 4989 βλαστήματι
1747 4917 1835 4972 καὶ

206 5001 389 5076 ἑκάστῳ
461 5007 718 5080 φυομὲνῳ
785 5004 974 5079 χόρτῳ
1036 5003 1071 5074 ἢ
1153 5004 1422 5079 σπέρματι
1480 5003 1835 5076 κατάλληλον

206 5093 300 5163 χρὴ
352 5095 450 5161 τήν
517 5093 876 5166 ὑποκειμένην
945 5091 1436 5166 παρασκευάζεσθαι
1503 5100 1630 5168 γῆν,
1690 5093 1838 5157 ὅπως

205 5179 243 5249 ᾧ
288 5183 467 5256 χαίρει
521 5180 767 5253 ἕκαστον,
797 5183 977 5259 τούτῳ
1004 5183 1338 5259 τρεφόμενον
1371 5180 1618 5254 αὔξηται.
1652 5184 1837 5256 Χαίρει

206 5264 255 5322 δὲ
296 5271 360 5325 τὰ
419 5273 516 5346 μὲν
565 5279 684 5336 τοῖς
714 5275 924 5348 ξηροῖς,
954 5273 1022 5327 τὰ
1051 5269 1109 5327 δὲ
1137 5276 1254 5335 τοῖς
1289 5272 1494 5346 ὑγροῖς,
1538 5272 1605 5326 τὰ
1635 5269 1692 5327 δὲ
1721 5280 1838 5336 τοὶς

205 5366 431 5434 θερμοῖς.

201 5479 318 5551 ρνιί.
351 5478 508 5536 Διατί
535 5481 569 5551 ἠ
605 5479 854 5555 ἄμπελος
883 5477 1347 5555 οἴνῳ-ῥαινομὲνη
1387 5479 1621 5554 μάλιστα
1656 5483 1738 5552 τῷ
1789 5475 1842 5551 ἕξ

680 5552 812 5622 αὐτῆ
823 5573 870 5620 ς,
919 5549 1348 5628 ἂναξηραίνεταιι

267 5658 381 5719 Ὀτι
442 5659 474 5715 ὁ
526 5656 750 5737 ἄκρατος
810 5658 1111 5728 στυπτικὴν
1160 5651 1303 5734 ἔχων
1373 5658 1528 5738 φύσιν
1603 5653 1844 5714 ἰνδύεται

520 5790 774 5852 Ρλτιιοι..
826 5789 937 5851 Gn.
989 5786 1230 5850 CXXII.

1944 4653 2329 4719 frumentum,
2363 4649 2560 4704 tenuis
2600 4648 2907 4702 hordeum.
2936 4646 3173 4702 Semina
3227 4647 3472 4702 robusta
3500 4664 3600 4703 co-

1944 4741 2196 4814 piosiora
2244 4739 2606 4794 nutrimento
2639 4736 2928 4808 indigent,
2963 4735 3290 4792 inﬁrmiora
3337 4736 3602 4793 tenuiore

1945 4848 2010 4887 ac
2041 4829 2270 4885 leviore.
2307 4829 2407 4882 Est
2437 4830 2634 4882 autem
2667 4826 2953 4880 hordeum
2980 4825 3153 4897 longe
3185 4825 3484 4880 inﬁrmius
3517 4843 3602 4880 ra-

1946 4920 2205 4989 riusque,
2234 4917 2385 4971 unde
2415 4933 2527 4970 non
2561 4916 2664 4969 fert
2695 4914 3122 4969 nutrimentum
3147 4930 3320 4986 grave
3352 4931 3417 4970 ac
3451 4914 3602 4970 mul-

1945 5013 2094 5063 tum.
2118 5007 2315 5063 Cuivis
2355 5005 2509 5059 enim
2567 5004 2775 5072 plantzr
2822 5003 3084 5058 herbaave
3118 5003 3383 5059 nascenti
3414 5021 3480 5060 ac
3513 5020 3603 5060 se-

1947 5097 2092 5152 mini
2140 5098 2558 5166 congruentem
2595 5098 2806 5145 terrzim
2839 5092 3128 5162 subjicere
3177 5097 3352 5164 atque
3405 5096 3606 5164 aptare

1947 5188 2195 5258 oportet,
2230 5188 2295 5238 ut
2327 5199 2444 5254 qua
2477 5180 2777 5251 quodlibet
2817 5182 3053 5252 gaudet,
3085 5181 3142 5234 in
3185 5180 3296 5236 hac
3326 5180 3519 5236 alatur
3548 5185 3607 5236 et

1949 5272 2265 5338 adolescat,
2289 5275 2465 5344 prout
2486 5269 2601 5326 alia
2630 5271 2808 5340 sicco,
2830 5267 3074 5326 humido
3108 5269 3246 5342 alia,
3273 5269 3385 5327 alia
3414 5269 3604 5327 calido

1950 5363 2313 5419 delectantur
2343 5361 2487 5418 solo.

2005 5480 2126 5534 151.
2161 5479 2340 5548 Quare
2367 5479 2494 5534 vitis
2524 5477 2946 5552 vincirrigata,
2978 5478 3230 5533 maxime
3259 5479 3412 5552 quod
3442 5479 3562 5551 ipsa

2511 5549 2708 5618 edidit,
2740 5557 3045 5604 excrescat.

2022 5659 2309 5725 Quoniam
2368 5675 2597 5715 merum
2645 5656 2699 5713 vi
2751 5673 2859 5713 sua
2908 5657 3156 5730 styptica
3206 5658 3326 5716 sive
3374 5660 3602 5714 contra-

3207 5787 3285 5844 25
