4032 6202
387 323 508 381 779

1718 322 2143 383 MICHAELIS
2191 323 2458 382 l’SlﬁLLl

3685 325 3816 387 780

386 455 560 509 hente
592 452 857 509 insinuat
888 470 950 510 se
983 454 1300 522 radicibus,
1332 473 1618 527 porosque
1648 455 2033 526 constipando

2160 458 2264 517 ταῖς
2295 453 2492 528 ῥίζαις,
2548 454 2795 515 καὶτοὺς
2841 453 3044 530 πόρους
3097 457 3410 532 συναγαγὼν
3438 456 3526 511 καὶ
3579 458 3814 512 πυκνώ-

389 561 455 599 ac
488 545 902 599 condensando
938 562 1052 599 non
1099 545 1239 600 sinit
1270 562 1481 615 aquam
1519 552 1580 600 ut
1612 546 1811 616 planta
1842 546 2044 600 floreat

390 641 751 706 crescatque,
805 641 1130 706 penetrare.
1167 635 1418 689 Facilius
1460 652 1592 690 vero
1644 634 1878 690 imbibit
1909 634 2042 689 vitis

389 724 589 778 vinum
625 725 777 795 quod
826 742 893 779 ex
939 724 1066 794 ipsa
1095 726 1419 795 profectum
1453 731 1560 789 est,
1595 725 1644 779 si
1695 725 1776 779 illi
1828 725 2041 780 iterum

392 813 747 869 affundatur.
781 814 901 868 Etsi
942 814 1099 868 enim
1143 830 1320 869 sensu
1353 815 1691 870 destituitur
1721 813 1942 886 planta,
1975 829 2042 868 ac

390 919 495 958 nec
525 903 785 974 appetitu
820 919 924 957 nec
955 901 1267 973 phantasia
1298 911 1580 973 movetur,
1606 911 1802 959 tamen
1836 908 2044 958 natura

388 993 572 1047 fertur
601 993 672 1048 ad
703 1008 942 1048 succum
973 993 1086 1048 sibi
1122 993 1494 1064 familiarem,
1522 1000 1580 1050 et
1611 994 1681 1049 ab
1713 1010 1780 1049 eo
1813 992 2043 1048 facilius

388 1083 772 1152 constipatur.
805 1081 1088 1137 Caeterum
1125 1083 1272 1138 nihil
1315 1082 1528 1152 verius,
1556 1100 1731 1154 quam
1769 1081 1951 1137 multa
1981 1081 2040 1137 in

386 1170 642 1242 physicis
674 1187 803 1227 esse
848 1189 973 1243 quae
1006 1171 1326 1228 difﬁculter
1355 1174 1632 1244 explicari
1683 1177 1738 1229 et
1789 1188 2041 1244 quorum

383 1260 640 1316 rationes
671 1261 1026 1332 conjecturis
1057 1279 1170 1318 non
1204 1262 1372 1319 facile
1401 1263 1613 1335 attingi
1646 1267 1911 1335 possunt,
1941 1279 2042 1317 cu-

376 1350 643 1422 jusmodi
674 1351 966 1422 profunda
995 1353 1328 1423 cognitione
1355 1354 1642 1425 tantisper
1673 1352 1873 1420 dilata,
1899 1351 2043 1406 satis

383 1440 554 1497 nobis
572 1456 701 1497 esse
717 1441 888 1497 debet
909 1440 957 1496 si
981 1442 1298 1498 verisimile
1321 1442 1544 1514 aliquid
1569 1443 1864 1499 afferetur.
1884 1441 2041 1496 Idem

383 1535 580 1602 aperte
625 1532 930 1603 proﬁtetur
977 1530 1139 1587 Plato
1171 1531 1231 1586 in
1264 1532 1502 1603 Timaeo,
1529 1537 1706 1604 atque
1752 1531 1883 1586 ideo
1928 1530 2043 1586 Nec

381 1635 509 1692 ego,
541 1620 756 1692 inquit,
781 1620 882 1692 qui
911 1620 1138 1692 loquor,
1165 1638 1270 1678 nec
1291 1638 1391 1677 vos
1422 1623 1521 1693 qui
1555 1639 1646 1678 me
1679 1621 1899 1678 auditis
1929 1619 2041 1676 hu-

382 1710 540 1765 mani
571 1709 797 1783 aliquid
827 1727 861 1765 a
891 1710 1060 1767 nobis
1091 1711 1349 1767 alienum
1382 1717 1588 1783 putare
1622 1711 1925 1768 debemus.

459 1847 581 1901 152.
611 1846 793 1914 Quare
817 1861 959 1922 rosae
988 1847 1166 1902 laetius
1193 1851 1390 1922 ﬂorent
1415 1849 1732 1921 ﬁelenlibus
1758 1850 1970 1922 plantis

922 1921 1088 1991 juxta
1117 1921 1490 1978 nascentibus.

457 2025 582 2080 Non
615 2041 758 2080 rosae
791 2023 1006 2096 solum,
1031 2027 1128 2082 sed
1162 2030 1218 2082 et
1249 2027 1372 2083 lilia
1397 2031 1453 2083 et
1483 2044 1846 2101 quaecunque
1878 2027 2041 2084 suavi

395 2115 570 2171 odore
619 2116 1116 2187 praestant,juxta
1147 2117 1522 2172 nascenlibus
1576 2117 1711 2173 allio
1759 2121 1818 2172 et
1864 2117 2042 2189 cmpis

397 2204 784 2274 fragrantiora
815 2206 1296 2278 ﬁunt.Siquidem
1325 2206 1610 2278 quidquid
1637 2206 1899 2262 adhucin
1926 2205 2044 2260 illis

394 2298 697 2364 supererat
735 2311 863 2350 acre
908 2301 1084 2368 atque
1114 2296 1434 2367 ingratum,
1467 2300 1676 2352 natura
1723 2313 1832 2351 sua
1862 2296 2046 2351 fertur

393 2383 463 2438 ad
513 2381 613 2438 illa
660 2383 928 2439 acerrimi
979 2385 1175 2440 odoris
1226 2384 1472 2455 semina,
1506 2385 1590 2440 sic
1639 2389 1704 2440 ut
1753 2383 2042 2456 reliquum

393 2472 602 2527 deinde
623 2472 698 2527 sit
725 2474 1264 2544 fragrantissimum
1295 2474 1902 2545 amamissimumque.
1932 2473 2043 2528 Sed

392 2564 449 2616 et
478 2565 607 2616 ruta
639 2562 750 2616 sub
781 2563 890 2618 fico
918 2562 1180 2634 plantata
1204 2564 1268 2619 ﬁt
1290 2581 1465 2635 quam
1501 2564 1660 2636 prius
1683 2568 1806 2619 erat
1836 2563 2043 2630 acrior,

395 2667 529 2706 nam
578 2651 734 2721 quod
794 2652 853 2707 in
903 2653 1011 2708 ﬁco
1070 2657 1195 2708 erat
1250 2653 1704 2725 graveolentius,
1736 2655 1794 2709 in
1853 2656 2045 2708 rutam

393 2743 763 2796 transfertur.
797 2741 984 2796 Etiam
1019 2741 1078 2797 in
1112 2742 1238 2797 ﬁcis
1269 2760 1448 2814 prope
1480 2743 1784 2815 capriﬁcos
1814 2740 2046 2813 planta-

394 2829 471 2885 tis
501 2829 802 2886 suaviores
843 2831 936 2885 ﬁci
984 2837 1328 2901 nascuntur,
1364 2832 1654 2903 siquidem
1688 2832 2049 2904 homogenea

397 2935 463 2975 ac
492 2919 704 2976 similis
740 2921 973 2992 generis
1007 2939 1134 2994 quae
1160 2927 1320 2989 sunt,
1347 2939 1448 2994 per
1479 2927 1750 2978 naturam
1784 2923 2050 2978 feruntur

395 3025 462 3065 ac
494 3009 809 3066 trahuntur
847 3011 917 3066 ad
969 3011 1206 3081 similia,
1240 3012 1529 3084 quidquid
1584 3013 1783 3085 itaque
1830 3011 1888 3066 in
1942 3012 2048 3067 ﬁco

396 3103 520 3154 erat
549 3117 702 3166 acre,
734 3101 792 3155 in
825 3101 1166 3172 capriﬁcum
1210 3103 1444 3174 transit,
1480 3106 1654 3175 atque
1684 3103 1827 3159 adeo
1854 3101 2048 3158 since-

395 3206 518 3246 ram
550 3189 601 3246 ei
631 3195 822 3247 servat
855 3189 1252 3248 dulcedinem.

396 3327 518 3384 153.
555 3327 732 3396 Quare
761 3343 1023 3400 aprorum
1068 3327 1332 3400 lacrymaz
1369 3328 1583 3398 dulces,
1615 3344 1900 3386 cervorum
1937 3330 2050 3385 sint

1127 3401 1314 3457 salsae.

465 3506 581 3562 Hoc
638 3511 696 3564 et
752 3507 942 3564 calore
999 3512 1056 3564 et
1112 3508 1431 3580 frigiditate
1489 3509 1795 3580 contingit.
1841 3508 2053 3564 Cervus

396 3597 554 3652 enim
587 3597 807 3668 frigidae
842 3603 1065 3652 naturae
1096 3602 1208 3662 est,
1239 3598 1391 3652 unde
1422 3603 1479 3652 et
1510 3597 1756 3653 timidus
1790 3614 2051 3670 semper-

398 3704 510 3758 que
545 3687 796 3757 fugiens,
849 3703 952 3740 nec
1000 3688 1099 3756 qui
1152 3701 1415 3756 unquam
1467 3686 1614 3741 alios
1663 3687 2049 3756 persequitur.

397 3781 471 3830 At
501 3792 639 3844 aper
667 3774 856 3829 calida
887 3779 1304 3844 temperatura,
1339 3774 1494 3828 unde
1525 3773 1684 3829 calor
1713 3773 1902 3829 oculis
1923 3777 2052 3846 ejus

398 3864 660 3920 insidens
690 3865 978 3934 lacrymas
1011 3862 1208 3933 coquit
1251 3866 1305 3917 et
1352 3862 1551 3917 dulces
1600 3863 1811 3929 reddit,
1845 3865 1945 3918 sed
1992 3864 2052 3919 in

399 3952 582 4009 cervis
641 3953 828 4023 frigus
877 3969 1010 4007 cum
1063 3957 1290 4006 mutare
1338 3950 1573 4006 illarum
1636 3957 1907 4007 naturam
1941 3970 2052 4009 non

397 4041 604 4114 possit,
641 4041 923 4113 relinquit
971 4041 1157 4096 salsas
1205 4041 1556 4112 crudusque.
1591 4041 1745 4096 Nihil
1779 4059 1920 4098 sane
1966 4048 2055 4098 est

396 4132 455 4187 in
509 4138 717 4186 natura
766 4134 923 4202 quod
984 4147 1221 4186 causam
1284 4147 1450 4185 suam
1513 4148 1627 4186 non
1688 4131 1884 4201 habet,
1919 4131 2054 4188 licet

398 4221 584 4277 multa
627 4225 864 4293 captum
917 4225 1184 4276 nostrum
1217 4220 1518 4290 effugiant.
1574 4222 1778 4291 Itaque
1827 4227 2056 4307 opertet

394 4309 676 4368 veriorem
709 4327 948 4366 causam
982 4326 1214 4381 semper
1241 4308 1555 4381 inquirere,
1589 4315 1785 4366 tamen
1819 4317 2054 4366 conten-

392 4406 521 4457 tum
568 4417 696 4456 esse
755 4401 932 4454 etiam
986 4398 1427 4466 verisimilibus,
1471 4400 1625 4469 quod
1682 4408 1735 4454 et
1779 4399 1940 4454 Plato
1992 4399 2052 4454 in

394 4489 680 4545 Phaedone
732 4489 1134 4559 facerejubet,
1187 4506 1300 4543 non
1349 4506 1416 4544 ea
1466 4489 1640 4545 modo
1689 4506 1816 4560 quae
1869 4488 2051 4544 refelli

2151 563 2244 604 σας
2295 541 2392 596 οὐκ
2420 541 2478 612 ἐᾷ
2531 540 2722 598 διιάναι
2756 544 2818 597 τὸ
2849 543 3014 620 ὕδωρ,
3050 545 3179 598 ὣστι
3236 546 3300 599 τὸ
3359 547 3522 621 φυτὸν
3555 545 3811 602 εὖθαλεῖν

2151 632 2239 686 καὶ
2293 631 2630 707 βλαστάνειν.
2685 634 2835 702 Ῥᾷον
2899 631 2956 687 δε
3015 635 3049 702 ἡ
3107 631 3354 705 ἄμπελος
3412 631 3624 709 δέχεται
3653 637 3717 690 τὸ
3753 634 3809 706 ἕξ

2152 720 2318 790 αὐτῆς
2381 722 2561 794 ἀπιόν,
2622 721 2696 784 εἷς
2756 722 2922 791 αὐτὴν
2981 721 3224 780 ἐπανιόν.
3287 722 3346 778 Ei
3397 725 3497 800 γὰρ
3529 725 3808 780 καὶάναι-

2153 813 2347 881 σθητον
2402 812 2464 866 τὸ
2522 811 2707 886 φυτὸν,
2767 810 2854 866 καὶ
2915 808 3038 866 οὔτε
3114 813 3262 885 ὁρμῇ
3345 812 3468 869 οὕτε
3543 814 3810 891 φαντασίᾳ

2153 898 2556 973 διοικούμενον,
2617 900 2762 955 ἀλλὰ
2819 901 2973 979 φύσει
3031 902 3168 976 πρὸς
3225 903 3314 957 τὸν
3376 901 3574 957 οἰκεῖον
3617 904 3804 979 χυμὸν

2149 991 2482 1068 τρεπομένη,
2528 992 2655 1065 παρ’
2684 990 2848 1045 αύτοῦ
2881 988 3094 1064 μᾶλλον
3132 991 3386 1064 ὑπομένει
3432 994 3531 1062 τὴν
3581 993 3806 1048 πύκνω-

2337 1080 2353 1099 ,.
2393 1079 2405 1096 ε
2506 1080 2528 1098 ν
2614 1080 2626 1096 ρ
2715 1082 2727 1098 ς
2852 1081 2867 1098 ς
3142 1079 3152 1098 .
3265 1086 3290 1096 -
3527 1082 3544 1098 ς

2153 1102 2253 1137 σιν.
2291 1084 2439 1137 Εισιν
2474 1102 2566 1135 ουν
2598 1102 2672 1143 ιυς
2704 1080 2905 1150 αληῦες
2936 1083 3002 1137 τὰ
3026 1081 3200 1137 πλειω
3224 1103 3330 1138 των
3364 1083 3808 1160 φυσιοΑογουμᾶ-

2151 1191 2257 1224 νων
2306 1166 2614 1248 δύσφραστα
2655 1170 2742 1225 καὶ
2795 1168 3128 1242 δυςείκαστα,
3161 1170 3249 1226 καὶ
3283 1167 3364 1226 δεῖ
3389 1173 3451 1226 τὸ
3487 1172 3580 1244 μὶν
3637 1171 3805 1247 βάθος

2152 1259 2543 1336 ἀπογινώσκειν
2572 1267 2669 1330 τῆς
2702 1257 3041 1337 διαγνώσεως
3075 1258 3326 1338 δέχεσθαι
3351 1257 3407 1317 δὶ
3426 1264 3490 1317 τὸ
3513 1258 3803 1334 διδόμενον

2154 1349 2214 1404 ἂν
2240 1346 2356 1425 ἔχει
2386 1349 2448 1404 τὸ
2479 1351 2726 1414 πιθανόν.
2757 1354 2926 1406 Τοῦτο
2958 1349 3046 1406 καὶ
3077 1351 3306 1407 Πλάτων
3339 1350 3389 1406 ἐν
3430 1351 3644 1425 Τιμαίῳ
3678 1352 3803 1425 βοᾷ,

2153 1439 2226 1502 ὡς
2260 1441 2397 1514 Ἐγώ
2427 1461 2484 1495 τε
2507 1441 2534 1496 ὁ
2567 1437 2744 1516 λέγων
2785 1441 2942 1514 ὑμεῖς
2973 1461 3032 1498 τε
3071 1441 3125 1496 οἱ
3175 1439 3462 1506 ἀκούοντες
3500 1440 3654 1516 φύσιν
3709 1443 3805 1496 ἀν-

2152 1530 2429 1606 θρωπίνην
2463 1525 2689 1605 ἔχομεν.

2071 1841 2118 1906 Β
2151 1845 2287 1921 ρνβ’.
2322 1844 2472 1900 Διατί
2501 1847 2568 1900 τὰ
2600 1844 2732 1921 βόρα
2787 1843 3001 1921 μᾶλλον
3035 1845 3185 1921 ἀνθεῖ
3214 1842 3471 1902 δυσωδῶν
3503 1851 3669 1902 τινῶν
3700 1868 3801 1902 πα-

2677 1918 3031 1995 ραφυομένων
3069 1917 3276 1981 αὐτοῖς.

2223 2014 2301 2070 Οὐ
2357 2014 2424 2069 τὰ
2478 2013 2610 2091 ῥόδα
2643 2015 2832 2088 μόνον,
2879 2014 3025 2070 ἀλλὰ
3062 2015 3152 2071 καί
3181 2015 3248 2071 τὰ
3286 2013 3346 2070 ⁸ία
3375 2015 3464 2071 καὶ
3497 2018 3673 2071 πάντα
3703 2017 3804 2072 ὅσα

2153 2101 2266 2179 ἔχει
2324 2101 2509 2173 ἡδεῖαν
2560 2104 2866 2183 ἀποφορὰν,
2925 2105 3048 2159 ὅταν
3101 2103 3334 2179 σκόροδα
3389 2105 3477 2160 καὶ
3535 2107 3802 2180 κρόμμυα

2150 2193 2364 2255 τούτοις
2419 2193 2776 2272 παραφύεται,
2829 2192 3161 2269 εὐωδέστεραι
3215 2195 3432 2269 γίνεται.
3494 2196 3643 2250 Διότι
3692 2203 3800 2250 πᾶν

2155 2281 2209 2338 εἷ’
2257 2305 2309 2338 τι
2364 2281 2530 2357 δριμὺ
2587 2285 2677 2338 καὶ
2709 2281 2982 2357 δύσοδμον
3016 2284 3067 2339 ἂν
3095 2283 3310 2346 τούτοις
3340 2285 3394 2358 ᾖ,
3444 2283 3495 2339 ἐν
3529 2293 3648 2347 τοῖς
3682 2285 3803 2360 δρι-

2157 2374 2410 2449 μυτέροις
2453 2379 2560 2428 τῶν
2621 2374 2944 2446 σπερμάτων
2996 2379 3235 2452 φυσικῶς
3263 2373 3511 2451 ἀπορρεῖ,
3565 2375 3658 2429 καὶ
3716 2374 3804 2450 γί-

2153 2485 2300 2518 νεται
2349 2464 2409 2516 τὸ
2465 2461 3017 2536 καταλιμπανόμενον
3049 2461 3407 2518 εὐωδέστατον
3437 2465 3528 2517 καί
3559 2464 3806 2538 ὀσφραν-

2153 2554 2473 2610 τικώτατον.
2508 2554 2607 2609 Καὶ
2636 2554 2698 2608 τὸ
2728 2555 2967 2628 πήγανον
3003 2553 3060 2608 δὲ
3092 2553 3195 2608 ὑπὸ
3224 2556 3291 2626 τῇ
3323 2556 3458 2626 συκῇ
3503 2553 3808 2630 φυτευόμε-

2155 2663 2244 2698 νον
2277 2640 2600 2718 δριμύτερον
2651 2641 2840 2697 ἑαυτοῦ
2877 2641 3128 2719 γίνεταις
3184 2642 3518 2716 μετατίθεται
3563 2643 3667 2716 γὰρ
3727 2641 3810 2704 εἰς

2157 2733 2319 2810 φυτὸν
2351 2733 2413 2788 τὸ
2445 2732 2496 2787 ἐν
2528 2736 2596 2806 τῇ
2625 2735 2762 2806 συκῇ
2827 2731 3158 2806 βαρύοσμον.
3215 2731 3320 2788 Καὶ
3361 2735 3469 2786 τῶν
3504 2737 3696 2792 συκαῖς
3752 2729 3813 2786 δδ

2158 2822 2370 2898 ἀγρίαις
2449 2822 2970 2900 παραφυτευομὲνων
3053 2825 3227 2876 συκῶν
3286 2819 3486 2896 βελτίω
3540 2821 3611 2875 τὰ
3669 2826 3811 2876 σῦκα

2155 2911 2418 2987 γίνονται·
2477 2910 2681 2980 Ὁλκῆς
2739 2911 2842 2986 γὰρ
2907 2909 3113 2984 δκάστῳ
3170 2911 3260 2966 καὶ
3317 2917 3488 2988 φορᾶς
3541 2911 3685 2985 πρὸς
3743 2910 3812 2964 τὰ

2159 2999 2418 3075 σύμφυλα
2445 3002 2535 3055 καὶ
2573 3001 2740 3073 ὅμοια
2766 3001 3076 3075 γινομένης,
3125 2997 3250 3055 ὅσον
3305 2998 3443 3054 ἐστὶν
3486 2999 3538 3054 ἐν
3568 3003 3641 3073 τῇ
3669 3009 3809 3075 γλυ-

2157 3091 2282 3162 καίᾳ
2309 3094 2444 3163 συκῇ
2477 3088 2666 3165 δριμὺ,
2699 3089 2773 3152 είς
2803 3091 2902 3158 τὴν
2931 3088 3115 3165 ἀγρίαν
3151 3083 3458 3161 μεταϐαίνει
3484 3095 3678 3157 συκῆν,
3710 3087 3807 3143 καὶ

2159 3181 2388 3253 ἄμικτον
2416 3183 2514 3250 τὴν
2547 3184 2646 3234 τοῦ
2677 3179 2840 3234 σύκου
2872 3176 3219 3257 διαφυλάττει
3249 3176 3580 3254 γλυκύτητα.

2159 3317 2286 3392 ρνγ’.
2321 3315 2417 3370 Διά
2451 3316 2597 3392 τίνειΔ
2620 3313 2793 3392 α-ἷ-τίαν
2845 3313 3039 3392 τριτῷν
3074 3313 3272 3392 ἀγρίων
3306 3317 3443 3392 συῶν
3474 3311 3644 3392 δάκρυ
3677 3311 3807 3387 ἡδὺ,

2545 3387 2609 3443 τὸ
2641 3385 2698 3442 δὶ
2725 3391 2833 3442 τῶν
2881 3384 3092 3462 ἐλάφων
3120 3384 3406 3463 ἀλμυρόν.

2230 3488 2404 3542 Τοῦτο
2465 3482 2552 3540 διὰ
2609 3485 2917 3561 θερμότητα
2945 3483 3033 3540 καὶ
3084 3484 3406 3561 ψυχρότητα
3455 3483 3686 3560 γίνεται.
3745 3483 3810 3540 Ὀ

2165 3576 2258 3648 μὲν
2307 3575 2408 3650 γὰρ
2459 3572 2658 3654 ἔλαφος
2716 3575 2949 3652 ψυχρὸς,
3010 3570 3126 3639 ὅθεν
3186 3574 3273 3629 καὶ
3335 3571 3517 3636 δειλὸς
3553 3573 3645 3628 καὶ
3680 3573 3810 3651 05'3-

2159 3687 2268 3741 γων
2331 3665 2433 3732 ἀεὶ,
2494 3662 2705 3719 διώκων
2763 3661 2819 3718 δὲ
2850 3662 3127 3720 ούδὲποτε.
3163 3664 3222 3720 Ὀ
3276 3661 3331 3718 δὲ
3363 3668 3556 3739 χοῖρος
3585 3663 3810 3738 θερμὸς,

2162 3752 2302 3809 ἔνθεν
2335 3775 2419 3809 τοι
2450 3755 2510 3809 τὸ
2549 3754 2641 3828 μὲν
2677 3755 2873 3830 θερμὸν
2905 3759 3021 3817 τοῖς
3055 3753 3362 3832 ὀφθαλμοῖς
3387 3757 3494 3808 τῶν
3528 3757 3672 3807 συῶν
3729 3753 3818 3828 ἐγ·-

2161 3847 2467 3918 καθήμενον
2500 3845 2687 3899 πέπτει
2717 3843 2930 3906 τούτοις
2960 3847 3022 3899 τὸ
3053 3842 3302 3921 δάκρυον,
3336 3842 3423 3898 καὶ
3444 3841 3620 3918 γλυκὺ
3647 3843 3817 3919 ἀπερ-

2162 3935 2404 4010 γάζεται.
2434 3936 2504 3989 Τὸ
2530 3932 2586 3990 δὲ
2617 3935 2827 4010 ψυχρὸν
2862 3929 3184 4007 μεταϐαλεῖν
3215 3937 3376 3988 τοῦτο
3417 3933 3534 3996 τοῖς
3581 3930 3822 4010 ἐλάφοις

2168 4027 2242 4099 μὴ
2272 4024 2541 4101 ἐξισχύον,
2574 4023 2821 4102 ἁλμυρὸν
2851 4029 3010 4080 τοῦτο
3036 4023 3123 4080 καὶ
3157 4029 3362 4103 φαῦλον
3395 4023 3471 4095 ἑᾷ.
3505 4020 3681 4080 Οὐδὲν
3712 4025 3819 4100 γᾶρ

2161 4120 2271 4172 τῶν
2303 4116 2515 4171 πάντων
2549 4115 2803 4184 ἀναίτιον,
2838 4114 2886 4169 εἴ
2914 4115 3002 4170 καὶ
3032 4113 3220 4170 πολλὰ
3245 4116 3344 4184 τήν
3377 4113 3647 4191 ἡμετέραν
3700 4112 3820 4170 δια-

2165 4207 2349 4282 φεύγει
2377 4204 2802 4280 κατάληψιν.Δεῖ
2832 4202 2888 4260 δὲ
2921 4205 2998 4260 ἀεὶ
3027 4207 3132 4279 μὴν
3163 4205 3256 4267 τὰς
3286 4203 3657 4279 ἀληθεστέρας
3691 4202 3824 4260 διω-

2162 4317 2272 4351 κειν
2305 4301 2411 4351 τῶν
2445 4295 2655 4363 αἰτίῶν,
2690 4293 2833 4351 ἀλλὰ
2857 4295 2946 4349 καὶ
2977 4300 3092 4357 ταῖς
3143 4294 3534 4368 πιθανωτέραις
3594 4293 3825 4368 ἀρκεῖσ-

2164 4387 2272 4455 θαι,
2302 4384 2414 4440 ἐπεὶ
2437 4385 2526 4440 καὶ
2556 4389 2717 4440 τοῦτο
2749 4383 2977 4442 Πλάτων
3010 4383 3433 4462 παρακελεύεται
3458 4382 3510 4439 ἰν
3563 4387 3647 4455 τῷ
3703 4381 3826 4439 δια·

2165 4473 2313 4552 λόγῳ
2341 4480 2418 4547 τῷ
2449 4472 2699 4546 Φαίδονι,
2733 4473 2793 4528 ού
2815 4475 2880 4528 τά
2911 4470 3206 4550 ἀνέλεγκτα
3239 4473 3426 4548 μόνον,
3459 4471 3607 4528 ἀλλὰ
3637 4473 3734 4529 καὶ
3758 4475 3829 4529 τὰ

392 4578 556 4634 nullo
589 4580 761 4634 modo
795 4583 1047 4650 possunt
1086 4577 1474 4650 amplectens,
1505 4578 1607 4634 sed
1639 4595 1706 4634 ea
1737 4595 1864 4650 qua:
1895 4578 2042 4634 difﬁ-

2165 4562 2487 4640 δυσίλεγκτα
2509 4561 2975 4642 προσδεχόμενος.

391 4667 578 4724 culter
605 4673 856 4740 possunt
886 4668 1200 4724 confutari.

395 4803 516 4858 154.
554 4802 734 4871 Quare
762 4800 951 4876 silices
996 4806 1045 4856 et
1071 4801 1307 4876 plumbi
1336 4802 1565 4876 laminae
1594 4818 1748 4874 aqua
1779 4805 2049 4876 imposita

804 4874 965 4928 illam
995 4875 1347 4945 frigidiorem
1379 4873 1637 4930 reddant.

457 4990 616 5045 Hanc
638 4989 1020 5061 quaestionem
1046 4989 1394 5045 Aristoteles
1419 4992 1475 5045 in
1509 4991 1890 5062 problematis
1911 5008 2042 5046 cum

381 5079 738 5134 instituisset
770 5081 1118 5150 expendere,
1145 5079 1464 5135 insolutam
1499 5079 1862 5150 rcliquit,est
1884 5081 2040 5134 enim

381 5185 449 5224 ex
481 5168 872 5223 difﬁcillimis.
896 5168 1187 5222 Nimirum
1224 5185 1355 5223 vero
1388 5185 1520 5224 cum
1551 5185 1650 5223 aer
1676 5169 2043 5224 extrinsecus

378 5257 638 5312 allabens
673 5275 887 5327 aquam
936 5257 1128 5311 reddit
1183 5257 1480 5328 frigidam,
1515 5257 1569 5311 id
1623 5257 1811 5328 magis
1860 5255 2038 5311 etiam

378 5348 609 5403 efﬁcere
634 5347 786 5401 valet
813 5364 944 5400 cum
973 5346 1028 5399 in
1054 5345 1279 5416 lapides
1305 5352 1360 5400 et
1387 5345 1608 5415 plumbi
1640 5345 1891 5400 laminas
1923 5344 2034 5400 im-

378 5437 678 5508 pingitur:
714 5436 1003 5489 densitate
1036 5434 1193 5488 enim
1229 5452 1335 5488 sua
1357 5434 1656 5503 excipiunt
1685 5433 1830 5487 illud
1865 5438 2038 5504 atque

376 5527 434 5580 in
475 5543 689 5598 aquam
739 5525 950 5579 iterum
1006 5525 1338 5588 remittunt,
1373 5527 1438 5576 ut
1486 5537 1589 5592 per
1638 5527 1820 5576 totam
1872 5521 2034 5576 illam

371 5615 627 5670 validius
661 5613 847 5683 frigus
895 5616 1194 5683 pervadat,
1227 5611 1385 5664 unde
1435 5609 1580 5663 nihil
1631 5610 1843 5664 mirum
1879 5613 2030 5682 quod

375 5704 570 5762 silices
603 5702 946 5776 plumbique
977 5701 1206 5757 laminae
1232 5716 1396 5772 aqua
1420 5699 1644 5772 injecta
1677 5698 1840 5754 illam
1874 5700 2032 5757 refri-

2157 4787 2282 4866 ρνδ’.
2318 4791 2414 4844 Διά
2441 4789 2564 4844 τίνα
2594 4787 2768 4866 αἰτίαν
2795 4787 3025 4866 χάλικες
3209 4781 3491 4866 μολιϐίδες
3524 4782 3830 4860 ὶμὸαλλό-

2457 4882 2611 4936 μεναι
2638 4856 2978 4937 ψυχρὸτερον
3010 4858 3073 4914 τὸ
3104 4856 3248 4936 ὕδωρ
3276 4863 3514 4928 ποιοῦσι,

2223 4984 2391 5034 Τοῦτο
2445 4980 2506 5034 τὸ
2582 4981 2802 5051 ζήτημα
2843 4978 2893 5032 ἐν
2963 4971 3354 5052 προϐλήμασιν
3414 4977 3830 5051 ’Δριποτὲλης

2155 5066 2510 5142 ἐπιχειρήσας
2569 5074 2839 5140 θεωρῆσαι
2898 5063 2997 5119 ούκ
3052 5062 3370 5134 ἐπιλύσατο,
3429 5061 3541 5119 ἔστι
3601 5067 3715 5140 γὰρ
3769 5067 3826 5122 ἐν

2148 5162 2265 5217 τοῖς
2321 5158 2558 5228 μάλιστα
2609 5151 3032 5228 δυσθεωρήτοις.
3065 5152 3128 5208 Εἰ
3159 5153 3258 5228 γὰρ
3309 5154 3395 5207 καὶ
3431 5154 3458 5207 ὁ
3490 5153 3598 5224 ἀήρ
3631 5175 3826 5229 παρα-

2150 5245 2316 5321 ψύχει
2375 5245 2435 5299 τὸ
2498 5243 2643 5318 ὕδωρ
2702 5239 2892 5316 ἔξωθεν
2955 5242 3261 5316 ἐμπίπτων,
3297 5242 3437 5296 οὕτω
3498 5238 3557 5296 δὲ
3592 5243 3823 5314 μᾶλλον

2149 5334 2327 5409 ἰσχύει
2386 5333 2523 5409 πρὸς
2584 5332 2710 5394 τοὺς
2769 5329 2955 5395 λίθους
2988 5332 3078 5386 καὶ
3107 5331 3201 5393 τὰς
3233 5326 3564 5403 μολιϐδίδας
3599 5332 3824 5407 ἀπερει-

2147 5421 2403 5496 δόμενος·
2457 5423 2715 5497 Στέγουσι
2765 5423 2864 5497 γὰρ
2917 5420 3074 5475 αὐτὸν
3133 5424 3204 5492 τῇ
3235 5419 3529 5489 πυκνότητι
3565 5421 3663 5475 καὶ
3696 5423 3822 5476 ἀνα-

2144 5517 2385 5569 κυκΛῶσι
2419 5512 2496 5573 εἰς
2544 5512 2606 5566 τὸ
2637 5509 2805 5584 ὕδωρ,
2867 5509 3006 5564 ὥστε
3065 5507 3136 5564 δι’
3167 5507 3304 5563 ὅλου
3370 5508 3608 5584 ἰσχυρὰν
3653 5512 3812 5586 γίνεο

2145 5607 2264 5658 σθαι
2318 5603 2418 5670 τὴν
2472 5600 2778 5675 περίψυξιν,
2830 5599 3014 5654 καινὸν
3073 5595 3234 5652 ούδὶτ
3265 5595 3351 5652 ἐὰν
3382 5598 3448 5652 τὰ
3474 5602 3584 5652 τῶν
3629 5598 3816 5675 χαλε-

2141 5714 2250 5748 κων
2295 5687 2501 5755 λιθίδια
2547 5688 2636 5744 καί
2687 5689 2741 5744 αἱ
2785 5681 3105 5762 μολιϐδίδες
3133 5681 3544 5762 ἐμϐαλλόμεναι
3579 5691 3809 5767 ψυχρὸν
