4032 6202
209 352 290 411 781
1340 349 1439 408 DE
1484 347 1923 409 OMNIFARIA
1969 350 2392 410 DOCTBINA.

3450 350 3570 411 782

205 514 381 564 ποιοῦσι
429 507 486 562 τὸ
535 504 704 579 ὕδωρ.
740 507 832 561 Διὸ
879 505 969 561 καὶ
1020 510 1307 581 χειμῶνος
1338 507 1387 559 ol
1433 507 1672 579 ποταμοὶ
1705 508 1805 580 ψυ-

1921 514 2144 579 gerant.
2176 508 2443 565 Similem
2473 509 2546 564 ob
2579 523 2819 564 causam
2880 505 3091 563 hiemis
3113 510 3377 578 tempore
3409 507 3570 565 ﬂuvii

205 599 416 674 χρότεροι
462 598 561 669 τῇ(
616 592 888 667 θαλάττης
937 595 1200 670 γίνονται·
1253 596 1431 671 ἰσχύει
1479 596 1583 671 γὰρ
1623 595 1674 650 ἐν
1708 596 1804 650 αὖ-

201 690 341 749 miro
377 686 582 761 ιζθυχρὸς
634 685 741 760 ἀὴρ
794 684 1206 758 ἀνακλώμενος,
1241 686 1291 740 ἐν
1342 683 1400 739 δὶ
1444 690 1512 759 τῇ
1566 684 1806 759 θαλάσσῃ

204 776 269 829 διὰ
298 776 440 849 βάθος
489 772 739 830 ὶκλύεται
789 776 925 849 πρὸς
975 771 1144 847 μηδὲν
1200 772 1533 848 ἀντερείδων.
1583 771 1807 837 Ἄλλως

199 886 243 920 τι
265 866 339 919 καὶ
368 866 393 918 ὁ
419 859 685 936 μόλιϐδος
716 868 822 918 τῶν
877 885 1028 941 φυσει
1062 867 1287 939 ψυχρῶν
1341 861 1505 933 ἐστιν,
1539 860 1597 917 οἷ’
1619 884 1677 917 τε
1703 863 1804 937 χά-

202 954 317 1015 λικες
434 953 731 1024 πυκνότητι
762 954 825 1009 τὸ
856 954 1068 1029 ψυχρὸν
1104 951 1192 1007 διὰ
1226 954 1386 1028 βάθος
1417 957 1687 1007 ποιοῦσιν.

953 1161 965 1179 Ι

202 1168 291 1237 ρνε’.
339 1160 425 1216 Διὰ
472 1161 597 1216 τίνα
636 1160 809 1216 αἰτίαν
862 1161 1093 1289 ἆχίροις
1145 1161 1234 1215 καὶ
1282 1159 1525 1235 ἱματίοις
1569 1163 1603 1230 ἡ
1662 1160 1801 1236 χιὼν

760 1231 918 1289 διαιου
964 1254 1195 1289 αττεται.

760 1231 1195 1312 διαφυλάττεται.

255 1341 539 1413 Θαυμαστὸν
603 1338 752 1395 δοκεῖ
808 1340 851 1396 εἷ
927 1340 993 1395 τὰ
1074 1338 1381 1417 θερμότατα
1454 1337 1656 1415 ἄχυρον
1712 1338 1801 1396 καὶ

201 1431 377 1502 ἱμάτιον
431 1432 714 1485 συνεκτικὰ
760 1435 869 1485 τῶν
902 1432 1263 1506 ψυχροτάτων
1310 1428 1472 1487 ἐστίν.
1525 1430 1637 1487 Οὐκ
1688 1426 1802 1505 ἔχει

202 1518 242 1573 δὲ
267 1522 435 1588 οὕτως,
490 1519 617 1575 ἀλλ’
674 1523 721 1575 εἴ
770 1520 928 1583 αὐτὸς
987 1519 1516 1597 παραλογιζόμενος.
1576 1518 1653 1576 Οὐ
1702 1520 1802 1595 γὰρ

201 1611 322 1686 φύσει
366 1612 558 1687 θερμὸν
608 1612 668 1666 τὸ
714 1612 955 1685 ἱμάτιον,
1008 1611 1097 1667 καὶ
1152 1611 1254 1687 γὰρ
1304 1613 1331 1666 ὁ
1381 1612 1551 1686 χιτὼν
1594 1612 1807 1687 ψυχρὸς

148 1736 149 1739 η
200 1702 308 1771 ἡμῖν
334 1701 649 1774 προσπίπτει
700 1702 761 1756 τὸ
811 1706 1027 1777 πρῶτον
1077 1698 1475 1773 ἐνδυσαμένοις,
1520 1702 1631 1756 εἶτα
1683 1700 1802 1775 μὲν-

198 1810 263 1844 τοι
309 1790 567 1865 θερμαίνει
615 1797 715 1860 τῆς
772 1791 859 1869 ἀφ’
917 1794 1077 1863 ἡμῶν
1137 1785 1470 1866 θερμότητος
1525 1789 1804 1862 ἐμπιπλά-

1916 598 2249 669 frigidiores
2299 605 2436 654 sunt
2468 615 2646 670 quam
2674 614 2855 668 mare,
2881 613 2978 653 aer
3009 597 3165 652 enim
3213 596 3462 669 frigidus
3509 596 3571 653 in

1914 687 2032 742 illis
2058 688 2308 742 reﬂexus
2354 691 2626 760 praevalet
2684 688 2875 759 magis
2918 703 3097 758 quam
3155 684 3215 741 in
3266 687 3437 755 mari,
3472 686 3575 742 ubi

1916 781 2151 849 propter
2194 778 2652 849 profunditatem
2699 778 2931 833 nullum
2964 778 3024 833 in
3077 775 3326 832 solidum
3359 792 3574 848 corpus

1914 866 2248 933 incidit,sed
2281 866 2887 938 dissolvitur.Alioqui
2920 866 3235 939 plumbum
3260 866 3436 921 etiam
3462 881 3572 922 na-

1912 958 2046 1009 tura
2078 956 2354 1026 frigidum
2377 961 2487 1021 est,
2512 962 2569 1013 et
2600 956 2795 1012 silices
2828 963 3067 1027 propter
3090 954 3441 1011 densitatem
3472 955 3574 1010 fri-

1914 1062 2024 1116 gus
2054 1046 2111 1101 in
2135 1046 2252 1101 imo
2273 1047 2517 1103 faciunt.

2057 1165 2177 1219 155.
2206 1168 2394 1235 Quare
2410 1165 2589 1237 paleis
2628 1173 2680 1220 et
2703 1165 3045 1220 vestimentis
3077 1164 3299 1235 injectis
3327 1166 3430 1221 nix

2538 1241 2919 1292 conservatur.

1987 1342 2197 1398 Mirum
2230 1342 2409 1398 videri
2432 1343 2617 1415 possit
2643 1344 2796 1414 quod
2811 1341 3187 1399 calidissima:
3211 1358 3302 1398 res
3320 1346 3384 1397 ut
3403 1342 3569 1415 palea

1916 1436 1971 1486 ct
2004 1433 2416 1488 vestimentum
2455 1432 2870 1505 frigidissimas
2901 1436 3273 1488 conservant.
3313 1432 3423 1487 Sed
3450 1448 3565 1487 non

1912 1520 1993 1575 ita
2018 1537 2078 1576 se
2102 1521 2294 1589 habet,
2325 1538 2527 1577 verum
2582 1520 2706 1592 ipse
2740 1521 2840 1593 qui
2898 1522 2980 1576 ita
3030 1521 3267 1591 judicas
3326 1519 3567 1576 falleris.

1913 1610 2111 1683 Neque
2134 1611 2290 1667 enim
2314 1615 2525 1667 natura
2558 1610 2815 1666 calidum
2850 1614 2940 1667 est
2969 1610 3412 1676 vestimentum,
3432 1626 3569 1665 nam

1914 1702 2246 1756 ettunicam
2282 1700 2471 1773 primo
2502 1717 2608 1757 nos
2642 1717 2776 1756 cum
2801 1716 2929 1755 eam
2963 1699 3567 1771 induimusfrigidam

1915 1792 2223 1857 sentimus,
2247 1790 2456 1845 deinde
2487 1791 2728 1846 demum
2760 1789 3048 1856 calefacit,
3072 1789 3312 1861 impleta
3345 1787 3571 1845 scilicet

198 1899 377 1950 σμενος,
426 1879 517 1934 καὶ
594 1881 704 1953 ἅμα
777 1878 1147 1955 περιστέλλων
1223 1881 1309 1934 καὶ
1370 1880 1460 1934 τὸν
1516 1877 1615 1949 ἔξω
1675 1878 1804 1957 ἀέρα

1921 1879 2105 1935 calore
2154 1898 2186 1934 a
2242 1895 2483 1952 corpore
2531 1884 2734 1936 nostro
2766 1879 3135 1951 procedente,
3167 1884 3223 1935 et
3262 1882 3566 1934 externum

197 1972 271 2020 τοῦ
339 1968 606 2041 σώματος.
686 1972 888 2044 ’Ὠσπερ
975 1967 1067 2023 οὖν
1153 1972 1300 2042 ἡμᾶς
1376 1970 1802 2044 θερμαινόμενον

200 2057 426 2129 θερμαίνει
481 2059 543 2112 τὸ
600 2059 850 2131 ἱμάτιον,
911 2057 1053 2113 οὕτω
1115 2060 1432 2134 ψυχόμενον
1482 2060 1581 2128 τὴν
1640 2058 1804 2133 χιόνα

198 2146 465 2221 περιψύχει.
510 2147 758 2223 Ψῦχεται
808 2145 865 2202 δὲ
924 2148 1018 2203 ὑπ’
1064 2148 1310 2227 ἀφιείσης
1358 2152 1569 2222 πνεῦμα
1602 2146 1799 2203 λεπτὸν

195 2239 322 2289 τοῦτο
365 2236 457 2310 γὰρ
512 2235 726 2313 συνέχει
784 2239 882 2307 τὴν
945 2240 1103 2311 πῆξιν
1169 2236 1334 2308 αὐτῆς
1384 2236 1802 2312 ἐγκατακεκλει-

200 2325 378 2395 auiam.
411 2324 771 2388 Ἀπελθόντος
802 2324 858 2381 δε
887 2331 983 2383 τοῦ
1030 2327 1337 2401 πνεύματος
1380 2326 1523 2403 ὕδωρ
1559 2326 1690 2382 οὖσα
1722 2327 1804 2403 ῥεῖ

196 2414 263 2466 καὶ
312 2412 611 2485 διατήκεται
667 2416 757 2470 καὶ
815 2416 1043 2481 ἀπανθεῖ
1088 2418 1150 2471 τὸ
1205 2414 1419 2486 λευκὸν,
1455 2416 1584 2487 ὅπερ
1641 2420 1675 2487 ἡ
1706 2416 1803 2472 τοῦ

196 2502 454 2575 πνεόματος
519 2505 658 2580 πρὸς
706 2505 768 2559 τὸ
818 2505 981 2580 ὑγρὸν
1042 2505 1283 2578 ἀνάμιξις
1336 2504 1595 2582 ἀφρώδης
1650 2526 1803 2580 γενο-

198 2592 298 2661 ςιένη
327 2598 569 2669 παρεῖχε,
602 2594 691 2647 καὶ
722 2595 782 2648 τὸ
832 2593 1036 2670 ἄχυρον
1073 2592 1162 2649 διὰ
1197 2596 1511 2673 κουφότητα
1540 2593 1802 2667 μαλακῶς

196 2680 471 2753 περιπῖπτον
507 2682 568 2737 οὗ
602 2682 825 2758 θρύπτει
854 2684 946 2737 τὸν
979 2684 1173 2757 πάγον.

1914 1986 2104 2023 acrem
2136 1968 2208 2023 ab
2238 1968 2339 2024 illo
2362 1983 2567 2025 arcens
2600 1986 2666 2025 ac
2709 1969 3019 2041 repellens.
3053 1968 3564 2032 Quemadmodum

1911 2058 2092 2129 igitur
2116 2058 2393 2114 calefacta
2442 2059 2615 2114 vestis
2652 2075 2758 2113 nos
2822 2057 3111 2124 calefacit,
3146 2057 3232 2113 sic
3266 2056 3568 2128 frigefacta

1912 2147 2075 2203 nives
2106 2146 2669 2220 refrigerat.Frigefit
2697 2153 2892 2203 autem
2915 2147 3132 2202 emisso
3163 2147 3235 2201 ab
3260 2145 3377 2201 illis
3399 2144 3564 2202 tenui

1912 2235 2251 2309 spiritu,qui
2283 2237 2423 2291 dum
2458 2254 2489 2291 a
2519 2240 2676 2292 veste
2705 2236 2972 2291 inclusus
3002 2236 3306 2302 retinetur,
3338 2251 3438 2291 eas
3468 2234 3561 2288 in-

1910 2330 2107 2397 tegras
2140 2343 2205 2381 ac
2236 2332 2567 2397 compaclas
2594 2325 3032 2380 conservat.Hic
3065 2324 3221 2379 enim
3253 2323 3337 2378 sic
3369 2322 3564 2393 exspi-

1914 2420 2001 2472 ret
2030 2420 2087 2471 et
2116 2414 2444 2484 evolaverit,
2497 2414 2595 2469 nix
2628 2414 2686 2469 in
2735 2430 2920 2484 aquas
2974 2431 3004 2469 e
3062 2412 3279 2485 quibus
3338 2414 3571 2468 constat

1914 2505 2228 2577 liquefacta
2258 2504 2509 2571 difﬂuet,
2542 2503 2918 2575 alboremque
2950 2519 3126 2561 suum
3159 2501 3337 2557 veluti
3368 2502 3573 2557 ﬂorem

1914 2596 2161 2661 amittet,
2212 2594 2453 2666 perinde
2502 2597 2568 2648 ut
2597 2593 2892 2648 evanescit
2922 2609 2988 2647 ac
3021 2592 3171 2664 perit
3200 2607 3416 2663 spuma
3444 2606 3574 2659 quae

1914 2682 2235 2754 spiramine
2256 2696 2389 2735 cum
2421 2696 2574 2752 aqua
2631 2681 2909 2752 permisto
2940 2685 3078 2736 nata
3138 2680 3343 2736 fuerat.
3376 2678 3489 2734 Sed
3520 2680 3580 2733 et

193 2770 343 2841 palea,
374 2774 655 2845 quoniam
686 2773 936 2845 perlevis
965 2779 1079 2843 est,
1116 2773 1368 2830 molliter
1398 2774 1634 2830 nivibus
1663 2773 2035 2844 incumbens,
2072 2771 2404 2829 consistens
2428 2772 2555 2842 ejus
2614 2770 2747 2843 gelu
2781 2788 2898 2827 non
2929 2769 3221 2841 dissolvit,
3258 2769 3363 2826 sed
3414 2767 3564 2823 inte-

195 2875 329 2931 grum
357 2862 658 2935 relinquit.

635 2979 762 3054 ρνς’.
795 2978 854 3033 Τί
884 2978 991 3033 ἐστι
1030 2977 1324 3053 βούλιμος.

248 3081 504 3157 Βούλιμος
557 3083 770 3161 λέγεται
837 3086 865 3139 ὁ
928 3086 1091 3160 μὲγας
1140 3084 1305 3157 λιμὸς
1357 3088 1473 3141 οἷον
1532 3082 1809 3157 πούλιμὸς

191 3191 274 3239 τις,
314 3174 448 3227 τοῦτ’
489 3168 601 3228 ἔστι
652 3173 827 3235 πολὺς
877 3174 1066 3246 λιμός.
1101 3171 1447 3245 Βουλιμιῶσι
1506 3171 1562 3229 δὲ
1615 3176 1665 3229 οἱ
1720 3172 1809 3229 διὸ.

2418 2978 2543 3031 156.
2579 2977 2722 3046 Quid
2749 2976 2825 3032 sit
2846 2976 3082 3032 bulimos

1990 3083 2252 3141 Bulimos
2303 3083 2620 3140 vehemens
2652 3083 2836 3139 fames
2866 3086 2975 3153 est,
3038 3080 3207 3154 quasi
3238 3076 3513 3152 πούλιμος
3547 3096 3581 3136 a

1918 3170 2094 3235 πολὺς
2129 3172 2355 3231 multus
2386 3176 2443 3228 et
2474 3169 2639 3244 λιμὸς
2670 3172 2825 3245 quod
2868 3172 3083 3227 famem
3115 3170 3432 3242 signiﬁcat.
3466 3168 3578 3223 Ve-

193 3260 346 3331 χιὸνος
381 3261 615 3333 μάλιστα
658 3260 801 3316 πολὺ
855 3260 1183 3337 βαδίζοντες·
1236 3262 1513 3337 Πάσχουσι
1557 3260 1613 3317 δὶ
1643 3268 1803 3317 τοῦτο

1921 3264 2248 3320 hementius
2270 3268 2467 3319 autem
2486 3262 2757 3318 esuriunt
2788 3260 2888 3333 qui
2917 3278 3019 3334 per
3048 3260 3209 3315 nives
3243 3258 3578 3328 frequenter

190 3348 261 3400 καὶ
308 3348 460 3405 ’ἵπποι
518 3352 608 3405 καὶ
665 3351 918 3423 ἡμίονοι,
971 3351 1057 3406 καὶ
1106 3349 1342 3424 μάλιστα
1390 3351 1512 3405 ὅταν
1575 3350 1801 3428 ἰσχάδας

187 3437 260 3489 καὶ
304 3438 449 3509 μῆλα
503 3439 829 3513 κομίζωσιν.
886 3443 953 3496 ‘0
1014 3438 1071 3495 δὲ
1131 3440 1575 3513 θαυμασιώτατόν
1638 3440 1802 3511 ἐστιν,

190 3524 269 3580 οὐκ
302 3528 613 3604 ἀνθρώπους
666 3529 857 3603 μόνον,
892 3528 1037 3585 ἀλλὰ
1064 3528 1152 3584 καὶ
1185 3532 1358 3601 κτήνη
1404 3528 1801 3607 ἀναρρώννυσιν

190 3613 320 3688 ἄρτος
364 3619 572 3673 πάντων
624 3616 912 3693 ἰδωδίμων
977 3618 1233 3693 μάλιστα,
1278 3620 1412 3675 ὥστε
1468 3618 1563 3674 κᾶν
1619 3620 1807 3696 ἐλάχι-

190 3724 289 3757 στον
340 3706 422 3760 ζαν
482 3710 744 3783 φάγωσιν,
805 3708 959 3771 εὐθὺς
1021 3706 1268 3765 ’ἵστανται
1320 3709 1407 3764 καὶ
1472 3708 1804 3787 βαδίζουσι,

187 3796 511 3871 περιψύχεται
558 3797 660 3872 γὰρ
705 3797 948 3874 ἴσχυρῶς
996 3798 1084 3853 καὶ
1134 3804 1428 3854 πυκνοῦται
1463 3801 1530 3854 τὰ
1579 3802 1805 3873 σώματα

187 3886 276 3935 τῶν
333 3883 651 3957 βαδιζόντων
712 3884 801 3941 διὰ
868 3887 1093 3963 χιόνος,
1149 3889 1431 3953 κάντεῦθεν
1486 3889 1549 3944 τὸ
1606 3889 1802 3965 θερμὸν

190 3966 356 4035 ἔσωθεν
405 3976 919 4051 ἀντιπεριστάμενον
976 3977 1246 4034 ἀναλίσκει
1294 3978 1392 4047 τὴν
1430 3979 1662 4056 τροφὴν,
1694 3978 1807 4034 εἶτα

191 4056 544 4135 inihi-306715:
606 4065 773 4134 αὐτῆς
831 4064 1009 4141 ὥσπερ
1058 4069 1120 4122 τὸ
1170 4072 1275 4142 πῦρ
1319 4069 1803 4143 ἀπομαραίνεσθαι.

190 4151 263 4204 Διὸ
298 4158 507 4209 πιινώσι
565 4150 775 4232 σιρόδρα
837 4157 887 4210 οἱ
943 4161 1105 4212 τοῦτο
1159 4157 1443 4231 παθόντες,
1493 4157 1581 4213 καὶ
1627 4158 1806 4234 βραχὺ

188 4241 429 4305 παντελῶς
486 4243 825 4321 ἐμφαγόντες
900 4245 1053 4310 εὐθὺς
1127 4246 1561 4320 ἀναλάμπουσιν.
1622 4249 1689 4305 Οἱ
1752 4245 1808 4303 δὲ

184 4329 263 4397 τὴν
292 4332 632 4406 βουλιμίασιν
662 4336 833 4397 πάθος
855 4334 907 4390 ἐν
936 4338 1202 4413 στομάχῳ
1225 4337 1351 4417 φασὶ
1375 4335 1463 4392 διὰ
1496 4334 1803 4415 συνδρομὴν

185 4425 358 4491 θερμοῦ
389 4420 752 4499 λειποψυχίαν
788 4428 1002 4484 ποιοῦν.

1914 3354 2022 3409 iter
2050 3351 2459 3425 faciunt,quod
2491 3356 2549 3407 et
2578 3350 2714 3423 equi
2748 3350 3013 3407 sentiunt
3043 3354 3101 3405 et
3132 3347 3297 3416 muli,
3320 3345 3575 3402 maxime

1914 3444 2147 3515 quando
2172 3442 2395 3498 caricas
2426 3441 2514 3497 vel
2574 3458 2745 3514 poma
2776 3442 3031 3514 portant.
3066 3438 3229 3504 Quod
3281 3451 3415 3491 vero
3447 3435 3565 3491 mi-

1915 3533 2163 3587 randum
2200 3532 2451 3587 maxime
2500 3539 2608 3600 est,
2642 3548 2757 3587 non
2810 3528 3080 3585 homines
3140 3527 3310 3583 modo
3360 3525 3463 3581 sed
3518 3527 3576 3580 et

1908 3622 2181 3692 jumenta
2212 3620 2364 3677 inter
2392 3638 2597 3677 omnes
2630 3621 2792 3678 cibos
2855 3636 3005 3692 pane
3063 3616 3314 3673 maxime
3360 3613 3573 3671 conﬁr-

1918 3715 2155 3767 mantur
2185 3714 2241 3767 et
2270 3712 2422 3767 vires
2463 3712 2773 3784 recipiunt,
2796 3725 2862 3767 ac
2892 3710 2942 3765 si
2966 3707 3051 3765 vel
3072 3706 3377 3781 paululum
3409 3720 3478 3760 ex
3502 3720 3569 3761 eo

1917 3801 2299 3872 comederint,
2330 3801 2505 3857 erecti
2542 3802 2753 3857 iterum
2782 3803 2942 3857 stant
2997 3802 3054 3855 et
3084 3795 3564 3870 progrediuntur.

1916 3891 2131 3947 Eorum
2167 3908 2336 3964 porro
2370 3891 2469 3963 qui
2508 3908 2609 3964 per
2668 3891 2829 3947 nives
2878 3890 2987 3945 iter
3047 3888 3290 3957 faciunt,
3325 3899 3570 3957 corpora

1916 3980 2291 4038 vehementer
2322 3980 2663 4037 afﬁciuntur
2693 3981 2906 4052 frigore
2936 3982 2993 4034 et
3015 3978 3445 4048 constipantur,
3480 3975 3567 4029 at-

1918 4088 2032 4142 que
2064 4071 2200 4128 inde
2234 4071 2391 4128 calor
2414 4072 2769 4127 intrinsecus
2804 4068 3083 4125 resistens
3132 4064 3429 4123 consumit
3461 4076 3575 4117 nu-

1919 4160 2289 4231 trimentum,
2346 4178 2460 4233 quo
2522 4160 2836 4231 absumpto
2870 4173 2986 4213 una
3047 4173 3179 4212 cum
3236 4153 3425 4209 calore
3475 4148 3580 4206 illa

1918 4251 2197 4306 deﬁciunt
2250 4267 2315 4305 a3
2348 4253 2633 4306 marcent.
2694 4248 2788 4303 Sic
2840 4247 3040 4318 itaque
3071 4244 3257 4300 affecti
3304 4240 3578 4297 esuriunt

1902 4340 2311 4409 vehementer,
2345 4344 2401 4394 et
2430 4338 2514 4395 vel
2558 4337 2863 4411 paululum
2896 4335 3015 4391 cibi
3062 4334 3110 4390 si
3160 4330 3441 4405 ceperint,
3475 4329 3578 4384 ite-

1917 4446 2047 4484 rum
2080 4428 2441 4485 reficiuntur.
2475 4429 2624 4484 Sunt
2672 4432 2729 4484 et
2760 4426 2859 4498 qui
2910 4440 3106 4482 acrem
3162 4422 3315 4478 hanc
3349 4420 3561 4476 famem

185 4510 485 4577 passionem
514 4514 576 4571 in
607 4516 917 4573 stomacho
951 4532 1079 4574 esse
1102 4516 1289 4585 aiunt,
1323 4515 1423 4590 qui
1450 4517 1522 4574 ob
1553 4517 1804 4575 calorem
1835 4516 1921 4574 illi
1950 4518 2331 4589 conjunctum
2364 4518 2519 4584 facit,
2580 4522 2645 4573 ut
2696 4514 3027 4588 deliquium
3055 4511 3238 4571 animi
3295 4509 3566 4567 homines

184 4600 470 4667 patiantur.

244 4720 358 4790 va'.
387 4721 475 4784 Τίς
506 4724 542 4792 ἡ
575 4719 724 4777 αἰτία
751 4717 821 4777 δι’
851 4724 916 4793 ἢν
951 4720 1221 4799 εὔθρυπτα
1289 4721 1453 4778 ίνεται
1488 4723 1555 4779 τὰ
1582 4722 1631 4779 ἐν
1664 4726 1732 4797 τῇ

570 4799 708 4851 συκῆ
740 4795 1153 4851 κρεμαννύμενα
1180 4744 1397 4851 κοέατα.

1921 4725 2023 4781 157
2051 4726 2186 4799 (13).
2220 4727 2400 4796 Quare
2428 4740 2619 4809 carnes
2645 4740 2716 4779 ea:
2734 4724 2840 4851 [ipso
2871 4722 3075 4849 atrborc
3104 4736 3380 4794 suspensae
3430 4722 3577 4776 tene-

2566 4813 2740 4851 nores
2820 4812 2889 4850 an
2922 4838 2935 4851 .

570 4799 709 4869 συκῇ
740 4799 1153 4871 κρεμαννύμενα
1180 4799 1397 4871 κρέατα.

243 4896 311 4951 Τὸ
339 4900 491 4973 φυτὸν
524 4904 558 4970 ἡ
616 4907 752 4970 συκῆ
800 4902 1051 4956 ἁπάντων
1098 4900 1208 4956 ἐστὶ
1242 4898 1642 4974 ὀπωδέστατον,
1689 4905 1807 4978 θερ-

190 4985 272 5051 μὸν
298 4987 384 5040 οὖν
430 4994 641 5062 πνεῦμα
683 4990 775 5044 καὶ
820 4988 987 5067 δριμῦ
1034 4990 1123 5045 καὶ
1154 4992 1422 5063 τμητικὸν
1454 4992 1667 5067 ἀφίησι.
1714 4994 1809 5049 Καὶ

186 5076 324 5127 τοῦτο
376 5078 590 5152 θρΰπτει
654 5078 746 5133 καὶ
820 5080 1066 5135 πεπαίνει
1136 5082 1237 5149 τὴν
1293 5081 1464 5153 σάρκα
1519 5086 1615 5135 τοῦ
1673 5078 1815 5153 ὅρνις

183 5160 276 5230 θος,
307 5165 419 5229 ὅθεν
447 5172 556 5223 τῶν
603 5167 817 5241 ταύρων
868 5170 895 5223 ὁ
942 5169 1339 5244 χαλεπώτατος
1392 5172 1528 5242 συκῇ
1579 5168 1815 5244 προσδε-

2566 4798 2740 4853 riores
2778 4796 2935 4866 ﬁant.

1992 4906 2163 4962 Ficus
2207 4906 2471 4961 omnium
2527 4904 2805 4959 fruticum
2865 4903 3262 4973 arborumque
3324 4896 3578 4953 maxime

1923 5013 2097 5053 succo
2131 4996 2416 5062 abundat,
2452 4996 2648 5065 itaque
2681 4993 2954 5065 spiritum
2990 5008 3058 5047 ex
3095 5007 3159 5045 se
3188 4987 3409 5044 emittit
3437 4984 3580 5042 cali-

1924 5086 2087 5155 dum,
2123 5100 2315 5141 acrem
2349 5088 2406 5140 et
2435 5082 2734 5139 incidendi
2792 5083 2846 5137 vi
2878 5080 3215 5153 praeditum.
3263 5081 3451 5147 Atque
3479 5074 3576 5129 hic

1925 5175 2149 5247 subigit
2178 5191 2244 5231 ac
2274 5172 2453 5229 veluti
2486 5171 2789 5245 percoquit
2813 5171 2935 5228 avis
2967 5185 3240 5243 appensa)
3263 5180 3493 5236 carnes,
3510 5160 3581 5221 si-

1722 5300 1951 5357 NOT/E.

374 5411 453 5469 Ita
478 5414 538 5470 in
568 5431 706 5489 ms.,
740 5431 857 5487 quo
887 5432 1034 5472 usus
1066 5415 1583 5488 sum,quaestiones
1610 5416 1695 5473 hee
1715 5435 1809 5476 ca-

176 5482 379 5547 pitibus
401 5502 534 5543 cum
566 5482 1039 5560 distinguuntur,
1074 5482 1263 5560 neque
1292 5494 1489 5543 tamen
1531 5491 1809 5560 pauciora

176 5564 498 5625 argumenta
529 5559 833 5616 continent
854 5577 1033 5625 quam
1065 5559 1244 5616 codex
1276 5560 1475 5615 Allatii
1508 5559 1808 5619 divisusin

177 5626 351 5713 (inpiis
379 5638 636 5713 expuunt
664 5648 735 5688 ex
759 5626 1145 5713 titulissupra
1171 5632 1711 5713 (col.524jascriptis
1726 5635 1811 5713 vi-

178 5693 352 5754 debis.
402 5693 599 5775 Itaque
628 5719 701 5760 ne
733 5705 867 5777 quis
897 5693 1263 5762 existimaret
1295 5721 1387 5760 me
1410 5693 1619 5761 minus
1654 5707 1808 5763 inte-

1921 5436 2091 5492 grum
2116 5419 2274 5475 istud
2307 5417 2479 5492 Psclli
2503 5417 2869 5492 opusculum
2896 5417 3056 5492 dare,
3087 5414 3147 5469 in
3176 5412 3582 5492 titulocapita

1920 5484 2087 5548 rixam
2122 5490 2460 5557 memoravi,
2500 5484 2638 5545 licet
2672 5508 2773 5562 pro
2807 5484 3089 5545 divisione
3123 5503 3303 5562 quam
3362 5485 3419 5540 in
3441 5484 3587 5562 Lino

1920 5566 2319 5635 denbrogiano
2351 5560 2689 5637 apographo
2721 5563 2929 5635 reperi,
2964 5577 3077 5617 non
3110 5560 3283 5634 plura
3313 5560 3456 5614 sunt
3486 5571 3584 5612 oa-

1923 5637 2045 5709 pita
2076 5653 2250 5709 quam
2284 5652 2453 5693 CLVII.
