  <div class='ocr_page' id='page_1' title='image "/cluster/home/n/w/nwhite01/storage/ocr_20150623/122/hvd.32044073502460/406.png"; bbox 0 0 4032 6202; ppageno 0'>
   <div class='ocr_carea' id='block_1_1' title="bbox 216 376 307 435">
    <p class='ocr_par' dir='ltr' id='par_1_1' title="bbox 216 376 307 435">
     <span class='ocr_line' id='line_1_1' title="bbox 216 376 307 435; baseline 0.011 -1"><span class='ocrx_word' id='word_1_1' title='bbox 216 376 307 435; x_wconf 77' lang='grc'>785</span> 
     </span>
    </p>
   </div>
   <div class='ocr_carea' id='block_1_2' title="bbox 1425 373 2340 447">
    <p class='ocr_par' dir='ltr' id='par_1_2' title="bbox 1425 373 2340 447">
     <span class='ocr_line' id='line_1_2' title="bbox 1425 373 2340 447; baseline 0.001 -10"><span class='ocrx_word' id='word_1_2' title='bbox 1425 373 1915 437; x_wconf 81' lang='lat' dir='ltr'>SOLUTIONES</span> <span class='ocrx_word' id='word_1_3' title='bbox 1961 377 2340 447; x_wconf 68' lang='lat' dir='ltr'>QUIEDAM.</span> 
     </span>
    </p>
   </div>
   <div class='ocr_carea' id='block_1_3' title="bbox 3480 385 3599 445">
    <p class='ocr_par' dir='ltr' id='par_1_3' title="bbox 3480 385 3599 445">
     <span class='ocr_line' id='line_1_3' title="bbox 3480 385 3599 445; baseline 0 0"><span class='ocrx_word' id='word_1_4' title='bbox 3480 385 3599 445; x_wconf 80' lang='lat'>786</span> 
     </span>
    </p>
   </div>
   <div class='ocr_carea' id='block_1_4' title="bbox 218 502 1827 583">
    <p class='ocr_par' dir='ltr' id='par_1_4' title="bbox 218 502 1827 581">
     <span class='ocr_line' id='line_1_4' title="bbox 218 502 1827 581; baseline -0.001 -20"><span class='ocrx_word' id='word_1_5' title='bbox 218 527 335 579; x_wconf 77' lang='grc' dir='ltr'>ματα</span> <span class='ocrx_word' id='word_1_6' title='bbox 381 502 781 581; x_wconf 72' lang='grc' dir='ltr'>διαμεριρισται</span> <span class='ocrx_word' id='word_1_7' title='bbox 816 549 832 572; x_wconf 88' lang='grc'>,</span> <span class='ocrx_word' id='word_1_8' title='bbox 891 504 979 559; x_wconf 77' lang='grc' dir='ltr'>καὶ</span> <span class='ocrx_word' id='word_1_9' title='bbox 1055 504 1221 581; x_wconf 70' lang='grc' dir='ltr'>μέχρι</span> <span class='ocrx_word' id='word_1_10' title='bbox 1280 502 1425 567; x_wconf 88' lang='grc' dir='ltr'>τίνος</span> <span class='ocrx_word' id='word_1_11' title='bbox 1479 505 1716 561; x_wconf 79' lang='grc' dir='ltr'>οίκοῦσιν</span> <span class='ocrx_word' id='word_1_12' title='bbox 1779 505 1827 560; x_wconf 71' lang='grc' dir='ltr'>οἳ</span> 
     </span>
    </p>
   </div>
   <div class='ocr_carea' id='block_1_5' title="bbox 1940 502 3598 583">
    <p class='ocr_par' dir='ltr' id='par_1_5' title="bbox 1946 507 3598 583">
     <span class='ocr_line' id='line_1_5' title="bbox 1946 507 3598 583; baseline 0.007 -20"><span class='ocrx_word' id='word_1_13' title='bbox 1946 507 2265 579; x_wconf 85' lang='lat' dir='ltr'>occidente,</span> <span class='ocrx_word' id='word_1_14' title='bbox 2300 527 2415 582; x_wconf 93' lang='lat' dir='ltr'>quo</span> <span class='ocrx_word' id='word_1_15' title='bbox 2449 510 2507 566; x_wconf 89' lang='lat' dir='ltr'>in</span> <span class='ocrx_word' id='word_1_16' title='bbox 2539 509 2934 583; x_wconf 87' lang='lat' dir='ltr'>septentrione</span> <span class='ocrx_word' id='word_1_17' title='bbox 2967 527 3031 566; x_wconf 91' lang='lat' dir='ltr'>ac</span> <span class='ocrx_word' id='word_1_18' title='bbox 3062 511 3121 567; x_wconf 89' lang='lat' dir='ltr'>in</span> <span class='ocrx_word' id='word_1_19' title='bbox 3166 518 3328 583; x_wconf 84' lang='lat' dir='ltr'>parte</span> <span class='ocrx_word' id='word_1_20' title='bbox 3356 518 3598 574; x_wconf 76' lang='lat' dir='ltr'>australi</span> 
     </span>
    </p>
   </div>
   <div class='ocr_carea' id='block_1_6' title="bbox 216 592 1839 671">
    <p class='ocr_par' dir='ltr' id='par_1_6' title="bbox 216 592 1839 671">
     <span class='ocr_line' id='line_1_6' title="bbox 216 592 1839 671; baseline -0.001 -21"><span class='ocrx_word' id='word_1_21' title='bbox 216 595 476 666; x_wconf 64' lang='grc' dir='ltr'>ἅνθρωποι,</span> <span class='ocrx_word' id='word_1_22' title='bbox 534 592 626 649; x_wconf 84' lang='lat' dir='ltr'>xui</span> <span class='ocrx_word' id='word_1_23' title='bbox 684 593 737 649; x_wconf 88' lang='grc' dir='ltr'>τί</span> <span class='ocrx_word' id='word_1_24' title='bbox 802 594 896 669; x_wconf 79' lang='grc' dir='ltr'>μὲν</span> <span class='ocrx_word' id='word_1_25' title='bbox 946 594 1007 649; x_wconf 85' lang='grc' dir='ltr'>τὸ</span> <span class='ocrx_word' id='word_1_26' title='bbox 1064 594 1232 671; x_wconf 81' lang='grc' dir='ltr'>πέρας</span> <span class='ocrx_word' id='word_1_27' title='bbox 1263 602 1362 665; x_wconf 77' lang='grc' dir='ltr'>τῆς</span> <span class='ocrx_word' id='word_1_28' title='bbox 1397 595 1447 650; x_wconf 75' lang='grc' dir='ltr'>ἐν</span> <span class='ocrx_word' id='word_1_29' title='bbox 1475 601 1544 670; x_wconf 78' lang='grc' dir='ltr'>τῇ</span> <span class='ocrx_word' id='word_1_30' title='bbox 1578 594 1722 650; x_wconf 74' lang='grc' dir='ltr'>δύσει</span> <span class='ocrx_word' id='word_1_31' title='bbox 1755 596 1839 650; x_wconf 66' lang='grc' dir='ltr'>οἱς</span> 
     </span>
    </p>
   </div>
   <div class='ocr_carea' id='block_1_7' title="bbox 209 681 1833 761">
    <p class='ocr_par' dir='ltr' id='par_1_7' title="bbox 209 681 1833 761">
     <span class='ocr_line' id='line_1_7' title="bbox 209 681 1833 761; baseline 0.001 -22"><span class='ocrx_word' id='word_1_32' title='bbox 209 688 415 756; x_wconf 70' lang='grc' dir='ltr'>κήσεως,</span> <span class='ocrx_word' id='word_1_33' title='bbox 445 682 496 738; x_wconf 89' lang='grc' dir='ltr'>τί</span> <span class='ocrx_word' id='word_1_34' title='bbox 530 681 589 741; x_wconf 75' lang='grc' dir='ltr'>δὲ</span> <span class='ocrx_word' id='word_1_35' title='bbox 621 685 685 739; x_wconf 87' lang='grc' dir='ltr'>τὸ</span> <span class='ocrx_word' id='word_1_36' title='bbox 745 683 795 738; x_wconf 71' lang='grc' dir='ltr'>ἐν</span> <span class='ocrx_word' id='word_1_37' title='bbox 826 690 905 757; x_wconf 81' lang='grc' dir='ltr'>τῷ</span> <span class='ocrx_word' id='word_1_38' title='bbox 940 684 1134 761; x_wconf 76' lang='grc' dir='ltr'>βοῤῥᾷ,</span> <span class='ocrx_word' id='word_1_39' title='bbox 1166 684 1257 739; x_wconf 84' lang='grc' dir='ltr'>καὶ</span> <span class='ocrx_word' id='word_1_40' title='bbox 1306 687 1356 740; x_wconf 86' lang='grc' dir='ltr'>τί</span> <span class='ocrx_word' id='word_1_41' title='bbox 1390 686 1452 741; x_wconf 86' lang='grc' dir='ltr'>τὸ</span> <span class='ocrx_word' id='word_1_42' title='bbox 1484 685 1531 741; x_wconf 77' lang='grc' dir='ltr'>ἐν</span> <span class='ocrx_word' id='word_1_43' title='bbox 1564 690 1644 759; x_wconf 72' lang='grc' dir='ltr'>τῷ</span> <span class='ocrx_word' id='word_1_44' title='bbox 1673 685 1833 758; x_wconf 85' lang='grc' dir='ltr'>νότῳ·</span> 
     </span>
    </p>
   </div>
   <div class='ocr_carea' id='block_1_8' title="bbox 211 771 1835 849">
    <p class='ocr_par' dir='ltr' id='par_1_8' title="bbox 211 771 1835 849">
     <span class='ocr_line' id='line_1_8' title="bbox 211 771 1835 849; baseline -0.001 -19"><span class='ocrx_word' id='word_1_45' title='bbox 211 777 282 830; x_wconf 78' lang='grc' dir='ltr'>Ἐν</span> <span class='ocrx_word' id='word_1_46' title='bbox 311 772 362 829; x_wconf 72' lang='grc' dir='ltr'>δὲ</span> <span class='ocrx_word' id='word_1_47' title='bbox 404 778 479 845; x_wconf 79' lang='grc' dir='ltr'>τῷ</span> <span class='ocrx_word' id='word_1_48' title='bbox 518 771 753 849; x_wconf 79' lang='grc' dir='ltr'>δευτέρῳ</span> <span class='ocrx_word' id='word_1_49' title='bbox 800 774 925 847; x_wconf 86' lang='grc' dir='ltr'>περὶ</span> <span class='ocrx_word' id='word_1_50' title='bbox 974 772 1193 844; x_wconf 72' lang='grc' dir='ltr'>ὕδατος,</span> <span class='ocrx_word' id='word_1_51' title='bbox 1257 776 1346 830; x_wconf 80' lang='grc' dir='ltr'>καὶ</span> <span class='ocrx_word' id='word_1_52' title='bbox 1391 776 1691 847; x_wconf 75' lang='grc' dir='ltr'>θαλάσσης,</span> <span class='ocrx_word' id='word_1_53' title='bbox 1748 774 1835 830; x_wconf 88' lang='lat' dir='ltr'>xui</span> 
     </span>
    </p>
   </div>
   <div class='ocr_carea' id='block_1_9' title="bbox 210 863 1833 941">
    <p class='ocr_par' dir='ltr' id='par_1_9' title="bbox 210 863 1833 941">
     <span class='ocr_line' id='line_1_9' title="bbox 210 863 1833 941; baseline 0.002 -25"><span class='ocrx_word' id='word_1_54' title='bbox 210 864 359 939; x_wconf 68' lang='grc' dir='ltr'>ἀέρος,</span> <span class='ocrx_word' id='word_1_55' title='bbox 405 863 492 918; x_wconf 86' lang='lat' dir='ltr'>xui</span> <span class='ocrx_word' id='word_1_56' title='bbox 546 863 738 938; x_wconf 79' lang='grc' dir='ltr'>πυρὸς,</span> <span class='ocrx_word' id='word_1_57' title='bbox 786 864 876 919; x_wconf 85' lang='grc' dir='ltr'>καὶ</span> <span class='ocrx_word' id='word_1_58' title='bbox 925 864 1238 940; x_wconf 76' lang='grc' dir='ltr'>ἀστραπῶν,</span> <span class='ocrx_word' id='word_1_59' title='bbox 1288 866 1377 921; x_wconf 86' lang='lat' dir='ltr'>xui</span> <span class='ocrx_word' id='word_1_60' title='bbox 1431 868 1694 941; x_wconf 85' lang='grc' dir='ltr'>βροντῶν,</span> <span class='ocrx_word' id='word_1_61' title='bbox 1745 864 1833 941; x_wconf 84' lang='lat' dir='ltr'>xui</span> 
     </span>
    </p>
   </div>
   <div class='ocr_carea' id='block_1_10' title="bbox 208 939 1833 1031">
    <p class='ocr_par' dir='ltr' id='par_1_10' title="bbox 208 939 1833 1031">
     <span class='ocr_line' id='line_1_10' title="bbox 208 939 1833 1031; baseline 0 -22"><span class='ocrx_word' id='word_1_62' title='bbox 208 958 467 1029; x_wconf 73' lang='grc' dir='ltr'>κεραυνῶν,</span> <span class='ocrx_word' id='word_1_63' title='bbox 520 954 612 1008; x_wconf 84' lang='grc' dir='ltr'>καὶ</span> <span class='ocrx_word' id='word_1_64' title='bbox 661 959 945 1028; x_wconf 78' lang='grc' dir='ltr'>κομητῶν,</span> <span class='ocrx_word' id='word_1_65' title='bbox 996 952 1087 1009; x_wconf 86' lang='grc' dir='ltr'>καὶ</span> <span class='ocrx_word' id='word_1_66' title='bbox 1139 957 1332 1023; x_wconf 84' lang='grc' dir='ltr'>ὑετῶν,</span> <span class='ocrx_word' id='word_1_67' title='bbox 1362 957 1452 1010; x_wconf 85' lang='lat' dir='ltr'>xui</span> <span class='ocrx_word' id='word_1_68' title='bbox 1484 955 1713 1031; x_wconf 85' lang='grc' dir='ltr'>χιόνων.</span> <span class='ocrx_word' id='word_1_69' title='bbox 1744 939 1833 1009; x_wconf 72' lang='grc' dir='ltr'>καὶ</span> 
     </span>
    </p>
   </div>
   <div class='ocr_carea' id='block_1_11' title="bbox 209 1041 1826 1120">
    <p class='ocr_par' dir='ltr' id='par_1_11' title="bbox 209 1041 1826 1120">
     <span class='ocr_line' id='line_1_11' title="bbox 209 1041 1826 1120; baseline 0.001 -23"><span class='ocrx_word' id='word_1_70' title='bbox 209 1042 446 1118; x_wconf 78' lang='grc' dir='ltr'>χαλάζης,</span> <span class='ocrx_word' id='word_1_71' title='bbox 498 1043 592 1098; x_wconf 83' lang='grc' dir='ltr'>καὶ</span> <span class='ocrx_word' id='word_1_72' title='bbox 651 1048 758 1098; x_wconf 88' lang='grc' dir='ltr'>τῶν</span> <span class='ocrx_word' id='word_1_73' title='bbox 822 1043 1055 1116; x_wconf 85' lang='grc' dir='ltr'>ὁμοίων.</span> <span class='ocrx_word' id='word_1_74' title='bbox 1116 1044 1201 1098; x_wconf 89' lang='grc' dir='ltr'>Ἐν</span> <span class='ocrx_word' id='word_1_75' title='bbox 1264 1041 1321 1099; x_wconf 74' lang='grc' dir='ltr'>δὲ</span> <span class='ocrx_word' id='word_1_76' title='bbox 1382 1050 1462 1117; x_wconf 81' lang='grc' dir='ltr'>τῷ</span> <span class='ocrx_word' id='word_1_77' title='bbox 1506 1044 1674 1120; x_wconf 86' lang='grc' dir='ltr'>τρίτῳ</span> <span class='ocrx_word' id='word_1_78' title='bbox 1704 1051 1826 1119; x_wconf 81' lang='grc' dir='ltr'>περὶ</span> 
     </span>
    </p>
   </div>
   <div class='ocr_carea' id='block_1_12' title="bbox 205 1132 1826 1211">
    <p class='ocr_par' dir='ltr' id='par_1_12' title="bbox 205 1132 1826 1211">
     <span class='ocr_line' id='line_1_12' title="bbox 205 1132 1826 1211; baseline 0.001 -24"><span class='ocrx_word' id='word_1_79' title='bbox 205 1138 290 1187; x_wconf 79' lang='grc' dir='ltr'>τῶν</span> <span class='ocrx_word' id='word_1_80' title='bbox 318 1132 574 1206; x_wconf 66' lang='grc' dir='ltr'>οὐρανίων</span> <span class='ocrx_word' id='word_1_81' title='bbox 610 1132 879 1206; x_wconf 80' lang='grc' dir='ltr'>σωμάτων</span> <span class='ocrx_word' id='word_1_82' title='bbox 912 1134 999 1187; x_wconf 81' lang='grc' dir='ltr'>καὶ</span> <span class='ocrx_word' id='word_1_83' title='bbox 1033 1133 1241 1209; x_wconf 68' lang='grc' dir='ltr'>φύσεως</span> <span class='ocrx_word' id='word_1_84' title='bbox 1284 1134 1481 1202; x_wconf 83' lang='grc' dir='ltr'>αὐτῶν,</span> <span class='ocrx_word' id='word_1_85' title='bbox 1532 1134 1619 1188; x_wconf 82' lang='grc' dir='ltr'>καὶ</span> <span class='ocrx_word' id='word_1_86' title='bbox 1671 1137 1826 1211; x_wconf 81' lang='grc' dir='ltr'>μεγέ-</span> 
     </span>
    </p>
   </div>
   <div class='ocr_carea' id='block_1_13' title="bbox 205 1220 1822 1300">
    <p class='ocr_par' dir='ltr' id='par_1_13' title="bbox 205 1220 1822 1300">
     <span class='ocr_line' id='line_1_13' title="bbox 205 1220 1822 1300; baseline 0.001 -24"><span class='ocrx_word' id='word_1_87' title='bbox 205 1235 304 1290; x_wconf 73' lang='grc' dir='ltr'>θους</span> <span class='ocrx_word' id='word_1_88' title='bbox 332 1220 486 1293; x_wconf 76' lang='grc' dir='ltr'>ἡλίου</span> <span class='ocrx_word' id='word_1_89' title='bbox 523 1222 613 1277; x_wconf 85' lang='lat' dir='ltr'>xui</span> <span class='ocrx_word' id='word_1_90' title='bbox 648 1223 905 1296; x_wconf 67' lang='grc' dir='ltr'>σελήνης,</span> <span class='ocrx_word' id='word_1_91' title='bbox 930 1222 1019 1278; x_wconf 88' lang='lat' dir='ltr'>xui</span> <span class='ocrx_word' id='word_1_92' title='bbox 1050 1227 1315 1295; x_wconf 71' lang='grc' dir='ltr'>κινήσεως</span> <span class='ocrx_word' id='word_1_93' title='bbox 1333 1231 1439 1280; x_wconf 91' lang='grc' dir='ltr'>τῶν</span> <span class='ocrx_word' id='word_1_94' title='bbox 1472 1224 1822 1300; x_wconf 80' lang='grc' dir='ltr'>ἀστέρων.Ἐν</span> 
     </span>
    </p>
   </div>
   <div class='ocr_carea' id='block_1_14' title="bbox 203 1310 1821 1389">
    <p class='ocr_par' dir='ltr' id='par_1_14' title="bbox 203 1310 1821 1389">
     <span class='ocr_line' id='line_1_14' title="bbox 203 1310 1821 1389; baseline 0.001 -23"><span class='ocrx_word' id='word_1_95' title='bbox 203 1310 245 1366; x_wconf 73' lang='grc' dir='ltr'>δὲ</span> <span class='ocrx_word' id='word_1_96' title='bbox 267 1318 333 1384; x_wconf 81' lang='grc' dir='ltr'>τῷ</span> <span class='ocrx_word' id='word_1_97' title='bbox 359 1314 599 1385; x_wconf 73' lang='grc' dir='ltr'>τετάρτῳ</span> <span class='ocrx_word' id='word_1_98' title='bbox 624 1312 743 1387; x_wconf 80' lang='grc' dir='ltr'>περὶ</span> <span class='ocrx_word' id='word_1_99' title='bbox 777 1312 937 1386; x_wconf 82' lang='grc' dir='ltr'>ὕλης,</span> <span class='ocrx_word' id='word_1_100' title='bbox 971 1312 1149 1375; x_wconf 75' lang='grc' dir='ltr'>εἱδους</span> <span class='ocrx_word' id='word_1_101' title='bbox 1178 1314 1267 1369; x_wconf 85' lang='grc' dir='ltr'>καὶ</span> <span class='ocrx_word' id='word_1_102' title='bbox 1292 1314 1503 1389; x_wconf 75' lang='grc' dir='ltr'>φύσεως</span> <span class='ocrx_word' id='word_1_103' title='bbox 1526 1316 1614 1369; x_wconf 76' lang='grc' dir='ltr'>καὶ</span> <span class='ocrx_word' id='word_1_104' title='bbox 1637 1317 1821 1389; x_wconf 74' lang='grc' dir='ltr'>ψυχῆς</span> 
     </span>
    </p>
   </div>
   <div class='ocr_carea' id='block_1_15' title="bbox 1946 598 3594 679">
    <p class='ocr_par' dir='ltr' id='par_1_15' title="bbox 1946 598 3594 679">
     <span class='ocr_line' id='line_1_15' title="bbox 1946 598 3594 679; baseline 0.007 -28"><span class='ocrx_word' id='word_1_105' title='bbox 1946 600 2105 653; x_wconf 87' lang='lat' dir='ltr'>terra</span> <span class='ocrx_word' id='word_1_106' title='bbox 2139 598 2461 655; x_wconf 82' lang='lat' dir='ltr'>habitetur.</span> <span class='ocrx_word' id='word_1_107' title='bbox 2497 601 2559 655; x_wconf 88' lang='lat' dir='ltr'>In</span> <span class='ocrx_word' id='word_1_108' title='bbox 2592 600 2850 656; x_wconf 88' lang='lat' dir='ltr'>secundo</span> <span class='ocrx_word' id='word_1_109' title='bbox 2873 601 3063 672; x_wconf 83' lang='lat' dir='ltr'>capite</span> <span class='ocrx_word' id='word_1_110' title='bbox 3093 602 3165 656; x_wconf 92' lang='lat' dir='ltr'>de</span> <span class='ocrx_word' id='word_1_111' title='bbox 3223 619 3397 674; x_wconf 89' lang='lat' dir='ltr'>aqua,</span> <span class='ocrx_word' id='word_1_112' title='bbox 3426 608 3594 679; x_wconf 89' lang='lat' dir='ltr'>mari,</span> 
     </span>
    </p>
   </div>
   <div class='ocr_carea' id='block_1_16' title="bbox 1946 688 3593 764">
    <p class='ocr_par' dir='ltr' id='par_1_16' title="bbox 1946 688 3593 764">
     <span class='ocr_line' id='line_1_16' title="bbox 1946 688 3593 764; baseline 0.006 -23"><span class='ocrx_word' id='word_1_113' title='bbox 1946 692 2102 756; x_wconf 87' lang='lat' dir='ltr'>a‘ere,</span> <span class='ocrx_word' id='word_1_114' title='bbox 2127 688 2281 760; x_wconf 89' lang='lat' dir='ltr'>igne,</span> <span class='ocrx_word' id='word_1_115' title='bbox 2316 688 2673 761; x_wconf 79' lang='lat' dir='ltr'>fulguribus,</span> <span class='ocrx_word' id='word_1_116' title='bbox 2724 689 2968 756; x_wconf 83' lang='lat' dir='ltr'>tonitru,</span> <span class='ocrx_word' id='word_1_117' title='bbox 3019 689 3283 762; x_wconf 83' lang='lat' dir='ltr'>fulmine,</span> <span class='ocrx_word' id='word_1_118' title='bbox 3328 696 3593 764; x_wconf 82' lang='lat' dir='ltr'>cometis,</span> 
     </span>
    </p>
   </div>
   <div class='ocr_carea' id='block_1_17' title="bbox 1945 775 3592 849">
    <p class='ocr_par' dir='ltr' id='par_1_17' title="bbox 1945 775 3592 849">
     <span class='ocr_line' id='line_1_17' title="bbox 1945 775 3592 849; baseline 0.007 -19"><span class='ocrx_word' id='word_1_119' title='bbox 1945 775 2160 847; x_wconf 89' lang='lat' dir='ltr'>pluvia,</span> <span class='ocrx_word' id='word_1_120' title='bbox 2198 780 2346 845; x_wconf 86' lang='lat' dir='ltr'>nive,</span> <span class='ocrx_word' id='word_1_121' title='bbox 2380 778 2667 849; x_wconf 78' lang='lat' dir='ltr'>grandine</span> <span class='ocrx_word' id='word_1_122' title='bbox 2698 783 2755 834; x_wconf 86' lang='lat' dir='ltr'>et</span> <span class='ocrx_word' id='word_1_123' title='bbox 2811 778 3108 835; x_wconf 82' lang='lat' dir='ltr'>similibus</span> <span class='ocrx_word' id='word_1_124' title='bbox 3140 797 3333 837; x_wconf 82' lang='lat' dir='ltr'>sermo</span> <span class='ocrx_word' id='word_1_125' title='bbox 3364 782 3494 840; x_wconf 90' lang='lat' dir='ltr'>erit.</span> <span class='ocrx_word' id='word_1_126' title='bbox 3529 788 3592 841; x_wconf 90' lang='lat' dir='ltr'>In</span> 
     </span>
    </p>
   </div>
   <div class='ocr_carea' id='block_1_18' title="bbox 1943 867 3593 944">
    <p class='ocr_par' dir='ltr' id='par_1_18' title="bbox 1943 867 3593 944">
     <span class='ocr_line' id='line_1_18' title="bbox 1943 867 3593 944; baseline 0.005 -22"><span class='ocrx_word' id='word_1_127' title='bbox 1943 868 2114 922; x_wconf 88' lang='lat' dir='ltr'>tertio</span> <span class='ocrx_word' id='word_1_128' title='bbox 2141 867 2357 923; x_wconf 85' lang='lat' dir='ltr'>deinde</span> <span class='ocrx_word' id='word_1_129' title='bbox 2379 868 2534 923; x_wconf 88' lang='lat' dir='ltr'>circa</span> <span class='ocrx_word' id='word_1_130' title='bbox 2564 884 2810 940; x_wconf 88' lang='lat' dir='ltr'>corpora</span> <span class='ocrx_word' id='word_1_131' title='bbox 2840 867 3099 924; x_wconf 75' lang='lat' dir='ltr'>cmlestia</span> <span class='ocrx_word' id='word_1_132' title='bbox 3146 888 3466 944; x_wconf 90' lang='lat' dir='ltr'>eorumque</span> <span class='ocrx_word' id='word_1_133' title='bbox 3498 880 3593 931; x_wconf 84' lang='lat' dir='ltr'>na-</span> 
     </span>
    </p>
   </div>
   <div class='ocr_carea' id='block_1_19' title="bbox 1942 956 3591 1032">
    <p class='ocr_par' dir='ltr' id='par_1_19' title="bbox 1942 956 3591 1032">
     <span class='ocr_line' id='line_1_19' title="bbox 1942 956 3591 1032; baseline 0.005 -21"><span class='ocrx_word' id='word_1_134' title='bbox 1942 960 2158 1023; x_wconf 88' lang='lat' dir='ltr'>turam,</span> <span class='ocrx_word' id='word_1_135' title='bbox 2183 956 2336 1012; x_wconf 87' lang='lat' dir='ltr'>circa</span> <span class='ocrx_word' id='word_1_136' title='bbox 2393 956 2535 1012; x_wconf 89' lang='lat' dir='ltr'>solis</span> <span class='ocrx_word' id='word_1_137' title='bbox 2580 974 2645 1012; x_wconf 89' lang='lat' dir='ltr'>ac</span> <span class='ocrx_word' id='word_1_138' title='bbox 2693 957 2839 1012; x_wconf 71' lang='lat' dir='ltr'>lunze</span> <span class='ocrx_word' id='word_1_139' title='bbox 2876 960 3367 1032; x_wconf 82' lang='lat' dir='ltr'>magnitudinem,</span> <span class='ocrx_word' id='word_1_140' title='bbox 3401 970 3591 1020; x_wconf 83' lang='lat' dir='ltr'>astro-</span> 
     </span>
    </p>
   </div>
   <div class='ocr_carea' id='block_1_20' title="bbox 1941 1047 3591 1121">
    <p class='ocr_par' dir='ltr' id='par_1_20' title="bbox 1941 1047 3591 1121">
     <span class='ocr_line' id='line_1_20' title="bbox 1941 1047 3591 1121; baseline 0.007 -22"><span class='ocrx_word' id='word_1_141' title='bbox 1941 1062 2195 1118; x_wconf 85' lang='lat' dir='ltr'>rumque</span> <span class='ocrx_word' id='word_1_142' title='bbox 2227 1051 2450 1101; x_wconf 91' lang='lat' dir='ltr'>motum</span> <span class='ocrx_word' id='word_1_143' title='bbox 2482 1047 2905 1119; x_wconf 87' lang='lat' dir='ltr'>disquiremus.</span> <span class='ocrx_word' id='word_1_144' title='bbox 2943 1052 3005 1104; x_wconf 80' lang='lat' dir='ltr'>In</span> <span class='ocrx_word' id='word_1_145' title='bbox 3041 1055 3266 1121; x_wconf 92' lang='lat' dir='ltr'>quarto,</span> <span class='ocrx_word' id='word_1_146' title='bbox 3290 1052 3360 1108; x_wconf 89' lang='lat' dir='ltr'>de</span> <span class='ocrx_word' id='word_1_147' title='bbox 3401 1060 3591 1111; x_wconf 90' lang='lat' dir='ltr'>mate-</span> 
     </span>
    </p>
   </div>
   <div class='ocr_carea' id='block_1_21' title="bbox 1892 1134 3587 1210">
    <p class='ocr_par' dir='ltr' id='par_1_21' title="bbox 1892 1134 3587 1210">
     <span class='ocr_line' id='line_1_21' title="bbox 1892 1134 3587 1210; baseline 0.005 -20"><span class='ocrx_word' id='word_1_148' title='bbox 1892 1156 1904 1168; x_wconf 84' lang='lat'><strong>-</strong></span> <span class='ocrx_word' id='word_1_149' title='bbox 1939 1134 2045 1201; x_wconf 88' lang='lat' dir='ltr'>ria,</span> <span class='ocrx_word' id='word_1_150' title='bbox 2076 1137 2147 1191; x_wconf 89' lang='lat' dir='ltr'>de</span> <span class='ocrx_word' id='word_1_151' title='bbox 2174 1141 2395 1191; x_wconf 61' lang='lat' dir='ltr'>natura:</span> <span class='ocrx_word' id='word_1_152' title='bbox 2420 1140 2477 1191; x_wconf 85' lang='lat' dir='ltr'>et</span> <span class='ocrx_word' id='word_1_153' title='bbox 2508 1138 2715 1191; x_wconf 76' lang='lat' dir='ltr'>animae</span> <span class='ocrx_word' id='word_1_154' title='bbox 2750 1138 3082 1210; x_wconf 85' lang='lat' dir='ltr'>mentisque</span> <span class='ocrx_word' id='word_1_155' title='bbox 3143 1140 3327 1197; x_wconf 85' lang='lat' dir='ltr'>forma</span> <span class='ocrx_word' id='word_1_156' title='bbox 3368 1147 3587 1199; x_wconf 89' lang='lat' dir='ltr'>tracta-</span> 
     </span>
    </p>
   </div>
   <div class='ocr_carea' id='block_1_22' title="bbox 1936 1224 3584 1301">
    <p class='ocr_par' dir='ltr' id='par_1_22' title="bbox 1936 1224 3584 1301">
     <span class='ocr_line' id='line_1_22' title="bbox 1936 1224 3584 1301; baseline 0.007 -22"><span class='ocrx_word' id='word_1_157' title='bbox 1936 1224 2160 1280; x_wconf 87' lang='lat' dir='ltr'>bimus.</span> <span class='ocrx_word' id='word_1_158' title='bbox 2195 1226 2478 1292; x_wconf 83' lang='lat' dir='ltr'>Quintum</span> <span class='ocrx_word' id='word_1_159' title='bbox 2514 1227 2764 1298; x_wconf 89' lang='lat' dir='ltr'>denique</span> <span class='ocrx_word' id='word_1_160' title='bbox 2795 1229 2865 1283; x_wconf 92' lang='lat' dir='ltr'>de</span> <span class='ocrx_word' id='word_1_161' title='bbox 2894 1228 3262 1301; x_wconf 88' lang='lat' dir='ltr'>primordiali</span> <span class='ocrx_word' id='word_1_162' title='bbox 3320 1234 3584 1290; x_wconf 89' lang='lat' dir='ltr'>omnium</span> 
     </span>
    </p>
   </div>
   <div class='ocr_carea' id='block_1_23' title="bbox 1938 1316 2683 1372">
    <p class='ocr_par' dir='ltr' id='par_1_23' title="bbox 1938 1316 2683 1372">
     <span class='ocr_line' id='line_1_23' title="bbox 1938 1316 2683 1372; baseline 0.003 -2"><span class='ocrx_word' id='word_1_163' title='bbox 1938 1329 2115 1371; x_wconf 83' lang='lat' dir='ltr'>causa</span> <span class='ocrx_word' id='word_1_164' title='bbox 2142 1316 2427 1372; x_wconf 90' lang='lat' dir='ltr'>rationem</span> <span class='ocrx_word' id='word_1_165' title='bbox 2459 1317 2683 1372; x_wconf 83' lang='lat' dir='ltr'>reddet.</span> 
     </span>
    </p>
   </div>
   <div class='ocr_carea' id='block_1_24' title="bbox 201 1394 1820 1481">
    <p class='ocr_par' dir='ltr' id='par_1_24' title="bbox 201 1394 1820 1481">
     <span class='ocr_line' id='line_1_24' title="bbox 201 1394 1820 1481; baseline 0.004 -28"><span class='ocrx_word' id='word_1_166' title='bbox 201 1394 269 1454; x_wconf 59' lang='grc' dir='ltr'>καὶ</span> <span class='ocrx_word' id='word_1_167' title='bbox 294 1405 396 1457; x_wconf 76' lang='grc' dir='ltr'>νοῦ.</span> <span class='ocrx_word' id='word_1_168' title='bbox 430 1403 516 1459; x_wconf 87' lang='grc' dir='ltr'>Ἐν</span> <span class='ocrx_word' id='word_1_169' title='bbox 554 1398 612 1457; x_wconf 75' lang='grc' dir='ltr'>δὲ</span> <span class='ocrx_word' id='word_1_170' title='bbox 642 1406 721 1475; x_wconf 79' lang='grc' dir='ltr'>τῷ</span> <span class='ocrx_word' id='word_1_171' title='bbox 748 1402 987 1477; x_wconf 82' lang='grc' dir='ltr'>πέμπτῳ</span> <span class='ocrx_word' id='word_1_172' title='bbox 1012 1403 1137 1481; x_wconf 86' lang='grc' dir='ltr'>περῖ</span> <span class='ocrx_word' id='word_1_173' title='bbox 1168 1412 1269 1474; x_wconf 83' lang='grc' dir='ltr'>τῆς</span> <span class='ocrx_word' id='word_1_174' title='bbox 1310 1406 1535 1479; x_wconf 84' lang='grc' dir='ltr'>πρώτης</span> <span class='ocrx_word' id='word_1_175' title='bbox 1580 1408 1687 1459; x_wconf 91' lang='grc' dir='ltr'>τῶν</span> <span class='ocrx_word' id='word_1_176' title='bbox 1733 1398 1820 1459; x_wconf 78' lang='grc' dir='ltr'>ὅν-</span> 
     </span>
    </p>
   </div>
   <div class='ocr_carea' id='block_1_25' title="bbox 204 1489 499 1554">
    <p class='ocr_par' dir='ltr' id='par_1_25' title="bbox 204 1489 499 1554">
     <span class='ocr_line' id='line_1_25' title="bbox 204 1489 499 1554; baseline 0.007 -10"><span class='ocrx_word' id='word_1_177' title='bbox 204 1511 285 1544; x_wconf 80' lang='grc' dir='ltr'>των</span> <span class='ocrx_word' id='word_1_178' title='bbox 314 1489 499 1554; x_wconf 76' lang='grc' dir='ltr'>αἷτίας.</span> 
     </span>
    </p>
   </div>
   <div class='ocr_carea' id='block_1_26' title="bbox 409 1652 1827 1734">
    <p class='ocr_par' dir='ltr' id='par_1_26' title="bbox 409 1652 1566 1734">
     <span class='ocr_line' id='line_1_26' title="bbox 409 1652 1566 1734; baseline 0.004 -28"><span class='ocrx_word' id='word_1_179' title='bbox 409 1652 473 1711; x_wconf 82' lang='grc' dir='ltr'>α’,</span> <span class='ocrx_word' id='word_1_180' title='bbox 508 1652 641 1729; x_wconf 82' lang='grc' dir='ltr'>Περὶ</span> <span class='ocrx_word' id='word_1_181' title='bbox 671 1657 769 1708; x_wconf 67' lang='grc' dir='ltr'>τοῦ</span> <span class='ocrx_word' id='word_1_182' title='bbox 801 1653 937 1709; x_wconf 71' lang='grc' dir='ltr'>εἶναι</span> <span class='ocrx_word' id='word_1_183' title='bbox 968 1655 1069 1725; x_wconf 76' lang='grc' dir='ltr'>τήν</span> <span class='ocrx_word' id='word_1_184' title='bbox 1099 1658 1201 1731; x_wconf 76' lang='grc' dir='ltr'>γῆν</span> <span class='ocrx_word' id='word_1_185' title='bbox 1227 1653 1566 1734; x_wconf 72' lang='grc' dir='ltr'>σφαιροειδῆ.</span> 
     </span>
    </p>
   </div>
   <div class='ocr_carea' id='block_1_27' title="bbox 1940 1652 3153 1734">
    <p class='ocr_par' dir='ltr' id='par_1_27' title="bbox 2364 1653 3153 1711">
     <span class='ocr_line' id='line_1_27' title="bbox 2364 1653 3153 1711; baseline 0.001 -2"><span class='ocrx_word' id='word_1_186' title='bbox 2364 1653 2416 1709; x_wconf 82' lang='lat' dir='ltr'>l.</span> <span class='ocrx_word' id='word_1_187' title='bbox 2444 1656 2663 1709; x_wconf 84' lang='lat' dir='ltr'>Terram</span> <span class='ocrx_word' id='word_1_188' title='bbox 2695 1654 2989 1710; x_wconf 78' lang='lat' dir='ltr'>rotundam</span> <span class='ocrx_word' id='word_1_189' title='bbox 3022 1671 3153 1711; x_wconf 77' lang='lat' dir='ltr'>esse.</span> 
     </span>
    </p>
   </div>
   <div class='ocr_carea' id='block_1_28' title="bbox 258 1773 1827 1875">
    <p class='ocr_par' dir='ltr' id='par_1_28' title="bbox 258 1773 1820 1875">
     <span class='ocr_line' id='line_1_28' title="bbox 258 1773 1820 1875; baseline 0.003 -24"><span class='ocrx_word' id='word_1_190' title='bbox 258 1794 369 1870; x_wconf 77' lang='grc' dir='ltr'>Περὶ</span> <span class='ocrx_word' id='word_1_191' title='bbox 408 1800 501 1850; x_wconf 78' lang='grc' dir='ltr'>τοῦ</span> <span class='ocrx_word' id='word_1_192' title='bbox 567 1795 947 1874; x_wconf 75' lang='grc' dir='ltr'>σφαιροειδοῦς</span> <span class='ocrx_word' id='word_1_193' title='bbox 1005 1800 1297 1874; x_wconf 74' lang='grc' dir='ltr'>σχήματος</span> <span class='ocrx_word' id='word_1_194' title='bbox 1320 1806 1419 1868; x_wconf 81' lang='grc' dir='ltr'>τῆς</span> <span class='ocrx_word' id='word_1_195' title='bbox 1477 1806 1583 1875; x_wconf 82' lang='grc' dir='ltr'>γῆς</span> <span class='ocrx_word' id='word_1_196' title='bbox 1612 1773 1820 1855; x_wconf 88' lang='grc' dir='ltr'>πολλαὶ</span> 
     </span>
    </p>
   </div>
   <div class='ocr_carea' id='block_1_29' title="bbox 1940 1773 3585 1875">
    <p class='ocr_par' dir='ltr' id='par_1_29' title="bbox 2004 1797 3585 1871">
     <span class='ocr_line' id='line_1_29' title="bbox 2004 1797 3585 1871; baseline 0.001 -18"><span class='ocrx_word' id='word_1_197' title='bbox 2004 1797 2206 1854; x_wconf 81' lang='lat' dir='ltr'>Plures</span> <span class='ocrx_word' id='word_1_198' title='bbox 2236 1802 2375 1853; x_wconf 87' lang='lat' dir='ltr'>sunt</span> <span class='ocrx_word' id='word_1_199' title='bbox 2403 1802 2569 1854; x_wconf 59' lang='lat' dir='ltr'>terra;</span> <span class='ocrx_word' id='word_1_200' title='bbox 2604 1798 2981 1853; x_wconf 88' lang='lat' dir='ltr'>rotunditatis</span> <span class='ocrx_word' id='word_1_201' title='bbox 3013 1798 3544 1856; x_wconf 87' lang='lat' dir='ltr'>demonstrationes</span> <span class='ocrx_word' id='word_1_202' title='bbox 3570 1820 3585 1871; x_wconf 88' lang='lat'><strong>;</strong></span> 
     </span>
    </p>
   </div>
   <div class='ocr_carea' id='block_1_30' title="bbox 205 1882 1827 1961">
    <p class='ocr_par' dir='ltr' id='par_1_30' title="bbox 205 1882 1827 1961">
     <span class='ocr_line' id='line_1_30' title="bbox 205 1882 1827 1961; baseline 0.005 -24"><span class='ocrx_word' id='word_1_203' title='bbox 205 1882 466 1956; x_wconf 75' lang='grc' dir='ltr'>ἀποδείξεις</span> <span class='ocrx_word' id='word_1_204' title='bbox 530 1884 658 1952; x_wconf 66' lang='grc' dir='ltr'>εἶσί,</span> <span class='ocrx_word' id='word_1_205' title='bbox 724 1884 961 1959; x_wconf 81' lang='grc' dir='ltr'>μάλιστα</span> <span class='ocrx_word' id='word_1_206' title='bbox 994 1885 1076 1958; x_wconf 73' lang='grc' dir='ltr'>δὲ,</span> <span class='ocrx_word' id='word_1_207' title='bbox 1130 1888 1211 1943; x_wconf 77' lang='grc' dir='ltr'>ὅτι</span> <span class='ocrx_word' id='word_1_208' title='bbox 1272 1886 1573 1961; x_wconf 72' lang='grc' dir='ltr'>ὶπιλάμπει</span> <span class='ocrx_word' id='word_1_209' title='bbox 1608 1888 1827 1958; x_wconf 74' lang='grc' dir='ltr'>ὁῆλιος</span> 
     </span>
    </p>
   </div>
   <div class='ocr_carea' id='block_1_31' title="bbox 1940 1882 3584 1961">
    <p class='ocr_par' dir='ltr' id='par_1_31' title="bbox 1940 1886 3584 1960">
     <span class='ocr_line' id='line_1_31' title="bbox 1940 1886 3584 1960; baseline 0.002 -17"><span class='ocrx_word' id='word_1_210' title='bbox 1940 1904 2189 1960; x_wconf 88' lang='lat' dir='ltr'>quarum</span> <span class='ocrx_word' id='word_1_211' title='bbox 2214 1886 2567 1958; x_wconf 83' lang='lat' dir='ltr'>gravissima</span> <span class='ocrx_word' id='word_1_212' title='bbox 2599 1892 2688 1943; x_wconf 91' lang='lat' dir='ltr'>est</span> <span class='ocrx_word' id='word_1_213' title='bbox 2719 1888 2871 1957; x_wconf 91' lang='lat' dir='ltr'>quod</span> <span class='ocrx_word' id='word_1_214' title='bbox 2932 1888 3016 1943; x_wconf 89' lang='lat' dir='ltr'>sol</span> <span class='ocrx_word' id='word_1_215' title='bbox 3050 1888 3292 1943; x_wconf 86' lang='lat' dir='ltr'>orientis</span> <span class='ocrx_word' id='word_1_216' title='bbox 3315 1889 3584 1960; x_wconf 90' lang='lat' dir='ltr'>partibus</span> 
     </span>
    </p>
   </div>
   <div class='ocr_carea' id='block_1_32' title="bbox 203 1974 1827 2052">
    <p class='ocr_par' dir='ltr' id='par_1_32' title="bbox 203 1974 1827 2052">
     <span class='ocr_line' id='line_1_32' title="bbox 203 1974 1827 2052; baseline 0.003 -25"><span class='ocrx_word' id='word_1_217' title='bbox 203 1979 298 2033; x_wconf 78' lang='grc' dir='ltr'>τοῖς</span> <span class='ocrx_word' id='word_1_218' title='bbox 343 1982 434 2043; x_wconf 79' lang='grc' dir='ltr'>τῆς</span> <span class='ocrx_word' id='word_1_219' title='bbox 492 1974 770 2045; x_wconf 80' lang='grc' dir='ltr'>ἀνατολῆς</span> <span class='ocrx_word' id='word_1_220' title='bbox 807 1977 988 2052; x_wconf 91' lang='grc' dir='ltr'>μέρεσι</span> <span class='ocrx_word' id='word_1_221' title='bbox 1015 1978 1277 2052; x_wconf 83' lang='grc' dir='ltr'>πρότερον</span> <span class='ocrx_word' id='word_1_222' title='bbox 1336 1983 1444 2032; x_wconf 91' lang='grc' dir='ltr'>τῶν</span> <span class='ocrx_word' id='word_1_223' title='bbox 1479 1977 1530 2031; x_wconf 82' lang='grc' dir='ltr'>ἐν</span> <span class='ocrx_word' id='word_1_224' title='bbox 1558 1982 1625 2051; x_wconf 81' lang='grc' dir='ltr'>τῇ</span> <span class='ocrx_word' id='word_1_225' title='bbox 1660 1977 1827 2047; x_wconf 76' lang='grc' dir='ltr'>δύσει,</span> 
     </span>
    </p>
   </div>
   <div class='ocr_carea' id='block_1_33' title="bbox 1940 1974 3583 2052">
    <p class='ocr_par' dir='ltr' id='par_1_33' title="bbox 1940 1976 3583 2049">
     <span class='ocr_line' id='line_1_33' title="bbox 1940 1976 3583 2049; baseline 0.001 -16"><span class='ocrx_word' id='word_1_226' title='bbox 1940 1977 2093 2033; x_wconf 89' lang='lat' dir='ltr'>lucet</span> <span class='ocrx_word' id='word_1_227' title='bbox 2117 1976 2279 2047; x_wconf 92' lang='lat' dir='ltr'>prius</span> <span class='ocrx_word' id='word_1_228' title='bbox 2320 1992 2498 2046; x_wconf 89' lang='lat' dir='ltr'>quam</span> <span class='ocrx_word' id='word_1_229' title='bbox 2556 1976 2876 2032; x_wconf 90' lang='lat' dir='ltr'>occidentis</span> <span class='ocrx_word' id='word_1_230' title='bbox 2909 1995 2924 2043; x_wconf 92' lang='lat'><strong>;</strong></span> <span class='ocrx_word' id='word_1_231' title='bbox 2962 1993 3139 2046; x_wconf 89' lang='lat' dir='ltr'>quare</span> <span class='ocrx_word' id='word_1_232' title='bbox 3194 1978 3373 2033; x_wconf 90' lang='lat' dir='ltr'>etiam</span> <span class='ocrx_word' id='word_1_233' title='bbox 3426 1980 3583 2049; x_wconf 91' lang='lat' dir='ltr'>apud</span> 
     </span>
    </p>
   </div>
   <div class='ocr_carea' id='block_1_34' title="bbox 212 2062 1827 2142">
    <p class='ocr_par' dir='ltr' id='par_1_34' title="bbox 212 2062 1827 2142">
     <span class='ocr_line' id='line_1_34' title="bbox 212 2062 1827 2142; baseline 0.004 -25"><span class='ocrx_word' id='word_1_234' title='bbox 212 2064 282 2116; x_wconf 75' lang='grc' dir='ltr'>καὶ</span> <span class='ocrx_word' id='word_1_235' title='bbox 328 2062 408 2119; x_wconf 70' lang='grc' dir='ltr'>διὰ</span> <span class='ocrx_word' id='word_1_236' title='bbox 455 2069 626 2119; x_wconf 72' lang='grc' dir='ltr'>τοῦτο</span> <span class='ocrx_word' id='word_1_237' title='bbox 682 2062 1064 2139; x_wconf 75' lang='grc' dir='ltr'>προλαμϐάνει</span> <span class='ocrx_word' id='word_1_238' title='bbox 1122 2068 1203 2122; x_wconf 84' lang='grc' dir='ltr'>ἀεὶ</span> <span class='ocrx_word' id='word_1_239' title='bbox 1355 2068 1538 2142; x_wconf 77' lang='grc' dir='ltr'>ἡμέρα</span> <span class='ocrx_word' id='word_1_240' title='bbox 1590 2070 1736 2141; x_wconf 87' lang='grc' dir='ltr'>παρά</span> <span class='ocrx_word' id='word_1_241' title='bbox 1771 2090 1827 2123; x_wconf 88' lang='grc' dir='ltr'>τε</span> 
     </span>
    </p>
   </div>
   <div class='ocr_carea' id='block_1_35' title="bbox 1940 2062 3587 2142">
    <p class='ocr_par' dir='ltr' id='par_1_35' title="bbox 1940 2066 3587 2138">
     <span class='ocr_line' id='line_1_35' title="bbox 1940 2066 3587 2138; baseline 0.001 -16"><span class='ocrx_word' id='word_1_242' title='bbox 1940 2066 2215 2122; x_wconf 84' lang='lat' dir='ltr'>Sinenses</span> <span class='ocrx_word' id='word_1_243' title='bbox 2238 2070 2295 2119; x_wconf 91' lang='lat' dir='ltr'>et</span> <span class='ocrx_word' id='word_1_244' title='bbox 2325 2069 2534 2119; x_wconf 85' lang='lat' dir='ltr'>Persas</span> <span class='ocrx_word' id='word_1_245' title='bbox 2565 2070 2621 2120; x_wconf 92' lang='lat' dir='ltr'>et</span> <span class='ocrx_word' id='word_1_246' title='bbox 2650 2066 3036 2125; x_wconf 82' lang='lat' dir='ltr'>finitimarum</span> <span class='ocrx_word' id='word_1_247' title='bbox 3062 2068 3365 2138; x_wconf 85' lang='lat' dir='ltr'>regionum</span> <span class='ocrx_word' id='word_1_248' title='bbox 3400 2067 3587 2123; x_wconf 88' lang='lat' dir='ltr'>homi-</span> 
     </span>
    </p>
   </div>
   <div class='ocr_carea' id='block_1_36' title="bbox 208 2153 1827 2229">
    <p class='ocr_par' dir='ltr' id='par_1_36' title="bbox 208 2153 1827 2229">
     <span class='ocr_line' id='line_1_36' title="bbox 208 2153 1827 2229; baseline 0.006 -25"><span class='ocrx_word' id='word_1_249' title='bbox 208 2159 301 2214; x_wconf 80' lang='grc' dir='ltr'>τοῖς</span> <span class='ocrx_word' id='word_1_250' title='bbox 350 2154 545 2223; x_wconf 79' lang='grc' dir='ltr'>Σίνοις,</span> <span class='ocrx_word' id='word_1_251' title='bbox 596 2155 685 2209; x_wconf 83' lang='grc' dir='ltr'>καὶ</span> <span class='ocrx_word' id='word_1_252' title='bbox 743 2160 810 2229; x_wconf 81' lang='grc' dir='ltr'>τῇ</span> <span class='ocrx_word' id='word_1_253' title='bbox 846 2154 1085 2228; x_wconf 87' lang='grc' dir='ltr'>Περσίδι,</span> <span class='ocrx_word' id='word_1_254' title='bbox 1141 2157 1229 2211; x_wconf 89' lang='grc' dir='ltr'>καὶ</span> <span class='ocrx_word' id='word_1_255' title='bbox 1255 2163 1373 2219; x_wconf 81' lang='grc' dir='ltr'>τοῖς</span> <span class='ocrx_word' id='word_1_256' title='bbox 1404 2156 1575 2211; x_wconf 81' lang='grc' dir='ltr'>ἐκεῖσε</span> <span class='ocrx_word' id='word_1_257' title='bbox 1606 2153 1827 2220; x_wconf 76' lang='grc' dir='ltr'>ἔθνεσιν.</span> 
     </span>
    </p>
   </div>
   <div class='ocr_carea' id='block_1_37' title="bbox 1940 2153 3583 2229">
    <p class='ocr_par' dir='ltr' id='par_1_37' title="bbox 1940 2153 3583 2227">
     <span class='ocr_line' id='line_1_37' title="bbox 1940 2153 3583 2227; baseline 0.002 -17"><span class='ocrx_word' id='word_1_258' title='bbox 1940 2171 2042 2210; x_wconf 90' lang='lat' dir='ltr'>nes</span> <span class='ocrx_word' id='word_1_259' title='bbox 2076 2155 2364 2209; x_wconf 88' lang='lat' dir='ltr'>maturius</span> <span class='ocrx_word' id='word_1_260' title='bbox 2394 2153 2656 2209; x_wconf 87' lang='lat' dir='ltr'>lucescit.</span> <span class='ocrx_word' id='word_1_261' title='bbox 2706 2156 2946 2219; x_wconf 79' lang='lat' dir='ltr'>Quando</span> <span class='ocrx_word' id='word_1_262' title='bbox 2998 2155 3156 2210; x_wconf 88' lang='lat' dir='ltr'>enim</span> <span class='ocrx_word' id='word_1_263' title='bbox 3213 2157 3367 2227; x_wconf 88' lang='lat' dir='ltr'>apud</span> <span class='ocrx_word' id='word_1_264' title='bbox 3414 2156 3583 2213; x_wconf 77' lang='lat' dir='ltr'>sinas</span> 
     </span>
    </p>
   </div>
   <div class='ocr_carea' id='block_1_38' title="bbox 209 2240 1827 2320">
    <p class='ocr_par' dir='ltr' id='par_1_38' title="bbox 209 2240 1827 2320">
     <span class='ocr_line' id='line_1_38' title="bbox 209 2240 1827 2320; baseline 0.002 -22"><span class='ocrx_word' id='word_1_265' title='bbox 209 2243 311 2298; x_wconf 83' lang='grc' dir='ltr'>Ὀτε</span> <span class='ocrx_word' id='word_1_266' title='bbox 359 2242 453 2318; x_wconf 77' lang='grc' dir='ltr'>γάρ</span> <span class='ocrx_word' id='word_1_267' title='bbox 511 2244 625 2299; x_wconf 76' lang='grc' dir='ltr'>ἐστι</span> <span class='ocrx_word' id='word_1_268' title='bbox 688 2240 1005 2320; x_wconf 72' lang='grc' dir='ltr'>μεσημϐρία</span> <span class='ocrx_word' id='word_1_269' title='bbox 1065 2246 1116 2301; x_wconf 69' lang='grc' dir='ltr'>ἰν</span> <span class='ocrx_word' id='word_1_270' title='bbox 1165 2252 1281 2308; x_wconf 83' lang='grc' dir='ltr'>τοῖς</span> <span class='ocrx_word' id='word_1_271' title='bbox 1314 2246 1516 2314; x_wconf 80' lang='grc' dir='ltr'>Σίνοις,</span> <span class='ocrx_word' id='word_1_272' title='bbox 1569 2243 1708 2301; x_wconf 81' lang='grc' dir='ltr'>ἔστιν</span> <span class='ocrx_word' id='word_1_273' title='bbox 1747 2246 1827 2301; x_wconf 75' lang='grc' dir='ltr'>ἐν-</span> 
     </span>
    </p>
   </div>
   <div class='ocr_carea' id='block_1_39' title="bbox 1940 2240 3579 2320">
    <p class='ocr_par' dir='ltr' id='par_1_39' title="bbox 1940 2242 3579 2315">
     <span class='ocr_line' id='line_1_39' title="bbox 1940 2242 3579 2315; baseline 0.001 -16"><span class='ocrx_word' id='word_1_274' title='bbox 1940 2245 2214 2315; x_wconf 88' lang='lat' dir='ltr'>meridies</span> <span class='ocrx_word' id='word_1_275' title='bbox 2244 2248 2352 2309; x_wconf 92' lang='lat' dir='ltr'>est,</span> <span class='ocrx_word' id='word_1_276' title='bbox 2381 2242 2474 2297; x_wconf 90' lang='lat' dir='ltr'>hic</span> <span class='ocrx_word' id='word_1_277' title='bbox 2530 2247 2762 2313; x_wconf 89' lang='lat' dir='ltr'>tempus</span> <span class='ocrx_word' id='word_1_278' title='bbox 2808 2249 2896 2297; x_wconf 90' lang='lat' dir='ltr'>est</span> <span class='ocrx_word' id='word_1_279' title='bbox 2928 2244 3307 2311; x_wconf 89' lang='lat' dir='ltr'>matutinum,</span> <span class='ocrx_word' id='word_1_280' title='bbox 3352 2250 3408 2300; x_wconf 89' lang='lat' dir='ltr'>et</span> <span class='ocrx_word' id='word_1_281' title='bbox 3438 2246 3579 2301; x_wconf 91' lang='lat' dir='ltr'>dum</span> 
     </span>
    </p>
   </div>
   <div class='ocr_carea' id='block_1_40' title="bbox 207 2331 1827 2411">
    <p class='ocr_par' dir='ltr' id='par_1_40' title="bbox 207 2332 1826 2411">
     <span class='ocr_line' id='line_1_40' title="bbox 207 2332 1826 2411; baseline 0.005 -28"><span class='ocrx_word' id='word_1_282' title='bbox 207 2336 345 2395; x_wconf 75' lang='grc' dir='ltr'>ταῦθα</span> <span class='ocrx_word' id='word_1_283' title='bbox 395 2332 578 2407; x_wconf 68' lang='grc' dir='ltr'>πρωῖα</span> <span class='ocrx_word' id='word_1_284' title='bbox 613 2378 627 2401; x_wconf 94' lang='grc'>,</span> <span class='ocrx_word' id='word_1_285' title='bbox 688 2334 777 2388; x_wconf 84' lang='grc' dir='ltr'>καὶ</span> <span class='ocrx_word' id='word_1_286' title='bbox 836 2333 924 2389; x_wconf 80' lang='grc' dir='ltr'>ὅτε</span> <span class='ocrx_word' id='word_1_287' title='bbox 983 2334 1034 2388; x_wconf 73' lang='grc' dir='ltr'>ἰν</span> <span class='ocrx_word' id='word_1_288' title='bbox 1086 2333 1305 2408; x_wconf 77' lang='grc' dir='ltr'>Περσίδι</span> <span class='ocrx_word' id='word_1_289' title='bbox 1366 2335 1505 2390; x_wconf 77' lang='grc' dir='ltr'>ἐστὶν</span> <span class='ocrx_word' id='word_1_290' title='bbox 1568 2335 1682 2411; x_wconf 82' lang='grc' dir='ltr'>ὥρα</span> <span class='ocrx_word' id='word_1_291' title='bbox 1738 2358 1826 2391; x_wconf 87' lang='grc' dir='ltr'>τε·-</span> 
     </span>
    </p>
   </div>
   <div class='ocr_carea' id='block_1_41' title="bbox 1940 2331 3583 2411">
    <p class='ocr_par' dir='ltr' id='par_1_41' title="bbox 1940 2331 3583 2402">
     <span class='ocr_line' id='line_1_41' title="bbox 1940 2331 3583 2402; baseline 0.001 -15"><span class='ocrx_word' id='word_1_292' title='bbox 1940 2334 1993 2388; x_wconf 90' lang='lat' dir='ltr'>in</span> <span class='ocrx_word' id='word_1_293' title='bbox 2022 2333 2219 2389; x_wconf 89' lang='lat' dir='ltr'>Persia</span> <span class='ocrx_word' id='word_1_294' title='bbox 2250 2336 2460 2402; x_wconf 86' lang='lat' dir='ltr'>quarta</span> <span class='ocrx_word' id='word_1_295' title='bbox 2490 2331 2633 2386; x_wconf 90' lang='lat' dir='ltr'>hora</span> <span class='ocrx_word' id='word_1_296' title='bbox 2659 2337 2767 2397; x_wconf 89' lang='lat' dir='ltr'>est,</span> <span class='ocrx_word' id='word_1_297' title='bbox 2800 2331 2895 2385; x_wconf 91' lang='lat' dir='ltr'>hic</span> <span class='ocrx_word' id='word_1_298' title='bbox 2928 2331 3134 2402; x_wconf 89' lang='lat' dir='ltr'>prima,</span> <span class='ocrx_word' id='word_1_299' title='bbox 3168 2338 3223 2387; x_wconf 92' lang='lat' dir='ltr'>et</span> <span class='ocrx_word' id='word_1_300' title='bbox 3264 2333 3348 2387; x_wconf 91' lang='lat' dir='ltr'>sic</span> <span class='ocrx_word' id='word_1_301' title='bbox 3380 2350 3583 2388; x_wconf 88' lang='lat' dir='ltr'>secun-</span> 
     </span>
    </p>
   </div>
   <div class='ocr_carea' id='block_1_42' title="bbox 205 2418 1827 2500">
    <p class='ocr_par' dir='ltr' id='par_1_42' title="bbox 205 2418 1826 2500">
     <span class='ocr_line' id='line_1_42' title="bbox 205 2418 1826 2500; baseline 0.006 -27"><span class='ocrx_word' id='word_1_302' title='bbox 205 2420 362 2494; x_wconf 68' lang='grc' dir='ltr'>ιέρτη,</span> <span class='ocrx_word' id='word_1_303' title='bbox 418 2418 559 2477; x_wconf 75' lang='grc' dir='ltr'>ἔστιν</span> <span class='ocrx_word' id='word_1_304' title='bbox 611 2422 834 2478; x_wconf 71' lang='grc' dir='ltr'>ἐνταῦθα</span> <span class='ocrx_word' id='word_1_305' title='bbox 893 2425 1109 2497; x_wconf 81' lang='grc' dir='ltr'>πρώτη,</span> <span class='ocrx_word' id='word_1_306' title='bbox 1142 2426 1232 2479; x_wconf 80' lang='grc' dir='ltr'>καὶ</span> <span class='ocrx_word' id='word_1_307' title='bbox 1266 2420 1547 2500; x_wconf 83' lang='grc' dir='ltr'>ἀναλόγως</span> <span class='ocrx_word' id='word_1_308' title='bbox 1574 2431 1699 2488; x_wconf 69' lang='grc' dir='ltr'>τοῦς</span> <span class='ocrx_word' id='word_1_309' title='bbox 1728 2434 1826 2495; x_wconf 77' lang='grc' dir='ltr'>τῆς</span> 
     </span>
    </p>
   </div>
   <div class='ocr_carea' id='block_1_43' title="bbox 1940 2418 3579 2500">
    <p class='ocr_par' dir='ltr' id='par_1_43' title="bbox 1940 2420 3579 2491">
     <span class='ocr_line' id='line_1_43' title="bbox 1940 2420 3579 2491; baseline 0.001 -14"><span class='ocrx_word' id='word_1_310' title='bbox 1940 2424 2076 2477; x_wconf 90' lang='lat' dir='ltr'>dum</span> <span class='ocrx_word' id='word_1_311' title='bbox 2110 2422 2352 2476; x_wconf 89' lang='lat' dir='ltr'>orientis</span> <span class='ocrx_word' id='word_1_312' title='bbox 2374 2425 2547 2491; x_wconf 89' lang='lat' dir='ltr'>atque</span> <span class='ocrx_word' id='word_1_313' title='bbox 2569 2420 2887 2475; x_wconf 86' lang='lat' dir='ltr'>occidentis</span> <span class='ocrx_word' id='word_1_314' title='bbox 2921 2420 3283 2475; x_wconf 88' lang='lat' dir='ltr'>distantiam.</span> <span class='ocrx_word' id='word_1_315' title='bbox 3338 2422 3499 2485; x_wconf 90' lang='lat' dir='ltr'>Quod</span> <span class='ocrx_word' id='word_1_316' title='bbox 3530 2424 3579 2478; x_wconf 88' lang='lat' dir='ltr'>si</span> 
     </span>
    </p>
   </div>
   <div class='ocr_carea' id='block_1_44' title="bbox 204 2508 1827 2587">
    <p class='ocr_par' dir='ltr' id='par_1_44' title="bbox 204 2508 1824 2587">
     <span class='ocr_line' id='line_1_44' title="bbox 204 2508 1824 2567; baseline 0.005 -37"><span class='ocrx_word' id='word_1_317' title='bbox 204 2508 222 2563; x_wconf 65' lang='grc' dir='ltr'>Ξ</span> <span class='ocrx_word' id='word_1_318' title='bbox 372 2511 385 2531; x_wconf 79' lang='lat'><strong><em>\</em></strong></span> <span class='ocrx_word' id='word_1_319' title='bbox 480 2519 508 2529; x_wconf 82' lang='grc'><strong><em>-</em></strong></span> <span class='ocrx_word' id='word_1_320' title='bbox 598 2510 656 2566; x_wconf 79' lang='grc' dir='ltr'>δι</span> <span class='ocrx_word' id='word_1_321' title='bbox 834 2510 862 2567; x_wconf 72' lang='grc' dir='ltr'>ὃ</span> <span class='ocrx_word' id='word_1_322' title='bbox 1296 2514 1328 2539; x_wconf 66' lang='lat'>.9.</span> <span class='ocrx_word' id='word_1_323' title='bbox 1365 2512 1387 2531; x_wconf 53' lang='grc' dir='ltr'>σε</span> <span class='ocrx_word' id='word_1_324' title='bbox 1590 2513 1614 2535; x_wconf 73' lang='grc' dir='ltr'><strong><em>ν</em></strong></span> <span class='ocrx_word' id='word_1_325' title='bbox 1809 2516 1824 2538; x_wconf 80' lang='lat'><em>\</em></span> 
     </span>
     <span class='ocr_line' id='line_1_45' title="bbox 226 2514 1824 2587; baseline 0.004 -24"><span class='ocrx_word' id='word_1_326' title='bbox 226 2534 261 2562; x_wconf 88' lang='grc' dir='ltr'>ω</span> <span class='ocrx_word' id='word_1_327' title='bbox 307 2531 387 2564; x_wconf 85' lang='grc' dir='ltr'>και</span> <span class='ocrx_word' id='word_1_328' title='bbox 443 2532 544 2580; x_wconf 82' lang='grc' dir='ltr'>της</span> <span class='ocrx_word' id='word_1_329' title='bbox 632 2533 799 2575; x_wconf 86' lang='grc' dir='ltr'>υσεως</span> <span class='ocrx_word' id='word_1_330' title='bbox 871 2516 1229 2587; x_wconf 79' lang='grc' dir='ltr'>ιαστήματος.</span> <span class='ocrx_word' id='word_1_331' title='bbox 1268 2520 1325 2569; x_wconf 71' lang='lat' dir='ltr'>Et</span> <span class='ocrx_word' id='word_1_332' title='bbox 1361 2514 1417 2569; x_wconf 83' lang='grc' dir='ltr'>οέ</span> <span class='ocrx_word' id='word_1_333' title='bbox 1444 2537 1528 2576; x_wconf 87' lang='grc' dir='ltr'>τις</span> <span class='ocrx_word' id='word_1_334' title='bbox 1563 2536 1704 2570; x_wconf 82' lang='grc' dir='ltr'>ειποι</span> <span class='ocrx_word' id='word_1_335' title='bbox 1735 2538 1824 2571; x_wconf 83' lang='grc' dir='ltr'>και</span> 
     </span>
    </p>
   </div>
   <div class='ocr_carea' id='block_1_45' title="bbox 1940 2508 3581 2587">
    <p class='ocr_par' dir='ltr' id='par_1_45' title="bbox 1940 2509 3581 2584">
     <span class='ocr_line' id='line_1_46' title="bbox 1940 2509 3581 2584; baseline 0 -18"><span class='ocrx_word' id='word_1_336' title='bbox 1940 2512 2067 2584; x_wconf 87' lang='lat' dir='ltr'>quis</span> <span class='ocrx_word' id='word_1_337' title='bbox 2090 2510 2403 2583; x_wconf 67' lang='lat' dir='ltr'>quaesierit</span> <span class='ocrx_word' id='word_1_338' title='bbox 2443 2509 2597 2564; x_wconf 91' lang='lat' dir='ltr'>unde</span> <span class='ocrx_word' id='word_1_339' title='bbox 2628 2515 2903 2578; x_wconf 86' lang='lat' dir='ltr'>appareat</span> <span class='ocrx_word' id='word_1_340' title='bbox 2926 2510 3033 2563; x_wconf 86' lang='lat' dir='ltr'>hoc</span> <span class='ocrx_word' id='word_1_341' title='bbox 3081 2509 3162 2564; x_wconf 90' lang='lat' dir='ltr'>ita</span> <span class='ocrx_word' id='word_1_342' title='bbox 3190 2526 3340 2579; x_wconf 90' lang='lat' dir='ltr'>esse,</span> <span class='ocrx_word' id='word_1_343' title='bbox 3371 2516 3429 2565; x_wconf 93' lang='lat' dir='ltr'>et</span> <span class='ocrx_word' id='word_1_344' title='bbox 3475 2528 3581 2566; x_wconf 92' lang='lat' dir='ltr'>cur</span> 
     </span>
    </p>
   </div>
   <div class='ocr_carea' id='block_1_46' title="bbox 208 2597 1827 2675">
    <p class='ocr_par' dir='ltr' id='par_1_46' title="bbox 208 2598 1824 2675">
     <span class='ocr_line' id='line_1_47' title="bbox 208 2598 1824 2675; baseline 0.005 -24"><span class='ocrx_word' id='word_1_345' title='bbox 208 2598 340 2662; x_wconf 74' lang='grc' dir='ltr'>πόθεν</span> <span class='ocrx_word' id='word_1_346' title='bbox 390 2598 562 2669; x_wconf 80' lang='grc' dir='ltr'>δῆλον</span> <span class='ocrx_word' id='word_1_347' title='bbox 625 2601 707 2655; x_wconf 73' lang='grc' dir='ltr'>ὅτι</span> <span class='ocrx_word' id='word_1_348' title='bbox 740 2600 853 2656; x_wconf 71' lang='grc' dir='ltr'>ἔστι</span> <span class='ocrx_word' id='word_1_349' title='bbox 884 2603 945 2659; x_wconf 86' lang='grc' dir='ltr'>τὸ</span> <span class='ocrx_word' id='word_1_350' title='bbox 974 2608 1248 2675; x_wconf 80' lang='grc' dir='ltr'>τοιοῦτον,</span> <span class='ocrx_word' id='word_1_351' title='bbox 1279 2604 1367 2658; x_wconf 86' lang='grc' dir='ltr'>καὶ</span> <span class='ocrx_word' id='word_1_352' title='bbox 1402 2604 1483 2659; x_wconf 79' lang='grc' dir='ltr'>ὅτι</span> <span class='ocrx_word' id='word_1_353' title='bbox 1514 2604 1601 2659; x_wconf 78' lang='grc' dir='ltr'>ἐπὶ</span> <span class='ocrx_word' id='word_1_354' title='bbox 1634 2610 1824 2659; x_wconf 78' lang='grc' dir='ltr'>τοσοῦ-</span> 
     </span>
    </p>
   </div>
   <div class='ocr_carea' id='block_1_47' title="bbox 1940 2597 3578 2675">
    <p class='ocr_par' dir='ltr' id='par_1_47' title="bbox 1940 2597 3578 2661">
     <span class='ocr_line' id='line_1_48' title="bbox 1940 2597 3578 2661; baseline -0.001 -4"><span class='ocrx_word' id='word_1_355' title='bbox 1940 2607 2097 2658; x_wconf 88' lang='lat' dir='ltr'>tanta</span> <span class='ocrx_word' id='word_1_356' title='bbox 2127 2601 2203 2655; x_wconf 89' lang='lat' dir='ltr'>sit</span> <span class='ocrx_word' id='word_1_357' title='bbox 2230 2600 2508 2655; x_wconf 85' lang='lat' dir='ltr'>horarum</span> <span class='ocrx_word' id='word_1_358' title='bbox 2530 2597 2965 2661; x_wconf 77' lang='lat' dir='ltr'>diii‘erentia,ita</span> <span class='ocrx_word' id='word_1_359' title='bbox 2997 2604 3055 2652; x_wconf 89' lang='lat' dir='ltr'>ut</span> <span class='ocrx_word' id='word_1_360' title='bbox 3086 2598 3193 2653; x_wconf 92' lang='lat' dir='ltr'>hoc</span> <span class='ocrx_word' id='word_1_361' title='bbox 3223 2598 3281 2652; x_wconf 91' lang='lat' dir='ltr'>in</span> <span class='ocrx_word' id='word_1_362' title='bbox 3306 2598 3430 2655; x_wconf 92' lang='lat' dir='ltr'>loco</span> <span class='ocrx_word' id='word_1_363' title='bbox 3455 2600 3578 2656; x_wconf 86' lang='lat' dir='ltr'>dies</span> 
     </span>
    </p>
   </div>
   <div class='ocr_carea' id='block_1_48' title="bbox 206 2687 1827 2769">
    <p class='ocr_par' dir='ltr' id='par_1_48' title="bbox 206 2687 1821 2769">
     <span class='ocr_line' id='line_1_49' title="bbox 206 2687 1821 2769; baseline 0.005 -30"><span class='ocrx_word' id='word_1_364' title='bbox 206 2708 278 2740; x_wconf 80' lang='grc' dir='ltr'>τον</span> <span class='ocrx_word' id='word_1_365' title='bbox 332 2687 671 2766; x_wconf 67' lang='grc' dir='ltr'>διαφέρουσιν</span> <span class='ocrx_word' id='word_1_366' title='bbox 698 2692 753 2744; x_wconf 79' lang='lat' dir='ltr'>ui</span> <span class='ocrx_word' id='word_1_367' title='bbox 784 2692 947 2763; x_wconf 82' lang='grc' dir='ltr'>ὧραι,</span> <span class='ocrx_word' id='word_1_368' title='bbox 980 2692 1055 2753; x_wconf 85' lang='grc' dir='ltr'>ὡς</span> <span class='ocrx_word' id='word_1_369' title='bbox 1086 2687 1138 2746; x_wconf 76' lang='grc' dir='ltr'>ἕν</span> <span class='ocrx_word' id='word_1_370' title='bbox 1166 2714 1273 2747; x_wconf 92' lang='grc' dir='ltr'>τινι</span> <span class='ocrx_word' id='word_1_371' title='bbox 1307 2694 1402 2765; x_wconf 74' lang='grc' dir='ltr'>μὲν</span> <span class='ocrx_word' id='word_1_372' title='bbox 1429 2694 1584 2766; x_wconf 87' lang='grc' dir='ltr'>τόπῳ</span> <span class='ocrx_word' id='word_1_373' title='bbox 1612 2693 1821 2769; x_wconf 72' lang='grc' dir='ltr'>ἡμέραν</span> 
     </span>
    </p>
   </div>
   <div class='ocr_carea' id='block_1_49' title="bbox 1940 2687 3577 2769">
    <p class='ocr_par' dir='ltr' id='par_1_49' title="bbox 1940 2687 3577 2760">
     <span class='ocr_line' id='line_1_50' title="bbox 1940 2687 3577 2760; baseline -0.001 -13"><span class='ocrx_word' id='word_1_374' title='bbox 1940 2692 2029 2760; x_wconf 83' lang='lat' dir='ltr'>sit,</span> <span class='ocrx_word' id='word_1_375' title='bbox 2062 2693 2120 2745; x_wconf 92' lang='lat' dir='ltr'>in</span> <span class='ocrx_word' id='word_1_376' title='bbox 2163 2689 2261 2744; x_wconf 93' lang='lat' dir='ltr'>illo</span> <span class='ocrx_word' id='word_1_377' title='bbox 2321 2705 2455 2758; x_wconf 85' lang='lat' dir='ltr'>nox,</span> <span class='ocrx_word' id='word_1_378' title='bbox 2504 2687 2775 2758; x_wconf 73' lang='lat' dir='ltr'>horaeque</span> <span class='ocrx_word' id='word_1_379' title='bbox 2824 2704 2979 2742; x_wconf 90' lang='lat' dir='ltr'>nunc</span> <span class='ocrx_word' id='word_1_380' title='bbox 3032 2687 3363 2759; x_wconf 67' lang='lat' dir='ltr'>prmcipites</span> <span class='ocrx_word' id='word_1_381' title='bbox 3422 2706 3577 2745; x_wconf 89' lang='lat' dir='ltr'>nunc</span> 
     </span>
    </p>
   </div>
   <div class='ocr_carea' id='block_1_50' title="bbox 209 2776 1827 2857">
    <p class='ocr_par' dir='ltr' id='par_1_50' title="bbox 209 2776 1825 2857">
     <span class='ocr_line' id='line_1_51' title="bbox 209 2776 1825 2857; baseline 0.006 -29"><span class='ocrx_word' id='word_1_382' title='bbox 209 2777 338 2845; x_wconf 69' lang='grc' dir='ltr'>εἶναι,</span> <span class='ocrx_word' id='word_1_383' title='bbox 398 2778 447 2832; x_wconf 66' lang='lat' dir='ltr'>tv</span> <span class='ocrx_word' id='word_1_384' title='bbox 487 2779 659 2852; x_wconf 74' lang='grc' dir='ltr'>ἱτέρῳ</span> <span class='ocrx_word' id='word_1_385' title='bbox 713 2776 770 2833; x_wconf 78' lang='grc' dir='ltr'>δὲ</span> <span class='ocrx_word' id='word_1_386' title='bbox 826 2779 1007 2847; x_wconf 78' lang='grc' dir='ltr'>νύκτα,</span> <span class='ocrx_word' id='word_1_387' title='bbox 1066 2781 1157 2835; x_wconf 84' lang='grc' dir='ltr'>καὶ</span> <span class='ocrx_word' id='word_1_388' title='bbox 1213 2781 1309 2843; x_wconf 87' lang='grc' dir='ltr'>τάς</span> <span class='ocrx_word' id='word_1_389' title='bbox 1364 2782 1508 2857; x_wconf 82' lang='grc' dir='ltr'>ὥρας</span> <span class='ocrx_word' id='word_1_390' title='bbox 1562 2782 1825 2856; x_wconf 81' lang='grc' dir='ltr'>προλαμ-</span> 
     </span>
    </p>
   </div>
   <div class='ocr_carea' id='block_1_51' title="bbox 1940 2776 3579 2857">
    <p class='ocr_par' dir='ltr' id='par_1_51' title="bbox 1940 2778 3579 2853">
     <span class='ocr_line' id='line_1_52' title="bbox 1940 2778 3579 2853; baseline -0.001 -12"><span class='ocrx_word' id='word_1_391' title='bbox 1940 2784 2219 2841; x_wconf 77' lang='lat' dir='ltr'>tardiores</span> <span class='ocrx_word' id='word_1_392' title='bbox 2246 2781 2388 2849; x_wconf 90' lang='lat' dir='ltr'>sint,</span> <span class='ocrx_word' id='word_1_393' title='bbox 2413 2780 2579 2847; x_wconf 90' lang='lat' dir='ltr'>scito,</span> <span class='ocrx_word' id='word_1_394' title='bbox 2612 2797 2643 2836; x_wconf 90' lang='lat' dir='ltr'>e</span> <span class='ocrx_word' id='word_1_395' title='bbox 2673 2779 2815 2836; x_wconf 91' lang='lat' dir='ltr'>solis</span> <span class='ocrx_word' id='word_1_396' title='bbox 2849 2784 2905 2835; x_wconf 91' lang='lat' dir='ltr'>et</span> <span class='ocrx_word' id='word_1_397' title='bbox 2933 2779 3089 2836; x_wconf 67' lang='lat' dir='ltr'>lunae</span> <span class='ocrx_word' id='word_1_398' title='bbox 3114 2778 3437 2853; x_wconf 89' lang='lat' dir='ltr'>eclipsibus</span> <span class='ocrx_word' id='word_1_399' title='bbox 3468 2781 3579 2840; x_wconf 92' lang='lat' dir='ltr'>hoc</span> 
     </span>
    </p>
   </div>
   <div class='ocr_carea' id='block_1_52' title="bbox 208 2859 1827 2951">
    <p class='ocr_par' dir='ltr' id='par_1_52' title="bbox 208 2859 1823 2947">
     <span class='ocr_line' id='line_1_53' title="bbox 208 2859 1823 2947; baseline 0.007 -32"><span class='ocrx_word' id='word_1_400' title='bbox 208 2859 356 2920; x_wconf 71' lang='grc' dir='ltr'>ϐάνειν</span> <span class='ocrx_word' id='word_1_401' title='bbox 397 2869 485 2922; x_wconf 85' lang='lat' dir='ltr'>xui</span> <span class='ocrx_word' id='word_1_402' title='bbox 546 2867 811 2941; x_wconf 77' lang='grc' dir='ltr'>ὑστερεῖν,</span> <span class='ocrx_word' id='word_1_403' title='bbox 864 2867 1026 2937; x_wconf 72' lang='grc' dir='ltr'>’ίστω,</span> <span class='ocrx_word' id='word_1_404' title='bbox 1083 2871 1166 2924; x_wconf 79' lang='grc' dir='ltr'>δτι</span> <span class='ocrx_word' id='word_1_405' title='bbox 1198 2872 1426 2947; x_wconf 73' lang='grc' dir='ltr'>φανερὸν</span> <span class='ocrx_word' id='word_1_406' title='bbox 1458 2877 1617 2926; x_wconf 73' lang='grc' dir='ltr'>τοῦτο</span> <span class='ocrx_word' id='word_1_407' title='bbox 1666 2874 1823 2947; x_wconf 76' lang='grc' dir='ltr'>γέγο-</span> 
     </span>
    </p>
   </div>
   <div class='ocr_carea' id='block_1_53' title="bbox 1940 2859 3581 2951">
    <p class='ocr_par' dir='ltr' id='par_1_53' title="bbox 1940 2869 3581 2946">
     <span class='ocr_line' id='line_1_54' title="bbox 1940 2869 3581 2946; baseline -0.001 -17"><span class='ocrx_word' id='word_1_408' title='bbox 1940 2872 2601 2946; x_wconf 84' lang='lat' dir='ltr'>pateﬁeri.Compertum</span> <span class='ocrx_word' id='word_1_409' title='bbox 2635 2870 2852 2925; x_wconf 87' lang='lat' dir='ltr'>habent</span> <span class='ocrx_word' id='word_1_410' title='bbox 2868 2869 3158 2939; x_wconf 86' lang='lat' dir='ltr'>ejusmodi</span> <span class='ocrx_word' id='word_1_411' title='bbox 3181 2886 3375 2926; x_wconf 87' lang='lat' dir='ltr'>rerum</span> <span class='ocrx_word' id='word_1_412' title='bbox 3408 2873 3581 2942; x_wconf 86' lang='lat' dir='ltr'>periti</span> 
     </span>
    </p>
   </div>
   <div class='ocr_carea' id='block_1_54' title="bbox 204 2953 1827 3035">
    <p class='ocr_par' dir='ltr' id='par_1_54' title="bbox 204 2953 1820 3035">
     <span class='ocr_line' id='line_1_55' title="bbox 204 2953 1820 3035; baseline 0.008 -30"><span class='ocrx_word' id='word_1_413' title='bbox 204 2973 269 3006; x_wconf 81' lang='grc' dir='ltr'>νεν</span> <span class='ocrx_word' id='word_1_414' title='bbox 336 2953 390 3009; x_wconf 71' lang='grc' dir='ltr'>ὲκ</span> <span class='ocrx_word' id='word_1_415' title='bbox 443 2961 552 3011; x_wconf 91' lang='grc' dir='ltr'>τῶν</span> <span class='ocrx_word' id='word_1_416' title='bbox 629 2957 878 3026; x_wconf 80' lang='grc' dir='ltr'>ἡλιακῶν</span> <span class='ocrx_word' id='word_1_417' title='bbox 947 2958 1037 3014; x_wconf 87' lang='lat' dir='ltr'>xui</span> <span class='ocrx_word' id='word_1_418' title='bbox 1112 2958 1443 3029; x_wconf 88' lang='grc' dir='ltr'>σεληνιακῶν</span> <span class='ocrx_word' id='word_1_419' title='bbox 1505 2958 1820 3035; x_wconf 76' lang='grc' dir='ltr'>ἐκλείψεων.</span> 
     </span>
    </p>
   </div>
   <div class='ocr_carea' id='block_1_55' title="bbox 1940 2953 3582 3035">
    <p class='ocr_par' dir='ltr' id='par_1_55' title="bbox 1940 2958 3582 3035">
     <span class='ocr_line' id='line_1_56' title="bbox 1940 2958 3582 3035; baseline -0.001 -16"><span class='ocrx_word' id='word_1_420' title='bbox 1940 2963 2082 3035; x_wconf 61' lang='grc' dir='ltr'>ιυοά</span> <span class='ocrx_word' id='word_1_421' title='bbox 2114 2960 2255 3017; x_wconf 90' lang='lat' dir='ltr'>solis</span> <span class='ocrx_word' id='word_1_422' title='bbox 2277 2960 2512 3031; x_wconf 89' lang='lat' dir='ltr'>eclipsis</span> <span class='ocrx_word' id='word_1_423' title='bbox 2543 2966 2755 3029; x_wconf 89' lang='lat' dir='ltr'>quarta</span> <span class='ocrx_word' id='word_1_424' title='bbox 2775 2958 2845 3013; x_wconf 73' lang='lat' dir='ltr'>in.</span> <span class='ocrx_word' id='word_1_425' title='bbox 2866 2958 3101 3014; x_wconf 88' lang='lat' dir='ltr'>Perside</span> <span class='ocrx_word' id='word_1_426' title='bbox 3130 2959 3458 3032; x_wconf 87' lang='lat' dir='ltr'>hora.apud</span> <span class='ocrx_word' id='word_1_427' title='bbox 3476 2979 3582 3017; x_wconf 92' lang='lat' dir='ltr'>nos</span> 
     </span>
    </p>
   </div>
   <div class='ocr_carea' id='block_1_56' title="bbox 205 3043 1827 3123">
    <p class='ocr_par' dir='ltr' id='par_1_56' title="bbox 205 3043 1821 3123">
     <span class='ocr_line' id='line_1_57' title="bbox 205 3043 1821 3123; baseline 0.004 -24"><span class='ocrx_word' id='word_1_428' title='bbox 205 3043 449 3119; x_wconf 69' lang='grc' dir='ltr'>Ἐτηρήθη</span> <span class='ocrx_word' id='word_1_429' title='bbox 502 3045 630 3120; x_wconf 76' lang='grc' dir='ltr'>γὰρ,</span> <span class='ocrx_word' id='word_1_430' title='bbox 692 3045 782 3101; x_wconf 78' lang='grc' dir='ltr'>ὅτε</span> <span class='ocrx_word' id='word_1_431' title='bbox 828 3048 1032 3122; x_wconf 87' lang='grc' dir='ltr'>γίνεται</span> <span class='ocrx_word' id='word_1_432' title='bbox 1089 3051 1123 3118; x_wconf 79' lang='grc' dir='ltr'>ἠ</span> <span class='ocrx_word' id='word_1_433' title='bbox 1184 3046 1425 3123; x_wconf 69' lang='grc' dir='ltr'>ἔκλειψις</span> <span class='ocrx_word' id='word_1_434' title='bbox 1482 3049 1650 3119; x_wconf 76' lang='grc' dir='ltr'>ἡλίου</span> <span class='ocrx_word' id='word_1_435' title='bbox 1705 3052 1821 3105; x_wconf 83' lang='grc' dir='ltr'>καθ’</span> 
     </span>
    </p>
   </div>
   <div class='ocr_carea' id='block_1_57' title="bbox 1940 3043 3580 3123">
    <p class='ocr_par' dir='ltr' id='par_1_57' title="bbox 1940 3046 3580 3123">
     <span class='ocr_line' id='line_1_58' title="bbox 1940 3046 3580 3123; baseline -0.001 -17"><span class='ocrx_word' id='word_1_436' title='bbox 1940 3050 2122 3123; x_wconf 91' lang='lat' dir='ltr'>prima</span> <span class='ocrx_word' id='word_1_437' title='bbox 2146 3049 2331 3105; x_wconf 86' lang='lat' dir='ltr'>evenit</span> <span class='ocrx_word' id='word_1_438' title='bbox 2357 3047 2542 3119; x_wconf 87' lang='lat' dir='ltr'>;quod</span> <span class='ocrx_word' id='word_1_439' title='bbox 2568 3046 2721 3102; x_wconf 89' lang='lat' dir='ltr'>idem</span> <span class='ocrx_word' id='word_1_440' title='bbox 2744 3047 2937 3118; x_wconf 87' lang='lat' dir='ltr'>quoad</span> <span class='ocrx_word' id='word_1_441' title='bbox 2964 3046 3138 3102; x_wconf 90' lang='lat' dir='ltr'>horas</span> <span class='ocrx_word' id='word_1_442' title='bbox 3173 3052 3494 3104; x_wconf 88' lang='lat' dir='ltr'>nocturnas</span> <span class='ocrx_word' id='word_1_443' title='bbox 3521 3050 3580 3105; x_wconf 88' lang='lat' dir='ltr'>in</span> 
     </span>
    </p>
   </div>
   <div class='ocr_carea' id='block_1_58' title="bbox 203 3132 1827 3214">
    <p class='ocr_par' dir='ltr' id='par_1_58' title="bbox 203 3132 1822 3214">
     <span class='ocr_line' id='line_1_59' title="bbox 203 3132 1822 3214; baseline 0.006 -30"><span class='ocrx_word' id='word_1_444' title='bbox 203 3132 320 3206; x_wconf 80' lang='grc' dir='ltr'>ὤραν</span> <span class='ocrx_word' id='word_1_445' title='bbox 375 3134 634 3205; x_wconf 79' lang='grc' dir='ltr'>τετάρτην</span> <span class='ocrx_word' id='word_1_446' title='bbox 708 3134 761 3189; x_wconf 81' lang='grc' dir='ltr'>ἐν</span> <span class='ocrx_word' id='word_1_447' title='bbox 818 3140 886 3209; x_wconf 76' lang='grc' dir='ltr'>τῇ</span> <span class='ocrx_word' id='word_1_448' title='bbox 951 3135 1189 3209; x_wconf 75' lang='grc' dir='ltr'>Περσίδι,</span> <span class='ocrx_word' id='word_1_449' title='bbox 1249 3138 1490 3214; x_wconf 79' lang='grc' dir='ltr'>φαίνεται</span> <span class='ocrx_word' id='word_1_450' title='bbox 1539 3141 1678 3210; x_wconf 81' lang='grc' dir='ltr'>ἡμῖν</span> <span class='ocrx_word' id='word_1_451' title='bbox 1735 3139 1822 3193; x_wconf 84' lang='grc' dir='ltr'>έν-</span> 
     </span>
    </p>
   </div>
   <div class='ocr_carea' id='block_1_59' title="bbox 1940 3132 3580 3214">
    <p class='ocr_par' dir='ltr' id='par_1_59' title="bbox 1940 3135 3580 3209">
     <span class='ocr_line' id='line_1_60' title="bbox 1940 3135 3580 3209; baseline -0.001 -14"><span class='ocrx_word' id='word_1_452' title='bbox 1940 3140 2083 3195; x_wconf 66' lang='lat' dir='ltr'>lunae</span> <span class='ocrx_word' id='word_1_453' title='bbox 2116 3137 2318 3209; x_wconf 91' lang='lat' dir='ltr'>eclipsi</span> <span class='ocrx_word' id='word_1_454' title='bbox 2351 3137 2582 3192; x_wconf 84' lang='lat' dir='ltr'>accidit.</span> <span class='ocrx_word' id='word_1_455' title='bbox 2607 3136 2826 3205; x_wconf 78' lang='lat' dir='ltr'>Figures</span> <span class='ocrx_word' id='word_1_456' title='bbox 2858 3135 3074 3191; x_wconf 89' lang='lat' dir='ltr'>etenim</span> <span class='ocrx_word' id='word_1_457' title='bbox 3108 3141 3263 3193; x_wconf 86' lang='lat' dir='ltr'>terra</span> <span class='ocrx_word' id='word_1_458' title='bbox 3284 3137 3580 3208; x_wconf 68' lang='lat' dir='ltr'>spheericae</span> 
     </span>
    </p>
   </div>
   <div class='ocr_carea' id='block_1_60' title="bbox 197 3221 1827 3325">
    <p class='ocr_par' dir='ltr' id='par_1_60' title="bbox 197 3221 1817 3300">
     <span class='ocr_line' id='line_1_61' title="bbox 197 3221 1817 3300; baseline 0.006 -27"><span class='ocrx_word' id='word_1_459' title='bbox 197 3224 354 3293; x_wconf 75' lang='grc' dir='ltr'>ταῦθα,</span> <span class='ocrx_word' id='word_1_460' title='bbox 411 3224 486 3286; x_wconf 83' lang='grc' dir='ltr'>ὡς</span> <span class='ocrx_word' id='word_1_461' title='bbox 546 3223 717 3279; x_wconf 78' lang='grc' dir='ltr'>ἐκεῖσε</span> <span class='ocrx_word' id='word_1_462' title='bbox 774 3221 1275 3299; x_wconf 75' lang='grc' dir='ltr'>προλαμϐανούσης</span> <span class='ocrx_word' id='word_1_463' title='bbox 1330 3234 1429 3296; x_wconf 82' lang='grc' dir='ltr'>τῆς</span> <span class='ocrx_word' id='word_1_464' title='bbox 1489 3229 1716 3300; x_wconf 77' lang='grc' dir='ltr'>ἡμέρας.</span> <span class='ocrx_word' id='word_1_465' title='bbox 1748 3229 1817 3283; x_wconf 83' lang='grc' dir='ltr'>Τὸ</span> 
     </span>
    </p>
   </div>
   <div class='ocr_carea' id='block_1_61' title="bbox 1940 3221 3580 3325">
    <p class='ocr_par' dir='ltr' id='par_1_61' title="bbox 1940 3224 3580 3297">
     <span class='ocr_line' id='line_1_62' title="bbox 1940 3224 3580 3297; baseline -0.001 -13"><span class='ocrx_word' id='word_1_466' title='bbox 1940 3229 2188 3284; x_wconf 80' lang='lat' dir='ltr'>curvitas</span> <span class='ocrx_word' id='word_1_467' title='bbox 2210 3226 2547 3297; x_wconf 84' lang='lat' dir='ltr'>regionibus</span> <span class='ocrx_word' id='word_1_468' title='bbox 2569 3224 3031 3281; x_wconf 87' lang='lat' dir='ltr'>occidentalibus</span> <span class='ocrx_word' id='word_1_469' title='bbox 3053 3240 3114 3280; x_wconf 90' lang='lat' dir='ltr'>se</span> <span class='ocrx_word' id='word_1_470' title='bbox 3127 3227 3580 3297; x_wconf 87' lang='lat' dir='ltr'>opponit,donec</span> 
     </span>
    </p>
   </div>
   <div class='ocr_carea' id='block_1_62' title="bbox 202 3309 1827 3389">
    <p class='ocr_par' dir='ltr' id='par_1_62' title="bbox 202 3309 1815 3389">
     <span class='ocr_line' id='line_1_63' title="bbox 202 3309 1815 3389; baseline 0.007 -28"><span class='ocrx_word' id='word_1_471' title='bbox 202 3309 306 3364; x_wconf 74' lang='grc' dir='ltr'>αὐτὸ</span> <span class='ocrx_word' id='word_1_472' title='bbox 359 3311 446 3366; x_wconf 80' lang='grc' dir='ltr'>καὶ</span> <span class='ocrx_word' id='word_1_473' title='bbox 506 3312 595 3367; x_wconf 75' lang='grc' dir='ltr'>ἐπὶ</span> <span class='ocrx_word' id='word_1_474' title='bbox 652 3318 759 3369; x_wconf 89' lang='grc' dir='ltr'>τῶν</span> <span class='ocrx_word' id='word_1_475' title='bbox 816 3316 972 3389; x_wconf 83' lang='grc' dir='ltr'>ὡρῶν</span> <span class='ocrx_word' id='word_1_476' title='bbox 1004 3322 1104 3385; x_wconf 80' lang='grc' dir='ltr'>τῆς</span> <span class='ocrx_word' id='word_1_477' title='bbox 1158 3318 1349 3379; x_wconf 82' lang='grc' dir='ltr'>νυκτὸς</span> <span class='ocrx_word' id='word_1_478' title='bbox 1406 3316 1492 3371; x_wconf 80' lang='grc' dir='ltr'>ἐπὶ</span> <span class='ocrx_word' id='word_1_479' title='bbox 1551 3319 1657 3372; x_wconf 86' lang='grc' dir='ltr'>τῶν</span> <span class='ocrx_word' id='word_1_480' title='bbox 1718 3313 1815 3388; x_wconf 80' lang='grc' dir='ltr'>τῆς</span> 
     </span>
    </p>
   </div>
   <div class='ocr_carea' id='block_1_63' title="bbox 1940 3309 3576 3389">
    <p class='ocr_par' dir='ltr' id='par_1_63' title="bbox 1940 3313 3576 3389">
     <span class='ocr_line' id='line_1_64' title="bbox 1940 3313 3576 3389; baseline -0.001 -16"><span class='ocrx_word' id='word_1_481' title='bbox 1940 3317 2017 3373; x_wconf 75' lang='lat' dir='ltr'>sol</span> <span class='ocrx_word' id='word_1_482' title='bbox 2050 3332 2281 3389; x_wconf 89' lang='lat' dir='ltr'>quoque</span> <span class='ocrx_word' id='word_1_483' title='bbox 2304 3332 2369 3370; x_wconf 93' lang='lat' dir='ltr'>eo</span> <span class='ocrx_word' id='word_1_484' title='bbox 2431 3330 2615 3385; x_wconf 90' lang='lat' dir='ltr'>usque</span> <span class='ocrx_word' id='word_1_485' title='bbox 2646 3313 2943 3369; x_wconf 88' lang='lat' dir='ltr'>evehatur.</span> <span class='ocrx_word' id='word_1_486' title='bbox 2970 3314 3027 3368; x_wconf 91' lang='lat' dir='ltr'>Si</span> <span class='ocrx_word' id='word_1_487' title='bbox 3078 3315 3237 3369; x_wconf 88' lang='lat' dir='ltr'>enim</span> <span class='ocrx_word' id='word_1_488' title='bbox 3275 3318 3430 3370; x_wconf 88' lang='lat' dir='ltr'>terra</span> <span class='ocrx_word' id='word_1_489' title='bbox 3462 3333 3576 3371; x_wconf 89' lang='lat' dir='ltr'>non</span> 
     </span>
    </p>
   </div>
   <div class='ocr_carea' id='block_1_64' title="bbox 198 3396 1827 3481">
    <p class='ocr_par' dir='ltr' id='par_1_64' title="bbox 198 3396 1815 3481">
     <span class='ocr_line' id='line_1_65' title="bbox 198 3396 1815 3481; baseline 0.004 -28"><span class='ocrx_word' id='word_1_490' title='bbox 198 3396 404 3471; x_wconf 77' lang='grc' dir='ltr'>σελήνης</span> <span class='ocrx_word' id='word_1_491' title='bbox 460 3401 781 3476; x_wconf 81' lang='grc' dir='ltr'>έκλείψεων’</span> <span class='ocrx_word' id='word_1_492' title='bbox 843 3407 878 3472; x_wconf 81' lang='grc' dir='ltr'><strong>ἡ</strong></span> <span class='ocrx_word' id='word_1_493' title='bbox 934 3406 1037 3479; x_wconf 80' lang='grc' dir='ltr'>γὰρ</span> <span class='ocrx_word' id='word_1_494' title='bbox 1095 3406 1363 3479; x_wconf 87' lang='grc' dir='ltr'>κυρτότης</span> <span class='ocrx_word' id='word_1_495' title='bbox 1389 3411 1485 3460; x_wconf 80' lang='grc' dir='ltr'>τοῦ</span> <span class='ocrx_word' id='word_1_496' title='bbox 1543 3428 1815 3481; x_wconf 76' lang='grc' dir='ltr'>σφαιροει-</span> 
     </span>
    </p>
   </div>
   <div class='ocr_carea' id='block_1_65' title="bbox 1940 3396 3574 3481">
    <p class='ocr_par' dir='ltr' id='par_1_65' title="bbox 1940 3402 3574 3474">
     <span class='ocr_line' id='line_1_66' title="bbox 1940 3402 3574 3474; baseline 0 -13"><span class='ocrx_word' id='word_1_497' title='bbox 1940 3406 2200 3474; x_wconf 64' lang='lat' dir='ltr'>rotunda,</span> <span class='ocrx_word' id='word_1_498' title='bbox 2234 3405 2333 3460; x_wconf 92' lang='lat' dir='ltr'>sed</span> <span class='ocrx_word' id='word_1_499' title='bbox 2368 3404 2541 3474; x_wconf 89' lang='lat' dir='ltr'>plana</span> <span class='ocrx_word' id='word_1_500' title='bbox 2566 3408 2623 3458; x_wconf 91' lang='lat' dir='ltr'>et</span> <span class='ocrx_word' id='word_1_501' title='bbox 2654 3402 2828 3474; x_wconf 89' lang='lat' dir='ltr'>longa</span> <span class='ocrx_word' id='word_1_502' title='bbox 2858 3407 3031 3472; x_wconf 88' lang='lat' dir='ltr'>esset,</span> <span class='ocrx_word' id='word_1_503' title='bbox 3066 3406 3189 3457; x_wconf 91' lang='lat' dir='ltr'>tota</span> <span class='ocrx_word' id='word_1_504' title='bbox 3217 3404 3394 3459; x_wconf 89' lang='lat' dir='ltr'>simul</span> <span class='ocrx_word' id='word_1_505' title='bbox 3434 3405 3574 3461; x_wconf 90' lang='lat' dir='ltr'>illu-</span> 
     </span>
    </p>
   </div>
   <div class='ocr_carea' id='block_1_66' title="bbox 194 3484 1827 3568">
    <p class='ocr_par' dir='ltr' id='par_1_66' title="bbox 194 3484 1816 3568">
     <span class='ocr_line' id='line_1_67' title="bbox 194 3484 1816 3568; baseline 0.007 -29"><span class='ocrx_word' id='word_1_506' title='bbox 194 3484 297 3550; x_wconf 73' lang='grc' dir='ltr'>δοῦς</span> <span class='ocrx_word' id='word_1_507' title='bbox 352 3493 639 3566; x_wconf 66' lang='grc' dir='ltr'>σχήματος</span> <span class='ocrx_word' id='word_1_508' title='bbox 692 3496 792 3557; x_wconf 79' lang='grc' dir='ltr'>τῆς</span> <span class='ocrx_word' id='word_1_509' title='bbox 838 3500 943 3567; x_wconf 84' lang='grc' dir='ltr'>γῆς</span> <span class='ocrx_word' id='word_1_510' title='bbox 1001 3494 1345 3568; x_wconf 74' lang='grc' dir='ltr'>ἀντιφράττει</span> <span class='ocrx_word' id='word_1_511' title='bbox 1401 3501 1519 3557; x_wconf 83' lang='grc' dir='ltr'>τοῖς</span> <span class='ocrx_word' id='word_1_512' title='bbox 1578 3494 1816 3558; x_wconf 82' lang='grc' dir='ltr'>δυτικοῖς</span> 
     </span>
    </p>
   </div>
   <div class='ocr_carea' id='block_1_67' title="bbox 1940 3484 3574 3568">
    <p class='ocr_par' dir='ltr' id='par_1_67' title="bbox 1940 3493 3574 3563">
     <span class='ocr_line' id='line_1_68' title="bbox 1940 3493 3574 3563; baseline 0.001 -13"><span class='ocrx_word' id='word_1_513' title='bbox 1940 3500 2231 3551; x_wconf 75' lang='lat' dir='ltr'>straretur.</span> <span class='ocrx_word' id='word_1_514' title='bbox 2276 3493 2520 3547; x_wconf 86' lang='lat' dir='ltr'>Curvam</span> <span class='ocrx_word' id='word_1_515' title='bbox 2566 3508 2796 3563; x_wconf 91' lang='lat' dir='ltr'>quoque</span> <span class='ocrx_word' id='word_1_516' title='bbox 2840 3508 2968 3546; x_wconf 90' lang='lat' dir='ltr'>eam</span> <span class='ocrx_word' id='word_1_517' title='bbox 3021 3508 3150 3547; x_wconf 91' lang='lat' dir='ltr'>esse</span> <span class='ocrx_word' id='word_1_518' title='bbox 3208 3493 3265 3547; x_wconf 93' lang='lat' dir='ltr'>id</span> <span class='ocrx_word' id='word_1_519' title='bbox 3320 3498 3574 3551; x_wconf 89' lang='lat' dir='ltr'>testatur</span> 
     </span>
    </p>
   </div>
   <div class='ocr_carea' id='block_1_68' title="bbox 194 3575 1827 3658">
    <p class='ocr_par' dir='ltr' id='par_1_68' title="bbox 194 3575 1816 3655">
     <span class='ocr_line' id='line_1_69' title="bbox 194 3575 1816 3655; baseline 0.006 -25"><span class='ocrx_word' id='word_1_520' title='bbox 194 3575 403 3650; x_wconf 74' lang='grc' dir='ltr'>μέρεσιν,</span> <span class='ocrx_word' id='word_1_521' title='bbox 432 3578 537 3642; x_wconf 77' lang='grc' dir='ltr'>ἓως</span> <span class='ocrx_word' id='word_1_522' title='bbox 570 3579 633 3635; x_wconf 78' lang='grc' dir='ltr'>οὗ</span> <span class='ocrx_word' id='word_1_523' title='bbox 684 3581 873 3655; x_wconf 79' lang='grc' dir='ltr'>ὗψωθῇ</span> <span class='ocrx_word' id='word_1_524' title='bbox 922 3582 1013 3636; x_wconf 85' lang='lat' dir='ltr'>xui</span> <span class='ocrx_word' id='word_1_525' title='bbox 1062 3582 1149 3637; x_wconf 74' lang='grc' dir='ltr'>ἐπὶ</span> <span class='ocrx_word' id='word_1_526' title='bbox 1196 3582 1403 3637; x_wconf 74' lang='grc' dir='ltr'>τούτων</span> <span class='ocrx_word' id='word_1_527' title='bbox 1451 3585 1478 3638; x_wconf 88' lang='grc' dir='ltr'>ὁ</span> <span class='ocrx_word' id='word_1_528' title='bbox 1510 3583 1690 3652; x_wconf 69' lang='grc' dir='ltr'>ἥλιος.</span> <span class='ocrx_word' id='word_1_529' title='bbox 1755 3584 1816 3639; x_wconf 78' lang='grc' dir='ltr'>Εἰ</span> 
     </span>
    </p>
   </div>
   <div class='ocr_carea' id='block_1_69' title="bbox 1940 3575 3571 3658">
    <p class='ocr_par' dir='ltr' id='par_1_69' title="bbox 1940 3580 3571 3658">
     <span class='ocr_line' id='line_1_70' title="bbox 1940 3580 3571 3658; baseline -0.001 -17"><span class='ocrx_word' id='word_1_530' title='bbox 1940 3585 2082 3658; x_wconf 71' lang='lat' dir='ltr'>;uod</span> <span class='ocrx_word' id='word_1_531' title='bbox 2105 3584 2151 3640; x_wconf 91' lang='lat' dir='ltr'>si</span> <span class='ocrx_word' id='word_1_532' title='bbox 2181 3584 2241 3638; x_wconf 89' lang='lat' dir='ltr'>in</span> <span class='ocrx_word' id='word_1_533' title='bbox 2275 3583 2421 3638; x_wconf 78' lang='lat' dir='ltr'>mari</span> <span class='ocrx_word' id='word_1_534' title='bbox 2451 3580 2815 3651; x_wconf 80' lang='lat' dir='ltr'>navigamus,</span> <span class='ocrx_word' id='word_1_535' title='bbox 2850 3583 3138 3637; x_wconf 89' lang='lat' dir='ltr'>montium</span> <span class='ocrx_word' id='word_1_536' title='bbox 3182 3583 3368 3654; x_wconf 88' lang='lat' dir='ltr'>primo</span> <span class='ocrx_word' id='word_1_537' title='bbox 3400 3602 3571 3641; x_wconf 90' lang='lat' dir='ltr'>cacu-</span> 
     </span>
    </p>
   </div>
   <div class='ocr_carea' id='block_1_70' title="bbox 190 3666 1827 3755">
    <p class='ocr_par' dir='ltr' id='par_1_70' title="bbox 190 3666 1817 3755">
     <span class='ocr_line' id='line_1_71' title="bbox 190 3666 1817 3755; baseline 0.004 -33"><span class='ocrx_word' id='word_1_538' title='bbox 190 3666 273 3737; x_wconf 63' lang='grc' dir='ltr'>γὰρ</span> <span class='ocrx_word' id='word_1_539' title='bbox 328 3670 399 3740; x_wconf 79' lang='grc' dir='ltr'>μὴ</span> <span class='ocrx_word' id='word_1_540' title='bbox 452 3672 487 3738; x_wconf 79' lang='grc' dir='ltr'>ἡ</span> <span class='ocrx_word' id='word_1_541' title='bbox 536 3676 610 3744; x_wconf 83' lang='grc' dir='ltr'>γῆ</span> <span class='ocrx_word' id='word_1_542' title='bbox 647 3668 1022 3755; x_wconf 74' lang='grc' dir='ltr'>σφαιροειδὴς,</span> <span class='ocrx_word' id='word_1_543' title='bbox 1056 3670 1183 3727; x_wconf 87' lang='grc' dir='ltr'>ἀλλ’</span> <span class='ocrx_word' id='word_1_544' title='bbox 1212 3670 1463 3734; x_wconf 82' lang='grc' dir='ltr'>ἐπίπεδος</span> <span class='ocrx_word' id='word_1_545' title='bbox 1492 3674 1582 3727; x_wconf 88' lang='grc' dir='ltr'>καὶ</span> <span class='ocrx_word' id='word_1_546' title='bbox 1613 3673 1817 3729; x_wconf 80' lang='grc' dir='ltr'>ἰκτετα·</span> 
     </span>
    </p>
   </div>
   <div class='ocr_carea' id='block_1_71' title="bbox 1940 3666 3572 3755">
    <p class='ocr_par' dir='ltr' id='par_1_71' title="bbox 1940 3670 3572 3744">
     <span class='ocr_line' id='line_1_72' title="bbox 1940 3670 3572 3744; baseline -0.001 -14"><span class='ocrx_word' id='word_1_547' title='bbox 1940 3675 2090 3730; x_wconf 74' lang='lat' dir='ltr'>nina</span> <span class='ocrx_word' id='word_1_548' title='bbox 2120 3690 2183 3729; x_wconf 89' lang='lat' dir='ltr'>se</span> <span class='ocrx_word' id='word_1_549' title='bbox 2212 3672 2521 3738; x_wconf 85' lang='lat' dir='ltr'>exhibent;</span> <span class='ocrx_word' id='word_1_550' title='bbox 2550 3670 2646 3724; x_wconf 92' lang='lat' dir='ltr'>ubi</span> <span class='ocrx_word' id='word_1_551' title='bbox 2677 3675 2873 3725; x_wconf 84' lang='lat' dir='ltr'>autem</span> <span class='ocrx_word' id='word_1_552' title='bbox 2906 3672 2977 3725; x_wconf 90' lang='lat' dir='ltr'>ad</span> <span class='ocrx_word' id='word_1_553' title='bbox 3003 3678 3216 3727; x_wconf 86' lang='lat' dir='ltr'>terram</span> <span class='ocrx_word' id='word_1_554' title='bbox 3256 3675 3572 3744; x_wconf 87' lang='lat' dir='ltr'>appropin-</span> 
     </span>
    </p>
   </div>
   <div class='ocr_carea' id='block_1_72' title="bbox 194 3755 1827 3836">
    <p class='ocr_par' dir='ltr' id='par_1_72' title="bbox 194 3755 1816 3836">
     <span class='ocr_line' id='line_1_73' title="bbox 194 3755 1816 3836; baseline 0.006 -27"><span class='ocrx_word' id='word_1_555' title='bbox 194 3755 308 3826; x_wconf 78' lang='grc' dir='ltr'>μένη</span> <span class='ocrx_word' id='word_1_556' title='bbox 350 3759 484 3813; x_wconf 86' lang='grc' dir='ltr'>κατά</span> <span class='ocrx_word' id='word_1_557' title='bbox 534 3766 738 3836; x_wconf 80' lang='grc' dir='ltr'>μῆκος,</span> <span class='ocrx_word' id='word_1_558' title='bbox 791 3758 894 3831; x_wconf 79' lang='grc' dir='ltr'>ὅλη</span> <span class='ocrx_word' id='word_1_559' title='bbox 960 3761 1019 3815; x_wconf 81' lang='grc' dir='ltr'>ἂν</span> <span class='ocrx_word' id='word_1_560' title='bbox 1074 3762 1215 3834; x_wconf 78' lang='grc' dir='ltr'>ὁμοῦ</span> <span class='ocrx_word' id='word_1_561' title='bbox 1274 3761 1725 3834; x_wconf 81' lang='grc' dir='ltr'>ἐφωτίζετο.”οτι</span> <span class='ocrx_word' id='word_1_562' title='bbox 1760 3761 1816 3818; x_wconf 74' lang='grc' dir='ltr'>δὲ</span> 
     </span>
    </p>
   </div>
   <div class='ocr_carea' id='block_1_73' title="bbox 1940 3755 3574 3836">
    <p class='ocr_par' dir='ltr' id='par_1_73' title="bbox 1940 3759 3574 3836">
     <span class='ocr_line' id='line_1_74' title="bbox 1940 3759 3574 3836; baseline 0.001 -18"><span class='ocrx_word' id='word_1_563' title='bbox 1940 3780 2201 3836; x_wconf 60' lang='grc' dir='ltr'>ιυεωυε,</span> <span class='ocrx_word' id='word_1_564' title='bbox 2263 3766 2455 3831; x_wconf 88' lang='lat' dir='ltr'>partes</span> <span class='ocrx_word' id='word_1_565' title='bbox 2512 3759 2814 3815; x_wconf 83' lang='lat' dir='ltr'>inferiores</span> <span class='ocrx_word' id='word_1_566' title='bbox 2867 3759 3086 3815; x_wconf 84' lang='lat' dir='ltr'>sensim</span> <span class='ocrx_word' id='word_1_567' title='bbox 3142 3766 3444 3833; x_wconf 87' lang='lat' dir='ltr'>apparent.</span> <span class='ocrx_word' id='word_1_568' title='bbox 3480 3764 3574 3819; x_wconf 92' lang='lat' dir='ltr'>Sic</span> 
     </span>
    </p>
   </div>
   <div class='ocr_carea' id='block_1_74' title="bbox 191 3832 1827 3927">
    <p class='ocr_par' dir='ltr' id='par_1_74' title="bbox 191 3844 1811 3927">
     <span class='ocr_line' id='line_1_75' title="bbox 191 3844 1811 3927; baseline 0.005 -27"><span class='ocrx_word' id='word_1_569' title='bbox 191 3844 334 3916; x_wconf 69' lang='grc' dir='ltr'>κῦρτή</span> <span class='ocrx_word' id='word_1_570' title='bbox 372 3846 511 3902; x_wconf 79' lang='grc' dir='ltr'>ἰστιν</span> <span class='ocrx_word' id='word_1_571' title='bbox 570 3851 605 3917; x_wconf 77' lang='grc' dir='ltr'>ἡ</span> <span class='ocrx_word' id='word_1_572' title='bbox 663 3850 864 3919; x_wconf 76' lang='grc' dir='ltr'>ταύτης</span> <span class='ocrx_word' id='word_1_573' title='bbox 926 3849 1225 3927; x_wconf 78' lang='grc' dir='ltr'>ἐπιφάνεια,</span> <span class='ocrx_word' id='word_1_574' title='bbox 1273 3848 1441 3918; x_wconf 76' lang='grc' dir='ltr'>δῆλον</span> <span class='ocrx_word' id='word_1_575' title='bbox 1488 3850 1547 3906; x_wconf 79' lang='grc' dir='ltr'>ἐκ</span> <span class='ocrx_word' id='word_1_576' title='bbox 1597 3852 1811 3907; x_wconf 72' lang='grc' dir='ltr'>τούτου·</span> 
     </span>
    </p>
   </div>
   <div class='ocr_carea' id='block_1_75' title="bbox 1940 3832 3573 3927">
    <p class='ocr_par' dir='ltr' id='par_1_75' title="bbox 1940 3832 3573 3923">
     <span class='ocr_line' id='line_1_76' title="bbox 1940 3832 3573 3923; baseline -0.001 -15"><span class='ocrx_word' id='word_1_577' title='bbox 1940 3832 2100 3909; x_wconf 56' lang='lat' dir='ltr'>etiam</span> <span class='ocrx_word' id='word_1_578' title='bbox 2124 3851 2359 3923; x_wconf 87' lang='lat' dir='ltr'>quando</span> <span class='ocrx_word' id='word_1_579' title='bbox 2409 3850 2607 3905; x_wconf 86' lang='lat' dir='ltr'>navim</span> <span class='ocrx_word' id='word_1_580' title='bbox 2641 3849 2701 3903; x_wconf 89' lang='lat' dir='ltr'>in</span> <span class='ocrx_word' id='word_1_581' title='bbox 2762 3849 2909 3905; x_wconf 88' lang='lat' dir='ltr'>mari</span> <span class='ocrx_word' id='word_1_582' title='bbox 2941 3849 3012 3904; x_wconf 88' lang='lat' dir='ltr'>de</span> <span class='ocrx_word' id='word_1_583' title='bbox 3043 3854 3198 3905; x_wconf 88' lang='lat' dir='ltr'>terra</span> <span class='ocrx_word' id='word_1_584' title='bbox 3227 3852 3573 3923; x_wconf 88' lang='lat' dir='ltr'>aspicimus,</span> 
     </span>
    </p>
   </div>
   <div class='ocr_carea' id='block_1_76' title="bbox 193 3931 1827 4014">
    <p class='ocr_par' dir='ltr' id='par_1_76' title="bbox 193 3931 1812 4014">
     <span class='ocr_line' id='line_1_77' title="bbox 193 3931 1812 4014; baseline 0.017 -28"><span class='ocrx_word' id='word_1_585' title='bbox 193 3931 265 3988; x_wconf 65' lang='grc' dir='ltr'>ὅτε</span> <span class='ocrx_word' id='word_1_586' title='bbox 292 3936 388 4009; x_wconf 74' lang='grc' dir='ltr'>γὰρ</span> <span class='ocrx_word' id='word_1_587' title='bbox 437 3935 678 4011; x_wconf 86' lang='grc' dir='ltr'>πλέομεν</span> <span class='ocrx_word' id='word_1_588' title='bbox 713 3937 766 3993; x_wconf 77' lang='grc' dir='ltr'>ἐν</span> <span class='ocrx_word' id='word_1_589' title='bbox 800 3936 1027 4014; x_wconf 78' lang='grc' dir='ltr'>πελάγει</span> <span class='ocrx_word' id='word_1_590' title='bbox 1087 3938 1387 4007; x_wconf 79' lang='grc' dir='ltr'>Θαλάσσης,</span> <span class='ocrx_word' id='word_1_591' title='bbox 1420 3946 1636 4014; x_wconf 74' lang='grc' dir='ltr'>πρῶτον</span> <span class='ocrx_word' id='word_1_592' title='bbox 1681 3943 1812 4013; x_wconf 63' lang='grc' dir='ltr'>ἡμῖν</span> 
     </span>
    </p>
   </div>
   <div class='ocr_carea' id='block_1_77' title="bbox 1940 3931 3573 4014">
    <p class='ocr_par' dir='ltr' id='par_1_77' title="bbox 1940 3938 3573 4012">
     <span class='ocr_line' id='line_1_78' title="bbox 1940 3938 3573 4012; baseline 0 -15"><span class='ocrx_word' id='word_1_593' title='bbox 1940 3942 2053 3997; x_wconf 74' lang='lat' dir='ltr'>vela</span> <span class='ocrx_word' id='word_1_594' title='bbox 2082 3940 2273 4012; x_wconf 90' lang='lat' dir='ltr'>primo</span> <span class='ocrx_word' id='word_1_595' title='bbox 2332 3940 2627 3994; x_wconf 91' lang='lat' dir='ltr'>cernimus</span> <span class='ocrx_word' id='word_1_596' title='bbox 2687 3938 2827 3993; x_wconf 92' lang='lat' dir='ltr'>dum</span> <span class='ocrx_word' id='word_1_597' title='bbox 2861 3943 3077 3993; x_wconf 64' lang='lat' dir='ltr'>caetera:</span> <span class='ocrx_word' id='word_1_598' title='bbox 3111 3938 3325 4011; x_wconf 85' lang='lat' dir='ltr'>navigii</span> <span class='ocrx_word' id='word_1_599' title='bbox 3376 3947 3573 4012; x_wconf 89' lang='lat' dir='ltr'>partes</span> 
     </span>
    </p>
   </div>
   <div class='ocr_carea' id='block_1_78' title="bbox 192 4022 1827 4105">
    <p class='ocr_par' dir='ltr' id='par_1_78' title="bbox 192 4022 1817 4105">
     <span class='ocr_line' id='line_1_79' title="bbox 192 4022 1817 4105; baseline 0.004 -27"><span class='ocrx_word' id='word_1_600' title='bbox 192 4022 237 4074; x_wconf 69' lang='grc' dir='ltr'>αἱ</span> <span class='ocrx_word' id='word_1_601' title='bbox 277 4023 559 4100; x_wconf 78' lang='grc' dir='ltr'>ἀκρώρειαι</span> <span class='ocrx_word' id='word_1_602' title='bbox 616 4032 725 4082; x_wconf 92' lang='grc' dir='ltr'>τῶν</span> <span class='ocrx_word' id='word_1_603' title='bbox 786 4028 927 4101; x_wconf 79' lang='grc' dir='ltr'>ὀρῶν</span> <span class='ocrx_word' id='word_1_604' title='bbox 988 4027 1287 4105; x_wconf 72' lang='grc' dir='ltr'>φαίνονται·</span> <span class='ocrx_word' id='word_1_605' title='bbox 1324 4031 1706 4105; x_wconf 87' lang='grc' dir='ltr'>προσεγγίσασι</span> <span class='ocrx_word' id='word_1_606' title='bbox 1760 4028 1817 4084; x_wconf 70' lang='grc' dir='ltr'>δὲ</span> 
     </span>
    </p>
   </div>
   <div class='ocr_carea' id='block_1_79' title="bbox 1940 4022 3572 4105">
    <p class='ocr_par' dir='ltr' id='par_1_79' title="bbox 1940 4029 3572 4103">
     <span class='ocr_line' id='line_1_80' title="bbox 1940 4029 3572 4103; baseline -0.001 -16"><span class='ocrx_word' id='word_1_607' title='bbox 1940 4030 2232 4087; x_wconf 83' lang='lat' dir='ltr'>)culorum</span> <span class='ocrx_word' id='word_1_608' title='bbox 2262 4030 2445 4085; x_wconf 90' lang='lat' dir='ltr'>aciem</span> <span class='ocrx_word' id='word_1_609' title='bbox 2477 4029 2732 4100; x_wconf 81' lang='lat' dir='ltr'>fugiunt.</span> <span class='ocrx_word' id='word_1_610' title='bbox 2767 4029 3007 4093; x_wconf 89' lang='lat' dir='ltr'>Quando</span> <span class='ocrx_word' id='word_1_611' title='bbox 3030 4034 3224 4085; x_wconf 87' lang='lat' dir='ltr'>autem</span> <span class='ocrx_word' id='word_1_612' title='bbox 3256 4032 3572 4103; x_wconf 89' lang='lat' dir='ltr'>appropin-</span> 
     </span>
    </p>
   </div>
   <div class='ocr_carea' id='block_1_80' title="bbox 190 4112 1827 4191">
    <p class='ocr_par' dir='ltr' id='par_1_80' title="bbox 190 4112 1814 4191">
     <span class='ocr_line' id='line_1_81' title="bbox 190 4112 1814 4191; baseline 0.001 -21"><span class='ocrx_word' id='word_1_613' title='bbox 190 4112 246 4183; x_wconf 68' lang='grc' dir='ltr'>τῇ</span> <span class='ocrx_word' id='word_1_614' title='bbox 289 4116 355 4187; x_wconf 79' lang='grc' dir='ltr'>γῆ</span> <span class='ocrx_word' id='word_1_615' title='bbox 398 4116 643 4189; x_wconf 77' lang='grc' dir='ltr'>φαίνεται</span> <span class='ocrx_word' id='word_1_616' title='bbox 704 4117 793 4171; x_wconf 80' lang='lat' dir='ltr'>xui</span> <span class='ocrx_word' id='word_1_617' title='bbox 838 4117 906 4172; x_wconf 80' lang='grc' dir='ltr'>τὰ</span> <span class='ocrx_word' id='word_1_618' title='bbox 950 4118 1247 4191; x_wconf 80' lang='grc' dir='ltr'>κατώτερα’</span> <span class='ocrx_word' id='word_1_619' title='bbox 1301 4120 1388 4171; x_wconf 80' lang='grc' dir='ltr'>καὶ</span> <span class='ocrx_word' id='word_1_620' title='bbox 1449 4117 1646 4172; x_wconf 79' lang='grc' dir='ltr'>πλοῖον</span> <span class='ocrx_word' id='word_1_621' title='bbox 1710 4119 1814 4173; x_wconf 88' lang='grc' dir='ltr'>ἀπὸ</span> 
     </span>
    </p>
   </div>
   <div class='ocr_carea' id='block_1_81' title="bbox 1940 4112 3571 4191">
    <p class='ocr_par' dir='ltr' id='par_1_81' title="bbox 1940 4118 3571 4191">
     <span class='ocr_line' id='line_1_82' title="bbox 1940 4118 3571 4191; baseline 0.001 -16"><span class='ocrx_word' id='word_1_622' title='bbox 1940 4127 2067 4191; x_wconf 57' lang='lat' dir='ltr'>luat</span> <span class='ocrx_word' id='word_1_623' title='bbox 2085 4119 2488 4189; x_wconf 71' lang='lat' dir='ltr'>navis,czsterea</span> <span class='ocrx_word' id='word_1_624' title='bbox 2520 4134 2751 4188; x_wconf 90' lang='lat' dir='ltr'>quoque</span> <span class='ocrx_word' id='word_1_625' title='bbox 2769 4121 2963 4189; x_wconf 88' lang='lat' dir='ltr'>partes</span> <span class='ocrx_word' id='word_1_626' title='bbox 2979 4118 3087 4173; x_wconf 83' lang='lat' dir='ltr'>sub</span> <span class='ocrx_word' id='word_1_627' title='bbox 3102 4118 3298 4174; x_wconf 89' lang='lat' dir='ltr'>oculos</span> <span class='ocrx_word' id='word_1_628' title='bbox 3310 4119 3571 4176; x_wconf 90' lang='lat' dir='ltr'>veniunt.</span> 
     </span>
    </p>
   </div>
   <div class='ocr_carea' id='block_1_82' title="bbox 223 4200 1827 4282">
    <p class='ocr_par' dir='ltr' id='par_1_82' title="bbox 223 4200 1816 4282">
     <span class='ocr_line' id='line_1_83' title="bbox 223 4200 1816 4282; baseline 0.001 -22"><span class='ocrx_word' id='word_1_629' title='bbox 223 4205 273 4267; x_wconf 75' lang='grc' dir='ltr'>ἧς</span> <span class='ocrx_word' id='word_1_630' title='bbox 338 4200 536 4267; x_wconf 81' lang='grc' dir='ltr'>ἰδόντες</span> <span class='ocrx_word' id='word_1_631' title='bbox 609 4204 837 4276; x_wconf 82' lang='grc' dir='ltr'>μηκόθεν</span> <span class='ocrx_word' id='word_1_632' title='bbox 898 4204 951 4260; x_wconf 78' lang='grc' dir='ltr'>ὲν</span> <span class='ocrx_word' id='word_1_633' title='bbox 1000 4204 1245 4282; x_wconf 75' lang='grc' dir='ltr'>πελάγει,</span> <span class='ocrx_word' id='word_1_634' title='bbox 1296 4210 1513 4280; x_wconf 90' lang='grc' dir='ltr'>πρῶτον</span> <span class='ocrx_word' id='word_1_635' title='bbox 1563 4207 1629 4261; x_wconf 75' lang='grc' dir='ltr'>τὰ</span> <span class='ocrx_word' id='word_1_636' title='bbox 1675 4207 1816 4262; x_wconf 72' lang='grc' dir='ltr'>ἱστία</span> 
     </span>
    </p>
   </div>
   <div class='ocr_carea' id='block_1_83' title="bbox 1940 4200 3570 4282">
    <p class='ocr_par' dir='ltr' id='par_1_83' title="bbox 1940 4207 3570 4279">
     <span class='ocr_line' id='line_1_84' title="bbox 1940 4207 3570 4279; baseline -0.001 -15"><span class='ocrx_word' id='word_1_637' title='bbox 1940 4211 2086 4276; x_wconf 63' lang='lat' dir='ltr'>Quod</span> <span class='ocrx_word' id='word_1_638' title='bbox 2106 4226 2221 4265; x_wconf 89' lang='lat' dir='ltr'>non</span> <span class='ocrx_word' id='word_1_639' title='bbox 2238 4207 2512 4275; x_wconf 89' lang='lat' dir='ltr'>eveniret,</span> <span class='ocrx_word' id='word_1_640' title='bbox 2547 4207 2595 4262; x_wconf 92' lang='lat' dir='ltr'>si</span> <span class='ocrx_word' id='word_1_641' title='bbox 2618 4223 2732 4261; x_wconf 87' lang='lat' dir='ltr'>non</span> <span class='ocrx_word' id='word_1_642' title='bbox 2756 4211 2913 4261; x_wconf 84' lang='lat' dir='ltr'>esset</span> <span class='ocrx_word' id='word_1_643' title='bbox 2932 4224 3108 4262; x_wconf 87' lang='lat' dir='ltr'>curva</span> <span class='ocrx_word' id='word_1_644' title='bbox 3132 4210 3298 4262; x_wconf 80' lang='lat' dir='ltr'>undae</span> <span class='ocrx_word' id='word_1_645' title='bbox 3322 4211 3570 4279; x_wconf 81' lang='lat' dir='ltr'>superﬁ-</span> 
     </span>
    </p>
   </div>
   <div class='ocr_carea' id='block_1_84' title="bbox 190 4220 273 4271">
    <p class='ocr_par' dir='ltr' id='par_1_84' title="bbox 190 4220 273 4271">
     <span class='ocr_line' id='line_1_85' title="bbox 190 4220 273 4271; baseline 0 -11"><span class='ocrx_word' id='word_1_646' title='bbox 190 4220 273 4271; x_wconf 73' lang='grc' dir='ltr'>γης</span> 
     </span>
    </p>
   </div>
   <div class='ocr_carea' id='block_1_85' title="bbox 192 4288 1827 4373">
    <p class='ocr_par' dir='ltr' id='par_1_85' title="bbox 192 4288 1814 4373">
     <span class='ocr_line' id='line_1_86' title="bbox 192 4288 1814 4373; baseline 0.005 -30"><span class='ocrx_word' id='word_1_647' title='bbox 192 4288 395 4362; x_wconf 74' lang='grc' dir='ltr'>ὁρῶμεν,</span> <span class='ocrx_word' id='word_1_648' title='bbox 446 4298 554 4348; x_wconf 87' lang='grc' dir='ltr'>τῶν</span> <span class='ocrx_word' id='word_1_649' title='bbox 601 4292 811 4349; x_wconf 90' lang='grc' dir='ltr'>λοιπῶν</span> <span class='ocrx_word' id='word_1_650' title='bbox 861 4300 955 4349; x_wconf 82' lang='grc' dir='ltr'>τοῦ</span> <span class='ocrx_word' id='word_1_651' title='bbox 985 4294 1186 4351; x_wconf 77' lang='grc' dir='ltr'>πλοίου</span> <span class='ocrx_word' id='word_1_652' title='bbox 1222 4301 1398 4369; x_wconf 86' lang='grc' dir='ltr'>μερῶν</span> <span class='ocrx_word' id='word_1_653' title='bbox 1434 4296 1648 4373; x_wconf 80' lang='grc' dir='ltr'>ἀφανῶν</span> <span class='ocrx_word' id='word_1_654' title='bbox 1678 4300 1814 4367; x_wconf 77' lang='grc' dir='ltr'>ἡμῖν</span> 
     </span>
    </p>
   </div>
   <div class='ocr_carea' id='block_1_86' title="bbox 1940 4288 3571 4373">
    <p class='ocr_par' dir='ltr' id='par_1_86' title="bbox 1940 4296 3571 4367">
     <span class='ocr_line' id='line_1_87' title="bbox 1940 4296 3571 4367; baseline -0.001 -14"><span class='ocrx_word' id='word_1_655' title='bbox 1940 4298 2046 4353; x_wconf 70' lang='lat' dir='ltr'>sies</span> <span class='ocrx_word' id='word_1_656' title='bbox 2068 4300 2318 4354; x_wconf 80' lang='lat' dir='ltr'>formam</span> <span class='ocrx_word' id='word_1_657' title='bbox 2339 4296 2578 4367; x_wconf 69' lang='lat' dir='ltr'>sphaerae</span> <span class='ocrx_word' id='word_1_658' title='bbox 2612 4312 2729 4349; x_wconf 89' lang='lat' dir='ltr'>una</span> <span class='ocrx_word' id='word_1_659' title='bbox 2748 4311 2879 4350; x_wconf 89' lang='lat' dir='ltr'>cum</span> <span class='ocrx_word' id='word_1_660' title='bbox 2902 4299 3058 4351; x_wconf 88' lang='lat' dir='ltr'>terra</span> <span class='ocrx_word' id='word_1_661' title='bbox 3078 4296 3321 4351; x_wconf 85' lang='lat' dir='ltr'>habens.</span> <span class='ocrx_word' id='word_1_662' title='bbox 3356 4296 3480 4352; x_wconf 90' lang='lat' dir='ltr'>Nisi</span> <span class='ocrx_word' id='word_1_663' title='bbox 3503 4313 3571 4352; x_wconf 89' lang='lat' dir='ltr'>ea</span> 
     </span>
    </p>
   </div>
   <div class='ocr_carea' id='block_1_87' title="bbox 1922 4383 3567 4457">
    <p class='ocr_par' dir='ltr' id='par_1_87' title="bbox 1922 4383 3567 4457">
     <span class='ocr_line' id='line_1_88' title="bbox 1922 4383 3567 4457; baseline 0.001 -15"><span class='ocrx_word' id='word_1_664' title='bbox 1922 4391 2079 4442; x_wconf 90' lang='lat' dir='ltr'>esset</span> <span class='ocrx_word' id='word_1_665' title='bbox 2111 4392 2272 4441; x_wconf 69' lang='lat' dir='ltr'>terra:</span> <span class='ocrx_word' id='word_1_666' title='bbox 2307 4386 2511 4450; x_wconf 80' lang='lat' dir='ltr'>forma,</span> <span class='ocrx_word' id='word_1_667' title='bbox 2545 4383 2743 4439; x_wconf 89' lang='lat' dir='ltr'>omnia</span> <span class='ocrx_word' id='word_1_668' title='bbox 2773 4388 2928 4440; x_wconf 87' lang='lat' dir='ltr'>astra</span> <span class='ocrx_word' id='word_1_669' title='bbox 2978 4384 3153 4440; x_wconf 82' lang='lat' dir='ltr'>simul</span> <span class='ocrx_word' id='word_1_670' title='bbox 3198 4390 3567 4457; x_wconf 87' lang='lat' dir='ltr'>apparerent.</span> 
     </span>
    </p>
   </div>
   <div class='ocr_carea' id='block_1_88' title="bbox 188 4382 1809 4454">
    <p class='ocr_par' dir='ltr' id='par_1_88' title="bbox 188 4382 1809 4454">
     <span class='ocr_line' id='line_1_89' title="bbox 188 4382 1809 4454; baseline 0.006 -24"><span class='ocrx_word' id='word_1_671' title='bbox 188 4382 560 4454; x_wconf 66' lang='grc' dir='ltr'>τυγχανόντων·</span> <span class='ocrx_word' id='word_1_672' title='bbox 634 4382 1053 4453; x_wconf 85' lang='grc' dir='ltr'>πλησιαζόντων</span> <span class='ocrx_word' id='word_1_673' title='bbox 1124 4382 1203 4454; x_wconf 74' lang='grc' dir='ltr'>δὲ,</span> <span class='ocrx_word' id='word_1_674' title='bbox 1272 4385 1363 4439; x_wconf 83' lang='grc' dir='ltr'>καὶ</span> <span class='ocrx_word' id='word_1_675' title='bbox 1436 4386 1502 4439; x_wconf 55' lang='lat' dir='ltr'>ea</span> <span class='ocrx_word' id='word_1_676' title='bbox 1574 4385 1809 4440; x_wconf 74' lang='grc' dir='ltr'>κάτωθεν</span> 
     </span>
    </p>
   </div>
   <div class='ocr_carea' id='block_1_89' title="bbox 190 4466 1827 4545">
    <p class='ocr_par' dir='ltr' id='par_1_89' title="bbox 190 4466 1811 4545">
     <span class='ocr_line' id='line_1_90' title="bbox 190 4466 1808 4536; baseline 0.002 -46"><span class='ocrx_word' id='word_1_677' title='bbox 190 4466 244 4536; x_wconf 51' lang='grc' dir='ltr'>με</span> <span class='ocrx_word' id='word_1_678' title='bbox 369 4470 383 4489; x_wconf 77' lang='lat' dir='ltr'>r</span> <span class='ocrx_word' id='word_1_679' title='bbox 439 4472 452 4490; x_wconf 72' lang='grc'><strong>9</strong></span> <span class='ocrx_word' id='word_1_680' title='bbox 511 4468 535 4491; x_wconf 73' lang='grc' dir='ltr'>ν</span> <span class='ocrx_word' id='word_1_681' title='bbox 731 4473 741 4492; x_wconf 70' lang='grc' dir='ltr'><strong><em>ρ</em></strong></span> <span class='ocrx_word' id='word_1_682' title='bbox 896 4493 907 4506; x_wconf 66' lang='grc'>,</span> <span class='ocrx_word' id='word_1_683' title='bbox 988 4470 999 4489; x_wconf 78' lang='grc' dir='ltr'>ι</span> <span class='ocrx_word' id='word_1_684' title='bbox 1200 4474 1213 4493; x_wconf 70' lang='grc' dir='ltr'>ν</span> <span class='ocrx_word' id='word_1_685' title='bbox 1350 4498 1362 4511; x_wconf 31' lang='grc' dir='ltr'><strong>κ</strong></span> <span class='ocrx_word' id='word_1_686' title='bbox 1510 4476 1528 4504; x_wconf 59' lang='grc' dir='ltr'><strong><em>ι</em></strong></span> <span class='ocrx_word' id='word_1_687' title='bbox 1795 4474 1808 4493; x_wconf 76' lang='grc' dir='ltr'>ν</span> 
     </span>
     <span class='ocr_line' id='line_1_91' title="bbox 246 4469 1811 4545; baseline 0.003 -21"><span class='ocrx_word' id='word_1_688' title='bbox 246 4487 307 4540; x_wconf 68' lang='lat' dir='ltr'>pr)</span> <span class='ocrx_word' id='word_1_689' title='bbox 364 4492 434 4525; x_wconf 83' lang='grc' dir='ltr'>υπ</span> <span class='ocrx_word' id='word_1_690' title='bbox 508 4476 633 4545; x_wconf 85' lang='grc' dir='ltr'>οψιν</span> <span class='ocrx_word' id='word_1_691' title='bbox 685 4494 888 4545; x_wconf 89' lang='grc' dir='ltr'>γινεται</span> <span class='ocrx_word' id='word_1_692' title='bbox 970 4472 1104 4529; x_wconf 76' lang='grc' dir='ltr'>ὸπεσ</span> <span class='ocrx_word' id='word_1_693' title='bbox 1155 4496 1258 4529; x_wconf 86' lang='grc' dir='ltr'>ουκ</span> <span class='ocrx_word' id='word_1_694' title='bbox 1316 4473 1375 4528; x_wconf 71' lang='grc' dir='ltr'>ἂι</span> <span class='ocrx_word' id='word_1_695' title='bbox 1410 4469 1811 4543; x_wconf 69' lang='grc' dir='ltr'>συν;ϐαινεν,ει</span> 
     </span>
    </p>
   </div>
   <div class='ocr_carea' id='block_1_90' title="bbox 1940 4466 3573 4545">
    <p class='ocr_par' dir='ltr' id='par_1_90' title="bbox 1940 4473 3573 4543">
     <span class='ocr_line' id='line_1_92' title="bbox 1940 4473 3573 4543; baseline 0.002 -14"><span class='ocrx_word' id='word_1_696' title='bbox 1940 4476 2090 4531; x_wconf 48' lang='grc' dir='ltr'>νυοί)</span> <span class='ocrx_word' id='word_1_697' title='bbox 2122 4479 2317 4530; x_wconf 86' lang='lat' dir='ltr'>autem</span> <span class='ocrx_word' id='word_1_698' title='bbox 2338 4490 2471 4528; x_wconf 89' lang='lat' dir='ltr'>cum</span> <span class='ocrx_word' id='word_1_699' title='bbox 2487 4474 2558 4527; x_wconf 91' lang='lat' dir='ltr'>ad</span> <span class='ocrx_word' id='word_1_700' title='bbox 2580 4473 3040 4543; x_wconf 87' lang='lat' dir='ltr'>septentrionem</span> <span class='ocrx_word' id='word_1_701' title='bbox 3057 4474 3573 4543; x_wconf 90' lang='lat' dir='ltr'>incolamus,astra</span> 
     </span>
    </p>
   </div>
   <div class='ocr_carea' id='block_1_91' title="bbox 189 4556 1827 4638">
    <p class='ocr_par' dir='ltr' id='par_1_91' title="bbox 189 4556 1809 4638">
     <span class='ocr_line' id='line_1_93' title="bbox 189 4556 1809 4638; baseline 0.004 -25"><span class='ocrx_word' id='word_1_702' title='bbox 189 4556 251 4624; x_wconf 75' lang='grc' dir='ltr'>μή</span> <span class='ocrx_word' id='word_1_703' title='bbox 302 4561 492 4633; x_wconf 83' lang='grc' dir='ltr'>κυρτὸν</span> <span class='ocrx_word' id='word_1_704' title='bbox 550 4562 618 4630; x_wconf 78' lang='grc' dir='ltr'>ἧν</span> <span class='ocrx_word' id='word_1_705' title='bbox 676 4563 738 4616; x_wconf 91' lang='grc' dir='ltr'>τὸ</span> <span class='ocrx_word' id='word_1_706' title='bbox 797 4570 993 4638; x_wconf 84' lang='grc' dir='ltr'>σχῆμα</span> <span class='ocrx_word' id='word_1_707' title='bbox 1048 4567 1143 4618; x_wconf 77' lang='grc' dir='ltr'>τοῦ</span> <span class='ocrx_word' id='word_1_708' title='bbox 1206 4561 1425 4630; x_wconf 83' lang='grc' dir='ltr'>ὕδατος,</span> <span class='ocrx_word' id='word_1_709' title='bbox 1477 4568 1545 4636; x_wconf 80' lang='grc' dir='ltr'>τῇ</span> <span class='ocrx_word' id='word_1_710' title='bbox 1599 4569 1670 4638; x_wconf 79' lang='grc' dir='ltr'>γῇ</span> <span class='ocrx_word' id='word_1_711' title='bbox 1721 4564 1809 4619; x_wconf 89' lang='lat' dir='ltr'>xui</span> 
     </span>
    </p>
   </div>
   <div class='ocr_carea' id='block_1_92' title="bbox 1940 4556 3569 4638">
    <p class='ocr_par' dir='ltr' id='par_1_92' title="bbox 1940 4562 3569 4635">
     <span class='ocr_line' id='line_1_94' title="bbox 1940 4562 3569 4635; baseline 0.001 -16"><span class='ocrx_word' id='word_1_712' title='bbox 1940 4565 2167 4635; x_wconf 62' lang='lat' dir='ltr'>quidem</span> <span class='ocrx_word' id='word_1_713' title='bbox 2200 4562 2675 4635; x_wconf 87' lang='lat' dir='ltr'>septentrionalis</span> <span class='ocrx_word' id='word_1_714' title='bbox 2709 4563 2824 4634; x_wconf 85' lang='lat' dir='ltr'>poli</span> <span class='ocrx_word' id='word_1_715' title='bbox 2866 4564 3207 4635; x_wconf 87' lang='lat' dir='ltr'>aspicimus.</span> <span class='ocrx_word' id='word_1_716' title='bbox 3240 4565 3383 4621; x_wconf 88' lang='lat' dir='ltr'>Ecce</span> <span class='ocrx_word' id='word_1_717' title='bbox 3413 4565 3569 4621; x_wconf 91' lang='lat' dir='ltr'>enim</span> 
     </span>
    </p>
   </div>
   <div class='ocr_carea' id='block_1_93' title="bbox 187 4632 1827 4727">
    <p class='ocr_par' dir='ltr' id='par_1_93' title="bbox 187 4644 1807 4727">
     <span class='ocr_line' id='line_1_95' title="bbox 187 4644 1807 4727; baseline 0.007 -30"><span class='ocrx_word' id='word_1_718' title='bbox 187 4644 294 4698; x_wconf 75' lang='grc' dir='ltr'>αὐτὸ</span> <span class='ocrx_word' id='word_1_719' title='bbox 346 4649 832 4725; x_wconf 76' lang='grc' dir='ltr'>συσφαιρούμενυν.</span> <span class='ocrx_word' id='word_1_720' title='bbox 889 4652 954 4709; x_wconf 83' lang='lat' dir='ltr'>Ei</span> <span class='ocrx_word' id='word_1_721' title='bbox 1019 4652 1119 4727; x_wconf 69' lang='grc' dir='ltr'>γὰρ</span> <span class='ocrx_word' id='word_1_722' title='bbox 1185 4654 1259 4724; x_wconf 77' lang='grc' dir='ltr'>μὴ</span> <span class='ocrx_word' id='word_1_723' title='bbox 1324 4653 1390 4721; x_wconf 77' lang='grc' dir='ltr'>ἦν</span> <span class='ocrx_word' id='word_1_724' title='bbox 1444 4658 1690 4707; x_wconf 68' lang='grc' dir='ltr'>τοιοῦτον</span> <span class='ocrx_word' id='word_1_725' title='bbox 1745 4655 1807 4709; x_wconf 87' lang='grc' dir='ltr'>τὸ</span> 
     </span>
    </p>
   </div>
   <div class='ocr_carea' id='block_1_94' title="bbox 1940 4632 3568 4727">
    <p class='ocr_par' dir='ltr' id='par_1_94' title="bbox 1940 4632 3568 4727">
     <span class='ocr_line' id='line_1_96' title="bbox 1940 4632 3568 4727; baseline 0.001 -18"><span class='ocrx_word' id='word_1_726' title='bbox 1940 4632 2211 4726; x_wconf 59' lang='grc' dir='ltr'>ξαοορυε,</span> <span class='ocrx_word' id='word_1_727' title='bbox 2261 4632 2487 4708; x_wconf 79' lang='lat' dir='ltr'>astrum</span> <span class='ocrx_word' id='word_1_728' title='bbox 2549 4632 2892 4723; x_wconf 82' lang='lat' dir='ltr'>maximum,</span> <span class='ocrx_word' id='word_1_729' title='bbox 2926 4632 2984 4707; x_wconf 79' lang='lat' dir='ltr'>in</span> <span class='ocrx_word' id='word_1_730' title='bbox 3029 4654 3273 4726; x_wconf 64' lang='lat' dir='ltr'>IEgypto</span> <span class='ocrx_word' id='word_1_731' title='bbox 3303 4659 3568 4727; x_wconf 86' lang='lat' dir='ltr'>apparet,</span> 
     </span>
    </p>
   </div>
   <div class='ocr_carea' id='block_1_95' title="bbox 186 4738 1827 4820">
    <p class='ocr_par' dir='ltr' id='par_1_95' title="bbox 186 4738 1805 4820">
     <span class='ocr_line' id='line_1_97' title="bbox 186 4738 1805 4820; baseline 0.006 -32"><span class='ocrx_word' id='word_1_732' title='bbox 186 4740 354 4806; x_wconf 72' lang='grc' dir='ltr'>σχῆμα</span> <span class='ocrx_word' id='word_1_733' title='bbox 406 4744 507 4806; x_wconf 80' lang='grc' dir='ltr'>τῆς</span> <span class='ocrx_word' id='word_1_734' title='bbox 564 4738 696 4814; x_wconf 73' lang='grc' dir='ltr'>γῆς,</span> <span class='ocrx_word' id='word_1_735' title='bbox 750 4738 944 4802; x_wconf 83' lang='grc' dir='ltr'>πάντες</span> <span class='ocrx_word' id='word_1_736' title='bbox 1007 4740 1065 4794; x_wconf 80' lang='grc' dir='ltr'>ἃν</span> <span class='ocrx_word' id='word_1_737' title='bbox 1128 4742 1179 4795; x_wconf 74' lang='grc' dir='ltr'>οἱ</span> <span class='ocrx_word' id='word_1_738' title='bbox 1233 4741 1449 4815; x_wconf 77' lang='grc' dir='ltr'>ἀστέρες</span> <span class='ocrx_word' id='word_1_739' title='bbox 1506 4740 1805 4820; x_wconf 80' lang='grc' dir='ltr'>ἐφαίνοντο·</span> 
     </span>
    </p>
   </div>
   <div class='ocr_carea' id='block_1_96' title="bbox 1940 4738 3568 4820">
    <p class='ocr_par' dir='ltr' id='par_1_96' title="bbox 1940 4742 3568 4815">
     <span class='ocr_line' id='line_1_98' title="bbox 1940 4742 3568 4815; baseline 0.002 -18"><span class='ocrx_word' id='word_1_740' title='bbox 1940 4759 2028 4799; x_wconf 75' lang='grc' dir='ltr'>ιθο</span> <span class='ocrx_word' id='word_1_741' title='bbox 2060 4748 2290 4799; x_wconf 86' lang='lat' dir='ltr'>tantum</span> <span class='ocrx_word' id='word_1_742' title='bbox 2323 4742 2598 4808; x_wconf 91' lang='lat' dir='ltr'>illud,sed</span> <span class='ocrx_word' id='word_1_743' title='bbox 2629 4748 2685 4797; x_wconf 86' lang='lat' dir='ltr'>et</span> <span class='ocrx_word' id='word_1_744' title='bbox 2715 4752 2921 4797; x_wconf 70' lang='lat' dir='ltr'>cwtera</span> <span class='ocrx_word' id='word_1_745' title='bbox 2951 4760 3079 4813; x_wconf 67' lang='lat' dir='ltr'>qua:</span> <span class='ocrx_word' id='word_1_746' title='bbox 3104 4744 3291 4815; x_wconf 89' lang='lat' dir='ltr'>magis</span> <span class='ocrx_word' id='word_1_747' title='bbox 3341 4746 3412 4799; x_wconf 93' lang='lat' dir='ltr'>ad</span> <span class='ocrx_word' id='word_1_748' title='bbox 3447 4760 3568 4800; x_wconf 87' lang='lat' dir='ltr'>me-</span> 
     </span>
    </p>
   </div>
   <div class='ocr_carea' id='block_1_97' title="bbox 183 4820 1827 4905">
    <p class='ocr_par' dir='ltr' id='par_1_97' title="bbox 183 4820 1811 4905">
     <span class='ocr_line' id='line_1_99' title="bbox 183 4820 1811 4905; baseline 0.007 -31"><span class='ocrx_word' id='word_1_749' title='bbox 183 4824 257 4874; x_wconf 78' lang='grc' dir='ltr'>νῦν</span> <span class='ocrx_word' id='word_1_750' title='bbox 284 4820 337 4877; x_wconf 67' lang='grc' dir='ltr'><strong>δὲ</strong></span> <span class='ocrx_word' id='word_1_751' title='bbox 366 4821 456 4880; x_wconf 77' lang='grc' dir='ltr'>διὰ</span> <span class='ocrx_word' id='word_1_752' title='bbox 485 4827 546 4881; x_wconf 89' lang='grc' dir='ltr'>τὸ</span> <span class='ocrx_word' id='word_1_753' title='bbox 573 4829 710 4899; x_wconf 85' lang='grc' dir='ltr'>πρὸς</span> <span class='ocrx_word' id='word_1_754' title='bbox 745 4828 945 4903; x_wconf 74' lang='grc' dir='ltr'>βοῤῥᾶν</span> <span class='ocrx_word' id='word_1_755' title='bbox 1006 4828 1141 4883; x_wconf 75' lang='grc' dir='ltr'>εἶναι</span> <span class='ocrx_word' id='word_1_756' title='bbox 1196 4832 1297 4900; x_wconf 70' lang='grc' dir='ltr'>τὴν</span> <span class='ocrx_word' id='word_1_757' title='bbox 1355 4830 1623 4905; x_wconf 70' lang='grc' dir='ltr'>ἡμετέραν</span> <span class='ocrx_word' id='word_1_758' title='bbox 1657 4828 1811 4901; x_wconf 77' lang='grc' dir='ltr'>οἷ’κη-</span> 
     </span>
    </p>
   </div>
   <div class='ocr_carea' id='block_1_98' title="bbox 1940 4820 3565 4905">
    <p class='ocr_par' dir='ltr' id='par_1_98' title="bbox 1940 4831 3565 4900">
     <span class='ocr_line' id='line_1_100' title="bbox 1940 4831 3565 4900; baseline 0.002 -15"><span class='ocrx_word' id='word_1_759' title='bbox 1940 4831 2130 4887; x_wconf 76' lang='grc' dir='ltr'>ιὶἀὶοω</span> <span class='ocrx_word' id='word_1_760' title='bbox 2162 4839 2320 4897; x_wconf 90' lang='lat' dir='ltr'>sunt,</span> <span class='ocrx_word' id='word_1_761' title='bbox 2364 4836 2542 4887; x_wconf 88' lang='lat' dir='ltr'>astra.</span> <span class='ocrx_word' id='word_1_762' title='bbox 2578 4831 2635 4886; x_wconf 89' lang='lat' dir='ltr'>Si</span> <span class='ocrx_word' id='word_1_763' title='bbox 2694 4847 2827 4886; x_wconf 87' lang='lat' dir='ltr'>vero</span> <span class='ocrx_word' id='word_1_764' title='bbox 2887 4832 2946 4886; x_wconf 90' lang='lat' dir='ltr'>in</span> <span class='ocrx_word' id='word_1_765' title='bbox 2980 4831 3173 4887; x_wconf 89' lang='lat' dir='ltr'>medio</span> <span class='ocrx_word' id='word_1_766' title='bbox 3222 4837 3377 4888; x_wconf 89' lang='lat' dir='ltr'>esset</span> <span class='ocrx_word' id='word_1_767' title='bbox 3429 4833 3565 4900; x_wconf 87' lang='lat' dir='ltr'>sita,</span> 
     </span>
    </p>
   </div>
   <div class='ocr_carea' id='block_1_99' title="bbox 185 4907 1827 4995">
    <p class='ocr_par' dir='ltr' id='par_1_99' title="bbox 185 4907 1805 4995">
     <span class='ocr_line' id='line_1_101' title="bbox 185 4907 1805 4995; baseline 0.006 -31"><span class='ocrx_word' id='word_1_768' title='bbox 185 4928 251 4963; x_wconf 76' lang='grc' dir='ltr'>σιν</span> <span class='ocrx_word' id='word_1_769' title='bbox 298 4913 424 4978; x_wconf 76' lang='grc' dir='ltr'>τοὺς</span> <span class='ocrx_word' id='word_1_770' title='bbox 486 4916 578 4987; x_wconf 79' lang='grc' dir='ltr'>μὶν</span> <span class='ocrx_word' id='word_1_771' title='bbox 639 4915 863 4989; x_wconf 69' lang='grc' dir='ltr'>ἀστέρας</span> <span class='ocrx_word' id='word_1_772' title='bbox 923 4923 1019 4971; x_wconf 74' lang='grc' dir='ltr'>τοῦ</span> <span class='ocrx_word' id='word_1_773' title='bbox 1081 4907 1299 4995; x_wconf 69' lang='grc' dir='ltr'>βορίίου</span> <span class='ocrx_word' id='word_1_774' title='bbox 1357 4917 1535 4973; x_wconf 80' lang='grc' dir='ltr'>πόλου</span> <span class='ocrx_word' id='word_1_775' title='bbox 1568 4919 1805 4994; x_wconf 79' lang='grc' dir='ltr'>ὁρῶμεν,</span> 
     </span>
    </p>
   </div>
   <div class='ocr_carea' id='block_1_100' title="bbox 1940 4907 3563 4995">
    <p class='ocr_par' dir='ltr' id='par_1_100' title="bbox 1940 4920 3563 4993">
     <span class='ocr_line' id='line_1_102' title="bbox 1940 4920 3563 4993; baseline 0.001 -17"><span class='ocrx_word' id='word_1_776' title='bbox 1940 4921 2022 4977; x_wconf 77' lang='lat' dir='ltr'>ied</span> <span class='ocrx_word' id='word_1_777' title='bbox 2054 4922 2124 4977; x_wconf 90' lang='lat' dir='ltr'>ad</span> <span class='ocrx_word' id='word_1_778' title='bbox 2156 4921 2437 4977; x_wconf 88' lang='lat' dir='ltr'>orientem</span> <span class='ocrx_word' id='word_1_779' title='bbox 2472 4926 2751 4992; x_wconf 80' lang='lat' dir='ltr'>vergeret,</span> <span class='ocrx_word' id='word_1_780' title='bbox 2785 4926 3120 4993; x_wconf 83' lang='lat' dir='ltr'>emergente</span> <span class='ocrx_word' id='word_1_781' title='bbox 3178 4920 3318 4989; x_wconf 85' lang='lat' dir='ltr'>sole,</span> <span class='ocrx_word' id='word_1_782' title='bbox 3341 4921 3563 4978; x_wconf 90' lang='lat' dir='ltr'>brevio-</span> 
     </span>
    </p>
   </div>
   <div class='ocr_carea' id='block_1_101' title="bbox 178 4998 1827 5083">
    <p class='ocr_par' dir='ltr' id='par_1_101' title="bbox 178 4998 1805 5083">
     <span class='ocr_line' id='line_1_103' title="bbox 178 4998 1805 5083; baseline 0.009 -34"><span class='ocrx_word' id='word_1_783' title='bbox 178 4998 287 5061; x_wconf 73' lang='grc' dir='ltr'>τοὺς</span> <span class='ocrx_word' id='word_1_784' title='bbox 340 4998 397 5055; x_wconf 73' lang='grc' dir='ltr'>δὲ</span> <span class='ocrx_word' id='word_1_785' title='bbox 455 5000 507 5058; x_wconf 74' lang='grc' dir='ltr'>έν</span> <span class='ocrx_word' id='word_1_786' title='bbox 537 5005 682 5077; x_wconf 78' lang='grc' dir='ltr'>νότῳ</span> <span class='ocrx_word' id='word_1_787' title='bbox 733 5004 839 5080; x_wconf 76' lang='grc' dir='ltr'>οὐχ</span> <span class='ocrx_word' id='word_1_788' title='bbox 887 5008 1123 5081; x_wconf 84' lang='grc' dir='ltr'>ὁρῶμεν.</span> <span class='ocrx_word' id='word_1_789' title='bbox 1156 5006 1294 5064; x_wconf 79' lang='grc' dir='ltr'>Ἰδοὺ</span> <span class='ocrx_word' id='word_1_790' title='bbox 1327 5009 1428 5083; x_wconf 75' lang='grc' dir='ltr'>γὰρ</span> <span class='ocrx_word' id='word_1_791' title='bbox 1463 5009 1489 5063; x_wconf 88' lang='grc' dir='ltr'>ὁ</span> <span class='ocrx_word' id='word_1_792' title='bbox 1524 5003 1805 5078; x_wconf 78' lang='grc' dir='ltr'>Κάνωϐος,</span> 
     </span>
    </p>
   </div>
   <div class='ocr_carea' id='block_1_102' title="bbox 1940 4998 3565 5083">
    <p class='ocr_par' dir='ltr' id='par_1_102' title="bbox 1940 5008 3565 5080">
     <span class='ocr_line' id='line_1_104' title="bbox 1940 5008 3565 5080; baseline 0.001 -15"><span class='ocrx_word' id='word_1_793' title='bbox 1940 5026 2010 5065; x_wconf 76' lang='grc' dir='ltr'>’ΘΒ</span> <span class='ocrx_word' id='word_1_794' title='bbox 2035 5010 2240 5065; x_wconf 84' lang='lat' dir='ltr'>ﬁerent</span> <span class='ocrx_word' id='word_1_795' title='bbox 2266 5026 2468 5065; x_wconf 91' lang='lat' dir='ltr'>eorum</span> <span class='ocrx_word' id='word_1_796' title='bbox 2498 5026 2624 5080; x_wconf 74' lang='lat' dir='ltr'>qua:</span> <span class='ocrx_word' id='word_1_797' title='bbox 2643 5008 3059 5065; x_wconf 79' lang='lat' dir='ltr'>illuminantur</span> <span class='ocrx_word' id='word_1_798' title='bbox 3090 5010 3333 5076; x_wconf 74' lang='lat' dir='ltr'>umbrae,</span> <span class='ocrx_word' id='word_1_799' title='bbox 3362 5028 3565 5067; x_wconf 90' lang='lat' dir='ltr'>eorum</span> 
     </span>
    </p>
   </div>
   <div class='ocr_carea' id='block_1_103' title="bbox 181 5085 1827 5174">
    <p class='ocr_par' dir='ltr' id='par_1_103' title="bbox 181 5085 1803 5174">
     <span class='ocr_line' id='line_1_105' title="bbox 181 5085 1803 5174; baseline 0.006 -32"><span class='ocrx_word' id='word_1_800' title='bbox 181 5085 413 5174; x_wconf 59' lang='grc' dir='ltr'>μέγιστος</span> <span class='ocrx_word' id='word_1_801' title='bbox 470 5091 541 5145; x_wconf 85' lang='grc' dir='ltr'>ὢν</span> <span class='ocrx_word' id='word_1_802' title='bbox 600 5093 801 5169; x_wconf 80' lang='grc' dir='ltr'>ἀστὴρ,</span> <span class='ocrx_word' id='word_1_803' title='bbox 858 5092 910 5149; x_wconf 76' lang='grc' dir='ltr'>ἐν</span> <span class='ocrx_word' id='word_1_804' title='bbox 970 5096 1065 5169; x_wconf 71' lang='grc' dir='ltr'>μὲν</span> <span class='ocrx_word' id='word_1_805' title='bbox 1099 5100 1169 5170; x_wconf 81' lang='grc' dir='ltr'>τῇ</span> <span class='ocrx_word' id='word_1_806' title='bbox 1228 5096 1488 5171; x_wconf 70' lang='grc' dir='ltr'>Αἰγύπτῳ</span> <span class='ocrx_word' id='word_1_807' title='bbox 1545 5097 1803 5174; x_wconf 82' lang='grc' dir='ltr'>φαίνεται,</span> 
     </span>
    </p>
   </div>
   <div class='ocr_carea' id='block_1_104' title="bbox 1940 5085 3565 5174">
    <p class='ocr_par' dir='ltr' id='par_1_104' title="bbox 1940 5096 3565 5170">
     <span class='ocr_line' id='line_1_106' title="bbox 1940 5096 3565 5170; baseline 0.003 -18"><span class='ocrx_word' id='word_1_808' title='bbox 1940 5103 2112 5154; x_wconf 78' lang='lat' dir='ltr'>iutem</span> <span class='ocrx_word' id='word_1_809' title='bbox 2147 5115 2273 5170; x_wconf 69' lang='lat' dir='ltr'>qua:</span> <span class='ocrx_word' id='word_1_810' title='bbox 2307 5096 2509 5169; x_wconf 81' lang='lat' dir='ltr'>procul</span> <span class='ocrx_word' id='word_1_811' title='bbox 2532 5104 2689 5165; x_wconf 87' lang='lat' dir='ltr'>sunt,</span> <span class='ocrx_word' id='word_1_812' title='bbox 2724 5100 2994 5169; x_wconf 88' lang='lat' dir='ltr'>majores.</span> <span class='ocrx_word' id='word_1_813' title='bbox 3052 5102 3174 5155; x_wconf 92' lang='lat' dir='ltr'>Imo</span> <span class='ocrx_word' id='word_1_814' title='bbox 3233 5106 3290 5154; x_wconf 88' lang='lat' dir='ltr'>et</span> <span class='ocrx_word' id='word_1_815' title='bbox 3320 5098 3565 5157; x_wconf 89' lang='lat' dir='ltr'>orientia</span> 
     </span>
    </p>
   </div>
   <div class='ocr_carea' id='block_1_105' title="bbox 178 5172 1827 5262">
    <p class='ocr_par' dir='ltr' id='par_1_105' title="bbox 178 5172 1805 5262">
     <span class='ocr_line' id='line_1_107' title="bbox 178 5172 1805 5262; baseline 0.008 -34"><span class='ocrx_word' id='word_1_816' title='bbox 178 5172 228 5228; x_wconf 75' lang='grc' dir='ltr'>οὗ</span> <span class='ocrx_word' id='word_1_817' title='bbox 279 5178 439 5249; x_wconf 85' lang='grc' dir='ltr'>μόνον</span> <span class='ocrx_word' id='word_1_818' title='bbox 490 5180 670 5255; x_wconf 77' lang='grc' dir='ltr'>οὗτος,</span> <span class='ocrx_word' id='word_1_819' title='bbox 705 5180 850 5237; x_wconf 70' lang='grc' dir='ltr'>ἀλλᾶ</span> <span class='ocrx_word' id='word_1_820' title='bbox 875 5184 965 5238; x_wconf 87' lang='lat' dir='ltr'>xui</span> <span class='ocrx_word' id='word_1_821' title='bbox 997 5185 1049 5239; x_wconf 75' lang='grc' dir='ltr'>οἱ</span> <span class='ocrx_word' id='word_1_822' title='bbox 1089 5184 1274 5240; x_wconf 82' lang='grc' dir='ltr'>λοιποὶ</span> <span class='ocrx_word' id='word_1_823' title='bbox 1306 5172 1621 5262; x_wconf 82' lang='grc' dir='ltr'>νοτιὼτεροι</span> <span class='ocrx_word' id='word_1_824' title='bbox 1650 5184 1805 5241; x_wconf 84' lang='grc' dir='ltr'>ἀστέ-</span> 
     </span>
    </p>
   </div>
   <div class='ocr_carea' id='block_1_106' title="bbox 1940 5172 3563 5262">
    <p class='ocr_par' dir='ltr' id='par_1_106' title="bbox 1940 5188 3563 5262">
     <span class='ocr_line' id='line_1_108' title="bbox 1940 5188 3563 5262; baseline 0.004 -22"><span class='ocrx_word' id='word_1_825' title='bbox 1940 5188 2117 5244; x_wconf 71' lang='lat' dir='ltr'>imnia</span> <span class='ocrx_word' id='word_1_826' title='bbox 2147 5193 2306 5243; x_wconf 87' lang='lat' dir='ltr'>astra</span> <span class='ocrx_word' id='word_1_827' title='bbox 2336 5188 2562 5258; x_wconf 85' lang='lat' dir='ltr'>majora</span> <span class='ocrx_word' id='word_1_828' title='bbox 2592 5188 2649 5242; x_wconf 92' lang='lat' dir='ltr'>in</span> <span class='ocrx_word' id='word_1_829' title='bbox 2682 5188 2903 5245; x_wconf 89' lang='lat' dir='ltr'>oriente</span> <span class='ocrx_word' id='word_1_830' title='bbox 2933 5193 3303 5261; x_wconf 86' lang='lat' dir='ltr'>apparerent,</span> <span class='ocrx_word' id='word_1_831' title='bbox 3346 5189 3563 5262; x_wconf 82' lang='lat' dir='ltr'>quippe</span> 
     </span>
    </p>
   </div>
   <div class='ocr_carea' id='block_1_107' title="bbox 174 5267 1827 5351">
    <p class='ocr_par' dir='ltr' id='par_1_107' title="bbox 174 5267 1802 5351">
     <span class='ocr_line' id='line_1_109' title="bbox 174 5267 1802 5351; baseline 0.003 -26"><span class='ocrx_word' id='word_1_832' title='bbox 174 5280 267 5333; x_wconf 62' lang='lat' dir='ltr'>PK“</span> <span class='ocrx_word' id='word_1_833' title='bbox 327 5268 373 5321; x_wconf 67' lang='grc' dir='ltr'>εἴ</span> <span class='ocrx_word' id='word_1_834' title='bbox 418 5267 479 5324; x_wconf 77' lang='grc' dir='ltr'>δὶ</span> <span class='ocrx_word' id='word_1_835' title='bbox 524 5270 576 5325; x_wconf 79' lang='grc' dir='ltr'>ὲν</span> <span class='ocrx_word' id='word_1_836' title='bbox 627 5270 709 5344; x_wconf 82' lang='grc' dir='ltr'>τῷ</span> <span class='ocrx_word' id='word_1_837' title='bbox 760 5271 907 5345; x_wconf 80' lang='grc' dir='ltr'>μέσῳ</span> <span class='ocrx_word' id='word_1_838' title='bbox 954 5273 1044 5343; x_wconf 78' lang='grc' dir='ltr'>ἦν,</span> <span class='ocrx_word' id='word_1_839' title='bbox 1094 5273 1221 5329; x_wconf 84' lang='grc' dir='ltr'>ἀλλ’</span> <span class='ocrx_word' id='word_1_840' title='bbox 1272 5269 1462 5351; x_wconf 61' lang='grc' dir='ltr'>ἔρρεπε</span> <span class='ocrx_word' id='word_1_841' title='bbox 1511 5277 1646 5350; x_wconf 83' lang='grc' dir='ltr'>πρὸς</span> <span class='ocrx_word' id='word_1_842' title='bbox 1704 5278 1802 5345; x_wconf 71' lang='grc' dir='ltr'>τὴν</span> 
     </span>
    </p>
   </div>
   <div class='ocr_carea' id='block_1_108' title="bbox 1940 5267 3561 5351">
    <p class='ocr_par' dir='ltr' id='par_1_108' title="bbox 1940 5276 3561 5349">
     <span class='ocr_line' id='line_1_110' title="bbox 1940 5276 3561 5349; baseline 0.004 -20"><span class='ocrx_word' id='word_1_843' title='bbox 1940 5294 2051 5332; x_wconf 80' lang='lat' dir='ltr'>:um</span> <span class='ocrx_word' id='word_1_844' title='bbox 2105 5276 2189 5333; x_wconf 78' lang='lat' dir='ltr'>eis</span> <span class='ocrx_word' id='word_1_845' title='bbox 2237 5277 2537 5349; x_wconf 85' lang='lat' dir='ltr'>propiores</span> <span class='ocrx_word' id='word_1_846' title='bbox 2599 5293 2907 5347; x_wconf 87' lang='lat' dir='ltr'>essemus;</span> <span class='ocrx_word' id='word_1_847' title='bbox 2970 5278 3294 5334; x_wconf 78' lang='lat' dir='ltr'>occidentis.</span> <span class='ocrx_word' id='word_1_848' title='bbox 3367 5288 3561 5337; x_wconf 89' lang='lat' dir='ltr'>autem</span> 
     </span>
    </p>
   </div>
   <div class='ocr_carea' id='block_1_109' title="bbox 174 5350 1827 5441">
    <p class='ocr_par' dir='ltr' id='par_1_109' title="bbox 174 5350 1801 5441">
     <span class='ocr_line' id='line_1_111' title="bbox 174 5350 1801 5441; baseline 0.007 -33"><span class='ocrx_word' id='word_1_849' title='bbox 174 5350 448 5427; x_wconf 71' lang='grc' dir='ltr'>ἀνατολὴν,</span> <span class='ocrx_word' id='word_1_850' title='bbox 516 5359 857 5437; x_wconf 83' lang='grc' dir='ltr'>ἀνίσχοντος,</span> <span class='ocrx_word' id='word_1_851' title='bbox 923 5363 982 5416; x_wconf 81' lang='grc' dir='ltr'>ἃν</span> <span class='ocrx_word' id='word_1_852' title='bbox 1050 5368 1147 5419; x_wconf 76' lang='grc' dir='ltr'>τοῦ</span> <span class='ocrx_word' id='word_1_853' title='bbox 1213 5350 1398 5436; x_wconf 82' lang='grc' dir='ltr'>ἡλίου,</span> <span class='ocrx_word' id='word_1_854' title='bbox 1472 5364 1801 5441; x_wconf 73' lang='grc' dir='ltr'>βραχύτεραι</span> 
     </span>
    </p>
   </div>
   <div class='ocr_carea' id='block_1_110' title="bbox 1940 5350 3563 5441">
    <p class='ocr_par' dir='ltr' id='par_1_110' title="bbox 1940 5366 3563 5440">
     <span class='ocr_line' id='line_1_112' title="bbox 1940 5366 3563 5440; baseline 0.004 -20"><span class='ocrx_word' id='word_1_855' title='bbox 1940 5366 2167 5423; x_wconf 89' lang='lat' dir='ltr'>ninora.</span> <span class='ocrx_word' id='word_1_856' title='bbox 2214 5367 2274 5422; x_wconf 89' lang='lat' dir='ltr'>Si</span> <span class='ocrx_word' id='word_1_857' title='bbox 2312 5382 2445 5421; x_wconf 91' lang='lat' dir='ltr'>vero</span> <span class='ocrx_word' id='word_1_858' title='bbox 2505 5367 2576 5422; x_wconf 91' lang='lat' dir='ltr'>ad</span> <span class='ocrx_word' id='word_1_859' title='bbox 2636 5367 2995 5423; x_wconf 89' lang='lat' dir='ltr'>occidentem</span> <span class='ocrx_word' id='word_1_860' title='bbox 3049 5372 3306 5440; x_wconf 78' lang='lat' dir='ltr'>vergeret</span> <span class='ocrx_word' id='word_1_861' title='bbox 3362 5375 3563 5427; x_wconf 89' lang='lat' dir='ltr'>nostra</span> 
     </span>
    </p>
   </div>
   <div class='ocr_carea' id='block_1_111' title="bbox 174 5439 1827 5532">
    <p class='ocr_par' dir='ltr' id='par_1_111' title="bbox 174 5439 1805 5532">
     <span class='ocr_line' id='line_1_113' title="bbox 174 5439 1805 5532; baseline 0.007 -34"><span class='ocrx_word' id='word_1_862' title='bbox 174 5439 392 5518; x_wconf 57' lang='grc' dir='ltr'>ἐγίνοντο</span> <span class='ocrx_word' id='word_1_863' title='bbox 444 5448 651 5505; x_wconf 77' lang='grc' dir='ltr'>αἰτῶν</span> <span class='ocrx_word' id='word_1_864' title='bbox 704 5452 1091 5526; x_wconf 77' lang='grc' dir='ltr'>φωτιζομένων</span> <span class='ocrx_word' id='word_1_865' title='bbox 1159 5454 1326 5525; x_wconf 86' lang='grc' dir='ltr'>σκιαὶ,</span> <span class='ocrx_word' id='word_1_866' title='bbox 1397 5439 1675 5532; x_wconf 66' lang='grc' dir='ltr'>πόρρωθεν</span> <span class='ocrx_word' id='word_1_867' title='bbox 1748 5452 1805 5509; x_wconf 71' lang='grc' dir='ltr'>δὲ</span> 
     </span>
    </p>
   </div>
   <div class='ocr_carea' id='block_1_112' title="bbox 1940 5439 3561 5532">
    <p class='ocr_par' dir='ltr' id='par_1_112' title="bbox 1940 5455 3561 5530">
     <span class='ocr_line' id='line_1_114' title="bbox 1940 5455 3561 5530; baseline 0.004 -20"><span class='ocrx_word' id='word_1_868' title='bbox 1940 5455 2095 5528; x_wconf 63' lang='grc' dir='ltr'>θεὼ,</span> <span class='ocrx_word' id='word_1_869' title='bbox 2147 5455 2439 5511; x_wconf 90' lang='lat' dir='ltr'>contraria</span> <span class='ocrx_word' id='word_1_870' title='bbox 2465 5455 2704 5511; x_wconf 90' lang='lat' dir='ltr'>omnino</span> <span class='ocrx_word' id='word_1_871' title='bbox 2761 5456 3165 5530; x_wconf 89' lang='lat' dir='ltr'>contingerent</span> <span class='ocrx_word' id='word_1_872' title='bbox 3197 5475 3212 5526; x_wconf 87' lang='lat'><strong>;</strong></span> <span class='ocrx_word' id='word_1_873' title='bbox 3245 5457 3293 5512; x_wconf 92' lang='lat' dir='ltr'>si</span> <span class='ocrx_word' id='word_1_874' title='bbox 3326 5475 3457 5515; x_wconf 92' lang='lat' dir='ltr'>vero</span> <span class='ocrx_word' id='word_1_875' title='bbox 3489 5460 3561 5517; x_wconf 89' lang='lat' dir='ltr'>ad</span> 
     </span>
    </p>
   </div>
   <div class='ocr_carea' id='block_1_113' title="bbox 176 5534 1827 5620">
    <p class='ocr_par' dir='ltr' id='par_1_113' title="bbox 176 5534 1804 5615">
     <span class='ocr_line' id='line_1_115' title="bbox 176 5534 1804 5615; baseline 0.004 -23"><span class='ocrx_word' id='word_1_876' title='bbox 176 5534 418 5604; x_wconf 70' lang='grc' dir='ltr'>μείζονες·</span> <span class='ocrx_word' id='word_1_877' title='bbox 504 5538 648 5596; x_wconf 82' lang='grc' dir='ltr'>ἀλλά</span> <span class='ocrx_word' id='word_1_878' title='bbox 729 5542 837 5615; x_wconf 69' lang='grc' dir='ltr'>μὴν</span> <span class='ocrx_word' id='word_1_879' title='bbox 914 5542 1004 5598; x_wconf 88' lang='lat' dir='ltr'>xui</span> <span class='ocrx_word' id='word_1_880' title='bbox 1069 5544 1135 5599; x_wconf 74' lang='grc' dir='ltr'>τὰ</span> <span class='ocrx_word' id='word_1_881' title='bbox 1194 5543 1557 5600; x_wconf 77' lang='grc' dir='ltr'>ἀνατέλλοντα</span> <span class='ocrx_word' id='word_1_882' title='bbox 1630 5542 1804 5599; x_wconf 84' lang='grc' dir='ltr'>πάντα</span> 
     </span>
    </p>
   </div>
   <div class='ocr_carea' id='block_1_114' title="bbox 1940 5534 3561 5620">
    <p class='ocr_par' dir='ltr' id='par_1_114' title="bbox 1946 5545 3561 5620">
     <span class='ocr_line' id='line_1_116' title="bbox 1946 5545 3561 5620; baseline 0.003 -20"><span class='ocrx_word' id='word_1_883' title='bbox 1946 5546 2370 5617; x_wconf 89' lang='lat' dir='ltr'>eptentrionem</span> <span class='ocrx_word' id='word_1_884' title='bbox 2402 5545 2805 5614; x_wconf 87' lang='lat' dir='ltr'>inclinaretur,</span> <span class='ocrx_word' id='word_1_885' title='bbox 2827 5546 2896 5602; x_wconf 90' lang='lat' dir='ltr'>ad</span> <span class='ocrx_word' id='word_1_886' title='bbox 2919 5545 3069 5603; x_wconf 88' lang='lat' dir='ltr'>hanc</span> <span class='ocrx_word' id='word_1_887' title='bbox 3102 5551 3327 5620; x_wconf 89' lang='lat' dir='ltr'>partem</span> <span class='ocrx_word' id='word_1_888' title='bbox 3360 5553 3561 5605; x_wconf 83' lang='lat' dir='ltr'>exten-</span> 
     </span>
    </p>
   </div>
   <div class='ocr_carea' id='block_1_115' title="bbox 177 5623 1827 5708">
    <p class='ocr_par' dir='ltr' id='par_1_115' title="bbox 177 5623 1804 5708">
     <span class='ocr_line' id='line_1_117' title="bbox 177 5623 1804 5708; baseline 0.007 -30"><span class='ocrx_word' id='word_1_889' title='bbox 177 5623 378 5693; x_wconf 80' lang='grc' dir='ltr'>μείζονα</span> <span class='ocrx_word' id='word_1_890' title='bbox 428 5628 673 5694; x_wconf 75' lang='grc' dir='ltr'>ἐφαίνετο</span> <span class='ocrx_word' id='word_1_891' title='bbox 721 5630 771 5686; x_wconf 75' lang='grc' dir='ltr'>ἐν</span> <span class='ocrx_word' id='word_1_892' title='bbox 819 5636 889 5707; x_wconf 76' lang='grc' dir='ltr'>τῇ</span> <span class='ocrx_word' id='word_1_893' title='bbox 938 5633 1201 5708; x_wconf 78' lang='grc' dir='ltr'>ἀνατολῇ,</span> <span class='ocrx_word' id='word_1_894' title='bbox 1258 5635 1332 5699; x_wconf 85' lang='grc' dir='ltr'>ὡς</span> <span class='ocrx_word' id='word_1_895' title='bbox 1373 5632 1608 5704; x_wconf 81' lang='grc' dir='ltr'>πλησίον</span> <span class='ocrx_word' id='word_1_896' title='bbox 1639 5635 1804 5704; x_wconf 78' lang='grc' dir='ltr'>αὐτῆς</span> 
     </span>
    </p>
   </div>
   <div class='ocr_carea' id='block_1_116' title="bbox 1940 5623 3557 5708">
    <p class='ocr_par' dir='ltr' id='par_1_116' title="bbox 1940 5635 3557 5708">
     <span class='ocr_line' id='line_1_118' title="bbox 1940 5635 3557 5708; baseline 0.002 -19"><span class='ocrx_word' id='word_1_897' title='bbox 1940 5635 2189 5691; x_wconf 77' lang='lat' dir='ltr'>terentur</span> <span class='ocrx_word' id='word_1_898' title='bbox 2222 5652 2417 5692; x_wconf 91' lang='lat' dir='ltr'>rerum</span> <span class='ocrx_word' id='word_1_899' title='bbox 2444 5652 2567 5708; x_wconf 67' lang='lat' dir='ltr'>quae</span> <span class='ocrx_word' id='word_1_900' title='bbox 2600 5635 2729 5692; x_wconf 91' lang='lat' dir='ltr'>luce</span> <span class='ocrx_word' id='word_1_901' title='bbox 2751 5637 3187 5708; x_wconf 87' lang='lat' dir='ltr'>perfunduntur</span> <span class='ocrx_word' id='word_1_902' title='bbox 3230 5638 3469 5706; x_wconf 73' lang='lat' dir='ltr'>umbrae,</span> <span class='ocrx_word' id='word_1_903' title='bbox 3501 5643 3557 5695; x_wconf 88' lang='lat' dir='ltr'>et</span> 
     </span>
    </p>
   </div>
   <div class='ocr_carea' id='block_1_117' title="bbox 174 5712 1827 5801">
    <p class='ocr_par' dir='ltr' id='par_1_117' title="bbox 174 5712 1802 5801">
     <span class='ocr_line' id='line_1_119' title="bbox 174 5712 1802 5801; baseline 0.004 -28"><span class='ocrx_word' id='word_1_904' title='bbox 174 5712 316 5785; x_wconf 65' lang='grc' dir='ltr'>ἡμῶν</span> <span class='ocrx_word' id='word_1_905' title='bbox 371 5714 566 5774; x_wconf 73' lang='grc' dir='ltr'>ὄντων·</span> <span class='ocrx_word' id='word_1_906' title='bbox 620 5716 851 5795; x_wconf 84' lang='grc' dir='ltr'>δυόμενα</span> <span class='ocrx_word' id='word_1_907' title='bbox 900 5720 959 5780; x_wconf 78' lang='grc' dir='ltr'>δὶ</span> <span class='ocrx_word' id='word_1_908' title='bbox 1008 5723 1287 5781; x_wconf 75' lang='grc' dir='ltr'>ἆλάττονα·</span> <span class='ocrx_word' id='word_1_909' title='bbox 1345 5723 1390 5779; x_wconf 78' lang='grc' dir='ltr'>εἴ</span> <span class='ocrx_word' id='word_1_910' title='bbox 1442 5721 1497 5779; x_wconf 77' lang='grc' dir='ltr'>δὲ</span> <span class='ocrx_word' id='word_1_911' title='bbox 1540 5724 1676 5801; x_wconf 86' lang='grc' dir='ltr'>πρὸς</span> <span class='ocrx_word' id='word_1_912' title='bbox 1702 5725 1802 5793; x_wconf 79' lang='grc' dir='ltr'>τὴν</span> 
     </span>
    </p>
   </div>
   <div class='ocr_carea' id='block_1_118' title="bbox 1940 5712 3553 5801">
    <p class='ocr_par' dir='ltr' id='par_1_118' title="bbox 1940 5726 3553 5800">
     <span class='ocr_line' id='line_1_120' title="bbox 1940 5726 3553 5800; baseline 0.001 -18"><span class='ocrx_word' id='word_1_913' title='bbox 1940 5726 1963 5782; x_wconf 86' lang='lat' dir='ltr'>i</span> <span class='ocrx_word' id='word_1_914' title='bbox 1987 5728 2058 5783; x_wconf 91' lang='lat' dir='ltr'>ad</span> <span class='ocrx_word' id='word_1_915' title='bbox 2084 5728 2410 5800; x_wconf 89' lang='lat' dir='ltr'>meridiem,</span> <span class='ocrx_word' id='word_1_916' title='bbox 2470 5727 2761 5785; x_wconf 88' lang='lat' dir='ltr'>similiter.</span> <span class='ocrx_word' id='word_1_917' title='bbox 2816 5728 2982 5785; x_wconf 86' lang='lat' dir='ltr'>Nunc</span> <span class='ocrx_word' id='word_1_918' title='bbox 3036 5732 3251 5800; x_wconf 87' lang='lat' dir='ltr'>autem,</span> <span class='ocrx_word' id='word_1_919' title='bbox 3283 5745 3416 5785; x_wconf 90' lang='lat' dir='ltr'>cum</span> <span class='ocrx_word' id='word_1_920' title='bbox 3467 5728 3553 5785; x_wconf 74' lang='lat' dir='ltr'>sol</span> 
     </span>
    </p>
   </div>
  </div>
