4032 6202
406 361 521 424 787

1736 354 2159 416 MICHAELIS
2200 355 2473 415 PSELLI

3702 353 3841 413 788

404 495 613 562 oritur,
648 492 721 549 ad
755 490 1117 549 occidentem
1145 493 1389 563 vergunt
1432 490 1675 560 umbras,
1711 505 1845 545 cum
1868 492 2062 546 autem

2178 482 2328 541 δύσιν
2363 484 2573 562 ἔρρεπε,
2637 484 2704 540 τᾶ
2756 484 2964 544 τούτων
2998 484 3206 543 ἰναντία
3233 485 3462 559 ἐγένετοι
3519 484 3611 539 καὶ
3666 481 3724 539 εἴ
3778 486 3843 560 γ⁸

402 584 639 653 occidit,
676 584 747 639 ad
787 582 1094 639 orientem.

2171 577 2307 649 πρὸς
2369 576 2568 653 βορῥᾶν
2622 573 2823 643 ἔκλινε,
2857 575 2993 650 πρὸς
3021 579 3186 629 τοῦτο
3217 573 3276 628 ἂν
3309 575 3368 629 τὸ
3425 573 3586 648 μέρος
3618 572 3839 629 ἆπετείυ

402 693 560 729 νοντο
592 670 672 728 ἀεὶ
706 672 771 725 αἱ
803 675 910 725 τῶν
942 670 1328 747 φωτιζομένων
1362 667 1526 739 σκιαὶ,
1557 666 1669 739 καὶ,
1704 666 1748 722 εἷ
1779 668 1913 738 πρὸς
1949 662 2315 741 μεσημϐρίαν,
2360 666 2589 739 ὁμοίως.
2642 670 2749 719 Sim
2786 662 2865 736 δὲ,
2915 663 3303 727 ἀνατέλλοντος
3353 668 3449 719 τοῦ
3497 663 3682 734 ἡλίου,
3747 662 3837 718 ἐπὶ

407 760 555 819 δύσιν
599 760 989 817 ἀποκλίνουσιν
1029 759 1081 814 ai
1117 757 1283 827 amoti,
1317 754 1584 830 δυομένου
1611 754 1687 826 δὲ,
1723 757 1857 832 πρὸς
1886 754 2177 827 ἀνατολήν.

832 870 884 925 2.
920 875 991 925 De
1029 876 1190 924 terra?
1219 867 1631 937 magnitudine.

480 978 560 1033 De
592 980 757 1032 terrae
778 975 1182 1047 magnitudine
1215 974 1411 1029 multae
1444 976 1694 1038 ,fuerunt
1715 974 2058 1046 Opiniones;

408 1070 733 1125 docuerunt
788 1081 919 1119 vero
980 1064 1257 1135 deinceps
1306 1080 1510 1119 omnes
1546 1064 1885 1117 universum
1934 1063 2061 1132 ejus

408 1156 698 1211 ambitum
748 1169 878 1209 esse
928 1153 1256 1208 stadiorum
1306 1154 1585 1224 (250,000)
1653 1152 1953 1207 ducenties
2011 1160 2064 1207 et

406 1241 802 1314 quinquagies
825 1241 985 1297 mille
1014 1261 1027 1308 ;
1064 1240 1212 1296 illud
1247 1246 1441 1296 autem
1494 1257 1596 1312 per
1644 1241 2061 1311 geometricam

408 1331 750 1387 methodum
783 1331 1362 1386 demonstraverunt.
1404 1329 1679 1385 Nonnulli
1712 1335 1909 1385 autem
1960 1331 2061 1383 de-

408 1420 599 1476 mensi
648 1423 791 1474 sunt
848 1419 907 1472 in
950 1424 1107 1474 terra
1158 1425 1384 1475 tantum
1436 1420 1720 1491 spatium,
1777 1423 2063 1490 quantum

406 1508 563 1565 intra
594 1507 890 1563 ccelestem
914 1508 1161 1579 gradum
1198 1509 1737 1579 comprehenditur,
1761 1513 1819 1562 et
1867 1508 1971 1563 hoc
2002 1507 2059 1561 in

408 1598 543 1665 360-,
568 1601 774 1667 postea
797 1596 1129 1652 ccelestium
1156 1598 1448 1669 graduum
1472 1613 1785 1654 numerum
1807 1597 1914 1651 hoc
1931 1614 2064 1668 spa-

408 1686 490 1741 tio
523 1684 1010 1755 multiplicantes,
1038 1701 1171 1739 eum
1196 1691 1361 1740 terrae
1393 1702 1569 1757 quem
1597 1686 1853 1741 diximus
1886 1685 2068 1741 ambi-

413 1778 544 1833 tum
578 1773 947 1829 invenerunt.
983 1774 1191 1830 Nostra
1214 1790 1344 1830 vero
1377 1774 1531 1844 regio
1561 1774 1617 1828 in
1651 1780 1815 1845 parte
1845 1780 2074 1846 septen-

408 1861 647 1917 trionali
707 1863 818 1918 sita
869 1867 960 1917 est
1008 1882 1022 1929 ;
1090 1834 1508 1934 proptereaque
1565 1834 1817 1919 borealis
1894 1834 2067 1934 polus
2100 1834 2147 1899 B

412 1966 645 2020 semper
678 1949 923 2006 visibilis
954 1956 1043 2006 est
1074 1971 1087 2017 ;
1125 1952 1400 2022 regioque
1450 1951 1551 2006 illa
1584 1968 1757 2023 quam
1792 1951 2063 2007 ultimam

426 2041 697 2095 novimus
726 2055 929 2095 versus
959 2040 1238 2095 orientem
1271 2046 1361 2097 est
1392 2042 1533 2097 urbs
1562 2043 1831 2111 quaedam
1865 2040 2067 2096 Sinen-

424 2129 579 2187 sium
604 2128 839 2185 nomine
867 2130 1022 2184 Sera.
1057 2128 1219 2185 Ultra
1249 2146 1445 2200 quam,
1490 2136 1555 2185 ut
1584 2130 1881 2202 inquiunt,
1903 2130 2063 2185 lacu-

421 2235 509 2277 naa
540 2221 679 2273 sunt
707 2222 764 2273 et
796 2217 1025 2285 calami,
1059 2234 1248 2291 neque
1279 2220 1415 2275 inde
1472 2220 1628 2275 ultra
1678 2222 1746 2275 ad
1783 2221 2066 2275 orientem

416 2306 489 2361 iri
516 2310 752 2377 potest;
791 2307 1063 2363 Sinenses
1123 2325 1258 2365 vero
1300 2309 1384 2364 illi
1444 2309 1696 2365 maxime
1752 2310 2066 2366 orientales

418 2399 614 2467 partes
645 2395 1087 2453 incolunt.Sunt
1111 2402 1307 2454 autem
1340 2415 1543 2455 omnes
1575 2400 1840 2455 doctrina
1860 2398 2062 2467 Graeci,

417 2484 529 2541 nisi
558 2486 1047 2556 quodjustissimi
1079 2490 1330 2543 sunt.Ad
1364 2488 1725 2544 occidentem
1754 2506 1885 2545 vero
1909 2489 2067 2544 habi-

416 2573 615 2630 tabilis
634 2578 791 2631 terra
821 2575 975 2630 ultra
997 2576 1335 2647 Hispaniam
1387 2578 1516 2632 linit
1547 2579 1617 2633 ad
1647 2578 2065 2634 occidentalem

414 2664 709 2720 Oceanum
742 2664 800 2719 in
861 2681 1036 2736 quem
1087 2666 1283 2721 inﬂuit
1337 2672 1602 2722 nostrum
1652 2667 1848 2739 ipsum
1883 2684 2063 2723 mare.

414 2752 649 2809 Distant
681 2752 839 2810 mille
870 2752 1223 2811 milliaribus
1246 2772 1277 2811 a
1300 2756 1677 2811 terrainsulze
1703 2774 1829 2828 quas
1864 2758 2066 2812 Fortu-

417 2846 565 2900 natae
596 2842 1029 2914 dicuntur,qua2
1062 2844 1228 2914 prius
1252 2844 1523 2900 habitatas
1555 2850 1612 2901 et
1634 2846 1705 2901 ob
1736 2846 1886 2901 aeris
1916 2851 2065 2902 tem-

416 2930 634 3002 periem
666 2936 723 2987 et
767 2948 937 2987 suam
990 2932 1349 2989 fertilitatem
1399 2934 1672 3004 quaesitae,
1734 2951 1889 2991 nunc
1940 2936 2066 3006 jam

416 3035 533 3074 non
564 3018 730 3077 cultae
780 3028 938 3078 sunt.
992 3021 1209 3077 Versus
1267 3024 1784 3096 septentrionalem
1841 3029 2065 3096 partem

415 3106 756 3165 habitabilis
778 3113 935 3165 terra
962 3110 1150 3167 Thule
1193 3110 1393 3167 insula
1440 3112 1680 3179 ﬁnitur;
1733 3129 1860 3184 quae
1907 3114 2064 3169 enim

2534 864 2599 938 β’.
2636 864 2764 937 Περὶ
2794 866 2891 917 τοῦ
2928 862 3187 937 μεγέθους
3218 868 3318 931 τῆς
3348 864 3467 935 γῆς.

2245 969 2376 1045 Περὶ
2438 967 2494 1024 δὲ
2544 975 2641 1024 τοῦ
2706 970 2964 1044 μεγέθους
3022 976 3121 1039 τῆς
3177 976 3277 1044 γῆς
3332 967 3539 1023 πολλαὶ
3578 970 3836 1044 γέγονασι

2175 1058 2344 1130 δόξαι,
2406 1060 2753 1133 ἀπεφήναντο
2812 1056 2869 1113 δὲ
2930 1058 3149 1134 ὕστερον
3206 1062 3422 1120 πάντες.
3484 1059 3556 1121 ὡς
3601 1055 3839 1113 σταδίων

2178 1146 2454 1222 μυριάδων
2516 1147 2657 1203 ἐστὶν
2720 1147 2889 1203 εἶ’κοσι
2941 1150 3031 1205 καὶ
3088 1148 3317 1217 πένταὴ
3352 1148 3456 1217 ὅλη
3498 1151 3832 1222 περίμετρος

2175 1237 2362 1305 αὐτῆς,
2423 1235 2794 1307 ἀποδείξαντες
2826 1234 2883 1293 δὶ
2920 1239 2980 1292 τὸ
3008 1243 3256 1293 τοιοῦτον
3290 1235 3375 1292 διὰ
3409 1234 3655 1309 μεθόδων
3684 1257 3834 1312 γεω-

2179 1331 2470 1401 μετρικῶν.
2521 1328 2671 1390 Τινὲς
2729 1323 2785 1381 δὲ
2842 1331 3099 1381 τοσοῦτον
3138 1328 3495 1400 μετρήσαντες
3551 1323 3834 1398 διάστημα

2175 1416 2225 1471 ἐν
2282 1422 2350 1491 τῇ
2381 1422 2473 1492 γῇ,
2532 1419 2669 1474 ὥστε
2724 1416 3203 1492 παραλλάττεσθαι
3266 1416 3389 1490 μίαν
3424 1421 3615 1491 μοῖραν
3648 1414 3701 1473 ἐν
3753 1420 3834 1485 τῷ

2176 1506 2407 1581 οὐρανῷ,
2462 1508 2553 1561 καὶ
2605 1512 2766 1562 τοῦτο
2800 1508 2884 1561 ἐπὶ
2942 1507 3034 1576 τξ’,
3067 1504 3191 1575 ἤτοι
3220 1507 3319 1573 τήν
3346 1509 3454 1559 τῶν
3491 1510 3700 1579 μοιρῶν
3733 1509 3833 1559 τοῦ

2176 1593 2409 1670 οὒρανού
2481 1600 2760 1666 ποσότητα
2840 1593 3434 1665 πολυπλασιάσαντες,
3507 1596 3661 1668 εὖρον
3728 1596 3829 1663 τὴν

2177 1685 2504 1760 περίμετρον
2557 1689 2660 1750 τῆς
2713 1692 2818 1759 γῆς
2857 1685 3147 1753 τοσαύτην.
3209 1684 3286 1745 ὡς
3340 1682 3589 1755 εἴπομεν.
3650 1684 3713 1737 Ἡ
3773 1680 3830 1737 δὲ

2177 1775 2421 1848 ἡμετέρα
2473 1772 2686 1844 οἷ’κησις
2746 1773 2885 1829 ἐστὶν
2920 1773 2972 1827 ἐν
3020 1777 3099 1845 τῷ
3154 1773 3354 1847 βορείῳ
3387 1773 3560 1845 μέρει,
3620 1772 3710 1826 καὶ
3743 1769 3831 1826 διὰ

2175 1869 2337 1918 τοῦτο
2397 1866 2423 1918 ὁ
2486 1864 2579 1935 μὶν
2634 1862 2848 1939 βόρειος
2904 1861 3078 1925 πόλος
3120 1862 3262 1917 ἐστὶν
3322 1863 3600 1935 ἀειφανής⁸
3661 1863 3753 1915 καὶ
3792 1864 3826 1930 ἡ

2176 1952 2485 2028 δγνωσμένη
2550 1950 2765 2022 οἷ’κησις
2822 1951 2876 2007 ἰν
2906 1955 2975 2025 τῇ
3007 1955 3080 2025 γῇ
3111 1951 3245 2006 κατὰ
3301 1952 3399 2019 τὴν
3428 1948 3699 2017 ἀνατολήν

2172 2041 2398 2111 τελευτᾷ
2456 2040 2509 2096 ιν
2563 2040 2722 2096 πόλει
2778 2042 2887 2096 τινὶ
2943 2046 3053 2095 τῶν
3113 2040 3284 2095 Σίνων
3346 2038 3623 2113 λεγομὲνῃ
3651 2028 3828 2111 Σίήρᾳ.

2173 2133 2248 2187 Τὸ
2304 2136 2431 2206 γοῦν
2492 2130 2739 2186 ἐπέκεινα
2777 2130 2997 2202 ταύτης,
3062 2130 3136 2191 ὡς
3194 2131 3526 2203 ἱστοροῦσιν,
3581 2127 3833 2201 τέλματα

2174 2219 2277 2275 sict
2335 2221 2423 2276 καὶ
2483 2220 2746 2293 κάλαμοι,
2804 2221 2890 2276 καὶ
2953 2217 3134 2280 δίοδος
3164 2220 3254 2273 ἀπ’
3286 2218 3455 2287 αὐτῆς
3482 2216 3836 2273 ἀνατολικῶ-

2174 2309 2300 2385 τέρα
2360 2310 2459 2365 οὐκ
2512 2307 2676 2376 ἔστιν,
2737 2310 2788 2364 οἱ
2848 2307 2903 2363 δὲ
2937 2315 3089 2363 Σῖνοι
3119 2309 3267 2363 οὗτοι
3298 2308 3364 2362 τὰ
3392 2304 3835 2381 ἀνατολικώτερα

2179 2399 2317 2475 μέρη
2372 2404 2468 2454 τοῦ
2527 2400 2738 2471 κόσμου
2800 2396 3066 2453 οἴκοῦσιν·
3129 2396 3232 2451 εἷ’σὶ
3274 2394 3333 2451 δὶ
3386 2398 3583 2457 πάντες
3613 2394 3834 2465 Ἕλλη-

2173 2509 2259 2550 νες
2316 2489 2378 2543 τὸ
2429 2485 2623 2561 δόγμα,
2687 2484 2834 2555 πλὴν
2894 2486 3030 2541 πάνυ
3090 2484 3444 2542 δικαιότατοι.
3476 2485 3626 2543 Κατὰ
3653 2482 3713 2540 δὲ
3736 2486 3838 2552 τὴν

2176 2576 2326 2633 δύσιν
2396 2576 2624 2646 τελευτᾷ
2689 2579 2724 2645 ἡ
2805 2574 3021 2645 οἷ’κησις
3095 2574 3338 2631 ἐπέκεινα
3401 2578 3502 2639 τῆς
3561 2575 3837 2635 Ἱσπανίας

2174 2667 2311 2741 πρὸς
2371 2671 2451 2738 τῷ
2482 2663 2683 2737 δυτικῷ
2712 2663 2955 2737 ὠκεανῷ,
3019 2665 3094 2727 είς
3144 2665 3202 2719 ὃν
3268 2658 3535 2735 εμϐἀλλει
3594 2662 3734 2731 αὕτη
3798 2665 3832 2731 ἡ

2174 2757 2293 2819 καθ’
2350 2758 2497 2829 ἡμᾶς
2550 2751 2814 2818 θάλασσα.
2872 2754 3173 2829 Ἀπὲχουσι
3222 2751 3280 2809 δὲ
3307 2751 3430 2808 ὅσον
3487 2749 3694 2826 χιλίων
3743 2774 3835 2824 μι-

2178 2843 2311 2900 λίων
2368 2842 2642 2918 διάστημα
2690 2843 2796 2898 ἀπὸ
2823 2850 2923 2912 τῆς
2956 2846 3061 2918 γῆς
3091 2844 3146 2897 αἱ
3180 2840 3471 2917 λεγόμεναι
3499 2847 3609 2896 τῶν
3642 2846 3834 2896 Μακα-

2178 2953 2285 3007 ρων
2346 2942 2527 3003 νῆσοι,
2583 2932 2783 2996 α’ίτινες
2812 2933 2938 3007 πρὶν
2973 2932 3291 3004 οἰκούμεναι
3350 2932 3500 2985 οὖσαι
3559 2931 3650 2985 καὶ
3710 2931 3833 2985 ἐπί-

2177 3025 2365 3101 φθονοι
2400 3020 2488 3077 δια
2516 3043 2573 3077 τε
2596 3023 2695 3091 τὴν
2730 3020 3012 3095 εὐκρασίαν
3056 3024 3155 3075 τοῦ
3208 3020 3362 3097 ἂὲρος
3408 3020 3496 3074 καὶ
3545 3021 3651 3089 τήο
3684 3018 3831 3076 πολ-

2177 3110 2279 3181 λὴν
2335 3110 2606 3188 εὐφορίαν,
2665 3114 2755 3165 νῦν
2811 3109 3061 3179 ἀοίκητοί
3114 3109 3238 3165 είσι.
3296 3109 3439 3164 Κατὰ
3496 3106 3554 3163 δὶ
3609 3110 3670 3163 τὸ
3731 3109 3832 3183 ἆρ-

415 3194 695 3251 ulteriora
726 3202 865 3255 sunt
886 3198 959 3253 ob
994 3205 1197 3254 ventos
1228 3216 1343 3255 non
1368 3200 1730 3257 habitantur.
1762 3203 1847 3257 Ad
1883 3202 2059 3258 meri-

2174 3206 2346 3273 κτῷον
2402 3200 2563 3274 μέρος
2591 3200 2905 3275 περαιοῦται
2963 3201 2997 3268 ἡ
3031 3198 3243 3269 οἴκησις
3272 3198 3325 3253 ἐν
3373 3197 3520 3268 Θύλη
3554 3202 3623 3271 τῇ
3654 3200 3829 3269 νήσῳ⁵

414 3284 570 3339 diem
604 3289 799 3341 autem
834 3286 1100 3343 incolunt
1123 3287 1392 3345 homines
1437 3306 1623 3361 usque
1671 3291 1743 3345 ad
1803 3292 2069 3362 aequino-

410 3372 643 3431 ctialem
685 3374 968 3431 circulum
1012 3395 1026 3443 ;
1081 3378 1182 3433 sed
1242 3377 1490 3448 hujusce
1568 3379 1824 3450 regionis
1866 3380 2065 3436 incola:

409 3468 552 3518 sunt
580 3464 843 3520 barbarae
875 3470 1357 3536 gentes,quorum
1384 3468 1535 3523 cutis
1559 3468 1722 3537 nigro
1744 3467 1935 3524 colore
1956 3476 2065 3525 est.

411 3551 519 3616 Qui
550 3568 683 3609 vero
716 3553 986 3609 habitant
1018 3555 1127 3610 sub
1152 3556 1621 3625 aequinoctialem
1648 3557 2066 3622 circulum,no-

411 3646 531 3698 ctes
564 3643 783 3697 habent
811 3644 1020 3699 diebus
1045 3662 1277 3716 semper
1299 3646 1571 3715 aequales.
1606 3649 1788 3711 Quam
1841 3653 2064 3718 partem

411 3730 593 3802 igitur
620 3746 897 3787 vocamus
930 3732 1248 3803 Orientem,
1284 3750 1397 3789 non
1434 3740 1525 3789 est
1551 3734 1766 3801 oriens,
1784 3737 1883 3791 sed
1917 3738 2067 3792 occi-

413 3818 581 3876 dens.
616 3819 682 3875 Et
731 3836 859 3891 quae
919 3819 1190 3891 plurimis
1250 3821 1525 3876 videntur
1552 3822 1861 3880 orientales
1891 3826 2067 3882 urbes

416 3907 781 3978 esse,quales
812 3909 1011 3964 Iberice
1043 3914 1099 3965 et
1115 3910 1485 3982 Medimdpsaa
1502 3912 2065 3983 suntoccidentales,

413 3995 553 4068 quia
584 4001 722 4051 sunt
766 3997 825 4052 in
858 4002 1024 4069 parte
1058 4003 1222 4055 terras
1256 4000 1629 4055 occidentali.
1667 4002 1906 4058 Initium
1956 4021 2062 4059 au-

412 4090 529 4141 tem
553 4084 927 4142 orientalium
955 4088 1209 4158 partium
1242 4094 1332 4145 est
1356 4090 1509 4145 ultra
1532 4090 1719 4162 ipsam
1744 4091 2060 4148 Persidem.

412 4171 587 4229 Terra
612 4190 744 4231 vero
778 4191 811 4230 a
836 4176 1048 4246 priscis
1078 4177 1449 4250 philosophis
1478 4180 1535 4234 in
1572 4186 1795 4251 septem
1830 4181 2063 4237 climata

412 4260 605 4329 divisa,
636 4269 725 4320 est
781 4264 890 4321 hoc
942 4267 1138 4323 modo.
1186 4268 1730 4326 Animadvertentes
1778 4270 1934 4326 enim
1976 4270 2061 4326 illi

409 4368 614 4408 omnes
646 4352 804 4410 locos
827 4356 928 4426 qui
962 4360 1102 4412 sunt
1125 4358 1314 4429 magis
1340 4359 1410 4413 ad
1446 4359 1904 4429 septentrionem
1941 4361 2060 4426 siti,

412 4442 735 4497 maximum
769 4442 923 4499 diem
956 4445 1237 4514 majorem
1271 4446 1484 4502 habere
1507 4463 1683 4517 quam
1716 4448 1826 4503 loci
1860 4464 2063 4504 versus

413 4532 719 4588 meridiem
752 4534 937 4604 siti,et
966 4536 1036 4591 ab
1058 4536 1408 4608 aequinoctio
1439 4538 1495 4593 in
1522 4545 1717 4609 partes
1734 4538 2058 4605 ulteriores,

413 4618 677 4692 neglecto
694 4623 1000 4680 semihorae
1033 4633 1371 4697 augmento,
1406 4627 1510 4681 has
1542 4628 1805 4697 regiones
1836 4644 1901 4683 eo
1924 4646 2060 4701 spa-

412 4708 494 4765 tio
517 4710 589 4765 ab
636 4710 984 4782 aequinoctio
1033 4715 1321 4771 distantes
1354 4717 1631 4787 primum,
1662 4716 1837 4771 clima
1866 4719 2059 4789 appel-

413 4798 701 4871 laverunt,
729 4801 780 4857 ei
804 4802 1025 4860 Meroes
1058 4821 1265 4861 nomen
1290 4806 1678 4877 imponentes.
1738 4808 1840 4861 Est
1889 4824 2059 4878 porro

415 4887 607 4945 Meroe
638 4891 780 4947 urbs
806 4891 1141 4964 )Ethiopica.
1160 4897 1222 4950 In
1249 4894 1355 4950 hoc
1387 4901 1583 4951 autem
1617 4895 1849 4952 climate
1873 4897 2058 4952 maxi-

414 4994 512 5035 ma
539 4979 662 5036 dies
684 4986 775 5037 est
829 4982 1112 5039 tredecim
1171 4984 1471 5041 horarum.
1523 4986 1741 5042 Deinde
1799 4987 2061 5043 animad-

408 5071 699 5126 vertentes
753 5069 853 5125 ubi
912 5072 1167 5129 maxime.
1214 5074 1338 5131 dies
1385 5075 1862 5145 sesquitredecim
1894 5076 2061 5131 hora-

410 5173 541 5214 rum
573 5163 746 5229 esset,
778 5160 960 5232 hujus
1018 5162 1271 5233 regionis
1319 5164 1444 5220 dies
1500 5164 1825 5220 secundum
1884 5163 2060 5219 clima

410 5248 872 5321 appellaverunt,
935 5252 1105 5323 eique
1172 5270 1384 5309 nomen
1454 5255 1671 5327 Syenes
1746 5255 2055 5309 dederunt.

408 5337 585 5394 Porro
608 5338 794 5411 Syene
843 5345 934 5396 est
987 5341 1128 5396 urbs
1178 5341 1371 5398 media
1410 5341 1562 5398 inter
1617 5342 1970 5413 [Ethiopiam
2003 5346 2059 5397 et

406 5426 741 5500 Egyptum.
786 5430 943 5486 Idem
972 5435 1168 5486 autem
1204 5431 1463 5487 fecerunt
1492 5432 1561 5485 de
1601 5432 1769 5486 tertio
1799 5432 2054 5500 climate,

410 5517 563 5587 quod
589 5532 619 5570 e
642 5518 879 5574 nomine
900 5518 1193 5575 interioris
1216 5520 1440 5591 zEgypti
1491 5518 1723 5589 dicitur,
1783 5522 2054 5591 quodque

411 5604 729 5663 maximam
754 5607 905 5664 diem
939 5608 1377 5679 quatuordecim
1419 5607 1699 5665 horarum
1732 5608 1925 5666 habet.
1975 5615 2055 5666 Ac

411 5692 685 5752 similiter
708 5694 776 5752 de
806 5701 1009 5770 quarto
1039 5716 1071 5758 a
1104 5698 1305 5758 Rhodo
1364 5699 1753 5771 nominatum,
1786 5702 2056 5774 quodque

2174 3292 2240 3344 τὰ
2288 3292 2391 3363 γὰρ
2449 3294 2751 3365 περαιτέρω
2803 3288 3006 3358 ταύτης
3062 3289 3293 3357 ἀοίκητα
3348 3285 3436 3342 διὰ
3489 3288 3589 3354 τὴν
3649 3291 3829 3360 ψῦξιν.

2178 3380 2327 3436 Κατά
2374 3377 2431 3433 δὲ
2488 3381 2585 3446 τὴν
2624 3373 2969 3452 μεσημϐρίαν
3028 3377 3266 3431 οίκοῦσιν
3322 3374 3602 3446 ἄνθρωποι
3663 3377 3829 3451 ἄχρις

2175 3468 2339 3523 αὐτοῦ
2395 3472 2492 3522 τοῦ
2552 3466 2869 3542 ἷσημερινοῦ
2926 3463 3153 3521 κύκλουο
3214 3463 3339 3520 ἀλλ’
3396 3464 3527 3519 εἰσὶν
3564 3466 3616 3520 οἳ
3657 3465 3831 3521 ἐκεῖσε

2176 3558 2451 3619 οἰκοῦντες
2526 3551 2770 3632 βάρϐαρα
2832 3554 2955 3626 ἔθνη
3039 3555 3127 3610 καὶ
3196 3553 3402 3627 μέλανα
3444 3555 3545 3622 τὴν
3608 3556 3827 3630 χροιάν.

2174 3650 2331 3703 ’Ὁσοι
2390 3644 2447 3701 δὲ
2505 3645 2744 3701 οἰκοῦσιν
2810 3646 2913 3699 ὑπὸ
2967 3646 3056 3699 τὸν
3120 3645 3434 3719 ἱσημερινὸν
3484 3642 3713 3716 κύκλον,
3749 3644 3829 3699 ἀεὶ

2172 3737 2266 3799 τὰς
2325 3737 2517 3799 νύκτας
2566 3732 2786 3811 ἔχουσιν
2838 3736 2962 3797 ’ἰσας
2992 3740 3110 3796 ταῖς
3159 3734 3414 3809 ὴμιραις.
3446 3734 3508 3789 Ἥ
3541 3734 3639 3787 οὖν
3674 3733 3830 3809 λεγο-

2179 3827 2311 3899 μένη
2370 3831 2497 3899 παρ’
2552 3828 2713 3898 ἡμῶν
2776 3823 3011 3891 ἀνατολὴ
3064 3822 3168 3879 οὐκ
3195 3820 3335 3878 ἔστιν
3368 3821 3636 3890 ἀνατολὴ.
3665 3823 3714 3876 εἰ
3750 3822 3827 3895 μή

2175 3913 2359 3978 δύσις·
2431 3912 2579 3969 ἀλλὰ
2631 3914 2722 3969 καὶ
2784 3912 2939 3969 αὐταὶ
2996 3914 3053 3967 αἱ
3106 3909 3359 3967 δοκοῦσαι
3416 3916 3534 3972 τοῖς
3587 3910 3832 3974 πολλοῖς

2174 4003 2637 4077 ἀνατολικώτεραι
2680 4001 2896 4072 πόλεις,
2958 4003 3065 4056 οἷαι
3121 4002 3173 4056 αἱ
3204 4008 3303 4069 τῆς
3331 3996 3571 4073 Ἰϐηρίας
3603 3999 3832 4064 καὶτῆς

2174 4090 2412 4163 Μηδίας,
2472 4091 2561 4147 καὶ
2624 4090 2775 4147 αὗται
2836 4089 3046 4145 δυτικαὶ
3108 4088 3415 4164 ὑπάρχουσι
3446 4085 3627 4142 διὰτὸ
3658 4087 3719 4143 ἂν
3750 4093 3833 4159 τῷ

2173 4180 2375 4253 δυτικῷ
2434 4183 2583 4257 μὲρει
2633 4185 2732 4247 τῆς
2787 4180 3115 4253 οἷκουμίνης
3148 4180 3300 4235 εἶναι.
3356 4179 3415 4234 ’II
3451 4174 3508 4231 δὲ
3532 4176 3685 4252 ἀρχή
3722 4183 3837 4232 τῶν

2172 4270 2650 4347 ἁνατολικωτὲρων
2689 4274 2866 4344 μερῶν
2925 4270 3015 4324 καὶ
3060 4268 3226 4337 αὐτῆς
3256 4273 3355 4337 τῆς
3404 4265 3632 4340 Περσίας
3682 4265 3831 4322 ἐστὶν

2171 4358 2443 4416 ἐπέκεινα.
2506 4359 2928 4433 Διαμεμερισται
2989 4353 3047 4410 δὲ
3100 4358 3133 4424 ἡ
3194 4355 3488 4426 οἷκουμὲνη
3552 4350 3658 4407 ὑπὸ
3720 4358 3832 4409 τῶν

2170 4446 2343 4503 πάλαι
2402 4452 2581 4522 σοφῶν
2643 4446 2719 4508 είς
2773 4446 2840 4501 τὰ
2890 4446 3025 4500 ἑπτα
3077 4441 3320 4516 κλίματα
3343 4443 3575 4513 τοιούτῳ
3604 4444 3833 4517 τρόπῳ.

2172 4534 2398 4599 Ἰδόντες
2458 4538 2560 4610 γὰρ
2621 4534 2793 4603 οὗτοι,
2854 4538 2926 4597 ὡς
2960 4534 3079 4589 ὅσαι
3109 4534 3290 4609 χῶραί
3325 4532 3424 4587 εἰσι
3462 4531 3835 4607 βορειότεραι,

2172 4624 2357 4701 ἔχουσι
2409 4626 2508 4693 τήν
2573 4625 2829 4698 μεγίστην
2886 4622 3095 4697 ἡμέραν
3155 4620 3379 4695 μείζονα
3434 4624 3542 4675 τῶν
3564 4624 3832 4676 νοτιωτέ-

2171 4736 2298 4787 ριον,
2352 4713 2441 4769 καὶ
2473 4712 2579 4767 ἀπὸ
2611 4712 2931 4785 ἰσημερινοῦ
2976 4710 3061 4766 ἐπὶ
3126 4710 3192 4765 τὰ
3240 4708 3382 4773 ἔνθεν
3445 4707 3607 4782 μέρη,
3640 4708 3835 4763 idem-

2167 4824 2253 4866 τες
2340 4800 2558 4873 αὔξησιν
2643 4800 2957 4877 ήμιωρίου,
3040 4798 3294 4855 ἐκάλεσαν
3380 4798 3477 4859 τὰς
3553 4798 3829 4864 τοσαύτην

2171 4892 2462 4947 ἀπόστασιν
2496 4890 2805 4967 ἀπεχούσας
2836 4894 2931 4945 τοῦ
2978 4888 3301 4963 ἰσημερινοῦ
3356 4890 3572 4963 πρῶτον
3623 4885 3830 4960 κλίμα,

2170 4980 2529 5053 ὀνομάσαντες
2580 4980 2715 5034 αὐτὸ
2765 4975 2852 5033 διὰ
2883 4977 3129 5053 Μερόης.
3160 4978 3418 5051 Ὑπάρχει
3473 4973 3530 5030 δὶ
3558 4977 3593 5043 ἡ
3628 4976 3829 5052 Μερόη

2170 5070 2333 5132 πόλις
2391 5069 2709 5138 Αίθιοπικήο
2765 5068 2874 5122 ἔστι
2909 5065 2967 5123 δὲ
3019 5067 3068 5122 ὲν
3126 5071 3205 5138 τῷ
3256 5064 3490 5137 τοιούτῳ
3520 5062 3762 5137 κλίματι
3794 5067 3828 5134 1‘,

2173 5161 2399 5235 μεγίστη
2453 5158 2633 5234 ἡμέρα
2691 5158 2847 5231 ὡρῶν
2913 5159 2996 5232 ιγ’.
3056 5155 3185 5211 Εἶτα
3214 5153 3379 5210 πάλιν
3442 5152 3669 5226 ίδόντες,
3702 5150 3834 5218 ἔνθα

2168 5252 2309 5306 εστὶν
2368 5252 2401 5319 ἡ
2466 5249 2687 5322 μεγίστη
2749 5246 2930 5321 ἡμέρα
2991 5246 3147 5321 ὡρῳν
3186 5252 3246 5321 ιγ’
3285 5246 3334 5312 ὑ,
3367 5243 3654 5316 ὠνόμασαν
3725 5246 3829 5305 τας

2168 5338 2368 5395 ἐκεῖθεν
2420 5338 2629 5411 ἡμέρας
2686 5336 2863 5408 κλίμα
2926 5336 2993 5411 β’,
3046 5334 3133 5390 καὶ
3194 5332 3451 5389 ἐκάλεσαν
3507 5330 3669 5387 τοῦτο
3738 5329 3831 5388 διὸ.

2170 5432 2407 5499 Συήνης.
2468 5428 2529 5483 ’11
2588 5424 2645 5479 δὲ
2705 5426 2888 5494 Συήνη
2925 5424 3032 5479 ἐστὶ
3089 5421 3253 5485 πόλις
3286 5422 3335 5478 ἐν
3374 5422 3692 5496 μεταιχμίῳ
3723 5429 3827 5491 τῆς

2165 5517 2493 5585 Αἰθιοπικῆς
2548 5514 2638 5570 καὶ
2697 5514 3075 5589 Αἰγυπτιακῆς
3128 5514 3317 5589 χώρας
3355 5554 3368 5569 .
3444 5511 3516 5567 Τὸ
3571 5510 3703 5566 αὐτὸ
3766 5509 3827 5568 δὶ

2165 5606 2421 5679 ἐποίησαν
2470 5605 2562 5661 καὶ
2618 5603 2701 5659 ἐπὶ
2762 5607 2859 5657 τοῦ
2907 5601 3094 5677 τρίτου
3150 5600 3444 5676 κλίματος,
3500 5599 3564 5656 τὸ
3596 5596 3687 5655 διὰ
3713 5607 3825 5669 τῆς

2162 5696 2309 5755 κάτω
2367 5695 2555 5771 χώρας
2594 5692 2871 5771 Αἰγύπτου
2903 5689 3223 5767 λεγόμενον,
3251 5692 3353 5760 τήν
3390 5689 3651 5765 μεγίστην
3684 5685 3818 5765 ἔχον
