4032 6202
212 356 310 418 789

1318 346 1319 349 ‘
1428 348 1911 411 SOLUTlONES
1957 325 2334 419 Quaem.

3478 348 3621 415 790'

208 490 390 566 ἡμέραν
447 489 605 566 ὡρῶν
665 485 753 545 ιδ’·
827 486 921 544 καὶ
978 484 1067 543 ιπὶ
1120 489 1220 542 τοῦ
1278 482 1539 561 τετάρτου
1594 481 1825 558 ὁμοίως,

1942 482 2265 539 maximam
2297 482 2452 539 diem
2504 480 3110 555 sesquiquatordecim
3161 482 3440 541 horarum
3488 485 3594 544 ha-

207 582 257 636 τὸ
331 576 416 635 διὰ
513 576 703 635 Ῥόδου
806 573 1210 652 ὀνομαζόμενον
1250 621 1264 645 ,
1366 576 1467 644 τὴν
1567 572 1826 649 μεγίστην

208 669 317 746 ἔχον
365 669 573 744 ἡμέραν
628 670 784 743 ὡρῶν
850 665 967 723 ιδ’ὑο
1029 667 1119 723 καὶ
1168 665 1256 722 ἐπὶ
1309 669 1407 720 τοῦ
1437 665 1710 739 πέμπτου,
1773 662 1827 717 έν

208 760 246 832 ᾧ
295 758 616 831 οίκούμενοι,
675 757 934 819 ὡσαύτως
966 804 982 826 ,
1039 755 1093 812 έν
1143 757 1189 829 ᾧ
1257 757 1292 826 ἠ
1358 755 1588 830 μεγίστη
1643 753 1829 826 ἡμέρα

207 849 340 925 ὡρῶν
394 847 505 903 ἐστι
567 849 651 906 ιε’.
718 847 1018 920 Ὠνόμασαν
1070 846 1134 901 τὸ
1189 843 1343 901 ἕκτον
1403 844 1578 917 κλίμα
1622 843 1685 898 16
1739 839 1831 897 διὰ

210 937 350 1011 μέσου
404 937 634 1006 Πόντου,
694 936 748 993 έν
804 938 851 1010 ᾧ
903 937 938 1006 ἠ
1003 934 1229 1012 μεγίστη
1291 933 1472 1010 ἡμέρα
1514 935 1672 1008 ὡρῶν
1710 932 1824 987 ιε’ὑ.

205 1027 262 1083 T6
312 1025 365 1082 δέ
417 1022 656 1101 ἕϐδομον
713 1028 777 1082 τὸ
808 1024 896 1081 διὰ
914 1029 1014 1082 τοῦ
1074 1025 1459 1101 Βορυσθένους,
1492 1023 1543 1078 έν
1578 1023 1623 1095 ᾧ
1655 1023 1689 1092 ἠ
1729 1041 1826 1095 με-

206 1118 342 1191 γίστη
391 1116 575 1192 ἡμέρα
627 1116 786 1192 ὡρῶν
813 1117 923 1171 ἔστι
986 1117 1071 1187 ις“,
1130 1114 1249 1170 Εἷ³σὶ
1310 1111 1367 1169 δὲ
1416 1112 1471 1168 έν
1509 1116 1588 1185 τῷ
1620 1110 1828 1186 Βορείῳ

209 1205 333 1281 μέρει
380 1207 542 1262 τόποι
602 1204 916 1279 οἰκούμεναι
967 1203 1211 1260 έπέκεινα
1268 1207 1375 1258 τῶν
1435 1201 1570 1257 ἑπτὰ
1616 1199 1826 1274 κλιμά-

204 1277 313 1366 των,
360 1294 411 1350 έν
473 1297 560 1358 οἷς
622 1277 817 1369 μείζων
871 1293 982 1348 tot?
1036 1297 1143 1349 τῶν
1204 1290 1557 1363 δηλωθεισῶν
1590 1291 1746 1365 ὡρῶν
1787 1293 1823 1355 ἧ
1878 1277 1886 1285 ’

207 1384 406 1459 μεγίστη
466 1384 669 1460 ἡμέρα.
728 1383 932 1440 Αὐτίκα
983 1386 1115 1459 γοῦν
1174 1381 1224 1436 έν
1274 1383 1343 1455 τῇ
1376 1378 1580 1454 Θούλῃ,
1615 1376 1707 1434 διὰ
1761 1378 1825 1434 τὸ

201 1474 276 1530 τὸν
328 1474 534 1549 θερινὸν
587 1470 790 1529 κύκλον
824 1470 996 1534 νὸλως
1056 1470 1189 1547 ὑπὲρ
1241 1477 1342 1545 γῆν
1402 1470 1535 1525 εἶναι
1571 1512 1585 1539 ,
1634 1467 1686 1521 ἐν
1744 1471 1825 1540 τῷ

203 1562 321 1640 θέρει
377 1562 462 1619 ἐπὶ
512 1563 726 1639 ἡμέρας
762 1564 837 1637 μι¹
864 1560 894 1617 δ
921 1561 1085 1632 ἥλιος
1116 1561 1301 1622 αὐτοῖς
1330 1557 1524 1623 ἄδυτος
1567 1559 1823 1634 ὑπάρχει·

134 1664 143 1672 '
201 1652 244 1707 ἐν
294 1650 345 1708 δὲ
398 1657 481 1725 τῷ
535 1656 774 1728 χειμῶνι
834 1649 903 1706 δι’
950 1653 1171 1724 ἡμερῶν
1222 1656 1273 1723 μ’
1337 1649 1430 1703 τὸν
1483 1646 1684 1726 ῆφλιον
1719 1646 1828 1722 οὐχ

203 1742 374 1817 ὁρῶσι,
434 1739 526 1797 διὰ
575 1742 643 1796 τὸ
690 1742 781 1796 τὸν
843 1737 974 1796 ὅλον
1002 1739 1092 1795 τὸν
1140 1737 1453 1814 χειμερινὸν
1484 1736 1687 1793 κύκλον
1721 1735 1825 1792 ὑπὸ

200 1832 284 1904 γῆν
334 1831 463 1886 εἶναι
519 1830 611 1885 καὶ
669 1829 847 1906 ἀφανῆ
885 1873 899 1887 .
971 1830 1032 1883 Ἡ
1093 1825 1150 1883 δὶ
1208 1825 1468 1902 διαίρεσις
1523 1830 1632 1882 τῶν
1692 1826 1904 1932 ὲπτὰΒ

202 1919 460 1991 κλιμάτων
515 1919 653 1976 κατὰ
707 1920 799 1993 μὲν
855 1918 1029 1992 μῆκός
1083 1916 1224 1972 ἐστιν
1253 1916 1359 1972 ἀπὸ
1390 1914 1660 1981 ἀνατολῆς
1690 1914 1821 1992 ἄχρι

203 2005 400 2081 δύσεως,
459 2009 595 2065 κατὰ
624 2006 711 2063 ’δὲ
761 2005 969 2070 πλάτος
1028 2007 1132 2062 ἀπὸ
1188 2010 1284 2061 τοῦ
1339 2006 1662 2083 ἰσημερινοῦ
1691 2002 1822 2081 ἄχρι

202 2119 292 2169 τφν
338 2098 796 2177 βορείωνὶμερῶν,
828 2098 902 2152 ὧν
938 2095 1183 2170 εἴπομεν·
1214 2098 1368 2154 Ἓστι
1399 2094 1456 2152 δὲ
1482 2097 1545 2152 τὸ
1581 2097 1674 2169 μὲν
1710 2102 1825 2169 μῆ·-

202 2208 281 2251 κος
328 2196 429 2260 τῆς
456 2189 781 2261 οἰκουμένης
814 2184 1090 2260 διάστημα
1140 2187 1299 2263 ὡρῶν
1371 2187 1461 2263 ιβ¹’
1521 2186 1611 2242 ὅτε
1657 2186 1761 2262 γὰρ
1794 2185 1822 2240 6

202 2276 339 2345 ἥλιος
366 2276 649 2334 ἀνατέλλει
694 2276 748 2333 ἐν
795 2278 950 2351 Σήρᾳ
972 2280 1041 2351 τῇ
1086 2274 1271 2346 πόλει,
1302 2273 1446 2331 δύνει
1474 2275 1526 2331 ἐν
1556 2281 1675 2338 ταῖς
1705 2281 1820 2331 Μα-

105 2404 108 2406 ~
201 2367 354 2441 κέρων
381 2369 591 2437 νήσοις·
623 2366 695 2421 T6
727 2364 784 2422 δέ
810 2364 1017 2428 πλάτος
1046 2365 1153 2421 ἀπὸ
1189 2370 1287 2420 τοῦ
1336 2364 1650 2442 ἰσημερινοῦ
1690 2362 1821 2439 ἄχρι

201 2461 281 2524 τῆς
304 2457 470 2525 νήσου
498 2454 741 2528 Θούλης,
773 2455 849 2517 ὡς
891 2453 1210 2510 ἐαιπλάσιον
1241 2454 1477 2530 γίνεσθαι
1525 2454 1589 2508 τὸ
1647 2461 1821 2526 pix);

198 2548 277 2598 τοῦ
302 2541 557 2607 πλάτους
590 2542 679 2600 διὸ
707 2542 941 2621 γελοῖοι,
973 2543 1090 2599 ὅσοι
1145 2544 1454 2619 κυκλοτερῆ
1494 2543 1593 2612 τήν
1639 2542 1821 2597 οἰκου-

204 2634 345 2706 μένην
371 2633 835 2713 καταγράφουσιν.

202 2839 257 2916 γ’.
282 2840 404 2917 Περὶ
450 2842 585 2917 τῶν,
610 2839 806 2917 μεταξὺ
850 2846 950 2912 τῆς
1004 2847 1109 2915 γῆς
1139 2839 1229 2895 καὶ
1276 2842 1373 2895 τοῦ
1412 2838 1642 2916 οὐρανοῦ
1675 2860 1821 2897 στοι-

493 2914 666 2991 χείων
697 2915 789 2968 καῖ
815 2917 924 2969 τῶν
955 2914 1078 2988 περι
1109 2917 1276 2968 ταῦτα
1307 2914 1516 2976 παθῶν.

259 3010 319 3067 Ἡ
369 3016 438 3087 γῆ
484 3012 587 3083 τήν
624 3011 793 3085 μέσην
840 3015 939 3067 τοῦ
985 3012 1185 3073 παντὸς
1235 3011 1425 3087 χώραν
1456 3009 1705 3086 λαχοῦσα
1735 3008 1824 3065 εύ-

201 3097 280 3162 06c
327 3101 385 3156 τὸ
434 3099 581 3176 ὕδωρ
612 3097 732 3177 ἔχει
782 3101 915 3175 ὑπὲρ
949 3100 1133 3166 αὐτῆς·
1183 3098 1293 3156 ἔστι
1322 3097 1379 3155 δὲ
1409 3101 1437 3155 6
1466 3101 1635 3165 τόπος
1658 3100 1825 3155 αὑτοῦ

200 3189 224 3243 6
273 3188 533 3263 ὠκεανὸς,
592 3191 810 3247 πάντων
864 3193 973 3245 τῶν
1024 3187 1234 3246 ὑδάτων
1287 3189 1693 3267 καταρρεόντων
1750 3188 1826 3252 είς

199 3277 358 3337 αὐτόν.
423 3280 541 3336 Εἰσὶ
601 3278 661 3336 δὲ
719 3276 972 3357 μέγισται
1029 3279 1324 3346 θάλασσαι,
1382 3279 1574 3354 πρώτη
1638 3279 1733 3354 μὲν
1787 3280 1821 3349 ἠ

199 3368 427 3447 Ἐροθρᾶί
478 3370 555 3433 ὡς
614 3370 781 3448 μέχρι
839 3377 940 3440 τῆς
969 3367 1206 3439 Ἰνδικῆς
1255 3366 1519 3440 διήκουσα
1572 3372 1696 3446 γῆς,
1726 3375 1826 3440 τῆς

195 3477 247 3513 τε
293 3460 473 3536 χώρας
498 3465 607 3516 τῶν
644 3459 819 3515 Σίνων
852 3459 941 3514 καὶ
975 3459 1106 3535 ἄχρι
1157 3463 1256 3528 τῆς
1279 3455 1565 3533 Περσίδος.
1597 3452 1827 3532 Δευτέρα

200 3543 250 3601 δὲ
296 3549 419 3618 αὕτη
476 3551 513 3620 ἠ
571 3549 689 3605 καθ’
742 3549 893 3622 ἡμᾶς
954 3543 1325 3603 εἶσόάλλουσα
1370 3547 1505 3623 πρὸς
1549 3552 1667 3610 τοῖς
1723 3553 1824 3617 τῆς

200 3637 444 3702 Ἱσπανίας
495 3639 712 3716 μέρισιν
772 3637 853 3700 εἲς
902 3638 995 3693 τὸν
1055 3635 1269 3693 δυτικὸν
1331 3632 1586 3693 ὠκεανόν.
1647 3636 1819 3708 Τρίτη

200 3720 306 3796 δὶή
351 3726 614 3803 λεγομένη
675 3727 904 3805 Μεγάλη
940 3725 1028 3782 διὰ
1055 3728 1117 3782 16
1154 3728 1229 3800 μὴ
1284 3720 1430 3803 ἔχειν
1461 3728 1677 3796 νήσους,
1711 3724 1823 3780 εἷσ-

202 3809 461 3871 ϐάλλουσα
517 3814 608 3871 διὰ
652 3821 754 3872 τοῦ
810 3820 993 3872 στενοῦ
1038 3816 1115 3881 εἷς
1142 3817 1241 3885 τήν
1289 3816 1410 3878 καθ’
1440 3816 1585 3887 ἡμᾶς
1621 3813 1825 3869 θάλασ-

203 3924 305 3958 σαν.
359 3907 421 3961 Αἱ
477 3904 535 3961 δέ
566 3904 757 3960 λοιπαὶ
812 3903 1002 3977 λίμναι
1037 3903 1252 3979 μᾶλλόν
1284 3905 1439 3972 εἶσιν,
1470 3906 1505 3973 ἢ
1540 3903 1824 3960 θάλασσαι.

204 3990 410 4049 Ἀλυκὸν
468 3992 526 4050 δέ
585 3994 697 4049 ἐστι
726 3995 791 4050 τὸ
837 4001 938 4064 τῆς
967 3992 1244 4064 θαλάσσης
1273 3991 1419 4069 ὕδωρ
1452 3990 1540 4047 διὰ
1563 3992 1823 4063 τοιαύτην

206 4081 375 4137 αἰτία-ι’
431 4082 545 4139 ἐπεὶ
600 4085 704 4159 γάρ
762 4084 791 4138 6
845 4082 1011 4153 ἥλιος
1038 4081 1118 4138 de?
1173 4081 1428 4155 ἀνιμᾶται
1456 4082 1520 4137 τὸ
1551 4080 1827 4154 λεπτομε-

205 4170 284 4245 ρὶε
336 4173 494 4244 αὐτῆς
553 4174 743 4249 ὑγρὸν,
794 4172 1180 4229 καταλείπεται
1240 4173 1301 4227 τὸ
1356 4170 1530 4247 παχὺ,
1578 4172 1665 4227 καὶ
1710 4170 1826 4246 ἔχει

202 4260 431 4334 τοιαύτην
455 4267 660 4339 γεῦσιν,
710 4262 951 4337 καθάπερ
1003 4264 1219 4337 ὁρῶμεν
1267 4260 1352 4317 έπῖ
1384 4262 1491 4316 τῶν
1542 4259 1823 4335 ἡμετέρων

205 4353 469 4423 σωμάτων·
522 4350 825 4425 πινομένοῦ
872 4353 976 4428 γάρ
1008 4353 1134 4427 παρ’
1167 4352 1328 4424 ἡμῶν
1360 4354 1456 4405 τοῦ
1487 4348 1705 4417 ὕδατος,
1735 4351 1823 4405 καὶ

204 4441 294 4503 τῆς
343 4442 546 4518 φύσεως
605 4441 905 4519 χρωμένης
964 4441 1100 4517 πρὸς
1155 4441 1254 4509 τὴν
1288 4438 1536 4494 σύστασιν
1570 4441 1824 4512 ἡμῶντῇ

182 4525 648 4608 ’λεπτομερεστέρᾳ
706 4530 872 4586 αὐτοῦ
922 4531 1203 4607 ὑγρότητι,
1263 4530 1325 4584 τὸ
1390 4527 1698 4604 παχύτερον
1742 4527 1825 4604 γί-

1943 573 2077 629 bet:
2112 576 2289 645 atque
2320 574 2404 630 sic
2435 590 2668 645 quoque
2721 574 2791 628 de
2845 572 3074 644 quinto,
3136 572 3199 627 in
3254 589 3367 645 quo
3418 575 3595 632 etiam

1941 661 2214 718 homines
2246 662 2534 733 habitant,
2569 666 2626 718 et
2654 663 2712 717 in
2744 679 2859 735 quo
2885 662 3142 718 maxime
3159 663 3289 718 dies
3308 668 3399 719 est
3423 664 3591 735 quin-

1940 751 2129 808 decim
2181 752 2484 808 horarum.
2537 751 3002 807 Nominaverunt
3057 756 3287 807 sextum
3337 752 3514 809 clima
3561 771 3596 809 a

1940 841 2124 897 Ponto
2153 841 2366 911 medio,
2406 842 2464 897 in
2496 859 2612 913 quo
2645 841 2904 897 maxima
2936 841 3061 897 dies
3092 846 3182 897 est
3213 843 3596 915 sesquiquin-

1939 930 2127 986 decim
2162 931 2463 988 horarum.
2498 931 2826 1004 Septimum
2851 932 3025 987 clima
3054 933 3208 1003 quod
3241 937 3331 988 est
3360 949 3463 1005 per
3492 935 3599 989 Bo-

1938 1020 2299 1093 rysthenem,
2352 1021 2411 1077 in
2463 1038 2578 1094 quo
2624 1023 2750 1077 dies
2804 1021 3061 1077 maxima
3110 1023 3308 1078 decem
3370 1026 3427 1078 et
3494 1038 3596 1079 sex

1936 1118 2098 1175 horis
2128 1122 2380 1175 constat.
2416 1121 2478 1175 In
2514 1123 2678 1193 parte
2717 1124 2911 1177 autem
2963 1119 3406 1193 septentrionali
3453 1125 3595 1177 sunt

1935 1207 2291 1265 habitabiles
2322 1207 2433 1265 loci
2460 1208 2614 1265 ultra
2645 1213 2867 1282 septem
2901 1209 3003 1265 illa
3035 1209 3298 1278 climata,
3346 1209 3406 1265 in
3455 1211 3590 1282 qui-

1935 1299 2048 1355 bus
2082 1300 2339 1356 maxima
2373 1300 2499 1357 dies
2530 1301 2718 1372 major
2746 1305 2834 1356 est
2882 1317 3060 1373 quam
3123 1301 3247 1356 dies
3305 1300 3590 1372 praedicti.

1939 1392 2004 1447 In
2033 1389 2218 1447 Thule
2245 1390 2451 1464 igitur,
2484 1409 2619 1449 cum
2652 1393 2884 1449 aestivus
2916 1392 3172 1449 circulus
3202 1393 3441 1449 omnino
3489 1411 3589 1450 su-

1936 1497 2042 1553 pra
2072 1484 2294 1537 terram
2327 1482 2423 1551 sit,
2456 1499 2559 1555 per
2587 1486 2848 1540 testatem
2905 1483 3114 1539 diebus
3163 1482 3593 1556 quinquaginta

1938 1569 2025 1626 sol
2057 1585 2174 1625 non
2207 1571 2458 1641 occidit;
2488 1588 2592 1644 per
2620 1572 2871 1628 hiemem
2908 1587 3043 1627 vero
3078 1572 3287 1628 diebus
3337 1573 3592 1645 quadra-

1935 1659 2100 1732 ginta
2132 1658 2316 1715 solem
2348 1677 2465 1716 non
2494 1660 2713 1732 vident,
2766 1677 2898 1717 cum
2955 1664 3114 1717 totus
3162 1661 3433 1717 hiemalis
3481 1662 3593 1717 cir-

1937 1749 2106 1805 culus
2138 1749 2343 1805 subter
2372 1752 2588 1806 terram
2622 1751 2702 1807 sit
2732 1766 2837 1807 nec
2897 1753 3195 1823 appareat.
3249 1750 3594 1807 Distributio

1936 1841 2134 1895 autem
2159 1841 2379 1911 septem
2418 1838 2720 1895 climatum
2753 1843 2843 1896 est
2886 1840 3214 1896 secundum
3267 1836 3592 1911 longitudi-

1934 1944 2067 1984 nem
2100 1927 2174 1983 ab
2205 1926 2428 1984 oriente
2466 1945 2656 2001 usque
2705 1929 2775 1984 ad
2827 1928 3213 1996 occidentem,
3264 1928 3589 1983 secundum

1933 2006 2308 2076 latitudinem
2337 2031 2472 2071 vero
2515 2016 2589 2071 ab
2636 2016 2986 2089 aequinoctio
3036 2031 3220 2087 usque
3268 2015 3340 2070 ad
3389 2018 3581 2087 partes

1933 2103 2448 2178 septentrionales,
2481 2106 2553 2161 de
2574 2106 2790 2177 quibus
2823 2123 3022 2177 supra.
3074 2105 3404 2160 Secundum
3452 2104 3582 2160 lon-

1931 2194 2257 2268 gitudinem
2290 2211 2463 2267 porro
2497 2196 2827 2251 differentia
2862 2195 3017 2251 inter
3052 2198 3347 2250 extremas
3385 2200 3582 2266 partes

1933 2285 2243 2341 duodecim
2275 2284 2436 2340 horis
2465 2288 2715 2340 constat.
2749 2284 2994 2349 Quando
3025 2284 3180 2339 enim
3214 2283 3302 2339 sol
3332 2283 3389 2339 in
3437 2284 3583 2339 urbe

1929 2378 2069 2431 Sera
2098 2373 2308 2441 oritur,
2342 2374 2401 2428 in
2436 2377 2744 2429 Beatorum
2777 2372 2990 2428 insulis
3023 2371 3255 2428 occidit.
3307 2371 3581 2427 Latitudo

1929 2478 2066 2519 vero
2097 2462 2170 2517 ab
2198 2460 2547 2533 aequinoctio
2578 2461 2649 2517 ad
2681 2459 2941 2516 insulam
2971 2457 3218 2515 Thulem
3264 2458 3445 2526 vadit,
3498 2459 3584 2515 ita

1932 2554 1999 2606 ut
2025 2549 2331 2622 longitudo
2364 2549 2677 2606 latitudine
2706 2548 2882 2621 triplo
2913 2549 3104 2620 major
3125 2547 3224 2603 sit.
3248 2547 3413 2603 Unde
3437 2546 3582 2603 ridi-

1932 2639 2049 2696 culi
2079 2642 2243 2706 sunt,
2276 2638 2375 2710 qni
2405 2639 2721 2694 rotundam
2753 2642 2970 2693 terram
3021 2635 3403 2693 habitabilem
3450 2637 3583 2693 des-

1932 2729 2187 2786 cribunt.

1932 2846 1985 2902 3.
2020 2847 2094 2902 De
2125 2844 2409 2901 elementis
2438 2859 2564 2917 qum
2590 2850 2716 2900 sunt
2744 2844 3124 2917 intergterram
3165 2850 3217 2899 et
3262 2844 3483 2915 emtum,
3529 2852 3586 2900 et

2224 2917 2289 2973 de
2311 2915 2666 2987 passionibus
2695 2932 2815 2988 qua
2844 2915 2913 2972 ad
2939 2932 3010 2972 ea
3037 2917 3299 2971 attinent.

2005 3016 2189 3071 Terra
2219 3032 2346 3087 quas
2379 3015 2634 3070 mediam
2659 3014 2917 3070 universi
2944 3014 3239 3086 regionem
3271 3012 3478 3069 sortita
3498 3018 3587 3069 est

1936 3116 2115 3178 seper
2144 3121 2206 3160 se
2239 3121 2453 3176 aquam
2487 3104 2688 3160 statim
2720 3104 2915 3160 habet.
2956 3105 3134 3175 Aquae
3167 3106 3365 3158 autem
3420 3102 3585 3159 locus

1937 3200 2028 3252 est
2059 3211 2336 3262 oceanus,
2370 3194 2429 3249 in
2462 3210 2636 3265 quem
2669 3193 2927 3249 influunt
2979 3209 3148 3265 aqua;
3194 3208 3420 3247 omnes.
3466 3195 3585 3248 Ma-

1935 3285 2094 3341 xima
2123 3300 2257 3340 vero
2291 3283 2480 3339 maria
2503 3288 2639 3339 sunt
2660 3283 2916 3356 primum
2940 3281 3171 3354 quidem
3197 3280 3584 3352 Erythraeum,

1935 3374 2088 3445 quod
2131 3389 2320 3444 usque
2351 3374 2422 3428 ad
2456 3373 2712 3429 Indicam
2746 3376 2965 3428 terram
3001 3376 3057 3427 et
3104 3370 3441 3426 Sinensium
3496 3385 3590 3424 re—

1935 3463 2163 3537 gionem
2194 3465 2250 3517 et
2282 3461 2577 3517 Persidem
2610 3461 2961 3517 extenditur.
3011 3459 3344 3515 Secundum
3387 3462 3588 3514 autem

1934 3551 2081 3608 illud
2115 3554 2205 3606 est
2233 3550 2390 3621 quod
2419 3553 2622 3606 nostra
2652 3550 2711 3607 in
2744 3548 2980 3622 regione
3008 3564 3212 3606 versus
3243 3546 3588 3619 Hispaniam

1934 3642 1995 3698 in
2027 3639 2447 3696 occidentalem
2477 3656 2759 3695 oceanum
2792 3638 3018 3694 incidit.
3041 3632 3301 3693 Tertium
3321 3638 3410 3692 est
3430 3636 3588 3707 quod

1935 3731 2150 3790 dicitur
2178 3731 2457 3804 Magnum
2498 3748 2564 3786 eo
2595 3730 2751 3803 quod
2783 3729 3007 3786 nullam
3035 3727 3296 3785 insulam
3353 3727 3586 3795 habeat,

1937 3822 2213 3896 quodque
2239 3837 2341 3893 per
2378 3822 2591 3877 fretum
2623 3821 2683 3875 in
2724 3823 2990 3876 nostrum
3034 3834 3196 3875 mare
3228 3816 3425 3873 irruit.
3469 3815 3589 3872 οω-

1934 3917 2061 3968 tera
2088 3928 2223 3967 vero
2256 3912 2445 3984 magis
2476 3910 2638 3966 lacus
2670 3917 2812 3966 sunt
2843 3926 3020 3982 quam
3053 3907 3255 3963 maria.
3291 3906 3456 3962 Salsa
3485 3924 3589 3962 au-

1934 4006 2053 4058 tem
2085 4003 2173 4056 est
2203 4017 2357 4072 aqua
2384 4000 2566 4055 maris
2618 3999 2690 4055 ob
2735 4003 3077 4070 sequentem
3129 4013 3391 4053 causam.
3442 3996 3588 4051 Cum

1936 4090 2091 4147 enim
2115 4089 2201 4146 sol
2234 4093 2514 4163 perpetuo
2544 4090 2729 4145 elevet
2757 4090 3064 4145 humorem
3098 4087 3199 4159 qui
3229 4086 3288 4142 in
3339 4103 3405 4143 eo
3445 4086 3590 4142 sub-

1934 4178 2250 4235 tilissimus
2306 4183 2412 4243 est,
2443 4179 2698 4234 crassior
2727 4177 3102 4249 relinquitur,
3147 4180 3205 4231 et
3244 4192 3378 4230 eum
3420 4192 3589 4246 sapo-

1935 4283 2062 4323 rem
2094 4267 2271 4322 habet
2300 4282 2474 4338 quem
2506 4267 2565 4321 in
2600 4267 2817 4322 nostris
2847 4264 3190 4338 corporibus
3233 4263 3588 4335 experimur.

1935 4358 2080 4414 Cum
2114 4355 2267 4410 enim
2303 4371 2516 4427 aquam
2550 4355 2831 4423 bibimus,
2880 4353 3188 4410 subtiliore
3242 4352 3422 4424 hujus
3474 4352 3586 4407 hu-

1937 4460 2099 4501 more
2124 4446 2337 4500 natura
2386 4443 2576 4499 utitur
2633 4443 2704 4499 ad
2763 4442 2949 4499 nostri
2999 4440 3264 4514 corporis
3314 4441 3587 4497 substan-

1931 4536 2093 4605 tiam,
2127 4536 2383 4593 crassior
2412 4553 2546 4593 vero
2578 4536 2643 4591 fit
2673 4535 2846 4591 urina
2877 4551 3005 4607 quae
3047 4537 3105 4589 et
3144 4533 3276 4606 ipsa
3325 4534 3586 4606 gustanti

205 4637 335 4673 νεται
396 4618 577 4695 οὖρον,
643 4615 889 4703 καὶῦἕσαι
950 4618 1040 4674 καὶ
1091 4618 1221 4675 αὐτὸ
1270 4620 1339 4693 τῇ
1389 4617 1567 4694 γεύσει
1600 4616 1822 4676 ἁλυκόν.

1938 4626 2093 4684 salsa
2135 4629 2245 4683 est.
2306 4629 2375 4681 Et
2432 4624 2489 4680 id
2550 4623 2761 4681 divinae
2818 4622 3207 4679 Providentia
3262 4639 3413 4696 opus
3460 4638 3589 4679 esse

207 4707 303 4762 Καὶ
343 4715 497 4766 τοῦτο
533 4717 635 4781 τῆς
693 4709 838 4774 θείας
882 4708 1039 4785 ἔργον
1082 4708 1363 4787 προνοίας.
1412 4706 1478 4765 Εἰ
1508 4708 1583 4781 μὴ
1627 4706 1728 4783 γάρ
1759 4708 1825 4777 ἦν

209 4795 385 4854 ἁλυκὸν
430 4800 492 4855 16
552 4799 847 4864 θαλάσσιον
896 4797 1067 4873 ὕδωρ,
1139 4802 1303 4871 σῆψιν
1372 4796 1432 4852 ἂν
1482 4793 1696 4868 ἐδέξατο
1748 4798 1824 4872 μή

211 4883 336 4959 ῥέον,
396 4891 483 4944 καὶ
548 4886 789 4945 δυσωδία
856 4887 1057 4943 τούτου
1120 4885 1445 4960 ἐξεπέμπετο
1513 4886 1825 4962 ἀναιρετικὴ

207 4976 302 5029 τῶν
343 4978 511 5047 ζώων.
554 4983 713 5033 ’Ἐστι
765 4975 822 5033 δὲ
865 4978 929 5032 τὸ
973 4975 1103 5031 ὅλον
1137 4973 1285 5049 ὕδωρ
1314 4980 1394 5047 τῷ
1426 4971 1571 5049 ὄγκῳ
1597 4981 1698 5044 τῆς
1726 4982 1828 5051 γῆς

211 5069 390 5135 μεῖζονθ
437 5064 589 5143 εἴπερ
655 5065 900 5133 ίσοπαλῆ
938 5067 1029 5120 καὶ
1076 5064 1405 5120 ἱσοτάλαντα
1452 5061 1535 5119 δεῖ
1586 5065 1719 5119 εἶναι
1762 5064 1829 5119 τὰ

207 5162 425 5233 στοιχεῖα
436 5201 449 5215 .

210 5265 266 5325 δ’.
288 5272 405 5349 Περὶ
435 5272 618 5350 ἀέρος,
650 5271 741 5350 καὶ
771 5272 971 5349 πυρὸς,
1002 5272 1320 5350 καὶ-νεφῶν,
1353 5272 1440 5326 καὶ
1494 5270 1683 5343 ὑετῶν,
1737 5271 1827 5326 καὶ

640 5345 949 5421 ἀστραπῶν,
978 5345 1070 5399 καὶ
1104 5345 1365 5420 βροντῶν.

268 5441 365 5511 Ἰῗῃς
393 5440 449 5498 δὲ
475 5450 583 5520 γῆς
630 5440 832 5507 ἄνωθεν
891 5442 983 5498 καὶ
1043 5443 1139 5498 τοῦ
1182 5439 1375 5503 ὕδατός
1438 5439 1578 5496 ἐστιν
1613 5442 1641 5496 6
1700 5442 1827 5517 ἀὴρ,

210 5530 325 5603 πρὸς
344 5534 440 5602 τὴν
482 5537 591 5588 τῶν
624 5534 776 5604 ζώων
820 5531 1071 5589 σύστασιν
1122 5531 1568 5608 ἀναγκαιότατος.
1619 5531 1830 5588 Τούτου

215 5614 267 5673 δὶ
300 5622 492 5688 ἄνωθεν
527 5623 591 5679 16
620 5627 750 5699 πῦρ.
783 5623 897 5700 οὐχ
928 5625 1045 5678 οἷον
1083 5621 1147 5678 τὸ
1177 5623 1469 5699 χρώμενον
1497 5624 1829 5697 παρ’ἠμῶν.

211 5707 375 5767 Mor
408 5717 514 5789 γὰρ
541 5712 697 5793 παχὺ
742 5714 833 5773 καὶ
860 5711 1171 5789 καυστικὸν,
1200 5712 1290 5770 καὶ
1317 5715 1415 5767 τοῦ
1444 5709 1834 5787 στοιχειώδους

1935 4716 2439 4775 animadvertitur.
2470 4714 2591 4771 Nisi
2622 4715 2781 4771 enim
2813 4714 2970 4771 salsa
2996 4718 3151 4770 esset
3179 4729 3334 4786 aqua
3381 4713 3586 4782 maris,

1936 4806 2296 4879 putreﬁeret,
2328 4806 2540 4877 quippe
2571 4821 2698 4876 quae
2733 4821 2845 4860 non
2879 4803 3047 4870 ﬂuat,
3080 4806 3138 4858 et
3171 4818 3238 4857 ex
3268 4818 3336 4857 ea
3357 4802 3587 4857 emitte-

1934 4898 2096 4952 retur
2123 4895 2268 4951 odor
2296 4894 2581 4967 pestilens
2615 4893 2722 4969 qui
2746 4891 3027 4949 animalia
3055 4892 3401 4947 destrueret.
3439 4890 3590 4948 Mole

1937 4987 2133 5040 autem
2167 4983 2436 5039 universa
2466 5000 2621 5055 aqua
2650 4987 2741 5038 est
2771 4986 2940 5037 terra).
2956 4979 3347 5053 amplitudine
3370 4980 3587 5054 major;

1935 5075 2162 5146 oportet
2190 5070 2347 5128 enim
2381 5077 2446 5129 ut
2474 5072 2767 5129 elementa
2796 5071 3019 5129 viribus
3051 5067 3217 5142 paria
3247 5071 3305 5124 et
3334 5069 3590 5140 pondere

1937 5160 2185 5234 (equalia
2213 5161 2354 5218 sint.

1938 5278 1995 5335 4.
2037 5281 2120 5334 De
2172 5294 2317 5349 aere,
2382 5278 2528 5350 igne,
2585 5277 2825 5404 nubibus
2873 5275 3192 5353 fulguribus
3249 5278 3302 5329 et
3357 5272 3587 5328 tonitri-

2734 5366 2818 5404 us.

2734 5366 2818 5404 us.

2008 5450 2195 5519 Supra
2222 5451 2440 5503 terram
2472 5450 2527 5503 et
2557 5463 2773 5519 aquam
2805 5449 2894 5502 est
2924 5461 3042 5514 aer,
3093 5442 3162 5499 ad
3192 5440 3587 5498 animantium

1940 5537 2419 5594 constitutionem
2454 5539 2707 5594 maxime
2736 5534 3126 5593 necessarius.
3161 5535 3352 5606 Supra
3390 5548 3585 5587 aerem

1939 5643 2076 5683 vero
2107 5627 2280 5700 ignis,
2315 5645 2428 5684 non
2460 5629 2510 5685 ei
2559 5646 2675 5700 quo
2733 5627 2955 5684 utimur
3000 5623 3227 5682 similis.
3278 5623 3381 5679 Hie
3427 5621 3583 5678 enim

1943 5732 2179 5774 crassus
2209 5720 2266 5772 et
2291 5716 2408 5773 vim
2439 5717 2665 5774 habens
2698 5716 2903 5774 urendi
2936 5719 2992 5771 et
3022 5715 3217 5788 ignem
3266 5711 3582 5769 elementa-
