3966 6216
336 351 449 413 791

1680 346 2024 408 MlCHAEL
2102 361 2150 449 Ι

3642 347 3770 406 792

342 488 497 545 rium
528 486 611 543 ita
641 483 867 542 excedit
898 487 964 539 ut
993 483 1306 555 crystallus
1339 498 1502 554 aquas
1534 482 1867 537 humorem.
1893 480 1995 537 Ille

2120 488 2276 554 πυρὸς
2341 488 2453 537 οἷον
2508 477 2813 558 ὑπερϐολὴ,
2863 482 3105 551 καθάπερ
3149 481 3176 533 ὁ
3219 476 3563 555 κρύσταλλος
3596 477 3769 553 ὑπερ-

347 583 543 634 autem
575 575 813 632 subtilis
846 580 903 629 et
922 579 1245 645 temperato
1268 573 1458 628 calore
1481 573 1783 643 praeditus,
1808 588 1998 642 neque

348 673 576 729 urente,
601 666 760 720 illius
782 664 961 718 simili
992 666 1090 735 qui
1117 664 1284 718 nobis
1317 667 1405 716 est
1447 662 1765 733 ingenitus.
1800 661 1998 716 Nubes

347 773 481 813 vero
504 757 889 810 etformantur
930 769 997 807 ex
1029 758 1182 806 terra
1213 757 1269 806 et
1300 752 1467 813 mari.
1499 752 1813 820 vaporibus
1864 768 1997 804 sur-

350 862 480 901 sum
515 845 657 899 solis
683 844 887 897 ardore
919 842 1191 907 sublatis,
1228 842 1284 894 in
1332 840 1467 896 altis
1517 840 1856 909 regionibus
1896 839 1997 894 ha-

350 952 478 991 rum
507 934 737 1005 frigoris
765 948 942 987 causa
974 931 1237 986 densatis
1267 936 1323 985 et
1352 934 1411 984 in
1446 948 1653 1001 aquam
1686 929 1997 985 conversis.

347 1024 713 1079 Adduhitant
739 1038 873 1076 vero
930 1020 1204 1075 nonnulli
1262 1021 1553 1091 quomodo
1605 1020 1827 1091 frigidae
1884 1020 2002 1073 sint

346 1115 434 1170 hze
481 1117 673 1184 partes
722 1109 1079 1181 superiores,
1130 1111 1399 1180 quamvis
1454 1108 1561 1163 soli
1618 1108 2000 1179 proximiores

349 1202 486 1256 sint.
521 1201 821 1271 Oporteret
851 1198 1007 1253 enim
1058 1202 1126 1251 ut
1175 1204 1410 1269 propter
1458 1197 1599 1252 solis
1641 1198 1998 1252 vicinitatem

349 1293 468 1347 sint
499 1291 719 1346 calidas.
754 1291 822 1344 Et
867 1290 1119 1344 dicimus
1162 1289 1345 1343 solem
1388 1290 1584 1360 ipsum
1636 1306 1737 1359 per
1775 1304 1838 1343 se
1887 1304 2001 1341 non

348 1398 475 1436 esse
498 1380 950 1444 calidissimum,
980 1384 1044 1432 ut
1066 1379 1301 1447 quidam
1328 1378 1643 1448 Opinantur
1667 1397 1678 1445 ;
1706 1378 1805 1433 sed
1834 1377 1882 1431 is
1908 1393 2001 1431 ca-

348 1470 436 1525 lor
464 1487 639 1541 quem
674 1469 767 1523 hic
807 1468 1118 1533 sentimus,
1157 1485 1256 1537 per
1286 1470 1416 1537 ejus
1443 1468 1744 1523 radiorum
1780 1466 1851 1520 ad
1886 1472 2002 1520 ter-

349 1577 475 1615 ram
502 1557 873 1614 reflexionem
900 1558 1262 1628 producitur.
1286 1562 1357 1611 Et
1379 1557 1487 1611 hoc
1515 1557 1891 1611 manifestum
1915 1560 2004 1609 est

351 1666 420 1703 ex
468 1648 861 1703 maximorum
911 1645 1203 1701 montium
1265 1645 1604 1702 verticibus.
1664 1645 1781 1699 Soli
1842 1643 1998 1699 enim

351 1736 683 1809 vieiniores,
738 1734 1069 1805 frigidiores
1119 1739 1257 1789 sunt
1310 1751 1487 1805 quam
1539 1735 1698 1806 regio
1738 1733 1996 1787 inferior.

2109 567 2251 641 60λή
2304 572 2655 647 ψυχρότητος
2703 569 2915 633 ὕδατος·
2963 571 3136 625 ἐκεῖνο
3178 567 3235 624 δὶ
3285 567 3639 642 λεπτομερὲς,
3674 567 3769 621 καὶ

2110 658 2366 735 εὔκρατον
2430 663 2528 729 τήν
2591 661 2899 736 θερμότητα
2966 657 3120 737 ἔχον,
3191 658 3282 714 καὶ
3339 658 3400 712 ού
3447 658 3771 727 καυστικὸν,

2108 751 2347 825 καθάπερ
2424 750 2513 805 καὶ
2580 751 2642 805 τὸ
2711 749 2763 804 ἐν
2840 752 2967 823 ὑμῖν
3038 747 3275 826 ἔμφυτον
3319 746 3540 823 θερμόν.
3587 748 3667 799 Τά
3714 743 3771 799 δὲ

2108 840 2241 917 νέφη
2297 842 2636 894 συνίστανται
2688 839 2793 894 ἀπὸ
2820 846 2923 908 τῆς
2953 846 3053 915 γῆς
3102 838 3191 893 καὶ
3242 837 3542 905 θαλάσσης,
3576 835 3766 907 ἀτμῶν

2110 928 2459 1002 ἀναγομένων
2514 930 2615 983 ὑπὸ
2658 936 2758 997 τῆς
2796 933 2893 983 τοῦ
2948 927 3116 997 ἡλίου
3164 926 3524 1002 θερμότητος,
3569 925 3662 978 καὶ
3716 923 3765 978 ἐν

2109 1024 2189 1090 τῷ
2237 1016 2346 1072 ἅνω
2396 1018 2549 1090 τόπῳ
2598 1020 2983 1091 πυκνουμένων
3032 1015 3121 1071 διὰ
3165 1018 3264 1084 τὴν
3321 1015 3492 1070 ἐκεῖσε
3559 1013 3768 1089 ψυχρό-

2109 1129 2267 1177 τητα,
2319 1108 2407 1162 καὶ
2458 1108 2531 1169 εἷς
2594 1105 2739 1181 ὕδωρ
2791 1106 3232 1180 ἀλλοιουμένων.
3284 1108 3655 1179 Ἐπαποροῦσι
3715 1102 3767 1157 δέ

2109 1216 2273 1265 τινες,
2306 1202 2422 1259 πῶς
2457 1198 2557 1251 εἰσι
2591 1198 2777 1272 ψυχρὰ
2804 1198 2870 1251 τά
2914 1196 3024 1251 ἅνω
3061 1196 3222 1271 μέρη,
3261 1193 3473 1269 μᾶλλον
3504 1198 3584 1264 τῷ
3616 1192 3765 1263 ἡλίῳ

2111 1286 2559 1361 προσεγγίζοντα⁶
2625 1284 2731 1339 ἔδει
2780 1288 2881 1362 γὰρ
2912 1291 3078 1340 ταῦτα
3128 1286 3299 1360 θερμά
3348 1285 3481 1337 εἶναι
3531 1281 3621 1336 διὰ
3670 1284 3763 1349 Ἳῆν

2111 1376 2247 1449 πρὸς
2291 1377 2384 1430 τὸν
2433 1375 2598 1444 ἥλιον
2651 1374 2919 1451 ἆγγύτητα
2994 1376 3092 1429 Καὶ
3148 1395 3339 1451 φαμεν,
3396 1372 3481 1426 ὅτι
3531 1373 3560 1425 ὁ
3607 1369 3764 1438 ἥλιος

2113 1464 2271 1526 αὐτὸς
2326 1466 2444 1527 καθ’
2497 1464 2681 1519 ἑαυτὸν
2744 1464 2809 1517 οὐ
2869 1463 3205 1537 θερμότατος
3266 1462 3437 1529 ἐστιν,
3501 1462 3576 1522 ὥς
3626 1480 3760 1520 τινες

2114 1550 2616 1627 ὑπολαμϐάνουσιν,
2651 1551 2776 1609 ἀλλ’
2830 1555 2863 1623 ἠ
2918 1552 3190 1628 θερμότης
3238 1551 3462 1614 ἐνταῦθα
3520 1550 3763 1626 ἐμῳαὲνε-

2107 1666 2194 1701 ται
2248 1641 2336 1698 διὰ
2382 1646 2480 1713 τὴν
2539 1648 2644 1698 τῶν
2699 1643 2927 1697 ἀκτίνων
2986 1642 3152 1697 αὑτοῦ
3212 1643 3349 1717 πρὸς
3375 1644 3478 1711 τὴν
3509 1648 3615 1715 γῆν
3648 1640 3760 1693 ἀντ-

2110 1730 2422 1788 ανάκλασιν·
2482 1733 2571 1788 καὶ
2621 1737 2783 1788 τοῦτο
2836 1730 3007 1802 δῆλον
3048 1731 3108 1787 ἐκ
3153 1737 3260 1787 τῶν
3305 1731 3623 1806 ἀκρωρειῶν
3650 1734 3753 1783 τῶν

349 1824 550 1880 Pluvia
578 1841 711 1879 vero
744 1823 1057 1877 maximam
1092 1824 1259 1878 offert
1291 1823 1743 1879 similitudinem
1768 1839 1901 1878 cum
1932 1838 1998 1876 eo

2120 1822 2378 1898 μεγίστων
2459 1823 2638 1896 ὁρῶν·
2721 1820 3005 1896 ἐγγύτεραι
3086 1821 3188 1896 γὰρ
3262 1818 3412 1874 οὖσαι
3474 1820 3615 1891 πρὸς
3666 1819 3749 1871 τὸν

2120 1911 2167 1929 '7‘.
2345 1915 2354 1929 I
2499 1910 2511 1929 Ι
2738 1915 2759 1925 υ
2884 1912 2893 1926 ι
2988 1910 3033 1929 ..Ι
3147 1909 3160 1929 9
3379 1914 3403 1923 ε·
3505 1911 3557 1929 Il
3582 1906 3623 1929 ’Ὗ
3678 1928 3749 1929 κάη

347 1929 559 1985 vapore
588 1913 689 1983 qui
710 1928 777 1965 ex
800 1912 969 1983 aquis
989 1913 1043 1965 in
1072 1911 1359 1968 lebetibus
1391 1912 1687 1968 calefactis
1716 1912 1992 1968 efﬁcitur.

346 2002 406 2057 Si
438 2001 574 2073 quis
606 2000 763 2055 enim
796 2016 893 2055 eos
925 2000 1199 2071 operculo
1232 2001 1487 2068 claudat,
1522 2001 1788 2057 ascendit
1815 2008 1997 2071 vapor

346 2093 416 2145 ad
449 2107 665 2161 corpus
697 2089 988 2161 operiens,
1024 2090 1079 2143 in
1114 2106 1296 2162 eoque
1327 2090 1628 2159 densatur,
1657 2090 1723 2144 ﬁt
1753 2106 1901 2159 aqua
1939 2093 1996 2143 et

344 2197 580 2236 rursum
612 2179 672 2233 in
705 2178 953 2234 lebetem
986 2179 1207 2234 defluit.
1241 2179 1348 2234 Nix
1378 2184 1573 2235 autem
1599 2196 1712 2235 non
1733 2183 1821 2235 est
1842 2195 1995 2249 aqua

342 2268 670 2339 congelata,
705 2269 802 2323 sed
836 2284 903 2322 ex
930 2269 1085 2323 nube
1127 2267 1369 2323 humida
1416 2267 1600 2324 oritur
1648 2285 1776 2340 qua:
1830 2271 1992 2323 ante-

347 2377 524 2431 quam
561 2374 794 2428 prorsus
843 2358 902 2411 in
949 2375 1164 2428 aquam
1214 2362 1495 2428 vertatur,
1553 2359 1894 2429 congelatur
1940 2361 1997 2411 et

340 2449 576 2514 decidit,
611 2452 668 2501 et
704 2447 922 2502 idcirco
958 2448 1269 2517 fungosam
1320 2452 1378 2502 et
1427 2452 1660 2502 tenuem
1705 2445 1995 2517 composi-

341 2540 562 2594 tionem
595 2537 791 2592 habet.
841 2538 1070 2591 Grando
1128 2553 1262 2591 vero
1324 2539 1611 2592 formatur
1660 2553 1793 2591 cum
1844 2552 1998 2605 aqua

344 2626 710 2697 congelatur,
734 2625 1084 2695 priusquam
1113 2626 1167 2679 in
1196 2631 1413 2680 terram
1430 2626 1730 2680 deciderit.
1758 2625 1815 2679 Si
1838 2626 1994 2679 enim

344 2714 613 2788 procula
644 2723 795 2768 terra
852 2714 953 2768 ﬁat
980 2712 1330 2783 congelatio,
1386 2713 1602 2768 decidit
1651 2713 1995 2783 sphaericam

346 2803 599 2875 speciem
634 2801 919 2873 praebens,
953 2801 1164 2856 solutis
1197 2801 1396 2872 magni
1428 2802 1716 2857 intervalli
1775 2802 1997 2857 ratione

349 2894 477 2961 ejus
503 2890 1018 2955 extremitatibus;
1042 2890 1089 2945 si
1115 2895 1311 2945 autem
1342 2908 1519 2962 prope
1540 2897 1753 2946 terram
1783 2908 1996 2963 conge-

350 2982 526 3050 letur,
550 2979 769 3035 decidit
791 2979 1052 3034 diversas
1088 2979 1311 3034 habens
1341 2981 1561 3052 ﬁguras
1597 2986 1653 3034 et
1683 2980 1871 3035 varias
1903 2996 1997 3034 ex-

349 3071 695 3126 tremitates.
722 3070 784 3124 In
807 3086 936 3123 aere
958 3070 1079 3123 haec
1102 3070 1299 3123 omnia
1322 3070 1493 3136 ﬁunt,
1537 3070 1745 3135 nubes,
1780 3069 1996 3141 pluvia,

349 3160 472 3224 nix,
506 3160 747 3230 grando.
782 3158 1008 3213 Similia
1039 3162 1235 3213 autem
1286 3159 1404 3215 illis
1450 3159 1777 3214 formantur
1822 3177 2001 3231 prope

2106 1911 2289 1983 ἥλιον,
2332 1910 2665 1987 ψυχρότεραι
2695 1915 2803 1964 τῶν
2831 1910 3069 1973 κάτωθέν
3119 1909 3221 1964 εἱσι
3269 1914 3469 1985 μερῶν.
3505 1906 3753 1965 Μάλιστα

2105 1999 2163 2056 δὶ
2204 1998 2349 2055 ἔοικε
2377 2002 2439 2055 τὸ
2482 2005 2590 2055 τῶν
2640 2001 2803 2055 ὑετῶν
2852 1998 2931 2072 τῷ
2978 1998 3249 2074 γινομένῳ
3296 1998 3452 2061 πάθει
3501 1997 3591 2051 ἐπὶ
3639 1996 3740 2051 τῶν

2104 2090 2544 2165 θερμαινομένων
2634 2087 2840 2144 ὑδάτων
2914 2088 2967 2143 ἐν
3034 2094 3151 2152 τοῖς
3216 2083 3463 2158 λέϐησιν·
3533 2087 3581 2140 εἰ
3649 2087 3743 2161 γάρ

2104 2178 2362 2253 έπίπωμα
2412 2183 2564 2249 θήσει
2605 2200 2689 2241 τις
2746 2178 2985 2247 τούτοις,
3039 2177 3319 2253 ἀνέρχεται
3365 2178 3391 2230 ὁ
3440 2176 3614 2249 ἀτμὸς
3665 2174 3749 2228 ἐπὶ

2102 2270 2165 2323 τὸ
2238 2267 2514 2324 καλύπτον
2591 2273 2769 2341 σῶμα,
2848 2268 2936 2322 καὶ
3016 2265 3342 2333 συνίσταται,
3402 2264 3490 2319 καὶ
3550 2263 3751 2339 γίνεται

2105 2356 2273 2430 ὕδωρ,
2334 2358 2422 2412 καὶ
2484 2356 2632 2419 αὖθις
2690 2356 2947 2432 καταῤῥεῖ
3012 2355 3099 2411 ἐπὶ
3156 2356 3246 2410 τὸν
3294 2349 3524 2423 λέϐητα.
3574 2354 3641 2409 Ἢ
3702 2350 3755 2406 δὶ

2105 2448 2248 2522 χιὼν
2296 2447 2402 2523 οὐχ
2432 2445 2575 2521 ὕδωρ
2625 2446 2735 2500 ἐστὶ
2794 2446 3065 2521 πεπηγὸς,
3119 2443 3263 2499 ἀλλὰ
3291 2444 3542 2519 [γίνεται]
3574 2444 3759 2519 νέφους

2104 2537 2396 2611 καθύγρου,
2472 2536 2598 2611 πρὶν
2668 2536 2874 2590 τέκειον
2954 2535 3027 2597 εἰς
3099 2532 3245 2608 ὕδωρ
3318 2527 3749 2606 μεταϐληθῆναι,

2105 2627 2455 2699 πηγνυμένου
2505 2626 2597 2679 καὶ
2644 2623 3074 2700 κατερχομένου.
3123 2624 3217 2678 Καὶ
3266 2620 3355 2676 διὰ
3382 2626 3545 2675 τοῦτο
3580 2621 3755 2696 χαύνη

2106 2715 2217 2771 ἐστὶ
2262 2716 2360 2783 τήν
2412 2714 2674 2769 σύστασιν
2737 2716 2823 2769 καὶ
2896 2715 3078 2789 ἀραιά.
3125 2714 3189 2770 Ἣ
3240 2709 3296 2767 δὲ
3344 2709 3564 2787 χάλαζα
3617 2710 3755 2786 γίνεο

2104 2825 2213 2874 ται,
2265 2802 2355 2858 ὅτε
2387 2804 2414 2857 ὁ
2470 2804 2643 2874 ὑετὸς,
2698 2803 2823 2879 πρὶν
2888 2803 2974 2857 ἐπὶ
3026 2804 3125 2870 τὴν
3175 2808 3275 2878 γῆν
3335 2800 3616 2866 κατέλθοι,
3670 2798 3756 2853 καὶ

2106 2896 2271 2970 παγῇ.
2342 2894 2437 2947 Καὶ
2496 2892 2541 2947 εἷ
2603 2893 2697 2966 μὶν
2756 2892 3037 2969 πόῥρῶθεν
3094 2898 3194 2961 τῆς
3224 2891 3582 2966 γῆςὴπῆξις
3610 2890 3759 2964 γένη-

2108 3005 2219 3055 ται,
2264 2981 2585 3058 κατέρχεται
2632 2983 2693 3036 τὸ
2744 2989 2937 3058 σχῆμα
2986 2979 3361 3058 σφαιροειδής,
3422 2977 3510 3033 διὰ
3541 2977 3757 3032 πολλοῦ

2108 3076 2204 3127 τοῦ
2256 3072 2624 3145 διαστήματος
2664 3076 2760 3126 τοῦ
2792 3072 2845 3126 ἐν
2871 3077 2950 3143 τῷ
3007 3072 3153 3145 μέσῳ
3202 3068 3593 3142 ἀναλυομὲνων
3652 3066 3755 3121 τῶν

2107 3162 2308 3231 ταύσης
2368 3160 2592 3236 έξοχῶν·
2654 3161 2697 3215 εί
2758 3158 2814 3215 δὲ
2864 3160 3099 3231 πλησίον
3158 3162 3303 3232 παγῇ
3336 3165 3434 3226 τῆς
3481 3150 3759 3231 γῆςξκατ-

347 3254 564 3303 terram
599 3265 611 3313 ;
648 3246 789 3301 nubi
831 3247 1066 3317 quidem
1099 3246 1311 3302 similis
1343 3247 1575 3313 nebula,
1624 3248 1829 3320 pluviaa
1884 3265 1996 3316 ros,

2120 3250 2328 3326 ἔρχεται
2379 3248 2933 3324 ἑτεροσχημάτιστος,
2989 3247 3078 3303 καὶ
3113 3245 3405 3323 διαφόρους
3440 3244 3645 3321 ἔχουσα
3673 3246 3763 3304 τὰς

350 3337 467 3393 nivi
501 3337 730 3407 pruina.
764 3336 1036 3407 grandini
1067 3351 1204 3391 vero
1229 3336 1467 3406 glacies.
1505 3338 1759 3408 Fulgura
1802 3344 1998 3394 autem

350 3432 406 3483 et
428 3426 688 3481 tonitrua
719 3426 978 3480 nubibus
1014 3425 1163 3479 inter
1196 3441 1257 3479 se
1289 3425 1663 3497 pulsantibus
1712 3444 1829 3483 non
1874 3429 2000 3484 efﬁ-

353 3516 610 3581 ciuntur,
638 3515 738 3568 sed
765 3513 1003 3584 quando
1023 3517 1232 3567 ventus
1247 3514 1472 3569 calidus
1487 3531 1585 3570 eas
1608 3515 2003 3588 oircumdans,

355 3605 499 3659 dum
522 3604 662 3673 ipsas
686 3602 1012 3657 densantur
1033 3606 1089 3656 et
1114 3602 1557 3671 refrigerantur,
1574 3607 2004 3675 peroppositio-

358 3709 491 3747 nem
519 3692 943 3746 inflammatur.
968 3690 1159 3745 Altero
1198 3692 1352 3746 enim
1393 3700 1730 3763 superante,
1763 3694 2007 3749 alterum

360 3781 608 3851 aufugit.
644 3780 763 3835 Etsi
797 3779 951 3835 enim
984 3796 1218 3835 sursum
1250 3780 1403 3851 ignis
1435 3782 1636 3849 fertur,
1678 3788 1872 3838 tamen
1906 3784 2007 3837 fri-

360 3886 498 3942 gore
528 3869 681 3939 quod
710 3884 951 3924 sursum
985 3874 1074 3923 est
1099 3874 1337 3923 coactus
1359 3876 1416 3924 et
1445 3870 1690 3925 nubium
1718 3872 2008 3926 densitate

361 3960 430 4014 ad
464 3958 743 4013 inferiora
768 3957 976 4012 tendit.
1002 3957 1060 4011 Si
1086 3962 1283 4013 autem
1314 3976 1529 4029 parvus
1560 3966 1617 4014 et
1644 3962 1783 4015 levis
1806 3961 1882 4016 sit
1913 3979 2005 4016 ca-

360 4048 468 4117 lor,
494 4047 685 4103 solum
719 4046 917 4118 fulgur
947 4052 1003 4101 et
1038 4047 1257 4101 tonitru
1291 4049 1512 4117 efﬁcit;
1548 4050 1595 4104 si
1630 4055 1826 4105 autem
1857 4051 2007 4105 mul-

362 4145 459 4193 tus
490 4142 548 4194 et
576 4138 815 4207 ardens,
850 4137 1096 4192 t'ulmen.
1130 4137 1305 4193 Porro
1331 4139 1527 4210 fulgur
1555 4142 1826 4210 praecedit
1856 4143 2010 4196 toni—

361 4233 479 4297 tru,
515 4227 785 4298 quamvis
842 4227 1245 4297 producantur
1296 4228 1494 4297 simul,
1546 4233 1618 4285 ob
1667 4237 2011 4302 sequentem

364 4333 622 4373 causam.
658 4315 850 4381 Visus,
884 4316 983 4387 qui
1016 4333 1299 4372 sensuum
1335 4319 1559 4388 primus
1589 4327 1698 4390 est,
1746 4322 2014 4391 protinus

364 4406 523 4461 videt
551 4406 710 4476 quod
734 4405 962 4460 visibile
992 4411 1115 4473 est;
1164 4408 1403 4462 auditus
1434 4414 1629 4463 autem
1684 4416 1816 4481 post
1862 4418 2013 4466 tem-

369 4512 479 4567 pus
511 4496 666 4566 quod
698 4495 955 4551 audibile
984 4501 1074 4551 est
1103 4498 1367 4568 percipit.
1402 4499 1830 4572 PrOptereaque
1852 4502 2015 4573 prius

2112 3339 2324 3414 ἐξοχάς.
2386 3340 2490 3395 Καὶ
2551 3339 2602 3393 έν
2668 3340 2762 3412 μὲν
2822 3342 2900 3408 τῷ
2932 3337 3045 3411 ἀέρι
3092 3337 3333 3410 γίνονται
3364 3340 3556 3406 ταῦτα,
3588 3337 3766 3411 νέφος,

2117 3430 2289 3497 ὑετὸς,
2350 3430 2514 3503 χιὼν,
2569 3427 2804 3503 χάλαζω
2864 3427 3031 3500 ὅμοια
3088 3424 3145 3481 δὲ
3199 3424 3419 3487 τούτοις
3448 3425 3653 3499 γίνεται
3680 3424 3765 3477 καὶ

2112 3519 2247 3593 πρὸς
2276 3522 2344 3590 τῇ
2376 3522 2471 3591 γῇ,
2520 3522 2599 3588 τῷ
2656 3516 2749 3587 μὶν
2798 3516 2943 3595 νέφει
2990 3515 3259 3590 ἀνάλογον
3294 3517 3375 3589 [ἡ]
3406 3512 3658 3589 ὀμίχλη,
3688 3517 3768 3584 τῷ

2115 3606 2172 3662 δὲ
2206 3609 2341 3679 δίτῷ
2374 3610 2407 3677 ἦ
2441 3606 2657 3683 δρόσος,
2687 3610 2757 3679 τῇ
2788 3604 2843 3661 δὲ
2872 3608 3021 3681 χιόνι
3050 3609 3086 3677 ἡ
3117 3607 3329 3681 πάχνη,
3359 3609 3429 3678 τῇ
3462 3603 3519 3659 δί
3550 3604 3771 3679 χαλάζῃ

2117 3700 2144 3753 ὁ
2192 3695 2558 3772 κρύσταλλος.
2608 3698 2682 3754 Αἱ
2742 3696 2797 3751 δὲ
2842 3697 3105 3772 ἀστραπαὶ
3154 3697 3243 3750 καὶ
3291 3697 3345 3749 αἱ
3391 3695 3615 3769 βρονταὶ
3673 3694 3772 3747 οὐκ

2118 3785 2506 3842 ἀποτελοῦνται
2568 3787 3011 3860 συγκρουομένων
3074 3783 3349 3855 ἀλλήλοις
3404 3788 3512 3837 τῶν
3572 3787 3770 3860 νεφῶν,

2116 3875 2243 3931 ἀλλ’
2292 3872 2379 3930 ὅτε
2430 3875 2643 3937 τούτοις
2691 3876 2889 3950 θερμὸν
2956 3879 3169 3947 πνεῦμα
3237 3874 3586 3948 περισχεθὶν,
3666 3876 3771 3924 τῶν

2116 3970 2287 4043 νεφῶν
2348 3964 2803 4037 συμπιλουμένων
2853 3965 2942 4019 καὶ
2992 3964 3343 4040 ψυχομὲνων,
3378 3960 3467 4017 διὰ
3494 3964 3600 4031 τήν
3634 3960 3780 4016 ἐναν-

2765 4052 3222 4129 Ἐπικρατοῦντος
3292 4054 3397 4127 γάρ
3469 4056 3570 4105 τοῦ
3634 4050 3783 4105 ἐναν-

2118 4145 2259 4212 τίου,
2314 4144 2376 4198 τὸ
2428 4143 2664 4198 ἐναντίον
2719 4143 2982 4221 ἐκφεύγει’
3042 4144 3087 4197 εἰ
3136 4144 3238 4217 γάρ
3295 4143 3383 4196 καὶ
3449 4141 3537 4195 ἐπὶ
3569 4162 3643 4195 τα
3674 4144 3784 4195 ἀνω

2122 4228 2260 4289 ἔστιν
2320 4236 2354 4302 ἡ
2413 4237 2510 4286 τοῦ
2568 4232 2735 4307 πυρὸς
2793 4234 2953 4309 φορὰ,
3014 4232 3141 4287 ἀλλ’
3188 4228 3279 4285 οὖν
3314 4227 3649 4307 βιαζόμενον
3682 4230 3785 4284 ὑπὸ

2121 4330 2221 4392 τῆς
2280 4320 2390 4377 ἅνω
2448 4322 2655 4396 ψύξεως
2713 4322 2802 4376 καὶ
2858 4329 2957 4391 τῆς
3013 4319 3121 4376 τῶν
3171 4324 3345 4399 νεφῶν
3415 4322 3786 4389 πυκνότητος,

2125 4411 2484 4467 ἐκτινάσσεται
2544 4408 2631 4465 ἐπὶ
2687 4412 2754 4465 τὰ
2809 4409 3045 4465 κάτωθεν
3080 4427 3093 4441 ο
3169 4409 3259 4463 καὶ
3323 4408 3369 4462 εἰ
3433 4409 3529 4479 μὲν
3592 4406 3785 4481 ὀλίγον

2126 4500 2235 4555 ἐστὶ
2290 4500 2378 4553 καὶ
2435 4497 2600 4567 ἤπιον
2663 4501 2767 4573 [τὸ]
2798 4500 3016 4571 θερμὸν,
3049 4503 3197 4552 ποιεῖ
3241 4497 3415 4570 μόνην
3446 4498 3549 4565 τὴν
3586 4500 3789 4570 ἀστρα-

2117 4055 2301 4110 τίωσιν
2364 4054 2685 4130 ἐκπυριαθῇ.

369 4583 637 4637 videmus
697 4583 914 4653 fulgur,
975 4584 1188 4641 deinde
1245 4603 1378 4642 vero
1434 4590 1654 4643 tonitru
1714 4591 2007 4645 audimus.

2126 4593 2230 4659 πὴν
2280 4592 2418 4663 ὁμου
2467 4589 2555 4643 καὶ
2610 4590 2861 4665 βροντήν·
2912 4590 2957 4643 εἷ
2998 4586 3054 4643 δὲ
3110 4586 3255 4642 πολὺ
3298 4586 3387 4641 καὶ
3417 4587 3788 4661 θερμότατον,

369 4671 513 4727 Visu
535 4678 731 4727 autem
756 4673 1022 4728 auditum
1048 4678 1305 4744 praestari
1340 4676 1429 4731 vel
1452 4694 1517 4732 ex
1564 4695 1629 4733 eo
1662 4685 1815 4748 patet
1859 4681 2007 4749 quod

2126 4680 2333 4754 γίνεται
2398 4678 2675 4753 κεραυνός.
2758 4682 3079 4754 ιιροηγεῖται
3156 4675 3212 4731 δὶ
3266 4680 3301 4746 ἡ
3360 4677 3621 4751 ἀστραπὴ
3692 4684 3789 4743 τῆς

370 4764 429 4817 ἱη
464 4762 846 4832 remigatione
876 4780 1067 4818 remos
1113 4782 1325 4835 aquam
1381 4766 1682 4837 pulsantes
1730 4768 2007 4838 videmus1

2130 4770 2384 4844 βροντῆς,
2436 4765 2548 4840 ἅμα
2590 4768 2757 4841 ταύτῃ
2805 4766 3097 4842 γενομένη,
3154 4764 3240 4820 διὰ
3284 4766 3550 4835 τοιαύτην
3585 4766 3787 4820 uitia».

372 4858 429 4908 ct
460 4858 663 4925 postea
710 4853 969 4909 sonitum
1017 4872 1084 4910 ex
1137 4858 1467 4927 pulsatione
1519 4860 1803 4915 emissum
1850 4862 2007 4915 audi-

2126 4861 2188 4913 Ἠ
2241 4854 2387 4931 ὄψις,
2422 4859 2613 4931 πρώτη
2664 4862 2771 4911 τῶν
2831 4857 3131 4926 αἰσθήσεων
3180 4854 3334 4924 οὖσα,
3373 4855 3644 4929 ἀχρὸνως
3696 4857 3792 4930 δρᾷ

376 4958 531 4997 mliﬁ-
2127 4947 2188 5000 τὸ
2243 4947 2458 5019 ὁρατὸν,
2517 4949 2551 5015 ἡ
2612 4943 2669 5000 δὲ
2724 4946 2859 5013 ἀκοὴ
2920 4943 3009 5000 διὰ
3064 4944 3266 5020 χρόνου
3321 4943 3639 4998 αῗσθάνεται
3694 4942 3793 4997 τοῦ

370 5028 656 5082 ἀκοῦστοῦο
689 5027 777 5082 καὶ
812 5025 901 5083 διὰ
929 5029 1088 5084 τοῦτο
1116 5035 1330 5101 πρῶτον
1360 5033 1574 5105 ὁρῶμεν
1608 5034 1667 5087 τὸ
1698 5041 1797 5102 τῆς
1826 5033 2103 5108 ἀστραπῆς
2137 5039 2269 5112 φῶς,
2305 5036 2417 5089 εἶτα
2447 5033 2716 5106 ἀκούομεν
2748 5041 2848 5104 τῆς
2880 5035 3132 5110 βροντῆς.
3179 5035 3301 5091 ’Ὁτι
3354 5030 3413 5087 δὶ
3456 5038 3795 5107 προηγεῖται

369 5120 402 5186 ἡ
431 5114 555 5191 ὄψις
582 5124 681 5187 τῆς
710 5117 903 5187 ἀκοῆσ,
934 5116 1101 5187 δῆλον
1138 5121 1225 5173 καὶ
1258 5120 1316 5175 ἐκ
1345 5126 1439 5175 τοῦ
1472 5124 1597 5197 ὁρᾷν
1636 5126 1783 5197 ἡμᾶς
1813 5124 1862 5179 ἐν
1894 5130 2014 5185 ταῖς
2045 5123 2425 5195 κωπηλασίαις
2456 5126 2549 5185 τὰς
2581 5126 2769 5187 κώπας
2819 5125 2881 5178 τὸ
2930 5122 3074 5197 ὕδωρ
3124 5122 3451 5190 τυπτούσας,
3492 5124 3596 5176 καὶ
3663 5124 3793 5193 μετᾶ

365 5211 526 5261 τοῦτο
553 5206 821 5280 ἀκούομεν
852 5211 948 5261 τοῦ
981 5204 1186 5262 δούπου
1217 5214 1314 5263 τοῦ
1346 5210 1403 5264 ἐκ
1434 5210 1631 5269 αὐτῶν.

2126 4680 2333 4755 γίνεται
2398 4678 2675 4753 κεραυνός.

866 5322 922 5373 5.
951 5324 1031 5374 De
1059 5329 1226 5377 terra:
1255 5324 1518 5377 motibus.

442 5423 523 5478 Ne
548 5424 738 5480 simus
761 5442 945 5480 causae
971 5442 1101 5496 qua:
1133 5432 1298 5481 terra:
1334 5432 1530 5483 motus
1570 5427 1771 5497 efﬁcit,
1805 5428 2016 5499 ignari,

371 5512 676 5568 sciendum
711 5519 896 5569 estex
939 5520 1094 5569 terra
1136 5514 1413 5571 calefacta
1452 5516 1637 5571 emitti
1692 5534 1932 5589 vapores
1963 5522 2019 5573 et

375 5601 789 5658 exhalationes.
833 5603 1027 5675 Vapor
1065 5610 1260 5661 autem
1303 5611 1391 5660 est
1438 5604 1717 5661 humidus
1758 5607 2017 5663 medius-

376 5708 490 5764 que
521 5691 673 5749 inter
701 5708 914 5765 aquam
948 5697 1006 5749 et
1032 5698 1271 5767 terram,
1313 5695 1603 5753 exhalatio
1630 5712 1762 5753 vero
1794 5704 1879 5754 est
1925 5713 2016 5753 ca-

2698 5330 2753 5380 ε’.
2787 5321 2916 5396 Περὶ
2949 5325 3208 5393 σεισμῶν.

2198 5430 2314 5485 Ἵνα
2374 5425 2431 5483 δὲ
2489 5429 2566 5501 μὴ
2598 5428 2837 5501 ἀμύητοι
2869 5430 3014 5501 ὦμεν
3048 5434 3146 5496 τῆς
3173 5431 3279 5481 τῶν
3313 5431 3560 5499 σεισμῶν
3594 5428 3793 5496 αἰτίας,

2130 5516 2327 5586 ἰστέον,
2380 5514 2462 5571 ὅτι
2512 5516 2569 5571 ἐκ
2614 5524 2713 5587 τῆς
2768 5522 2869 5593 γῆς
2916 5518 3355 5591 θερμαινομένης
3406 5515 3796 5589 ἀναπέμπεται

2126 5607 2297 5680 ἀτμὸς
2357 5606 2445 5660 καὶ
2502 5607 2877 5681 ἀναθυμίασις.
2940 5609 3093 5664 ’Ἐστι
3128 5604 3185 5660 δὲ
3215 5607 3243 5660 ὁ
3295 5605 3388 5677 μὶν
3419 5605 3601 5678 ἀτμὸς

2124 5697 2214 5752 καὶ
2295 5696 2458 5769 μέσος
2530 5692 2722 5758 ὕδατος
2799 5694 2886 5751 καὶ
2942 5695 3137 5772 ἀέρος·
3210 5696 3247 5766 ἡ
3307 5690 3365 5749 δι
3420 5694 3796 5769 ἀναθυμίασις
