  <div class='ocr_page' id='page_1' title='image "/cluster/home/n/w/nwhite01/storage/ocr_20150623/122/hvd.32044073502460/410.png"; bbox 0 0 4032 6202; ppageno 0'>
   <div class='ocr_carea' id='block_1_1' title="bbox 252 371 363 432">
    <p class='ocr_par' dir='ltr' id='par_1_1' title="bbox 252 371 363 432">
     <span class='ocr_line' id='line_1_1' title="bbox 252 371 363 432; baseline 0 -1"><span class='ocrx_word' id='word_1_1' title='bbox 252 371 363 432; x_wconf 84' lang='grc'>’193</span> 
     </span>
    </p>
   </div>
   <div class='ocr_carea' id='block_1_2' title="bbox 1495 364 2407 438">
    <p class='ocr_par' dir='ltr' id='par_1_2' title="bbox 1495 364 2407 438">
     <span class='ocr_line' id='line_1_2' title="bbox 1495 364 2407 438; baseline 0.002 -12"><span class='ocrx_word' id='word_1_2' title='bbox 1495 364 1878 427; x_wconf 85' lang='lat' dir='ltr'>SOLU&#39;l‘lON</span> <span class='ocrx_word' id='word_1_3' title='bbox 1889 365 1980 426; x_wconf 89' lang='lat' dir='ltr'>ES</span> <span class='ocrx_word' id='word_1_4' title='bbox 2025 367 2382 438; x_wconf 66' lang='lat' dir='ltr'>QUAEDAM</span> <span class='ocrx_word' id='word_1_5' title='bbox 2394 414 2407 428; x_wconf 93' lang='lat'>.</span> 
     </span>
    </p>
   </div>
   <div class='ocr_carea' id='block_1_3' title="bbox 3558 375 3672 436">
    <p class='ocr_par' dir='ltr' id='par_1_3' title="bbox 3558 375 3672 436">
     <span class='ocr_line' id='line_1_3' title="bbox 3558 375 3672 436; baseline -0.018 0"><span class='ocrx_word' id='word_1_6' title='bbox 3558 375 3672 436; x_wconf 73' lang='grc'>794</span> 
     </span>
    </p>
   </div>
   <div class='ocr_carea' id='block_1_4' title="bbox 249 493 1898 576">
    <p class='ocr_par' dir='ltr' id='par_1_4' title="bbox 249 493 1894 576">
     <span class='ocr_line' id='line_1_4' title="bbox 249 493 1894 576; baseline -0.005 -19"><span class='ocrx_word' id='word_1_7' title='bbox 249 500 444 576; x_wconf 72' lang='grc' dir='ltr'>θερμὴ,</span> <span class='ocrx_word' id='word_1_8' title='bbox 478 501 568 554; x_wconf 77' lang='grc' dir='ltr'>καὶ</span> <span class='ocrx_word' id='word_1_9' title='bbox 599 498 758 575; x_wconf 74' lang='grc' dir='ltr'>ξηρὰ,</span> <span class='ocrx_word' id='word_1_10' title='bbox 819 496 908 552; x_wconf 79' lang='grc' dir='ltr'>καὶ</span> <span class='ocrx_word' id='word_1_11' title='bbox 961 497 1300 571; x_wconf 76' lang='grc' dir='ltr'>ὀξυκίνητος,</span> <span class='ocrx_word' id='word_1_12' title='bbox 1357 493 1407 571; x_wconf 78' lang='grc' dir='ltr'>ἐξ</span> <span class='ocrx_word' id='word_1_13' title='bbox 1456 496 1524 566; x_wconf 70' lang='grc' dir='ltr'>ἧς</span> <span class='ocrx_word' id='word_1_14' title='bbox 1571 493 1638 565; x_wconf 78' lang='grc' dir='ltr'><strong>δὴ</strong></span> <span class='ocrx_word' id='word_1_15' title='bbox 1687 494 1774 550; x_wconf 72' lang='grc' dir='ltr'>καὶ</span> <span class='ocrx_word' id='word_1_16' title='bbox 1809 517 1894 550; x_wconf 86' lang='grc' dir='ltr'>κι-</span> 
     </span>
    </p>
   </div>
   <div class='ocr_carea' id='block_1_5' title="bbox 2012 493 3676 576">
    <p class='ocr_par' dir='ltr' id='par_1_5' title="bbox 2013 496 3676 576">
     <span class='ocr_line' id='line_1_5' title="bbox 2013 496 3676 576; baseline 0.008 -24"><span class='ocrx_word' id='word_1_17' title='bbox 2013 496 2133 554; x_wconf 89' lang='lat' dir='ltr'>lida</span> <span class='ocrx_word' id='word_1_18' title='bbox 2164 502 2220 556; x_wconf 88' lang='lat' dir='ltr'>et</span> <span class='ocrx_word' id='word_1_19' title='bbox 2250 500 2406 556; x_wconf 86' lang='lat' dir='ltr'>sicca</span> <span class='ocrx_word' id='word_1_20' title='bbox 2467 505 2524 558; x_wconf 90' lang='lat' dir='ltr'>et</span> <span class='ocrx_word' id='word_1_21' title='bbox 2570 501 2735 559; x_wconf 88' lang='lat' dir='ltr'>valde</span> <span class='ocrx_word' id='word_1_22' title='bbox 2786 502 3040 571; x_wconf 81' lang='lat' dir='ltr'>mobilis,</span> <span class='ocrx_word' id='word_1_23' title='bbox 3094 521 3212 576; x_wconf 89' lang='lat' dir='ltr'>qua</span> <span class='ocrx_word' id='word_1_24' title='bbox 3257 511 3520 564; x_wconf 84' lang='lat' dir='ltr'>movetur</span> <span class='ocrx_word' id='word_1_25' title='bbox 3576 527 3676 566; x_wconf 89' lang='lat' dir='ltr'>aer</span> 
     </span>
    </p>
   </div>
   <div class='ocr_carea' id='block_1_6' title="bbox 248 583 1904 663">
    <p class='ocr_par' dir='ltr' id='par_1_6' title="bbox 248 583 1904 663">
     <span class='ocr_line' id='line_1_6' title="bbox 248 583 1904 663; baseline -0.005 -17"><span class='ocrx_word' id='word_1_26' title='bbox 248 596 416 645; x_wconf 82' lang='grc' dir='ltr'>νεῖται</span> <span class='ocrx_word' id='word_1_27' title='bbox 450 591 479 645; x_wconf 88' lang='lat'>6</span> <span class='ocrx_word' id='word_1_28' title='bbox 531 590 636 663; x_wconf 74' lang='grc' dir='ltr'>ἆήρ</span> <span class='ocrx_word' id='word_1_29' title='bbox 685 587 777 642; x_wconf 86' lang='grc' dir='ltr'>καὶ</span> <span class='ocrx_word' id='word_1_30' title='bbox 823 585 1216 642; x_wconf 73' lang='grc' dir='ltr'>ἀποτελοῦνται</span> <span class='ocrx_word' id='word_1_31' title='bbox 1268 588 1320 640; x_wconf 73' lang='grc' dir='ltr'>οἱ</span> <span class='ocrx_word' id='word_1_32' title='bbox 1369 585 1581 659; x_wconf 77' lang='grc' dir='ltr'>ἄνεμοι.</span> <span class='ocrx_word' id='word_1_33' title='bbox 1633 586 1763 642; x_wconf 86' lang='grc' dir='ltr'>’Ὀτε</span> <span class='ocrx_word' id='word_1_34' title='bbox 1814 583 1904 640; x_wconf 81' lang='grc' dir='ltr'>οὗν</span> 
     </span>
    </p>
   </div>
   <div class='ocr_carea' id='block_1_7' title="bbox 249 674 1907 750">
    <p class='ocr_par' dir='ltr' id='par_1_7' title="bbox 249 674 1907 750">
     <span class='ocr_line' id='line_1_7' title="bbox 249 674 1907 750; baseline -0.005 -14"><span class='ocrx_word' id='word_1_35' title='bbox 249 679 384 750; x_wconf 62' lang='grc' dir='ltr'>αὕτη</span> <span class='ocrx_word' id='word_1_36' title='bbox 417 683 452 748; x_wconf 77' lang='grc' dir='ltr'>ἡ</span> <span class='ocrx_word' id='word_1_37' title='bbox 506 678 868 750; x_wconf 73' lang='grc' dir='ltr'>ἀναθυμίασις</span> <span class='ocrx_word' id='word_1_38' title='bbox 916 680 985 750; x_wconf 79' lang='grc' dir='ltr'>τῇ</span> <span class='ocrx_word' id='word_1_39' title='bbox 1149 674 1542 748; x_wconf 68' lang='grc' dir='ltr'>ἰναποκλεισθῇ</span> <span class='ocrx_word' id='word_1_40' title='bbox 1617 674 1709 728; x_wconf 81' lang='grc' dir='ltr'>καῖ</span> <span class='ocrx_word' id='word_1_41' title='bbox 1766 675 1907 729; x_wconf 83' lang='grc' dir='ltr'>ἀνω-</span> 
     </span>
    </p>
   </div>
   <div class='ocr_carea' id='block_1_8' title="bbox 247 761 1910 846">
    <p class='ocr_par' dir='ltr' id='par_1_8' title="bbox 247 761 1910 846">
     <span class='ocr_line' id='line_1_8' title="bbox 247 761 1910 846; baseline -0.004 -22"><span class='ocrx_word' id='word_1_42' title='bbox 247 770 413 846; x_wconf 71' lang='grc' dir='ltr'>φερὴς</span> <span class='ocrx_word' id='word_1_43' title='bbox 493 766 624 822; x_wconf 74' lang='grc' dir='ltr'>οὖσα</span> <span class='ocrx_word' id='word_1_44' title='bbox 704 769 842 840; x_wconf 77' lang='grc' dir='ltr'>ζητῇ</span> <span class='ocrx_word' id='word_1_45' title='bbox 922 764 1118 820; x_wconf 84' lang='grc' dir='ltr'>ὡσανεὶ</span> <span class='ocrx_word' id='word_1_46' title='bbox 1193 761 1374 820; x_wconf 78' lang='grc' dir='ltr'>δίοδον</span> <span class='ocrx_word' id='word_1_47' title='bbox 1435 763 1692 834; x_wconf 76' lang='grc' dir='ltr'>ἐξελθεῖν,</span> <span class='ocrx_word' id='word_1_48' title='bbox 1769 767 1910 818; x_wconf 87' lang='grc' dir='ltr'>κινεῖ</span> 
     </span>
    </p>
   </div>
   <div class='ocr_carea' id='block_1_9' title="bbox 245 851 1904 930">
    <p class='ocr_par' dir='ltr' id='par_1_9' title="bbox 245 851 1904 930">
     <span class='ocr_line' id='line_1_9' title="bbox 245 851 1904 930; baseline -0.003 -18"><span class='ocrx_word' id='word_1_49' title='bbox 245 867 417 914; x_wconf 67' lang='grc' dir='ltr'>πὶσαν</span> <span class='ocrx_word' id='word_1_50' title='bbox 477 863 578 926; x_wconf 74' lang='grc' dir='ltr'>τήν</span> <span class='ocrx_word' id='word_1_51' title='bbox 635 856 1040 930; x_wconf 70' lang='grc' dir='ltr'>παρακειμένην</span> <span class='ocrx_word' id='word_1_52' title='bbox 1119 862 1246 929; x_wconf 78' lang='grc' dir='ltr'>γῆν,</span> <span class='ocrx_word' id='word_1_53' title='bbox 1324 851 1568 909; x_wconf 65' lang='grc' dir='ltr'>κελεύσει</span> <span class='ocrx_word' id='word_1_54' title='bbox 1645 853 1760 924; x_wconf 82' lang='grc' dir='ltr'>Θείᾳ</span> <span class='ocrx_word' id='word_1_55' title='bbox 1817 855 1904 907; x_wconf 83' lang='grc' dir='ltr'>καί</span> 
     </span>
    </p>
   </div>
   <div class='ocr_carea' id='block_1_10' title="bbox 244 941 1902 1020">
    <p class='ocr_par' dir='ltr' id='par_1_10' title="bbox 244 941 1902 1020">
     <span class='ocr_line' id='line_1_10' title="bbox 244 941 1902 1020; baseline -0.004 -17"><span class='ocrx_word' id='word_1_56' title='bbox 244 947 555 1020; x_wconf 71' lang='grc' dir='ltr'>οἶκονομίᾳ.</span> <span class='ocrx_word' id='word_1_57' title='bbox 626 943 834 1016; x_wconf 76' lang='grc' dir='ltr'>Μηδεὶς</span> <span class='ocrx_word' id='word_1_58' title='bbox 891 941 947 999; x_wconf 67' lang='grc' dir='ltr'>δὲ</span> <span class='ocrx_word' id='word_1_59' title='bbox 1021 943 1328 1015; x_wconf 71' lang='grc' dir='ltr'>ξενιζέσθω,</span> <span class='ocrx_word' id='word_1_60' title='bbox 1402 947 1518 1007; x_wconf 88' lang='grc' dir='ltr'>πῶς</span> <span class='ocrx_word' id='word_1_61' title='bbox 1593 945 1627 1012; x_wconf 74' lang='grc' dir='ltr'>ἡ</span> <span class='ocrx_word' id='word_1_62' title='bbox 1677 941 1902 1013; x_wconf 77' lang='grc' dir='ltr'>τοιαύτη</span> 
     </span>
    </p>
   </div>
   <div class='ocr_carea' id='block_1_11' title="bbox 244 1031 1903 1110">
    <p class='ocr_par' dir='ltr' id='par_1_11' title="bbox 244 1031 1903 1110">
     <span class='ocr_line' id='line_1_11' title="bbox 244 1031 1903 1110; baseline -0.004 -18"><span class='ocrx_word' id='word_1_63' title='bbox 244 1037 624 1110; x_wconf 72' lang='grc' dir='ltr'>ἀναθυμίασις,</span> <span class='ocrx_word' id='word_1_64' title='bbox 687 1032 863 1102; x_wconf 85' lang='grc' dir='ltr'>λεπτὴ</span> <span class='ocrx_word' id='word_1_65' title='bbox 925 1031 1078 1101; x_wconf 74' lang='grc' dir='ltr'>οὖσα,</span> <span class='ocrx_word' id='word_1_66' title='bbox 1135 1033 1235 1100; x_wconf 77' lang='grc' dir='ltr'>τὴν</span> <span class='ocrx_word' id='word_1_67' title='bbox 1292 1033 1394 1108; x_wconf 78' lang='grc' dir='ltr'>γὴν</span> <span class='ocrx_word' id='word_1_68' title='bbox 1453 1037 1610 1099; x_wconf 86' lang='grc' dir='ltr'>κινεῖ,</span> <span class='ocrx_word' id='word_1_69' title='bbox 1652 1051 1903 1107; x_wconf 84' lang='grc' dir='ltr'>παχυμε-</span> 
     </span>
    </p>
   </div>
   <div class='ocr_carea' id='block_1_12' title="bbox 243 1119 1900 1201">
    <p class='ocr_par' dir='ltr' id='par_1_12' title="bbox 243 1119 1900 1201">
     <span class='ocr_line' id='line_1_12' title="bbox 243 1119 1900 1201; baseline -0.004 -21"><span class='ocrx_word' id='word_1_70' title='bbox 243 1127 494 1201; x_wconf 78' lang='grc' dir='ltr'>ρεστέραν</span> <span class='ocrx_word' id='word_1_71' title='bbox 525 1124 684 1180; x_wconf 68' lang='grc' dir='ltr'>οὖσαν</span> <span class='ocrx_word' id='word_1_72' title='bbox 716 1143 730 1156; x_wconf 73' lang='grc'><strong>⁸</strong></span> <span class='ocrx_word' id='word_1_73' title='bbox 778 1121 898 1178; x_wconf 66' lang='grc' dir='ltr'>ἱ.δοῦ</span> <span class='ocrx_word' id='word_1_74' title='bbox 946 1122 1050 1198; x_wconf 78' lang='grc' dir='ltr'>γὰρ</span> <span class='ocrx_word' id='word_1_75' title='bbox 1114 1124 1165 1176; x_wconf 74' lang='grc' dir='ltr'>οἱ</span> <span class='ocrx_word' id='word_1_76' title='bbox 1225 1119 1449 1200; x_wconf 66' lang='grc' dir='ltr'>σφοδροὶ</span> <span class='ocrx_word' id='word_1_77' title='bbox 1513 1120 1726 1194; x_wconf 81' lang='grc' dir='ltr'>ἄνεμοι,</span> <span class='ocrx_word' id='word_1_78' title='bbox 1785 1120 1900 1175; x_wconf 89' lang='grc' dir='ltr'>καί-</span> 
     </span>
    </p>
   </div>
   <div class='ocr_carea' id='block_1_13' title="bbox 242 1205 1903 1291">
    <p class='ocr_par' dir='ltr' id='par_1_13' title="bbox 242 1205 1903 1291">
     <span class='ocr_line' id='line_1_13' title="bbox 242 1205 1903 1291; baseline -0.004 -22"><span class='ocrx_word' id='word_1_79' title='bbox 242 1237 392 1291; x_wconf 62' lang='grc' dir='ltr'>τοιγε</span> <span class='ocrx_word' id='word_1_80' title='bbox 443 1212 554 1269; x_wconf 74' lang='grc' dir='ltr'>ἅνω</span> <span class='ocrx_word' id='word_1_81' title='bbox 608 1215 707 1283; x_wconf 74' lang='grc' dir='ltr'>τὴν</span> <span class='ocrx_word' id='word_1_82' title='bbox 768 1210 951 1267; x_wconf 81' lang='grc' dir='ltr'>δίοδον</span> <span class='ocrx_word' id='word_1_83' title='bbox 1008 1205 1248 1287; x_wconf 77' lang='grc' dir='ltr'>ἔχοντες,</span> <span class='ocrx_word' id='word_1_84' title='bbox 1303 1208 1492 1287; x_wconf 76' lang='grc' dir='ltr'>δένδρα</span> <span class='ocrx_word' id='word_1_85' title='bbox 1545 1231 1602 1264; x_wconf 87' lang='grc' dir='ltr'>τε</span> <span class='ocrx_word' id='word_1_86' title='bbox 1634 1208 1903 1285; x_wconf 80' lang='grc' dir='ltr'>ἐκριζοῦσι</span> 
     </span>
    </p>
   </div>
   <div class='ocr_carea' id='block_1_14' title="bbox 243 1295 1906 1364">
    <p class='ocr_par' dir='ltr' id='par_1_14' title="bbox 243 1295 1906 1364">
     <span class='ocr_line' id='line_1_14' title="bbox 243 1295 1906 1364; baseline -0.004 -5"><span class='ocrx_word' id='word_1_87' title='bbox 243 1306 328 1359; x_wconf 73' lang='grc' dir='ltr'>καὶ</span> <span class='ocrx_word' id='word_1_88' title='bbox 418 1303 597 1364; x_wconf 67' lang='grc' dir='ltr'>οῗκίας</span> <span class='ocrx_word' id='word_1_89' title='bbox 668 1300 940 1363; x_wconf 75' lang='grc' dir='ltr'>πολλάκις</span> <span class='ocrx_word' id='word_1_90' title='bbox 1025 1295 1457 1356; x_wconf 75' lang='grc' dir='ltr'>καταϐάλλουσι.</span> <span class='ocrx_word' id='word_1_91' title='bbox 1538 1297 1790 1356; x_wconf 82' lang='grc' dir='ltr'>Μάλιστα</span> <span class='ocrx_word' id='word_1_92' title='bbox 1848 1295 1906 1352; x_wconf 70' lang='grc' dir='ltr'>δὲ</span> 
     </span>
    </p>
   </div>
   <div class='ocr_carea' id='block_1_15' title="bbox 242 1387 1902 1465">
    <p class='ocr_par' dir='ltr' id='par_1_15' title="bbox 242 1387 1902 1465">
     <span class='ocr_line' id='line_1_15' title="bbox 242 1387 1902 1465; baseline -0.005 -15"><span class='ocrx_word' id='word_1_93' title='bbox 242 1395 389 1450; x_wconf 78' lang='grc' dir='ltr'>ἔοικε</span> <span class='ocrx_word' id='word_1_94' title='bbox 441 1395 506 1450; x_wconf 81' lang='grc' dir='ltr'>τὸ</span> <span class='ocrx_word' id='word_1_95' title='bbox 533 1398 778 1449; x_wconf 75' lang='grc' dir='ltr'>τοιοῦτον</span> <span class='ocrx_word' id='word_1_96' title='bbox 813 1396 983 1456; x_wconf 66' lang='grc' dir='ltr'>πάθος</span> <span class='ocrx_word' id='word_1_97' title='bbox 1031 1397 1132 1460; x_wconf 81' lang='grc' dir='ltr'>τῆς</span> <span class='ocrx_word' id='word_1_98' title='bbox 1171 1397 1276 1465; x_wconf 84' lang='grc' dir='ltr'>γῆς</span> <span class='ocrx_word' id='word_1_99' title='bbox 1304 1395 1384 1462; x_wconf 83' lang='grc' dir='ltr'>τῷ</span> <span class='ocrx_word' id='word_1_100' title='bbox 1416 1393 1652 1462; x_wconf 77' lang='grc' dir='ltr'>σπασμῷ</span> <span class='ocrx_word' id='word_1_101' title='bbox 1677 1407 1687 1419; x_wconf 78' lang='grc'><strong>⁸</strong></span> <span class='ocrx_word' id='word_1_102' title='bbox 1722 1387 1902 1463; x_wconf 83' lang='grc' dir='ltr'>ὥσπερ</span> 
     </span>
    </p>
   </div>
   <div class='ocr_carea' id='block_1_16' title="bbox 241 1478 1902 1560">
    <p class='ocr_par' dir='ltr' id='par_1_16' title="bbox 241 1478 1902 1560">
     <span class='ocr_line' id='line_1_16' title="bbox 241 1478 1902 1560; baseline -0.004 -22"><span class='ocrx_word' id='word_1_103' title='bbox 241 1485 342 1560; x_wconf 61' lang='grc' dir='ltr'>γαρ</span> <span class='ocrx_word' id='word_1_104' title='bbox 379 1482 468 1539; x_wconf 72' lang='grc' dir='ltr'>διὰ</span> <span class='ocrx_word' id='word_1_105' title='bbox 495 1483 694 1540; x_wconf 77' lang='grc' dir='ltr'>τούτου</span> <span class='ocrx_word' id='word_1_106' title='bbox 723 1487 949 1536; x_wconf 83' lang='grc' dir='ltr'>κινεῖται</span> <span class='ocrx_word' id='word_1_107' title='bbox 1002 1481 1065 1535; x_wconf 69' lang='grc' dir='ltr'>τὸ</span> <span class='ocrx_word' id='word_1_108' title='bbox 1115 1485 1294 1553; x_wconf 80' lang='grc' dir='ltr'>σῶμα,</span> <span class='ocrx_word' id='word_1_109' title='bbox 1357 1478 1500 1534; x_wconf 76' lang='grc' dir='ltr'>οὕτω</span> <span class='ocrx_word' id='word_1_110' title='bbox 1550 1479 1662 1547; x_wconf 80' lang='grc' dir='ltr'>καὶ,</span> <span class='ocrx_word' id='word_1_111' title='bbox 1718 1478 1902 1553; x_wconf 79' lang='grc' dir='ltr'>βιαζο-</span> 
     </span>
    </p>
   </div>
   <div class='ocr_carea' id='block_1_17' title="bbox 245 1564 1900 1644">
    <p class='ocr_par' dir='ltr' id='par_1_17' title="bbox 245 1564 1900 1644">
     <span class='ocr_line' id='line_1_17' title="bbox 245 1564 1900 1644; baseline -0.004 -17"><span class='ocrx_word' id='word_1_112' title='bbox 245 1575 416 1644; x_wconf 66' lang='grc' dir='ltr'>μένης</span> <span class='ocrx_word' id='word_1_113' title='bbox 465 1570 699 1643; x_wconf 67' lang='grc' dir='ltr'>ἐξελθεῖν</span> <span class='ocrx_word' id='word_1_114' title='bbox 750 1578 849 1640; x_wconf 83' lang='grc' dir='ltr'>τῆς</span> <span class='ocrx_word' id='word_1_115' title='bbox 916 1569 1351 1642; x_wconf 71' lang='grc' dir='ltr'>ἀναθυμιάσεως,</span> <span class='ocrx_word' id='word_1_116' title='bbox 1401 1571 1435 1638; x_wconf 73' lang='grc' dir='ltr'>ἡ</span> <span class='ocrx_word' id='word_1_117' title='bbox 1488 1575 1583 1643; x_wconf 78' lang='grc' dir='ltr'>γῆ.</span> <span class='ocrx_word' id='word_1_118' title='bbox 1628 1564 1900 1639; x_wconf 73' lang='grc' dir='ltr'>Νηνεμίας</span> 
     </span>
    </p>
   </div>
   <div class='ocr_carea' id='block_1_18' title="bbox 243 1657 1900 1734">
    <p class='ocr_par' dir='ltr' id='par_1_18' title="bbox 243 1657 1900 1734">
     <span class='ocr_line' id='line_1_18' title="bbox 243 1657 1900 1734; baseline -0.004 -18"><span class='ocrx_word' id='word_1_119' title='bbox 243 1659 297 1716; x_wconf 73' lang='grc' dir='ltr'>δὲ</span> <span class='ocrx_word' id='word_1_120' title='bbox 351 1660 521 1732; x_wconf 66' lang='grc' dir='ltr'>οὔσης</span> <span class='ocrx_word' id='word_1_121' title='bbox 579 1662 630 1715; x_wconf 74' lang='grc' dir='ltr'>οἱ</span> <span class='ocrx_word' id='word_1_122' title='bbox 689 1659 940 1714; x_wconf 86' lang='grc' dir='ltr'>πλεῖστοι</span> <span class='ocrx_word' id='word_1_123' title='bbox 1011 1659 1100 1714; x_wconf 87' lang='grc' dir='ltr'>καὶ</span> <span class='ocrx_word' id='word_1_124' title='bbox 1176 1659 1422 1734; x_wconf 72' lang='grc' dir='ltr'>μέγιστοι</span> <span class='ocrx_word' id='word_1_125' title='bbox 1493 1657 1736 1733; x_wconf 86' lang='grc' dir='ltr'>γίνονται</span> <span class='ocrx_word' id='word_1_126' title='bbox 1793 1661 1900 1711; x_wconf 89' lang='grc' dir='ltr'>τῶν</span> 
     </span>
    </p>
   </div>
   <div class='ocr_carea' id='block_1_19' title="bbox 251 1744 1901 1824">
    <p class='ocr_par' dir='ltr' id='par_1_19' title="bbox 251 1744 1901 1824">
     <span class='ocr_line' id='line_1_19' title="bbox 251 1744 1901 1824; baseline -0.002 -19"><span class='ocrx_word' id='word_1_127' title='bbox 251 1755 513 1824; x_wconf 76' lang='grc' dir='ltr'>σεισμῶν,</span> <span class='ocrx_word' id='word_1_128' title='bbox 569 1749 657 1804; x_wconf 83' lang='grc' dir='ltr'>καὶ</span> <span class='ocrx_word' id='word_1_129' title='bbox 721 1747 856 1822; x_wconf 85' lang='grc' dir='ltr'>μετᾶ</span> <span class='ocrx_word' id='word_1_130' title='bbox 895 1746 1023 1811; x_wconf 81' lang='grc' dir='ltr'>τοὺς</span> <span class='ocrx_word' id='word_1_131' title='bbox 1079 1745 1336 1820; x_wconf 77' lang='grc' dir='ltr'>σεισμοὺς</span> <span class='ocrx_word' id='word_1_132' title='bbox 1389 1747 1462 1808; x_wconf 86' lang='grc' dir='ltr'>ὡς</span> <span class='ocrx_word' id='word_1_133' title='bbox 1514 1745 1600 1801; x_wconf 84' lang='grc' dir='ltr'>ἐπὶ</span> <span class='ocrx_word' id='word_1_134' title='bbox 1656 1745 1718 1800; x_wconf 86' lang='grc' dir='ltr'>τὸ</span> <span class='ocrx_word' id='word_1_135' title='bbox 1757 1744 1901 1801; x_wconf 74' lang='grc' dir='ltr'>πολὺ</span> 
     </span>
    </p>
   </div>
   <div class='ocr_carea' id='block_1_20' title="bbox 245 1834 1900 1916">
    <p class='ocr_par' dir='ltr' id='par_1_20' title="bbox 245 1834 1900 1916">
     <span class='ocr_line' id='line_1_20' title="bbox 245 1834 1900 1916; baseline -0.002 -24"><span class='ocrx_word' id='word_1_136' title='bbox 245 1838 390 1894; x_wconf 70' lang='grc' dir='ltr'>πνέει</span> <span class='ocrx_word' id='word_1_137' title='bbox 449 1837 645 1913; x_wconf 80' lang='grc' dir='ltr'>ἄνεμος</span> <span class='ocrx_word' id='word_1_138' title='bbox 704 1835 958 1916; x_wconf 80' lang='grc' dir='ltr'>σφοδρὸς,</span> <span class='ocrx_word' id='word_1_139' title='bbox 1010 1834 1478 1913; x_wconf 70' lang='grc' dir='ltr'>διαρῥηγνυμένης</span> <span class='ocrx_word' id='word_1_140' title='bbox 1521 1842 1623 1904; x_wconf 78' lang='grc' dir='ltr'>τῆς</span> <span class='ocrx_word' id='word_1_141' title='bbox 1662 1843 1763 1909; x_wconf 78' lang='grc' dir='ltr'>γῆς</span> <span class='ocrx_word' id='word_1_142' title='bbox 1799 1836 1900 1890; x_wconf 86' lang='grc' dir='ltr'>ὑπὸ</span> 
     </span>
    </p>
   </div>
   <div class='ocr_carea' id='block_1_21' title="bbox 248 1924 1905 2004">
    <p class='ocr_par' dir='ltr' id='par_1_21' title="bbox 248 1924 1905 2004">
     <span class='ocr_line' id='line_1_21' title="bbox 248 1924 1905 2004; baseline -0.004 -21"><span class='ocrx_word' id='word_1_143' title='bbox 248 1936 346 1997; x_wconf 78' lang='grc' dir='ltr'>τῆς</span> <span class='ocrx_word' id='word_1_144' title='bbox 381 1929 565 2004; x_wconf 86' lang='grc' dir='ltr'>βιαίας</span> <span class='ocrx_word' id='word_1_145' title='bbox 622 1928 718 1983; x_wconf 75' lang='grc' dir='ltr'>τοῦ</span> <span class='ocrx_word' id='word_1_146' title='bbox 767 1926 1074 2000; x_wconf 77' lang='grc' dir='ltr'>πνεύματος</span> <span class='ocrx_word' id='word_1_147' title='bbox 1121 1928 1385 1996; x_wconf 70' lang='grc' dir='ltr'>κινήσεως</span> <span class='ocrx_word' id='word_1_148' title='bbox 1419 1945 1430 1956; x_wconf 92' lang='grc'><strong>·</strong></span> <span class='ocrx_word' id='word_1_149' title='bbox 1462 1925 1550 1979; x_wconf 82' lang='grc' dir='ltr'>καὶ</span> <span class='ocrx_word' id='word_1_150' title='bbox 1584 1924 1774 1986; x_wconf 86' lang='grc' dir='ltr'>νυκτὸς</span> <span class='ocrx_word' id='word_1_151' title='bbox 1830 1924 1905 1988; x_wconf 84' lang='grc' dir='ltr'>ὡς</span> 
     </span>
    </p>
   </div>
   <div class='ocr_carea' id='block_1_22' title="bbox 249 2011 1901 2092">
    <p class='ocr_par' dir='ltr' id='par_1_22' title="bbox 249 2011 1901 2092">
     <span class='ocr_line' id='line_1_22' title="bbox 249 2011 1901 2092; baseline -0.003 -19"><span class='ocrx_word' id='word_1_152' title='bbox 249 2019 330 2073; x_wconf 76' lang='grc' dir='ltr'>ἐπὶ</span> <span class='ocrx_word' id='word_1_153' title='bbox 392 2019 455 2073; x_wconf 84' lang='grc' dir='ltr'>τὸ</span> <span class='ocrx_word' id='word_1_154' title='bbox 515 2017 772 2073; x_wconf 84' lang='grc' dir='ltr'>πλεῖστον</span> <span class='ocrx_word' id='word_1_155' title='bbox 832 2015 1061 2092; x_wconf 87' lang='grc' dir='ltr'>γίνεται,</span> <span class='ocrx_word' id='word_1_156' title='bbox 1113 2013 1149 2085; x_wconf 76' lang='grc' dir='ltr'>ἤ</span> <span class='ocrx_word' id='word_1_157' title='bbox 1197 2016 1433 2091; x_wconf 74' lang='grc' dir='ltr'>ἡμέρας,</span> <span class='ocrx_word' id='word_1_158' title='bbox 1494 2011 1582 2069; x_wconf 79' lang='grc' dir='ltr'>διὰ</span> <span class='ocrx_word' id='word_1_159' title='bbox 1621 2013 1682 2069; x_wconf 85' lang='grc' dir='ltr'>τὸ</span> <span class='ocrx_word' id='word_1_160' title='bbox 1733 2013 1782 2068; x_wconf 73' lang='grc' dir='ltr'>ἐν</span> <span class='ocrx_word' id='word_1_161' title='bbox 1832 2018 1901 2087; x_wconf 77' lang='grc' dir='ltr'>τῇ</span> 
     </span>
    </p>
   </div>
   <div class='ocr_carea' id='block_1_23' title="bbox 246 2102 1903 2184">
    <p class='ocr_par' dir='ltr' id='par_1_23' title="bbox 246 2102 1903 2184">
     <span class='ocr_line' id='line_1_23' title="bbox 246 2102 1903 2184; baseline -0.002 -24"><span class='ocrx_word' id='word_1_162' title='bbox 246 2110 391 2163; x_wconf 79' lang='grc' dir='ltr'>νυκτὶ</span> <span class='ocrx_word' id='word_1_163' title='bbox 443 2106 709 2184; x_wconf 68' lang='grc' dir='ltr'>ψύχεσθαι</span> <span class='ocrx_word' id='word_1_164' title='bbox 760 2106 850 2162; x_wconf 80' lang='grc' dir='ltr'>καὶ</span> <span class='ocrx_word' id='word_1_165' title='bbox 900 2105 1228 2161; x_wconf 80' lang='grc' dir='ltr'>πυκνοῦσθαί</span> <span class='ocrx_word' id='word_1_166' title='bbox 1277 2107 1375 2173; x_wconf 79' lang='grc' dir='ltr'>τὴν</span> <span class='ocrx_word' id='word_1_167' title='bbox 1434 2111 1533 2174; x_wconf 78' lang='grc' dir='ltr'>τῆς</span> <span class='ocrx_word' id='word_1_168' title='bbox 1581 2111 1684 2178; x_wconf 78' lang='grc' dir='ltr'>γῆς</span> <span class='ocrx_word' id='word_1_169' title='bbox 1717 2102 1903 2181; x_wconf 69' lang='grc' dir='ltr'>ἐπιφά-</span> 
     </span>
    </p>
   </div>
   <div class='ocr_carea' id='block_1_24' title="bbox 246 2193 1900 2267">
    <p class='ocr_par' dir='ltr' id='par_1_24' title="bbox 246 2193 1900 2267">
     <span class='ocr_line' id='line_1_24' title="bbox 246 2193 1900 2267; baseline -0.003 -15"><span class='ocrx_word' id='word_1_170' title='bbox 246 2219 407 2266; x_wconf 80' lang='grc' dir='ltr'>νειαν,</span> <span class='ocrx_word' id='word_1_171' title='bbox 458 2197 549 2252; x_wconf 81' lang='grc' dir='ltr'>καὶ</span> <span class='ocrx_word' id='word_1_172' title='bbox 611 2195 881 2261; x_wconf 80' lang='grc' dir='ltr'>κλείεσθαι</span> <span class='ocrx_word' id='word_1_173' title='bbox 940 2194 1092 2251; x_wconf 73' lang='grc' dir='ltr'>ἔνδον</span> <span class='ocrx_word' id='word_1_174' title='bbox 1149 2195 1248 2263; x_wconf 71' lang='grc' dir='ltr'>τὴν</span> <span class='ocrx_word' id='word_1_175' title='bbox 1311 2193 1684 2267; x_wconf 77' lang='grc' dir='ltr'>ἀναθυμίασιν.</span> <span class='ocrx_word' id='word_1_176' title='bbox 1757 2200 1900 2267; x_wconf 83' lang='grc' dir='ltr'>Προ-</span> 
     </span>
    </p>
   </div>
   <div class='ocr_carea' id='block_1_25' title="bbox 249 2281 1903 2361">
    <p class='ocr_par' dir='ltr' id='par_1_25' title="bbox 249 2281 1903 2361">
     <span class='ocr_line' id='line_1_25' title="bbox 249 2281 1903 2361; baseline -0.002 -21"><span class='ocrx_word' id='word_1_177' title='bbox 249 2293 507 2361; x_wconf 64' lang='grc' dir='ltr'>ηγοῗνιται</span> <span class='ocrx_word' id='word_1_178' title='bbox 556 2284 615 2342; x_wconf 70' lang='grc' dir='ltr'>δὲ</span> <span class='ocrx_word' id='word_1_179' title='bbox 669 2291 777 2342; x_wconf 89' lang='grc' dir='ltr'>τῶν</span> <span class='ocrx_word' id='word_1_180' title='bbox 831 2290 1066 2359; x_wconf 78' lang='grc' dir='ltr'>σεισμῶν</span> <span class='ocrx_word' id='word_1_181' title='bbox 1115 2281 1362 2361; x_wconf 80' lang='grc' dir='ltr'>ῥαγδαῖοι</span> <span class='ocrx_word' id='word_1_182' title='bbox 1417 2283 1585 2352; x_wconf 79' lang='grc' dir='ltr'>ὑετοὶ,</span> <span class='ocrx_word' id='word_1_183' title='bbox 1638 2282 1725 2337; x_wconf 80' lang='grc' dir='ltr'>καὶ</span> <span class='ocrx_word' id='word_1_184' title='bbox 1770 2282 1903 2356; x_wconf 80' lang='grc' dir='ltr'>μετᾶ</span> 
     </span>
    </p>
   </div>
   <div class='ocr_carea' id='block_1_26' title="bbox 245 2371 1900 2452">
    <p class='ocr_par' dir='ltr' id='par_1_26' title="bbox 245 2371 1900 2452">
     <span class='ocr_line' id='line_1_26' title="bbox 245 2371 1900 2452; baseline -0.003 -21"><span class='ocrx_word' id='word_1_185' title='bbox 245 2382 397 2432; x_wconf 72' lang='grc' dir='ltr'>τοῦτο</span> <span class='ocrx_word' id='word_1_186' title='bbox 450 2374 687 2452; x_wconf 79' lang='grc' dir='ltr'>αὐχμοί,</span> <span class='ocrx_word' id='word_1_187' title='bbox 743 2375 857 2430; x_wconf 72' lang='grc' dir='ltr'>Εἰσὶ</span> <span class='ocrx_word' id='word_1_188' title='bbox 917 2373 974 2430; x_wconf 74' lang='grc' dir='ltr'>δὶ</span> <span class='ocrx_word' id='word_1_189' title='bbox 1030 2373 1245 2449; x_wconf 84' lang='grc' dir='ltr'>μερικοὶ</span> <span class='ocrx_word' id='word_1_190' title='bbox 1303 2372 1416 2428; x_wconf 72' lang='grc' dir='ltr'>καῖ’</span> <span class='ocrx_word' id='word_1_191' title='bbox 1455 2373 1556 2428; x_wconf 81' lang='grc' dir='ltr'>οὐκ</span> <span class='ocrx_word' id='word_1_192' title='bbox 1604 2371 1690 2426; x_wconf 78' lang='grc' dir='ltr'>ἐπὶ</span> <span class='ocrx_word' id='word_1_193' title='bbox 1724 2371 1900 2443; x_wconf 82' lang='grc' dir='ltr'>πάσης</span> 
     </span>
    </p>
   </div>
   <div class='ocr_carea' id='block_1_27' title="bbox 251 2460 1901 2542">
    <p class='ocr_par' dir='ltr' id='par_1_27' title="bbox 251 2460 1901 2542">
     <span class='ocr_line' id='line_1_27' title="bbox 251 2460 1901 2542; baseline -0.004 -22"><span class='ocrx_word' id='word_1_194' title='bbox 251 2469 342 2534; x_wconf 61' lang='grc' dir='ltr'>τῆς</span> <span class='ocrx_word' id='word_1_195' title='bbox 384 2473 515 2542; x_wconf 74' lang='grc' dir='ltr'>γῆς.</span> <span class='ocrx_word' id='word_1_196' title='bbox 571 2466 750 2535; x_wconf 74' lang='grc' dir='ltr'>’Λπαξ</span> <span class='ocrx_word' id='word_1_197' title='bbox 802 2464 902 2540; x_wconf 79' lang='grc' dir='ltr'>γὰρ</span> <span class='ocrx_word' id='word_1_198' title='bbox 955 2471 1099 2519; x_wconf 80' lang='grc' dir='ltr'>πᾶσα</span> <span class='ocrx_word' id='word_1_199' title='bbox 1159 2465 1193 2532; x_wconf 70' lang='grc' dir='ltr'><strong>ἡ</strong></span> <span class='ocrx_word' id='word_1_200' title='bbox 1249 2470 1320 2538; x_wconf 86' lang='grc' dir='ltr'>γῆ</span> <span class='ocrx_word' id='word_1_201' title='bbox 1373 2462 1597 2533; x_wconf 73' lang='grc' dir='ltr'>ἐκινήθη</span> <span class='ocrx_word' id='word_1_202' title='bbox 1659 2460 1745 2515; x_wconf 83' lang='grc' dir='ltr'>ἐπὶ</span> <span class='ocrx_word' id='word_1_203' title='bbox 1805 2465 1901 2516; x_wconf 78' lang='grc' dir='ltr'>τοῦ</span> 
     </span>
    </p>
   </div>
   <div class='ocr_carea' id='block_1_28' title="bbox 254 2551 1902 2629">
    <p class='ocr_par' dir='ltr' id='par_1_28' title="bbox 254 2551 1902 2629">
     <span class='ocr_line' id='line_1_28' title="bbox 254 2551 1902 2629; baseline 0.001 -19"><span class='ocrx_word' id='word_1_204' title='bbox 254 2555 525 2629; x_wconf 83' lang='grc' dir='ltr'>σωτηρίου</span> <span class='ocrx_word' id='word_1_205' title='bbox 577 2552 783 2618; x_wconf 72' lang='grc' dir='ltr'>πάθους</span> <span class='ocrx_word' id='word_1_206' title='bbox 857 2558 954 2609; x_wconf 76' lang='grc' dir='ltr'>τοῦ</span> <span class='ocrx_word' id='word_1_207' title='bbox 1026 2553 1226 2627; x_wconf 83' lang='grc' dir='ltr'>Κυρίου</span> <span class='ocrx_word' id='word_1_208' title='bbox 1308 2554 1492 2624; x_wconf 74' lang='grc' dir='ltr'>ἡμῶν,</span> <span class='ocrx_word' id='word_1_209' title='bbox 1573 2551 1734 2606; x_wconf 61' lang='grc' dir='ltr'>αὐτοῦ</span> <span class='ocrx_word' id='word_1_210' title='bbox 1804 2555 1902 2605; x_wconf 75' lang='grc' dir='ltr'>τοῖ’)</span> 
     </span>
    </p>
   </div>
   <div class='ocr_carea' id='block_1_29' title="bbox 246 2640 1902 2722">
    <p class='ocr_par' dir='ltr' id='par_1_29' title="bbox 246 2640 1902 2722">
     <span class='ocr_line' id='line_1_29' title="bbox 246 2640 1902 2722; baseline -0.004 -22"><span class='ocrx_word' id='word_1_211' title='bbox 246 2649 464 2722; x_wconf 77' lang='grc' dir='ltr'>κέντρου</span> <span class='ocrx_word' id='word_1_212' title='bbox 518 2647 814 2707; x_wconf 68' lang='grc' dir='ltr'>σεισθέντος</span> <span class='ocrx_word' id='word_1_213' title='bbox 862 2652 962 2714; x_wconf 73' lang='grc' dir='ltr'>τῆς</span> <span class='ocrx_word' id='word_1_214' title='bbox 1011 2649 1135 2721; x_wconf 73' lang='grc' dir='ltr'>γῆς.</span> <span class='ocrx_word' id='word_1_215' title='bbox 1184 2643 1293 2698; x_wconf 73' lang='grc' dir='ltr'>Οὔκ</span> <span class='ocrx_word' id='word_1_216' title='bbox 1334 2645 1384 2698; x_wconf 74' lang='grc' dir='ltr'>ἐν</span> <span class='ocrx_word' id='word_1_217' title='bbox 1441 2642 1586 2717; x_wconf 71' lang='grc' dir='ltr'>πάσῃ</span> <span class='ocrx_word' id='word_1_218' title='bbox 1641 2640 1698 2697; x_wconf 71' lang='grc' dir='ltr'>δὲ</span> <span class='ocrx_word' id='word_1_219' title='bbox 1742 2643 1902 2718; x_wconf 77' lang='grc' dir='ltr'>χώρᾳ</span> 
     </span>
    </p>
   </div>
   <div class='ocr_carea' id='block_1_30' title="bbox 247 2729 1899 2810">
    <p class='ocr_par' dir='ltr' id='par_1_30' title="bbox 247 2729 1899 2810">
     <span class='ocr_line' id='line_1_30' title="bbox 247 2729 1899 2810; baseline -0.001 -23"><span class='ocrx_word' id='word_1_220' title='bbox 247 2736 476 2808; x_wconf 73' lang='grc' dir='ltr'>γῖνονται</span> <span class='ocrx_word' id='word_1_221' title='bbox 515 2735 755 2808; x_wconf 71' lang='grc' dir='ltr'>σεισμοὶ,</span> <span class='ocrx_word' id='word_1_222' title='bbox 789 2731 914 2789; x_wconf 84' lang='grc' dir='ltr'>ἀλλ’</span> <span class='ocrx_word' id='word_1_223' title='bbox 943 2733 994 2788; x_wconf 78' lang='grc' dir='ltr'>ἐν</span> <span class='ocrx_word' id='word_1_224' title='bbox 1039 2734 1124 2795; x_wconf 81' lang='grc' dir='ltr'>αῖς</span> <span class='ocrx_word' id='word_1_225' title='bbox 1173 2733 1359 2810; x_wconf 78' lang='grc' dir='ltr'>σομφή</span> <span class='ocrx_word' id='word_1_226' title='bbox 1408 2730 1498 2786; x_wconf 86' lang='grc' dir='ltr'>καὶ</span> <span class='ocrx_word' id='word_1_227' title='bbox 1539 2729 1899 2808; x_wconf 70' lang='grc' dir='ltr'>σηραγγώδης</span> 
     </span>
    </p>
   </div>
   <div class='ocr_carea' id='block_1_31' title="bbox 245 2818 1900 2900">
    <p class='ocr_par' dir='ltr' id='par_1_31' title="bbox 245 2818 1900 2900">
     <span class='ocr_line' id='line_1_31' title="bbox 245 2818 1900 2900; baseline -0.002 -22"><span class='ocrx_word' id='word_1_228' title='bbox 245 2824 379 2878; x_wconf 78' lang='grc' dir='ltr'>ἐπῖν</span> <span class='ocrx_word' id='word_1_229' title='bbox 427 2823 478 2893; x_wconf 77' lang='grc' dir='ltr'>’ἡ</span> <span class='ocrx_word' id='word_1_230' title='bbox 543 2830 616 2900; x_wconf 81' lang='grc' dir='ltr'>γῆ</span> <span class='ocrx_word' id='word_1_231' title='bbox 654 2843 666 2855; x_wconf 88' lang='grc'><strong>·</strong></span> <span class='ocrx_word' id='word_1_232' title='bbox 701 2824 787 2878; x_wconf 77' lang='grc' dir='ltr'>καὶ</span> <span class='ocrx_word' id='word_1_233' title='bbox 852 2821 903 2878; x_wconf 72' lang='grc' dir='ltr'>ἓν</span> <span class='ocrx_word' id='word_1_234' title='bbox 960 2823 1064 2877; x_wconf 83' lang='grc' dir='ltr'>τινὶ</span> <span class='ocrx_word' id='word_1_235' title='bbox 1132 2822 1225 2896; x_wconf 72' lang='grc' dir='ltr'>μὲν</span> <span class='ocrx_word' id='word_1_236' title='bbox 1256 2824 1519 2896; x_wconf 89' lang='grc' dir='ltr'>συνεχῶς,</span> <span class='ocrx_word' id='word_1_237' title='bbox 1573 2819 1625 2875; x_wconf 65' lang='grc' dir='ltr'>ἐν</span> <span class='ocrx_word' id='word_1_238' title='bbox 1659 2822 1760 2875; x_wconf 88' lang='grc' dir='ltr'>τινὶ</span> <span class='ocrx_word' id='word_1_239' title='bbox 1798 2818 1900 2894; x_wconf 61' lang='grc' dir='ltr'>[δὲ]</span> 
     </span>
    </p>
   </div>
   <div class='ocr_carea' id='block_1_32' title="bbox 249 2907 1900 2988">
    <p class='ocr_par' dir='ltr' id='par_1_32' title="bbox 249 2907 1900 2988">
     <span class='ocr_line' id='line_1_32' title="bbox 249 2907 1900 2988; baseline -0.003 -21"><span class='ocrx_word' id='word_1_240' title='bbox 249 2911 479 2974; x_wconf 79' lang='grc' dir='ltr'>σπανίως</span> <span class='ocrx_word' id='word_1_241' title='bbox 516 2932 529 2945; x_wconf 90' lang='grc'><strong>·</strong></span> <span class='ocrx_word' id='word_1_242' title='bbox 589 2912 678 2966; x_wconf 75' lang='grc' dir='ltr'>καὶ</span> <span class='ocrx_word' id='word_1_243' title='bbox 709 2908 866 2984; x_wconf 65' lang='grc' dir='ltr'>’ἔαρος</span> <span class='ocrx_word' id='word_1_244' title='bbox 916 2912 1004 2965; x_wconf 83' lang='grc' dir='ltr'>καὶ</span> <span class='ocrx_word' id='word_1_245' title='bbox 1058 2909 1406 2988; x_wconf 76' lang='grc' dir='ltr'>φθινοπώρου</span> <span class='ocrx_word' id='word_1_246' title='bbox 1442 2907 1677 2982; x_wconf 69' lang='grc' dir='ltr'>μᾶλλον,</span> <span class='ocrx_word' id='word_1_247' title='bbox 1709 2907 1746 2978; x_wconf 73' lang='grc' dir='ltr'>ἥ</span> <span class='ocrx_word' id='word_1_248' title='bbox 1779 2929 1900 2985; x_wconf 71' lang='grc' dir='ltr'>χει·</span> 
     </span>
    </p>
   </div>
   <div class='ocr_carea' id='block_1_33' title="bbox 251 2997 1896 3078">
    <p class='ocr_par' dir='ltr' id='par_1_33' title="bbox 251 2997 1896 3078">
     <span class='ocr_line' id='line_1_33' title="bbox 251 2997 1896 3078; baseline -0.002 -22"><span class='ocrx_word' id='word_1_249' title='bbox 251 3007 428 3073; x_wconf 83' lang='grc' dir='ltr'>μῶνος</span> <span class='ocrx_word' id='word_1_250' title='bbox 461 3001 552 3056; x_wconf 73' lang='grc' dir='ltr'>καὶ</span> <span class='ocrx_word' id='word_1_251' title='bbox 586 3002 796 3076; x_wconf 71' lang='grc' dir='ltr'>θέρους.</span> <span class='ocrx_word' id='word_1_252' title='bbox 843 2998 1000 3058; x_wconf 84' lang='grc' dir='ltr'>Ἀλλ’</span> <span class='ocrx_word' id='word_1_253' title='bbox 1047 2999 1091 3055; x_wconf 77' lang='grc' dir='ltr'>εἰ</span> <span class='ocrx_word' id='word_1_254' title='bbox 1137 2998 1226 3054; x_wconf 81' lang='grc' dir='ltr'>καὶ</span> <span class='ocrx_word' id='word_1_255' title='bbox 1277 2999 1429 3078; x_wconf 67' lang='grc' dir='ltr'>φῦσει</span> <span class='ocrx_word' id='word_1_256' title='bbox 1473 2998 1578 3053; x_wconf 85' lang='grc' dir='ltr'>τινὶ</span> <span class='ocrx_word' id='word_1_257' title='bbox 1610 2997 1896 3073; x_wconf 67' lang='grc' dir='ltr'>ἐνεργεῖται</span> 
     </span>
    </p>
   </div>
   <div class='ocr_carea' id='block_1_34' title="bbox 243 3088 1896 3164">
    <p class='ocr_par' dir='ltr' id='par_1_34' title="bbox 243 3088 1896 3164">
     <span class='ocr_line' id='line_1_34' title="bbox 243 3088 1896 3164; baseline -0.002 -19"><span class='ocrx_word' id='word_1_258' title='bbox 243 3095 424 3158; x_wconf 70' lang='grc' dir='ltr'>ταῦτα,</span> <span class='ocrx_word' id='word_1_259' title='bbox 487 3088 635 3144; x_wconf 71' lang='grc' dir='ltr'>ἀλλὰ</span> <span class='ocrx_word' id='word_1_260' title='bbox 691 3093 824 3145; x_wconf 79' lang='grc' dir='ltr'>Θεοῦ</span> <span class='ocrx_word' id='word_1_261' title='bbox 898 3089 1070 3144; x_wconf 80' lang='grc' dir='ltr'>νεύσει</span> <span class='ocrx_word' id='word_1_262' title='bbox 1147 3089 1234 3144; x_wconf 77' lang='grc' dir='ltr'>καὶ</span> <span class='ocrx_word' id='word_1_263' title='bbox 1303 3089 1634 3164; x_wconf 83' lang='grc' dir='ltr'>προμηθείᾳ.</span> <span class='ocrx_word' id='word_1_264' title='bbox 1695 3090 1896 3160; x_wconf 73' lang='grc' dir='ltr'>’Ὠσπερ</span> 
     </span>
    </p>
   </div>
   <div class='ocr_carea' id='block_1_35' title="bbox 241 3175 1897 3256">
    <p class='ocr_par' dir='ltr' id='par_1_35' title="bbox 241 3175 1897 3256">
     <span class='ocr_line' id='line_1_35' title="bbox 241 3175 1897 3256; baseline -0.002 -22"><span class='ocrx_word' id='word_1_265' title='bbox 241 3183 338 3256; x_wconf 75' lang='grc' dir='ltr'>γὶρ</span> <span class='ocrx_word' id='word_1_266' title='bbox 387 3176 515 3234; x_wconf 61' lang='grc' dir='ltr'>οὔτε</span> <span class='ocrx_word' id='word_1_267' title='bbox 566 3179 740 3246; x_wconf 79' lang='grc' dir='ltr'>ὑετὸς,</span> <span class='ocrx_word' id='word_1_268' title='bbox 799 3175 922 3234; x_wconf 64' lang='grc' dir='ltr'>οὔτε</span> <span class='ocrx_word' id='word_1_269' title='bbox 974 3178 1138 3254; x_wconf 87' lang='grc' dir='ltr'>χιὼν,</span> <span class='ocrx_word' id='word_1_270' title='bbox 1189 3175 1312 3233; x_wconf 68' lang='grc' dir='ltr'>οὔτε</span> <span class='ocrx_word' id='word_1_271' title='bbox 1355 3176 1718 3255; x_wconf 75' lang='grc' dir='ltr'>κρύσταλλος,</span> <span class='ocrx_word' id='word_1_272' title='bbox 1775 3175 1897 3232; x_wconf 61' lang='grc' dir='ltr'>οὔτε</span> 
     </span>
    </p>
   </div>
   <div class='ocr_carea' id='block_1_36' title="bbox 1936 1883 1980 1948">
    <p class='ocr_par' dir='ltr' id='par_1_36' title="bbox 1936 1883 1980 1948">
     <span class='ocr_line' id='line_1_36' title="bbox 1936 1883 1980 1948; baseline 0 0"><span class='ocrx_word' id='word_1_273' title='bbox 1936 1883 1980 1948; x_wconf 90' lang='grc' dir='ltr'>Β</span> 
     </span>
    </p>
   </div>
   <div class='ocr_carea' id='block_1_37' title="bbox 2017 588 3675 665">
    <p class='ocr_par' dir='ltr' id='par_1_37' title="bbox 2017 588 3675 665">
     <span class='ocr_line' id='line_1_37' title="bbox 2017 588 3675 665; baseline 0.006 -23"><span class='ocrx_word' id='word_1_274' title='bbox 2017 590 2076 642; x_wconf 87' lang='lat' dir='ltr'>et</span> <span class='ocrx_word' id='word_1_275' title='bbox 2107 588 2496 658; x_wconf 88' lang='lat' dir='ltr'>perﬁciuntur</span> <span class='ocrx_word' id='word_1_276' title='bbox 2525 592 2697 646; x_wconf 84' lang='lat' dir='ltr'>venti.</span> <span class='ocrx_word' id='word_1_277' title='bbox 2750 591 2996 656; x_wconf 84' lang='lat' dir='ltr'>Quando</span> <span class='ocrx_word' id='word_1_278' title='bbox 3047 593 3232 665; x_wconf 83' lang='lat' dir='ltr'>igitur</span> <span class='ocrx_word' id='word_1_279' title='bbox 3281 594 3675 652; x_wconf 83' lang='lat' dir='ltr'>exhalationes</span> 
     </span>
    </p>
   </div>
   <div class='ocr_carea' id='block_1_38' title="bbox 2016 675 3672 750">
    <p class='ocr_par' dir='ltr' id='par_1_38' title="bbox 2016 675 3672 750">
     <span class='ocr_line' id='line_1_38' title="bbox 2016 675 3672 750; baseline 0.008 -21"><span class='ocrx_word' id='word_1_280' title='bbox 2016 675 2130 730; x_wconf 66' lang='lat' dir='ltr'>illa:</span> <span class='ocrx_word' id='word_1_281' title='bbox 2179 682 2332 732; x_wconf 90' lang='lat' dir='ltr'>terra</span> <span class='ocrx_word' id='word_1_282' title='bbox 2381 679 2838 750; x_wconf 90' lang='lat' dir='ltr'>concluduntur,</span> <span class='ocrx_word' id='word_1_283' title='bbox 2895 687 2951 738; x_wconf 91' lang='lat' dir='ltr'>et</span> <span class='ocrx_word' id='word_1_284' title='bbox 2997 699 3236 738; x_wconf 82' lang='lat' dir='ltr'>sursum</span> <span class='ocrx_word' id='word_1_285' title='bbox 3290 683 3423 740; x_wconf 73' lang='lat' dir='ltr'>latae</span> <span class='ocrx_word' id='word_1_286' title='bbox 3452 686 3672 742; x_wconf 80' lang='lat' dir='ltr'>exitum</span> 
     </span>
    </p>
   </div>
   <div class='ocr_carea' id='block_1_39' title="bbox 2018 770 3675 842">
    <p class='ocr_par' dir='ltr' id='par_1_39' title="bbox 2018 770 3675 842">
     <span class='ocr_line' id='line_1_39' title="bbox 2018 770 3675 842; baseline 0.008 -24"><span class='ocrx_word' id='word_1_287' title='bbox 2018 771 2310 835; x_wconf 68' lang='lat' dir='ltr'>quaerunt,</span> <span class='ocrx_word' id='word_1_288' title='bbox 2341 772 2554 823; x_wconf 85' lang='lat' dir='ltr'>terram</span> <span class='ocrx_word' id='word_1_289' title='bbox 2591 786 2822 824; x_wconf 86' lang='lat' dir='ltr'>omnem</span> <span class='ocrx_word' id='word_1_290' title='bbox 2858 770 3374 842; x_wconf 83' lang='lat' dir='ltr'>circumjecentem</span> <span class='ocrx_word' id='word_1_291' title='bbox 3415 790 3675 832; x_wconf 89' lang='lat' dir='ltr'>commo-</span> 
     </span>
    </p>
   </div>
   <div class='ocr_carea' id='block_1_40' title="bbox 2016 857 3674 925">
    <p class='ocr_par' dir='ltr' id='par_1_40' title="bbox 2016 857 3674 925">
     <span class='ocr_line' id='line_1_40' title="bbox 2016 857 3674 925; baseline 0.007 -17"><span class='ocrx_word' id='word_1_292' title='bbox 2016 859 2171 918; x_wconf 90' lang='lat' dir='ltr'>vent,</span> <span class='ocrx_word' id='word_1_293' title='bbox 2210 861 2318 910; x_wconf 88' lang='lat' dir='ltr'>[)eo</span> <span class='ocrx_word' id='word_1_294' title='bbox 2365 857 2447 911; x_wconf 92' lang='lat' dir='ltr'>sic</span> <span class='ocrx_word' id='word_1_295' title='bbox 2499 859 2954 916; x_wconf 79' lang='lat' dir='ltr'>administrante</span> <span class='ocrx_word' id='word_1_296' title='bbox 2999 866 3057 916; x_wconf 83' lang='lat' dir='ltr'>et</span> <span class='ocrx_word' id='word_1_297' title='bbox 3107 863 3444 925; x_wconf 79' lang='lat' dir='ltr'>mandante.</span> <span class='ocrx_word' id='word_1_298' title='bbox 3495 864 3674 921; x_wconf 90' lang='lat' dir='ltr'>Nemo</span> 
     </span>
    </p>
   </div>
   <div class='ocr_carea' id='block_1_41' title="bbox 2018 947 3674 1020">
    <p class='ocr_par' dir='ltr' id='par_1_41' title="bbox 2018 947 3674 1020">
     <span class='ocr_line' id='line_1_41' title="bbox 2018 947 3674 1020; baseline 0.007 -22"><span class='ocrx_word' id='word_1_299' title='bbox 2018 948 2217 1000; x_wconf 88' lang='lat' dir='ltr'>autem</span> <span class='ocrx_word' id='word_1_300' title='bbox 2271 947 2520 1002; x_wconf 89' lang='lat' dir='ltr'>miretur</span> <span class='ocrx_word' id='word_1_301' title='bbox 2567 951 2723 1020; x_wconf 92' lang='lat' dir='ltr'>quod</span> <span class='ocrx_word' id='word_1_302' title='bbox 2756 949 2868 1004; x_wconf 66' lang='lat' dir='ltr'>illae</span> <span class='ocrx_word' id='word_1_303' title='bbox 2901 950 3322 1017; x_wconf 83' lang='lat' dir='ltr'>exhalationes,</span> <span class='ocrx_word' id='word_1_304' title='bbox 3354 970 3486 1008; x_wconf 92' lang='lat' dir='ltr'>cum</span> <span class='ocrx_word' id='word_1_305' title='bbox 3519 954 3674 1010; x_wconf 88' lang='lat' dir='ltr'>leves</span> 
     </span>
    </p>
   </div>
   <div class='ocr_carea' id='block_1_42' title="bbox 2017 1032 3674 1100">
    <p class='ocr_par' dir='ltr' id='par_1_42' title="bbox 2017 1032 3674 1100">
     <span class='ocr_line' id='line_1_42' title="bbox 2017 1032 3674 1100; baseline 0.007 -12"><span class='ocrx_word' id='word_1_306' title='bbox 2017 1032 2156 1096; x_wconf 90' lang='lat' dir='ltr'>sint,</span> <span class='ocrx_word' id='word_1_307' title='bbox 2209 1039 2420 1090; x_wconf 85' lang='lat' dir='ltr'>terram</span> <span class='ocrx_word' id='word_1_308' title='bbox 2467 1037 2794 1093; x_wconf 90' lang='lat' dir='ltr'>densiorem</span> <span class='ocrx_word' id='word_1_309' title='bbox 2849 1044 3138 1095; x_wconf 85' lang='lat' dir='ltr'>moveant.</span> <span class='ocrx_word' id='word_1_310' title='bbox 3192 1041 3394 1097; x_wconf 88' lang='lat' dir='ltr'>Nonne</span> <span class='ocrx_word' id='word_1_311' title='bbox 3425 1043 3582 1098; x_wconf 89' lang='lat' dir='ltr'>enim</span> <span class='ocrx_word' id='word_1_312' title='bbox 3617 1049 3674 1100; x_wconf 90' lang='lat' dir='ltr'>et</span> 
     </span>
    </p>
   </div>
   <div class='ocr_carea' id='block_1_43' title="bbox 2015 1122 3672 1202">
    <p class='ocr_par' dir='ltr' id='par_1_43' title="bbox 2015 1122 3672 1202">
     <span class='ocr_line' id='line_1_43' title="bbox 2015 1122 3672 1202; baseline 0.007 -26"><span class='ocrx_word' id='word_1_313' title='bbox 2015 1122 2390 1179; x_wconf 85' lang='lat' dir='ltr'>vehementes</span> <span class='ocrx_word' id='word_1_314' title='bbox 2413 1127 2590 1192; x_wconf 87' lang='lat' dir='ltr'>venti,</span> <span class='ocrx_word' id='word_1_315' title='bbox 2624 1128 2730 1182; x_wconf 90' lang='lat' dir='ltr'>etsi</span> <span class='ocrx_word' id='word_1_316' title='bbox 2755 1128 2906 1182; x_wconf 91' lang='lat' dir='ltr'>viam</span> <span class='ocrx_word' id='word_1_317' title='bbox 2935 1146 3115 1200; x_wconf 89' lang='lat' dir='ltr'>supra</span> <span class='ocrx_word' id='word_1_318' title='bbox 3145 1135 3362 1185; x_wconf 89' lang='lat' dir='ltr'>terram</span> <span class='ocrx_word' id='word_1_319' title='bbox 3395 1131 3672 1202; x_wconf 83' lang='lat' dir='ltr'>habeant,</span> 
     </span>
    </p>
   </div>
   <div class='ocr_carea' id='block_1_44' title="bbox 2017 1212 3669 1292">
    <p class='ocr_par' dir='ltr' id='par_1_44' title="bbox 2017 1212 3669 1292">
     <span class='ocr_line' id='line_1_44' title="bbox 2017 1212 3669 1292; baseline 0.008 -26"><span class='ocrx_word' id='word_1_320' title='bbox 2017 1212 2254 1268; x_wconf 85' lang='lat' dir='ltr'>arbores</span> <span class='ocrx_word' id='word_1_321' title='bbox 2311 1216 2642 1286; x_wconf 87' lang='lat' dir='ltr'>eradicant,</span> <span class='ocrx_word' id='word_1_322' title='bbox 2703 1217 3027 1289; x_wconf 79' lang='lat' dir='ltr'>domosque</span> <span class='ocrx_word' id='word_1_323' title='bbox 3087 1219 3302 1290; x_wconf 31' lang='lat' dir='ltr'>sarpius</span> <span class='ocrx_word' id='word_1_324' title='bbox 3362 1221 3669 1292; x_wconf 84' lang='lat' dir='ltr'>dejiciunt.</span> 
     </span>
    </p>
   </div>
   <div class='ocr_carea' id='block_1_45' title="bbox 2016 1301 3671 1378">
    <p class='ocr_par' dir='ltr' id='par_1_45' title="bbox 2016 1301 3671 1378">
     <span class='ocr_line' id='line_1_45' title="bbox 2016 1301 3671 1378; baseline 0.006 -23"><span class='ocrx_word' id='word_1_325' title='bbox 2016 1301 2178 1364; x_wconf 85' lang='lat' dir='ltr'>Quod</span> <span class='ocrx_word' id='word_1_326' title='bbox 2233 1308 2428 1358; x_wconf 89' lang='lat' dir='ltr'>autem</span> <span class='ocrx_word' id='word_1_327' title='bbox 2475 1309 2628 1360; x_wconf 91' lang='lat' dir='ltr'>terra</span> <span class='ocrx_word' id='word_1_328' title='bbox 2658 1310 2799 1361; x_wconf 89' lang='lat' dir='ltr'>tunc</span> <span class='ocrx_word' id='word_1_329' title='bbox 2832 1307 3054 1378; x_wconf 88' lang='lat' dir='ltr'>patitur</span> <span class='ocrx_word' id='word_1_330' title='bbox 3082 1307 3450 1364; x_wconf 87' lang='lat' dir='ltr'>convulsioni</span> <span class='ocrx_word' id='word_1_331' title='bbox 3478 1310 3671 1366; x_wconf 87' lang='lat' dir='ltr'>simile</span> 
     </span>
    </p>
   </div>
   <div class='ocr_carea' id='block_1_46' title="bbox 2015 1393 3671 1458">
    <p class='ocr_par' dir='ltr' id='par_1_46' title="bbox 2015 1393 3671 1458">
     <span class='ocr_line' id='line_1_46' title="bbox 2015 1393 3671 1458; baseline 0.006 -14"><span class='ocrx_word' id='word_1_332' title='bbox 2015 1394 2127 1444; x_wconf 88' lang='lat' dir='ltr'>est.</span> <span class='ocrx_word' id='word_1_333' title='bbox 2185 1393 2688 1458; x_wconf 80' lang='lat' dir='ltr'>Quemadmodum</span> <span class='ocrx_word' id='word_1_334' title='bbox 2749 1396 2905 1450; x_wconf 86' lang='lat' dir='ltr'>enim</span> <span class='ocrx_word' id='word_1_335' title='bbox 2961 1396 3339 1452; x_wconf 87' lang='lat' dir='ltr'>convulsione</span> <span class='ocrx_word' id='word_1_336' title='bbox 3407 1404 3671 1454; x_wconf 86' lang='lat' dir='ltr'>movetur</span> 
     </span>
    </p>
   </div>
   <div class='ocr_carea' id='block_1_47' title="bbox 2013 1481 3668 1559">
    <p class='ocr_par' dir='ltr' id='par_1_47' title="bbox 2013 1481 3668 1559">
     <span class='ocr_line' id='line_1_47' title="bbox 2013 1481 3668 1559; baseline 0.007 -26"><span class='ocrx_word' id='word_1_337' title='bbox 2013 1495 2248 1551; x_wconf 88' lang='lat' dir='ltr'>corpus,</span> <span class='ocrx_word' id='word_1_338' title='bbox 2283 1481 2364 1536; x_wconf 89' lang='lat' dir='ltr'>ita</span> <span class='ocrx_word' id='word_1_339' title='bbox 2384 1487 2440 1537; x_wconf 92' lang='lat' dir='ltr'>et</span> <span class='ocrx_word' id='word_1_340' title='bbox 2469 1488 2624 1538; x_wconf 89' lang='lat' dir='ltr'>terra</span> <span class='ocrx_word' id='word_1_341' title='bbox 2672 1485 2912 1556; x_wconf 85' lang='lat' dir='ltr'>quando</span> <span class='ocrx_word' id='word_1_342' title='bbox 2961 1486 3115 1541; x_wconf 84' lang='lat' dir='ltr'>exire</span> <span class='ocrx_word' id='word_1_343' title='bbox 3167 1486 3457 1542; x_wconf 81' lang='lat' dir='ltr'>exhalatio</span> <span class='ocrx_word' id='word_1_344' title='bbox 3507 1489 3668 1559; x_wconf 78' lang='lat' dir='ltr'>cogi-</span> 
     </span>
    </p>
   </div>
   <div class='ocr_carea' id='block_1_48' title="bbox 2016 1570 3671 1634">
    <p class='ocr_par' dir='ltr' id='par_1_48' title="bbox 2016 1570 3671 1634">
     <span class='ocr_line' id='line_1_48' title="bbox 2016 1570 3671 1634; baseline 0.005 -11"><span class='ocrx_word' id='word_1_345' title='bbox 2016 1573 2132 1624; x_wconf 91' lang='lat' dir='ltr'>tur.</span> <span class='ocrx_word' id='word_1_346' title='bbox 2186 1570 2420 1626; x_wconf 86' lang='lat' dir='ltr'>Maximi</span> <span class='ocrx_word' id='word_1_347' title='bbox 2479 1577 2673 1628; x_wconf 89' lang='lat' dir='ltr'>autem</span> <span class='ocrx_word' id='word_1_348' title='bbox 2728 1579 2892 1629; x_wconf 67' lang='lat' dir='ltr'>terra:</span> <span class='ocrx_word' id='word_1_349' title='bbox 2944 1581 3141 1631; x_wconf 87' lang='lat' dir='ltr'>motus</span> <span class='ocrx_word' id='word_1_350' title='bbox 3189 1578 3340 1631; x_wconf 83' lang='lat' dir='ltr'>ﬁunt</span> <span class='ocrx_word' id='word_1_351' title='bbox 3387 1593 3523 1632; x_wconf 90' lang='lat' dir='ltr'>cum</span> <span class='ocrx_word' id='word_1_352' title='bbox 3571 1595 3671 1634; x_wconf 89' lang='lat' dir='ltr'>aer</span> 
     </span>
    </p>
   </div>
   <div class='ocr_carea' id='block_1_49' title="bbox 2015 1659 3674 1737">
    <p class='ocr_par' dir='ltr' id='par_1_49' title="bbox 2015 1659 3674 1737">
     <span class='ocr_line' id='line_1_49' title="bbox 2015 1659 3674 1737; baseline 0.006 -24"><span class='ocrx_word' id='word_1_353' title='bbox 2015 1659 2374 1731; x_wconf 89' lang='lat' dir='ltr'>tranquillus</span> <span class='ocrx_word' id='word_1_354' title='bbox 2396 1665 2506 1730; x_wconf 90' lang='lat' dir='ltr'>est,</span> <span class='ocrx_word' id='word_1_355' title='bbox 2541 1667 2596 1717; x_wconf 90' lang='lat' dir='ltr'>et</span> <span class='ocrx_word' id='word_1_356' title='bbox 2618 1668 2750 1734; x_wconf 85' lang='lat' dir='ltr'>post</span> <span class='ocrx_word' id='word_1_357' title='bbox 2772 1669 2940 1719; x_wconf 71' lang='lat' dir='ltr'>terra:</span> <span class='ocrx_word' id='word_1_358' title='bbox 2967 1668 3161 1720; x_wconf 90' lang='lat' dir='ltr'>motus</span> <span class='ocrx_word' id='word_1_359' title='bbox 3193 1666 3540 1737; x_wconf 87' lang='lat' dir='ltr'>plerumque</span> <span class='ocrx_word' id='word_1_360' title='bbox 3573 1668 3674 1723; x_wconf 82' lang='lat' dir='ltr'>ﬂat</span> 
     </span>
    </p>
   </div>
   <div class='ocr_carea' id='block_1_50' title="bbox 2015 1748 3669 1824">
    <p class='ocr_par' dir='ltr' id='par_1_50' title="bbox 2015 1748 3669 1824">
     <span class='ocr_line' id='line_1_50' title="bbox 2015 1748 3669 1824; baseline 0.007 -23"><span class='ocrx_word' id='word_1_361' title='bbox 2015 1753 2224 1803; x_wconf 90' lang='lat' dir='ltr'>ventus</span> <span class='ocrx_word' id='word_1_362' title='bbox 2251 1748 2584 1818; x_wconf 85' lang='lat' dir='ltr'>vehemens,</span> <span class='ocrx_word' id='word_1_363' title='bbox 2619 1757 2775 1806; x_wconf 89' lang='lat' dir='ltr'>terra</span> <span class='ocrx_word' id='word_1_364' title='bbox 2820 1751 3074 1808; x_wconf 85' lang='lat' dir='ltr'>violenta</span> <span class='ocrx_word' id='word_1_365' title='bbox 3121 1755 3364 1824; x_wconf 85' lang='lat' dir='ltr'>spiritus</span> <span class='ocrx_word' id='word_1_366' title='bbox 3406 1772 3669 1812; x_wconf 88' lang='lat' dir='ltr'>commo-</span> 
     </span>
    </p>
   </div>
   <div class='ocr_carea' id='block_1_51' title="bbox 2014 1835 3666 1914">
    <p class='ocr_par' dir='ltr' id='par_1_51' title="bbox 2014 1835 3666 1914">
     <span class='ocr_line' id='line_1_51' title="bbox 2014 1835 3666 1914; baseline 0.005 -24"><span class='ocrx_word' id='word_1_367' title='bbox 2014 1835 2174 1891; x_wconf 87' lang='lat' dir='ltr'>tione</span> <span class='ocrx_word' id='word_1_368' title='bbox 2204 1836 2489 1893; x_wconf 78' lang='lat' dir='ltr'>diﬂ&#39;racta.</span> <span class='ocrx_word' id='word_1_369' title='bbox 2523 1839 2594 1894; x_wconf 89' lang='lat' dir='ltr'>Et</span> <span class='ocrx_word' id='word_1_370' title='bbox 2625 1846 2791 1895; x_wconf 90' lang='lat' dir='ltr'>nocte</span> <span class='ocrx_word' id='word_1_371' title='bbox 2821 1842 2973 1896; x_wconf 79' lang='lat' dir='ltr'>fiunt</span> <span class='ocrx_word' id='word_1_372' title='bbox 3011 1842 3274 1898; x_wconf 85' lang='lat' dir='ltr'>crebrius</span> <span class='ocrx_word' id='word_1_373' title='bbox 3323 1861 3502 1914; x_wconf 89' lang='lat' dir='ltr'>quam</span> <span class='ocrx_word' id='word_1_374' title='bbox 3551 1845 3666 1913; x_wconf 90' lang='lat' dir='ltr'>die,</span> 
     </span>
    </p>
   </div>
   <div class='ocr_carea' id='block_1_52' title="bbox 2014 1925 3667 2004">
    <p class='ocr_par' dir='ltr' id='par_1_52' title="bbox 2014 1925 3667 2004">
     <span class='ocr_line' id='line_1_52' title="bbox 2014 1925 3667 2004; baseline 0.007 -25"><span class='ocrx_word' id='word_1_375' title='bbox 2014 1925 2150 1996; x_wconf 88' lang='lat' dir='ltr'>quia</span> <span class='ocrx_word' id='word_1_376' title='bbox 2175 1934 2342 1982; x_wconf 85' lang='lat' dir='ltr'>nocte</span> <span class='ocrx_word' id='word_1_377' title='bbox 2367 1932 2532 1983; x_wconf 72' lang='lat' dir='ltr'>terra:</span> <span class='ocrx_word' id='word_1_378' title='bbox 2555 1929 2897 2001; x_wconf 91' lang='lat' dir='ltr'>superﬁcies</span> <span class='ocrx_word' id='word_1_379' title='bbox 2921 1931 3110 2003; x_wconf 85' lang='lat' dir='ltr'>magis</span> <span class='ocrx_word' id='word_1_380' title='bbox 3143 1931 3406 2004; x_wconf 78' lang='lat' dir='ltr'>frigescit</span> <span class='ocrx_word' id='word_1_381' title='bbox 3433 1940 3490 1989; x_wconf 87' lang='lat' dir='ltr'>et</span> <span class='ocrx_word' id='word_1_382' title='bbox 3520 1935 3667 1990; x_wconf 87' lang='lat' dir='ltr'>den-</span> 
     </span>
    </p>
   </div>
   <div class='ocr_carea' id='block_1_53' title="bbox 2013 2016 3666 2091">
    <p class='ocr_par' dir='ltr' id='par_1_53' title="bbox 2013 2016 3666 2091">
     <span class='ocr_line' id='line_1_53' title="bbox 2013 2016 3666 2091; baseline 0.005 -21"><span class='ocrx_word' id='word_1_383' title='bbox 2013 2019 2195 2083; x_wconf 86' lang='lat' dir='ltr'>satur,</span> <span class='ocrx_word' id='word_1_384' title='bbox 2231 2016 2746 2091; x_wconf 81' lang='lat' dir='ltr'>exhalationesque</span> <span class='ocrx_word' id='word_1_385' title='bbox 2780 2019 2942 2076; x_wconf 90' lang='lat' dir='ltr'>intus</span> <span class='ocrx_word' id='word_1_386' title='bbox 2974 2021 3429 2078; x_wconf 89' lang='lat' dir='ltr'>concluduntur.</span> <span class='ocrx_word' id='word_1_387' title='bbox 3476 2024 3666 2079; x_wconf 74' lang='lat' dir='ltr'>Terrae</span> 
     </span>
    </p>
   </div>
   <div class='ocr_carea' id='block_1_54' title="bbox 2012 2109 3670 2184">
    <p class='ocr_par' dir='ltr' id='par_1_54' title="bbox 2012 2109 3670 2184">
     <span class='ocr_line' id='line_1_54' title="bbox 2012 2109 3670 2184; baseline 0.006 -26"><span class='ocrx_word' id='word_1_388' title='bbox 2012 2109 2210 2160; x_wconf 84' lang='lat' dir='ltr'>autem</span> <span class='ocrx_word' id='word_1_389' title='bbox 2282 2112 2474 2162; x_wconf 86' lang='lat' dir='ltr'>motus</span> <span class='ocrx_word' id='word_1_390' title='bbox 2539 2109 2887 2180; x_wconf 73' lang='lat' dir='ltr'>impetuosaa</span> <span class='ocrx_word' id='word_1_391' title='bbox 2946 2110 3157 2182; x_wconf 83' lang='lat' dir='ltr'>pluviae</span> <span class='ocrx_word' id='word_1_392' title='bbox 3214 2112 3553 2184; x_wconf 70' lang='lat' dir='ltr'>praecedunt</span> <span class='ocrx_word' id='word_1_393' title='bbox 3613 2119 3670 2169; x_wconf 88' lang='lat' dir='ltr'>et</span> 
     </span>
    </p>
   </div>
   <div class='ocr_carea' id='block_1_55' title="bbox 2013 2193 3666 2272">
    <p class='ocr_par' dir='ltr' id='par_1_55' title="bbox 2013 2193 3666 2272">
     <span class='ocr_line' id='line_1_55' title="bbox 2013 2193 3666 2272; baseline 0.006 -23"><span class='ocrx_word' id='word_1_394' title='bbox 2013 2193 2220 2249; x_wconf 87' lang='lat' dir='ltr'>deinde</span> <span class='ocrx_word' id='word_1_395' title='bbox 2253 2211 2320 2250; x_wconf 81' lang='lat' dir='ltr'>ex</span> <span class='ocrx_word' id='word_1_396' title='bbox 2349 2195 2537 2252; x_wconf 90' lang='lat' dir='ltr'>calore</span> <span class='ocrx_word' id='word_1_397' title='bbox 2569 2197 2828 2254; x_wconf 88' lang='lat' dir='ltr'>siccitas.</span> <span class='ocrx_word' id='word_1_398' title='bbox 2881 2199 3031 2255; x_wconf 90' lang='lat' dir='ltr'>Sunt</span> <span class='ocrx_word' id='word_1_399' title='bbox 3075 2217 3207 2256; x_wconf 87' lang='lat' dir='ltr'>vero</span> <span class='ocrx_word' id='word_1_400' title='bbox 3257 2201 3666 2272; x_wconf 86' lang='lat' dir='ltr'>particulares,</span> 
     </span>
    </p>
   </div>
   <div class='ocr_carea' id='block_1_56' title="bbox 2013 2283 3663 2359">
    <p class='ocr_par' dir='ltr' id='par_1_56' title="bbox 2013 2283 3663 2359">
     <span class='ocr_line' id='line_1_56' title="bbox 2013 2283 3663 2359; baseline 0.005 -22"><span class='ocrx_word' id='word_1_401' title='bbox 2013 2283 2200 2354; x_wconf 74' lang='lat' dir='ltr'>(terrea</span> <span class='ocrx_word' id='word_1_402' title='bbox 2235 2289 2455 2352; x_wconf 88' lang='lat' dir='ltr'>motus)</span> <span class='ocrx_word' id='word_1_403' title='bbox 2488 2303 2678 2358; x_wconf 88' lang='lat' dir='ltr'>neque</span> <span class='ocrx_word' id='word_1_404' title='bbox 2709 2305 2814 2359; x_wconf 90' lang='lat' dir='ltr'>per</span> <span class='ocrx_word' id='word_1_405' title='bbox 2852 2287 3180 2344; x_wconf 82' lang='lat' dir='ltr'>universam</span> <span class='ocrx_word' id='word_1_406' title='bbox 3230 2294 3444 2345; x_wconf 83' lang='lat' dir='ltr'>terram</span> <span class='ocrx_word' id='word_1_407' title='bbox 3491 2291 3663 2347; x_wconf 88' lang='lat' dir='ltr'>ﬁunt.</span> 
     </span>
    </p>
   </div>
   <div class='ocr_carea' id='block_1_57' title="bbox 2010 2373 3664 2448">
    <p class='ocr_par' dir='ltr' id='par_1_57' title="bbox 2010 2373 3664 2448">
     <span class='ocr_line' id='line_1_57' title="bbox 2010 2373 3664 2448; baseline 0.004 -20"><span class='ocrx_word' id='word_1_408' title='bbox 2010 2373 2200 2429; x_wconf 75' lang='lat' dir='ltr'>Semel</span> <span class='ocrx_word' id='word_1_409' title='bbox 2250 2374 2405 2429; x_wconf 90' lang='lat' dir='ltr'>enim</span> <span class='ocrx_word' id='word_1_410' title='bbox 2457 2376 2733 2431; x_wconf 86' lang='lat' dir='ltr'>universa</span> <span class='ocrx_word' id='word_1_411' title='bbox 2800 2380 2952 2432; x_wconf 85' lang='lat' dir='ltr'>terra</span> <span class='ocrx_word' id='word_1_412' title='bbox 3003 2382 3161 2433; x_wconf 88' lang='lat' dir='ltr'>mota</span> <span class='ocrx_word' id='word_1_413' title='bbox 3205 2383 3314 2448; x_wconf 88' lang='lat' dir='ltr'>est,</span> <span class='ocrx_word' id='word_1_414' title='bbox 3363 2379 3664 2435; x_wconf 88' lang='lat' dir='ltr'>Passionis</span> 
     </span>
    </p>
   </div>
   <div class='ocr_carea' id='block_1_58' title="bbox 2011 2462 3665 2538">
    <p class='ocr_par' dir='ltr' id='par_1_58' title="bbox 2011 2462 3665 2538">
     <span class='ocr_line' id='line_1_58' title="bbox 2011 2462 3665 2538; baseline 0.005 -20"><span class='ocrx_word' id='word_1_415' title='bbox 2011 2462 2328 2519; x_wconf 84' lang='lat' dir='ltr'>Salvatoris</span> <span class='ocrx_word' id='word_1_416' title='bbox 2356 2465 2588 2520; x_wconf 89' lang='lat' dir='ltr'>Domini</span> <span class='ocrx_word' id='word_1_417' title='bbox 2621 2466 2804 2521; x_wconf 86' lang='lat' dir='ltr'>nostri</span> <span class='ocrx_word' id='word_1_418' title='bbox 2839 2471 3121 2538; x_wconf 90' lang='lat' dir='ltr'>tempore,</span> <span class='ocrx_word' id='word_1_419' title='bbox 3155 2467 3282 2538; x_wconf 84' lang='lat' dir='ltr'>ipso</span> <span class='ocrx_word' id='word_1_420' title='bbox 3328 2472 3490 2524; x_wconf 71' lang='lat' dir='ltr'>terrae</span> <span class='ocrx_word' id='word_1_421' title='bbox 3535 2486 3665 2526; x_wconf 88' lang='lat' dir='ltr'>cen-</span> 
     </span>
    </p>
   </div>
   <div class='ocr_carea' id='block_1_59' title="bbox 2010 2553 3662 2628">
    <p class='ocr_par' dir='ltr' id='par_1_59' title="bbox 2010 2553 3662 2628">
     <span class='ocr_line' id='line_1_59' title="bbox 2010 2553 3662 2628; baseline 0.003 -22"><span class='ocrx_word' id='word_1_422' title='bbox 2010 2556 2099 2608; x_wconf 90' lang='lat' dir='ltr'>tro</span> <span class='ocrx_word' id='word_1_423' title='bbox 2133 2553 2368 2623; x_wconf 78' lang='lat' dir='ltr'>agitato.</span> <span class='ocrx_word' id='word_1_424' title='bbox 2402 2555 2600 2626; x_wconf 88' lang='lat' dir='ltr'>Neque</span> <span class='ocrx_word' id='word_1_425' title='bbox 2633 2556 2781 2610; x_wconf 91' lang='lat' dir='ltr'>ﬁunt</span> <span class='ocrx_word' id='word_1_426' title='bbox 2825 2556 2883 2610; x_wconf 91' lang='lat' dir='ltr'>in</span> <span class='ocrx_word' id='word_1_427' title='bbox 2930 2556 3089 2611; x_wconf 90' lang='lat' dir='ltr'>omni</span> <span class='ocrx_word' id='word_1_428' title='bbox 3142 2557 3398 2628; x_wconf 83' lang='lat' dir='ltr'>regione,</span> <span class='ocrx_word' id='word_1_429' title='bbox 3451 2558 3549 2612; x_wconf 90' lang='lat' dir='ltr'>sed</span> <span class='ocrx_word' id='word_1_430' title='bbox 3601 2557 3662 2611; x_wconf 89' lang='lat' dir='ltr'>in</span> 
     </span>
    </p>
   </div>
   <div class='ocr_carea' id='block_1_60' title="bbox 2011 2641 3666 2718">
    <p class='ocr_par' dir='ltr' id='par_1_60' title="bbox 2011 2641 3666 2718">
     <span class='ocr_line' id='line_1_60' title="bbox 2011 2641 3666 2718; baseline 0.002 -21"><span class='ocrx_word' id='word_1_431' title='bbox 2011 2641 2102 2697; x_wconf 92' lang='lat' dir='ltr'>his</span> <span class='ocrx_word' id='word_1_432' title='bbox 2135 2641 2506 2700; x_wconf 87' lang='lat' dir='ltr'>solummodo</span> <span class='ocrx_word' id='word_1_433' title='bbox 2538 2643 2596 2699; x_wconf 92' lang='lat' dir='ltr'>in</span> <span class='ocrx_word' id='word_1_434' title='bbox 2630 2644 2846 2716; x_wconf 90' lang='lat' dir='ltr'>quibus</span> <span class='ocrx_word' id='word_1_435' title='bbox 2895 2649 3048 2701; x_wconf 91' lang='lat' dir='ltr'>terra</span> <span class='ocrx_word' id='word_1_436' title='bbox 3096 2649 3183 2701; x_wconf 85' lang='lat' dir='ltr'>est</span> <span class='ocrx_word' id='word_1_437' title='bbox 3237 2645 3556 2718; x_wconf 86' lang='lat' dir='ltr'>spongiosa</span> <span class='ocrx_word' id='word_1_438' title='bbox 3607 2650 3666 2701; x_wconf 87' lang='lat' dir='ltr'>et</span> 
     </span>
    </p>
   </div>
   <div class='ocr_carea' id='block_1_61' title="bbox 2011 2731 3661 2804">
    <p class='ocr_par' dir='ltr' id='par_1_61' title="bbox 2011 2731 3661 2804">
     <span class='ocr_line' id='line_1_61' title="bbox 2011 2731 3661 2804; baseline 0.002 -18"><span class='ocrx_word' id='word_1_439' title='bbox 2011 2731 2265 2801; x_wconf 89' lang='lat' dir='ltr'>rimosa;</span> <span class='ocrx_word' id='word_1_440' title='bbox 2297 2733 2436 2787; x_wconf 92' lang='lat' dir='ltr'>etin</span> <span class='ocrx_word' id='word_1_441' title='bbox 2471 2733 2824 2804; x_wconf 88' lang='lat' dir='ltr'>quibusdam</span> <span class='ocrx_word' id='word_1_442' title='bbox 2860 2734 3162 2802; x_wconf 80' lang='lat' dir='ltr'>continuo,</span> <span class='ocrx_word' id='word_1_443' title='bbox 3216 2733 3275 2789; x_wconf 93' lang='lat' dir='ltr'>in</span> <span class='ocrx_word' id='word_1_444' title='bbox 3326 2734 3456 2789; x_wconf 88' lang='lat' dir='ltr'>aliis</span> <span class='ocrx_word' id='word_1_445' title='bbox 3508 2751 3661 2804; x_wconf 86' lang='lat' dir='ltr'>raro,</span> 
     </span>
    </p>
   </div>
   <div class='ocr_carea' id='block_1_62' title="bbox 2008 2824 3662 2896">
    <p class='ocr_par' dir='ltr' id='par_1_62' title="bbox 2008 2824 3662 2896">
     <span class='ocr_line' id='line_1_62' title="bbox 2008 2824 3662 2896; baseline 0.002 -21"><span class='ocrx_word' id='word_1_446' title='bbox 2008 2825 2065 2875; x_wconf 87' lang='lat' dir='ltr'>et</span> <span class='ocrx_word' id='word_1_447' title='bbox 2086 2837 2216 2876; x_wconf 89' lang='lat' dir='ltr'>vere</span> <span class='ocrx_word' id='word_1_448' title='bbox 2238 2826 2413 2894; x_wconf 90' lang='lat' dir='ltr'>atque</span> <span class='ocrx_word' id='word_1_449' title='bbox 2435 2827 2719 2878; x_wconf 88' lang='lat' dir='ltr'>autumno</span> <span class='ocrx_word' id='word_1_450' title='bbox 2740 2824 2934 2896; x_wconf 86' lang='lat' dir='ltr'>potius</span> <span class='ocrx_word' id='word_1_451' title='bbox 2954 2841 3129 2896; x_wconf 86' lang='lat' dir='ltr'>quam</span> <span class='ocrx_word' id='word_1_452' title='bbox 3155 2824 3347 2879; x_wconf 89' lang='lat' dir='ltr'>hieme</span> <span class='ocrx_word' id='word_1_453' title='bbox 3361 2841 3424 2878; x_wconf 89' lang='lat' dir='ltr'>ac</span> <span class='ocrx_word' id='word_1_454' title='bbox 3439 2828 3662 2880; x_wconf 71' lang='lat' dir='ltr'>testate.</span> 
     </span>
    </p>
   </div>
   <div class='ocr_carea' id='block_1_63' title="bbox 2008 2911 3662 2986">
    <p class='ocr_par' dir='ltr' id='par_1_63' title="bbox 2008 2911 3662 2986">
     <span class='ocr_line' id='line_1_63' title="bbox 2008 2911 3662 2986; baseline 0.003 -22"><span class='ocrx_word' id='word_1_455' title='bbox 2008 2911 2127 2965; x_wconf 87' lang='lat' dir='ltr'>Etsi</span> <span class='ocrx_word' id='word_1_456' title='bbox 2153 2912 2406 2982; x_wconf 90' lang='lat' dir='ltr'>quadam</span> <span class='ocrx_word' id='word_1_457' title='bbox 2432 2917 2651 2967; x_wconf 64' lang='lat' dir='ltr'>naturae</span> <span class='ocrx_word' id='word_1_458' title='bbox 2675 2912 2800 2986; x_wconf 84' lang='lat' dir='ltr'>lege</span> <span class='ocrx_word' id='word_1_459' title='bbox 2823 2913 2942 2969; x_wconf 66' lang='lat' dir='ltr'>haec</span> <span class='ocrx_word' id='word_1_460' title='bbox 2965 2913 3314 2980; x_wconf 82' lang='lat' dir='ltr'>efﬁciantur,</span> <span class='ocrx_word' id='word_1_461' title='bbox 3350 2913 3448 2968; x_wconf 88' lang='lat' dir='ltr'>sed</span> <span class='ocrx_word' id='word_1_462' title='bbox 3485 2914 3662 2970; x_wconf 86' lang='lat' dir='ltr'>etiam</span> 
     </span>
    </p>
   </div>
   <div class='ocr_carea' id='block_1_64' title="bbox 2009 2998 3664 3072">
    <p class='ocr_par' dir='ltr' id='par_1_64' title="bbox 2009 2998 3664 3072">
     <span class='ocr_line' id='line_1_64' title="bbox 2009 2998 3664 3072; baseline 0.003 -18"><span class='ocrx_word' id='word_1_463' title='bbox 2009 2998 2108 3054; x_wconf 91' lang='lat' dir='ltr'>Dei</span> <span class='ocrx_word' id='word_1_464' title='bbox 2141 3000 2440 3055; x_wconf 88' lang='lat' dir='ltr'>voluntate</span> <span class='ocrx_word' id='word_1_465' title='bbox 2471 3005 2527 3056; x_wconf 89' lang='lat' dir='ltr'>et</span> <span class='ocrx_word' id='word_1_466' title='bbox 2558 3003 2947 3072; x_wconf 88' lang='lat' dir='ltr'>providentia.</span> <span class='ocrx_word' id='word_1_467' title='bbox 2968 3003 3477 3068; x_wconf 87' lang='lat' dir='ltr'>Quemadmodum</span> <span class='ocrx_word' id='word_1_468' title='bbox 3505 3003 3664 3059; x_wconf 90' lang='lat' dir='ltr'>enim</span> 
     </span>
    </p>
   </div>
   <div class='ocr_carea' id='block_1_65' title="bbox 2007 3089 3667 3165">
    <p class='ocr_par' dir='ltr' id='par_1_65' title="bbox 2007 3089 3667 3165">
     <span class='ocr_line' id='line_1_65' title="bbox 2007 3089 3667 3165; baseline 0.004 -21"><span class='ocrx_word' id='word_1_469' title='bbox 2007 3105 2197 3160; x_wconf 90' lang='lat' dir='ltr'>neque</span> <span class='ocrx_word' id='word_1_470' title='bbox 2251 3089 2446 3161; x_wconf 90' lang='lat' dir='ltr'>pluvia</span> <span class='ocrx_word' id='word_1_471' title='bbox 2503 3107 2691 3162; x_wconf 90' lang='lat' dir='ltr'>neque</span> <span class='ocrx_word' id='word_1_472' title='bbox 2753 3091 2869 3160; x_wconf 82' lang='lat' dir='ltr'>nix,</span> <span class='ocrx_word' id='word_1_473' title='bbox 2929 3108 3118 3164; x_wconf 91' lang='lat' dir='ltr'>neque</span> <span class='ocrx_word' id='word_1_474' title='bbox 3174 3091 3413 3163; x_wconf 86' lang='lat' dir='ltr'>glacies,</span> <span class='ocrx_word' id='word_1_475' title='bbox 3473 3109 3667 3165; x_wconf 89' lang='lat' dir='ltr'>neque</span> 
     </span>
    </p>
   </div>
   <div class='ocr_carea' id='block_1_66' title="bbox 2008 3177 3663 3250">
    <p class='ocr_par' dir='ltr' id='par_1_66' title="bbox 2008 3177 3663 3250">
     <span class='ocr_line' id='line_1_66' title="bbox 2008 3177 3663 3250; baseline 0.003 -16"><span class='ocrx_word' id='word_1_476' title='bbox 2008 3177 2226 3234; x_wconf 85' lang='lat' dir='ltr'>fulmen</span> <span class='ocrx_word' id='word_1_477' title='bbox 2254 3179 2476 3250; x_wconf 90' lang='lat' dir='ltr'>absque</span> <span class='ocrx_word' id='word_1_478' title='bbox 2503 3180 2759 3236; x_wconf 91' lang='lat' dir='ltr'>nubibus</span> <span class='ocrx_word' id='word_1_479' title='bbox 2791 3180 3087 3248; x_wconf 88' lang='lat' dir='ltr'>decidunt,</span> <span class='ocrx_word' id='word_1_480' title='bbox 3124 3183 3224 3236; x_wconf 92' lang='lat' dir='ltr'>sed</span> <span class='ocrx_word' id='word_1_481' title='bbox 3261 3182 3663 3239; x_wconf 84' lang='lat' dir='ltr'>mediantibus</span> 
     </span>
    </p>
   </div>
   <div class='ocr_carea' id='block_1_67' title="bbox 243 3255 1898 3344">
    <p class='ocr_par' dir='ltr' id='par_1_67' title="bbox 243 3255 1898 3344">
     <span class='ocr_line' id='line_1_67' title="bbox 243 3255 1898 3344; baseline -0.002 -21"><span class='ocrx_word' id='word_1_482' title='bbox 243 3255 501 3342; x_wconf 81' lang='grc' dir='ltr'>κεραυνὸς</span> <span class='ocrx_word' id='word_1_483' title='bbox 558 3267 903 3344; x_wconf 70' lang='grc' dir='ltr'>κατέρχεται,</span> <span class='ocrx_word' id='word_1_484' title='bbox 969 3267 1044 3340; x_wconf 76' lang='grc' dir='ltr'>μὴ</span> <span class='ocrx_word' id='word_1_485' title='bbox 1115 3261 1270 3330; x_wconf 75' lang='grc' dir='ltr'>ὄντος</span> <span class='ocrx_word' id='word_1_486' title='bbox 1331 3268 1545 3344; x_wconf 73' lang='grc' dir='ltr'>νέφους,</span> <span class='ocrx_word' id='word_1_487' title='bbox 1607 3265 1750 3322; x_wconf 72' lang='grc' dir='ltr'>ἀλλὰ</span> <span class='ocrx_word' id='word_1_488' title='bbox 1811 3264 1898 3320; x_wconf 83' lang='grc' dir='ltr'>διᾶ</span> 
     </span>
    </p>
   </div>
   <div class='ocr_carea' id='block_1_68' title="bbox 2012 3255 3660 3344">
    <p class='ocr_par' dir='ltr' id='par_1_68' title="bbox 2016 3267 3660 3342">
     <span class='ocr_line' id='line_1_68' title="bbox 2016 3267 3660 3342; baseline 0.003 -21"><span class='ocrx_word' id='word_1_489' title='bbox 2016 3267 2132 3323; x_wconf 92' lang='lat' dir='ltr'>illis</span> <span class='ocrx_word' id='word_1_490' title='bbox 2191 3267 2452 3323; x_wconf 88' lang='lat' dir='ltr'>divinum</span> <span class='ocrx_word' id='word_1_491' title='bbox 2516 3269 2832 3324; x_wconf 89' lang='lat' dir='ltr'>consilium</span> <span class='ocrx_word' id='word_1_492' title='bbox 2891 3269 3214 3342; x_wconf 90' lang='lat' dir='ltr'>perﬁcitur,</span> <span class='ocrx_word' id='word_1_493' title='bbox 3265 3275 3328 3324; x_wconf 90' lang='lat' dir='ltr'>ut</span> <span class='ocrx_word' id='word_1_494' title='bbox 3375 3271 3446 3325; x_wconf 88' lang='lat' dir='ltr'>ab</span> <span class='ocrx_word' id='word_1_495' title='bbox 3492 3271 3660 3327; x_wconf 89' lang='lat' dir='ltr'>initio</span> 
     </span>
    </p>
   </div>
   <div class='ocr_carea' id='block_1_69' title="bbox 245 3355 1896 3434">
    <p class='ocr_par' dir='ltr' id='par_1_69' title="bbox 245 3355 1896 3434">
     <span class='ocr_line' id='line_1_69' title="bbox 245 3355 1896 3434; baseline -0.001 -23"><span class='ocrx_word' id='word_1_496' title='bbox 245 3357 406 3429; x_wconf 70' lang='grc' dir='ltr'>μέσου</span> <span class='ocrx_word' id='word_1_497' title='bbox 434 3356 635 3412; x_wconf 64' lang='grc' dir='ltr'>τούτου</span> <span class='ocrx_word' id='word_1_498' title='bbox 677 3357 738 3411; x_wconf 84' lang='grc' dir='ltr'>τὸ</span> <span class='ocrx_word' id='word_1_499' title='bbox 768 3355 819 3412; x_wconf 80' lang='grc' dir='ltr'>ἐν</span> <span class='ocrx_word' id='word_1_500' title='bbox 873 3355 1090 3419; x_wconf 80' lang='grc' dir='ltr'>τούτοις</span> <span class='ocrx_word' id='word_1_501' title='bbox 1139 3357 1280 3412; x_wconf 83' lang='grc' dir='ltr'>θεῖον</span> <span class='ocrx_word' id='word_1_502' title='bbox 1343 3356 1669 3434; x_wconf 80' lang='grc' dir='ltr'>πρόσταγμα</span> <span class='ocrx_word' id='word_1_503' title='bbox 1720 3355 1896 3410; x_wconf 85' lang='grc' dir='ltr'>τελεῖ-</span> 
     </span>
    </p>
   </div>
   <div class='ocr_carea' id='block_1_70' title="bbox 243 3437 1907 3522">
    <p class='ocr_par' dir='ltr' id='par_1_70' title="bbox 243 3437 1907 3522">
     <span class='ocr_line' id='line_1_70' title="bbox 243 3437 1907 3522; baseline -0.002 -21"><span class='ocrx_word' id='word_1_504' title='bbox 243 3468 353 3517; x_wconf 85' lang='grc' dir='ltr'>ται,</span> <span class='ocrx_word' id='word_1_505' title='bbox 384 3448 458 3510; x_wconf 85' lang='grc' dir='ltr'>ὡς</span> <span class='ocrx_word' id='word_1_506' title='bbox 488 3447 734 3522; x_wconf 75' lang='grc' dir='ltr'>ἀρχῆθεν</span> <span class='ocrx_word' id='word_1_507' title='bbox 769 3447 796 3501; x_wconf 96' lang='lat'>6</span> <span class='ocrx_word' id='word_1_508' title='bbox 819 3447 1168 3522; x_wconf 86' lang='grc' dir='ltr'>Δημιουργὸς</span> <span class='ocrx_word' id='word_1_509' title='bbox 1210 3443 1528 3518; x_wconf 76' lang='grc' dir='ltr'>εὐδόκησεν,</span> <span class='ocrx_word' id='word_1_510' title='bbox 1562 3442 1734 3506; x_wconf 70' lang='grc' dir='ltr'>οὕτως</span> <span class='ocrx_word' id='word_1_511' title='bbox 1772 3437 1907 3498; x_wconf 68' lang='grc' dir='ltr'>οὐδὲ¹</span> 
     </span>
    </p>
   </div>
   <div class='ocr_carea' id='block_1_71' title="bbox 243 3533 1895 3614">
    <p class='ocr_par' dir='ltr' id='par_1_71' title="bbox 243 3533 1895 3614">
     <span class='ocr_line' id='line_1_71' title="bbox 243 3533 1895 3614; baseline 0.001 -25"><span class='ocrx_word' id='word_1_512' title='bbox 243 3537 272 3589; x_wconf 75' lang='grc' dir='ltr'><strong>ὁ</strong></span> <span class='ocrx_word' id='word_1_513' title='bbox 306 3537 524 3609; x_wconf 84' lang='grc' dir='ltr'>σεισμὸς</span> <span class='ocrx_word' id='word_1_514' title='bbox 549 3537 675 3590; x_wconf 81' lang='grc' dir='ltr'>ἄνευ</span> <span class='ocrx_word' id='word_1_515' title='bbox 705 3534 882 3599; x_wconf 76' lang='grc' dir='ltr'>αἰτίας</span> <span class='ocrx_word' id='word_1_516' title='bbox 929 3541 1161 3614; x_wconf 77' lang='grc' dir='ltr'>φυσικῆς</span> <span class='ocrx_word' id='word_1_517' title='bbox 1210 3533 1301 3590; x_wconf 83' lang='grc' dir='ltr'>καὶ</span> <span class='ocrx_word' id='word_1_518' title='bbox 1356 3533 1502 3600; x_wconf 84' lang='grc' dir='ltr'>θείας</span> <span class='ocrx_word' id='word_1_519' title='bbox 1560 3533 1895 3611; x_wconf 71' lang='grc' dir='ltr'>βουλήσεως.</span> 
     </span>
    </p>
   </div>
   <div class='ocr_carea' id='block_1_72' title="bbox 648 3661 1475 3738">
    <p class='ocr_par' dir='ltr' id='par_1_72' title="bbox 648 3661 1475 3738">
     <span class='ocr_line' id='line_1_72' title="bbox 648 3661 1475 3738; baseline 0.004 -22"><span class='ocrx_word' id='word_1_520' title='bbox 648 3662 711 3725; x_wconf 85' lang='grc' dir='ltr'>ς’.</span> <span class='ocrx_word' id='word_1_521' title='bbox 749 3661 879 3736; x_wconf 82' lang='grc' dir='ltr'>Περὶ</span> <span class='ocrx_word' id='word_1_522' title='bbox 910 3665 1171 3734; x_wconf 82' lang='grc' dir='ltr'>κομητῶν</span> <span class='ocrx_word' id='word_1_523' title='bbox 1215 3661 1475 3738; x_wconf 75' lang='grc' dir='ltr'>ἀστίρων.</span> 
     </span>
    </p>
   </div>
   <div class='ocr_carea' id='block_1_73' title="bbox 317 3773 1896 3851">
    <p class='ocr_par' dir='ltr' id='par_1_73' title="bbox 317 3773 1896 3851">
     <span class='ocr_line' id='line_1_73' title="bbox 317 3773 1896 3851; baseline 0.001 -21"><span class='ocrx_word' id='word_1_524' title='bbox 317 3777 374 3829; x_wconf 72' lang='grc' dir='ltr'>Οἱ</span> <span class='ocrx_word' id='word_1_525' title='bbox 407 3773 463 3830; x_wconf 72' lang='grc' dir='ltr'>δὲ</span> <span class='ocrx_word' id='word_1_526' title='bbox 511 3782 753 3847; x_wconf 76' lang='grc' dir='ltr'>κομῆται</span> <span class='ocrx_word' id='word_1_527' title='bbox 798 3776 1059 3850; x_wconf 86' lang='grc' dir='ltr'>γίνονται,</span> <span class='ocrx_word' id='word_1_528' title='bbox 1120 3777 1531 3850; x_wconf 83' lang='grc' dir='ltr'>ἀναθυμιάσεως</span> <span class='ocrx_word' id='word_1_529' title='bbox 1581 3777 1746 3851; x_wconf 76' lang='grc' dir='ltr'>ὑγρᾶς</span> <span class='ocrx_word' id='word_1_530' title='bbox 1770 3776 1896 3831; x_wconf 79' lang='grc' dir='ltr'>ἀνα-</span> 
     </span>
    </p>
   </div>
   <div class='ocr_carea' id='block_1_74' title="bbox 249 3863 1896 3942">
    <p class='ocr_par' dir='ltr' id='par_1_74' title="bbox 249 3863 1896 3942">
     <span class='ocr_line' id='line_1_74' title="bbox 249 3863 1896 3942; baseline 0.002 -26"><span class='ocrx_word' id='word_1_531' title='bbox 249 3865 467 3938; x_wconf 71' lang='grc' dir='ltr'>χθείσης</span> <span class='ocrx_word' id='word_1_532' title='bbox 525 3863 604 3925; x_wconf 84' lang='grc' dir='ltr'>εἷς</span> <span class='ocrx_word' id='word_1_533' title='bbox 667 3865 730 3919; x_wconf 83' lang='grc' dir='ltr'>τὸ</span> <span class='ocrx_word' id='word_1_534' title='bbox 789 3863 1127 3937; x_wconf 68' lang='grc' dir='ltr'>ὑπέκκαυμα,</span> <span class='ocrx_word' id='word_1_535' title='bbox 1197 3866 1412 3921; x_wconf 85' lang='grc' dir='ltr'>κάκεῖσε</span> <span class='ocrx_word' id='word_1_536' title='bbox 1467 3863 1896 3942; x_wconf 84' lang='grc' dir='ltr'>περιπλακείσης</span> 
     </span>
    </p>
   </div>
   <div class='ocr_carea' id='block_1_75' title="bbox 257 3952 1897 4032">
    <p class='ocr_par' dir='ltr' id='par_1_75' title="bbox 257 3952 1897 4032">
     <span class='ocr_line' id='line_1_75' title="bbox 257 3952 1897 4032; baseline 0.001 -26"><span class='ocrx_word' id='word_1_537' title='bbox 257 3952 398 4027; x_wconf 76' lang='grc' dir='ltr'>μέρει</span> <span class='ocrx_word' id='word_1_538' title='bbox 445 3954 552 4008; x_wconf 80' lang='grc' dir='ltr'>τινὶ</span> <span class='ocrx_word' id='word_1_539' title='bbox 597 3957 694 4008; x_wconf 73' lang='grc' dir='ltr'>τοῦ</span> <span class='ocrx_word' id='word_1_540' title='bbox 743 3952 915 4009; x_wconf 71' lang='grc' dir='ltr'>ικεῖσε</span> <span class='ocrx_word' id='word_1_541' title='bbox 964 3954 1154 4028; x_wconf 86' lang='grc' dir='ltr'>πυρὸς,</span> <span class='ocrx_word' id='word_1_542' title='bbox 1186 3956 1273 4009; x_wconf 82' lang='grc' dir='ltr'>καὶ</span> <span class='ocrx_word' id='word_1_543' title='bbox 1331 3956 1494 4009; x_wconf 73' lang='grc' dir='ltr'>οἱονεὶ</span> <span class='ocrx_word' id='word_1_544' title='bbox 1549 3962 1756 4032; x_wconf 71' lang='grc' dir='ltr'>τροφῆς</span> <span class='ocrx_word' id='word_1_545' title='bbox 1807 3955 1897 4008; x_wconf 86' lang='grc' dir='ltr'>καὶ</span> 
     </span>
    </p>
   </div>
   <div class='ocr_carea' id='block_1_76' title="bbox 263 4039 1897 4117">
    <p class='ocr_par' dir='ltr' id='par_1_76' title="bbox 263 4039 1897 4117">
     <span class='ocr_line' id='line_1_76' title="bbox 263 4039 1897 4117; baseline 0.002 -23"><span class='ocrx_word' id='word_1_546' title='bbox 263 4039 393 4110; x_wconf 69' lang='grc' dir='ltr'>ὕλης</span> <span class='ocrx_word' id='word_1_547' title='bbox 423 4042 604 4114; x_wconf 65' lang='grc' dir='ltr'>τούτῳ</span> <span class='ocrx_word' id='word_1_548' title='bbox 651 4041 1097 4117; x_wconf 70' lang='grc' dir='ltr'>χρηματισάσης.</span> <span class='ocrx_word' id='word_1_549' title='bbox 1144 4044 1352 4098; x_wconf 84' lang='grc' dir='ltr'>Γίνεται</span> <span class='ocrx_word' id='word_1_550' title='bbox 1403 4041 1460 4098; x_wconf 70' lang='grc' dir='ltr'>δὲ</span> <span class='ocrx_word' id='word_1_551' title='bbox 1504 4049 1665 4098; x_wconf 81' lang='grc' dir='ltr'>τοῦτο</span> <span class='ocrx_word' id='word_1_552' title='bbox 1715 4043 1897 4098; x_wconf 75' lang='grc' dir='ltr'>τὸτοῦ</span> 
     </span>
    </p>
   </div>
   <div class='ocr_carea' id='block_1_77' title="bbox 185 4132 1896 4207">
    <p class='ocr_par' dir='ltr' id='par_1_77' title="bbox 185 4132 1896 4207">
     <span class='ocr_line' id='line_1_77' title="bbox 185 4132 1896 4207; baseline -0.001 -19"><span class='ocrx_word' id='word_1_553' title='bbox 185 4185 190 4188; x_wconf 82' lang='grc'>.</span> <span class='ocrx_word' id='word_1_554' title='bbox 249 4134 490 4202; x_wconf 65' lang='grc' dir='ltr'>κομήτου</span> <span class='ocrx_word' id='word_1_555' title='bbox 525 4134 718 4205; x_wconf 73' lang='grc' dir='ltr'>σχῆμα</span> <span class='ocrx_word' id='word_1_556' title='bbox 744 4137 1016 4200; x_wconf 76' lang='grc' dir='ltr'>τοιοῦτον,</span> <span class='ocrx_word' id='word_1_557' title='bbox 1071 4133 1181 4186; x_wconf 74' lang='grc' dir='ltr'>οἷον</span> <span class='ocrx_word' id='word_1_558' title='bbox 1231 4132 1372 4207; x_wconf 71' lang='grc' dir='ltr'>τύχῃ</span> <span class='ocrx_word' id='word_1_559' title='bbox 1419 4133 1482 4187; x_wconf 85' lang='grc' dir='ltr'>τὸ</span> <span class='ocrx_word' id='word_1_560' title='bbox 1510 4133 1896 4205; x_wconf 80' lang='grc' dir='ltr'>ἀναθυμιώμε-</span> 
     </span>
    </p>
   </div>
   <div class='ocr_carea' id='block_1_78' title="bbox 249 4218 1892 4298">
    <p class='ocr_par' dir='ltr' id='par_1_78' title="bbox 249 4218 1892 4298">
     <span class='ocr_line' id='line_1_78' title="bbox 249 4218 1892 4298; baseline 0.001 -25"><span class='ocrx_word' id='word_1_561' title='bbox 249 4241 334 4274; x_wconf 86' lang='grc' dir='ltr'>νον</span> <span class='ocrx_word' id='word_1_562' title='bbox 361 4219 852 4295; x_wconf 72' lang='grc' dir='ltr'>ἐσχηματισμένον.</span> <span class='ocrx_word' id='word_1_563' title='bbox 913 4221 1033 4278; x_wconf 76' lang='grc' dir='ltr'>Εἰσὶ</span> <span class='ocrx_word' id='word_1_564' title='bbox 1085 4219 1142 4276; x_wconf 70' lang='grc' dir='ltr'>δὲ</span> <span class='ocrx_word' id='word_1_565' title='bbox 1196 4219 1390 4297; x_wconf 85' lang='grc' dir='ltr'>σχεδὸν</span> <span class='ocrx_word' id='word_1_566' title='bbox 1441 4222 1492 4276; x_wconf 78' lang='grc' dir='ltr'>οἱ</span> <span class='ocrx_word' id='word_1_567' title='bbox 1538 4218 1761 4282; x_wconf 84' lang='grc' dir='ltr'>πλείους</span> <span class='ocrx_word' id='word_1_568' title='bbox 1793 4242 1892 4298; x_wconf 79' lang='grc' dir='ltr'>φα-</span> 
     </span>
    </p>
   </div>
   <div class='ocr_carea' id='block_1_79' title="bbox 251 4307 890 4386">
    <p class='ocr_par' dir='ltr' id='par_1_79' title="bbox 251 4307 890 4386">
     <span class='ocr_line' id='line_1_79' title="bbox 251 4307 890 4386; baseline 0.011 -27"><span class='ocrx_word' id='word_1_569' title='bbox 251 4331 274 4359; x_wconf 88' lang='grc' dir='ltr'>ν</span> <span class='ocrx_word' id='word_1_570' title='bbox 283 4309 415 4370; x_wconf 78' lang='grc' dir='ltr'>ἑντες</span> <span class='ocrx_word' id='word_1_571' title='bbox 443 4307 534 4383; x_wconf 77' lang='grc' dir='ltr'>τὲρ</span> <span class='ocrx_word' id='word_1_572' title='bbox 543 4330 600 4370; x_wconf 87' lang='grc' dir='ltr'>ας</span> <span class='ocrx_word' id='word_1_573' title='bbox 629 4312 890 4386; x_wconf 85' lang='grc' dir='ltr'>πονηρόν.</span> 
     </span>
    </p>
   </div>
   <div class='ocr_carea' id='block_1_80' title="bbox 835 4434 1323 4511">
    <p class='ocr_par' dir='ltr' id='par_1_80' title="bbox 835 4434 1323 4511">
     <span class='ocr_line' id='line_1_80' title="bbox 835 4434 1323 4511; baseline 0 -19"><span class='ocrx_word' id='word_1_574' title='bbox 835 4435 896 4504; x_wconf 82' lang='grc' dir='ltr'>ζ’.</span> <span class='ocrx_word' id='word_1_575' title='bbox 923 4434 1052 4511; x_wconf 85' lang='grc' dir='ltr'>Περὶ</span> <span class='ocrx_word' id='word_1_576' title='bbox 1085 4435 1323 4510; x_wconf 71' lang='grc' dir='ltr'>ἀνεμων.</span> 
     </span>
    </p>
   </div>
   <div class='ocr_carea' id='block_1_81' title="bbox 315 4546 1893 4629">
    <p class='ocr_par' dir='ltr' id='par_1_81' title="bbox 315 4546 1893 4629">
     <span class='ocr_line' id='line_1_81' title="bbox 315 4546 1893 4629; baseline 0.001 -24"><span class='ocrx_word' id='word_1_577' title='bbox 315 4549 523 4619; x_wconf 70' lang='grc' dir='ltr'>Διπλῆς</span> <span class='ocrx_word' id='word_1_578' title='bbox 557 4546 744 4620; x_wconf 68' lang='grc' dir='ltr'>οῧσης,</span> <span class='ocrx_word' id='word_1_579' title='bbox 799 4551 872 4613; x_wconf 87' lang='grc' dir='ltr'>ὡς</span> <span class='ocrx_word' id='word_1_580' title='bbox 927 4549 1148 4629; x_wconf 69' lang='grc' dir='ltr'>ἔφαμεν,</span> <span class='ocrx_word' id='word_1_581' title='bbox 1194 4559 1293 4621; x_wconf 80' lang='grc' dir='ltr'>τῆς</span> <span class='ocrx_word' id='word_1_582' title='bbox 1340 4550 1778 4624; x_wconf 71' lang='grc' dir='ltr'>ἀναθυμιάσεως,</span> <span class='ocrx_word' id='word_1_583' title='bbox 1805 4552 1893 4607; x_wconf 86' lang='grc' dir='ltr'>καὶ</span> 
     </span>
    </p>
   </div>
   <div class='ocr_carea' id='block_1_82' title="bbox 257 4637 1894 4717">
    <p class='ocr_par' dir='ltr' id='par_1_82' title="bbox 257 4637 1894 4717">
     <span class='ocr_line' id='line_1_82' title="bbox 257 4637 1894 4717; baseline 0.001 -24"><span class='ocrx_word' id='word_1_584' title='bbox 257 4647 360 4709; x_wconf 76' lang='grc' dir='ltr'>τῆς</span> <span class='ocrx_word' id='word_1_585' title='bbox 393 4641 489 4714; x_wconf 74' lang='grc' dir='ltr'>μὶν</span> <span class='ocrx_word' id='word_1_586' title='bbox 529 4641 714 4716; x_wconf 78' lang='grc' dir='ltr'>ὑγρᾶς,</span> <span class='ocrx_word' id='word_1_587' title='bbox 744 4647 844 4709; x_wconf 74' lang='grc' dir='ltr'>τῆς</span> <span class='ocrx_word' id='word_1_588' title='bbox 889 4637 945 4695; x_wconf 71' lang='grc' dir='ltr'>δὲ</span> <span class='ocrx_word' id='word_1_589' title='bbox 990 4641 1172 4716; x_wconf 75' lang='grc' dir='ltr'>ξηρᾶς,</span> <span class='ocrx_word' id='word_1_590' title='bbox 1224 4640 1283 4695; x_wconf 81' lang='grc' dir='ltr'>ἐκ</span> <span class='ocrx_word' id='word_1_591' title='bbox 1330 4643 1423 4714; x_wconf 78' lang='grc' dir='ltr'>μὲν</span> <span class='ocrx_word' id='word_1_592' title='bbox 1474 4647 1571 4710; x_wconf 75' lang='grc' dir='ltr'>τῆς</span> <span class='ocrx_word' id='word_1_593' title='bbox 1622 4642 1783 4716; x_wconf 76' lang='grc' dir='ltr'>ὑγρᾶς</span> <span class='ocrx_word' id='word_1_594' title='bbox 1814 4640 1894 4717; x_wconf 88' lang='grc' dir='ltr'>γί-</span> 
     </span>
    </p>
   </div>
   <div class='ocr_carea' id='block_1_83' title="bbox 249 4727 1896 4808">
    <p class='ocr_par' dir='ltr' id='par_1_83' title="bbox 249 4727 1896 4808">
     <span class='ocr_line' id='line_1_83' title="bbox 249 4727 1896 4808; baseline 0.002 -26"><span class='ocrx_word' id='word_1_595' title='bbox 249 4750 417 4785; x_wconf 77' lang='grc' dir='ltr'>νονται</span> <span class='ocrx_word' id='word_1_596' title='bbox 448 4732 513 4785; x_wconf 73' lang='grc' dir='ltr'>τὰ</span> <span class='ocrx_word' id='word_1_597' title='bbox 542 4731 677 4808; x_wconf 72' lang='grc' dir='ltr'>νέφη</span> <span class='ocrx_word' id='word_1_598' title='bbox 712 4730 892 4784; x_wconf 76' lang='grc' dir='ltr'>καὶτὸ</span> <span class='ocrx_word' id='word_1_599' title='bbox 947 4727 1116 4804; x_wconf 76' lang='grc' dir='ltr'>ὕδωρ,</span> <span class='ocrx_word' id='word_1_600' title='bbox 1161 4730 1218 4786; x_wconf 81' lang='grc' dir='ltr'>ἰκ</span> <span class='ocrx_word' id='word_1_601' title='bbox 1269 4728 1325 4785; x_wconf 79' lang='grc' dir='ltr'>δὶ</span> <span class='ocrx_word' id='word_1_602' title='bbox 1376 4737 1475 4800; x_wconf 75' lang='grc' dir='ltr'>τῆς</span> <span class='ocrx_word' id='word_1_603' title='bbox 1510 4731 1673 4804; x_wconf 71' lang='grc' dir='ltr'>ξηρὰς</span> <span class='ocrx_word' id='word_1_604' title='bbox 1706 4732 1756 4785; x_wconf 74' lang='grc' dir='ltr'>οἱ</span> <span class='ocrx_word' id='word_1_605' title='bbox 1789 4729 1896 4786; x_wconf 77' lang='grc' dir='ltr'>ἅνε-</span> 
     </span>
    </p>
   </div>
   <div class='ocr_carea' id='block_1_84' title="bbox 253 4815 1892 4894">
    <p class='ocr_par' dir='ltr' id='par_1_84' title="bbox 253 4815 1892 4894">
     <span class='ocr_line' id='line_1_84' title="bbox 253 4815 1892 4894; baseline 0.002 -23"><span class='ocrx_word' id='word_1_606' title='bbox 253 4840 356 4890; x_wconf 79' lang='grc' dir='ltr'>μοι.</span> <span class='ocrx_word' id='word_1_607' title='bbox 387 4817 505 4873; x_wconf 79' lang='grc' dir='ltr'>Εἰσὶ</span> <span class='ocrx_word' id='word_1_608' title='bbox 539 4815 596 4873; x_wconf 74' lang='grc' dir='ltr'><em>δὲ</em></span> <span class='ocrx_word' id='word_1_609' title='bbox 626 4818 715 4872; x_wconf 84' lang='grc' dir='ltr'>τὸν</span> <span class='ocrx_word' id='word_1_610' title='bbox 772 4817 1003 4894; x_wconf 84' lang='grc' dir='ltr'>ἀριθμὸν</span> <span class='ocrx_word' id='word_1_611' title='bbox 1058 4820 1147 4894; x_wconf 82' lang='grc' dir='ltr'>ιβ’.</span> <span class='ocrx_word' id='word_1_612' title='bbox 1182 4821 1274 4876; x_wconf 84' lang='grc' dir='ltr'>Ἐκ</span> <span class='ocrx_word' id='word_1_613' title='bbox 1320 4820 1413 4892; x_wconf 71' lang='grc' dir='ltr'>μὲν</span> <span class='ocrx_word' id='word_1_614' title='bbox 1446 4819 1549 4894; x_wconf 72' lang='grc' dir='ltr'>γὰρ</span> <span class='ocrx_word' id='word_1_615' title='bbox 1572 4825 1669 4888; x_wconf 73' lang='grc' dir='ltr'>τῆς</span> <span class='ocrx_word' id='word_1_616' title='bbox 1699 4820 1892 4892; x_wconf 68' lang='grc' dir='ltr'>ἰσημε-</span> 
     </span>
    </p>
   </div>
   <div class='ocr_carea' id='block_1_85' title="bbox 250 4905 1895 4987">
    <p class='ocr_par' dir='ltr' id='par_1_85' title="bbox 250 4905 1895 4987">
     <span class='ocr_line' id='line_1_85' title="bbox 250 4905 1895 4987; baseline 0.002 -27"><span class='ocrx_word' id='word_1_617' title='bbox 250 4910 394 4977; x_wconf 76' lang='grc' dir='ltr'>ρινῆς</span> <span class='ocrx_word' id='word_1_618' title='bbox 451 4905 728 4976; x_wconf 76' lang='grc' dir='ltr'>ἀνατολῆς</span> <span class='ocrx_word' id='word_1_619' title='bbox 773 4912 893 4962; x_wconf 84' lang='grc' dir='ltr'>πνεῖ</span> <span class='ocrx_word' id='word_1_620' title='bbox 973 4907 999 4962; x_wconf 87' lang='lat'>6</span> <span class='ocrx_word' id='word_1_621' title='bbox 1069 4905 1434 4987; x_wconf 74' lang='grc' dir='ltr'>ἁφηλιώτηςο</span> <span class='ocrx_word' id='word_1_622' title='bbox 1492 4907 1784 4980; x_wconf 71' lang='grc' dir='ltr'>ἐξεναντίας</span> <span class='ocrx_word' id='word_1_623' title='bbox 1838 4905 1895 4963; x_wconf 75' lang='grc' dir='ltr'>δὲ</span> 
     </span>
    </p>
   </div>
   <div class='ocr_carea' id='block_1_86' title="bbox 245 4995 1892 5074">
    <p class='ocr_par' dir='ltr' id='par_1_86' title="bbox 245 4995 1892 5074">
     <span class='ocr_line' id='line_1_86' title="bbox 245 4995 1892 5074; baseline 0.001 -24"><span class='ocrx_word' id='word_1_624' title='bbox 245 4996 430 5052; x_wconf 75' lang='grc' dir='ltr'>τούτου</span> <span class='ocrx_word' id='word_1_625' title='bbox 462 4995 605 5052; x_wconf 67' lang='grc' dir='ltr'>ἐστὶν</span> <span class='ocrx_word' id='word_1_626' title='bbox 632 4998 660 5051; x_wconf 89' lang='lat'>6</span> <span class='ocrx_word' id='word_1_627' title='bbox 708 4997 943 5074; x_wconf 69' lang='grc' dir='ltr'>Ζέφυρος</span> <span class='ocrx_word' id='word_1_628' title='bbox 995 4996 1044 5051; x_wconf 80' lang='grc' dir='ltr'>ἐν</span> <span class='ocrx_word' id='word_1_629' title='bbox 1098 5001 1165 5072; x_wconf 80' lang='grc' dir='ltr'>τῇ</span> <span class='ocrx_word' id='word_1_630' title='bbox 1213 4995 1359 5052; x_wconf 73' lang='grc' dir='ltr'>δύσει</span> <span class='ocrx_word' id='word_1_631' title='bbox 1395 5015 1406 5026; x_wconf 90' lang='grc'><strong>·</strong></span> <span class='ocrx_word' id='word_1_632' title='bbox 1462 4997 1566 5052; x_wconf 79' lang='grc' dir='ltr'>ἀπὸ</span> <span class='ocrx_word' id='word_1_633' title='bbox 1599 4995 1656 5052; x_wconf 66' lang='grc' dir='ltr'>δὲ</span> <span class='ocrx_word' id='word_1_634' title='bbox 1677 5004 1776 5067; x_wconf 77' lang='grc' dir='ltr'>τῆς</span> <span class='ocrx_word' id='word_1_635' title='bbox 1809 5009 1892 5061; x_wconf 70' lang='lat' dir='ltr'>0e-</span> 
     </span>
    </p>
   </div>
   <div class='ocr_carea' id='block_1_87' title="bbox 252 5083 1892 5158">
    <p class='ocr_par' dir='ltr' id='par_1_87' title="bbox 252 5083 1892 5158">
     <span class='ocr_line' id='line_1_87' title="bbox 252 5083 1892 5158; baseline 0.001 -17"><span class='ocrx_word' id='word_1_636' title='bbox 252 5093 396 5158; x_wconf 76' lang='grc' dir='ltr'>ρινῆς</span> <span class='ocrx_word' id='word_1_637' title='bbox 429 5085 699 5155; x_wconf 78' lang='grc' dir='ltr'>άνατηλῆς</span> <span class='ocrx_word' id='word_1_638' title='bbox 732 5087 760 5140; x_wconf 92' lang='lat'>6</span> <span class='ocrx_word' id='word_1_639' title='bbox 791 5084 1360 5158; x_wconf 79' lang='grc' dir='ltr'>Καικίας·ἐξεναντίας</span> <span class='ocrx_word' id='word_1_640' title='bbox 1395 5083 1451 5141; x_wconf 71' lang='grc' dir='ltr'>δὲ</span> <span class='ocrx_word' id='word_1_641' title='bbox 1479 5087 1677 5141; x_wconf 73' lang='grc' dir='ltr'>τούτου</span> <span class='ocrx_word' id='word_1_642' title='bbox 1709 5085 1892 5142; x_wconf 81' lang='grc' dir='ltr'>ἐστῖνὸ</span> 
     </span>
    </p>
   </div>
   <div class='ocr_carea' id='block_1_88' title="bbox 256 5172 1890 5252">
    <p class='ocr_par' dir='ltr' id='par_1_88' title="bbox 256 5172 1890 5252">
     <span class='ocr_line' id='line_1_88' title="bbox 256 5172 1890 5252; baseline -0.001 -21"><span class='ocrx_word' id='word_1_643' title='bbox 256 5176 424 5247; x_wconf 74' lang='grc' dir='ltr'>ἰάπυξ</span> <span class='ocrx_word' id='word_1_644' title='bbox 458 5195 470 5208; x_wconf 78' lang='grc'><strong><em>⁸</em></strong></span> <span class='ocrx_word' id='word_1_645' title='bbox 503 5176 610 5231; x_wconf 80' lang='grc' dir='ltr'>ἀπὸ</span> <span class='ocrx_word' id='word_1_646' title='bbox 638 5172 696 5230; x_wconf 80' lang='grc' dir='ltr'>δὲ</span> <span class='ocrx_word' id='word_1_647' title='bbox 724 5183 822 5245; x_wconf 83' lang='grc' dir='ltr'>τῆς</span> <span class='ocrx_word' id='word_1_648' title='bbox 864 5183 1210 5252; x_wconf 75' lang='grc' dir='ltr'>χειμερινῆς,</span> <span class='ocrx_word' id='word_1_649' title='bbox 1241 5177 1268 5232; x_wconf 86' lang='lat'>6</span> <span class='ocrx_word' id='word_1_650' title='bbox 1295 5173 1467 5249; x_wconf 63' lang='grc' dir='ltr'>Εὖρος</span> <span class='ocrx_word' id='word_1_651' title='bbox 1497 5174 1558 5230; x_wconf 69' lang='grc' dir='ltr'>οὗ</span> <span class='ocrx_word' id='word_1_652' title='bbox 1601 5175 1834 5240; x_wconf 72' lang='grc' dir='ltr'>ἐναντίος</span> <span class='ocrx_word' id='word_1_653' title='bbox 1864 5177 1890 5231; x_wconf 90' lang='grc' dir='ltr'>ὁ</span> 
     </span>
    </p>
   </div>
   <div class='ocr_carea' id='block_1_89' title="bbox 253 5259 1891 5342">
    <p class='ocr_par' dir='ltr' id='par_1_89' title="bbox 253 5259 1891 5342">
     <span class='ocr_line' id='line_1_89' title="bbox 253 5259 1891 5342; baseline 0.001 -24"><span class='ocrx_word' id='word_1_654' title='bbox 253 5265 374 5340; x_wconf 84' lang='lat'>.\</span> <span class='ocrx_word' id='word_1_655' title='bbox 402 5263 588 5320; x_wconf 78' lang='grc' dir='ltr'>ἀπὸδὲ</span> <span class='ocrx_word' id='word_1_656' title='bbox 614 5287 750 5338; x_wconf 84' lang='grc' dir='ltr'>μεση</span> <span class='ocrx_word' id='word_1_657' title='bbox 762 5259 959 5340; x_wconf 73' lang='grc' dir='ltr'>μϐρίας</span> <span class='ocrx_word' id='word_1_658' title='bbox 981 5267 1008 5321; x_wconf 90' lang='grc' dir='ltr'><strong>ὁ</strong></span> <span class='ocrx_word' id='word_1_659' title='bbox 1040 5265 1213 5328; x_wconf 81' lang='grc' dir='ltr'>Νότος</span> <span class='ocrx_word' id='word_1_660' title='bbox 1238 5285 1248 5297; x_wconf 91' lang='grc'><strong>·</strong></span> <span class='ocrx_word' id='word_1_661' title='bbox 1270 5263 1447 5320; x_wconf 79' lang='grc' dir='ltr'>ἀπὸδὲ</span> <span class='ocrx_word' id='word_1_662' title='bbox 1468 5264 1645 5342; x_wconf 66' lang='grc' dir='ltr'>Βορέᾶ</span> <span class='ocrx_word' id='word_1_663' title='bbox 1671 5265 1697 5319; x_wconf 86' lang='grc' dir='ltr'>ὀ</span> <span class='ocrx_word' id='word_1_664' title='bbox 1720 5265 1891 5340; x_wconf 83' lang='grc' dir='ltr'>άπαρ-</span> 
     </span>
    </p>
   </div>
   <div class='ocr_carea' id='block_1_90' title="bbox 247 5351 1890 5431">
    <p class='ocr_par' dir='ltr' id='par_1_90' title="bbox 247 5351 1890 5431">
     <span class='ocr_line' id='line_1_90' title="bbox 247 5351 1890 5431; baseline 0.002 -26"><span class='ocrx_word' id='word_1_665' title='bbox 247 5354 355 5416; x_wconf 70' lang='grc' dir='ltr'>χίας</span> <span class='ocrx_word' id='word_1_666' title='bbox 389 5373 402 5385; x_wconf 86' lang='grc'>·</span> <span class='ocrx_word' id='word_1_667' title='bbox 440 5353 603 5427; x_wconf 66' lang='grc' dir='ltr'>μέσος</span> <span class='ocrx_word' id='word_1_668' title='bbox 636 5351 693 5410; x_wconf 84' lang='grc' dir='ltr'>ὂε</span> <span class='ocrx_word' id='word_1_669' title='bbox 712 5351 808 5409; x_wconf 69' lang='grc' dir='ltr'>τοῦ</span> <span class='ocrx_word' id='word_1_670' title='bbox 842 5354 1016 5410; x_wconf 83' lang='grc' dir='ltr'>Νότου</span> <span class='ocrx_word' id='word_1_671' title='bbox 1037 5355 1246 5410; x_wconf 73' lang='grc' dir='ltr'>καὶτοῦ</span> <span class='ocrx_word' id='word_1_672' title='bbox 1269 5351 1446 5430; x_wconf 76' lang='grc' dir='ltr'>Εὕρου</span> <span class='ocrx_word' id='word_1_673' title='bbox 1479 5354 1618 5410; x_wconf 70' lang='grc' dir='ltr'>ἐστὶν</span> <span class='ocrx_word' id='word_1_674' title='bbox 1653 5353 1890 5431; x_wconf 83' lang='grc' dir='ltr'>Εὐρόνο-</span> 
     </span>
    </p>
   </div>
   <div class='ocr_carea' id='block_1_91' title="bbox 248 5442 1887 5523">
    <p class='ocr_par' dir='ltr' id='par_1_91' title="bbox 248 5442 1887 5523">
     <span class='ocr_line' id='line_1_91' title="bbox 248 5442 1887 5523; baseline 0.002 -27"><span class='ocrx_word' id='word_1_675' title='bbox 248 5463 332 5507; x_wconf 77' lang='grc' dir='ltr'>τος</span> <span class='ocrx_word' id='word_1_676' title='bbox 354 5462 366 5476; x_wconf 89' lang='grc'><strong>·</strong></span> <span class='ocrx_word' id='word_1_677' title='bbox 397 5444 486 5499; x_wconf 84' lang='grc' dir='ltr'>καὶ</span> <span class='ocrx_word' id='word_1_678' title='bbox 523 5442 686 5518; x_wconf 77' lang='grc' dir='ltr'>μέσος</span> <span class='ocrx_word' id='word_1_679' title='bbox 717 5442 946 5502; x_wconf 85' lang='grc' dir='ltr'>Καικίου</span> <span class='ocrx_word' id='word_1_680' title='bbox 979 5445 1068 5499; x_wconf 86' lang='grc' dir='ltr'>καὶ</span> <span class='ocrx_word' id='word_1_681' title='bbox 1118 5443 1418 5520; x_wconf 80' lang='grc' dir='ltr'>ἀπαρκτίου</span> <span class='ocrx_word' id='word_1_682' title='bbox 1459 5445 1486 5500; x_wconf 85' lang='grc' dir='ltr'>ὁ</span> <span class='ocrx_word' id='word_1_683' title='bbox 1514 5444 1723 5523; x_wconf 74' lang='grc' dir='ltr'>Βορῥᾶς</span> <span class='ocrx_word' id='word_1_684' title='bbox 1754 5464 1765 5475; x_wconf 83' lang='grc'><em>’</em></span> <span class='ocrx_word' id='word_1_685' title='bbox 1798 5443 1887 5499; x_wconf 86' lang='grc' dir='ltr'>καὶ</span> 
     </span>
    </p>
   </div>
   <div class='ocr_carea' id='block_1_92' title="bbox 255 5527 1890 5610">
    <p class='ocr_par' dir='ltr' id='par_1_92' title="bbox 255 5527 1890 5610">
     <span class='ocr_line' id='line_1_92' title="bbox 255 5527 1890 5610; baseline 0.002 -24"><span class='ocrx_word' id='word_1_686' title='bbox 255 5532 405 5602; x_wconf 68' lang='grc' dir='ltr'>μέσος</span> <span class='ocrx_word' id='word_1_687' title='bbox 431 5531 609 5587; x_wconf 75' lang='grc' dir='ltr'>Νότου</span> <span class='ocrx_word' id='word_1_688' title='bbox 639 5533 728 5586; x_wconf 85' lang='grc' dir='ltr'>καὶ</span> <span class='ocrx_word' id='word_1_689' title='bbox 759 5527 926 5595; x_wconf 75' lang='grc' dir='ltr'>Λιϐὸς</span> <span class='ocrx_word' id='word_1_690' title='bbox 969 5533 997 5587; x_wconf 86' lang='lat'>6</span> <span class='ocrx_word' id='word_1_691' title='bbox 1029 5527 1322 5597; x_wconf 83' lang='grc' dir='ltr'>Λιϐόνοτος</span> <span class='ocrx_word' id='word_1_692' title='bbox 1355 5553 1368 5566; x_wconf 73' lang='grc'>⁸</span> <span class='ocrx_word' id='word_1_693' title='bbox 1401 5535 1488 5590; x_wconf 84' lang='grc' dir='ltr'>καὶ</span> <span class='ocrx_word' id='word_1_694' title='bbox 1528 5532 1688 5610; x_wconf 66' lang='grc' dir='ltr'>μίσος</span> <span class='ocrx_word' id='word_1_695' title='bbox 1719 5533 1890 5610; x_wconf 75' lang='grc' dir='ltr'>ἀπαρο</span> 
     </span>
    </p>
   </div>
   <div class='ocr_carea' id='block_1_93' title="bbox 251 5621 1178 5699">
    <p class='ocr_par' dir='ltr' id='par_1_93' title="bbox 251 5621 1178 5699">
     <span class='ocr_line' id='line_1_93' title="bbox 251 5621 1178 5699; baseline 0.009 -26"><span class='ocrx_word' id='word_1_696' title='bbox 251 5621 390 5676; x_wconf 78' lang='grc' dir='ltr'>κτίου</span> <span class='ocrx_word' id='word_1_697' title='bbox 421 5622 514 5677; x_wconf 78' lang='grc' dir='ltr'>καὶ</span> <span class='ocrx_word' id='word_1_698' title='bbox 547 5623 794 5698; x_wconf 86' lang='grc' dir='ltr'>Ἰάπυγος</span> <span class='ocrx_word' id='word_1_699' title='bbox 828 5623 856 5677; x_wconf 89' lang='lat'>6</span> <span class='ocrx_word' id='word_1_700' title='bbox 887 5621 1178 5699; x_wconf 85' lang='grc' dir='ltr'>Θρασκίας.</span> 
     </span>
    </p>
   </div>
   <div class='ocr_carea' id='block_1_94' title="bbox 2007 3357 3659 3430">
    <p class='ocr_par' dir='ltr' id='par_1_94' title="bbox 2007 3357 3659 3430">
     <span class='ocr_line' id='line_1_94' title="bbox 2007 3357 3659 3430; baseline 0.002 -18"><span class='ocrx_word' id='word_1_701' title='bbox 2007 3357 2264 3413; x_wconf 86' lang='lat' dir='ltr'>Creatori</span> <span class='ocrx_word' id='word_1_702' title='bbox 2316 3357 2512 3413; x_wconf 91' lang='lat' dir='ltr'>visum</span> <span class='ocrx_word' id='word_1_703' title='bbox 2563 3363 2672 3427; x_wconf 89' lang='lat' dir='ltr'>est,</span> <span class='ocrx_word' id='word_1_704' title='bbox 2729 3359 2812 3414; x_wconf 85' lang='lat' dir='ltr'>ita</span> <span class='ocrx_word' id='word_1_705' title='bbox 2860 3375 3048 3430; x_wconf 89' lang='lat' dir='ltr'>neque</span> <span class='ocrx_word' id='word_1_706' title='bbox 3097 3358 3304 3414; x_wconf 89' lang='lat' dir='ltr'>accidit</span> <span class='ocrx_word' id='word_1_707' title='bbox 3336 3363 3502 3414; x_wconf 72' lang='lat' dir='ltr'>terrae</span> <span class='ocrx_word' id='word_1_708' title='bbox 3536 3377 3659 3415; x_wconf 91' lang='lat' dir='ltr'>mo-</span> 
     </span>
    </p>
   </div>
   <div class='ocr_carea' id='block_1_95' title="bbox 2007 3446 3404 3520">
    <p class='ocr_par' dir='ltr' id='par_1_95' title="bbox 2007 3446 3404 3520">
     <span class='ocr_line' id='line_1_95' title="bbox 2007 3446 3404 3520; baseline 0.001 -18"><span class='ocrx_word' id='word_1_709' title='bbox 2007 3450 2104 3504; x_wconf 91' lang='lat' dir='ltr'>tus</span> <span class='ocrx_word' id='word_1_710' title='bbox 2134 3446 2259 3503; x_wconf 87' lang='lat' dir='ltr'>sine</span> <span class='ocrx_word' id='word_1_711' title='bbox 2289 3463 2467 3502; x_wconf 82' lang='lat' dir='ltr'>causa</span> <span class='ocrx_word' id='word_1_712' title='bbox 2498 3447 2740 3520; x_wconf 83' lang='lat' dir='ltr'>physica</span> <span class='ocrx_word' id='word_1_713' title='bbox 2771 3453 2826 3504; x_wconf 84' lang='lat' dir='ltr'>et</span> <span class='ocrx_word' id='word_1_714' title='bbox 2858 3447 3054 3504; x_wconf 89' lang='lat' dir='ltr'>divina</span> <span class='ocrx_word' id='word_1_715' title='bbox 3085 3446 3404 3504; x_wconf 88' lang='lat' dir='ltr'>voluntate.</span> 
     </span>
    </p>
   </div>
   <div class='ocr_carea' id='block_1_96' title="bbox 2609 3663 3046 3718">
    <p class='ocr_par' dir='ltr' id='par_1_96' title="bbox 2609 3663 3046 3718">
     <span class='ocr_line' id='line_1_96' title="bbox 2609 3663 3046 3718; baseline 0 -2"><span class='ocrx_word' id='word_1_716' title='bbox 2609 3663 2664 3718; x_wconf 89' lang='lat'>6.</span> <span class='ocrx_word' id='word_1_717' title='bbox 2697 3663 2771 3718; x_wconf 82' lang='lat' dir='ltr'>De</span> <span class='ocrx_word' id='word_1_718' title='bbox 2801 3664 3046 3718; x_wconf 76' lang='lat' dir='ltr'>cometis.</span> 
     </span>
    </p>
   </div>
   <div class='ocr_carea' id='block_1_97' title="bbox 2076 3777 3660 3851">
    <p class='ocr_par' dir='ltr' id='par_1_97' title="bbox 2076 3777 3660 3851">
     <span class='ocr_line' id='line_1_97' title="bbox 2076 3777 3660 3851; baseline -0.001 -17"><span class='ocrx_word' id='word_1_719' title='bbox 2076 3782 2321 3835; x_wconf 74' lang='lat' dir='ltr'>Cometes</span> <span class='ocrx_word' id='word_1_720' title='bbox 2352 3779 2502 3834; x_wconf 86' lang='lat' dir='ltr'>fiunt</span> <span class='ocrx_word' id='word_1_721' title='bbox 2531 3794 2598 3833; x_wconf 84' lang='lat' dir='ltr'>ex</span> <span class='ocrx_word' id='word_1_722' title='bbox 2627 3779 2942 3851; x_wconf 86' lang='lat' dir='ltr'>vaporibus</span> <span class='ocrx_word' id='word_1_723' title='bbox 2972 3778 3033 3833; x_wconf 91' lang='lat' dir='ltr'>in</span> <span class='ocrx_word' id='word_1_724' title='bbox 3066 3777 3444 3850; x_wconf 72' lang='lat' dir='ltr'>{uliginosam</span> <span class='ocrx_word' id='word_1_725' title='bbox 3469 3781 3660 3833; x_wconf 90' lang='lat' dir='ltr'>mate-</span> 
     </span>
    </p>
   </div>
   <div class='ocr_carea' id='block_1_98' title="bbox 2005 3867 3659 3940">
    <p class='ocr_par' dir='ltr' id='par_1_98' title="bbox 2005 3867 3659 3940">
     <span class='ocr_line' id='line_1_98' title="bbox 2005 3867 3659 3940; baseline -0.002 -16"><span class='ocrx_word' id='word_1_726' title='bbox 2005 3870 2154 3924; x_wconf 91' lang='lat' dir='ltr'>riam</span> <span class='ocrx_word' id='word_1_727' title='bbox 2191 3869 2471 3935; x_wconf 87' lang='lat' dir='ltr'>mutatis;</span> <span class='ocrx_word' id='word_1_728' title='bbox 2530 3869 2628 3940; x_wconf 90' lang='lat' dir='ltr'>qui</span> <span class='ocrx_word' id='word_1_729' title='bbox 2681 3868 2858 3938; x_wconf 88' lang='lat' dir='ltr'>hujus</span> <span class='ocrx_word' id='word_1_730' title='bbox 2906 3867 3167 3922; x_wconf 72' lang='lat' dir='ltr'>materiaa</span> <span class='ocrx_word' id='word_1_731' title='bbox 3220 3867 3368 3937; x_wconf 87' lang='lat' dir='ltr'>parti</span> <span class='ocrx_word' id='word_1_732' title='bbox 3423 3867 3659 3922; x_wconf 90' lang='lat' dir='ltr'>cuidam</span> 
     </span>
    </p>
   </div>
   <div class='ocr_carea' id='block_1_99' title="bbox 2007 3955 3658 4030">
    <p class='ocr_par' dir='ltr' id='par_1_99' title="bbox 2007 3955 3658 4030">
     <span class='ocr_line' id='line_1_99' title="bbox 2007 3955 3658 4030; baseline -0.003 -16"><span class='ocrx_word' id='word_1_733' title='bbox 2007 3957 2288 4030; x_wconf 84' lang='lat' dir='ltr'>implicati</span> <span class='ocrx_word' id='word_1_734' title='bbox 2321 3958 2509 4013; x_wconf 91' lang='lat' dir='ltr'>eidem</span> <span class='ocrx_word' id='word_1_735' title='bbox 2544 3956 2890 4012; x_wconf 87' lang='lat' dir='ltr'>alimentum</span> <span class='ocrx_word' id='word_1_736' title='bbox 2925 3961 2982 4011; x_wconf 91' lang='lat' dir='ltr'>et</span> <span class='ocrx_word' id='word_1_737' title='bbox 3011 3955 3317 4011; x_wconf 89' lang='lat' dir='ltr'>materiam</span> <span class='ocrx_word' id='word_1_738' title='bbox 3379 3955 3658 4026; x_wconf 81' lang='lat' dir='ltr'>praebent.</span> 
     </span>
    </p>
   </div>
   <div class='ocr_carea' id='block_1_100' title="bbox 2005 4044 3656 4115">
    <p class='ocr_par' dir='ltr' id='par_1_100' title="bbox 2005 4044 3656 4115">
     <span class='ocr_line' id='line_1_100' title="bbox 2005 4044 3656 4115; baseline -0.003 -13"><span class='ocrx_word' id='word_1_739' title='bbox 2005 4048 2103 4102; x_wconf 85' lang='lat' dir='ltr'>Est</span> <span class='ocrx_word' id='word_1_740' title='bbox 2133 4051 2326 4101; x_wconf 89' lang='lat' dir='ltr'>autem</span> <span class='ocrx_word' id='word_1_741' title='bbox 2361 4049 2601 4100; x_wconf 63' lang='lat' dir='ltr'>cometa</span> <span class='ocrx_word' id='word_1_742' title='bbox 2629 4046 2813 4100; x_wconf 83' lang='lat' dir='ltr'>forma</span> <span class='ocrx_word' id='word_1_743' title='bbox 2847 4061 2948 4115; x_wconf 92' lang='lat' dir='ltr'>pro</span> <span class='ocrx_word' id='word_1_744' title='bbox 2977 4061 3259 4115; x_wconf 85' lang='lat' dir='ltr'>vaporum</span> <span class='ocrx_word' id='word_1_745' title='bbox 3308 4044 3656 4114; x_wconf 86' lang='lat' dir='ltr'>quantitate.</span> 
     </span>
    </p>
   </div>
   <div class='ocr_carea' id='block_1_101' title="bbox 2005 4133 3654 4206">
    <p class='ocr_par' dir='ltr' id='par_1_101' title="bbox 2005 4133 3654 4206">
     <span class='ocr_line' id='line_1_101' title="bbox 2005 4133 3654 4206; baseline -0.003 -14"><span class='ocrx_word' id='word_1_746' title='bbox 2005 4140 2155 4192; x_wconf 88' lang='lat' dir='ltr'>Sunt</span> <span class='ocrx_word' id='word_1_747' title='bbox 2212 4141 2405 4189; x_wconf 90' lang='lat' dir='ltr'>autem</span> <span class='ocrx_word' id='word_1_748' title='bbox 2467 4134 2753 4206; x_wconf 86' lang='lat' dir='ltr'>plerique,</span> <span class='ocrx_word' id='word_1_749' title='bbox 2805 4150 2938 4189; x_wconf 90' lang='lat' dir='ltr'>cum</span> <span class='ocrx_word' id='word_1_750' title='bbox 3000 4138 3304 4204; x_wconf 88' lang='lat' dir='ltr'>apparent,</span> <span class='ocrx_word' id='word_1_751' title='bbox 3357 4133 3654 4188; x_wconf 87' lang='lat' dir='ltr'>funestum</span> 
     </span>
    </p>
   </div>
   <div class='ocr_carea' id='block_1_102' title="bbox 2005 4224 2363 4296">
    <p class='ocr_par' dir='ltr' id='par_1_102' title="bbox 2005 4224 2363 4296">
     <span class='ocr_line' id='line_1_102' title="bbox 2005 4224 2363 4296; baseline 0 -17"><span class='ocrx_word' id='word_1_752' title='bbox 2005 4224 2363 4296; x_wconf 87' lang='lat' dir='ltr'>prodigium.</span> 
     </span>
    </p>
   </div>
   <div class='ocr_carea' id='block_1_103' title="bbox 2629 4436 3018 4491">
    <p class='ocr_par' dir='ltr' id='par_1_103' title="bbox 2629 4436 3018 4491">
     <span class='ocr_line' id='line_1_103' title="bbox 2629 4436 3018 4491; baseline 0.008 -3"><span class='ocrx_word' id='word_1_753' title='bbox 2629 4437 2684 4491; x_wconf 89' lang='lat'>7.</span> <span class='ocrx_word' id='word_1_754' title='bbox 2716 4436 2792 4491; x_wconf 76' lang='lat' dir='ltr'>De</span> <span class='ocrx_word' id='word_1_755' title='bbox 2820 4436 3018 4491; x_wconf 72' lang='lat' dir='ltr'>ventis.</span> 
     </span>
    </p>
   </div>
   <div class='ocr_carea' id='block_1_104' title="bbox 2075 4549 3653 4627">
    <p class='ocr_par' dir='ltr' id='par_1_104' title="bbox 2075 4549 3653 4627">
     <span class='ocr_line' id='line_1_104' title="bbox 2075 4549 3653 4627; baseline -0.004 -15"><span class='ocrx_word' id='word_1_756' title='bbox 2075 4553 2298 4627; x_wconf 81' lang='lat' dir='ltr'>Duplex</span> <span class='ocrx_word' id='word_1_757' title='bbox 2329 4557 2437 4617; x_wconf 89' lang='lat' dir='ltr'>est,</span> <span class='ocrx_word' id='word_1_758' title='bbox 2473 4557 2535 4608; x_wconf 88' lang='lat' dir='ltr'>ut</span> <span class='ocrx_word' id='word_1_759' title='bbox 2566 4552 2844 4620; x_wconf 86' lang='lat' dir='ltr'>diximus,</span> <span class='ocrx_word' id='word_1_760' title='bbox 2879 4549 3384 4618; x_wconf 80' lang='lat' dir='ltr'>exhalatio,altera</span> <span class='ocrx_word' id='word_1_761' title='bbox 3415 4551 3653 4623; x_wconf 88' lang='lat' dir='ltr'>quidem</span> 
     </span>
    </p>
   </div>
   <div class='ocr_carea' id='block_1_105' title="bbox 1929 4628 3658 4713">
    <p class='ocr_par' dir='ltr' id='par_1_105' title="bbox 1929 4628 3658 4713">
     <span class='ocr_line' id='line_1_105' title="bbox 1929 4628 3658 4713; baseline -0.004 -11"><span class='ocrx_word' id='word_1_762' title='bbox 1929 4628 1973 4692; x_wconf 76' lang='grc' dir='ltr'>Π</span> <span class='ocrx_word' id='word_1_763' title='bbox 2006 4646 2274 4713; x_wconf 86' lang='lat' dir='ltr'>humida,</span> <span class='ocrx_word' id='word_1_764' title='bbox 2299 4644 2482 4698; x_wconf 86' lang='lat' dir='ltr'>altera</span> <span class='ocrx_word' id='word_1_765' title='bbox 2503 4647 2701 4698; x_wconf 89' lang='lat' dir='ltr'>autem</span> <span class='ocrx_word' id='word_1_766' title='bbox 2725 4642 2896 4696; x_wconf 88' lang='lat' dir='ltr'>sicca.</span> <span class='ocrx_word' id='word_1_767' title='bbox 2924 4643 3003 4696; x_wconf 80' lang='lat' dir='ltr'>Ex</span> <span class='ocrx_word' id='word_1_768' title='bbox 3025 4641 3271 4696; x_wconf 88' lang='lat' dir='ltr'>humida</span> <span class='ocrx_word' id='word_1_769' title='bbox 3296 4640 3447 4695; x_wconf 86' lang='lat' dir='ltr'>ﬁunt</span> <span class='ocrx_word' id='word_1_770' title='bbox 3469 4640 3658 4696; x_wconf 91' lang='lat' dir='ltr'>imber</span> 
     </span>
    </p>
   </div>
   <div class='ocr_carea' id='block_1_106' title="bbox 2006 4730 3655 4806">
    <p class='ocr_par' dir='ltr' id='par_1_106' title="bbox 2006 4730 3655 4806">
     <span class='ocr_line' id='line_1_106' title="bbox 2006 4730 3655 4806; baseline -0.004 -15"><span class='ocrx_word' id='word_1_771' title='bbox 2006 4740 2062 4791; x_wconf 91' lang='lat' dir='ltr'>et</span> <span class='ocrx_word' id='word_1_772' title='bbox 2092 4752 2267 4806; x_wconf 86' lang='lat' dir='ltr'>aqua,</span> <span class='ocrx_word' id='word_1_773' title='bbox 2301 4749 2330 4789; x_wconf 88' lang='lat' dir='ltr'>e</span> <span class='ocrx_word' id='word_1_774' title='bbox 2360 4735 2516 4788; x_wconf 84' lang='lat' dir='ltr'>sicca</span> <span class='ocrx_word' id='word_1_775' title='bbox 2547 4749 2678 4787; x_wconf 87' lang='lat' dir='ltr'>vero</span> <span class='ocrx_word' id='word_1_776' title='bbox 2729 4730 2902 4786; x_wconf 85' lang='lat' dir='ltr'>venti.</span> <span class='ocrx_word' id='word_1_777' title='bbox 2956 4731 3108 4786; x_wconf 84' lang='lat' dir='ltr'>Sunt</span> <span class='ocrx_word' id='word_1_778' title='bbox 3159 4735 3352 4786; x_wconf 90' lang='lat' dir='ltr'>autem</span> <span class='ocrx_word' id='word_1_779' title='bbox 3411 4745 3655 4785; x_wconf 89' lang='lat' dir='ltr'>numero</span> 
     </span>
    </p>
   </div>
   <div class='ocr_carea' id='block_1_107' title="bbox 2006 4817 3653 4891">
    <p class='ocr_par' dir='ltr' id='par_1_107' title="bbox 2006 4817 3653 4891">
     <span class='ocr_line' id='line_1_107' title="bbox 2006 4817 3653 4891; baseline -0.004 -11"><span class='ocrx_word' id='word_1_780' title='bbox 2006 4824 2335 4880; x_wconf 80' lang='lat' dir='ltr'>duodecim.</span> <span class='ocrx_word' id='word_1_781' title='bbox 2369 4826 2453 4877; x_wconf 79' lang='lat' dir='ltr'><strong>Ex</strong></span> <span class='ocrx_word' id='word_1_782' title='bbox 2482 4817 2872 4891; x_wconf 65' lang='lat' dir='ltr'>mquinoctiali</span> <span class='ocrx_word' id='word_1_783' title='bbox 2899 4821 3120 4875; x_wconf 89' lang='lat' dir='ltr'>oriente</span> <span class='ocrx_word' id='word_1_784' title='bbox 3153 4818 3339 4891; x_wconf 89' lang='lat' dir='ltr'>spirat</span> <span class='ocrx_word' id='word_1_785' title='bbox 3386 4817 3653 4874; x_wconf 81' lang='lat' dir='ltr'>subsola-</span> 
     </span>
    </p>
   </div>
   <div class='ocr_carea' id='block_1_108' title="bbox 2007 4907 3650 4984">
    <p class='ocr_par' dir='ltr' id='par_1_108' title="bbox 2007 4907 3650 4984">
     <span class='ocr_line' id='line_1_108' title="bbox 2007 4907 3650 4984; baseline -0.004 -15"><span class='ocrx_word' id='word_1_786' title='bbox 2007 4930 2139 4969; x_wconf 89' lang='lat' dir='ltr'>nus.</span> <span class='ocrx_word' id='word_1_787' title='bbox 2175 4913 2252 4967; x_wconf 80' lang='lat' dir='ltr'>Ex</span> <span class='ocrx_word' id='word_1_788' title='bbox 2282 4911 2548 4984; x_wconf 84' lang='lat' dir='ltr'>opposito</span> <span class='ocrx_word' id='word_1_789' title='bbox 2569 4915 2765 4965; x_wconf 87' lang='lat' dir='ltr'>autem</span> <span class='ocrx_word' id='word_1_790' title='bbox 2797 4913 2887 4965; x_wconf 85' lang='lat' dir='ltr'>est</span> <span class='ocrx_word' id='word_1_791' title='bbox 2917 4910 3206 4981; x_wconf 77' lang='lat' dir='ltr'>zepliyrus</span> <span class='ocrx_word' id='word_1_792' title='bbox 3239 4908 3298 4962; x_wconf 90' lang='lat' dir='ltr'>in</span> <span class='ocrx_word' id='word_1_793' title='bbox 3331 4907 3650 4964; x_wconf 86' lang='lat' dir='ltr'>occidente.</span> 
     </span>
    </p>
   </div>
   <div class='ocr_carea' id='block_1_109' title="bbox 2003 4998 3652 5071">
    <p class='ocr_par' dir='ltr' id='par_1_109' title="bbox 2003 4998 3652 5071">
     <span class='ocr_line' id='line_1_109' title="bbox 2003 4998 3652 5071; baseline -0.003 -15"><span class='ocrx_word' id='word_1_794' title='bbox 2003 5006 2082 5056; x_wconf 85' lang='lat' dir='ltr'><strong>Ex</strong></span> <span class='ocrx_word' id='word_1_795' title='bbox 2137 5001 2332 5056; x_wconf 71' lang='lat' dir='ltr'>aestivo</span> <span class='ocrx_word' id='word_1_796' title='bbox 2388 4999 2609 5055; x_wconf 83' lang='lat' dir='ltr'>oriente</span> <span class='ocrx_word' id='word_1_797' title='bbox 2674 4998 2863 5071; x_wconf 83' lang='lat' dir='ltr'>Spirat</span> <span class='ocrx_word' id='word_1_798' title='bbox 2929 4998 3175 5066; x_wconf 72' lang='lat' dir='ltr'>Caecias;</span> <span class='ocrx_word' id='word_1_799' title='bbox 3231 5014 3302 5053; x_wconf 81' lang='lat' dir='ltr'>ex.</span> <span class='ocrx_word' id='word_1_800' title='bbox 3359 4998 3652 5054; x_wconf 88' lang='lat' dir='ltr'>contrario</span> 
     </span>
    </p>
   </div>
   <div class='ocr_carea' id='block_1_110' title="bbox 2003 5086 3652 5162">
    <p class='ocr_par' dir='ltr' id='par_1_110' title="bbox 2003 5086 3652 5162">
     <span class='ocr_line' id='line_1_110' title="bbox 2003 5086 3652 5162; baseline -0.005 -15"><span class='ocrx_word' id='word_1_801' title='bbox 2003 5095 2199 5147; x_wconf 89' lang='lat' dir='ltr'>autem</span> <span class='ocrx_word' id='word_1_802' title='bbox 2231 5089 2436 5162; x_wconf 83' lang='lat' dir='ltr'>lapyx;</span> <span class='ocrx_word' id='word_1_803' title='bbox 2472 5105 2542 5143; x_wconf 82' lang='lat' dir='ltr'>ex</span> <span class='ocrx_word' id='word_1_804' title='bbox 2571 5087 2818 5144; x_wconf 81' lang='lat' dir='ltr'>hiberno</span> <span class='ocrx_word' id='word_1_805' title='bbox 2871 5087 3093 5144; x_wconf 89' lang='lat' dir='ltr'>oriente</span> <span class='ocrx_word' id='word_1_806' title='bbox 3142 5089 3352 5154; x_wconf 87' lang='lat' dir='ltr'>Eurus,</span> <span class='ocrx_word' id='word_1_807' title='bbox 3401 5086 3493 5141; x_wconf 91' lang='lat' dir='ltr'>cui</span> <span class='ocrx_word' id='word_1_808' title='bbox 3547 5103 3652 5158; x_wconf 84' lang='lat' dir='ltr'>op-</span> 
     </span>
    </p>
   </div>
   <div class='ocr_carea' id='block_1_111' title="bbox 2003 5177 3652 5252">
    <p class='ocr_par' dir='ltr' id='par_1_111' title="bbox 2003 5177 3652 5252">
     <span class='ocr_line' id='line_1_111' title="bbox 2003 5177 3652 5252; baseline -0.004 -17"><span class='ocrx_word' id='word_1_809' title='bbox 2003 5181 2231 5252; x_wconf 90' lang='lat' dir='ltr'>positus</span> <span class='ocrx_word' id='word_1_810' title='bbox 2275 5184 2365 5234; x_wconf 89' lang='lat' dir='ltr'>est</span> <span class='ocrx_word' id='word_1_811' title='bbox 2410 5177 2660 5234; x_wconf 78' lang='lat' dir='ltr'>Africus.</span> <span class='ocrx_word' id='word_1_812' title='bbox 2711 5180 2757 5232; x_wconf 89' lang='lat' dir='ltr'>A</span> <span class='ocrx_word' id='word_1_813' title='bbox 2809 5177 3053 5234; x_wconf 89' lang='lat' dir='ltr'>meridie</span> <span class='ocrx_word' id='word_1_814' title='bbox 3103 5177 3323 5242; x_wconf 80' lang='lat' dir='ltr'>Notus;</span> <span class='ocrx_word' id='word_1_815' title='bbox 3357 5193 3390 5231; x_wconf 91' lang='lat' dir='ltr'>a</span> <span class='ocrx_word' id='word_1_816' title='bbox 3419 5179 3652 5246; x_wconf 87' lang='lat' dir='ltr'>septen-</span> 
     </span>
    </p>
   </div>
   <div class='ocr_carea' id='block_1_112' title="bbox 2002 5263 3656 5340">
    <p class='ocr_par' dir='ltr' id='par_1_112' title="bbox 2002 5263 3656 5340">
     <span class='ocr_line' id='line_1_112' title="bbox 2002 5263 3656 5340; baseline -0.002 -16"><span class='ocrx_word' id='word_1_817' title='bbox 2002 5270 2190 5326; x_wconf 87' lang='lat' dir='ltr'>trione</span> <span class='ocrx_word' id='word_1_818' title='bbox 2222 5273 2429 5323; x_wconf 86' lang='lat' dir='ltr'>ventus</span> <span class='ocrx_word' id='word_1_819' title='bbox 2478 5267 2972 5340; x_wconf 82' lang='lat' dir='ltr'>septentrionalis.</span> <span class='ocrx_word' id='word_1_820' title='bbox 3019 5266 3244 5322; x_wconf 84' lang='lat' dir='ltr'>Medius</span> <span class='ocrx_word' id='word_1_821' title='bbox 3275 5269 3470 5320; x_wconf 89' lang='lat' dir='ltr'>autem</span> <span class='ocrx_word' id='word_1_822' title='bbox 3503 5263 3656 5321; x_wconf 91' lang='lat' dir='ltr'>inter</span> 
     </span>
    </p>
   </div>
   <div class='ocr_carea' id='block_1_113' title="bbox 2001 5353 3656 5427">
    <p class='ocr_par' dir='ltr' id='par_1_113' title="bbox 2001 5353 3656 5427">
     <span class='ocr_line' id='line_1_113' title="bbox 2001 5353 3656 5427; baseline -0.003 -12"><span class='ocrx_word' id='word_1_823' title='bbox 2001 5359 2214 5415; x_wconf 89' lang='lat' dir='ltr'>Notnm</span> <span class='ocrx_word' id='word_1_824' title='bbox 2245 5362 2301 5414; x_wconf 90' lang='lat' dir='ltr'>et</span> <span class='ocrx_word' id='word_1_825' title='bbox 2331 5362 2549 5413; x_wconf 88' lang='lat' dir='ltr'>Eurum</span> <span class='ocrx_word' id='word_1_826' title='bbox 2579 5362 2668 5413; x_wconf 85' lang='lat' dir='ltr'>est</span> <span class='ocrx_word' id='word_1_827' title='bbox 2690 5358 3050 5427; x_wconf 89' lang='lat' dir='ltr'>Euronotus;</span> <span class='ocrx_word' id='word_1_828' title='bbox 3086 5355 3318 5412; x_wconf 89' lang='lat' dir='ltr'>medius</span> <span class='ocrx_word' id='word_1_829' title='bbox 3349 5369 3480 5409; x_wconf 90' lang='lat' dir='ltr'>vero</span> <span class='ocrx_word' id='word_1_830' title='bbox 3504 5353 3656 5410; x_wconf 88' lang='lat' dir='ltr'>inter</span> 
     </span>
    </p>
   </div>
   <div class='ocr_carea' id='block_1_114' title="bbox 2002 5444 3654 5519">
    <p class='ocr_par' dir='ltr' id='par_1_114' title="bbox 2002 5444 3654 5519">
     <span class='ocr_line' id='line_1_114' title="bbox 2002 5444 3654 5519; baseline -0.004 -15"><span class='ocrx_word' id='word_1_831' title='bbox 2002 5449 2243 5505; x_wconf 61' lang='lat' dir='ltr'>Greciam</span> <span class='ocrx_word' id='word_1_832' title='bbox 2286 5451 2343 5504; x_wconf 87' lang='lat' dir='ltr'>et</span> <span class='ocrx_word' id='word_1_833' title='bbox 2373 5446 2892 5519; x_wconf 88' lang='lat' dir='ltr'>septentrionalem</span> <span class='ocrx_word' id='word_1_834' title='bbox 2928 5449 3165 5502; x_wconf 89' lang='lat' dir='ltr'>ventum</span> <span class='ocrx_word' id='word_1_835' title='bbox 3203 5448 3292 5500; x_wconf 89' lang='lat' dir='ltr'>est</span> <span class='ocrx_word' id='word_1_836' title='bbox 3319 5444 3568 5512; x_wconf 88' lang='lat' dir='ltr'>Boreas;</span> <span class='ocrx_word' id='word_1_837' title='bbox 3597 5447 3654 5499; x_wconf 88' lang='lat' dir='ltr'>et</span> 
     </span>
    </p>
   </div>
   <div class='ocr_carea' id='block_1_115' title="bbox 2002 5533 3651 5602">
    <p class='ocr_par' dir='ltr' id='par_1_115' title="bbox 2002 5533 3651 5602">
     <span class='ocr_line' id='line_1_115' title="bbox 2002 5533 3651 5602; baseline -0.005 -8"><span class='ocrx_word' id='word_1_838' title='bbox 2002 5539 2234 5594; x_wconf 80' lang='lat' dir='ltr'>medius</span> <span class='ocrx_word' id='word_1_839' title='bbox 2265 5538 2419 5594; x_wconf 88' lang='lat' dir='ltr'>inter</span> <span class='ocrx_word' id='word_1_840' title='bbox 2439 5537 2653 5593; x_wconf 89' lang='lat' dir='ltr'>Notum</span> <span class='ocrx_word' id='word_1_841' title='bbox 2685 5541 2742 5593; x_wconf 90' lang='lat' dir='ltr'>et</span> <span class='ocrx_word' id='word_1_842' title='bbox 2786 5535 3052 5594; x_wconf 82' lang='lat' dir='ltr'>Africum</span> <span class='ocrx_word' id='word_1_843' title='bbox 3100 5539 3191 5592; x_wconf 89' lang='lat' dir='ltr'>est</span> <span class='ocrx_word' id='word_1_844' title='bbox 3238 5533 3651 5602; x_wconf 83' lang='lat' dir='ltr'>Africonotus;</span> 
     </span>
    </p>
   </div>
   <div class='ocr_carea' id='block_1_116' title="bbox 2001 5623 3648 5698">
    <p class='ocr_par' dir='ltr' id='par_1_116' title="bbox 2001 5623 3648 5698">
     <span class='ocr_line' id='line_1_116' title="bbox 2001 5623 3648 5698; baseline -0.006 -14"><span class='ocrx_word' id='word_1_845' title='bbox 2001 5632 2058 5684; x_wconf 89' lang='lat' dir='ltr'>et</span> <span class='ocrx_word' id='word_1_846' title='bbox 2090 5627 2321 5684; x_wconf 89' lang='lat' dir='ltr'>medius</span> <span class='ocrx_word' id='word_1_847' title='bbox 2351 5627 2506 5684; x_wconf 83' lang='lat' dir='ltr'>inter</span> <span class='ocrx_word' id='word_1_848' title='bbox 2535 5630 2774 5684; x_wconf 89' lang='lat' dir='ltr'>ventum</span> <span class='ocrx_word' id='word_1_849' title='bbox 2807 5623 3324 5698; x_wconf 88' lang='lat' dir='ltr'>septentrionalem</span> <span class='ocrx_word' id='word_1_850' title='bbox 3351 5627 3408 5680; x_wconf 90' lang='lat' dir='ltr'>et</span> <span class='ocrx_word' id='word_1_851' title='bbox 3437 5623 3648 5692; x_wconf 78' lang='lat' dir='ltr'>iapyga</span> 
     </span>
    </p>
   </div>
   <div class='ocr_carea' id='block_1_117' title="bbox 2000 5716 2449 5774">
    <p class='ocr_par' dir='ltr' id='par_1_117' title="bbox 2000 5716 2449 5774">
     <span class='ocr_line' id='line_1_117' title="bbox 2000 5716 2449 5774; baseline -0.004 0"><span class='ocrx_word' id='word_1_852' title='bbox 2000 5721 2090 5774; x_wconf 89' lang='lat' dir='ltr'>est</span> <span class='ocrx_word' id='word_1_853' title='bbox 2116 5716 2449 5774; x_wconf 87' lang='lat' dir='ltr'>Thrascias.</span> 
     </span>
    </p>
   </div>
  </div>
