4032 6202
336 349 456 410 795

975 486 1028 540 8.
1063 487 1140 543 De
1171 487 1334 546 iride.

403 583 512 642 Iris
541 583 840 656 propriam
885 584 1278 642 substantiam
1328 603 1442 644 non
1493 587 1688 656 habet,
1739 589 1839 645 sed
1894 593 1982 646 est

332 675 769 748 repraesentatio
821 676 1107 747 quadam.
1161 676 1304 732 Cum
1357 677 1509 733 enim
1553 679 1740 734 nubes
1773 697 1980 752 parvas

333 766 617 837 quasdam
679 765 860 819 rimas
917 764 1111 832 habet,
1172 771 1229 821 et
1295 767 1400 822 soli
1472 768 1832 836 adversatur,
1901 785 1982 825 re-

334 853 589 909 ﬂectitur
621 855 689 909 ad
725 853 908 909 solem
942 853 1101 910 visus
1135 860 1353 924 noster,
1385 859 1441 911 et
1481 857 1710 913 videtur
1758 858 1980 930 aliquid

335 943 535 1000 circuli
570 944 831 1000 foramen
879 943 940 998 in
990 945 1144 999 nube
1192 961 1341 1001 esse.
1392 947 1736 1004 Aristoteles
1785 952 1980 1005 autem

332 1050 439 1106 per
467 1034 882 1105 geometricam
918 1035 1260 1090 methodum
1293 1037 1650 1092 demonstral
1678 1055 1749 1093 ne
1797 1037 1982 1094 circu-

332 1121 457 1180 lum
490 1121 726 1194 quidem
758 1124 881 1180 ﬁeri
913 1141 1018 1180 nec
1065 1125 1259 1196 majus
1306 1126 1676 1184 semicirculo
1722 1129 1983 1185 foramen

334 1229 485 1271 6386.

989 1303 1044 1360 9.
1075 1305 1150 1360 De
1176 1320 1326 1361 area.

404 1394 556 1448 Area
577 1392 732 1450 circa
751 1393 954 1449 lunam
981 1397 1039 1450 et
1059 1394 1264 1465 solem,
1287 1396 1603 1468 aliquando
1626 1397 1801 1454 etiam
1833 1397 1986 1456 circa

333 1481 638 1539 stellarum
670 1482 1187 1555 splendidissimas
1239 1485 1543 1543 formatur.
1592 1489 1653 1544 Id
1704 1504 1773 1544 ex
1819 1488 1985 1546 visus

331 1571 645 1628 reﬂexione
671 1573 860 1630 oritur
891 1573 990 1646 qui
1022 1575 1282 1647 undique
1314 1575 1588 1632 similiter
1618 1577 1772 1634 circa
1801 1579 1983 1635 solem

336 1667 395 1717 et
425 1661 625 1718 lunam
657 1663 1005 1734 reﬂectitur;
1041 1668 1105 1720 ut
1133 1681 1236 1737 per
1264 1667 1676 1738 geometricam
1734 1668 1980 1725 formam

343 1751 695 1808 ostenditur.

873 1843 960 1899 10.
993 1844 1068 1900 De
1095 1845 1217 1900 creti
1241 1847 1450 1916 forma.

408 1929 631 1987 Ccelum
666 1931 1018 2002 sphaaricum
1055 1938 1165 2001 est,
1201 1938 1258 1990 et
1292 1935 1402 1992 hoc
1440 1938 1597 2006 patet
1631 1954 1699 1993 ex
1729 1953 1795 1994 eo
1824 1939 1979 2010 quod

341 2024 506 2076 astra
538 2037 649 2075 non
683 2021 940 2077 errantia
967 2021 1177 2079 iisdem
1213 2023 1357 2081 locis
1397 2026 1696 2099 surgentia
1741 2033 1799 2084 et
1841 2029 1985 2084 occi-

343 2109 538 2165 denlia
566 2110 863 2179 videntur,
897 2116 954 2167 et
983 2112 1234 2170 borealis
1278 2113 1449 2187 polus
1495 2116 1778 2174 immotus
1827 2119 1983 2191 apud

339 2215 446 2256 nos
469 2215 700 2270 semper
722 2201 1172 2272 aspicitur,dum
1191 2209 1390 2260 contra
1411 2205 1689 2263 australis
1707 2213 1985 2280 perpetuo

336 2293 598 2362 tegatur;
636 2291 787 2362 quod
822 2307 938 2346 non
971 2291 1053 2348 ita
1083 2303 1236 2349 esset
1275 2295 1324 2349 si
1377 2295 1588 2352 coelum
1639 2297 1983 2368 sphaericam

337 2376 588 2434 formam
622 2371 738 2436 non
772 2381 1088 2438 ali'ectaret.
1123 2383 1328 2440 Omnis
1359 2387 1514 2441 enim
1550 2387 1799 2458 sphaera,
1850 2405 1983 2445 cum

335 2471 618 2537 movetur,
657 2471 771 2526 tria
800 2477 1018 2543 puncta
1045 2472 1378 2531 immobilia
1406 2476 1601 2549 habet,
1635 2483 1901 2535 centrum
1932 2489 1986 2538 et

334 2558 483 2614 duos
515 2559 702 2630 polos.
744 2560 874 2616 Hac
925 2579 1096 2634 porro
1147 2563 1335 2620 forma
1382 2564 1554 2638 plura
1601 2569 1758 2640 capit
1807 2587 1983 2642 quam

335 2663 413 2704 eae
446 2665 571 2721 quae
603 2650 876 2706 eumdem
909 2668 975 2708 ac
1006 2651 1108 2709 illa
1138 2653 1430 2710 ambitum
1463 2655 1703 2727 habent,
1749 2664 1806 2715 et
1853 2660 1986 2717 aliis

335 2737 542 2796 formis
572 2741 886 2813 perfectior
915 2747 1024 2800 est.

941 2861 1025 2914 11.
1060 2861 1133 2917 De
1171 2861 1394 2918 mundo.

406 2946 688 3002 Nonnulli
716 2945 1054 3020 philosophi
1087 2951 1308 3021 opinati
1360 2958 1501 3009 sunt
1545 2953 1810 3012 infinitos
1857 2973 1987 3016 esse

335 3037 589 3092 mundos
619 3042 675 3091 et
705 3036 765 3092 in
799 3038 1047 3108 singulis
1077 3041 1292 3096 terram
1319 3059 1447 3099 esse
1473 3050 1682 3100 nostrae
1706 3047 1983 3115 similem,

338 3129 398 3181 et
429 3125 487 3180 in
521 3126 593 3181 iis
622 3126 811 3182 vivere
843 3127 1112 3184 homines
1142 3135 1200 3185 et
1231 3131 1528 3188 animalia.
1564 3135 1674 3190 Sed
1725 3138 1986 3195 nesciere

1679 353 2094 416 MICHAELlS
2142 357 2413 420 PSELLI

2011 491 2064 558 Α

3621 366 3748 425 796

2681 492 2753 565 η’.
2784 494 2912 570 Περὶ
2951 489 3155 568 ἴριδος.

2159 589 2221 644 Ἡ
2251 588 2519 666 λεγομένη
2574 589 2681 664 ῗρις
2738 590 2876 647 ἰδίαν
2934 592 3223 649 ὑπόστασιν
3267 594 3369 650 οὐκ
3427 592 3568 671 ἔχει,
3613 592 3746 650 ἀλλ’

2091 677 2321 758 ἔμφασίς
2347 682 2430 744 τίς
2461 681 2570 737 ἐστι
2606 701 2618 713 ·
2650 685 2746 738 τοῦ
2797 683 2899 759 γὰρ
2950 683 3143 760 νέφους
3176 683 3372 757 μικράς
3413 706 3557 748 τινας
3599 685 3748 762 ῥανί-

2093 765 2185 830 δας
2218 768 2464 845 ἔχοντος,
2509 771 2597 827 καί
2658 771 2952 844 ἐξεναντίας
2997 773 3251 846 κειμένου
3305 778 3384 847 τῷ
3426 773 3597 848 ἡλίῳ,
3648 775 3747 831 ἀν-

2089 859 2420 916 τανακλᾶται
2462 862 2768 936 ἠὴμετὲρα
2819 859 2942 937 ὄψις
2991 863 3127 939 πρὸς
3172 864 3262 918 τὸν
3309 863 3492 934 ἥλιον,
3535 864 3624 920 καὶ
3650 862 3743 920 δο-

2091 954 2175 1004 κεῖ
2203 971 2253 1004 τι
2285 948 2492 1006 κύκλου
2539 959 2736 1027 τμῆμα
2784 951 2837 1007 ἐν
2885 956 2965 1024 τῷ
3011 951 3157 1031 νέφει
3211 953 3363 1010 εἶναι.
3397 955 3457 1012 Ὀ
3499 951 3556 1010 ὂὶ
3587 955 3744 1031 Ἀρι-

2094 1037 2357 1109 στοτέλτες
2419 1039 2650 1096 δείκνυσι
2722 1040 2810 1097 διὰ
2885 1046 3269 1117 γεωμετρικῶν
3331 1040 3595 1116 μεθόδων,
3655 1045 3741 1098 δτι

2094 1126 2216 1185 οὔτε
2236 1128 2437 1193 κύκλος
2463 1131 2691 1207 γίνεται.
2746 1129 2872 1188 οὕττ
2927 1137 3112 1207 μεῖζον
3158 1131 3494 1206 ἡμικυκλίου
3523 1139 3743 1207 τμῆμα.
3793 1207 3796 1209 Α

2723 1314 2785 1372 0'.
2818 1311 2948 1388 Περὶ
2978 1308 3116 1371 ἅλω.

2161 1404 2225 1460 ἹΙ
2277 1399 2334 1458 δὲ
2391 1399 2539 1467 ἅλως
2604 1402 2726 1479 περὶ
2801 1405 2900 1473 τήν
2973 1401 3208 1474 σελήνην
3267 1401 3355 1458 καὶ
3403 1403 3495 1459 τὸν
3553 1401 3734 1474 ἥλιον,

2094 1491 2264 1549 ένίοτε
2287 1493 2374 1548 καὶ
2426 1492 2549 1569 περῖ
2598 1492 2664 1548 τὰ
2721 1490 2948 1568 λαμπρᾶ
3002 1496 3110 1548 τῶν
3163 1493 3374 1569 ἄστρων
3412 1493 3738 1549 συνίσταται.

2095 1583 2300 1640 Γίνεται
2361 1581 2417 1638 δὲ
2474 1583 2578 1638 ἀπὸ
2635 1581 3068 1645 ἀντανακλάσεως
3130 1589 3229 1652 τῆς
3281 1579 3477 1657 ὄψεως,
3538 1582 3740 1637 πάντο-

2096 1687 2179 1738 θεν
2215 1673 2420 1746 ὁμοίως
2472 1673 2862 1745 ἀνακλωμένης
2913 1671 3031 1746 περῖ
3064 1673 3156 1727 τὸν
3193 1671 3351 1742 ἥλιον
3384 1669 3420 1742 ἤ
3449 1673 3547 1742 τήν
3582 1669 3742 1742 σελή-

2093 1785 2214 1835 νην,
2248 1765 2322 1827 ὡς
2354 1759 2442 1817 διὰ
2475 1766 2849 1838 γεωμετρικοῦ
2871 1764 3160 1838 σχήματος
3190 1759 3477 1819 δείκνυται.

2507 1852 2555 1907 ι’.
2590 1850 2718 1928 Περὶ
2746 1852 3034 1928 σχήματος
3067 1852 3318 1925 οὐρανοῦ.

2161 1944 2222 2000 Ὀ
2283 1941 2511 2019 οὐρανὸς
2567 1937 2942 2019 σφαιροειδῆς,
3001 1939 3089 1995 καὶ
3137 1944 3298 1996 τοῦτο
3359 1936 3530 2010 δῆλον
3579 1935 3637 1994 ἔκ
3682 1959 3742 1994 τι

2092 2032 2218 2098 τοὺς
2264 2031 2487 2107 ἀστέρας
2542 2030 2669 2093 τοὺς
2729 2029 2991 2093 ἀπλανεῖς
3046 2031 3267 2106 ὁρᾶσθαι
3324 2030 3429 2086 ἀπὸ
3485 2034 3592 2086 τῶν
3639 2028 3736 2084 αὖ·

2091 2127 2195 2179 τῶν
2224 2121 2406 2178 τόπων
2463 2117 2858 2182 ἀνατέλλον-τας
2909 2119 2997 2174 καὶ
3049 2116 3325 2188 δῦνοντσς,
3371 2118 3461 2174 καί
3508 2119 3600 2174 τὸν
3645 2118 3740 2194 βό-

2095 2233 2234 2289 ρειον
2265 2210 2435 2266 πό)ον
2470 2209 2721 2281 ἀκίνητον
2773 2210 2995 2285 ὁρᾶσθαι
3047 2209 3128 2264 ἀεὶ
3177 2210 3304 2284 παρ’
3345 2211 3531 2283 ἡμῶν,
3558 2209 3650 2265 τὸι
3685 2205 3744 2264 δὲ

2092 2301 2270 2358 νότιον
2303 2300 2676 2376 κρύπτεσθαι·
2731 2298 2862 2376 ὅπερ
2910 2299 3008 2354 οὑκ
3057 2295 3114 2353 ἂν
3177 2293 3502 2371 συνέϐαινεν,
3557 2297 3604 2353 εί
3662 2299 3742 2371 μὴ

2095 2387 2443 2468 σφαιροειδὴς
2504 2390 2570 2459 ἧν
2626 2386 2871 2465 οὐρανός.
2941 2392 3090 2446 Πᾶσα
3143 2389 3244 2465 γὰρ
3304 2393 3502 2466 σφαῖρα
3556 2408 3750 2442 κινου-

2098 2481 2226 2554 μένη
2277 2479 2399 2555 τρία
2441 2476 2556 2554 ἔχει
2618 2484 2822 2551 σημεῖα
2870 2478 3119 2586 Vivum,
3171 2479 3234 2533 τό
3284 2499 3340 2532 τε
3386 2477 3603 2554 κέντρον
3653 2475 3748 2532 καὶ

2159 2568 2170 2584 \
2252 2566 2306 2586 NI
2430 2567 2470 2586 ΙΝ
2638 2569 2703 2586 nn
2847 2566 2891 2586 δκ
3029 2568 3042 2585 \
3136 2568 3151 2586 \
3291 2568 3320 2586 ἀ
3515 2571 3541 2582 ~
3677 2571 3707 2582 ο

2091 2568 2217 2632 τοὺς
2249 2566 2344 2624 δύο
2374 2567 2604 2631 πόλους.
2638 2569 2794 2624 Ἔστι
2844 2566 2917 2623 δὲ’
2955 2568 3044 2623 καὶ
3097 2568 3160 2622 τὸ
3211 2568 3406 2644 σχῆμα
3449 2571 3611 2622 τοῦτο
3639 2571 3752 2621 τῶν
3791 2605 3794 2608 -

2093 2659 2529 2735 ίσοπεριμέτρων
2587 2657 2736 2730 αὐτῷ
2813 2656 3115 2734 σχημάτων
3179 2656 3743 2735 πολυχωρητότερον,

2092 2748 2183 2804 καὶ
2213 2752 2320 2803 τῶν
2346 2745 2529 2803 ἄλλων
2561 2750 2874 2823 σχημάτων
2906 2744 3266 2825 τελειότερον.

2579 2887 2596 2901 ο
2669 2867 2752 2922 ια’.
2786 2865 2917 2942 Περὶ
2945 2865 3178 2939 κόσμου.

2165 2956 2314 3018 Τινὲς
2372 2960 2477 3010 τῶν
2558 2955 2872 3034 φιλοσόφων
2953 2953 3204 3028 ἐδόξασαν
3280 2952 3534 3031 ἀπείρους
3607 2956 3747 3009 εἶναι

2093 3047 2361 3119 κόσμους,
2402 3045 2491 3101 καὶ
2550 3045 2601 3100 έν
2650 3043 2882 3117 ἇκάστῳο
2908 3052 3011 3121 γῆν
3071 3045 3267 3117 ὁμοίαν
3308 3043 3501 3118 ταύτῃ,
3532 3044 3622 3098 καὶ
3657 3041 3749 3097 ἀν-

2095 3135 2346 3211 θρώποος
2376 3135 2467 3190 καὶ
2515 3139 2642 3204 ζῶα.
2697 3135 2995 3209 ’Πγνόησαν
3051 3131 3133 3188 δὲ’
3159 3133 3334 3203 οὗτοι,
3383 3134 3465 3188 δτι
3499 3133 3600 3189 οὐκ
3636 3129 3748 3186 ἔστι

335 3215 543 3271 divinae
577 3217 846 3286 potentiae
880 3234 996 3273 non
1029 3234 1158 3275 esse
1189 3220 1480 3277 actionem
1511 3240 1675 3279 suam
1726 3227 1981 3284 dividere

2101 3224 2240 3288 θείας
2272 3222 2548 3296 δυνάμεως
2597 3224 2658 3278 τὸ
2709 3221 2935 3299 διαιρεῖν
2973 3225 3071 3293 τήν
3121 3223 3340 3292 ποίησιν
3383 3222 3474 3278 καὶ
3505 3221 3580 3284 είς
3613 3219 3752 3277 πολ-

333 3308 392 3362 et
417 3304 476 3359 in
506 3305 695 3361 multa
725 3306 1207 3380 distribuere,sed
1239 3316 1440 3368 contra
1465 3328 1593 3368 eam
1627 3315 1896 3387 colligere
1926 3321 1983 3374 et

333 3394 684 3451 coadunare.

408 3511 494 3567 12.
527 3512 667 3568 Num
696 3513 767 3568 sit
797 3513 1044 3640 mundqu
1062 3515 1342 3642 anintiatus
1381 3525 1432 3573 et
1478 3519 1840 3578 Providentia
1880 3539 1982 3593 gu-

1049 3602 1182 3642 erna
1213 3604 1295 3642 us.

1049 3602 1295 3642 ernams.

409 3682 589 3738 Grmci
621 3682 857 3752 quidem
893 3683 1152 3754 sphras
1203 3684 1466 3741 caelestes
1514 3688 1806 3745 animatas
1856 3708 1983 3748 esse

334 3771 558 3843 opinati
595 3774 753 3836 sunt,
783 3771 1066 3826 addentes
1099 3771 1299 3827 stellas
1331 3789 1459 3829 esse
1489 3792 1724 3848 quoque
1755 3779 1981 3834 anima-

332 3864 445 3916 tas.
481 3859 542 3914 Si
574 3859 729 3913 enim
781 3875 1026 3930 corpora
1074 3861 1374 3916 terrestria
1423 3879 1538 3919 non
1585 3872 1726 3922 sunt
1773 3868 1982 3924 animas

331 3948 610 4020 expertia,
649 3952 865 4018 quanto
892 3949 1076 4019 magis
1105 3949 1382 4006 coelestia.
1418 3951 1532 4009 Nos
1562 3971 1695 4010 vero
1729 3956 1982 4024 dicimus

333 4054 536 4094 eorum
569 4042 793 4091 motum
825 4052 954 4092 esse
986 4037 1511 4113 physicum,neque
1541 4043 1982 4103 vitalem.Vide-

335 4142 466 4182 mus
483 4126 638 4180 enim
659 4143 870 4198 corpus
889 4142 1004 4198 quo
1024 4127 1213 4199 magis
1236 4131 1470 4201 organis
1492 4131 1844 4191 instructum
1868 4143 1978 4206 est,

333 4232 400 4272 eo
424 4216 703 4285 majorem
726 4216 854 4270 vitae
879 4217 1233 4273 activitatem
1262 4219 1773 4279 habere.Nostrum
1803 4227 1984 4298 igitur

334 4321 549 4375 corpus
581 4305 817 4376 organis
849 4305 1116 4377 pluribus
1146 4307 1499 4367 instructum
1541 4317 1629 4368 est
1660 4331 1837 4386 quam
1870 4334 1980 4372 cae-

331 4398 590 4451 terorum
648 4395 1039 4453 animantium
1085 4415 1318 4471 corpus,
1379 4404 1877 4473 quemadmodum
1925 4412 1981 4464 et

335 4498 404 4540 ea
434 4483 646 4540 melius
669 4485 1047 4543 instruuntur
1078 4505 1256 4560 quam
1288 4490 1521 4562 plantis.
1573 4495 1736 4560 Quod
1786 4501 1981 4554 autem

334 4578 424 4630 est
454 4574 1075 4647 sphaaricum,omnino
1108 4578 1360 4652 simplex
1391 4585 1480 4637 est
1508 4585 1565 4639 et
1588 4584 1705 4640 vita
1751 4601 1978 4654 carens,

333 4667 400 4720 ut
429 4669 682 4738 quatuor
708 4667 1015 4724 elementa.

597 4782 684 4838 13.
715 4784 858 4839 Num
886 4787 960 4840 sit
988 4785 1224 4841 mundus
1255 4787 1717 4858 incorruptibilis.

409 4899 752 4959 Aristoteles
783 4899 1020 4972 quidem
1070 4901 1349 4972 opinatur
1401 4903 1688 4960 mundum
1736 4921 1864 4964 esse
1907 4909 1978 4964 ab

331 4997 548 5050 sterno
579 5006 768 5062 neque
797 4989 972 5044 finem
1005 4989 1368 5061 habiturum;
1390 4992 1552 5049 Plato
1583 4999 1776 5052 autem
1810 4997 1977 5054 illum

332 5087 535 5139 natum
568 5097 697 5137 esse
727 5079 931 5148 credit,
967 5079 1066 5135 sed
1098 5083 1378 5137 aeternum
1413 5083 1553 5139 fore.
1585 5084 1701 5140 Nos
1729 5103 1864 5143 vero
1895 5089 1978 5143 di-

329 5173 523 5229 cimus
553 5171 866 5236 mundum,
901 5184 1036 5225 cum
1069 5168 1146 5224 sit
1176 5185 1411 5243 corpus,
1444 5177 1501 5228 et
1543 5189 1717 5232 omne
1766 5193 1976 5248 corpus

332 5261 559 5316 ﬁnitam
587 5259 703 5314 vim
736 5258 968 5326 habeat,
1002 5257 1233 5314 ﬁnitam
1263 5260 1377 5316 vim
1411 5267 1467 5318 et
1495 5263 1690 5335 ipsum
1742 5265 1975 5339 habere,

331 5349 487 5423 quod
519 5366 588 5405 ex
617 5348 997 5418 sequentibus
1028 5353 1204 5420 patet.
1258 5354 1414 5406 Intra
1463 5351 1673 5424 viginti
1724 5361 1978 5426 quatuor

330 5438 507 5495 horas
536 5436 808 5505 volvitur,
839 5437 994 5492 utin
1046 5438 1312 5494 confesso
1361 5445 1471 5496 est.
1523 5441 1582 5496 Si
1634 5442 1814 5515 igitur
1853 5462 1974 5502 ma-

319 5527 511 5600 jorem
542 5526 659 5583 vim
693 5526 952 5599 haberet,
981 5527 1365 5600 paucioribus
1397 5529 1558 5587 horis
1607 5539 1970 5605 moveretur;

330 5619 412 5676 ita
441 5621 527 5689 ut,
559 5618 1058 5693 quemadmodum
1091 5619 1520 5694 magnitudine,
1552 5623 1636 5681 sic
1665 5627 1723 5682 et
1752 5624 1806 5683 vi
1854 5629 1976 5684 ter-

331 5710 609 5768 minetur.

2011 4628 2060 4692 D

2096 3312 2166 3369 λὰ
2193 3314 2566 3387 κατατέμνειν,
2599 3309 2745 3367 ἀλλὰ
2774 3312 3032 3388 συνείρειν
3065 3312 3156 3367 καὶ
3188 3311 3406 3381 ένίζειν,

2096 3519 2191 3595 ιβ’.
2247 3517 2314 3574 E’i
2367 3515 2618 3593 ἔμψυχος
2687 3519 2715 3571 6
2782 3516 2987 3590 κόσμος
3063 3517 3154 3572 καὶ
3211 3515 3444 3591 προνοίᾳ
3505 3512 3752 3581 διοικού-

2823 3611 3007 3664 μενος.
3035 3641 3044 3647 .

2163 3690 2230 3746 Οἱ
2283 3690 2375 3761 μὲν
2407 3686 2681 3758 ἝΛληνες
2724 3688 2821 3750 τάς
2865 3688 3094 3763 σφαίρας
3139 3691 3234 3742 τοῦ
3288 3685 3522 3762 οὐρανοῦ
3573 3684 3750 3759 ἐμψύ-

2090 3797 2226 3853 χους
2257 3775 2529 3848 ἐδόξασαν,
2585 3777 2725 3852 πρὸς
2773 3775 2829 3832 δὲ
2876 3777 2966 3832 καὶ
3013 3777 3141 3838 τοὺς
3180 3777 3404 3849 ἀστέρας
3437 3774 3696 3848 λέγοντες
3733 3793 3747 3806 ·

2092 3870 2207 3923 εἶτα
2237 3867 2463 3929 ἐνταῦθα
2503 3864 2680 3940 γεώδη
2741 3867 2968 3939 σώματα
3015 3865 3118 3920 οὐκ
3175 3865 3470 3938 ἠμοίρησε,
3503 3863 3660 3936 πόσῳ
3685 3883 3751 3937 γε

2096 3955 2307 4029 μᾶλλον
2335 3957 2401 4010 τὰ
2432 3953 2674 4029 οὐράνια.
2725 3957 2916 4028 Ἡμεῖς
2968 3953 3072 4028 [δὲ]
3129 3953 3380 4028 λέγομεν,
3412 3954 3487 4015 ὡς
3517 3954 3551 4021 ἠ
3585 3953 3753 4021 κίνη-

2091 4067 2173 4108 σις
2229 4044 2436 4099 τούτων
2495 4047 2691 4122 φυσική
2753 4044 2862 4098 ἐστι
2939 4043 3030 4098 καὶ
3091 4042 3152 4098 οὐ
3213 4044 3447 4117 ψυχική.
3497 4043 3751 4112 Ὀρῶμεν

2089 4135 2214 4210 γὰρ,
2246 4133 2320 4196 ὠς
2369 4133 2481 4206 ὅσῳ
2530 4133 2964 4209 ἀργανικώτερόν
3012 4131 3123 4187 ἐστι
3172 4131 3224 4187 τὶ
3275 4135 3456 4204 σῶμα,
3498 4131 3755 4202 τοσούτῳ

2091 4222 2307 4300 δέχεται
2365 4224 2452 4279 καὶ
2504 4226 2598 4286 τὰς
2663 4223 2939 4298 ἐκεργείας
2978 4230 3078 4292 τῆς
3141 4225 3324 4297 ψυχῆς
3371 4221 3646 4284 πλείονας.
3679 4222 3753 4276 Τὸ

2088 4319 2220 4390 γοῦν
2251 4315 2516 4387 ἡμέτερόν
2567 4318 2726 4386 σῶμα
2777 4311 3213 4388 όργανικώτερόν
3261 4311 3370 4366 ἐστι
3414 4316 3524 4366 τῶν
3569 4312 3757 4384 σωμά-

2087 4425 2194 4460 των
2225 4408 2329 4458 τῶν
2383 4401 2592 4457 λοιπῶν
2655 4404 2830 4471 ζώων,
2886 4401 3068 4476 ὥσπερ
3133 4400 3310 4456 ἐκεῖνα
3365 4404 3473 4455 τῶν
3512 4404 3695 4477 φυτῶν
3735 4417 3750 4432 ·

2087 4495 2150 4549 τὸ
2183 4490 2240 4547 δὲ
2271 4489 2605 4568 σφαιροειδὲς
2661 4493 2834 4560 πάντη
2882 4489 3122 4557 ἀπλοῦν,
3183 4489 3321 4545 ὥστε
3377 4489 3467 4544 καὶ
3507 4487 3751 4563 ἄψυχον,

2093 4584 2181 4638 οἷα
2207 4582 2274 4638 τὰ
2301 4582 2532 4657 τέσσαρα
2553 4586 2823 4656 στοιχεῖα.
2885 4600 2892 4603 ’

2531 4789 2613 4863 ιγ’.
2645 4785 2709 4841 Ei
2741 4783 3008 4864 ἄφθαρτος
3035 4785 3063 4838 6
3091 4785 3323 4857 κόσμος·

2156 4907 2213 4963 Ὀ
2250 4906 2343 4978 μὶν
2403 4902 2791 4980 Ἀριστοτέλης
2834 4902 3041 4975 κόσμον
3092 4897 3300 4972 δοξάζει
3351 4895 3647 4974 ἆγέννητόν
3683 4918 3746 4952 τε

2087 4995 2176 5052 καὶ
2225 4993 2494 5074 ἄφθαρτον
2531 5011 2543 5024 ·
2602 4993 2629 5046 6
2679 4990 2734 5047 δὲ
2781 4989 3010 5048 Ηλοίτων
3059 4989 3316 5066 γεννητὸν
3368 4988 3487 5061 μὶν,
3537 4985 3750 5067 ἄφθαρο

2085 5105 2178 5140 τον
2211 5081 2286 5140 δέ.
2319 5085 2504 5157 Ἡμεῖς
2535 5079 2591 5136 δὲ
2647 5080 2903 5158 λέγὶμεν,
2955 5081 3052 5149 ὡς,
3095 5078 3210 5134 ἰπεὶ
3269 5077 3428 5151 σῶμά
3463 5077 3602 5150 ἐστι,
3641 5082 3751 5132 πᾶν

2089 5171 2146 5228 δὲ
2176 5177 2334 5248 σῶμα
2391 5170 2806 5246 πεπερασμένην
2863 5165 2981 5245 ἔχει
3037 5169 3138 5238 τήν
3191 5165 3442 5240 δύναμιν,
3486 5163 3754 5222 ἐκτῶνδε

2088 5261 2256 5334 δῆλον
2286 5282 2298 5295 ³
2333 5262 2759 5326 ἀποκαθίσταται
2806 5256 3277 5333 ὁμολογουμένως
3319 5253 3409 5311 διὰ
3452 5262 3556 5325 τῆς
3593 5257 3757 5325 κινή-

2087 5373 2220 5415 σεως
2251 5352 2302 5407 ἐν
2356 5351 2520 5428 ὥραις
2573 5348 2742 5405 εἷ’κοσι
2791 5347 3070 5423 τέσσαρσιν
3103 5367 3114 5380 ·
3170 5345 3215 5402 εί
3260 5348 3388 5422 γοῦν
3423 5347 3543 5421 εἶχε
3590 5341 3754 5400 δύνα-

2090 5465 2177 5518 μιν
2225 5442 2472 5512 πλείονα,
2519 5441 2569 5496 έν
2621 5439 3030 5517 ἐλαχιστοτέρῳ
3077 5439 3183 5513 (ἄν]
3228 5434 3458 5493 ἐκινείτο
3503 5455 3696 5511 χρννῳ
3730 5453 3746 5467 ο

2086 5532 2242 5606 ὥστε,
2299 5544 2537 5609 καθαπερ
2584 5531 2915 5605 πεπέρασται
2976 5526 3111 5585 κατὰ
3172 5527 3233 5582 τὸ
3295 5525 3539 5605 μέγεθος,
3593 5522 3743 5580 οὕτω

2082 5622 2170 5680 καὶ
2201 5621 2337 5679 κατὰ
2359 5624 2456 5693 τήν
2491 5619 2736 5696 δύναμιν.
