3966 6216
261 369 378 430 ’197

700 497 783 556 ιδ’.
817 498 883 560 El
913 500 1160 580 τριφεται
1193 500 1221 556 6
1251 498 1500 578 οὐρανός.
1588 507 1593 509 ’

333 615 624 688 Ἐδόξασάν
690 639 851 686 τινες,
929 617 1214 695 τρέφεσθαι
1285 619 1380 673 τὸν
1435 617 1594 688 ἥλιον
1653 617 1742 674 καὶ
1793 619 1922 683 τοὺς

262 709 490 781 ἀστέρας
520 707 626 762 ἀπὸ
653 712 762 762 τῶν
817 708 1202 783 ἁνερχομένων
1234 708 1474 780 ἁτμὲνων
1517 707 1621 762 ἀπὸ
1650 715 1749 777 τῆς
1795 715 1922 784 γῆς,

260 797 354 852 καὶ
385 798 463 858 ὡς
513 795 602 852 διὰ
648 801 810 851 10610
862 798 961 865 τὴν
1015 795 1245 867 λόξωσιν
1288 802 1526 852 ποιεῖται
1560 798 1587 852 6
1618 795 1801 866 ἥλιος,
1833 795 1922 852 διὰ

259 888 324 942 16
379 887 487 941 ἀπὸ
527 891 635 942 τῶν
694 888 876 960 ἀτμῶν
926 888 1198 964 sapae-01:.
1229 891 1397 942 T0610
1451 884 1508 941 δὲ
1554 885 1749 961 ψεῦδος
1781 887 1920 963 πρό-

261 974 466 1046 δηλον,
502 974 638 1048 μήδ’
685 978 982 1046 ἁνασκευῆς
1027 973 1309 1050 δεόμενον.
1363 977 1518 1034 Μόνα
1562 981 1690 1051 γοῦν
1738 977 1922 1056 τρέφε-

257 1087 351 1120 ται
401 1067 470 1120 τὰ
516 1063 743 1140 ἔμψυχα
785 1066 1031 1139 σώματα·
1085 1067 1150 1122 τὰ
1200 1064 1256 1122 δὲ
1284 1073 1532 1143 στοιχεῖα
1585 1062 1918 1140 μεταϐάλλει

259 1154 342 1218 εἰς
389 1151 636 1224 ἄλληλα·
684 1155 754 1210 τὰ
797 1151 855 1209 δὲ
899 1153 1124 1230 οὐράνια
1166 1155 1392 1228 σώματα
1434 1155 1604 1229 μόνην
1633 1156 1729 1225 τὴν
1760 1176 1916 1211 τοπι-

189 1239 193 1242 ’
257 1245 368 1312 κήν
415 1247 657 1299 ποιεῖται
706 1243 946 1316 κίνησιν,
992 1248 1100 1300 τῶν
1152 1242 1210 1300 δὲ
1240 1244 1448 1302 λοιπῶν
1500 1240 1627 1300 ὄντα
1655 1246 1919 1317 κινήσεων

170 1328 176 1334 ’
261 1329 611 1388 ἁνιπίδεκτα.

725 1450 801 1505 ιε’.
833 1449 965 1524 Περὶ
989 1447 1190 1523 τάξεως
1220 1448 1452 1523 κόσμου.

330 1559 406 1611 T6
453 1561 552 1612 106
610 1556 829 1632 κόσμου
873 1557 1168 1632 μεσότατόν
1217 1558 1355 1614 ἐστιν
1403 1561 1438 1630 ἡ
1490 1562 1584 1634 γῆ,
1616 1559 1705 1616 καὶ
1762 1559 1916 1636 λὲγε-

255 1667 350 1700 ται
383 1648 552 1702 κάτω·
605 1645 716 1702 ἅνω
771 1645 826 1702 δὲ
883 1648 1085 1720 ταύτης
1128 1650 1188 1704 τὸ
1239 1646 1383 1727 ὕδωρ
1429 1649 1562 1724 ἐστὶ,
1596 1650 1682 1706 καὶ
1722 1649 1917 1705 τούτου

257 1736 529 1800 ἄνωθενό
563 1738 686 1812 ἀήρ,
738 1741 834 1792 106
887 1734 944 1793 δὲ
989 1739 1146 1813 ἀέρος
1198 1738 1262 1794 τὸ
1308 1744 1437 1815 πῦρ·
1497 1743 1594 1794 106
1649 1737 1706 1794 δὲ
1749 1741 1918 1814 πυρὸς

259 1834 470 1888 ἄνωθεν
529 1837 563 1904 ἡ
624 1834 854 1906 σελήνηο
913 1843 1015 1907 τῆς
1074 1833 1133 1891 δὲ
1191 1835 1427 1908 σελήνης
1478 1840 1512 1891 ’λ
1569 1842 1666 1893 106
1712 1840 1918 1914 Ἐρμοῦ

259 1927 491 1998 σφαῖρασ
531 1923 732 1995 ταύτης
779 1921 836 1980 δὲ
885 1927 920 1995 ἡ
970 1927 1067 1995 τῆς
1120 1923 1474 2004 Ἀφροδίτης,
1505 1928 1596 1982 καί
1646 1927 1849 1998 ταύτης
1878 1930 1912 1998 ἡ

258 2015 362 2064 106
417 2010 608 2080 ἡλίων
670 2013 781 2067 εἶτα
827 2015 862 2084 ἡ
921 2017 1018 2068 τοῦ
1073 2015 1302 2089 νΑρεωςο
1355 2015 1468 2070 εἶτα
1522 2018 1558 2086 ἡ
1615 2021 1712 2071 106
1767 2016 1912 2080 Διός·

256 2101 354 2154 καὶ
416 2101 549 2176 ὑπὶρ
604 2102 804 2171 ταύτην
862 2105 898 2173 ἡ
956 2107 1054 2158 106
1133 2105 1363 2179 Κρόνου’
1427 2103 1560 2182 ὕπερ
1619 2105 1822 2180 Κρόνον
1877 2109 1912 2176 ἡ

254 2193 371 2244 τῶν
432 2189 690 2246 ἀπλανῶν
744 2189 952 2268 ἄστρων
1012 2198 1231 2270 σφαῖραο
1285 2195 1372 2250 καὶ
1434 2195 1566 2270 ὑπὲρ
1623 2194 1823 2267 ταύτην
1875 2198 1910 2267 ὴ

259 2277 530 2355 ἅναστρος
583 2286 799 2358 σφαῖρα,
854 2285 889 2352 ἡ
946 2281 1042 2345 τὰς
1092 2282 1290 2346 λοιπὰς
1345 2285 1518 2348 πάσας
1567 2289 1792 2341 κινοῦσα
1822 2287 1911 2341 ἀπ’

254 2367 534 2438 ἀνατολῆς
567 2369 641 2432 εἷς
672 2367 842 2440 δύσιν,

550 2487 634 2550 ις’.
663 2485 789 2562 Πιρῖ
815 2491 914 2559 τῆς
936 2491 1032 2543 τοῦ
1062 2487 1275 2569 κόσμου
1305 2486 1624 2566 ἐγκλίσεως.

341 2594 390 2650 Π
419 2597 520 2648 106
562 2591 773 2667 κόσμου
822 2593 1060 2670 ἔγκλισις
1105 2595 1166 2652 οὗ
1214 2603 1330 2653 κατ’
1368 2597 1525 2654 αὐτὸν
1570 2599 1661 2654 τὸν
1703 2600 1911 2673 κόσμον

253 2680 426 2751 δστὶν,
461 2679 608 2737 ἀλλά
653 2683 788 2758 πρὸς
836 2685 1002 2756 ἡμᾶς,
1038 2681 1126 2740 διὰ
1172 2685 1235 2741 τὸ
1286 2687 1362 2759 μὴ
1392 2687 1491 2756 τήν
1523 2689 1791 2764 ἡμετέραν
1821 2684 1907 2743 οἷ’-

252 2791 417 2841 κησιν
454 2771 590 2825 εἶναι
627 2772 727 2828 ὑπὸ
755 2773 845 2828 τὸν
874 2773 1212 2850 ἰσημερινὸν,
1246 2773 1390 2831 ἀλλᾶ
1418 2776 1551 2852 πρὸς
1599 2778 1676 2850 τῷ
1707 2779 1908 2853 βορείῳ

258 2860 438 2933 μέρει·
488 2860 578 2914 καὶ
625 2858 714 2916 διὰ
758 2862 918 2918 10610
972 2864 1341 2940 ὑπερήρτηται
1382 2867 1516 2940 πρὸς
1549 2869 1695 2939 ἡμᾶς
1751 2868 1778 2922 6
1815 2868 1906 2941 βό-

255 2970 405 3025 ρειος
460 2947 657 3022 πόλος,
715 2951 1008 3027 κρύπτεται
1068 2951 1125 3009 δὲ
1165 2955 1193 3008 6
1238 2954 1437 3024 νότιος,
1469 2956 1556 3011 καὶ
1605 2959 1640 3026 ἠ
1688 2961 1784 3012 106
1816 2957 1904 3013 οὗ·

253 3043 426 3115 ρανοῦ
477 3038 689 3110 κίνησις
733 3041 798 3096 οὐ
844 3041 1086 3119 φαίνεται
1142 3043 1300 3117 ὁρθή,
1361 3043 1486 3101 ἁΛλ’
1544 3044 1902 3121 ἐγκεκλιμένη

254 3127 402 3204 πρὸς
429 3128 610 3185 νότον.

403 3280 490 3350 ιζ’.
517 3282 651 3356 Ηερὶ
689 3275 806 3353 τοῦ,
839 3278 893 3338 εἷ’
916 3281 1027 3340 ἐστι
1051 3284 1202 3340 κενὸν
1235 3284 1386 3352 ἐκτὸς
1416 3291 1513 3342 106
1543 3286 1776 3363 κόσμου.

318 3462 447 3518 Ὅτι
486 3461 580 3534 μὲν
637 3461 790 3518 κενὸν
845 3462 943 3519 οὔκ
998 3461 1138 3520 ἔστιν
1200 3464 1252 3521 ἐν
1307 3471 1387 3539 τῷ
1437 3467 1653 3542 κόσμῳ,
1704 3471 1905 3535 ἱκανῶς

246 3547 525 3606 δέδεικται
571 3550 938 3627 Ἀριστοτέλει
995 3553 1047 3608 ὲν
1086 3557 1154 3628 τῇ
1210 3559 1422 3631 Φυσικῇ
1458 3557 1730 3632 ἀκροάσει·
1765 3557 1904 3615 ἐδεί-

245 3642 362 3714 χθη
422 3637 483 3695 δὲ
521 3642 649 3715 παρ’
695 3642 880 3713 αὐτοῦ,
915 3643 987 3705 ὡς
1019 3641 1171 3699 οὑδέν
1229 3643 1382 3708 ἐκτὸς
1412 3651 1507 3702 106
1537 3648 1750 3721 κόσμου
1793 3650 1904 3705 ὲστὶ

242 3728 422 3786 κενόν.
489 3730 796 3806 Ὁρίζονται
855 3728 911 3786 δὲ
961 3731 1023 3787 1d
1080 3734 1234 3789 κενὸν
1294 3735 1344 3789 οἱ
1385 3736 1545 3791 10610
1596 3734 1907 3808 δοξάζοντες

241 3819 419 3882 τόπον
484 3818 842 3894 ἐστερημένον
905 3822 1158 3895 σώματος
1191 3868 1206 3891 ,
1274 3820 1567 3898 δυνάμενον
1660 3823 1904 3898 δέξασθαι

243 3911 432 3979 σῶμα.
480 3908 549 3966 Εἴ
590 3913 717 3984 γοῦν
753 3909 885 3986 όπὲρ
932 3911 1022 3966 τὸν
1082 3912 1308 3988 οὐρανόν
1357 3914 1466 3969 ἐστι
1498 3916 1670 3985 κενὸν,
1728 3917 1900 3990 μάτην

242 3998 517 4072 παρήχθη
596 3998 742 4074 παρᾶ
820 4003 918 4054 106
1012 4003 1398 4078 Δημιουργοῦ,
1490 4002 1764 4077 μηδέποτε
1847 4008 1900 4064 ἓν

241 4085 397 4158 αὐτῷ
452 4087 710 4157 σώματος
742 4089 1261 4170 γενομένου-,οὖδὶν
1314 4091 1371 4148 δὲ
1419 4093 1446 4147 6
1494 4095 1642 4162 Θεὸς,
1699 4096 1822 4152 οὔτε
1864 4099 1900 4168 ἡ

241 4175 429 4251 φύσις,
511 4173 638 4230 οὔτε
714 4179 983 4255 φρόνιμος
1055 4181 1190 4256 ἁνήρ
1272 4182 1444 4254 μάτην
1517 4205 1568 4239 τι
1627 4190 1897 4242 ποιοῦσιν·

238 4264 604 4342 ἁποιραίνεται
646 4269 802 4340 γοῦν,
853 4268 926 4330 ὡς
966 4265 1088 4323 οὔτε
1131 4269 1363 4345 πλῆρες,
1406 4269 1528 4327 οὔτε
1575 4274 1746 4342 κενὸν,
1780 4273 1902 4331 οὔτε

233 4354 416 4416 τόπος
474 4375 560 4416 τις
613 4353 714 4424 ἔξω
763 4360 860 4411 106
892 4356 1122 4434 οὐρανοῦ
1152 4362 1431 4436 τυγχάνει,
1466 4361 1592 4418 ἀλλ’
1640 4365 1667 4418 6
1706 4367 1904 4436 νοητὸς

232 4440 456 4518 κόσμος
473 4487 485 4502 .

372 4614 465 4683 ιη’.
500 4614 638 4670 Τίνα
669 4611 814 4685 δεξιὰ
844 4620 941 4672 τοῦ
968 4618 1203 4690 κόσμου,
1233 4618 1324 4673 καὶ
1354 4618 1471 4674 τίνα
1500 4622 1771 4698 ἀριστερά.

305 4739 476 4810 Δεξιὰ
534 4737 789 4815 λέγονται
849 4742 986 4818 μέρη
1061 4747 1158 4799 106
1214 4744 1423 4818 κόσμου
1479 4747 1546 4801 τὰ
1603 4746 1898 4806 ἀνατολικὰ

229 4830 388 4903 μέρη
444 4833 544 4883 τοῦ
605 4829 856 4904 οὐρανοῦ,
900 4833 1153 4906 ἀριστερᾶ
1213 4831 1270 4888 δὲ
1313 4836 1380 4889 τὰ
1427 4834 1596 4894 νότια.
1638 4838 1897 4912 Λὲγονται

225 4916 302 4974 δὶ-
333 4916 495 4989 δεξιᾶ
538 4919 606 4973 τὰ
657 4919 949 4976 ἀνατολικὰ
994 4923 1155 4997 μέρη,
1206 4924 1279 4986 ὡς
1330 4924 1526 4990 ἐκεῖθεν
1580 4927 1895 5003 ἀρχομένης

218 5013 333 5078 τῆς
397 5009 691 5078 κινήσεως.
751 5010 953 5085 Ὥσπερ
1011 5011 1113 5088 γὰρ
1171 5012 1258 5067 ἐπὶ
1291 5017 1400 5068 τῶν
1459 5015 1612 5084 ζώων
1658 5017 1762 5071 ἀπὸ
1790 5022 1898 5072 τῶν

219 5095 435 5171 δεξιῶν
500 5101 680 5172 μερῶν
742 5095 968 5174 ἄρχεται
1026 5103 1060 5170 ἡ
1120 5100 1353 5172 κίνησις·
1404 5103 1493 5159 τὸν
1543 5104 1646 5180 γὰρ
1693 5107 1896 5180 ἀριστε-

215 5187 319 5263 ρὸν
385 5190 612 5261 πρῶτον
645 5185 733 5240 ἒ.πὶ
753 5193 856 5256 τῆς
885 5190 988 5262 γῆς
1035 5187 1351 5264 ἐρείδοντες,
1410 5193 1500 5247 τὸν
1536 5191 1704 5266 δεξιὸν
1737 5217 1896 5268 μετα-

211 5281 520 5348 κινοῦμεν·
556 5274 730 5339 οὕτως
767 5275 1022 5341 ὑπέθεντο
1066 5280 1156 5334 καὶ
1193 5281 1246 5335 οἱ
1291 5280 1520 5338 παλαιοὶ
1563 5284 1662 5353 τὴν
1715 5286 1893 5360 ἀρχὴν

208 5373 338 5437 τῆς,
387 5364 538 5434 πρὸς
597 5367 744 5438 ἡμᾶς
802 5368 1067 5438 κινήσεως
1124 5369 1174 5427 ὲν
1235 5375 1354 5434 τοῖς
1400 5369 1618 5442 κδεξιοῖς
1687 5375 1895 5446 μέρεσι.

205 5457 448 5510 Τούτου
508 5450 566 5507 δὲ
623 5453 996 5522 ὑποτεθέντος,
1026 5456 1264 5532 γίνονται
1316 5460 1381 5513 τὰ
1439 5459 1532 5532 μὲν
1592 5457 1703 5518 ἄνω
1755 5462 1889 5540 μέρη

204 5549 314 5602 106
349 5538 584 5614 κόσμου
614 5543 664 5598 ἒν
695 5547 774 5615 τῷ
821 5544 985 5618 νοτίῳ
1013 5545 1191 5621 πόλῳ,
1222 5551 1304 5620 τῷ
1331 5550 1466 5619 ἡμῖν
1507 5551 1715 5626 ἀφανεῖ,
1741 5551 1806 5606 τὰ
1826 5538 1895 5608 νδὶ

203 5640 376 5694 κάτω
435 5632 492 5686 δν
544 5637 624 5705 τῷ
675 5633 894 5709 βορείῳ,
926 5639 1006 5708 τῷ
1052 5637 1135 5693 ἀεὶ
1179 5638 1314 5712 ἡμῖν
1358 5643 1592 5717 φανερῷ*
1625 5640 1700 5704 ὡς
1756 5641 1814 5696 ἃν
1845 5642 1894 5698 εἴ

204 5730 464 5800 νοήσεις
495 5719 796 5796 ἄνθρωπον
824 5722 1154 5800 κεκλιμένην
1196 5729 1295 5798 τὴν
1331 5729 1434 5802 μὶν
1458 5730 1701 5808 κεφαλὴν
1731 5729 1894 5808 ἔχον-

1510 367 1998 432 SOLUTIONES
2045 369 2399 441 QUEDAM
2413 416 2427 432 .

1951 503 2003 570 Α

3559 372 3686 433 798

2424 503 2510 560 14.
2541 505 2683 561 Num
2711 503 2950 560 mundus
2977 507 3286 560 nutnatur.

2105 620 2384 679 Nonnulli
2416 621 2638 695 Opinati
2692 626 2833 678 sunt
2880 621 3096 678 nutrici
3131 607 3314 677 solem
3344 624 3402 677 et
3422 625 3577 678 astra
3614 639 3684 678 ex

2032 709 2104 764 iis
2137 728 2263 782 quae
2295 717 2504 768 eterra
2539 713 2886 780 ascendunt,
2937 717 2993 767 ct
3043 711 3172 767 ideo
3222 728 3324 783 per
3371 711 3678 783 obliquum

2030 801 2114 854 ire
2145 800 2352 870 solem,
2389 802 2526 873 quia
2569 802 3036 857 exbalationibus
3087 801 3290 856 fertur.
3339 801 3501 863 Quod
3551 816 3679 856 esse

2033 889 2243 945 falsum
2277 897 2454 962 patet,
2481 881 2667 963 neque
2697 890 3199 947 demonstratione
3240 907 3389 961 opus
3409 894 3519 946 est.
3550 889 3684 945 Sola

2031 978 2211 1051 igitur
2240 982 2587 1036 nutriuntur
2625 981 2886 1036 animata
2913 997 3158 1051 corpora
3183 996 3196 1047 ;
3230 979 3519 1036 elementa
3549 995 3684 1035 vero

2029 1069 2233 1124 aliain
2292 1070 2407 1126 alia
2455 1075 2802 1139 transeunt;
2865 1070 3124 1126 coelestia
3182 1074 3378 1124 autem
3436 1085 3682 1141 corpora

2028 1157 2272 1215 localem
2326 1165 2553 1216 motum
2603 1159 2822 1215 habent
2867 1158 3262 1230 solummodo,
3313 1157 3680 1230 aliorumque

2029 1253 2298 1306 motuum
2331 1267 2577 1322 prorsus
2608 1255 2748 1307 sunt
2776 1248 3093 1320 incapacia.

2514 1459 2599 1513 15.
2636 1459 2708 1514 De
2736 1458 2931 1514 ordine
2966 1457 3184 1513 mundi.

2095 1566 2275 1622 Terra
2307 1569 2395 1622 est
2420 1582 2547 1638 quas
2571 1566 2831 1622 medium
2856 1565 3062 1621 mundi
3087 1568 3266 1632 tenet,
3311 1566 3420 1622 etsi
3449 1565 3678 1622 dicatur

2024 1655 2216 1724 infra;
2250 1673 2432 1728 supra
2463 1661 2681 1711 terram
2709 1671 2844 1711 vero
2867 1659 2955 1711 est
2977 1671 3132 1727 aqua
3177 1658 3232 1710 et
3255 1671 3436 1727 supra
3456 1671 3674 1727 aquam
3736 1711 3738 1713 .

2025 1762 2154 1816 mer,
2189 1763 2372 1818 supra
2401 1762 2594 1802 aerem
2627 1762 2758 1802 vero
2781 1745 2954 1818 ignis.
2974 1745 3167 1817 Supra
3186 1743 3379 1816 ignem
3405 1749 3494 1800 est
3513 1744 3674 1802 luna.

2021 1840 2210 1909 Supra
2241 1836 2442 1892 lunam
2479 1840 2570 1906 est
2599 1836 2869 1892 Mercurii
2901 1835 3149 1908 sphera.
3182 1838 3371 1907 Supra
3401 1834 3558 1890 illam
3588 1839 3678 1891 est

2024 1927 2266 1983 Veneris
2295 1925 2489 1993 stella,
2523 1942 2702 1998 supra
2733 1941 2911 1997 quam
2945 1930 3034 1981 est
3065 1923 3171 1980 sol.
3212 1924 3429 1980 Deinde
3473 1923 3677 1982 Martis

2024 2015 2214 2085 stella,
2247 2019 2304 2071 et
2333 2016 2542 2072 deinde
2568 2015 2751 2082 Jovis,
2783 2020 2839 2071 et
2868 2032 3051 2087 supra
3077 2031 3206 2070 eam
3228 2013 3460 2070 Saturni
3483 2013 3673 2070 stella.

2023 2105 2214 2178 Supra
2241 2106 2558 2162 Saturnum
2593 2105 2990 2161 immobilium
3023 2103 3325 2160 stellarum
3357 2107 3447 2160 est
3486 2103 3676 2174 sphae-

2024 2213 2105 2250 ra.
2139 2196 2329 2268 Supra
2360 2211 2538 2267 quam
2571 2194 2798 2268 sphaera
2827 2198 2916 2250 est
2946 2194 3075 2250 sine
3094 2193 3293 2264 astris,
3317 2210 3444 2266 quae
3468 2209 3675 2250 omnes

2022 2284 2168 2343 alias
2201 2290 2394 2342 movet
2423 2285 2493 2341 ab
2526 2285 2747 2341 oriente
2780 2284 2840 2340 in
2872 2283 3254 2340 occidentem.

2413 2491 2499 2546 16.
2533 2492 2608 2546 De
2639 2489 3009 2547 inclinaticme
3051 2487 3274 2545 mundi.

2091 2597 2294 2654 Mundi
2313 2596 2618 2654 inclinatio
2637 2613 2751 2652 non
2774 2596 2844 2652 ad
2862 2596 3059 2669 ipsum
3083 2595 3371 2650 mundum
3395 2593 3667 2666 pertinet,

2019 2688 2120 2744 sed
2153 2689 2224 2744 ad
2257 2705 2384 2758 nos,
2414 2704 2480 2744 eo
2512 2687 2667 2760 quod
2701 2691 2904 2742 nostra
2942 2686 3110 2742 sedes
3159 2701 3275 2740 non
3328 2685 3438 2741 sub
3488 2684 3670 2755 isqui-

2017 2778 2211 2834 noctio
2253 2781 2365 2843 est,
2413 2777 2510 2832 sed
2565 2775 2623 2830 in
2686 2779 2850 2848 parte
2902 2771 3366 2846 septentrionali.
3418 2773 3488 2828 Et
3537 2771 3669 2828 ideo

2017 2868 2208 2939 quoad
2242 2884 2349 2923 nos
2381 2864 2669 2922 attollitur
2693 2863 2943 2921 borealis
2975 2863 3165 2936 polus,
3201 2860 3488 2918 australis
3530 2877 3666 2918 vero

2015 2957 2251 3028 tegitur,
2287 2960 2343 3011 et
2372 2954 2499 3010 cccli
2534 2960 2731 3011 motus
2763 2971 2878 3011 non
2921 2959 3112 3010 rectus
3144 2956 3406 3025 apparet,
3439 2951 3538 3007 sed
3591 2951 3664 3008 ad

2016 3046 2321 3102 meridiem
2353 3044 2691 3101 inclinatus.

1936 3259 1979 3325 (ἶ
2018 3285 2102 3341 17.
2131 3285 2412 3354 Quaerilur
2431 3301 2564 3340 num
2581 3286 2651 3340 sit
2674 3283 2945 3358 quoddam
2976 3300 3204 3340 vacuum
3235 3282 3474 3354 spatium
3505 3287 3665 3337 extra

2690 3355 2982 3412 mundum.

2085 3465 2210 3520 Non
2235 3480 2363 3520 esse
2389 3464 2447 3519 in
2473 3465 2693 3520 mundo
2733 3479 2983 3519 vacuum
3016 3461 3162 3519 satis
3193 3461 3663 3516 demonstratum

2013 3561 2105 3613 est
2134 3557 2288 3628 apud
2320 3553 2688 3612 Aristotelem
2719 3555 2776 3610 in
2814 3553 3075 3627 Physicis
3100 3551 3530 3625 quaestionibus
3557 3551 3668 3624 (re-

2015 3645 2436 3717 citationibus).
2477 3647 2945 3700 Demonstratum
2977 3647 3173 3698 autem
3205 3641 3278 3696 ab
3308 3657 3374 3697 eo
3401 3645 3490 3697 est
3519 3639 3666 3696 nihil

2013 3738 2174 3790 extra
2206 3734 2493 3788 mundum
2527 3735 2779 3787 vacuum
2813 3747 2961 3787 esse.
2994 3730 3258 3786 Vacuum
3294 3735 3491 3784 autem
3523 3729 3666 3783 deﬁ-

2013 3823 2186 3878 niunt
2242 3822 2344 3895 qui
2402 3821 2547 3877 illud
2608 3838 2736 3877 esse
2797 3821 3118 3892 opinantur
3172 3819 3366 3875 locum
3425 3833 3667 3890 corpore

2012 3913 2326 3984 privatum,
2356 3912 2513 3984 quod
2547 3928 2762 3984 corpus
2793 3911 3058 3983 accipere
3107 3913 3320 3982 potest.
3371 3909 3431 3964 Si
3485 3907 3666 3980 igitur

2013 4017 2194 4074 supra
2245 4001 2534 4056 mundum
2593 4017 2847 4056 vacuum
2906 4000 3002 4068 sit,
3056 4000 3272 4054 frustra
3311 4015 3345 4052 a
3397 3999 3664 4052 Creatore

2012 4093 2361 4163 productum
2395 4094 2570 4155 esset,
2604 4089 2784 4145 nullis
2814 4087 3386 4160 corporibusinipso
3405 4085 3660 4141 effectis:

2012 4181 2156 4237 nihil
2190 4197 2322 4236 vero
2352 4186 2528 4244 Deus,
2561 4195 2750 4251 neque
2781 4183 3009 4244 natura,
3042 4193 3229 4247 neque
3267 4177 3355 4230 vir
3404 4176 3662 4246 prudens

2011 4270 2068 4325 in
2100 4287 2316 4324 vanum
2350 4269 2545 4323 efﬁcit.
2578 4268 2940 4339 Patetigitur
2971 4283 3160 4338 neque
3185 4265 3444 4337 plenum,
3471 4278 3656 4334 neque

2010 4377 2281 4428 vacuum,
2318 4375 2508 4430 neque
2539 4357 2726 4412 ullum
2760 4358 3000 4412 omnino
3033 4356 3226 4411 locum
3248 4361 3410 4410 extra
3443 4353 3654 4410 caelum

2009 4449 2304 4514 exsistere,
2340 4448 2441 4504 sed
2472 4447 2839 4518 spiritualem
2874 4446 3162 4502 mundum
3192 4460 3341 4501 esse.

2085 4621 2168 4675 18.
2203 4599 2352 4688 Quod
2381 4620 2454 4674 sit
2480 4617 2675 4673 mundi
2704 4617 2984 4684 dextrum,
3019 4625 3070 4672 et
3098 4616 3238 4689 quod
3265 4616 3576 4670 sinistrum.

2078 4745 2303 4802 Dextra:
2331 4742 2535 4799 mundi
2568 4747 2761 4816 partes
2784 4743 3062 4799 dicuntur
3084 4745 3276 4815 partes
3296 4740 3424 4798 οωΙί
3458 4741 3658 4798 orien-

2006 4835 2176 4907 tales,
2213 4835 2468 4891 sinistraa
2495 4849 2631 4889 vero
2665 4832 3092 4890 meridienales.
3125 4833 3350 4888 Dextra
3398 4831 3655 4887 orienta-

2008 4923 2092 4981 les
2124 4927 2421 4990 dicuntur,
2474 4928 2755 4995 tanquam
2804 4923 2854 4978 si
2913 4922 3049 4978 inde
3099 4927 3294 4978 motus
3350 4907 3655 4992 inciperet.

2010 5013 2519 5079 Quemadmodum
2576 5012 2733 5068 enim
2784 5011 2941 5085 apud
3018 5011 3300 5068 animalia
3352 5028 3386 5067 a
3433 5009 3654 5066 dextris

2008 5110 2205 5162 motus
2245 5105 2452 5177 incipit
2505 5103 2831 5176 (sinistram
2890 5103 3047 5159 enim
3106 5106 3334 5175 partem
3390 5102 3451 5157 in
3498 5105 3655 5157 terra

2007 5197 2252 5270 ﬁgentes
2309 5195 2575 5250 dextram
2618 5195 2944 5266 movemus)
3001 5194 3084 5249 ita
3138 5197 3194 5249 et
3242 5190 3655 5264 supponebant

2004 5290 2226 5342 veteres
2259 5288 2452 5342 motus
2483 5284 2675 5355 quoad
2704 5299 2810 5339 nos
2843 5283 3078 5338 initium
3114 5283 3172 5337 in
3203 5281 3422 5337 dextris
3471 5280 3651 5352 parti-

2007 5378 2118 5434 bus
2151 5393 2300 5433 esse.
2335 5375 2456 5439 Quo
2490 5374 2816 5446 supposito,
2850 5375 3182 5446 superiores
3213 5371 3416 5428 mundi
3451 5376 3649 5444 partes

2005 5471 2144 5523 sunt
2175 5466 2237 5521 in
2269 5465 2400 5538 polo
2433 5463 2702 5530 austroli,
2735 5464 2835 5537 qui
2869 5480 3102 5535 semper
3131 5461 3300 5519 nobis
3332 5460 3648 5518 invisibilis

2004 5562 2114 5625 est,
2146 5556 2449 5612 inferiores
2483 5570 2615 5610 vero
2646 5554 2704 5609 in
2752 5553 2996 5619 boreali,
3046 5553 3145 5625 qui
3197 5567 3430 5625 semper
3475 5550 3645 5606 nobis

2003 5650 2280 5720 apparet:
2317 5644 2556 5718 perinde
2587 5661 2653 5700 ac
2685 5643 2734 5700 si
2765 5642 2985 5715 cogites
3012 5641 3310 5699 hominem
3341 5644 3517 5713 caput
3573 5637 3644 5694 ad

2004 5737 2318 5794 australem
2354 5733 2554 5808 polum
2576 5732 2980 5807 inclinantem,
3000 5733 3177 5806 pedes
3195 5747 3329 5788 vero
3347 5731 3419 5787 ad
3441 5728 3648 5785 borea-
