4032 6202
290 349 407 411 799

1620 345 2045 407 MICHAELlS
2092 342 2357 404 PSELLI

3585 350 3711 411 800

289 484 430 540 lem.
469 481 668 536 Mundi
716 480 900 553 igitur
955 481 1157 537 dextra
1212 481 1397 536 fertur
1452 480 1524 536 ab
1583 478 1805 536 oriente
1863 477 1934 535 ad

2060 498 2113 532 τα
2146 476 2282 551 πρὸς
2313 477 2391 550 τῷ
2438 475 2607 549 νοτίῳ
2656 475 2838 549 πόλῳ,
2869 476 2996 539 τοὺς
3028 474 3085 532 δὲ
3115 474 3285 541 πόδας
3324 478 3461 555 πρὸς
3499 484 3579 553 τῷ
3615 481 3713 557 βο-

293 572 679 629 occidentem.

631 750 715 804 19.
750 750 1016 818 Quaenam
1036 750 1106 803 sit
1134 747 1329 802 mundi
1356 748 1615 803 essentia.

360 838 707 895 Aristoteles
737 839 976 910 quidem
1008 837 1280 909 quintum
1313 853 1525 909 corpus
1569 852 1697 892 esse
1728 835 1940 891 coelum

291 929 452 995 dicit,
486 934 542 984 et
570 928 867 983 diversum
897 946 928 983 a
963 931 1217 998 quatuor
1268 925 1573 981 elementis
1603 943 1614 981 :
1668 926 1825 996 quod
1878 940 1946 978 ex

289 1020 418 1090 ejus
450 1023 614 1073 motu
649 1018 1035 1073 demonstrat.
1069 1016 1326 1079 Quurum
1371 1020 1569 1070 motus
1624 1012 1945 1069 dissimiles

289 1118 448 1175 sunt,
482 1123 681 1163 eorum
717 1123 951 1177 quoque
986 1104 1309 1161 dissimiles
1340 1110 1478 1160 sunt
1528 1108 1770 1159 naturae.
1824 1103 1943 1157 Dif-

292 1198 487 1253 ferunt
518 1200 713 1251 autem
746 1195 1173 1251 elementorum
1207 1198 1404 1249 motus
1435 1212 1469 1250 a
1499 1192 1761 1249 motibus
1793 1192 1943 1262 coeli,

291 1302 425 1342 cum
458 1284 557 1340 illa
586 1289 757 1353 ,recta
788 1288 1149 1353 moveantur,
1202 1282 1412 1338 coelum
1467 1300 1592 1339 vero
1642 1282 1701 1337 in
1746 1282 1945 1337 orbem

291 1378 537 1447 agatur;
574 1374 654 1429 ita
686 1377 748 1427 ut
778 1372 853 1428 sit
884 1373 1096 1428 coelum
1130 1370 1243 1427 alia
1273 1389 1338 1427 ac
1370 1372 1470 1427 illa
1503 1376 1731 1427 natura.
1792 1371 1943 1426 Con-

287 1468 380 1521 tra
411 1480 589 1537 quam
620 1462 1185 1519 demonstrationem
1214 1460 1940 1535 assurgeusPhiloponus:

287 1554 447 1611 Eheu
474 1552 486 1607 !
513 1551 722 1624 inquit,
746 1550 1113 1618 Aristoteles,
1145 1550 1195 1607 si
1219 1569 1343 1623 qua:
1360 1552 1618 1607 motibus
1644 1550 1942 1621 differunt,

286 1642 513 1698 naturis
546 1656 781 1714 quoque
815 1641 1113 1710 differunt,
1148 1641 1463 1697 dicendum
1500 1656 1567 1696 ea
1597 1657 1728 1712 qua:
1778 1638 1945 1694 moti-

286 1733 398 1789 bus
438 1735 580 1788 sunt
610 1731 850 1800 similia,
883 1730 1103 1787 similia
1134 1747 1369 1803 quoque
1399 1747 1529 1787 esse
1580 1731 1830 1786 naturis.
1879 1731 1945 1784 Et

289 1821 528 1894 quidem
559 1821 827 1876 videmus
886 1824 1100 1875 terram
1152 1820 1305 1876 infra
1356 1820 1573 1876 moveri
1632 1824 1690 1875 et
1728 1834 1943 1891 aquam

289 1909 597 1978 similiter;
622 1910 822 1965 eadem
849 1909 1028 1981 igitur
1054 1910 1365 1966 ambarum
1396 1914 1531 1966 natu
1544 1928 1605 1965 ra
1631 1913 1737 1965 est.
1764 1909 1832 1964 Et
1854 1924 1954 1964 aer

288 2004 346 2056 et
366 1999 522 2071 ignis
537 2015 777 2055 sursum
794 1998 1089 2068 feruntur;
1115 1999 1345 2056 diVersa
1359 2004 1553 2055 tamen
1571 2003 1709 2054 sunt
1722 2003 1858 2054 natu
1869 2015 1949 2053 ra-

292 2088 454 2144 Plato
484 2093 681 2144 autem
730 2105 798 2144 ex
858 2093 1114 2160 quatuor
1168 2090 1477 2145 elementis
1535 2087 1750 2145 ccelum
1798 2088 1951 2143 efﬁci

289 2178 509 2234 docuit.
542 2176 805 2242 Proclus.
838 2195 969 2234 cum
1004 2178 1103 2234 illo
1137 2181 1528 2246 consentiens,
1564 2178 1705 2234 dicit
1749 2178 1951 2250 ipsum

288 2268 489 2324 eﬂore
545 2267 967 2324 elementorum
1027 2269 1321 2341 componi,
1379 2274 1436 2325 et
1494 2269 1553 2324 in
1613 2267 1753 2324 coelo
1810 2284 1904 2323 ess

288 2359 483 2430 ignem
516 2360 572 2413 et
603 2361 830 2427 caetera,
864 2376 979 2414 non
1034 2362 1097 2413 ut
1145 2363 1283 2415 sunt
1333 2359 1426 2415 hic
1484 2359 1540 2413 in
1593 2360 1784 2426 terris,
1846 2344 1950 2413 sed

287 2448 461 2503 modo
493 2446 735 2516 ccelesti,
773 2452 835 2503 ut
867 2448 925 2503 in
958 2453 1115 2504 terra
1146 2449 1296 2517 ignis
1328 2448 1501 2504 modo
1536 2446 1795 2502 terrestri
1836 2450 1948 2514 est;

292 2536 731 2593 Prevaluerunt
761 2543 957 2592 autem
1011 2538 1543 2593 demonstrationes
1591 2553 1795 2592 eorum
1848 2517 1950 2608 qu1

296 2625 520 2698 opinati
552 2629 690 2681 sunt
722 2625 930 2681 coelum
965 2644 1033 2682 ex
1060 2626 1484 2683 elementorum
1518 2631 1651 2682 ﬂore
1716 2626 1948 2694 conﬁci,

292 2718 349 2770 et
380 2712 702 2784 praesertim
733 2730 802 2769 ex
826 2714 960 2785 igne
992 2719 1048 2771 et
1078 2732 1228 2784 aere,
1259 2720 1463 2772 contra
1482 2732 1687 2772 eorum
1712 2715 1950 2771 demon-

296 2803 611 2859 strationes
645 2802 744 2872 qui
805 2803 951 2859 illud
1003 2820 1133 2861 esse
1190 2806 1465 2877 quintum
1518 2822 1732 2877 corpus
1790 2819 1951 2861 asse-

290 2896 451 2949 runt.

590 3003 679 3057 20.
711 3009 787 3059 De
809 3003 1034 3058 circulis
1062 3004 1123 3057 in
1152 3002 1284 3057 malo
1314 3003 1650 3073 excogitatz's.

361 3095 425 3147 In
459 3090 608 3146 coelo
637 3093 793 3163 quod
843 3092 1188 3163 sphaericum
1236 3096 1323 3146 est
1370 3096 1488 3146 tres
1539 3090 1945 3163 excogitantur

290 3180 504 3237 diversi
540 3181 763 3249 circuli,
788 3180 1229 3252 aequinoctialis,
1260 3181 1641 3245 meridianus,
1672 3180 1935 3235 horizon.

291 3233 868 3342 Σεξιᾉίῌοέιιίεζιῇζίήἐ
883 3233 1688 3343 ’ξέιέὶῆάίέίίάίῖρωιυώέι)
1718 3233 1939 3324 onem};
1970 3233 2012 3300 Ο

290 3361 357 3416 ad
392 3360 792 3427 occidentem;
827 3360 1185 3416 meridianus
1217 3358 1311 3415 ille
1343 3364 1431 3415 est
1462 3358 1562 3430 qui
1612 3358 1824 3414 ccnlum
1878 3359 1936 3413 in

290 3450 437 3505 duas
470 3454 659 3520 partes
689 3450 898 3505 dividit
947 3468 979 3505 a
1028 3450 1425 3519 septentrione
1473 3449 1545 3503 ad
1594 3449 1935 3516 meridiem;

288 3538 525 3594 horizon
556 3543 751 3595 autem
781 3538 880 3593 ille
908 3542 997 3594 est
1024 3538 1120 3610 qui
1156 3538 1358 3592 dividit
1392 3538 1760 3593 dimidiatam
1812 3556 1938 3610 qua:

288 3644 463 3699 super
492 3633 707 3683 terram
742 3632 833 3682 est
863 3627 1157 3697 sphaeram
1190 3628 1261 3682 ab
1310 3644 1378 3681 ea
1427 3644 1553 3697 qua:
1602 3632 1691 3681 est
1740 3628 1941 3683 subter

289 3722 526 3772 terram.
564 3716 971 3784 Excogilantur
1001 3732 1234 3785 quoque
1264 3716 1590 3769 secundum
1647 3716 1937 3774 aestivum.

288 3809 347 3860 et
375 3804 689 3858 hibernum
728 3801 1057 3858 solstitium
1092 3803 1208 3856 duo
1241 3801 1443 3855 circuli
1478 3803 1575 3871 qui
1610 3802 1753 3858 solis
1793 3804 1935 3858 obli-

289 3891 569 3962 quitatem
605 3890 1020 3945 determinant.
1057 3905 1234 3958 super
1264 3888 1395 3943 illos
1417 3905 1548 3943 vero
1578 3890 1693 3944 duo
1713 3892 1939 3956 circuli,

291 3978 543 4035 arcticus
575 3982 632 4032 et
665 3977 1044 4031 antarcticus.
1076 3976 1375 4047 Suppositi
1409 3982 1605 4032 autem
1637 3984 1777 4033 sunt
1806 3980 1846 4033 ii
1879 3985 1942 4035 ut

291 4070 595 4139 separetur
624 4083 771 4121 zona
801 4071 1122 4137 temperata
1154 4066 1225 4119 ab
1256 4081 1323 4121 ea
1353 4082 1480 4136 qum
1500 4072 1736 4138 propter
1757 4068 1941 4139 frigus

292 4160 382 4214 est
410 4154 840 4211 inhabitabilis.

734 4262 825 4315 21.
861 4264 933 4317 De
957 4266 1237 4317 astrorum
1265 4270 1494 4317 natura.

365 4354 673 4407 Astrorum
731 4355 945 4406 natura
1002 4355 1092 4406 est
1147 4351 1317 4423 ignea
1374 4356 1431 4407 et
1485 4351 1659 4417 aeria,
1720 4356 1944 4408 natura:

292 4446 494 4498 tamen
552 4440 736 4512 igneae
787 4440 973 4512 magis
1022 4440 1313 4513 particeps
1361 4458 1536 4513 quam
1588 4442 1775 4497 aeriae.
1826 4444 1943 4498 Co:-

296 4532 471 4587 lestes
504 4529 739 4601 quidem
772 4530 1010 4602 sphaera:
1045 4530 1236 4602 magis
1279 4530 1445 4585 aeriae
1496 4535 1716 4587 naturae
1763 4549 1939 4604 quam

296 4621 477 4692 ignem
510 4618 823 4691 participes
857 4627 1013 4687 sunt,
1040 4624 1198 4675 astra
1217 4637 1349 4676 vero
1376 4636 1405 4675 e
1427 4620 1944 4687 contrario,utSta-
1976 4609 2020 4673 D

234 4702 237 4706 ’
295 4708 481 4780 giritaa
511 4708 754 4764 videtur.
782 4709 1011 4764 Veteres
1034 4709 1337 4779 agitabant
1357 4725 1626 4779 quamam
1651 4709 1945 4781 digniores

296 4803 515 4865 essent,
549 4798 813 4854 caelestes
846 4799 1083 4869 spaehrw
1116 4803 1179 4853 ut
1208 4798 1474 4866 leviores,
1508 4815 1581 4853 an
1606 4816 1733 4870 quae
1782 4800 1839 4853 in
1873 4799 1945 4855 iis

295 4892 435 4945 sunt
465 4893 624 4943 astra
660 4892 721 4943 ut
762 4886 1193 4959 splendidiora.
1247 4888 1407 4952 Quod
1457 4887 1704 4943 dubium
1752 4889 1941 4945 solvit.

295 4978 634 5034 Aristoteles
666 4976 725 5031 in
763 4992 868 5032 suo
902 4981 980 5031 De
1010 4976 1151 5030 coelo
1181 4992 1354 5046 opere
1387 4975 1617 5031 dicens:
1653 4976 1755 5047 (Si)
1789 4980 1943 5050 quod

295 5067 477 5123 fertur
500 5065 710 5121 melius
733 5070 821 5121 est
840 5082 906 5119 eo
933 5064 1088 5135 quod
1118 5066 1248 5133 fert,
1281 5064 1417 5136 quia
1448 5067 1741 5137 posterius
1788 5069 1943 5139 prio-

298 5156 377 5211 ris
404 5173 585 5212 causa
609 5155 823 5210 factum
850 5156 977 5219 est;
1013 5152 1254 5223 spherae
1285 5158 1481 5209 autem
1524 5154 1719 5211 ferunt
1762 5162 1941 5224 astra,

296 5247 435 5317 ipsae
475 5261 609 5300 vero
644 5244 938 5307 feruntur,
969 5245 1027 5296 et
1060 5242 1187 5297 ideo
1221 5259 1287 5298 ea
1314 5241 1503 5313 magis
1537 5244 1715 5316 digna
1746 5249 1919 5302 sunt.‘

754 5509 844 5563 22.
881 5509 955 5564 De
976 5512 1248 5565 astrorum
1277 5512 1491 5581 formis.

373 5603 673 5659 Astrorum
701 5616 872 5673 porro
894 5599 1089 5655 formae
1112 5598 1407 5672 spbwricae
1440 5604 1617 5657 sunt:
1654 5602 1756 5659 tali
1786 5605 1942 5665 enim

302 5692 490 5751 forma
522 5695 672 5752 Deus
718 5688 1071 5749 universales
1128 5688 1345 5763 ﬁguras
1399 5692 1643 5763 ornavit,
1698 5702 1947 5767 quatuor

2056 564 2205 638 ρείῳ’
2240 562 2385 619 ἔσται
2419 563 2509 621 οὖν
2538 568 2572 635 ἡ
2606 563 2748 637 δεξιά
2793 565 2957 621 αὐτοῦ
3006 566 3282 643 φερομένη
3314 567 3407 623 ἀπ’
3436 568 3711 636 ἀνατολῆς

2055 654 2131 717 ὡς
2163 654 2247 708 ἐπὶ
2283 652 2455 711 δύσιν.

2437 745 2521 801 ιδ’.
2553 742 2646 807 Τίς
2676 746 2711 815 ἡ
2742 748 2839 800 τοῦ
2870 746 3102 821 οὐρανοῦ
3135 744 3311 803 οὐσία.

2125 834 2185 890 Ὁ
2218 835 2312 907 μὲν
2363 833 2751 909 Ἀριστοτέλης
2789 835 3037 908 πέμπτον
3087 840 3245 909 σῶμα
3294 837 3428 911 φησὶ
3473 838 3565 893 τὸν
3616 838 3710 893 οὐ-

2057 923 2212 998 ρανὸν
2262 924 2347 978 καὶ
2399 920 2581 997 ἕτερον
2636 928 2741 979 τῶν
2788 924 3058 1001 τεσσάρων
3117 925 3428 1002 στοιχείων*
3485 925 3707 983 ἀποδει-

2052 1014 2225 1068 κνύων
2274 1014 2432 1067 τοῦτο
2464 1012 2523 1068 ἐκ
2558 1020 2658 1084 τῆς
2706 1016 2971 1085 κινήσεως
3000 1012 3193 1079 οὕτως.
3234 1017 3330 1071 Ὧν
3374 1016 3429 1070 αῖ
3465 1018 3709 1087 κινήσεις

2056 1099 2307 1177 διάφοροι
2365 1100 2615 1181 διάφοροι
2660 1102 2749 1158 καῖ
2796 1105 2849 1159 αἱ
2901 1103 3104 1183 φύσεις.
3156 1103 3484 1182 Διαφέρουσι
3547 1104 3602 1161 δὲ
3653 1108 3708 1163 αἱ

2051 1197 2157 1247 τῶν
2209 1194 2498 1269 στοιχείων
2547 1195 2790 1264 κινήσεις
2838 1194 2973 1269 πρὸς
3020 1195 3119 1264 τὴν
3156 1199 3252 1249 τοῦ
3284 1194 3521 1269 οὐρανοῦ
3550 1195 3713 1268 κίνη-

2055 1303 2160 1353 σιν,
2192 1285 2298 1337 τῶν
2354 1282 2449 1357 μὲν
2494 1285 2607 1338 κατ’
2662 1284 2871 1347 εὐθεῖαν
2924 1284 3283 1357 κινουμένων,
3314 1289 3419 1340 τῶν
3462 1282 3519 1341 δὲ
3552 1285 3711 1359 οὐρα-

2053 1375 2148 1426 νοῦ
2203 1371 2393 1445 κύκλῳ
2428 1391 2441 1405 ο
2498 1370 2637 1427 ὥστε
2691 1372 2898 1428 τούτων
2962 1372 3102 1429 ἐστὶν
3165 1372 3512 1452 ἰτερὸφυλος.
3572 1377 3713 1452 Πρὸς

2052 1459 2253 1531 ταύτην
2279 1474 2379 1531 τήν
2429 1459 2699 1534 ἀπόδειξιν
2752 1461 3106 1535 ἐνιστάμενος
3138 1463 3166 1518 6
3209 1461 3546 1535 Φιλόπονος,
3582 1464 3709 1534 Ἰοὺ,

2056 1552 2239 1627 φησὶν,
2272 1553 2316 1605 ὧ
2347 1549 2740 1627 Ἀριστότελες,
2780 1552 2822 1606 εἶ
2848 1553 2924 1607 ὧν
2956 1552 3008 1608 αἶ
3041 1554 3277 1624 κινήσεις
3301 1550 3575 1630 διάφοροι,
3597 1551 3711 1609 διὰ-

2055 1663 2214 1718 φοροι
2264 1642 2351 1695 καὶ
2398 1642 2449 1695 αἱ
2502 1642 2707 1719 φύσεις,
2764 1641 2981 1715 λοιπὸν,
3031 1640 3105 1697 ὧν
3159 1644 3400 1713 κινήσεις
3446 1643 3497 1697 αἱ
3531 1642 3707 1717 αὐταῖ,

2054 1732 2142 1785 καὶ
2172 1730 2353 1809 φύσεις
2414 1732 2466 1785 αἱ
2513 1731 2687 1787 αὐταί.
2724 1732 2820 1785 Καὶ
2884 1733 2990 1805 μὴν
3050 1732 3265 1807 ὁρῶμεν
3311 1734 3409 1801 τήν
3457 1739 3557 1804 τῆς
3602 1741 3705 1808 γῆς

2053 1820 2267 1891 κῖνησιν
2321 1819 2408 1875 ἐπὶ
2439 1821 2506 1875 τὰ
2554 1818 2722 1889 κάτω,
2772 1820 2860 1875 καὶ
2914 1825 3010 1876 τοῦ
3058 1817 3251 1884 ὕδατος
3300 1820 3526 1895 ὁμοίωςο
3573 1821 3709 1877 ὥστε

2065 1909 2161 1983 μία
2219 1908 2373 1987 φύσις
2424 1910 2648 1985 ἀμφοῖν.
2703 1908 2803 1968 Καὶ
2853 1911 2879 1965 ὁ
2925 1910 3029 1986 ἀὴρ
3086 1909 3175 1965 καὶ
3231 1910 3292 1965 τὸ
3345 1915 3452 1987 πῦρ
3497 1912 3707 1986 ἀνωφε-

2063 2006 2129 2075 ρῆ
2195 2000 2330 2073 μὲν,
2384 1994 2538 2075 ἕτερα
2597 1997 2653 2055 δὲ
2708 2001 2805 2068 τήν
2862 2002 3016 2077 φύσιν
3074 1999 3230 2055 εἰσίν.
3298 2002 3354 2055 Ὀ
3413 1998 3470 2055 66
3525 1999 3646 2057 Πλα
3679 2033 3706 2044 -

2059 2109 2166 2144 των
2202 2087 2260 2144 ἐκ
2286 2094 2393 2143 τῶν
2447 2090 2718 2165 τεσσάρων
2767 2088 3056 2165 στοιχείων
3107 2093 3417 2165 συγκεῖσθαι
3453 2090 3515 2145 τὸ
3544 2089 3707 2165 οὐρά-

2061 2201 2176 2235 νιον
2229 2183 2388 2253 σῶμα
2436 2180 2768 2257 ἀπεφήνατο.
2801 2181 2861 2237 Ὀ
2914 2177 2969 2234 δὶ
3018 2178 3287 2255 Πρόκλος,
3318 2179 3494 2252 τούτῳ
3543 2202 3711 2250 συνη-

2063 2274 2263 2344 γορῶν,
2316 2269 2502 2347 φησῖν,
2554 2268 2612 2323 ἐκ
2659 2274 2753 2323 τοῦ
2805 2268 2997 2332 ἄνθους
3048 2269 3207 2324 αὐτὸν
3265 2271 3571 2346 συγκεῖσθαι
3601 2276 3709 2324 τῶν

2062 2358 2372 2433 στοιχείων,
2403 2364 2495 2413 καῖ
2544 2357 2627 2413 ὅτι
2677 2356 2815 2413 ἔστιν
2868 2357 2918 2412 έν
2952 2362 3030 2430 τῷ
3058 2357 3274 2433 οὐρανῷ
3304 2362 3408 2433 πῦρ
3438 2379 3494 2413 τε
3528 2358 3616 2413 καῖ
3646 2358 3716 2413 τά

2064 2447 2250 2517 λοιπὰ,
2281 2448 2386 2524 οὐχ
2418 2446 2503 2502 οἷά
2551 2449 2680 2502 εἰσιν
2733 2446 2977 2517 ἐνταῦθα,
3026 2446 3152 2502 ἀλλ’
3204 2446 3496 2522 οὐρανίως⁹
3528 2447 3714 2524 ὥσπερ

2062 2537 2112 2593 έν
2164 2542 2232 2612 τῇ
2281 2542 2350 2613 γῇ
2393 2538 2455 2593 τὸ
2502 2542 2608 2613 πῦρ
2657 2535 2890 2612 γηίνως.
2943 2536 3333 2613 Ὑπερίσχυσαν
3382 2535 3439 2592 δὲ
3487 2538 3540 2592 αἱ
3572 2537 3713 2593 ἀπο-

2062 2624 2250 2698 δείξεις
2300 2632 2405 2682 τῶν
2454 2625 2787 2698 δοξαζὸντων
2836 2628 2925 2682 τὸν
2975 2626 3200 2701 οὐρανὸν
3254 2626 3313 2682 ἐκ
3367 2630 3464 2681 τοῦ
3522 2625 3711 2690 ἄνθους

2057 2721 2165 2772 τῶν
2209 2716 2493 2793 στοιχείων
2545 2718 2920 2791 [συγκεῖσθαι],
2964 2715 3053 2771 καὶ
3108 2715 3345 2789 μάλιστα
3396 2719 3491 2771 τοῦ
3537 2717 3711 2792 πυρὸς

2058 2808 2145 2862 καὶ
2224 2811 2319 2863 τοῦ
2400 2805 2577 2882 ἀέρος,
2652 2810 2758 2860 τῶν
2834 2803 3168 2876 δοξασάντων
3246 2805 3407 2861 αὐτὸν
3459 2806 3708 2880 πέμπτον

2059 2900 2236 2969 σῶμα.

2185 3005 2250 3061 κ’.
2285 3005 2412 3079 Περὶ
2436 3008 2543 3058 τῶν
2579 3002 2629 3058 ἐν
2661 3008 2740 3076 τῷ
2773 3002 2991 3076 οὐρανῷ
3019 3002 3299 3076 νουμένων
3329 3001 3569 3059 κύκλων.

2126 3095 2213 3151 Ἐν
2265 3098 2342 3165 τῷ
2391 3092 2623 3169 οὐρανῷ,
2674 3090 3011 3171 σφαιροειδεῖ
3058 3086 3191 3163 ὄντι,
3222 3090 3703 3147 κύκλοινοοῦνται

2054 3180 2302 3260 διάφοροι
2351 3188 2517 3258 τρεῖς,
2564 3184 2591 3236 ὁ
2644 3182 2984 3257 ἷσημερινὸς,
3018 3185 3045 3236 ὁ
3092 3176 3493 3254 μεσημϐρινὸς,
3526 3180 3705 3256 ὁὸρί-

2054 3278 2178 3342 ζων.
2228 3275 2379 3326 Ἔστι
2414 3269 2471 3326 δὲ
2515 3273 2542 3325 ὁ
2594 3271 2911 3345 ἱσημερινὸς
2962 3272 2988 3325 ὁ
3023 3268 3152 3346 δίχα
3203 3268 3427 3347 διαιρων
3473 3271 3563 3326 τὸν
3614 3268 3707 3326 οὐ·

2050 3363 2207 3439 ρανὸν
2257 3362 2362 3416 ἀπὸ
2410 3360 2681 3430 ἀνατολῆς
2731 3359 2860 3434 ἄχρι
2915 3357 3136 3422 δύσεως·
3176 3355 3551 3434 μεσημϐρινὸς
3586 3358 3647 3416 δὲ
3675 3362 3705 3417 ὁ

2049 3449 2179 3527 δίχα
2227 3449 2448 3525 διαιρῶν
2491 3455 2680 3504 τοῦτον
2724 3450 2829 3504 ἀπὸ
2883 3455 2978 3504 τοῦ
3031 3447 3231 3524 ἄρκτου
3294 3452 3459 3525 μέχρι
3511 3450 3703 3505 νότου·

2048 3540 2244 3616 ὁρίζων
2280 3539 2337 3595 δὶ
2386 3542 2413 3596 ὁ
2462 3538 2686 3615 διαιρῶν
2742 3541 2804 3595 τὸ
2869 3541 3002 3615 ὑπὲρ
3061 3547 3163 3616 γῆν
3214 3539 3569 3617 ἡμισφαίριον
3597 3540 3706 3595 ἀπὸ

2045 3635 2142 3685 τοῦ
2179 3630 2280 3685 ὑπὸ
2327 3637 2449 3705 γῆν.
2494 3634 2759 3687 Νοοῦνται
2811 3627 2868 3684 δὶ
2914 3631 3052 3685 κατᾶ
3100 3650 3159 3684 τε
3199 3630 3297 3697 τήν
3333 3630 3542 3703 Θερινὴν
3574 3650 3708 3704 τρο-

2046 3722 2153 3789 πήν
2206 3720 2292 3774 καὶ
2342 3721 2441 3788 τήν
2480 3720 2801 3794 χειμερινὴν
2860 3716 2957 3774 δύο
3016 3718 3215 3774 κύκλοι
3275 3718 3545 3793 ὁρίζοντες
3600 3721 3706 3789 τὴν

2047 3814 2142 3865 τοῦ
2172 3807 2338 3878 ἡλίου
2384 3806 2633 3878 λόξωσιν”
2670 3809 2800 3881 ὑπὲρ
2854 3805 2911 3863 δὲ
2960 3808 3187 3870 τούτους
3237 3803 3412 3881 ἕτεροι
3463 3804 3557 3861 δύο
3606 3807 3705 3862 κύ-

2046 3897 2197 3968 κλοι,
2243 3898 2272 3954 6'
2317 3920 2375 3953 τε
2426 3899 2677 3973 ἀρκτικὸς
2723 3899 2811 3952 καὶ
2864 3900 2891 3953 6
2935 3897 3310 3975 ἀνταρκτικός.
3342 3897 3703 3966 Ὑπετέθησαν

2050 3985 2107 4042 δὲ
2138 3986 2285 4041 οὗτοι
2320 3985 2410 4041 διὰ
2436 3989 2499 4041 τὸ
2532 3988 2729 4063 ὁρίζειν
2760 3988 2857 4055 τήν
2911 3984 3167 4063 εὔκρατον
3220 3985 3431 4055 οἴκησιν
3466 3985 3573 4040 ἀπὸ
3600 3993 3703 4053 τῆς

2050 4072 2138 4130 διὰ
2169 4079 2344 4151 ψῦχος
2376 4076 2658 4145 ἀοικήτου.

2422 4272 2521 4327 κα’.
2556 4272 2685 4346 Περὶ
2720 4271 2901 4334 οὐσίας
2929 4275 3037 4325 τῶν
3066 4270 3327 4345 ἀστέρων.

2122 4361 2182 4414 ’Π
2229 4365 2337 4415 τῶν
2378 4360 2615 4435 ἀστέρων
2667 4360 2823 4414 οὐσία
2878 4357 3139 4435 πυρώδης
3176 4361 3258 4421 τίς
3315 4359 3424 4414 ἐστι
3472 4360 3562 4415 καὶ
3610 4360 3709 4415 ἀε-

2053 4446 2254 4521 ρώδης,
2288 4449 2479 4505 πλεῖον
2534 4447 2837 4526 μετέχουσα
2884 4447 3174 4523 πυρώδους
3222 4448 3431 4526 φύσεως
3527 4449 3708 4525 ἀερώ⁹

2052 4537 2199 4599 δους.
2254 4539 2322 4593 Al
2380 4541 2471 4610 μὶν
2523 4540 2625 4614 γὰρ
2676 4538 2918 4613 οὐράνιαι
2975 4544 3197 4614 σφαῖραι
3256 4536 3484 4593 πλείονα
3542 4539 3709 4611 μετὲ-

2052 4648 2211 4705 χουσι
2243 4634 2343 4696 τῆς
2388 4624 2663 4703 ἀερώδους
2702 4628 2913 4705 φύσεως
2968 4627 3003 4696 ἢ
3056 4634 3155 4696 τῆς
3206 4625 3512 4703 πυρώδους,
3545 4628 3596 4682 οἱ
3647 4625 3711 4683 δί

2053 4716 2269 4791 ἀστέρες
2300 4715 2564 4771 ἀνάπαλίν
2617 4716 2772 4783 εἰσιν,
2828 4718 2901 4777 ὡς
2949 4721 3030 4787 τῷ
3073 4716 3395 4791 Σταγειρίτῃ
3430 4714 3596 4771 δοκεῖ.
3632 4718 3708 4775 Οἱ

2054 4802 2113 4860 δὲ
2158 4803 2384 4859 παλαιοὶ
2434 4799 2813 4881 ἀμφέϐαλλον,
2853 4806 2925 4866 ὡς
2981 4806 3116 4859 ποῖά
3161 4805 3263 4859 εἶσι
3292 4806 3612 4879 τιμιώτερα,
3648 4807 3709 4861 αῖ

2054 4893 2297 4970 οὐράνιαι
2358 4899 2600 4971 σφαῖραι,
2664 4894 2737 4955 ὡς
2798 4893 3138 4969 λεπτότεραι,
3198 4897 3231 4965 ἢ
3292 4895 3343 4949 οἱ
3406 4894 3456 4949 ἰν
3513 4894 3755 4960 αὐταῖς(

2054 4984 2291 5056 ἀστέρες,
2326 4983 2399 5046 ὡς
2448 4980 2846 5058 λαμπρότεροι.
2889 4982 3103 5053 Ταύτην
3135 4980 3193 5037 δὲ
3230 4984 3326 5052 τήν
3360 4978 3706 5061 ἀμφιϐολίαν

2053 5071 2358 5127 ἀπελύσατο
2412 5073 2439 5126 ὁ
2492 5072 2877 5147 Ἀριστοτέλης
2928 5071 2979 5128 ἐν
3012 5075 3081 5146 τῇ
3116 5073 3245 5147 Περὶ
3298 5071 3529 5149 οὐρανοῦ
3559 5092 3706 5147 πρα-

2050 5165 2285 5239 γματείᾳ
2344 5160 2539 5238 λέγων’
2604 5162 2663 5219 El
2722 5163 2783 5218 1:6
2819 5163 3141 5240 ’φερόμενον
3189 5168 3434 5237 κρεῖττον
3478 5160 3574 5218 τοῦ
3604 5165 3708 5237 φέ-

2051 5273 2260 5329 ροντος,
2322 5252 2397 5314 ὡς
2442 5251 2639 5307 τούτου
2688 5248 2842 5308 ἓνεκα
2885 5253 3203 5327 γενομένου·
3263 5252 3484 5329 φέρουσι
3542 5250 3599 5307 δὲ
3648 5256 3709 5309 αι

2053 5348 2273 5421 σφαῖραι
2315 5340 2443 5403 τοὺς
2494 5334 2741 5418 ἀστέρας,
2786 5341 2842 5395 οἱ
2887 5338 2945 5396 δὲ
2990 5341 3260 5418 φέρονται·
3312 5341 3386 5404 ὡς
3417 5341 3567 5397 οὗτοι
3613 5362 3706 5397 τι-

2055 5433 2337 5505 μιώτεροι.

2424 5521 2531 5596 κβ’.
2566 5526 2694 5597 Περι
2724 5521 3031 5597 σχημάτων
3064 5519 3322 5595 ἀστέρων.

2124 5608 2207 5666 Τά
2239 5604 2294 5662 δὲ
2338 5610 2599 5684 σχήματα
2647 5613 2754 5663 τῶν
2802 5607 3038 5682 ἀστέρων
3086 5605 3189 5662 εἶσὶ
3229 5603 3567 5683 σφαιροειδῆ·
3616 5612 3704 5682 τῷ

2050 5697 2286 5771 τοιούτῳ
2327 5698 2428 5774 γὰρ
2472 5699 2717 5773 σχήματι
2750 5698 2779 5754 ὁ
2810 5697 2938 5761 Θεὸς
2968 5697 3034 5754 τὰ
3080 5694 3386 5771 ὁλικώτερα
3412 5698 3517 5752 τῶν
3551 5715 3701 5772 σχη-
