4032 6202
296 340 418 402 801

1553 336 2041 398 SULUTIONES
2091 334 2467 407 QU/EDAM.

3603 340 3721 401 802

305 474 498 546 μάτων
562 470 867 544 ἐκόσμησεν
898 517 911 543 ,
969 471 1035 527 τὰ
1076 473 1309 549 τέσσαρα
1362 476 1607 547 στοιχεῖα
1650 468 1739 524 καὶ
1800 467 1959 523 αὐτὸν

2074 469 2361 527 elementa
2390 474 2448 525 et
2474 470 2667 541 ipsum
2693 468 2901 524 cmlum
2927 473 2983 523 et
3006 486 3397 542 quacumque
3426 472 3483 527 in
3511 488 3577 529 eo
3601 491 3709 530 con

299 564 395 617 16v
474 562 730 637 οὐρανὸν,
806 562 895 617 καὶ
952 563 1020 617 τὰ
1074 562 1124 616 έν
1185 564 1334 634 αὐτῷ
1390 560 1577 616 πάντα’
1623 559 1956 634 τελειότερον

299 652 404 727 γαρ
448 652 512 707 τὸ
540 656 790 707 τοιοῦτον
829 659 1021 727 σχῆμα
1050 657 1156 707 τῶν
1190 651 1399 706 λοιπῶν
1434 652 1754 725 σχημάτων
1791 651 1963 702 πάντα

301 742 411 818 γαρ
460 743 527 796 τά
568 740 883 818 πολυγώνια
929 744 1192 817 σχήματα
1253 739 1604 815 διαιρούμενα
1669 735 1851 813 ἕτερόν
1908 758 1959 792 τι

302 829 568 887 ἀποτελεῖ
612 838 828 907 σχῆμα,
874 832 900 885 6
956 828 1013 885 δὲ
1063 830 1263 891 κύκλος
1311 828 1686 906 διαιρούμενος
1711 827 1818 901 οὐχ
1844 823 1961 881 ἓτε-

302 919 400 995 ρόν
442 942 496 974 τι
554 918 846 973 ἀποτελεῖ’
925 918 1036 991 ἅμα
1113 915 1169 972 δὲ
1226 918 1315 971 καὶ
1367 915 1740 976 ἀπλούστατός
1798 914 1960 983 ἐστιν,

301 1009 382 1073 ὡς
438 1008 541 1063 6116
584 1014 709 1082 μιᾶς
764 1014 1030 1083 γραμμῆς
1076 1007 1496 1081 περιεχόμενος,
1547 1004 1636 1059 καὶ
1683 1002 1770 1058 διὰ
1798 1008 1963 1058 τοῦτο

299 1102 383 1170 τῷ
416 1099 491 1153 ἱνῖ
517 1096 779 1177 ἐμφερής.
833 1096 1280 1174 Σχηματίζονται
1337 1094 1394 1151 δέ
1422 1097 1473 1150 οἱ
1520 1094 1793 1165 πλανῆται
1825 1094 1962 1169 πρὸς

302 1187 591 1260 ἀλλήλους
639 1189 797 1243 πέντε
854 1190 1127 1263 σχήμασι,
1192 1184 1424 1259 συνόδῳ,
1478 1184 1963 1260 έξαγώνῳ,τετρα-

297 1280 489 1353 γώνῳ,
546 1279 803 1354 τριγώνῳ
859 1279 947 1333 καὶ
1008 1275 1311 1352 διαμέτρῳ,
1368 1281 1472 1331 Τοῦ
1528 1276 1631 1352 γὰρ
1695 1274 1965 1344 ζωδιακοῦ

296 1368 513 1423 κύκλου
543 1367 618 1430 εἷς
653 1368 723 1443 ιβ’
769 1369 1032 1442 τμήματα
1065 1364 1428 1442 διῃρημένου,
1477 1364 1565 1420 ὅτε
1603 1365 1772 1442 τύχῃ,
1806 1365 1833 1419 6
1871 1366 1963 1439 μὶν

297 1459 379 1520 εἷς
412 1456 583 1532 ἀστήρ
614 1458 757 1532 ἀρχή
789 1478 939 1519 τινος
971 1456 1321 1530 τμήματος,ὁ
1341 1453 1397 1510 δὲ
1422 1451 1605 1530 ἕτερος
1632 1454 1683 1509 ἐν
1720 1459 1787 1528 τῇ
1818 1455 1966 1531 ἀρχῇ

295 1549 398 1601 τοῦ
430 1544 522 1601 ἄπ’
574 1547 736 1602 αύτοῦ
781 1546 993 1622 τρίτου,
1046 1545 1384 1623 έξαγωνίζειν
1436 1544 1598 1600 αὐτὸν
1635 1544 1869 1621 λέγεται⁶
1922 1544 1967 1599 εἰ

299 1633 360 1690 δὶ
389 1635 443 1690 έν
470 1638 541 1709 τῇ
574 1634 723 1710 ἀρχῇ
753 1639 851 1690 τοῦ
888 1636 980 1690 ἀπ’
1012 1633 1177 1691 αὐτοῦ
1209 1637 1488 1710 τετάρτου,
1538 1632 1969 1710 τετραγωνίζειν⁸

300 1723 347 1779 εἶ
384 1722 442 1780 δὶ
472 1724 533 1780 ἀν
566 1729 635 1799 τῇ
666 1725 816 1800 ἀρχῇ
860 1728 957 1779 τοῦ
1007 1724 1101 1779 ἀπ’
1147 1726 1316 1780 αὐτοῦ
1383 1726 1657 1798 πέμπτου,
1713 1721 1969 1800 τριγωνί-

302 1820 433 1883 (cur
488 1813 534 1869 εἰ
586 1811 643 1869 δὲ
698 1812 751 1868 έν
808 1818 877 1887 τῇ
930 1815 1078 1890 ἀρχῇ
1110 1818 1206 1869 τοῦ
1238 1814 1327 1869 ἀπ’
1359 1814 1524 1869 αὐτού
1556 1809 1816 1886 ἑϐδόμου,
1849 1810 1965 1867 δια-

306 1909 542 1979 μετρεῖν·
575 1902 627 1958 εἴ
653 1901 711 1959 δὲ
742 1902 794 1959 ἐν
823 1906 891 1976 τῇ
923 1904 1060 1977 αὐτῇ
1096 1904 1263 1978 μοίρᾳ
1295 1902 1416 1975 ὦσι,
1447 1902 1772 1958 συνοδεύων·
1808 1903 1871 1956 το
1904 1900 1962 1956 δὲ

300 1992 431 2047 αὐτὸ
459 1992 551 2047 καὶ
583 1991 671 2049 έπὶ
700 1997 809 2047 τῶν
840 1991 1049 2048 λοιπῶν
1085 1998 1287 2067 μερῶν.
1312 1996 1488 2051 Ταῦτα
1520 1990 1577 2047 δὲ
1608 1992 1672 2046 τὰ
1702 1994 1963 2067 σχήματα

298 2081 411 2137 ἀπὸ
437 2087 546 2137 τῶν
580 2086 858 2154 μουσικῶν
892 2081 1150 2153 εὶληπται
1182 2081 1387 2159 λόγων,
1419 2082 1495 2143 ὡς
1528 2080 1877 2155 Πτολεμαῖος
1908 2078 1959 2135 έν

296 2173 368 2246 τῇ
397 2165 741 2247 τετραὸίὸλῳ
765 2168 1052 2229 δείκνυσιν.

616 2290 719 2362 κγ’.
757 2287 884 2364 Περὶ
914 2294 1013 2357 τῆς
1042 2292 1150 2342 τῶν
1180 2285 1415 2359 ἀστέρων
1447 2289 1637 2362 φορᾶς.

371 2387 439 2443 Ἦ
496 2386 639 2464 φορά
682 2390 793 2441 τῶν
842 2384 1079 2461 ἀστέρων
1134 2384 1274 2440 έστὶν
1320 2384 1428 2440 ἀπὸ
1462 2382 1668 2447 δύσεως
1696 2384 1780 2440 ἐπὶ
1830 2385 1961 2441 ἀνα-

301 2473 498 2545 τολήν.
562 2472 719 2529 Ἀλλ’
776 2477 811 2544 ἡ
873 2474 968 2548 μὲν
1039 2478 1147 2528 τῶν
1209 2473 1342 2527 ἒπτά
1390 2472 1685 2545 πλανητῶν
1742 2480 1961 2549 ταχεῖα.

305 2564 751 2621 Αποκαθίσταται
806 2564 906 2639 γὰρ
965 2566 999 2632 ἡ
1067 2564 1161 2636 μὲν
1210 2561 1415 2633 σελήνη
1477 2560 1566 2617 διὰ
1595 2566 1818 2639 ἡμερῶν
1877 2568 1965 2636 κη⁸

306 2646 547 2727 ἔγγιστα·
609 2651 637 2705 6
697 2648 753 2705 δὲ
800 2652 1009 2725 Ἐρμῆς
1069 2648 1159 2704 διὰ
1222 2654 1408 2723 μηνῶν
1465 2651 1565 2721 τξε¹
1593 2651 1681 2705 καὶ
1707 2652 1959 2725 τέταρτον

313 2742 517 2815 ἡμέρας
577 2745 723 2813 μιᾶς·
786 2740 815 2797 6
873 2739 930 2794 δὲ
988 2744 1160 2811 ’Ἄρης
1214 2738 1303 2795 διὰ
1360 2737 1454 2794 δύο
1511 2740 1685 2813 ἥμισυ
1726 2741 1877 2796 ἐτῶν⁸
1932 2742 1961 2797 6

309 2827 366 2884 δέ
414 2828 542 2891 Ζεὺς
593 2826 664 2884 δι’
695 2829 829 2884 έτῶν
865 2829 952 2904 ip"
988 2830 1016 2882 6
1040 2826 1099 2883 δὲ
1136 2829 1347 2902 Κρόνος
1382 2826 1450 2883 δι’
1482 2829 1614 2884 ἐτῶν
1646 2830 1959 2905 τριάκοντα.

308 2921 375 2977 Οἱ
435 2916 491 2975 δὲ
545 2918 826 2987 ἀπλανεῖς,
882 2917 932 2973 έν
992 2922 1063 2992 τῇ
1116 2918 1376 2973 ἀνωτάτω
1427 2914 1594 2989 ὄντες,
1628 2920 1844 2997 σφαίρᾳ,
1877 2942 1962 2975 κι-

306 3008 521 3063 νοῦνται
576 3010 678 3078 τήν
736 3007 859 3081 μίαν
930 3012 1123 3083 μοῖραν
1182 3008 1316 3061 κατὰ
1380 3008 1477 3079 μὲν
1517 3010 1642 3071 τοὸς
1690 3008 1959 3073 παλαιοὺς

309 3095 379 3153 δι’
431 3096 562 3152 έτων
614 3098 822 3169 ἑκατὸν,
852 3098 989 3152 κατὰ
1030 3094 1087 3151 δὲ
1114 3095 1242 3160 τοὺς
1268 3096 1565 3171 νεωτέρους
1598 3094 1667 3151 δι’
1699 3098 1831 3151 ἐτων
1861 3098 1956 3168 ξς’.

309 3187 410 3243 Καὶ
466 3186 531 3241 16
590 3181 1044 3262 παραδοξότατον,
1106 3179 1188 3240 ὅτὶ
1246 3186 1311 3241 οὐ
1342 3187 1467 3259 περὶ
1511 3187 1603 3241 τὸν
1629 3190 1725 3240 τοῦ
1756 3187 1959 3263 παρόν-

301 3294 399 3338 τος
428 3270 607 3327 πόλου
637 3276 915 3327 ποιοῦνται
945 3274 1045 3342 τὴν
1094 3272 1330 3342 κίνησιν,
1364 3272 1510 3328 ἀλλά
1542 3274 1677 3328 κατά
1730 3275 1829 3343 τήν
1859 3279 1957 3329 τοῦ

308 3361 478 3433 ἡλίου
536 3360 701 3432 λοξήν
759 3361 1007 3436 πορείαν.
1063 3362 1149 3432 Ἐξ
1182 3359 1243 3415 οὗ
1302 3359 1498 3433 δῆλον,
1539 3364 1612 3425 ὡς
1642 3363 1670 3416 6
1711 3364 1839 3424 Θεὸς
1870 3363 1963 3417 τὸν

310 3450 478 3520 ἤλιον
537 3450 591 3504 έν
648 3454 725 3521 τῷ
780 3450 990 3522 οὐρανῷ
1039 3450 1113 3511 ὡς
1161 3451 1413 3527 ἀρχηγοῦ
1453 3452 1677 3521 τέθεικε,
1708 3453 1871 3522 τάξει.
1903 3452 1965 3510 Ὁ

320 3540 415 3613 μὶν
452 3540 542 3595 οὗν
575 3538 958 3614 Ἀριστοτέλης
996 3539 1058 3594 τὸ
1116 3539 1313 3602 αὐτοὺς
1365 3546 1626 3604 κινεῖσθαι
1673 3542 1791 3605 καθ’
1842 3542 1965 3596 ἔαυ-

313 3628 445 3691 106;
472 3628 599 3692 τοὺς
648 3629 870 3703 ἀστέρας
926 3628 988 3682 οὐ
1047 3626 1432 3705 προσδέχεται,
1464 3630 1823 3703 πτοούμενος,
1889 3632 1962 3704 μή

304 3737 443 3773 ποτε
492 3716 841 3791 ἀναιρεθῶσιν
884 3715 1033 3789 αύτῷ
1085 3717 1139 3771 αἱ
1184 3717 1306 3792 περὶ
1354 3722 1451 3772 τοῦ
1478 3718 1729 3791 πέμπτου
1774 3722 1963 3792 σώμα-

305 3828 399 3868 τος
433 3806 733 3873 ὑποθέσεις,
782 3806 855 3867 ὡς
896 3806 1202 3879 τεμνόντων
1242 3810 1352 3861 τῶν
1399 3807 1634 3882 ἀστέρων
1686 3809 1747 3862 τὸ
1797 3809 1965 3884 οὐρά-

304 3916 423 3949 νιον
474 3900 654 3967 σῶμα,
706 3895 943 3970 καθάπερ
996 3893 1049 3949 εἷ¹
1086 3916 1207 3949 τινα
1253 3895 1413 3971 ὑγράν
1464 3896 1688 3951 οὐσίαν·
1772 3896 1964 3951 ὑποτί-

306 3996 432 4054 θησι
504 3981 561 4037 δὶ
622 3983 714 4045 τὰς
775 3982 1159 4046 ἀνελιττούσας
1228 3984 1484 4045 κινούσας
1539 3984 1739 4047 αὐτοὺς
1790 4006 1969 4056 πεπη,

301 4073 534 4148 γμένους
580 4069 752 4134 ὄντας.
786 4074 853 4129 Οἱ
884 4070 939 4127 δὲ
976 4074 1092 4145 μετ’
1123 4072 1283 4127 αὐτὸν
1332 4079 1594 4137 κινεῖσθαι
1632 4075 1727 4146 μὲν
1764 4074 1961 4137 αὐτοὺς

302 4164 423 4216 καθ’
497 4162 716 4224 ἑαυτοὺς
783 4160 1060 4232 ἐδόξασαν,
1130 4161 1279 4232 πλὴν
1349 4162 1476 4223 τοὺς
1541 4161 1821 4232 πλανήτας
1876 4164 1968 4228 ἐπὶ

302 4252 521 4306 κύκλων
568 4250 657 4305 καὶ
702 4250 763 4305 έκ
807 4252 1035 4325 κέντρου
1098 4252 1225 4325 φασὶ
1292 4254 1594 4306 κινεῖσθαι.
1657 4251 1961 4307 Πλάττουσι

301 4342 407 4416 γὰρ
458 4341 684 4418 σφαίρας
744 4341 843 4402 τὰς
892 4341 987 4414 μὶν
1042 4342 1117 4413 μὴ
1159 4342 1222 4395 τὸ
1271 4340 1400 4395 αύτὸ
1445 4340 1665 4417 κέντρον
1729 4341 1967 4417 έχούσας

298 4433 371 4502 τῇ
419 4433 514 4505 γῇ,
566 4428 711 4484 ἀλλά
762 4430 896 4502 πρὸς
951 4430 1045 4503 μὲν
1106 4434 1187 4501 τῷ
1242 4430 1317 4484 ὲνὶ
1370 4430 1517 4504 μέρει
1554 4428 1963 4499 πλησιαζούσας

298 4518 462 4592 αὐτῇ,
511 4519 649 4592 πρὸς
699 4516 755 4573 δὲ
798 4524 879 4591 τῷ
925 4518 1091 4595 ἑτέρῳ
1141 4518 1487 4595 πορρώτερον
1542 4518 1723 4590 οὔσας,
1768 4517 1825 4581 ἃς
1877 4520 1963 4575 έκ-

2074 562 2357 615 tinentur.
2397 559 2707 616 Perfectior
2756 564 2844 615 est
2891 560 3049 614 enim
3095 560 3215 613 haec
3262 561 3448 617 forma
3501 564 3724 619 czsteris

2074 650 2369 705 omnibus.
2411 650 2628 704 Omnes
2678 664 2888 720 nempe
2936 648 3230 719 angulosa:
3283 649 3477 704 formze
3528 653 3723 708 divisae

2074 738 2249 794 aliam
2284 739 2531 793 formam
2563 738 2861 804 efﬁciunt;
2898 737 3154 792 circulus
3188 754 3319 792 vero
3353 739 3575 794 divisus
3612 758 3725 796 non

2074 827 2249 882 aliam
2280 826 2525 883 formam
2559 827 2755 881 efficit.
2793 828 2857 881 Et
2887 826 3068 881 simul
3100 826 3582 899 simplicissimus
3618 834 3726 898 est,

2074 922 2277 988 utpote
2328 934 2446 972 una
2502 917 2654 971 linea
2712 916 3175 987 comprehensus
3220 922 3277 971 et
3332 918 3463 973 ideo
3515 920 3727 974 unitati

2075 1005 2308 1061 similis.
2339 1006 2736 1061 Efi‘ormantur
2798 1011 2991 1060 autem
3046 1005 3294 1076 planetae
3350 1007 3421 1061 ad
3477 1007 3726 1063 invicem

2075 1095 2333 1167 quinque
2368 1094 2590 1164 formis,
2641 1110 2986 1166 congressu,
3032 1093 3375 1165 sexangulo,
3426 1097 3727 1166 quadran-

2076 1184 2210 1256 gulo
2241 1190 2299 1240 et
2325 1182 2633 1239 diametro.
2665 1183 2900 1238 Zodiaci
2931 1183 3085 1238 enim
3122 1184 3341 1239 circulo
3396 1185 3455 1239 in
3504 1186 3726 1241 duode-

2078 1274 2189 1329 cim
2224 1278 2418 1345 partes
2449 1273 2654 1337 diviso,
2708 1289 2839 1327 cum
2895 1273 3108 1327 accidit
3157 1280 3218 1328 ut
3266 1291 3452 1329 unum
3498 1280 3725 1331 astrum

2078 1363 2387 1432 cujusdam
2418 1362 2722 1417 divisionis
2752 1361 2982 1415 initium
3020 1362 3115 1427 sit,
3149 1367 3205 1417 et
3234 1362 3390 1417 aliud
3425 1365 3603 1419 situm
3650 1364 3726 1419 sit

2081 1451 2137 1505 in
2174 1450 2460 1523 principio
2490 1454 2673 1505 tertiae
2702 1452 2775 1506 ab
2808 1450 2906 1505 illa
2938 1450 3263 1518 divisionis,
3315 1454 3530 1508 dicitur
3578 1454 3725 1509 illud

2079 1540 2463 1611 sexangulum
2495 1541 2711 1607 facere;
2748 1541 2795 1595 si
2828 1540 2887 1595 in
2920 1540 3206 1612 principio
3237 1547 3455 1612 quartae
3504 1544 3574 1598 ab
3624 1542 3726 1601 illa

2080 1629 2410 1699 divisionis,
2431 1629 2900 1701 quadrangulum
2925 1630 3113 1685 facere
3135 1631 3369 1699 dicitur;
3390 1631 3441 1686 si
3470 1631 3526 1686 in
3561 1633 3723 1704 prin-

2079 1718 2229 1791 cipio
2260 1719 2498 1790 quintae,
2522 1718 2917 1791 triangulum;
2954 1718 3003 1773 si
3034 1720 3091 1772 in
3125 1719 3409 1791 principio
3440 1722 3725 1793 septima,

2080 1810 2435 1865 diametrum
2468 1810 2656 1864 facere
2688 1808 2922 1863 dicitur.
2956 1808 3011 1863 Si
3046 1808 3104 1862 in
3138 1809 3339 1864 eodem
3372 1811 3558 1881 gradu
3614 1811 3729 1867 sita

2076 1899 2214 1966 sint,
2267 1899 2547 1953 dicuntur
2595 1898 2890 1970 congredi.
2946 1901 3130 1969 Atque
3178 1898 3333 1953 idem
3390 1900 3460 1955 de
3502 1900 3726 1957 caeteris

2074 1989 2363 2062 partibus.
2398 1992 2493 2043 Ha:
2528 1992 2723 2044 autem
2758 1988 2955 2043 formae
2986 2004 3053 2043 ex
3104 1988 3348 2045 musicis
3397 1990 3728 2047 rationibus

2072 2079 2389 2147 ducuntur,
2442 2081 2506 2133 ut
2551 2076 2899 2133 Ptolemaeus
2944 2078 3003 2132 in
3055 2078 3181 2134 suis
3247 2082 3500 2151 quatuor
3559 2079 3727 2138 libris

1995 2196 2001 2202 -
2072 2168 2349 2225 ostendit.

2534 2285 2623 2339 23.
2660 2289 2739 2339 De
2769 2296 3047 2341 astrorum
3078 2288 3248 2341 motu.

2145 2384 2316 2439 Astra
2346 2383 2615 2438 feruntur
2643 2384 2714 2438 ab
2747 2383 3043 2438 occidente
3075 2385 3146 2439 ad
3179 2374 3725 2458 orientem.SepE_m

2077 2471 2445 2545 planetarum
2504 2474 2740 2544 quidem
2794 2472 3099 2529 translatio
3150 2475 3354 2545 rapida
3401 2481 3509 2531 est.
3562 2476 3725 2532 Luna

2075 2563 2233 2617 enim
2278 2579 2518 2618 cursum
2563 2579 2738 2618 suum
2791 2561 3025 2617 coniicit
3072 2562 3281 2633 viginti
3333 2573 3458 2619 octo
3512 2564 3723 2621 diebus

2077 2651 2339 2720 circiter;
2376 2652 2695 2708 Mercurius
2730 2651 3036 2706 mensibus
3061 2652 3166 2705 363
3197 2658 3254 2707 et
3285 2658 3493 2723 quarta
3543 2653 3722 2710 unius

2075 2740 2188 2796 dici
2221 2746 2417 2812 parte;
2453 2741 2607 2797 Mars
2639 2742 2870 2797 duobus
2904 2740 3075 2796 annis
3106 2746 3164 2796 et
3195 2741 3463 2810 dimidio;
3496 2742 3728 2815 Jupiter

2073 2830 2418 2899 duodecim;
2466 2833 2753 2886 Saturnus
2803 2830 2975 2885 annis
3029 2830 3290 2902 triginta.
3343 2830 3535 2887 Stellae
3589 2848 3725 2888 vero

2072 2922 2193 2975 ﬁxae
2221 2937 2347 2991 quae
2378 2921 2438 2975 in
2470 2936 2746 2991 suprema
2778 2919 3005 2991 sphaera
3035 2923 3195 2990 sunt,
3230 2926 3539 2976 moventur
3586 2920 3723 2993 plu-

2070 3010 2229 3064 rimis
2261 3010 2433 3065 annis
2459 3014 2688 3064 centum
2715 3010 2881 3078 juxta
2910 3013 3152 3076 veteres,
3174 3009 3347 3079 juxta
3372 3012 3725 3066 recentiores

2071 3104 2262 3154 autem
2293 3099 2464 3153 annis
2492 3100 2582 3152 66.
2635 3100 2721 3168 Et,
2774 3099 2929 3169 quod
2983 3098 3172 3170 magis
3223 3100 3561 3155 mirandum
3613 3104 3721 3172 est,

2072 3204 2189 3242 non
2221 3189 2371 3242 circa
2404 3186 2602 3258 polum
2654 3203 2829 3241 suum
2880 3192 3208 3249 moventur,
3260 3188 3360 3242 sed
3412 3188 3721 3260 obliquum

2075 3275 2215 3331 solis
2245 3276 2355 3332 iter
2385 3280 2734 3347 sequuntur.
2782 3275 2941 3330 Unde
2990 3281 3151 3346 patet
3196 3276 3381 3331 Deum
3428 3276 3610 3333 solem
3657 3278 3719 3333 in

2076 3366 2219 3421 ccslo
2268 3370 2332 3419 ut
2379 3366 2587 3420 ducem
2649 3363 2937 3435 posuisse.
2988 3364 3332 3419 Aristoteles
3383 3366 3563 3438 igitur
3609 3384 3722 3423 non

2077 3454 2335 3509 admittit
2366 3458 2521 3509 astra
2553 3470 2655 3525 per
2685 3454 2882 3525 seipsa
2914 3453 3379 3521 moveri,timens
3410 3471 3483 3510 ne
3512 3455 3728 3511 tollan-

2076 3546 2172 3597 tur
2201 3559 2318 3597 sua)
2352 3543 2421 3598 de
2453 3543 2658 3613 quinto
2690 3558 2927 3613 corpore
2960 3541 3332 3614 hypotheses,
3367 3543 3534 3615 quasi
3568 3549 3727 3600 astra

2017 3691 2022 3697 ,
2077 3636 2275 3687 secent
2305 3631 2536 3687 caeleste
2566 3648 2778 3702 corpus
2809 3635 2874 3684 ut
2900 3633 3220 3700 quamdam
3254 3631 3559 3688 humidam
3592 3633 3726 3689 sub-

2078 3720 2389 3788 stantiam;
2435 3719 2717 3791 supponit
2761 3726 2951 3775 antem
3004 3718 3208 3775 stellas
3262 3720 3547 3777 volubiles
3597 3738 3725 3793 quis

2078 3814 2380 3866 concretas
2412 3809 2813 3865 moveant.Alii
2838 3825 2970 3864 vero
2995 3814 3124 3880 post
3145 3808 3310 3864 illum
3336 3811 3559 3882 opinati
3587 3816 3727 3867 sunt

2079 3904 2239 3954 astra
2272 3915 2374 3970 per
2405 3899 2602 3971 seipsa
2632 3898 2865 3964 moveri,
2896 3898 3149 3969 exceptis
3182 3899 3453 3969 planetis,
3486 3918 3634 3972 quos
3664 3901 3724 3956 in

2080 3989 2278 4043 orbem
2312 3993 2370 4041 et
2400 3994 2563 4043 extra
2594 3993 2855 4043 centrum
2892 4004 3066 4043 suum
3103 3989 3317 4043 moveri
3340 3989 3725 4045 dicunt.lma-

2080 4077 2359 4147 ginantur
2386 4078 2541 4134 enim
2575 4078 2835 4150 sphaerae
2886 4076 3034 4131 alias
3085 4094 3196 4133 non
3251 4078 3404 4132 idem
3458 4085 3720 4135 centrum

2080 4182 2212 4221 cum
2243 4172 2396 4222 terra
2420 4167 2763 4234 babere,sed
2798 4182 2914 4220 una
2944 4171 3108 4237 parte
3135 4182 3263 4220 esse
3312 4171 3477 4221 terrae
3532 4168 3723 4238 proxi~

2080 4274 2207 4313 mas
2255 4262 2310 4311 et
2357 4256 2539 4311 altera
2588 4255 2821 4326 longius
2868 4256 3105 4322 abesse;
3155 4272 3304 4326 quas
3368 4257 3725 4312 excentricas

2076 4363 2380 4413 vocavere;
2416 4349 2472 4399 et
2501 4345 2644 4400 alias
2675 4361 2741 4399 ex
2774 4344 2895 4415 ipso
2926 4343 3251 4400 excentrico
3300 4360 3511 4415 parvas
3556 4345 3725 4401 volu-

2075 4442 2167 4491 tas
2200 4436 2255 4489 in
2291 4435 2506 4505 quibus
2538 4434 2804 4489 incedere
2854 4431 3116 4503 planetas
3166 4432 3390 4499 dicunt,
3447 4450 3594 4506 quos
3646 4436 3721 4490 ob

2078 4526 2227 4580 hanc
2282 4540 2520 4579 causam
2582 4521 3080 4593 supracirculares
3142 4523 3535 4579 nominavere.
3591 4524 3722 4580 Haec

298 4611 560 4683 κέντρους
619 4606 907 4662 ἐκάλεσαν·
959 4609 1049 4662 καὶ
1102 4605 1286 4683 ἳτερας
1341 4608 1431 4663 ἀπ’
1490 4608 1654 4663 αὐτοῦ
1715 4613 1812 4663 τοῦ
1865 4608 1954 4663 67.-

2074 4620 2263 4672 autem
2294 4614 2475 4669 coacti
2498 4618 2637 4667 sunt
2659 4626 2986 4683 supponere
3006 4611 3445 4683 maximumque
3464 4613 3722 4670 laborem

295 4697 522 4772 κέντρου
586 4698 784 4772 μικρὰς
840 4696 1198 4771 κυλιομένας,
1246 4697 1326 4773 ἐφ’
1385 4696 1458 4751 ὧν
1521 4692 1806 4771 βεϐηκέναι
1859 4698 1951 4753 λέ·

290 4786 451 4860 γουσι
502 4787 628 4848 τοὺς
687 4784 967 4857 πλανήτας
1002 4830 1015 4855 ,
1071 4787 1163 4849 οὖς
1222 4786 1550 4849 έπικύκλους
1608 4787 1897 4860 ὠνόμασαν
1937 4831 1949 4845 .

290 4879 305 4907 ,
513 4876 524 4893 ,
799 4874 821 4892 σς
980 4881 997 4890 -
1138 4876 1151 4893 ρ
1615 4877 1625 4891 ς
1801 4882 1819 4891 -

314 4878 735 4951 Ηναγκασθησαν
796 4878 853 4930 οὲ
904 4896 1071 4930 ταυτα
1133 4874 1464 4943 υποθέσθαι,
1543 4898 1631 4931 και
1688 4876 1947 4931 πλειστον

299 4965 515 5039 μόχθον
575 4967 664 5019 καὶ
715 4966 878 5020 πόνον
910 4966 1202 5033 ὑποστῆναι
1236 4964 1311 5028 εἷς
1372 4966 1512 5037 [τὴν]
1544 4970 1649 5019 τῶν
1683 4965 1948 5019 τοιούτων

294 5054 603 5108 ὑποθέσεων
663 5052 912 5109 σύστασιν
970 5051 1058 5107 διὰ
1106 5054 1205 5121 τήν
1262 5053 1519 5122 τοιαύτην
1553 5052 1751 5110 αἰτίαν.
1786 5052 1950 5115 Θεοὺς

290 5144 396 5219 γὰρ
453 5140 726 5213 Έλληνες
789 5141 916 5205 τους
968 5141 1188 5211 ἀστέρας
1250 5143 1380 5196 εἶναι
1442 5141 1799 5213 νομίζοντες,
1860 5142 1951 5197 καὶ

292 5233 528 5306 ὁρῶντες
560 5230 787 5291 τούτους
821 5230 872 5284 ἐν
902 5235 978 5301 τῷ
1028 5227 1289 5285 διοδεύειν
1339 5232 1437 5299 τὴν
1495 5230 1701 5285 οἷκεῖαν
1730 5232 1951 5306 πορείαν

290 5321 374 5399 ἆρ’
433 5324 672 5399 ἡμέραις
730 5321 873 5376 τισὶν
932 5320 1250 5393 ἱσταμένους
1310 5323 1780 5409 ἀμετακινήτους,
1842 5323 1954 5377 εἶτα

290 5411 387 5467 ἀπὶ
437 5413 504 5467 τά
559 5408 777 5467 ὄπισθεν
840 5408 1279 5481 ἀναποδίζοντας,
1337 5408 1445 5465 εἶτα
1476 5413 1639 5465 πάλιν
1675 5413 1953 5487 στηρίζον-

286 5522 391 5564 τιας
447 5502 536 5557 καὶ
596 5501 755 5565 εὐθὺς
807 5498 1272 5575 προποδίζοντας,
1333 5500 1626 5575 ἀλλοτρίαν
1659 5502 1815 5565 θείων
1846 5524 1952 5556 σω-

297 5590 487 5666 μάτων
518 5592 620 5661 τὴν
662 5589 921 5661 τοιαύτην
951 5588 1191 5661 πλάνην,
1251 5590 1510 5647 ὑπέθεντο
1555 5591 1650 5653 τὰς
1700 5593 1954 5657 τοιαύτας

298 5680 602 5751 ὑποθέσεις,
644 5680 782 5761 πρὸς
837 5679 899 5738 τὸ
945 5676 1110 5756 δεῖξαι
1171 5677 1337 5758 μηδέν
1387 5702 1439 5738 τι
1490 5685 1736 5740 τοιοῦτον
1786 5683 1956 5750 πάθος

2063 4711 2121 4760 et
2155 4719 2385 4775 poenam
2416 4704 2716 4756 insumere
2747 4700 2818 4754 ad
2868 4699 3074 4754 talium
3128 4700 3526 4771 hypotbeseon
3580 4719 3721 4757 con-

2064 4792 2453 4847 ﬁrmationem
2514 4794 2750 4861 propter
2794 4795 3131 4857 sequentem
3183 4790 3490 4845 rationem.
3525 4792 3723 4846 Graece

2063 4882 2219 4938 enim
2256 4879 2457 4937 stellas
2488 4896 2615 4934 esse
2646 4880 2788 4934 deos
2818 4878 3147 4946 credentes,
3175 4884 3231 4933 et
3262 4895 3360 4933 eas
3394 4886 3721 4951 cernentes,

2066 4972 2208 5026 dum
2260 4969 2558 5040 proprium
2607 4968 2715 5022 iter
2764 4972 3129 5039 peragerent,
3163 4968 3341 5023 certis
3371 4969 3580 5025 diebus
3613 4969 3721 5025 im-

2068 5064 2257 5114 motas
2288 5064 2465 5123 stare,
2500 5056 2631 5110 dein
2665 5057 3049 5121 retrocedere,
3102 5056 3233 5111 dein
3287 5074 3524 5113 rursum
3575 5058 3720 5114 ﬁxas

2065 5153 2220 5203 stare
2251 5152 2307 5202 et
2332 5146 2528 5201 statim
2566 5146 2898 5216 procedere;
2926 5146 3080 5201 hunc
3128 5151 3422 5202 errantem
3475 5164 3717 5202 cursum

2064 5237 2263 5292 divina
2293 5252 2535 5307 corpora
2567 5235 2945 5290 dedecentem
2979 5236 3326 5305 cogitantes,
3377 5235 3484 5290 bas
3534 5235 3721 5308 hypo-

2064 5326 2261 5381 tbeses
2291 5323 2598 5395 imaginati
2631 5328 2790 5389 sunt,
2828 5327 2889 5377 ut
2930 5324 3305 5379 ostenderent
3356 5341 3469 5379 non
3521 5325 3723 5380 stellas

2066 5415 2165 5471 illa
2198 5417 2338 5487 pati,
2370 5415 2470 5469 sed
2522 5429 2624 5484 per
2672 5414 3134 5467 excentricarum
3182 5418 3241 5468 et
3289 5413 3723 5485 supracircula-

2065 5506 2217 5562 rium
2252 5504 2617 5577 sphaerarum
2652 5507 2878 5557 motum
2911 5502 3089 5557 videri
3123 5502 3293 5558 nobis
3324 5503 3468 5559 ﬁxas
3497 5520 3625 5559 esse
3666 5505 3724 5558 et

2063 5596 2594 5662 retrocedere,cum
2628 5591 2774 5646 nihil
2805 5591 3149 5665 hujusmodi
3182 5594 3319 5665 ipsa:
3352 5598 3717 5666 paterentur.

2063 5687 2130 5744 Et
2159 5687 2301 5744 dum
2334 5683 2588 5760 aequales
2618 5680 2927 5740 voluerunt
2958 5682 3143 5740 facere
3167 5682 3489 5741 caelestium
3513 5694 3718 5753 corpo-
