4032 6202
320 342 436 405 803

1656 332 2076 399 MlCIlAELIS
2129 333 2389 393 PSELLI

3604 338 3729 401 804

319 492 450 531 rum
484 478 700 543 motus,
735 491 849 531 non
883 475 1345 532 animadvertere
1372 492 1432 532 se
1474 475 1656 530 multa
1700 472 1951 543 inaequa-

2075 462 2203 528 τοὺς
2258 463 2479 540 ἀστέρας
2539 464 2957 541 ὑφισταμένους,
3015 464 3163 523 ἀλλά
3215 465 3305 523 διὰ
3355 470 3455 539 τὴν
3498 475 3605 526 τῶν
3639 472 3727 527 ἐκ-

318 563 545 620 bilitate
575 562 831 619 coelestia
862 566 1099 638 replere.
1136 565 1273 621 Mihi
1308 572 1504 619 autem
1539 563 1772 617 videtur
1802 561 1961 632 ipsas

316 654 519 710 stellas
551 654 701 710 hanc
730 654 1250 727 inaequabilitatem
1286 660 1563 709 caeterum
1586 657 1784 707 exacte
1807 649 1962 705 ordi-

319 748 518 798 natam
570 743 880 799 sustinere.
933 744 1068 807 Quae
1100 744 1257 799 enim
1289 742 1382 797 his
1413 742 1471 797 in
1505 741 1680 797 terris
1713 743 1875 806 sunt,
1908 742 1965 792 et

317 832 631 905 inmqualia
658 838 714 889 et
743 833 1078 889 inordinata
1110 837 1280 903 sunt;
1314 849 1439 904 quas
1462 837 1655 887 autem
1685 829 1745 885 in
1778 826 1963 884 stellis

318 926 376 978 et
404 922 715 993 inaequalia
744 928 800 978 et
830 923 1130 989 ordinata;
1178 939 1307 993 quas
1356 927 1554 977 autem
1604 936 1784 991 supra
1830 916 1961 971 illas

316 1015 457 1067 sunt
482 1016 537 1067 et
566 1011 834 1067 ordinata
864 1015 919 1066 et
949 1010 1194 1083 aequalia
1225 1017 1386 1066 sunt.

2071 553 2305 628 κέντρων
2354 554 2445 609 καὶ
2488 554 2796 610 ἐπικύκλων
2867 555 3081 627 κίνησιν
3128 559 3407 635 φαίνεσθαι
3452 562 3588 634 ἡμῖν
3637 561 3728 617 καὶ

2074 642 2424 718 στηρίζοντας
2499 644 2589 699 καὶ
2665 642 3115 716 ἀναποδίζοντας,
3193 645 3361 720 μηδὲν
3417 645 3475 703 δὲ
3530 649 3727 715 αὐτοὺς

2070 730 2317 787 τοιοῦτον
2378 735 2729 807 πάσχοντας.
2777 734 2881 790 Καὶ
2940 738 3330 791 κατασκευάσαι
3394 736 3725 812 βουλόμενοι

2073 823 2285 895 ὁμαλὰς
2316 824 2410 887 τὰς
2454 828 2561 877 τῶν
2612 824 2879 900 οὐρανίων
2938 827 3199 897 κινήσεις,
3260 822 3453 891 ἔλαθον
3504 830 3727 893 ἑαυτοὺς

2070 909 2290 982 πολλῆς
2370 910 2861 989 ἀναπληρώσαντες
2944 914 3262 988 ἀνωμαλίας
3333 918 3401 971 τὰ
3477 917 3721 994 οὐράνια.

2071 1000 2229 1074 Ἐμοὶ
2279 998 2336 1056 δὲ
2384 1000 2552 1069 δοκεῖ,
2612 1001 2805 1066 αὐτοὺς
2862 1004 2990 1066 τοὺς
3043 1002 3270 1078 ἀστέρας
3324 1004 3423 1074 τὴν
3464 1006 3723 1077 τοιαύτην

319 1100 613 1168 ὑποστῆναι
644 1097 986 1172 ἀνωμαλίαν,
1021 1101 1095 1161 ὡς
1130 1099 1410 1168 σύντονον,
1444 1096 1588 1165 πλὴν
1622 1092 1973 1171 τεταγμένην·
2004 1090 2071 1146 τὰ
2099 1091 2198 1167 γὰρ
2233 1090 2477 1161 ἐνταῦθα,
2509 1092 2598 1146 καὶ
2632 1091 2898 1167 ἀνώμαλα
2927 1092 3017 1149 καὶ
3050 1092 3273 1149 ἄτακτα·
3320 1096 3386 1150 τὰ
3416 1092 3473 1150 δὲ
3504 1095 3553 1151 ἐν
3589 1096 3725 1152 ὲκεί-

315 1210 428 1251 νοις
459 1189 547 1244 καὶ
579 1188 848 1262 ἀνώμαλα
877 1188 966 1244 καὶ
990 1191 1307 1263 τεταγμένα*
1346 1190 1408 1243 τά
1438 1185 1494 1242 δὶ
1522 1186 1726 1242 τούτων
1759 1182 1956 1239 ἄνωθεν
1988 1181 2077 1237 καὶ
2106 1182 2407 1258 τεταγμένα
2436 1180 2525 1236 καὶ
2567 1180 2775 1256 ὁμαλά.

665 1299 753 1352 24.
787 1299 932 1355 Unde
961 1300 1374 1354 ittuminantur
1405 1297 1603 1353 stellae.

385 1385 568 1442 Multa
618 1387 689 1442 de
738 1388 846 1442 hac
895 1388 1219 1458 quaestione
1268 1387 1530 1458 antiquis
1590 1381 1960 1456 philosophis

313 1475 669 1547 ambiguitas
724 1476 851 1531 fuit.
907 1478 1155 1542 Quidam
1205 1476 1360 1531 enim
1402 1476 1661 1529 videntes
1692 1472 1893 1526 lunam
1928 1486 1961 1525 a

311 1567 432 1620 sole
462 1564 663 1620 lumen
713 1565 996 1637 accipere,
1048 1565 1295 1637 professi
1345 1569 1485 1620 sunt
1531 1570 1587 1619 et
1635 1564 1748 1617 alia
1799 1567 1959 1616 astra

313 1653 435 1710 sole
463 1654 807 1710 illuminari.
851 1655 963 1710 Alii
1012 1659 1203 1710 autem
1260 1656 1522 1709 videntes
1572 1652 1856 1707 Venerem
1901 1653 1957 1704 et

312 1744 668 1799 Mercurium
702 1745 810 1800 sub
842 1740 961 1799 sole
984 1744 1127 1799 sitos
1159 1760 1346 1815 neque
1369 1744 1439 1798 ab
1464 1743 1562 1798 illo
1584 1746 1704 1796 tam
1729 1739 1951 1795 distan-

308 1836 398 1888 tes
446 1836 511 1888 ut
560 1832 695 1889 inde
742 1832 941 1888 lumen
992 1833 1297 1904 recipiant,
1354 1831 1575 1904 opinati
1630 1837 1768 1886 sunt
1798 1846 1865 1885 ea
1894 1832 1952 1883 et

312 1925 514 1977 caetera
543 1921 847 1992 proprium
878 1921 1078 1976 lumen
1111 1921 1345 1976 habere.

477 2121 566 2174 25.
600 2119 879 2188 Quomodo
909 2120 1045 2190 [iuni
1078 2124 1322 2191 quatuor
1350 2118 1489 2172 anni
1516 2121 1782 2185 tempora.

380 2208 458 2263 Ea
488 2224 841 2278 quacunque
873 2208 1088 2262 creavit
1140 2210 1289 2261 Deus
1337 2212 1394 2261 et
1441 2203 1735 2277 sapientia
1786 2200 1957 2274 plena

308 2303 447 2352 sunt
494 2301 552 2351 et
597 2297 984 2351 admiratione
1016 2297 1213 2367 digna,
1247 2295 1499 2349 maxime
1530 2308 1662 2347 vero
1696 2291 1839 2347 solis
1868 2290 1958 2343 iti-

306 2385 464 2441 neris
520 2384 863 2456 obliquitas,
922 2391 987 2440 ut
1041 2386 1100 2440 in
1160 2385 1271 2440 alio
1325 2399 1499 2454 opere
1557 2378 1957 2437 demonstravi

307 2476 379 2529 de
409 2474 737 2530 caelestium
772 2490 953 2529 causa
982 2475 1287 2545 inscripto.
1323 2473 1447 2529 Non
1481 2471 1637 2527 enim
1698 2468 1955 2523 medium

307 2564 517 2619 caelum
548 2564 761 2618 transit
791 2564 1115 2618 secundum
1147 2560 1585 2632 aequinoctium,
1633 2559 1733 2613 sed
1771 2556 1957 2627 vergit

307 2652 377 2706 ad
411 2652 868 2723 septentrionem
905 2658 1160 2723 quatuor
1190 2655 1247 2705 et
1275 2648 1482 2720 viginti
1517 2647 1735 2718 gradus
1783 2644 1956 2699 circi—

304 2746 414 2810 ter,
465 2744 522 2795 et
573 2742 643 2795 ad
699 2742 1005 2796 meridiem
1062 2739 1356 2795 similiter.
1411 2738 1651 2802 Quando
1700 2735 1882 2807 igitur
1924 2749 1958 2789 a

307 2828 554 2885 meridie
619 2830 963 2899 regrediens
1031 2830 1100 2884 ad
1176 2827 1595 2900 aequinoctium
1671 2822 1955 2896 pervenit,

303 2933 547 2974 vernum
610 2922 845 2989 tempus
898 2917 1098 2987 elficit,
1156 2918 1447 2988 nobisque
1501 2913 1953 2987 appropinquat,

304 3025 460 3078 cum,
493 3014 559 3064 ut
588 3008 1077 3075 diximus,versus
1111 3007 1569 3080 septentrionem
1603 3004 1953 3067 incolamus;

305 3100 541 3169 quando
572 3102 767 3154 autem
818 3114 1053 3153 rursum
1104 3098 1175 3152 ad
1224 3097 1636 3167 aequinoctium
1686 3092 1951 3158 vertitur,

302 3191 660 3242 autumnum
721 3188 981 3252 adducit,
1033 3192 1090 3242 et
1136 3187 1372 3258 quando
1431 3183 1783 3240 extremitati
1834 3196 1954 3236 sum

298 3275 701 3332 meridionalis
744 3276 1114 3348 obliquitatis
1166 3274 1441 3339 occurrit,
1491 3273 1764 3340 hiemem,
1815 3270 1958 3340 quia

2380 1286 2479 1347 κδ’.
2512 1290 2680 1345 Πόθεν
2714 1290 3041 1369 φωτίζονται
3072 1292 3124 1347 αἱ
3158 1292 3396 1365 ἀστέρες.

2141 1377 2270 1455 Περὶ
2317 1379 2513 1434 τούτου
2560 1378 2747 1450 πολλὴ
2782 1383 2815 1449 ἡ
2850 1376 3158 1459 ἀμφιϐολία
3185 1388 3303 1446 τοῖς
3331 1382 3498 1438 πάλαι
3532 1387 3723 1461 σοφοῖς

2069 1466 2298 1542 ίγὲνετο.
2357 1469 2514 1531 Τινὲς
2567 1470 2689 1544 γὰρ,
2738 1471 2976 1544 ὁρῶντες
3033 1472 3131 1539 τὴν
3190 1471 3420 1543 σελήνην
3451 1474 3596 1547 παρά
3624 1477 3722 1527 τοῦ

2067 1556 2233 1640 ᾐλίου
2284 1554 2590 1633 δεχομένην
2640 1560 2703 1614 τὸ
2752 1563 2890 1636 φῶς,
2924 1560 3267 1637 ἀπεφήναντο
3316 1562 3555 1638 καὶπερὶ
3586 1562 3722 1615 πάν-

2064 1667 2171 1701 των
2229 1651 2335 1702 τῶν
2421 1646 2681 1723 ἀστέρων,
2739 1648 2812 1710 ὡς
2865 1648 2956 1703 καὶ
3014 1648 3166 1704 αὐτοὶ
3222 1651 3368 1726 παρά
3404 1657 3501 1706 τοῦ
3549 1651 3719 1721 ἡλίου

2066 1734 2408 1813 φωτίζονται.
2464 1739 2683 1813 “Ήτεροι
2739 1734 2815 1807 δὲ,
2876 1738 3130 1813 ὁρῶντες,
3166 1742 3266 1810 τήν
3297 1759 3353 1795 τε
3385 1740 3715 1818 Ἀφροδίτην

2064 1824 2155 1878 καὶ
2183 1827 2274 1879 τὸν
2328 1827 2536 1898 Ἑρμῆν
2565 1826 2668 1880 ὑπὸ
2712 1827 2803 1880 τὸν
2838 1825 2999 1894 ἥλιον
3033 1823 3210 1894 ὄντας,
3261 1830 3349 1882 καὶ
3383 1830 3457 1902 μὴ
3491 1829 3723 1905 «deem:

1992 1947 2037 2011 Β
2075 1916 2159 1967 θεν
2194 1914 2357 1968 αὐτοῦ
2397 1916 2813 1991 ἀφισταμένους,
2864 1916 2938 1977 ὡς
2989 1916 3310 1994 φωτίζεσθαι
3357 1920 3483 1993 παρ’
3534 1918 3722 1989 αὑτοῦ,

2071 2001 2318 2075 ἐδόξασαν
2351 1999 2497 2079 ἔχειν
2530 2003 2754 2066 τούτους
2783 2005 2875 2059 καὶ
2906 2005 3033 2067 τοὺς
3059 2004 3264 2068 ἄλλους
3296 2005 3495 2062 οἶκεῖον
3528 2013 3665 2082 φῶς.

2311 2112 2403 2165 κε’.
2438 2115 2561 2173 Πῶς
2590 2111 2832 2185 γίνονται
2883 2112 2935 2166 οἱ
2977 2113 3228 2188 τέσσαρες
3257 2114 3459 2189 καιροί.
3546 2138 3551 2143 -

2138 2203 2319 2256 Ταῦτα
2371 2202 2484 2272 μὲν,
2543 2200 2644 2255 ὅσα
2700 2201 2760 2255 τὸ
2801 2206 2955 2255 Θεῖον
2987 2199 3414 2277 ἐδημιούργησε,
3472 2204 3560 2259 καὶ
3618 2225 3717 2258 σοι

2066 2288 2190 2365 φίας
2247 2289 2517 2362 ἀνάμεστα
2572 2289 2661 2343 καὶ
2731 2289 3003 2362 θαύματος
3056 2289 3199 2363 ἄξια,
3261 2293 3497 2365 μάλιστα
3545 2290 3601 2347 δὶ
3650 2294 3717 2348 τὸ

2064 2385 2165 2445 τῆς
2222 2378 2460 2447 ἡλιακῆς
2516 2379 2742 2452 πορείας
2798 2376 2979 2448 λοξὸν,
3041 2380 3117 2441 ὡς
3149 2379 3271 2452 ἐμοὶ
3304 2380 3358 2435 ἐν
3391 2382 3558 2455 ἑτέρῳ
3587 2402 3715 2456 συγ-

2063 2466 2343 2542 γράμματι
2377 2464 2772 2535 ἀποδέδεικται,
2804 2473 2883 2539 τῷ
2914 2468 3037 2544 περί
3070 2468 3249 2532 αἰτίας
3299 2470 3564 2545 οὐρανίων
3592 2469 3715 2524 ἄπι-

2064 2555 2415 2629 γραφομένῳ.
2468 2552 2606 2613 Οἰῖτε
2632 2557 2733 2631 γὰρ
2786 2558 2947 2629 μέσον
2974 2558 3065 2612 τὸν
3100 2557 3321 2630 οὐρανὸν
3353 2560 3487 2614 κατά
3518 2559 3720 2631 ἰσημε-

2065 2650 2212 2719 ρινοῦ
2244 2642 2495 2712 διοδεύει,
2527 2643 2675 2700 ἀλλὰ
2702 2642 2877 2701 κλίνει
2933 2648 3073 2722 πρὸς
3122 2649 3217 2720 μὲν
3274 2648 3471 2724 βοῤῥᾶν
3524 2650 3727 2721 μοίρας

2063 2732 2147 2789 κδ’
2188 2729 2427 2810 ἔγγιστα,
2461 2735 2599 2809 πρὸς
2631 2731 2689 2789 δὲ
2716 2736 2869 2790 νότον
2903 2736 3134 2809 ὁμοίως.
3174 2739 3335 2794 Ὅταν
3369 2738 3458 2792 οὖν
3488 2739 3721 2812 ἀνερχὲ-

2069 2843 2228 2897 μενος
2272 2824 2379 2878 ἀπὸ
2435 2824 2615 2892 νότου,
2670 2825 2805 2879 κατά
2858 2826 2951 2880 τὸν
2985 2825 3302 2901 ἰσημερινὸν
3332 2828 3579 2902 γένηται,
3606 2829 3714 2895 τήν

2064 2914 2281 2989 ἆαρινην
2340 2918 2577 2968 ποιεῖται
2624 2914 2854 2987 τροπὴν,
2887 2916 2978 2968 καὶ
3007 2914 3302 2986 πλησιάζει
3334 2919 3494 2989 ἡμῖν,
3529 2915 3616 2971 διὰ
3642 2917 3715 2972 τὸ

2062 3005 2160 3072 τὴν
2207 3002 2476 3079 ἡμετέραν
2508 3000 2743 3073 οἲθιησιν,
2776 3004 2850 3066 ὡς
2882 3002 3103 3081 ἔφαμεν,
3168 3005 3513 3082 βορειοτέραν
3544 3008 3710 3061 εἶναι·

2063 3092 2225 3161 ἡνίκα
2251 3089 2297 3145 δ’
2344 3092 2496 3155 αὖθις
2541 3093 2678 3164 πρὸς
2710 3092 2803 3145 τὸν
2854 3095 3164 3169 ισημερινὸν
3215 3096 3559 3173 ὑποστρέφει,
3608 3097 3717 3164 τὴν

2064 3182 2473 3259 φθινοπωρινὴν
2528 3178 2805 3247 ἀποτελεῖ,
2866 3182 2978 3252 καὶ,
3037 3184 3125 3237 ’ὀτε
3176 3184 3315 3258 πρὸς
3366 3184 3427 3238 τὸ
3477 3183 3711 3259 ἔσχατον

2059 3273 2158 3339 τῆς
2207 3269 2390 3331 νοτίας
2447 3270 2614 3324 αὐτοῦ
2676 3269 2959 3340 λοξώσεως
2989 3275 3329 3343 καταντήσει.
3383 3274 3483 3342 τὴν
3515 3292 3715 3349 χειμιο

295 3370 436 3421 tunc
462 3364 634 3438 longe
665 3370 755 3421 est
781 3382 815 3421 a
846 3334 1036 3421 nobis.
1062 3367 1129 3420 Et
1158 3381 1225 3420 ea
1254 3364 1395 3420 solis
1425 3334 1951 3433 obliquitas'ca-usa

2065 3334 2242 3435 ρινήν,
2294 3356 2384 3413 δια
2408 3360 2471 3413 τὸ
2513 3334 2811 3428 τηνικαῦτα
2865 3359 2998 3414 εἶναι
3036 3334 3316 3436 πόῤῥωθεν
3363 3334 3555 3434 ἡμῶνῗ
3611 3334 3717 3417 k1!

296 3462 386 3511 est
415 3461 667 3526 quatuor
714 3456 850 3510 anni
897 3460 1229 3526 temporum
1279 3451 1695 3526 generationis.
1747 3452 1947 3517 Neque

296 3561 431 3600 vero
465 3544 677 3600 horum
723 3544 1115 3614 solummodo,
1168 3543 1269 3598 sed
1318 3547 1377 3597 et
1424 3541 1672 3596 aliorum
1725 3538 1945 3593 mundo

298 3634 751 3689 utilissimorum
795 3637 854 3688 et
894 3632 1062 3687 valde
1112 3632 1599 3699 necessariorum,
1649 3634 1715 3684 ut
1759 3629 1945 3683 abun-

296 3723 534 3777 dantius
563 3722 623 3776 in
657 3725 978 3777 memorato
1008 3736 1180 3791 opere
1212 3717 1765 3775 demonstravimus.

589 3990 679 4043 26.
713 3988 790 4042 De
819 3986 1208 4059 magnitudine
1234 3988 1371 4043 solis
1399 3994 1452 4042 et
1484 3986 1649 4040 lunae.

367 4074 516 4132 Solis
547 4076 894 4145 magnitudo
924 4075 1156 4129 videtur
1184 4076 1406 4148 aliquid
1440 4072 1781 4130 incredibile
1811 4089 1947 4145 geo-

301 4164 522 4220 metrias
554 4165 777 4236 ignaris
807 4169 865 4221 et
895 4163 1277 4237 philosophias
1312 4182 1423 4220 non
1454 4163 1946 4219 initiatis.0mnes

300 4255 479 4325 igitur
508 4253 912 4310 mathematici
943 4255 1187 4325 professi
1219 4260 1357 4310 sunt
1385 4253 1551 4309 illum
1583 4257 1741 4308 terra
1773 4253 1948 4321 majo-

299 4360 421 4399 rem
454 4356 603 4409 esse,
650 4359 766 4397 non
817 4343 1196 4398 consentiunt
1244 4348 1440 4399 autem
1492 4347 1709 4413 quanto
1760 4343 1948 4411 major

298 4432 374 4487 sit
419 4438 476 4487 et
526 4431 850 4503 multiplex.
902 4432 1387 4502 Sapientissimus
1434 4448 1569 4488 vero
1603 4430 1945 4486 Ptolemmus

297 4538 399 4591 per
425 4521 806 4591 geometricas
836 4522 1368 4577 demonstrationes
1419 4530 1477 4576 et
1507 4520 1815 4576 methodos
1847 4536 1944 4576 os-

291 4610 483 4664 tendit
508 4624 644 4664 eum
697 4610 915 4665 centies
938 4611 1272 4682 septuagies
1296 4616 1451 4666 terra
1475 4610 1758 4680 majorem
1791 4625 1939 4665 esse.

2053 3451 2088 3517 ἡ
2120 3448 2344 3518 τοιαύτη
2398 3447 2629 3518 λόξωσις
2659 3454 2755 3503 τοῦ
2801 3448 2967 3518 ἡλίου
3015 3450 3217 3524 γίνεται
3252 3450 3395 3506 αἰνία
3426 3454 3569 3525 [τῆς]
3597 3455 3715 3506 τῶν

2052 3536 2322 3611 τεσσάρων
2381 3542 2477 3591 τοῦ
2549 3536 2791 3592 ἐνιαυτοῦ
2866 3544 3066 3613 καιρῶν
3144 3542 3423 3615 γενέσεως·
3488 3541 3579 3595 καὶ
3643 3541 3713 3597 οὗ

2061 3626 2224 3700 μόνον
2282 3625 2513 3699 τούτων,
2571 3624 2716 3681 ἀλλὰ
2772 3628 2861 3682 καὶ
2916 3629 3109 3701 ἑτέρων
3144 3630 3585 3705 χρησιμωτάτων
3616 3630 3714 3685 καὶ

2057 3717 2492 3790 ἀναγκαιοτάτων
2524 3721 2605 3787 τῷ
2654 3716 2847 3790 κόσμῳ
2892 3721 3249 3794 πραγμάτων,
3309 3720 3384 3783 ὡς
3438 3718 3714 3775 πλατύτε-

2057 3826 2146 3881 ρον
2202 3808 2336 3878 ἠμῖν
2391 3802 2763 3861 ἀποδέδεικται
2824 3806 2876 3861 ἐν
2948 3813 3026 3880 τῷ
3087 3808 3513 3881 μνημονευθὲντι
3575 3830 3715 3883 συγ-

2055 3892 2362 3971 γράμματι.

2291 3984 2391 4047 κς’.
2424 3982 2552 4055 Περῖ
2589 3985 2844 4058 μεγεθους
2877 3982 3044 4053 ἡλίου
3076 3984 3164 4039 καὶ
3198 3983 3459 4056 σελήνης.

2123 4073 2192 4127 Τὸ
2224 4076 2320 4127 τοῦ
2374 4072 2537 4141 ἡλίου
2600 4073 2823 4148 μέγεθος
2856 4071 3080 4128 ἄπιστόν
3115 4095 3165 4128 τι
3202 4072 3352 4131 δοκεῖ
3379 4081 3497 4138 τοῖς
3532 4076 3718 4150 ἀγεω-

2060 4164 2349 4237 μετρήτοις
2419 4161 2508 4216 καὶ
2585 4170 2684 4231 τῆς
2750 4162 3075 4241 φιλοσοφίας
3151 4164 3443 4237 ἀμυήτοις,
3504 4167 3717 4227 Πάντες

2058 4252 2153 4324 μὲν
2206 4249 2300 4305 οὖν
2353 4252 2405 4305 οἱ
2462 4253 2831 4324 μαθηματικοὶ
2879 4252 3223 4329 ἀπεφήναντο
3254 4258 3443 4309 τοῦτον
3474 4261 3577 4324 τῆς
3609 4258 3719 4329 γῆς

2059 4341 2297 4413 μείζονα,
2358 4337 2688 4415 διεφώνησαν
2724 4342 2781 4395 δὲ
2813 4340 3063 4415 περῖτοῦ
3095 4344 3293 4398 ὁπόσον
3340 4342 3450 4398 ἐστὶ
3505 4344 3716 4417 μείζων

2054 4430 2143 4485 καὶ
2194 4428 2599 4486 πολυπλάσιος.
2659 4431 2722 4487 Ὁ
2771 4427 2829 4485 δὲ
2886 4432 3202 4509 σοφώτατος
3237 4432 3589 4507 Πτολεμαῖος
3622 4432 3719 4489 διὰ

2050 4523 2428 4594 γεωμετρικῶν
2514 4516 2836 4590 ἀποδείξεων
2922 4522 3010 4575 καὶ
3101 4520 3349 4594 μεθόδων
3432 4521 3717 4593 ἀπέδειξεν

2052 4608 2237 4663 ἑκατὸν
2297 4602 2953 4681 ἑϐδομηκονταπλασίονα
3009 4614 3202 4666 τοῦτον
3259 4619 3361 4681 τῆς
3388 4619 3490 4686 γῆς
3549 4612 3716 4671 εἶναι.

296 4699 435 4769 Ejus
449 4698 1006 4755 demonstrationem
1022 4715 1347 4771 proponere
1360 4705 1414 4755 et
1428 4699 1712 4771 explicare
1731 4715 1846 4754 non
1864 4703 1951 4755 est

2065 4696 2157 4752 Καὶ
2213 4698 2275 4752 τὸ
2351 4697 2444 4770 μὶν
2498 4699 2599 4766 τὴν
2660 4696 2924 4770 ἀκόδειξιν
2982 4700 3190 4755 ἐκείνου
3249 4700 3557 4775 προτιθέναι
3619 4702 3719 4757 καὶ

297 4788 606 4859 praesentis
635 4789 848 4859 operis;
882 4786 972 4843 hic
1002 4792 1230 4844 tantum
1262 4788 1764 4845 demonstrabitur
1792 4787 1945 4843 clare

294 4880 352 4931 et
382 4875 705 4932 indubitate
735 4876 915 4932 solem
948 4880 1103 4931 terra
1128 4893 1258 4932 esse
1290 4878 1593 4946 majorem,
1618 4876 1727 4933 hoc
1750 4877 1943 4933 modo.

299 4965 594 5037 Quidquid
628 4965 946 5032 illuminat,
982 4970 1083 5019 aut
1113 4964 1451 5020 illuminata
1481 4981 1542 5020 re
1591 4966 1786 5035 majus
1833 4970 1943 5035 est,

298 5061 400 5110 aut
454 5056 507 5109 ei
556 5071 789 5125 aequum
840 5058 954 5119 est,
1004 5058 1107 5108 aut
1151 5069 1219 5108 ea
1270 5054 1486 5108 minus.
1539 5055 1609 5109 Et
1654 5055 1703 5110 si
1750 5055 1945 5125 majus

298 5144 535 5212 quidem
565 5147 676 5209 est,
708 5142 981 5197 umbram
1015 5142 1257 5197 omnino
1290 5160 1323 5197 a
1371 5142 1497 5198 basi
1547 5142 1752 5198 latiore
1798 5143 1945 5197 inci-

298 5232 553 5301 pientem
586 5232 782 5300 efﬁcit,
815 5236 872 5286 et
904 5246 1089 5302 usque
1140 5231 1210 5285 ad
1262 5238 1493 5287 acutam
1543 5231 1944 5288 summitatem

298 5324 656 5390 porrectam;
717 5320 766 5375 si
824 5318 1069 5391 aquale,
1138 5321 1411 5375 umbram
1468 5320 1647 5376 efﬁcit
1702 5338 1829 5392 quae
1885 5320 1944 5375 in

294 5406 593 5461 inﬁnitum
618 5407 771 5464 intra
818 5423 978 5478 aque
1034 5408 1324 5464 distantes
1364 5409 1554 5465 lineas
1594 5410 1945 5481 porrigitur;

296 5495 345 5553 si
379 5497 576 5552 minus
606 5502 714 5567 est,
734 5499 1005 5553 umbram
1037 5498 1095 5553 in
1130 5498 1377 5553 formam
1406 5498 1620 5554 calathi
1654 5499 1944 5569 producit,

296 5602 422 5659 qua
457 5586 530 5642 ab
562 5591 815 5659 angusta
845 5588 970 5644 basi
1002 5586 1061 5644 in
1096 5587 1393 5642 inﬁnitum
1446 5585 1746 5642 dilatatur.
1798 5587 1943 5644 Cum

295 5691 430 5735 vero
459 5679 614 5735 terra
661 5677 790 5734 coni
836 5678 1083 5735 formam
1134 5676 1444 5735 habentem
1498 5676 1771 5733 umbram
1819 5678 1944 5734 effl-

2058 4785 2383 4861 διασαφῆσαι
2414 4784 2708 4861 ἀλλότριον
2750 4794 2853 4857 τῆς
2898 4791 3263 4863 προκειμένης
3309 4791 3716 4864 πραγματείας,

2056 4876 2281 4939 ἐνταῦθα
2337 4873 2394 4931 δὲ
2439 4872 2783 4950 δειχθήσεται
2834 4877 3074 4953 ἐναργῶς
3106 4879 3196 4934 καὶ
3256 4880 3717 4956 ἀναμφηρίστως,

2056 4965 2130 5028 ὠς
2196 4966 2391 5037 μείζων
2451 4964 2559 5020 ἐστὶ
2610 4973 2710 5035 τῆς
2760 4974 2863 5040 γῆς
2918 4969 2945 5021 ὁ
2995 4967 3184 5039 ἥλιος,
3242 4969 3715 5038 τοιουτοτρόπως.

2060 5059 2165 5110 Ηᾶν
2218 5056 2281 5109 τὸ
2338 5054 2572 5129 φωτίζον
2625 5055 2661 5124 ἢ
2698 5056 2881 5129 μεῖζόν
2939 5056 3176 5112 ἐστιτοῦ
3208 5058 3613 5133 φωτιζομὲνου,
3677 5060 3719 5128 ἢ

2055 5143 2192 5213 ἴσον,
2251 5145 2285 5214 ἢ
2346 5138 2591 5199 ἔλαττον.
2655 5144 2812 5200 Ἀλλ’
2871 5146 2916 5201 εἰ
2980 5147 3072 5221 μὶν
3111 5149 3296 5220 μεῖζόν
3330 5147 3461 5215 ἐστι,
3496 5146 3720 5224 κομιδῇ

2053 5239 2202 5288 ποιεῖ
2256 5234 2354 5302 τὴν
2412 5235 2561 5288 σκιάν
2626 5234 2732 5289 ἀπὸ
2784 5233 3045 5297 πλατείας
3099 5237 3416 5311 ἀρχομένην
3473 5237 3720 5312 βάσεως,

2054 5320 2144 5375 καὶ
2201 5320 2611 5397 περατουμένην
2671 5321 2745 5383 εἷς
2795 5323 2969 5393 ὀξεῖαν
3019 5326 3286 5399 κορυφήν·
3326 5324 3373 5379 εἴ
3420 5322 3569 5391 ἴσον,
3624 5324 3717 5382 ἐπὶ

2054 5407 2273 5486 ἄπειρον
2320 5410 2452 5465 ἴέναι
2502 5411 2891 5485 παρασκευάζει
2921 5414 3020 5482 τήν
3054 5415 3205 5467 σκιὰν
3245 5414 3439 5485 μεταξὺ
3487 5414 3721 5489 παραλι

2056 5497 2247 5569 λήλων
2308 5499 2553 5563 εὐθειῶνο
2613 5499 2662 5554 εί
2718 5498 2775 5555 δὶ
2812 5499 3056 5570 ἔλαττον,
3109 5500 3441 5573 καλαθοειδῆ
3499 5504 3717 5575 ταύτην

2055 5588 2357 5664 ἐργάζεται,
2418 5589 2523 5643 ἀπὸ
2556 5597 2747 5659 στενῆς
2791 5598 2890 5661 τῆς
2929 5592 3137 5666 βάσεως
3171 5591 3611 5665 πλατυνομίνην
3644 5592 3725 5650 ﬁt

2064 5674 2307 5756 ἄπειρον.
2353 5679 2502 5736 Ἐπεὶ
2536 5675 2593 5733 δὲ
2624 5680 2657 5751 ἡ
2689 5685 2783 5755 γῆ,
2829 5681 2977 5755 παρὰ
3008 5686 3106 5736 τοῦ
3138 5680 3309 5753 ἡλίου
3344 5683 3735 5761 φωτιζομένη-
