4032 6202
231 307 351 367 805

1482 310 1970 372 SOLUTIONES
2016 311 2300 384 QUJEDA
2315 313 2392 373 Μ.

3537 315 3654 378 806

233 436 505 508 κωνοειδῆ
567 443 804 494 ποιεῖται
848 441 948 510 τήν
1021 440 1197 509 σκιὰν,
1248 438 1485 496 ἰλάττων
1535 440 1699 496 αὐτοῦ
1750 442 1890 496 ἔστιν

2012 444 2125 500 ciat
2154 462 2188 501 a
2218 445 2340 503 sole
2379 443 2742 509 illuminata.
2793 443 2914 500 sole
2957 445 3152 502 minor
3208 451 3315 502 est.
3340 435 3527 506 "Terra
3557 466 3656 506 au—

233 531 358 585 Ὀτι
397 527 458 585 δὲ
486 531 520 599 ἡ
554 537 625 604 γῆ
659 528 928 599 κωνοειδῆ
979 536 1217 586 ποιεῖται
1258 539 1356 601 τῆν
1408 531 1585 601 σκιὰν,
1633 530 1806 600 δῆλον
1839 530 1898 586 ἔκ

231 624 344 674 τῶν
376 627 476 690 τῆς
511 617 752 690 σελήνης
805 618 1122 694 ἐκλείψεων.
1174 623 1300 678 Ὅτε
1343 622 1443 698 γὰρ
1478 620 1704 696 ἐκλείψῃ
1734 621 1784 674 ἐν
1817 625 1895 693 τῷ

231 708 484 783 ἁπογείῳ
516 708 706 781 αὐτῆς,
761 709 1041 786 πόρρωθέν
1099 709 1206 764 ἐστι
1256 717 1356 780 τῆς
1405 714 1529 786 γῆς,
1561 712 1648 764 καὶ
1683 711 1898 786 ταχέως

231 798 598 872 ἕκλάμπεται,
646 800 722 860 ὡς
770 800 831 854 τὸ
889 799 1390 877 λεπτομερέστερον
1453 799 1617 876 μέρος
1669 798 1896 874 διερχο-

234 892 373 963 μένη
408 897 509 959 τῆς
541 895 693 951 σκιᾶς
729 908 740 921 °
796 885 886 944 ὅτε
926 887 983 945 δὶ
1033 889 1084 944 ἐν
1137 895 1214 962 τῷ
1259 885 1893 966 περιγείῳ,ἐμϐραδύνει

231 982 299 1051 τῇ
363 977 626 1050 ἐκλείψει,
686 977 760 1041 ὡς
834 978 897 1034 τὸ
985 978 1291 1053 παχύτερον
1371 979 1534 1053 μέρος
1590 985 1688 1047 τῆς
1745 983 1896 1040 σκιᾶς

235 1067 599 1143 διερχομένη.
631 1068 710 1126 Ού
747 1070 854 1141 μὴν
887 1066 1034 1125 ἀλλὰ
1058 1069 1147 1123 καὶ
1194 1068 1254 1123 ἐκ
1306 1067 1532 1124 πολλῶν
1562 1067 1748 1123 ἄλλων
1784 1065 1895 1122 δεί⁴

234 1178 426 1213 κνυται
467 1158 534 1213 τὰ
587 1162 949 1232 περατοῦσθαι
995 1159 1056 1212 τὸ
1113 1165 1213 1229 τῆς
1262 1165 1368 1234 γῆς
1427 1157 1645 1229 σκίσμα.
1708 1157 1895 1233 Εἶγὰρ

234 1245 319 1301 ἐπ’
380 1245 602 1321 ἄπειρον
641 1245 860 1322 προῄει,
899 1246 1165 1318 ἐσκότιζεν
1224 1246 1283 1304 ἃν
1336 1247 1436 1304 οὐκ
1493 1247 1712 1324 ὀλίγους
1763 1245 1894 1310 τοὺς

234 1337 503 1411 ἀστέρων,
557 1337 646 1392 καὶ
704 1339 824 1402 καθ’
852 1338 1080 1409 ἑκάστην
1134 1338 1296 1394 νύκτα
1344 1336 1610 1393 ἐκλείπειν
1667 1337 1892 1399 τούτους

236 1425 409 1481 ἐποίει
448 1446 460 1458 ’
507 1430 591 1482 νῦν
641 1424 700 1482 δὲ
747 1426 810 1481 οὖ
876 1427 1116 1506 φαίνεταί
1166 1449 1218 1482 τι
1266 1432 1536 1485 τοιοῦτον.
1587 1426 1716 1499 Περὶ
1774 1425 1896 1480 ταύ-

238 1537 342 1586 της
365 1513 424 1572 δὲ
447 1519 544 1586 τῆς
578 1521 730 1579 σκιᾶς
763 1539 896 1595 φησι
922 1517 1010 1572 καὶ
1041 1519 1070 1573 ὁ
1100 1521 1359 1589 ποιητής.

238 1619 327 1672 Ἐν
364 1614 410 1670 δ’
441 1615 587 1671 ima’
621 1615 839 1690 ὠκίανῷ
871 1616 1124 1692 λαμπρὸν
1155 1618 1288 1695 φάος
1321 1613 1564 1686 ἠελίοιο,

236 1704 445 1764 Ἕλκον
476 1704 642 1761 νύκτα
678 1704 934 1780 μέλαιναν
971 1706 1058 1761 ἐπὶ
1088 1704 1345 1780 ζείδωρον
1379 1703 1636 1781 ἄρουραν.

242 1820 425 1878 ’Λλλᾶ
450 1822 541 1876 καὶ
575 1821 634 1876 ἰκ
658 1819 819 1877 τοῦδε
863 1821 1036 1891 δῆλον
1083 1823 1144 1877 τὸ
1191 1826 1286 1876 τοῦ
1334 1821 1502 1892 ἡλίου
1556 1821 1778 1896 μέγεθος

245 1910 446 1982 σελήνη
510 1910 616 1966 ὕπὸ
667 1912 758 1966 τὸν
819 1912 1031 1986 Θερινὸν
1097 1918 1271 1966 κεῖται
1321 1912 1580 1989 τροπικόν
1619 1930 1632 1945 ³
1695 1911 1896 1968 ὁπόταν

245 2001 335 2055 οὖν
371 2003 399 2056 ὁ
442 2000 606 2070 ἥλιος
660 1999 834 2057 ἐκεῖσε
871 2003 1110 2077 γίνηται,
1162 2000 1298 2056 κατᾶ
1348 1996 1689 2076 μεσημϐρίαν
1739 1999 1898 2055 ἄσκια

200 2096 390 2144 ’ποιεῖ
443 2091 510 2144 τὰ
562 2089 734 2145 ἐκεῖσε
786 2091 1013 2163 σώματα
1076 2089 1163 2144 ἐπὶ
1229 2087 1476 2152 σταδίους
1526 2091 1894 2165 τριακοσίους.

239 2182 446 2253 ’Ἡγουν
478 2179 507 2233 ὁ
535 2177 762 2246 κύκλος,
804 2180 863 2233 ’ὸν
906 2176 1280 2255 διαπορεύεται
1311 2182 1339 2234 ὁ
1369 2178 1552 2248 ἥλιος,
1589 2178 1894 2254 μυριοπλα-

242 2269 370 2323 σίων
403 2267 514 2323 ἐστὶ
544 2275 645 2338 τῆς
684 2272 805 2342 γῆς,
857 2269 946 2321 καὶ
997 2269 1058 2322 τὸ
1113 2269 1276 2343 μέρος
1321 2273 1419 2322 τοῦ
1463 2267 1672 2323 κύκλου
1701 2268 1896 2323 τούτου

242 2357 496 2434 ῧπερέχει
526 2358 713 2412 τὸτοῦ
760 2355 928 2426 ἡλίου
987 2357 1209 2434 μίγεοος
1245 2375 1258 2390 ⁶
1312 2355 1709 2434 μυριοπλάσιον
1763 2358 1896 2413 εἶναι

244 2444 324 2500 δεῖ
364 2451 460 2501 τοῦ
511 2443 851 2516 δηλωθέντος
897 2453 999 2514 τῆς
1044 2453 1150 2520 γῆς
1193 2448 1486 2520 τμήματος
1518 2466 1532 2480 ο
1593 2447 1655 2501 τὸ
1714 2445 1771 2502 δὶ
1800 2452 1895 2502 τοῦ

243 2536 407 2604 ἡλίου
439 2539 633 2610 σχῆμα
681 2531 762 2589 ὅτι
806 2534 915 2590 ἐστὶ
957 2533 1320 2611 σφαιροειδὲς,
1367 2536 1624 2597 ὡσαύτως
1671 2536 1892 2591 καὶτῶν

244 2623 453 2682 λοιπῶν
487 2624 540 2679 ἐν
591 2622 804 2698 ούρανῷ
855 2624 1150 2697 σώματων,
1199 2621 1506 2700 πρόδηλον,
1553 2625 1627 2688 ὡς
1657 2624 1892 2700 εἴρηται,

243 2715 328 2769 καὶ
365 2713 685 2791 σαφέστερον
718 2712 771 2767 ἐν
799 2717 877 2784 τῷ
907 2713 1032 2788 περὶ
1057 2715 1349 2789 σχήματος
1381 2713 1536 2789 λόγῳ
1578 2713 1892 2790 ῥηθήσεται.

547 2804 648 2872 κζ’.
675 2803 805 2877 Περὶ
835 2810 936 2872 τῆς
955 2808 1052 2858 τοῦ
1075 2803 1242 2873 ἡλίου
1275 2801 1592 2878 ἐκλείψεως.

312 2897 376 2950 Ἣ
405 2899 500 2950 τοῦ
544 2892 713 2964 ἡλίου
759 2889 1000 2968 ἔκλειψις
1050 2896 1276 2968 γίνεταιί
1329 2897 1417 2950 ὅτε
1472 2899 1506 2965 ἡ
1566 2895 1770 2967 σελήνη
1802 2896 1893 2951 τὸν

247 2981 408 3052 ἥλιον
436 2983 490 3038 ἐν
520 2982 729 3056 συνόδῳ
780 2981 1090 3059 ὕποδράμη,
1145 2987 1220 3058 μή
1274 2983 1475 3061 ἔχουσα
1518 2984 1727 3047 πλάτος
1758 2987 1894 3060 πρὸς

245 3074 333 3128 τὸν
397 3071 660 3142 ζωδιακὸν
718 3072 943 3129 κύκλὸν·
997 3079 1304 3145 Τηνικαῦτα
1384 3076 1487 3150 γὰρ
1553 3074 1895 3152 ἀντιφράττει

245 3168 367 3224 ταῖς
424 3161 630 3217 ἆκτίσιν
682 3161 868 3229 αὐτοῦ,
926 3158 1064 3218 ὥστε
1107 3165 1183 3237 μή
1231 3159 1556 3220 καταλαϐεῖν
1614 3165 1712 3232 τὴν
1764 3171 1891 3239 γῆν.

248 3251 346 3305 Διᾶ
387 3255 552 3306 τοῦτο
594 3251 675 3305 ἀεὶ
708 3250 758 3306 ιν
805 3249 1016 3324 συνόδῳ
1061 3251 1264 3328 γίνεται
1304 3255 1338 3322 ἡ
1383 3252 1591 3322 ἡλιακὴ
1625 3246 1892 3327 ἔκλειψις.

186 3353 194 3361 “
248 3338 394 3406 πλὴν
461 3346 559 3409 τῆς
604 3340 903 3416 γενομένης
963 3339 1050 3395 ἐπὶ
1107 3345 1203 3396 τοῦ
1256 3343 1532 3416 σωτηρίου
1562 3341 1766 3404 πάθους
1796 3347 1894 3397 τοῦ

247 3428 454 3504 Κυρίου
511 3431 671 3500 ἡμῶν
734 3428 906 3499 ἐκείνη
964 3430 1066 3504 γὰρ
1124 3427 1444 3504 παραδόξως
1486 3428 1536 3484 ἐν
1569 3429 1894 3503 πανσελήνῳ

248 3520 486 3593 γέγονεν.
513 3519 582 3574 Αἱ
633 3514 689 3572 δὲ
725 3516 996 3591 ἰκλείψεις
1044 3519 1175 3573 ποτὶ
1224 3519 1318 3591 μὲν
1365 3518 1626 3590 καθόλου,
1672 3520 1804 3574 ποτε
1839 3517 1897 3573 δὶ

254 3606 466 3680 μερικαὶ
495 3606 734 3681 γίνονται
770 3624 784 3638 ⁸
837 3606 1077 3670 καθόλου
1126 3608 1245 3680 μὲν,
1298 3608 1385 3662 ὅτε
1430 3607 1561 3670 ὅλος
1609 3610 1636 3665 ὁ
1667 3608 1897 3678 ἡλιακὸς

250 3694 451 3758 κύκλος
509 3695 887 3769 ἐπισκοτισθῇ,
956 3697 1092 3751 κατὰ
1148 3697 1370 3752 κάθετον
1437 3697 1731 3773 γεγονότων
1788 3703 1895 3753 τῶν

251 3788 479 3862 κέντρων
510 3791 609 3841 τοῦ
656 3807 715 3841 τε
755 3783 920 3854 ἡλίου
962 3785 1048 3840 καὶ
1089 3793 1190 3856 τῆς
1229 3787 1463 3857 σελήνης
1497 3806 1509 3818 ·
1548 3787 1762 3861 μερικαὶ
1821 3785 1898 3859 δὲ,

257 3873 350 3929 ὅτε
397 3876 555 3948 μέρος
601 3874 798 3929 τούτου
848 3871 1096 3949 ἐκλείψῃ.
1147 3876 1261 3932 Οὐκ
1310 3875 1363 3931 ἰν
1410 3876 1553 3951 πάσῃ
1611 3874 1667 3930 δὶ
1714 3880 1782 3950 τῇ
1815 3877 1900 3930 οἱ-

253 3967 486 4038 κουμὲνῃ
542 3965 570 4018 ὁ
631 3962 792 4033 ἥλιος
870 3962 1138 4019 ἐκλείπων
1205 3965 1468 4039 φαίνεται,
1527 3964 1673 4021 ἀλλὰ
1755 3964 1902 4040 παρὰ

263 4053 598 4127 μέρεσιτισι.
633 4053 730 4107 Καὶ
780 4053 882 4129 γάρ
933 4052 1155 4108 ἐνταῦθα
1201 4054 1289 4108 ἰπὶ
1338 4062 1437 4123 τῆς
1485 4059 1581 4108 τοῦ
1616 4052 1901 4127 Κομνηνοῦ

261 4142 527 4217 βασιλείας
585 4142 718 4204 ὅλος
767 4142 1019 4216 ὶκλείψας
1065 4145 1202 4220 πρὸς
1251 4140 1505 4215 δυσμαῖς,
1534 4143 1584 4198 ἐν
1638 4144 1902 4219 Αἰγύπτῳ

261 4231 370 4306 οὐχ
391 4230 529 4295 ὅλως
561 4231 827 4302 ἐξὲλιπεν,
885 4233 958 4296 ὡς
1007 4232 1178 4287 ἐκεῖσε
1223 4233 1607 4308 παραγεγονὼς
1657 4227 1900 4308 ἠκριϐω-

265 4320 458 4393 σάμην.
489 4323 551 4375 Οἱ
584 4322 676 4376 οὗν
713 4321 1086 4395 μαθηματικοὶ
1134 4321 1257 4377 ὅσον
1308 4323 1443 4376 κατὰ
1488 4323 1549 4376 τὸ
1583 4322 1904 4400 φαινόμενον

263 4408 343 4471 εἷς
400 4412 464 4484 ιβ’
516 4408 819 4473 δακτύλους
873 4411 972 4478 τήν
1041 4409 1210 4480 ἡλίου
1259 4411 1348 4465 καὶ
1407 4408 1641 4481 σελήνης
1697 4409 1902 4466 διεῖλον

264 4497 564 4576 ἐπιφάνειαν
603 4520 616 4532 ·
649 4499 743 4554 καὶ
775 4499 819 4554 εἰ
879 4501 972 4572 μὶν
1027 4502 1146 4563 καθ’
1195 4498 1367 4573 ἥμισυ
1402 4500 1625 4576 γενηται
1657 4503 1691 4570 ἡ
1724 4495 1907 4555 ἔκλει-

259 4590 378 4662 ψις,
405 4585 763 4659 ἐξαδάκτυλον
811 4588 1013 4659 ταύτην
1061 4589 1422 4660 ὀνομάζουσιν
1456 4608 1468 4622 ·

263 4676 457 4751 τρίτον,

267 4765 490 4826 λοιπῶν,

538 4676 996 4756 τετραδάκτυλον,
1073 4678 1164 4733 καὶ
1250 4676 1537 4756 ἀναλόγως
1635 4678 1724 4734 ἐπὶ
1802 4683 1910 4735 τῶν

263 4878 370 4943 κη’.
444 4875 574 4950 Περὶ
664 4873 853 4935 ούσίας
939 4872 1044 4950 καὶΔ
1117 4877 1415 4950 φωτισμῶν
1504 4870 1742 4945 σελήνης
1821 4872 1912 4928 καὶ

937 4947 1246 5020 σχήματος.

344 5033 403 5090 Ei
438 5037 523 5089 καὶ
584 5035 636 5090 οἱ
694 5033 1129 5109 Ἀριστοτελικοὶ
1171 5036 1419 5106 πέμπτον
1475 5035 1729 5098 ὑπέθεντο
1757 5038 1915 5107 σῶμα

266 5122 628 5197 τόνοῦρανὸν,
673 5122 800 5179 ἀλλ’
850 5122 944 5178 οὖν
997 5122 1353 5198 ὁμολογοῦσι,
1408 5124 1544 5199 μέρη
1605 5124 1700 5194 μὶν
1750 5123 1916 5177 αὐτοῦ

269 5214 400 5265 εἶναι
427 5213 729 5288 παχύτερα,
758 5213 850 5266 καὶ
891 5212 1126 5285 μάλιστα
1163 5214 1230 5267 τὰ
1257 5217 1324 5286 τῇ
1365 5217 1433 5286 γῆ
1466 5213 1914 5287 προσεγγίζοντα,

275 5305 407 5374 μὲρη
460 5299 516 5357 δὲ
557 5300 882 5376 λεπτότερα,
940 5302 1007 5355 τὰ
1050 5300 1244 5356 ἄνωθεν
1298 5302 1387 5356 καὶ
1439 5300 1761 5376 πορῥώτερα
1817 5308 1916 5371 τῆς

267 5395 393 5462 γῆς.
422 5392 478 5445 Ἡ
515 5395 648 5466 γοῦν
693 5387 922 5461 σελήνη,
961 5395 1040 5461 τῷ
1088 5390 1142 5445 ἐν
1172 5392 1372 5466 γενέσει
1405 5391 1495 5444 καὶ
1526 5395 1700 5467 φθορᾷ
1737 5389 1916 5461 τούτῳ

269 5476 459 5550 κόσμῳ
521 5478 926 5551 πλησιάζουσα,
1011 5478 1110 5534 οὐκ
1187 5481 1418 5553 ἄμοιρος
1471 5477 1585 5534 οὐδ’
1638 5479 1914 5554 ἀμέτοχος

269 5566 594 5647 κατελείφθη
654 5574 764 5624 τῶν
819 5569 1019 5624 τούτου
1081 5573 1285 5636 κακῶν,
1343 5567 1489 5624 ἀλλὰ
1539 5573 1774 5643 παχεῖαν
1827 5567 1918 5622 καὶ

271 5656 462 5718 ὡσανεὶ
517 5654 695 5736 γεώδη
757 5658 856 5730 τὴν
921 5657 1212 5715 ὑπόστασιν
1270 5655 1410 5736 ἔχει.
1465 5658 1571 5716 Καὶ
1620 5657 1684 5716 ού
1740 5656 1917 5728 πάντη

1813 1837 1825 1852 .
1859 1823 1894 1890 ἡ
1928 1826 1976 1892 Β
2006 1794 2096 1891 est
2140 1789 2288 1892 solis
2355 1791 2702 1892 magnitudo

2007 539 2125 590 tem
2183 538 2455 592 umbram
2515 536 2572 590 in
2625 537 2871 591 formam
2917 536 3047 591 coni
3098 537 3341 608 produci
3388 555 3454 594 ex
3499 539 3656 596 lunae

2006 625 2436 682 defectionibus
2468 625 2850 682 manifestum
2904 630 3011 681 est.
3063 626 3208 682 Cum
3259 627 3412 682 enim
3462 628 3658 684 deﬁcit

2005 714 2064 769 in
2099 732 2206 771 sua
2238 718 2492 771 maxima
2521 733 2554 770 a
2581 720 2736 771 terra
2770 715 3072 783 distantia,
3115 721 3255 772 tunc
3303 716 3419 772 cito
3451 734 3657 773 rursus

2004 804 2398 871 illuminatur,
2430 821 2496 862 eo
2542 806 2697 877 quod
2745 807 3140 878 angustiorem
3175 807 3396 862 umbra:
3428 811 3656 880 partem

2003 894 2238 950 transit.
2273 896 2515 960 Quando
2547 900 2741 950 autem
2791 895 2851 950 in
2901 913 3009 950 sua
3053 895 3296 952 minima
3322 915 3354 952 a
3387 901 3540 952 terra
3569 896 3656 952 di-

2005 984 2246 1054 stantia,
2302 985 2734 1040 diuturniorem
2786 984 3175 1041 defectionem
3224 986 3469 1058 patitur,
3519 986 3661 1057 quia

2004 1072 2274 1129 latiorem
2325 1074 2550 1130 umbris
2604 1088 2829 1146 partem
2901 1075 3134 1130 transit.
3209 1079 3277 1130 Et
3324 1092 3390 1131 ex
3452 1075 3658 1132 multis

2004 1163 2134 1220 aliis
2166 1164 2500 1220 ostenditur
2523 1164 2824 1220 terminari
2857 1169 3022 1220 terra:
3082 1165 3372 1245 umbram.
3408 1166 3466 1222 Si
3501 1166 3658 1222 enim

2003 1253 2064 1308 in
2097 1253 2396 1308 inﬁnitum
2430 1254 2791 1325 procederet,
2842 1256 3224 1310 obumbraret
3269 1272 3386 1311 non
3437 1272 3657 1328 paucas

2007 1342 2294 1408 stellas,et
2317 1343 2567 1415 singulis
2592 1343 2864 1399 noctibus
2887 1361 3089 1400 earum
3113 1345 3458 1400 defectionis
3479 1362 3660 1402 causa

2006 1433 2314 1501 existeret;
2347 1432 2493 1488 nihil
2524 1438 2720 1489 autem
2754 1433 3097 1505 hujusmodi
3124 1451 3279 1490 nunc
3311 1439 3656 1507 apparet.De

2004 1522 2106 1577 illa
2155 1526 2353 1578 autem
2405 1523 2614 1578 umbra
2670 1526 2840 1596 poeta
2897 1522 3084 1577 dicit:
3120 1523 3402 1579 «Oceano
3450 1523 3661 1580 incidit

2002 1610 2229 1667 clarum
2262 1611 2403 1668 solis
2453 1612 2674 1681 lumen,
2726 1617 2954 1669 noctem
2995 1613 3306 1668 obscuram
3358 1613 3660 1670 adducens

2004 1701 2064 1756 in
2097 1701 2320 1758 fertiles
2369 1718 2564 1774 agros.
2603 1723 2628 1754 α
2678 1703 2788 1758 Sed
2814 1717 2882 1758 ex
2933 1702 3044 1758 hoc
3082 1719 3316 1774 quoque
3348 1703 3660 1759 manifesta
3692 1737 3694 1744 τ

2754 1808 2768 1848 :
2823 1792 2982 1847 Luna
3031 1792 3140 1847 sub
3188 1792 3388 1848 aestivo
3435 1791 3658 1862 tropico

2001 1881 2159 1951 jacet
2190 1895 2205 1936 :
2235 1880 2472 1952 quando
2495 1879 2678 1952 igitur
2730 1879 2816 1936 sol
2865 1879 3006 1936 illuc
3055 1880 3340 1952 pervenit,
3377 1880 3658 1938 umbrosa

2007 1969 2148 2024 facit
2175 1985 2244 2025 ea
2273 1985 2400 2041 quae
2452 1969 2572 2025 illic
2623 1968 2736 2025 sita
2777 1973 2919 2025 sunt
2971 1987 3216 2042 corpora
3257 1975 3657 2028 trecentorum

2007 2059 2332 2114 stadiorum
2365 2058 2575 2130 spatio.
2609 2057 2874 2117 Circulos
2906 2076 3077 2132 porro
3125 2077 3296 2133 quem
3349 2060 3434 2115 sol
3464 2065 3659 2116 trans-

2005 2148 2071 2216 it,
2101 2149 2293 2204 decies
2325 2147 2536 2204 millies
2580 2149 2769 2220 major
2812 2153 2968 2205 terra
3017 2157 3126 2218 est,
3179 2155 3235 2205 et
3287 2149 3492 2206 circuli
3541 2149 3655 2205 hu-

1999 2237 2100 2308 jus
2133 2243 2360 2310 partem
2394 2255 2521 2310 quas
2569 2239 2712 2294 solis
2763 2239 3236 2309 magnitudinem
3273 2244 3431 2295 tenet
3460 2239 3656 2295 decies

2006 2327 2222 2384 millies
2255 2329 2536 2398 majorem
2570 2345 2699 2383 esse
2724 2332 2949 2400 oportet
2985 2344 3160 2399 quam
3208 2329 3654 2400 praaindicatum

2005 2421 2171 2472 terra;
2214 2417 2496 2489 spatium.
2544 2417 2698 2472 Solis
2749 2422 2944 2474 autem
2999 2418 3248 2473 formam
3296 2419 3536 2489 sphaera:
3569 2417 3654 2472 si-

2007 2505 2206 2560 milem
2229 2523 2357 2562 esse
2389 2512 2453 2562 ut
2469 2511 2527 2562 et
2549 2514 2890 2562 caalerorum
2923 2504 2982 2562 in
3016 2505 3158 2562 caelo
3191 2522 3506 2578 corporum
3532 2523 3654 2562 ma-

2007 2595 2286 2650 nifestum
2319 2600 2426 2666 est,
2462 2600 2524 2651 ut
2555 2595 2831 2664 diximus,
2888 2600 2946 2652 et
2989 2595 3207 2652 clarius
3255 2596 3317 2652 in
3350 2599 3548 2653 nostro
3583 2595 3656 2652 de

2006 2686 2196 2744 forma
2225 2702 2397 2758 opere
2427 2685 2663 2742 dicitur.

2516 2812 2607 2866 27.
2641 2811 2715 2865 De
2744 2811 2877 2865 solis
2905 2810 3134 2880 defectu.

2075 2899 2224 2956 Solis
2254 2899 2500 2955 defectio
2532 2900 2765 2965 accidit,
2794 2900 3032 2970 quando
3083 2899 3226 2955 luna
3276 2899 3458 2955 solem
3491 2899 3654 2955 subit

2005 2989 2066 3044 in
2098 3006 2437 3060 congressu,
2480 3005 2591 3042 non
2644 2989 2868 3044 habens
2912 2988 3285 3044 latitudinem
3333 2988 3403 3044 ad
3453 2988 3654 3044 zodia-

2007 3095 2162 3133 cum.
2230 3078 2394 3132 Tunc
2451 3076 2606 3132 enim
2657 3077 2785 3147 ejus
2836 3078 3015 3132 radiis
3064 3077 3400 3148 opponitur,
3451 3076 3536 3132 ita
3587 3079 3652 3131 ut

2008 3167 2080 3221 ad
2114 3171 2329 3222 terram
2377 3183 2492 3221 non
2538 3165 2900 3236 perveniant.
2952 3166 3082 3220 Ideo
3132 3182 3368 3237 semper
3396 3165 3453 3219 in
3507 3181 3652 3220 con-

2007 3272 2210 3330 gressu
2257 3255 2470 3310 accidit
2516 3254 2658 3309 solis
2719 3253 2988 3320 defectio,
3053 3259 3294 3325 excepta
3337 3258 3535 3308 tamen
3585 3270 3654 3309 ea

2004 3361 2132 3417 qua;
2159 3344 2457 3400 Passionis
2489 3343 2720 3398 Domini
2750 3343 2936 3399 nostri
2968 3347 3228 3413 tempore
3277 3342 3510 3398 accidit.
3544 3343 3656 3399 Illa

2004 3433 2159 3491 enim
2202 3433 2388 3505 plena:
2435 3432 2586 3487 lunae
2636 3436 2899 3504 tempore
2943 3431 3293 3487 mirabiliter
3340 3432 3492 3487 facta
3541 3434 3651 3487 est.

2006 3524 2368 3579 Defectioues
2414 3539 2547 3580 vero
2599 3522 2740 3578 solis
2790 3539 2944 3577 nunc
2994 3521 3316 3593 completa,
3367 3537 3524 3576 nunc
3563 3521 3652 3576 in-

2005 3611 2310 3686 completa:
2336 3613 2487 3667 ﬁunt
2523 3629 2536 3667 :
2593 3612 2892 3682 completis
2939 3611 3175 3681 quidem
3229 3611 3461 3681 quando
3493 3615 3654 3666 totus

2007 3703 2216 3759 solaris
2249 3701 2503 3757 circulus
2535 3702 2943 3767 obumbratur,
2979 3700 3120 3755 solis
3149 3703 3205 3754 et
3247 3701 3399 3754 luna:
3432 3699 3654 3756 centris

2009 3792 2336 3848 secundum
2371 3789 2584 3846 lineam
2633 3787 3178 3862 perpendicularem
3235 3788 3397 3855 sitis;
3433 3788 3656 3844 incom-

2009 3881 2178 3953 pletaa
2202 3897 2332 3934 vero
2364 3880 2598 3950 quando
2647 3879 2827 3948 hujus
2877 3894 3012 3949 pars
3057 3882 3287 3932 tantum
3336 3877 3661 3932 obumbra-

2012 3978 2124 4026 tur.
2177 3969 2301 4024 Non
2353 3974 2549 4024 autem
2601 3984 2704 4039 per
2755 3973 2940 4022 totam
2989 3973 3206 4023 terram
3241 3965 3327 4022 sol
3380 3966 3660 4021 deﬁciens

2011 4064 2274 4130 apparet,
2333 4058 2433 4113 sed
2491 4061 2724 4112 tantum
2798 4056 3155 4127 quibusdam
3201 4056 3261 4109 in
3330 4054 3494 4112 locis.
3551 4055 3660 4110 Be-

2011 4152 2229 4219 gnante
2253 4147 2406 4202 enim
2452 4145 2746 4201 Comneno
2796 4150 2958 4200 totus
3009 4145 3069 4199 in
3119 4144 3418 4200 occidente
3449 4143 3535 4199 sol
3567 4144 3660 4198 de-

2013 4236 2170 4305 fecit,
2203 4234 2264 4289 in
2297 4235 2537 4307 Egypto
2572 4250 2687 4288 non
2738 4233 2980 4288 omnino
3032 4232 3265 4300 defecit,
3320 4237 3381 4287 ut
3425 4248 3530 4303 ego
3579 4231 3660 4285 ibi

2014 4329 2157 4380 tune
2185 4341 2424 4380 versans
2473 4323 2882 4379 animadverti.
2930 4321 3329 4378 Mathematici
3388 4322 3566 4389 igitur
3592 4336 3665 4375 ex

2016 4415 2440 4488 apparentibus
2467 4413 2836 4486 superﬁciem
2872 4413 3014 4469 solis
3044 4418 3102 4468 et
3149 4413 3301 4468 lunae
3350 4412 3408 4466 in
3443 4411 3666 4466 duode-

2018 4505 2132 4560 cim
2165 4505 2377 4575 digitos
2425 4505 2753 4560 diviserunt
2785 4522 2798 4570 ;
2833 4502 2883 4558 si
2932 4503 3172 4574 quidem
3223 4500 3470 4556 defectio
3499 4499 3663 4556 dlmi-

1523 4587 1572 4643 εῗ
1604 4585 1660 4644 δὲ
1687 4589 1825 4644 κατὰ
1843 4588 1897 4643 τὸ

2015 4594 2114 4649 dia
2140 4599 2249 4662 est,
2298 4609 2428 4648 eam
2477 4608 2606 4647 esse
2654 4608 2754 4646 sex
2798 4589 3118 4662 digitorum
3168 4589 3411 4658 dicunt;
3445 4588 3497 4644 si
3526 4603 3657 4644 vero

2017 4681 2191 4736 tertia
2221 4685 2386 4753 parte
2417 4679 2557 4736 solis
2588 4684 2694 4747 est,
2728 4683 2986 4751 quatuor
3013 4679 3356 4751 digitorum,
3414 4683 3467 4733 et
3499 4673 3664 4731 simi-

2018 4770 2150 4826 liter
2178 4770 2248 4825 de
2280 4770 2503 4826 cateris
2535 4768 2946 4825 divisionibus.

2197 4877 2284 4931 28.
2320 4878 2393 4932 De
2419 4877 2755 4945 substantia,
2787 4877 2998 4931 lumine
3023 4877 3073 4931 et
3099 4877 3278 4946 forma
3311 4871 3485 4930 lunae.

2099 5036 2218 5092 Etsi
2247 5035 2595 5092 Aristotelici
2628 5039 2965 5106 supponant
2995 5032 3206 5088 coelum
3237 5049 3365 5089 esse
3395 5032 3670 5104 quintum

2025 5143 2261 5198 corpus,
2313 5129 2512 5180 tamen
2563 5124 2958 5190 consentiunt,
3009 5128 3204 5193 partes
3254 5121 3496 5193 quidem
3541 5119 3672 5190 ejus

2025 5215 2169 5270 alias
2219 5229 2347 5269 esse
2391 5213 2708 5268 crassiores
2757 5210 3202 5283 praesertimque
3252 5224 3430 5280 prope
3459 5214 3676 5262 terram

2027 5307 2191 5371 sitas,
2225 5305 2368 5361 alias
2398 5322 2530 5361 vero
2562 5305 2827 5371 leviores,
2864 5321 2964 5360 eas
3013 5319 3224 5374 nempe
3273 5319 3400 5374 quae
3432 5315 3675 5356 sursum

2024 5403 2163 5451 sunt
2192 5398 2248 5449 et
2279 5395 2468 5464 magis
2499 5412 2533 5450 a
2558 5400 2714 5450 terra
2745 5401 2978 5449 remotae
3038 5393 3202 5447 Luna
3249 5391 3452 5463 igitur,
3477 5389 3585 5446 toti
3615 5388 3676 5443 in

2025 5467 2400 5556 generatione
2431 5488 2488 5538 et
2516 5484 2888 5558 corruptione
2918 5483 3057 5537 huic
3079 5481 3297 5536 mundo
3325 5481 3674 5552 propinqua,

2026 5572 2205 5643 hujus
2237 5588 2469 5645 quoque
2501 5573 2705 5627 mundi
2737 5571 3028 5628 malorum
3080 5587 3195 5626 non
3245 5585 3451 5642 expers
3484 5580 3676 5638 neque

2029 5662 2314 5718 immunis
2345 5662 2668 5718 constituta
2698 5666 2810 5729 est,
2842 5660 2947 5717 sed
2974 5675 3234 5716 crassam
3265 5664 3324 5716 et
3356 5654 3525 5731 quasi
3557 5658 3674 5708 ter-
