  <div class='ocr_page' id='page_1' title='image "/cluster/home/n/w/nwhite01/storage/ocr_20150623/122/hvd.32044073502460/417.png"; bbox 0 0 4032 6202; ppageno 0'>
   <div class='ocr_carea' id='block_1_1' title="bbox 368 316 486 383">
    <p class='ocr_par' dir='ltr' id='par_1_1' title="bbox 368 316 486 383">
     <span class='ocr_line' id='line_1_1' title="bbox 368 316 486 383; baseline 0.051 -7"><span class='ocrx_word' id='word_1_1' title='bbox 368 316 486 383; x_wconf 82' lang='lat'>807</span> 
     </span>
    </p>
   </div>
   <div class='ocr_carea' id='block_1_2' title="bbox 1694 302 2445 367">
    <p class='ocr_par' dir='ltr' id='par_1_2' title="bbox 1694 302 2445 367">
     <span class='ocr_line' id='line_1_2' title="bbox 1694 302 2445 367; baseline 0.005 -4"><span class='ocrx_word' id='word_1_2' title='bbox 1694 302 2128 364; x_wconf 67' lang='lat' dir='ltr'>MICHAELIS’</span> <span class='ocrx_word' id='word_1_3' title='bbox 2170 303 2445 367; x_wconf 84' lang='lat' dir='ltr'>PSELLI</span> 
     </span>
    </p>
   </div>
   <div class='ocr_carea' id='block_1_3' title="bbox 3663 303 3796 365">
    <p class='ocr_par' dir='ltr' id='par_1_3' title="bbox 3663 303 3796 365">
     <span class='ocr_line' id='line_1_3' title="bbox 3663 303 3796 365; baseline -0.015 0"><span class='ocrx_word' id='word_1_4' title='bbox 3663 303 3796 365; x_wconf 87' lang='lat'>808</span> 
     </span>
    </p>
   </div>
   <div class='ocr_carea' id='block_1_4' title="bbox 369 397 2005 511">
    <p class='ocr_par' dir='ltr' id='par_1_4' title="bbox 369 397 2005 510">
     <span class='ocr_line' id='line_1_4' title="bbox 369 397 2005 510; baseline -0.01 -5"><span class='ocrx_word' id='word_1_5' title='bbox 369 429 615 505; x_wconf 89' lang='lat' dir='ltr'>restrem</span> <span class='ocrx_word' id='word_1_6' title='bbox 647 445 820 501; x_wconf 83' lang='lat' dir='ltr'>habet</span> <span class='ocrx_word' id='word_1_7' title='bbox 868 397 1288 499; x_wconf 74' lang='lat' dir='ltr'>substantiam.</span> <span class='ocrx_word' id='word_1_8' title='bbox 1337 438 1536 510; x_wconf 86' lang='lat' dir='ltr'>Neque</span> <span class='ocrx_word' id='word_1_9' title='bbox 1584 453 1719 493; x_wconf 88' lang='lat' dir='ltr'>vero</span> <span class='ocrx_word' id='word_1_10' title='bbox 1772 434 2005 492; x_wconf 85' lang='lat' dir='ltr'>omnino</span> 
     </span>
    </p>
   </div>
   <div class='ocr_carea' id='block_1_5' title="bbox 2120 397 3792 511">
    <p class='ocr_par' dir='ltr' id='par_1_5' title="bbox 2126 430 3792 511">
     <span class='ocr_line' id='line_1_5' title="bbox 2126 430 3792 511; baseline 0.001 -22"><span class='ocrx_word' id='word_1_11' title='bbox 2126 434 2312 508; x_wconf 76' lang='grc' dir='ltr'>ὁμαλή</span> <span class='ocrx_word' id='word_1_12' title='bbox 2355 435 2426 492; x_wconf 84' lang='grc' dir='ltr'>δι’</span> <span class='ocrx_word' id='word_1_13' title='bbox 2457 435 2592 494; x_wconf 75' lang='grc' dir='ltr'>ὅλου</span> <span class='ocrx_word' id='word_1_14' title='bbox 2622 438 2788 508; x_wconf 75' lang='grc' dir='ltr'>αὐτῆς</span> <span class='ocrx_word' id='word_1_15' title='bbox 2832 441 2929 494; x_wconf 77' lang='grc' dir='ltr'>τοῦ</span> <span class='ocrx_word' id='word_1_16' title='bbox 2977 435 3230 511; x_wconf 85' lang='grc' dir='ltr'>σώματός</span> <span class='ocrx_word' id='word_1_17' title='bbox 3283 434 3449 505; x_wconf 73' lang='grc' dir='ltr'>ἔστιν,</span> <span class='ocrx_word' id='word_1_18' title='bbox 3501 433 3626 491; x_wconf 75' lang='grc' dir='ltr'>ἀλλ’</span> <span class='ocrx_word' id='word_1_19' title='bbox 3674 430 3792 491; x_wconf 79' lang='grc' dir='ltr'>ἔστι</span> 
     </span>
    </p>
   </div>
   <div class='ocr_carea' id='block_1_6' title="bbox 363 526 2018 612">
    <p class='ocr_par' dir='ltr' id='par_1_6' title="bbox 363 526 2018 612">
     <span class='ocr_line' id='line_1_6' title="bbox 363 526 2018 612; baseline -0.009 -18"><span class='ocrx_word' id='word_1_20' title='bbox 363 538 607 612; x_wconf 69' lang='lat' dir='ltr'>aequalis</span> <span class='ocrx_word' id='word_1_21' title='bbox 639 540 728 592; x_wconf 90' lang='lat' dir='ltr'>est</span> <span class='ocrx_word' id='word_1_22' title='bbox 761 551 861 606; x_wconf 89' lang='lat' dir='ltr'>per</span> <span class='ocrx_word' id='word_1_23' title='bbox 889 537 1079 589; x_wconf 88' lang='lat' dir='ltr'>totum</span> <span class='ocrx_word' id='word_1_24' title='bbox 1115 547 1290 586; x_wconf 91' lang='lat' dir='ltr'>suum</span> <span class='ocrx_word' id='word_1_25' title='bbox 1339 545 1580 600; x_wconf 90' lang='lat' dir='ltr'>corpus,</span> <span class='ocrx_word' id='word_1_26' title='bbox 1614 528 1712 583; x_wconf 90' lang='lat' dir='ltr'>sed</span> <span class='ocrx_word' id='word_1_27' title='bbox 1749 526 2018 598; x_wconf 67' lang='lat' dir='ltr'>quaedam</span> 
     </span>
    </p>
   </div>
   <div class='ocr_carea' id='block_1_7' title="bbox 363 614 2022 701">
    <p class='ocr_par' dir='ltr' id='par_1_7' title="bbox 363 614 2022 701">
     <span class='ocr_line' id='line_1_7' title="bbox 363 614 2022 701; baseline -0.01 -16"><span class='ocrx_word' id='word_1_28' title='bbox 363 629 491 701; x_wconf 84' lang='lat' dir='ltr'>ejus</span> <span class='ocrx_word' id='word_1_29' title='bbox 523 631 720 699; x_wconf 88' lang='lat' dir='ltr'>partes</span> <span class='ocrx_word' id='word_1_30' title='bbox 770 624 898 679; x_wconf 90' lang='lat' dir='ltr'>luce</span> <span class='ocrx_word' id='word_1_31' title='bbox 947 626 1146 678; x_wconf 82' lang='lat' dir='ltr'>carent</span> <span class='ocrx_word' id='word_1_32' title='bbox 1190 624 1247 674; x_wconf 89' lang='lat' dir='ltr'>et</span> <span class='ocrx_word' id='word_1_33' title='bbox 1292 619 1552 674; x_wconf 70' lang='lat' dir='ltr'>obscurae</span> <span class='ocrx_word' id='word_1_34' title='bbox 1605 621 1764 683; x_wconf 88' lang='lat' dir='ltr'>sunt,</span> <span class='ocrx_word' id='word_1_35' title='bbox 1817 614 2022 670; x_wconf 71' lang='lat' dir='ltr'>mediae</span> 
     </span>
    </p>
   </div>
   <div class='ocr_carea' id='block_1_8' title="bbox 366 707 2023 786">
    <p class='ocr_par' dir='ltr' id='par_1_8' title="bbox 366 707 2023 786">
     <span class='ocr_line' id='line_1_8' title="bbox 366 707 2023 786; baseline -0.01 -11"><span class='ocrx_word' id='word_1_36' title='bbox 366 718 608 775; x_wconf 83' lang='lat' dir='ltr'>scilicet.</span> <span class='ocrx_word' id='word_1_37' title='bbox 644 716 707 770; x_wconf 89' lang='lat' dir='ltr'>Et</span> <span class='ocrx_word' id='word_1_38' title='bbox 738 711 1235 786; x_wconf 79' lang='lat' dir='ltr'>quemadmodum</span> <span class='ocrx_word' id='word_1_39' title='bbox 1291 725 1358 763; x_wconf 90' lang='lat' dir='ltr'>ea</span> <span class='ocrx_word' id='word_1_40' title='bbox 1417 724 1543 779; x_wconf 64' lang='lat' dir='ltr'>quae</span> <span class='ocrx_word' id='word_1_41' title='bbox 1605 711 1935 761; x_wconf 87' lang='lat' dir='ltr'>nascuntur</span> <span class='ocrx_word' id='word_1_42' title='bbox 1965 707 2023 759; x_wconf 89' lang='lat' dir='ltr'>et</span> 
     </span>
    </p>
   </div>
   <div class='ocr_carea' id='block_1_9' title="bbox 366 793 2020 878">
    <p class='ocr_par' dir='ltr' id='par_1_9' title="bbox 366 793 2020 878">
     <span class='ocr_line' id='line_1_9' title="bbox 366 793 2020 878; baseline -0.01 -14"><span class='ocrx_word' id='word_1_43' title='bbox 366 808 827 878; x_wconf 85' lang='lat' dir='ltr'>corrumpuntur</span> <span class='ocrx_word' id='word_1_44' title='bbox 893 800 1127 855; x_wconf 84' lang='lat' dir='ltr'>initium</span> <span class='ocrx_word' id='word_1_45' title='bbox 1203 802 1260 853; x_wconf 89' lang='lat' dir='ltr'>et</span> <span class='ocrx_word' id='word_1_46' title='bbox 1321 797 1780 861; x_wconf 78' lang='lat' dir='ltr'>incrementum,</span> <span class='ocrx_word' id='word_1_47' title='bbox 1837 796 1894 848; x_wconf 81' lang='lat' dir='ltr'>et</span> <span class='ocrx_word' id='word_1_48' title='bbox 1938 793 2020 848; x_wconf 88' lang='lat' dir='ltr'>vi-</span> 
     </span>
    </p>
   </div>
   <div class='ocr_carea' id='block_1_10' title="bbox 367 881 2022 971">
    <p class='ocr_par' dir='ltr' id='par_1_10' title="bbox 367 881 2022 971">
     <span class='ocr_line' id='line_1_10' title="bbox 367 881 2022 971; baseline -0.01 -18"><span class='ocrx_word' id='word_1_49' title='bbox 367 914 563 971; x_wconf 82' lang='lat' dir='ltr'>gorem</span> <span class='ocrx_word' id='word_1_50' title='bbox 630 899 687 950; x_wconf 84' lang='lat' dir='ltr'>et</span> <span class='ocrx_word' id='word_1_51' title='bbox 747 890 1102 947; x_wconf 83' lang='lat' dir='ltr'>debilitatem</span> <span class='ocrx_word' id='word_1_52' title='bbox 1165 888 1400 956; x_wconf 80' lang='lat' dir='ltr'>habent,</span> <span class='ocrx_word' id='word_1_53' title='bbox 1473 885 1555 940; x_wconf 89' lang='lat' dir='ltr'>ita</span> <span class='ocrx_word' id='word_1_54' title='bbox 1598 891 1656 940; x_wconf 89' lang='lat' dir='ltr'>et</span> <span class='ocrx_word' id='word_1_55' title='bbox 1703 884 1854 938; x_wconf 60' lang='lat' dir='ltr'>luna</span> <span class='ocrx_word' id='word_1_56' title='bbox 1922 881 2022 937; x_wconf 90' lang='lat' dir='ltr'>lux</span> 
     </span>
    </p>
   </div>
   <div class='ocr_carea' id='block_1_11' title="bbox 366 973 2020 1051">
    <p class='ocr_par' dir='ltr' id='par_1_11' title="bbox 366 973 2020 1051">
     <span class='ocr_line' id='line_1_11' title="bbox 366 973 2020 1051; baseline -0.009 -8"><span class='ocrx_word' id='word_1_57' title='bbox 366 987 549 1042; x_wconf 84' lang='lat' dir='ltr'>ﬁniet.</span> <span class='ocrx_word' id='word_1_58' title='bbox 584 984 782 1051; x_wconf 87' lang='lat' dir='ltr'>Neque</span> <span class='ocrx_word' id='word_1_59' title='bbox 810 997 941 1035; x_wconf 90' lang='lat' dir='ltr'>vero</span> <span class='ocrx_word' id='word_1_60' title='bbox 985 978 1359 1033; x_wconf 87' lang='lat' dir='ltr'>solummodo</span> <span class='ocrx_word' id='word_1_61' title='bbox 1411 981 1634 1031; x_wconf 62' lang='lat' dir='ltr'>caeteris</span> <span class='ocrx_word' id='word_1_62' title='bbox 1685 973 2020 1029; x_wconf 65' lang='lat' dir='ltr'>caelestibus</span> 
     </span>
    </p>
   </div>
   <div class='ocr_carea' id='block_1_12' title="bbox 363 1065 2020 1148">
    <p class='ocr_par' dir='ltr' id='par_1_12' title="bbox 363 1065 2020 1148">
     <span class='ocr_line' id='line_1_12' title="bbox 363 1065 2020 1148; baseline -0.008 -17"><span class='ocrx_word' id='word_1_63' title='bbox 363 1074 708 1148; x_wconf 83' lang='lat' dir='ltr'>corporibus</span> <span class='ocrx_word' id='word_1_64' title='bbox 739 1069 995 1141; x_wconf 63' lang='lat' dir='ltr'>egetsed</span> <span class='ocrx_word' id='word_1_65' title='bbox 1031 1071 1087 1123; x_wconf 87' lang='lat' dir='ltr'>et</span> <span class='ocrx_word' id='word_1_66' title='bbox 1109 1066 1426 1137; x_wconf 84' lang='lat' dir='ltr'>aliquando</span> <span class='ocrx_word' id='word_1_67' title='bbox 1453 1066 1507 1120; x_wconf 91' lang='lat' dir='ltr'>iu</span> <span class='ocrx_word' id='word_1_68' title='bbox 1545 1065 1819 1120; x_wconf 86' lang='lat' dir='ltr'>umbram</span> <span class='ocrx_word' id='word_1_69' title='bbox 1851 1067 2020 1118; x_wconf 66' lang='lat' dir='ltr'>terrae</span> 
     </span>
    </p>
   </div>
   <div class='ocr_carea' id='block_1_13' title="bbox 363 1153 2017 1226">
    <p class='ocr_par' dir='ltr' id='par_1_13' title="bbox 363 1153 2017 1226">
     <span class='ocr_line' id='line_1_13' title="bbox 363 1153 2017 1226; baseline -0.008 -7"><span class='ocrx_word' id='word_1_70' title='bbox 363 1163 589 1219; x_wconf 81' lang='lat' dir='ltr'>incidit.</span> <span class='ocrx_word' id='word_1_71' title='bbox 625 1159 828 1216; x_wconf 80' lang='lat' dir='ltr'>Deficit</span> <span class='ocrx_word' id='word_1_72' title='bbox 860 1163 1055 1212; x_wconf 85' lang='lat' dir='ltr'>autem</span> <span class='ocrx_word' id='word_1_73' title='bbox 1091 1172 1205 1211; x_wconf 91' lang='lat' dir='ltr'>non</span> <span class='ocrx_word' id='word_1_74' title='bbox 1241 1159 1469 1210; x_wconf 87' lang='lat' dir='ltr'>tantum</span> <span class='ocrx_word' id='word_1_75' title='bbox 1506 1153 1697 1226; x_wconf 87' lang='lat' dir='ltr'>quoad</span> <span class='ocrx_word' id='word_1_76' title='bbox 1750 1156 2017 1207; x_wconf 90' lang='lat' dir='ltr'>nostrum</span> 
     </span>
    </p>
   </div>
   <div class='ocr_carea' id='block_1_14' title="bbox 305 1242 2014 1324">
    <p class='ocr_par' dir='ltr' id='par_1_14' title="bbox 305 1242 2014 1324">
     <span class='ocr_line' id='line_1_14' title="bbox 305 1242 2014 1324; baseline -0.008 -16"><span class='ocrx_word' id='word_1_77' title='bbox 305 1288 311 1294; x_wconf 93' lang='lat'><strong>-</strong></span> <span class='ocrx_word' id='word_1_78' title='bbox 362 1257 686 1324; x_wconf 79' lang='lat' dir='ltr'>aspectum.</span> <span class='ocrx_word' id='word_1_79' title='bbox 719 1249 817 1303; x_wconf 88' lang='lat' dir='ltr'>sed</span> <span class='ocrx_word' id='word_1_80' title='bbox 849 1252 905 1302; x_wconf 90' lang='lat' dir='ltr'>et</span> <span class='ocrx_word' id='word_1_81' title='bbox 934 1247 1064 1318; x_wconf 82' lang='lat' dir='ltr'>ipsa</span> <span class='ocrx_word' id='word_1_82' title='bbox 1109 1245 1436 1300; x_wconf 89' lang='lat' dir='ltr'>secundum</span> <span class='ocrx_word' id='word_1_83' title='bbox 1492 1242 1794 1314; x_wconf 87' lang='lat' dir='ltr'>preprium</span> <span class='ocrx_word' id='word_1_84' title='bbox 1839 1257 2014 1296; x_wconf 90' lang='lat' dir='ltr'>suum</span> 
     </span>
    </p>
   </div>
   <div class='ocr_carea' id='block_1_15' title="bbox 359 1331 2014 1404">
    <p class='ocr_par' dir='ltr' id='par_1_15' title="bbox 359 1331 2014 1404">
     <span class='ocr_line' id='line_1_15' title="bbox 359 1331 2014 1404; baseline -0.006 -9"><span class='ocrx_word' id='word_1_85' title='bbox 359 1341 579 1396; x_wconf 91' lang='lat' dir='ltr'>lumen.</span> <span class='ocrx_word' id='word_1_86' title='bbox 617 1339 781 1396; x_wconf 86' lang='lat' dir='ltr'>Illam</span> <span class='ocrx_word' id='word_1_87' title='bbox 815 1342 1007 1392; x_wconf 87' lang='lat' dir='ltr'>autem</span> <span class='ocrx_word' id='word_1_88' title='bbox 1046 1352 1079 1390; x_wconf 90' lang='lat' dir='ltr'>a</span> <span class='ocrx_word' id='word_1_89' title='bbox 1130 1335 1250 1390; x_wconf 93' lang='lat' dir='ltr'>sole</span> <span class='ocrx_word' id='word_1_90' title='bbox 1299 1334 1495 1388; x_wconf 88' lang='lat' dir='ltr'>lumen</span> <span class='ocrx_word' id='word_1_91' title='bbox 1541 1333 1798 1404; x_wconf 89' lang='lat' dir='ltr'>recipere</span> <span class='ocrx_word' id='word_1_92' title='bbox 1831 1331 2014 1386; x_wconf 89' lang='lat' dir='ltr'>mani-</span> 
     </span>
    </p>
   </div>
   <div class='ocr_carea' id='block_1_16' title="bbox 359 1421 2017 1496">
    <p class='ocr_par' dir='ltr' id='par_1_16' title="bbox 359 1421 2017 1496">
     <span class='ocr_line' id='line_1_16' title="bbox 359 1421 2017 1496; baseline -0.007 -11"><span class='ocrx_word' id='word_1_93' title='bbox 359 1432 578 1485; x_wconf 80' lang='lat' dir='ltr'>festum</span> <span class='ocrx_word' id='word_1_94' title='bbox 629 1433 719 1484; x_wconf 89' lang='lat' dir='ltr'>est</span> <span class='ocrx_word' id='word_1_95' title='bbox 765 1425 854 1481; x_wconf 86' lang='lat' dir='ltr'>vel</span> <span class='ocrx_word' id='word_1_96' title='bbox 908 1424 1218 1496; x_wconf 85' lang='lat' dir='ltr'>paululum</span> <span class='ocrx_word' id='word_1_97' title='bbox 1267 1422 1743 1477; x_wconf 82' lang='lat' dir='ltr'>observantibus.</span> <span class='ocrx_word' id='word_1_98' title='bbox 1776 1421 2017 1492; x_wconf 89' lang='lat' dir='ltr'>Semper</span> 
     </span>
    </p>
   </div>
   <div class='ocr_carea' id='block_1_17' title="bbox 361 1509 2014 1589">
    <p class='ocr_par' dir='ltr' id='par_1_17' title="bbox 361 1509 2014 1589">
     <span class='ocr_line' id='line_1_17' title="bbox 361 1509 2014 1589; baseline -0.008 -14"><span class='ocrx_word' id='word_1_99' title='bbox 361 1520 520 1575; x_wconf 90' lang='lat' dir='ltr'>enim</span> <span class='ocrx_word' id='word_1_100' title='bbox 576 1522 801 1589; x_wconf 88' lang='lat' dir='ltr'>partem</span> <span class='ocrx_word' id='word_1_101' title='bbox 854 1513 1253 1568; x_wconf 87' lang='lat' dir='ltr'>illuminatam</span> <span class='ocrx_word' id='word_1_102' title='bbox 1303 1513 1371 1566; x_wconf 88' lang='lat' dir='ltr'>ad</span> <span class='ocrx_word' id='word_1_103' title='bbox 1423 1509 1608 1565; x_wconf 89' lang='lat' dir='ltr'>solem</span> <span class='ocrx_word' id='word_1_104' title='bbox 1655 1509 1845 1578; x_wconf 86' lang='lat' dir='ltr'>vertit,</span> <span class='ocrx_word' id='word_1_105' title='bbox 1881 1509 2014 1563; x_wconf 87' lang='lat' dir='ltr'>ubi-</span> 
     </span>
    </p>
   </div>
   <div class='ocr_carea' id='block_1_18' title="bbox 359 1597 2012 1679">
    <p class='ocr_par' dir='ltr' id='par_1_18' title="bbox 359 1597 2012 1679">
     <span class='ocr_line' id='line_1_18' title="bbox 359 1597 2012 1679; baseline -0.007 -15"><span class='ocrx_word' id='word_1_106' title='bbox 359 1616 594 1679; x_wconf 89' lang='lat' dir='ltr'>cunque</span> <span class='ocrx_word' id='word_1_107' title='bbox 618 1608 714 1662; x_wconf 87' lang='lat' dir='ltr'>sit.</span> <span class='ocrx_word' id='word_1_108' title='bbox 748 1605 892 1660; x_wconf 90' lang='lat' dir='ltr'>Cum</span> <span class='ocrx_word' id='word_1_109' title='bbox 925 1602 1082 1658; x_wconf 91' lang='lat' dir='ltr'>enim</span> <span class='ocrx_word' id='word_1_110' title='bbox 1115 1606 1204 1656; x_wconf 89' lang='lat' dir='ltr'>est</span> <span class='ocrx_word' id='word_1_111' title='bbox 1238 1601 1391 1655; x_wconf 78' lang='lat' dir='ltr'>infra</span> <span class='ocrx_word' id='word_1_112' title='bbox 1423 1601 1630 1666; x_wconf 91' lang='lat' dir='ltr'>solem,</span> <span class='ocrx_word' id='word_1_113' title='bbox 1662 1602 1718 1653; x_wconf 91' lang='lat' dir='ltr'>et</span> <span class='ocrx_word' id='word_1_114' title='bbox 1747 1614 1878 1652; x_wconf 89' lang='lat' dir='ltr'>cum</span> <span class='ocrx_word' id='word_1_115' title='bbox 1912 1597 2012 1654; x_wconf 93' lang='lat' dir='ltr'>illo</span> 
     </span>
    </p>
   </div>
   <div class='ocr_carea' id='block_1_19' title="bbox 357 1689 2014 1767">
    <p class='ocr_par' dir='ltr' id='par_1_19' title="bbox 357 1689 2014 1767">
     <span class='ocr_line' id='line_1_19' title="bbox 357 1689 2014 1767; baseline -0.007 -15"><span class='ocrx_word' id='word_1_116' title='bbox 357 1694 756 1767; x_wconf 87' lang='lat' dir='ltr'>eongreditur,</span> <span class='ocrx_word' id='word_1_117' title='bbox 808 1693 936 1761; x_wconf 86' lang='lat' dir='ltr'>ejus</span> <span class='ocrx_word' id='word_1_118' title='bbox 992 1695 1188 1762; x_wconf 88' lang='lat' dir='ltr'>partes</span> <span class='ocrx_word' id='word_1_119' title='bbox 1237 1705 1364 1760; x_wconf 73' lang='lat' dir='ltr'>quis</span> <span class='ocrx_word' id='word_1_120' title='bbox 1413 1689 1484 1743; x_wconf 90' lang='lat' dir='ltr'>ad</span> <span class='ocrx_word' id='word_1_121' title='bbox 1535 1705 1640 1743; x_wconf 88' lang='lat' dir='ltr'>nos</span> <span class='ocrx_word' id='word_1_122' title='bbox 1704 1690 2014 1742; x_wconf 89' lang='lat' dir='ltr'>vertuntur</span> 
     </span>
    </p>
   </div>
   <div class='ocr_carea' id='block_1_20' title="bbox 358 1776 2011 1853">
    <p class='ocr_par' dir='ltr' id='par_1_20' title="bbox 358 1776 2011 1853">
     <span class='ocr_line' id='line_1_20' title="bbox 358 1776 2011 1853; baseline -0.007 -12"><span class='ocrx_word' id='word_1_123' title='bbox 358 1786 624 1842; x_wconf 76' lang='lat' dir='ltr'>obscurze</span> <span class='ocrx_word' id='word_1_124' title='bbox 657 1787 817 1848; x_wconf 89' lang='lat' dir='ltr'>sunt,</span> <span class='ocrx_word' id='word_1_125' title='bbox 854 1797 980 1853; x_wconf 75' lang='lat' dir='ltr'>quze</span> <span class='ocrx_word' id='word_1_126' title='bbox 1013 1795 1146 1834; x_wconf 87' lang='lat' dir='ltr'>vero</span> <span class='ocrx_word' id='word_1_127' title='bbox 1176 1795 1381 1834; x_wconf 88' lang='lat' dir='ltr'>versus</span> <span class='ocrx_word' id='word_1_128' title='bbox 1407 1777 1613 1842; x_wconf 90' lang='lat' dir='ltr'>solem,</span> <span class='ocrx_word' id='word_1_129' title='bbox 1665 1776 2011 1830; x_wconf 76' lang='lat' dir='ltr'>illuminataa</span> 
     </span>
    </p>
   </div>
   <div class='ocr_carea' id='block_1_21' title="bbox 357 1865 2012 1940">
    <p class='ocr_par' dir='ltr' id='par_1_21' title="bbox 357 1865 2012 1940">
     <span class='ocr_line' id='line_1_21' title="bbox 357 1865 2012 1940; baseline -0.005 -11"><span class='ocrx_word' id='word_1_130' title='bbox 357 1877 516 1930; x_wconf 90' lang='lat' dir='ltr'>sunt.</span> <span class='ocrx_word' id='word_1_131' title='bbox 550 1872 794 1935; x_wconf 87' lang='lat' dir='ltr'>Quando</span> <span class='ocrx_word' id='word_1_132' title='bbox 829 1873 1023 1925; x_wconf 88' lang='lat' dir='ltr'>autem</span> <span class='ocrx_word' id='word_1_133' title='bbox 1057 1868 1366 1940; x_wconf 86' lang='lat' dir='ltr'>paululum</span> <span class='ocrx_word' id='word_1_134' title='bbox 1401 1883 1433 1922; x_wconf 92' lang='lat' dir='ltr'>a</span> <span class='ocrx_word' id='word_1_135' title='bbox 1457 1866 1579 1922; x_wconf 89' lang='lat' dir='ltr'>sole</span> <span class='ocrx_word' id='word_1_136' title='bbox 1601 1865 2012 1936; x_wconf 73' lang='lat' dir='ltr'>discedit,pars</span> 
     </span>
    </p>
   </div>
   <div class='ocr_carea' id='block_1_22' title="bbox 357 1955 2014 2036">
    <p class='ocr_par' dir='ltr' id='par_1_22' title="bbox 357 1955 2014 2036">
     <span class='ocr_line' id='line_1_22' title="bbox 357 1955 2014 2036; baseline -0.006 -18"><span class='ocrx_word' id='word_1_137' title='bbox 357 1963 486 2036; x_wconf 85' lang='lat' dir='ltr'>ejus</span> <span class='ocrx_word' id='word_1_138' title='bbox 515 1959 884 2032; x_wconf 88' lang='lat' dir='ltr'>aliquantula</span> <span class='ocrx_word' id='word_1_139' title='bbox 915 1959 1122 2030; x_wconf 84' lang='lat' dir='ltr'>incipit</span> <span class='ocrx_word' id='word_1_140' title='bbox 1164 1956 1514 2022; x_wconf 86' lang='lat' dir='ltr'>illuminari,</span> <span class='ocrx_word' id='word_1_141' title='bbox 1547 1960 1604 2011; x_wconf 89' lang='lat' dir='ltr'>et</span> <span class='ocrx_word' id='word_1_142' title='bbox 1644 1956 1709 2010; x_wconf 85' lang='lat' dir='ltr'>ﬁt</span> <span class='ocrx_word' id='word_1_143' title='bbox 1740 1955 2014 2025; x_wconf 89' lang='lat' dir='ltr'>utrinque</span> 
     </span>
    </p>
   </div>
   <div class='ocr_carea' id='block_1_23' title="bbox 359 2043 2017 2121">
    <p class='ocr_par' dir='ltr' id='par_1_23' title="bbox 359 2043 2017 2121">
     <span class='ocr_line' id='line_1_23' title="bbox 359 2043 2017 2121; baseline -0.007 -13"><span class='ocrx_word' id='word_1_144' title='bbox 359 2056 637 2121; x_wconf 89' lang='lat' dir='ltr'>curvata;</span> <span class='ocrx_word' id='word_1_145' title='bbox 693 2066 828 2105; x_wconf 89' lang='lat' dir='ltr'>cum</span> <span class='ocrx_word' id='word_1_146' title='bbox 905 2053 1097 2104; x_wconf 90' lang='lat' dir='ltr'>autem</span> <span class='ocrx_word' id='word_1_147' title='bbox 1175 2047 1365 2120; x_wconf 86' lang='lat' dir='ltr'>magis</span> <span class='ocrx_word' id='word_1_148' title='bbox 1445 2045 1737 2114; x_wconf 84' lang='lat' dir='ltr'>discessit,</span> <span class='ocrx_word' id='word_1_149' title='bbox 1828 2043 2017 2116; x_wconf 81' lang='lat' dir='ltr'>magis</span> 
     </span>
    </p>
   </div>
   <div class='ocr_carea' id='block_1_24' title="bbox 355 2134 2013 2206">
    <p class='ocr_par' dir='ltr' id='par_1_24' title="bbox 355 2134 2013 2206">
     <span class='ocr_line' id='line_1_24' title="bbox 355 2134 2013 2206; baseline -0.005 -9"><span class='ocrx_word' id='word_1_150' title='bbox 355 2140 725 2197; x_wconf 82' lang='lat' dir='ltr'>illuminatur</span> <span class='ocrx_word' id='word_1_151' title='bbox 753 2144 810 2194; x_wconf 91' lang='lat' dir='ltr'>et</span> <span class='ocrx_word' id='word_1_152' title='bbox 850 2137 915 2193; x_wconf 84' lang='lat' dir='ltr'>ﬁt</span> <span class='ocrx_word' id='word_1_153' title='bbox 963 2137 1272 2193; x_wconf 83' lang='lat' dir='ltr'>dimidiata</span> <span class='ocrx_word' id='word_1_154' title='bbox 1330 2140 1386 2192; x_wconf 89' lang='lat' dir='ltr'>et</span> <span class='ocrx_word' id='word_1_155' title='bbox 1436 2152 1672 2190; x_wconf 85' lang='lat' dir='ltr'>rursum</span> <span class='ocrx_word' id='word_1_156' title='bbox 1734 2134 2013 2206; x_wconf 86' lang='lat' dir='ltr'>utrinque</span> 
     </span>
    </p>
   </div>
   <div class='ocr_carea' id='block_1_25' title="bbox 355 2224 2013 2298">
    <p class='ocr_par' dir='ltr' id='par_1_25' title="bbox 355 2224 2013 2298">
     <span class='ocr_line' id='line_1_25' title="bbox 355 2224 2013 2298; baseline -0.005 -10"><span class='ocrx_word' id='word_1_157' title='bbox 355 2236 595 2288; x_wconf 86' lang='lat' dir='ltr'>curvata</span> <span class='ocrx_word' id='word_1_158' title='bbox 625 2233 838 2285; x_wconf 89' lang='lat' dir='ltr'>etcum</span> <span class='ocrx_word' id='word_1_159' title='bbox 871 2228 1091 2282; x_wconf 84' lang='lat' dir='ltr'>directe</span> <span class='ocrx_word' id='word_1_160' title='bbox 1114 2226 1522 2298; x_wconf 81' lang='lat' dir='ltr'>opponitur,fit</span> <span class='ocrx_word' id='word_1_161' title='bbox 1553 2225 1744 2297; x_wconf 89' lang='lat' dir='ltr'>plena.</span> <span class='ocrx_word' id='word_1_162' title='bbox 1771 2224 2013 2288; x_wconf 86' lang='lat' dir='ltr'>Quando</span> 
     </span>
    </p>
   </div>
   <div class='ocr_carea' id='block_1_26' title="bbox 354 2319 2012 2389">
    <p class='ocr_par' dir='ltr' id='par_1_26' title="bbox 354 2319 2012 2389">
     <span class='ocr_line' id='line_1_26' title="bbox 354 2319 2012 2389; baseline -0.005 -13"><span class='ocrx_word' id='word_1_163' title='bbox 354 2321 566 2377; x_wconf 89' lang='lat' dir='ltr'>deinde</span> <span class='ocrx_word' id='word_1_164' title='bbox 609 2320 965 2373; x_wconf 88' lang='lat' dir='ltr'>diametrum</span> <span class='ocrx_word' id='word_1_165' title='bbox 1018 2321 1437 2389; x_wconf 78' lang='lat' dir='ltr'>praetergressa</span> <span class='ocrx_word' id='word_1_166' title='bbox 1484 2320 1573 2370; x_wconf 90' lang='lat' dir='ltr'>est</span> <span class='ocrx_word' id='word_1_167' title='bbox 1615 2319 1857 2386; x_wconf 83' lang='lat' dir='ltr'>apparet</span> <span class='ocrx_word' id='word_1_168' title='bbox 1887 2331 2012 2368; x_wconf 85' lang='lat' dir='ltr'>rur-</span> 
     </span>
    </p>
   </div>
   <div class='ocr_carea' id='block_1_27' title="bbox 355 2404 2014 2479">
    <p class='ocr_par' dir='ltr' id='par_1_27' title="bbox 355 2404 2014 2479">
     <span class='ocr_line' id='line_1_27' title="bbox 355 2404 2014 2479; baseline -0.005 -12"><span class='ocrx_word' id='word_1_169' title='bbox 355 2427 489 2467; x_wconf 87' lang='lat' dir='ltr'>sum</span> <span class='ocrx_word' id='word_1_170' title='bbox 541 2409 819 2479; x_wconf 88' lang='lat' dir='ltr'>utrinque</span> <span class='ocrx_word' id='word_1_171' title='bbox 877 2413 1136 2472; x_wconf 83' lang='lat' dir='ltr'>curvata,</span> <span class='ocrx_word' id='word_1_172' title='bbox 1215 2411 1273 2460; x_wconf 90' lang='lat' dir='ltr'>et</span> <span class='ocrx_word' id='word_1_173' title='bbox 1321 2405 1528 2460; x_wconf 89' lang='lat' dir='ltr'>deinde</span> <span class='ocrx_word' id='word_1_174' title='bbox 1577 2404 1907 2469; x_wconf 88' lang='lat' dir='ltr'>dimidiata,</span> <span class='ocrx_word' id='word_1_175' title='bbox 1956 2407 2014 2459; x_wconf 89' lang='lat' dir='ltr'>et</span> 
     </span>
    </p>
   </div>
   <div class='ocr_carea' id='block_1_28' title="bbox 356 2493 2010 2571">
    <p class='ocr_par' dir='ltr' id='par_1_28' title="bbox 356 2493 2010 2571">
     <span class='ocr_line' id='line_1_28' title="bbox 356 2493 2010 2571; baseline -0.005 -15"><span class='ocrx_word' id='word_1_176' title='bbox 356 2503 561 2571; x_wconf 87' lang='lat' dir='ltr'>postea</span> <span class='ocrx_word' id='word_1_177' title='bbox 611 2497 837 2564; x_wconf 87' lang='lat' dir='ltr'>lunata,</span> <span class='ocrx_word' id='word_1_178' title='bbox 869 2500 925 2551; x_wconf 90' lang='lat' dir='ltr'>et</span> <span class='ocrx_word' id='word_1_179' title='bbox 973 2496 1210 2550; x_wconf 90' lang='lat' dir='ltr'>demum</span> <span class='ocrx_word' id='word_1_180' title='bbox 1268 2511 1400 2549; x_wconf 90' lang='lat' dir='ltr'>cum</span> <span class='ocrx_word' id='word_1_181' title='bbox 1450 2493 1572 2550; x_wconf 85' lang='lat' dir='ltr'>sole</span> <span class='ocrx_word' id='word_1_182' title='bbox 1602 2493 2010 2559; x_wconf 63' lang='lat' dir='ltr'>congrediens,</span> 
     </span>
    </p>
   </div>
   <div class='ocr_carea' id='block_1_29' title="bbox 353 2582 2008 2652">
    <p class='ocr_par' dir='ltr' id='par_1_29' title="bbox 353 2582 2008 2652">
     <span class='ocr_line' id='line_1_29' title="bbox 353 2582 2008 2652; baseline -0.005 -8"><span class='ocrx_word' id='word_1_183' title='bbox 353 2588 525 2644; x_wconf 91' lang='lat' dir='ltr'>nobis</span> <span class='ocrx_word' id='word_1_184' title='bbox 579 2584 893 2642; x_wconf 85' lang='lat' dir='ltr'>invisibilis</span> <span class='ocrx_word' id='word_1_185' title='bbox 944 2583 1028 2637; x_wconf 84' lang='lat' dir='ltr'>ﬁt.</span> <span class='ocrx_word' id='word_1_186' title='bbox 1081 2582 1520 2637; x_wconf 83' lang='lat' dir='ltr'>Addubitabant</span> <span class='ocrx_word' id='word_1_187' title='bbox 1575 2586 1804 2636; x_wconf 84' lang='lat' dir='ltr'>veteres</span> <span class='ocrx_word' id='word_1_188' title='bbox 1865 2597 2008 2652; x_wconf 87' lang='lat' dir='ltr'>quo-</span> 
     </span>
    </p>
   </div>
   <div class='ocr_carea' id='block_1_30' title="bbox 355 2669 2009 2743">
    <p class='ocr_par' dir='ltr' id='par_1_30' title="bbox 355 2669 2009 2743">
     <span class='ocr_line' id='line_1_30' title="bbox 355 2669 2009 2743; baseline -0.005 -11"><span class='ocrx_word' id='word_1_189' title='bbox 355 2678 531 2732; x_wconf 91' lang='lat' dir='ltr'>modo</span> <span class='ocrx_word' id='word_1_190' title='bbox 560 2679 616 2730; x_wconf 89' lang='lat' dir='ltr'>et</span> <span class='ocrx_word' id='word_1_191' title='bbox 646 2675 844 2728; x_wconf 88' lang='lat' dir='ltr'>lumen</span> <span class='ocrx_word' id='word_1_192' title='bbox 879 2671 1130 2743; x_wconf 86' lang='lat' dir='ltr'>accipiat</span> <span class='ocrx_word' id='word_1_193' title='bbox 1177 2675 1233 2726; x_wconf 89' lang='lat' dir='ltr'>et</span> <span class='ocrx_word' id='word_1_194' title='bbox 1264 2669 1464 2725; x_wconf 75' lang='lat' dir='ltr'>lumen</span> <span class='ocrx_word' id='word_1_195' title='bbox 1517 2672 1576 2725; x_wconf 95' lang='lat' dir='ltr'>in</span> <span class='ocrx_word' id='word_1_196' title='bbox 1628 2675 1846 2725; x_wconf 88' lang='lat' dir='ltr'>terram</span> <span class='ocrx_word' id='word_1_197' title='bbox 1875 2669 2009 2743; x_wconf 81' lang='lat' dir='ltr'>mit-</span> 
     </span>
    </p>
   </div>
   <div class='ocr_carea' id='block_1_31' title="bbox 357 2741 2011 2833">
    <p class='ocr_par' dir='ltr' id='par_1_31' title="bbox 357 2741 2011 2833">
     <span class='ocr_line' id='line_1_31' title="bbox 357 2741 2011 2833; baseline -0.003 -14"><span class='ocrx_word' id='word_1_198' title='bbox 357 2769 462 2819; x_wconf 87' lang='lat' dir='ltr'>tat.</span> <span class='ocrx_word' id='word_1_199' title='bbox 493 2767 560 2817; x_wconf 86' lang='lat' dir='ltr'>Et</span> <span class='ocrx_word' id='word_1_200' title='bbox 582 2761 680 2818; x_wconf 85' lang='lat' dir='ltr'>alii</span> <span class='ocrx_word' id='word_1_201' title='bbox 729 2762 967 2833; x_wconf 89' lang='lat' dir='ltr'>quidem</span> <span class='ocrx_word' id='word_1_202' title='bbox 1009 2741 1284 2814; x_wconf 84' lang='lat' dir='ltr'>dicebant</span> <span class='ocrx_word' id='word_1_203' title='bbox 1329 2759 1458 2829; x_wconf 88' lang='lat' dir='ltr'>ejus</span> <span class='ocrx_word' id='word_1_204' title='bbox 1510 2758 1710 2814; x_wconf 89' lang='lat' dir='ltr'>lumen</span> <span class='ocrx_word' id='word_1_205' title='bbox 1769 2774 1870 2831; x_wconf 89' lang='lat' dir='ltr'>per</span> <span class='ocrx_word' id='word_1_206' title='bbox 1926 2741 2011 2814; x_wconf 70' lang='lat' dir='ltr'>re-</span> 
     </span>
    </p>
   </div>
   <div class='ocr_carea' id='block_1_32' title="bbox 355 2846 2008 2922">
    <p class='ocr_par' dir='ltr' id='par_1_32' title="bbox 355 2846 2008 2922">
     <span class='ocr_line' id='line_1_32' title="bbox 355 2846 2008 2922; baseline -0.004 -15"><span class='ocrx_word' id='word_1_207' title='bbox 355 2851 664 2908; x_wconf 79' lang='lat' dir='ltr'>ﬂexionem</span> <span class='ocrx_word' id='word_1_208' title='bbox 701 2848 968 2922; x_wconf 89' lang='lat' dir='ltr'>produci,</span> <span class='ocrx_word' id='word_1_209' title='bbox 1002 2849 1498 2920; x_wconf 82' lang='lat' dir='ltr'>quemadmodum</span> <span class='ocrx_word' id='word_1_210' title='bbox 1542 2851 1598 2902; x_wconf 88' lang='lat' dir='ltr'>et</span> <span class='ocrx_word' id='word_1_211' title='bbox 1652 2848 1710 2902; x_wconf 92' lang='lat' dir='ltr'>in</span> <span class='ocrx_word' id='word_1_212' title='bbox 1752 2846 2008 2919; x_wconf 87' lang='lat' dir='ltr'>speculis</span> 
     </span>
    </p>
   </div>
   <div class='ocr_carea' id='block_1_33' title="bbox 353 2936 2009 3010">
    <p class='ocr_par' dir='ltr' id='par_1_33' title="bbox 353 2936 2009 3010">
     <span class='ocr_line' id='line_1_33' title="bbox 353 2936 2009 3010; baseline -0.004 -13"><span class='ocrx_word' id='word_1_213' title='bbox 353 2946 411 2997; x_wconf 89' lang='lat' dir='ltr'>et</span> <span class='ocrx_word' id='word_1_214' title='bbox 441 2941 500 2995; x_wconf 90' lang='lat' dir='ltr'>in</span> <span class='ocrx_word' id='word_1_215' title='bbox 549 2940 778 2996; x_wconf 87' lang='lat' dir='ltr'>levibus</span> <span class='ocrx_word' id='word_1_216' title='bbox 829 2937 1172 3010; x_wconf 88' lang='lat' dir='ltr'>corporibus</span> <span class='ocrx_word' id='word_1_217' title='bbox 1216 2937 1316 3003; x_wconf 84' lang='lat' dir='ltr'>ﬁt;</span> <span class='ocrx_word' id='word_1_218' title='bbox 1366 2936 1463 2990; x_wconf 90' lang='lat' dir='ltr'>alii</span> <span class='ocrx_word' id='word_1_219' title='bbox 1505 2953 1636 2991; x_wconf 84' lang='lat' dir='ltr'>vero</span> <span class='ocrx_word' id='word_1_220' title='bbox 1682 2939 2009 2992; x_wconf 89' lang='lat' dir='ltr'>docuerunt</span> 
     </span>
    </p>
   </div>
   <div class='ocr_carea' id='block_1_34' title="bbox 355 3024 2007 3098">
    <p class='ocr_par' dir='ltr' id='par_1_34' title="bbox 355 3024 2007 3098">
     <span class='ocr_line' id='line_1_34' title="bbox 355 3024 2007 3098; baseline -0.003 -14"><span class='ocrx_word' id='word_1_221' title='bbox 355 3044 483 3084; x_wconf 89' lang='lat' dir='ltr'>eam</span> <span class='ocrx_word' id='word_1_222' title='bbox 519 3045 619 3098; x_wconf 88' lang='lat' dir='ltr'>per</span> <span class='ocrx_word' id='word_1_223' title='bbox 649 3025 1067 3082; x_wconf 90' lang='lat' dir='ltr'>admissionem</span> <span class='ocrx_word' id='word_1_224' title='bbox 1096 3030 1152 3081; x_wconf 91' lang='lat' dir='ltr'>et</span> <span class='ocrx_word' id='word_1_225' title='bbox 1182 3026 1459 3080; x_wconf 90' lang='lat' dir='ltr'>unionem</span> <span class='ocrx_word' id='word_1_226' title='bbox 1517 3024 1838 3080; x_wconf 90' lang='lat' dir='ltr'>illuminari</span> <span class='ocrx_word' id='word_1_227' title='bbox 1869 3041 1880 3078; x_wconf 91' lang='lat'><strong>:</strong></span> <span class='ocrx_word' id='word_1_228' title='bbox 1917 3028 2007 3080; x_wconf 88' lang='lat' dir='ltr'>at-</span> 
     </span>
    </p>
   </div>
   <div class='ocr_carea' id='block_1_35' title="bbox 354 3113 2004 3191">
    <p class='ocr_par' dir='ltr' id='par_1_35' title="bbox 354 3113 2004 3191">
     <span class='ocr_line' id='line_1_35' title="bbox 354 3113 2004 3191; baseline -0.002 -18"><span class='ocrx_word' id='word_1_229' title='bbox 354 3134 468 3191; x_wconf 89' lang='lat' dir='ltr'>que</span> <span class='ocrx_word' id='word_1_230' title='bbox 496 3133 626 3172; x_wconf 88' lang='lat' dir='ltr'>eam</span> <span class='ocrx_word' id='word_1_231' title='bbox 658 3116 978 3171; x_wconf 90' lang='lat' dir='ltr'>illuminari</span> <span class='ocrx_word' id='word_1_232' title='bbox 1013 3131 1116 3187; x_wconf 91' lang='lat' dir='ltr'>per</span> <span class='ocrx_word' id='word_1_233' title='bbox 1174 3114 1567 3183; x_wconf 83' lang='lat' dir='ltr'>reﬂexionem,</span> <span class='ocrx_word' id='word_1_234' title='bbox 1601 3113 1671 3169; x_wconf 90' lang='lat' dir='ltr'>ab</span> <span class='ocrx_word' id='word_1_235' title='bbox 1716 3115 1842 3186; x_wconf 90' lang='lat' dir='ltr'>ipsa</span> <span class='ocrx_word' id='word_1_236' title='bbox 1874 3131 2004 3185; x_wconf 87' lang='lat' dir='ltr'>pro-</span> 
     </span>
    </p>
   </div>
   <div class='ocr_carea' id='block_1_36' title="bbox 2131 524 3792 606">
    <p class='ocr_par' dir='ltr' id='par_1_36' title="bbox 2131 524 3792 606">
     <span class='ocr_line' id='line_1_36' title="bbox 2131 524 3792 606; baseline 0.001 -28"><span class='ocrx_word' id='word_1_237' title='bbox 2131 526 2254 580; x_wconf 81' lang='grc' dir='ltr'>τινὰ</span> <span class='ocrx_word' id='word_1_238' title='bbox 2284 528 2408 604; x_wconf 84' lang='grc' dir='ltr'>παρ’</span> <span class='ocrx_word' id='word_1_239' title='bbox 2458 529 2596 602; x_wconf 79' lang='grc' dir='ltr'>αὐτῇ</span> <span class='ocrx_word' id='word_1_240' title='bbox 2659 530 2796 604; x_wconf 79' lang='grc' dir='ltr'>μέρη</span> <span class='ocrx_word' id='word_1_241' title='bbox 2849 530 3028 606; x_wconf 81' lang='grc' dir='ltr'>φωτὸς</span> <span class='ocrx_word' id='word_1_242' title='bbox 3079 525 3274 582; x_wconf 78' lang='grc' dir='ltr'>ἅδεκτα</span> <span class='ocrx_word' id='word_1_243' title='bbox 3324 527 3411 581; x_wconf 87' lang='grc' dir='ltr'>καὶ</span> <span class='ocrx_word' id='word_1_244' title='bbox 3465 524 3688 599; x_wconf 74' lang='grc' dir='ltr'>μέλανα,</span> <span class='ocrx_word' id='word_1_245' title='bbox 3720 526 3792 581; x_wconf 74' lang='grc' dir='ltr'>τὰ</span> 
     </span>
    </p>
   </div>
   <div class='ocr_carea' id='block_1_37' title="bbox 2134 611 3790 692">
    <p class='ocr_par' dir='ltr' id='par_1_37' title="bbox 2134 611 3790 692">
     <span class='ocr_line' id='line_1_37' title="bbox 2134 611 3790 692; baseline -0.001 -24"><span class='ocrx_word' id='word_1_246' title='bbox 2134 611 2223 669; x_wconf 80' lang='grc' dir='ltr'>διὰ</span> <span class='ocrx_word' id='word_1_247' title='bbox 2283 618 2446 690; x_wconf 87' lang='grc' dir='ltr'>μέσου</span> <span class='ocrx_word' id='word_1_248' title='bbox 2511 617 2676 690; x_wconf 73' lang='grc' dir='ltr'>αὐτῆς</span> <span class='ocrx_word' id='word_1_249' title='bbox 2709 638 2722 650; x_wconf 92' lang='grc'><strong>·</strong></span> <span class='ocrx_word' id='word_1_250' title='bbox 2793 617 2882 672; x_wconf 83' lang='grc' dir='ltr'>καὶ</span> <span class='ocrx_word' id='word_1_251' title='bbox 2966 617 3149 692; x_wconf 81' lang='grc' dir='ltr'>ὥσπερ</span> <span class='ocrx_word' id='word_1_252' title='bbox 3205 615 3272 672; x_wconf 78' lang='grc' dir='ltr'>τὰ</span> <span class='ocrx_word' id='word_1_253' title='bbox 3328 613 3379 670; x_wconf 84' lang='grc' dir='ltr'>έν</span> <span class='ocrx_word' id='word_1_254' title='bbox 3434 614 3636 691; x_wconf 80' lang='grc' dir='ltr'>γενέσει</span> <span class='ocrx_word' id='word_1_255' title='bbox 3692 615 3790 670; x_wconf 76' lang='grc' dir='ltr'>καὶ</span> 
     </span>
    </p>
   </div>
   <div class='ocr_carea' id='block_1_38' title="bbox 2132 704 3788 784">
    <p class='ocr_par' dir='ltr' id='par_1_38' title="bbox 2132 704 3788 784">
     <span class='ocr_line' id='line_1_38' title="bbox 2132 704 3788 784; baseline -0.001 -25"><span class='ocrx_word' id='word_1_256' title='bbox 2132 710 2305 782; x_wconf 80' lang='grc' dir='ltr'>φθορᾷ</span> <span class='ocrx_word' id='word_1_257' title='bbox 2362 706 2564 784; x_wconf 69' lang='grc' dir='ltr'>ἀρχὴν,</span> <span class='ocrx_word' id='word_1_258' title='bbox 2617 707 2707 763; x_wconf 84' lang='grc' dir='ltr'>καὶ</span> <span class='ocrx_word' id='word_1_259' title='bbox 2755 704 2999 778; x_wconf 70' lang='grc' dir='ltr'>αὔξησιν,</span> <span class='ocrx_word' id='word_1_260' title='bbox 3051 706 3142 761; x_wconf 87' lang='grc' dir='ltr'>καὶ</span> <span class='ocrx_word' id='word_1_261' title='bbox 3196 704 3404 779; x_wconf 75' lang='grc' dir='ltr'>ἀκμὴν,</span> <span class='ocrx_word' id='word_1_262' title='bbox 3461 706 3551 759; x_wconf 85' lang='grc' dir='ltr'>καὶ</span> <span class='ocrx_word' id='word_1_263' title='bbox 3605 725 3788 779; x_wconf 81' lang='grc' dir='ltr'>παρα-</span> 
     </span>
    </p>
   </div>
   <div class='ocr_carea' id='block_1_39' title="bbox 2129 793 3786 872">
    <p class='ocr_par' dir='ltr' id='par_1_39' title="bbox 2129 793 3786 872">
     <span class='ocr_line' id='line_1_39' title="bbox 2129 793 3786 872; baseline -0.001 -25"><span class='ocrx_word' id='word_1_264' title='bbox 2129 795 2300 868; x_wconf 73' lang='grc' dir='ltr'>κμὴν,</span> <span class='ocrx_word' id='word_1_265' title='bbox 2363 794 2507 851; x_wconf 71' lang='grc' dir='ltr'>οὕτω</span> <span class='ocrx_word' id='word_1_266' title='bbox 2556 797 2643 853; x_wconf 76' lang='grc' dir='ltr'>καὶ</span> <span class='ocrx_word' id='word_1_267' title='bbox 2708 796 2910 869; x_wconf 79' lang='grc' dir='ltr'>ταύτης</span> <span class='ocrx_word' id='word_1_268' title='bbox 2962 794 3202 852; x_wconf 74' lang='grc' dir='ltr'>τελεῖται</span> <span class='ocrx_word' id='word_1_269' title='bbox 3261 796 3289 849; x_wconf 90' lang='grc' dir='ltr'><strong>ὁ</strong></span> <span class='ocrx_word' id='word_1_270' title='bbox 3348 793 3786 872; x_wconf 77' lang='grc' dir='ltr'>φωτισμός.Καὶ</span> 
     </span>
    </p>
   </div>
   <div class='ocr_carea' id='block_1_40' title="bbox 2131 882 3782 958">
    <p class='ocr_par' dir='ltr' id='par_1_40' title="bbox 2131 882 3782 958">
     <span class='ocr_line' id='line_1_40' title="bbox 2131 882 3782 958; baseline -0.001 -20"><span class='ocrx_word' id='word_1_271' title='bbox 2131 886 2195 938; x_wconf 81' lang='grc' dir='ltr'>οὗ</span> <span class='ocrx_word' id='word_1_272' title='bbox 2231 884 2395 958; x_wconf 75' lang='grc' dir='ltr'>μόνον</span> <span class='ocrx_word' id='word_1_273' title='bbox 2429 885 2480 941; x_wconf 81' lang='grc' dir='ltr'>έν</span> <span class='ocrx_word' id='word_1_274' title='bbox 2537 887 2752 949; x_wconf 68' lang='grc' dir='ltr'>τούτοις</span> <span class='ocrx_word' id='word_1_275' title='bbox 2806 883 3036 942; x_wconf 83' lang='grc' dir='ltr'>ἐνδεῖται</span> <span class='ocrx_word' id='word_1_276' title='bbox 3081 890 3188 940; x_wconf 89' lang='grc' dir='ltr'>τῶν</span> <span class='ocrx_word' id='word_1_277' title='bbox 3241 882 3452 940; x_wconf 80' lang='grc' dir='ltr'>λοιπῶν</span> <span class='ocrx_word' id='word_1_278' title='bbox 3515 883 3782 957; x_wconf 78' lang='grc' dir='ltr'>οὑρανίων</span> 
     </span>
    </p>
   </div>
   <div class='ocr_carea' id='block_1_41' title="bbox 2129 973 3783 1050">
    <p class='ocr_par' dir='ltr' id='par_1_41' title="bbox 2129 973 3783 1050">
     <span class='ocr_line' id='line_1_41' title="bbox 2129 973 3783 1050; baseline -0.002 -22"><span class='ocrx_word' id='word_1_279' title='bbox 2129 976 2421 1048; x_wconf 84' lang='grc' dir='ltr'>σωμάτων,</span> <span class='ocrx_word' id='word_1_280' title='bbox 2480 975 2624 1032; x_wconf 83' lang='grc' dir='ltr'>ἀλλᾶ</span> <span class='ocrx_word' id='word_1_281' title='bbox 2682 976 2769 1031; x_wconf 82' lang='grc' dir='ltr'>καὶ</span> <span class='ocrx_word' id='word_1_282' title='bbox 2821 975 3077 1050; x_wconf 76' lang='grc' dir='ltr'>ἐμπίπτει</span> <span class='ocrx_word' id='word_1_283' title='bbox 3135 974 3308 1030; x_wconf 80' lang='grc' dir='ltr'>ἐνίοτε</span> <span class='ocrx_word' id='word_1_284' title='bbox 3352 978 3432 1046; x_wconf 85' lang='grc' dir='ltr'>τῷ</span> <span class='ocrx_word' id='word_1_285' title='bbox 3490 973 3783 1046; x_wconf 81' lang='grc' dir='ltr'>σκιάσματι</span> 
     </span>
    </p>
   </div>
   <div class='ocr_carea' id='block_1_42' title="bbox 2127 1059 3779 1142">
    <p class='ocr_par' dir='ltr' id='par_1_42' title="bbox 2127 1059 3779 1142">
     <span class='ocr_line' id='line_1_42' title="bbox 2127 1059 3779 1142; baseline -0.001 -25"><span class='ocrx_word' id='word_1_286' title='bbox 2127 1066 2224 1132; x_wconf 66' lang='grc' dir='ltr'>τῆς</span> <span class='ocrx_word' id='word_1_287' title='bbox 2253 1071 2354 1138; x_wconf 80' lang='grc' dir='ltr'>γῆς</span> <span class='ocrx_word' id='word_1_288' title='bbox 2388 1084 2400 1096; x_wconf 88' lang='grc'><strong>·</strong></span> <span class='ocrx_word' id='word_1_289' title='bbox 2445 1064 2681 1120; x_wconf 75' lang='grc' dir='ltr'>ἐκλείπει</span> <span class='ocrx_word' id='word_1_290' title='bbox 2744 1063 2801 1120; x_wconf 80' lang='grc' dir='ltr'>δέ</span> <span class='ocrx_word' id='word_1_291' title='bbox 2855 1067 2916 1120; x_wconf 75' lang='grc' dir='ltr'>οὒ</span> <span class='ocrx_word' id='word_1_292' title='bbox 2976 1066 3112 1142; x_wconf 82' lang='grc' dir='ltr'>πρὸς</span> <span class='ocrx_word' id='word_1_293' title='bbox 3153 1065 3251 1134; x_wconf 81' lang='grc' dir='ltr'>τήν</span> <span class='ocrx_word' id='word_1_294' title='bbox 3306 1063 3575 1140; x_wconf 73' lang='grc' dir='ltr'>ἡμετέραν</span> <span class='ocrx_word' id='word_1_295' title='bbox 3630 1059 3779 1136; x_wconf 75' lang='grc' dir='ltr'>ὄψιν,</span> 
     </span>
    </p>
   </div>
   <div class='ocr_carea' id='block_1_43' title="bbox 2127 1152 3778 1230">
    <p class='ocr_par' dir='ltr' id='par_1_43' title="bbox 2127 1152 3778 1230">
     <span class='ocr_line' id='line_1_43' title="bbox 2127 1152 3778 1230; baseline 0 -24"><span class='ocrx_word' id='word_1_296' title='bbox 2127 1153 2364 1229; x_wconf 78' lang='grc' dir='ltr'>καθάπερ</span> <span class='ocrx_word' id='word_1_297' title='bbox 2416 1155 2444 1209; x_wconf 79' lang='grc' dir='ltr'><strong>ὁ</strong></span> <span class='ocrx_word' id='word_1_298' title='bbox 2492 1152 2678 1228; x_wconf 67' lang='grc' dir='ltr'>ἥλιος,</span> <span class='ocrx_word' id='word_1_299' title='bbox 2733 1154 2860 1212; x_wconf 80' lang='grc' dir='ltr'>ἀλλ’</span> <span class='ocrx_word' id='word_1_300' title='bbox 2903 1155 3037 1226; x_wconf 81' lang='grc' dir='ltr'>αὐτή</span> <span class='ocrx_word' id='word_1_301' title='bbox 3084 1158 3220 1210; x_wconf 85' lang='grc' dir='ltr'>κατὰ</span> <span class='ocrx_word' id='word_1_302' title='bbox 3267 1154 3328 1208; x_wconf 83' lang='grc' dir='ltr'>τὸ</span> <span class='ocrx_word' id='word_1_303' title='bbox 3387 1155 3585 1209; x_wconf 80' lang='grc' dir='ltr'>οἱκεῖον</span> <span class='ocrx_word' id='word_1_304' title='bbox 3642 1157 3778 1230; x_wconf 79' lang='grc' dir='ltr'>φῶς,</span> 
     </span>
    </p>
   </div>
   <div class='ocr_carea' id='block_1_44' title="bbox 2127 1240 3782 1321">
    <p class='ocr_par' dir='ltr' id='par_1_44' title="bbox 2127 1240 3782 1321">
     <span class='ocr_line' id='line_1_44' title="bbox 2127 1240 3782 1321; baseline 0 -26"><span class='ocrx_word' id='word_1_305' title='bbox 2127 1240 2210 1296; x_wconf 73' lang='grc' dir='ltr'>ὅτι</span> <span class='ocrx_word' id='word_1_306' title='bbox 2241 1243 2386 1319; x_wconf 85' lang='grc' dir='ltr'>παρὰ</span> <span class='ocrx_word' id='word_1_307' title='bbox 2413 1249 2511 1300; x_wconf 79' lang='grc' dir='ltr'>τοῦ</span> <span class='ocrx_word' id='word_1_308' title='bbox 2550 1245 2713 1314; x_wconf 70' lang='grc' dir='ltr'>ἡλίου</span> <span class='ocrx_word' id='word_1_309' title='bbox 2751 1242 2966 1321; x_wconf 84' lang='grc' dir='ltr'>δέχεται</span> <span class='ocrx_word' id='word_1_310' title='bbox 3015 1245 3077 1299; x_wconf 83' lang='grc' dir='ltr'>τὸ</span> <span class='ocrx_word' id='word_1_311' title='bbox 3130 1249 3268 1321; x_wconf 84' lang='grc' dir='ltr'>φῶς,</span> <span class='ocrx_word' id='word_1_312' title='bbox 3321 1240 3490 1313; x_wconf 84' lang='grc' dir='ltr'>δῆλον</span> <span class='ocrx_word' id='word_1_313' title='bbox 3546 1242 3782 1302; x_wconf 78' lang='grc' dir='ltr'>καὶτοῖς</span> 
     </span>
    </p>
   </div>
   <div class='ocr_carea' id='block_1_45' title="bbox 2126 1333 3773 1410">
    <p class='ocr_par' dir='ltr' id='par_1_45' title="bbox 2126 1333 3773 1410">
     <span class='ocr_line' id='line_1_45' title="bbox 2126 1333 3773 1410; baseline -0.001 -24"><span class='ocrx_word' id='word_1_314' title='bbox 2126 1333 2370 1388; x_wconf 85' lang='grc' dir='ltr'>ὁπωσονν</span> <span class='ocrx_word' id='word_1_315' title='bbox 2420 1333 2778 1409; x_wconf 77' lang='grc' dir='ltr'>τετηρηκόσιν</span> <span class='ocrx_word' id='word_1_316' title='bbox 2823 1352 2835 1365; x_wconf 89' lang='grc'><strong>·</strong></span> <span class='ocrx_word' id='word_1_317' title='bbox 2897 1333 2978 1390; x_wconf 75' lang='grc' dir='ltr'>ἀεὶ</span> <span class='ocrx_word' id='word_1_318' title='bbox 3053 1334 3154 1410; x_wconf 68' lang='grc' dir='ltr'>γὰρ</span> <span class='ocrx_word' id='word_1_319' title='bbox 3231 1333 3294 1388; x_wconf 86' lang='grc' dir='ltr'>τὸ</span> <span class='ocrx_word' id='word_1_320' title='bbox 3349 1333 3773 1410; x_wconf 69' lang='grc' dir='ltr'>’πεφωτισμένον</span> 
     </span>
    </p>
   </div>
   <div class='ocr_carea' id='block_1_46' title="bbox 2130 1421 3774 1500">
    <p class='ocr_par' dir='ltr' id='par_1_46' title="bbox 2130 1421 3774 1500">
     <span class='ocr_line' id='line_1_46' title="bbox 2130 1421 3774 1500; baseline 0.001 -24"><span class='ocrx_word' id='word_1_321' title='bbox 2130 1421 2291 1495; x_wconf 86' lang='grc' dir='ltr'>μέρος</span> <span class='ocrx_word' id='word_1_322' title='bbox 2347 1424 2483 1500; x_wconf 83' lang='grc' dir='ltr'>πρὸς</span> <span class='ocrx_word' id='word_1_323' title='bbox 2540 1425 2632 1480; x_wconf 87' lang='grc' dir='ltr'>τὸν</span> <span class='ocrx_word' id='word_1_324' title='bbox 2702 1423 2863 1494; x_wconf 72' lang='grc' dir='ltr'>ἥλιον</span> <span class='ocrx_word' id='word_1_325' title='bbox 2929 1421 3068 1500; x_wconf 80' lang='grc' dir='ltr'>ἔχει,</span> <span class='ocrx_word' id='word_1_326' title='bbox 3144 1423 3269 1479; x_wconf 75' lang='grc' dir='ltr'>ἔνθα</span> <span class='ocrx_word' id='word_1_327' title='bbox 3342 1423 3434 1477; x_wconf 83' lang='grc' dir='ltr'>καὶ</span> <span class='ocrx_word' id='word_1_328' title='bbox 3513 1422 3774 1498; x_wconf 73' lang='grc' dir='ltr'>ὑπάρχει.</span> 
     </span>
    </p>
   </div>
   <div class='ocr_carea' id='block_1_47' title="bbox 2125 1508 3776 1588">
    <p class='ocr_par' dir='ltr' id='par_1_47' title="bbox 2125 1508 3776 1588">
     <span class='ocr_line' id='line_1_47' title="bbox 2125 1508 3776 1588; baseline 0 -23"><span class='ocrx_word' id='word_1_329' title='bbox 2125 1512 2372 1576; x_wconf 76' lang='grc' dir='ltr'>Κάτωθεν</span> <span class='ocrx_word' id='word_1_330' title='bbox 2426 1513 2526 1588; x_wconf 77' lang='grc' dir='ltr'>γὰρ</span> <span class='ocrx_word' id='word_1_331' title='bbox 2576 1511 2708 1567; x_wconf 76' lang='grc' dir='ltr'>οὖσα</span> <span class='ocrx_word' id='word_1_332' title='bbox 2767 1517 2864 1568; x_wconf 80' lang='grc' dir='ltr'>τοῦ</span> <span class='ocrx_word' id='word_1_333' title='bbox 2907 1512 3096 1582; x_wconf 87' lang='grc' dir='ltr'>ἡλίου,</span> <span class='ocrx_word' id='word_1_334' title='bbox 3129 1511 3218 1567; x_wconf 80' lang='grc' dir='ltr'>ὅτε</span> <span class='ocrx_word' id='word_1_335' title='bbox 3266 1508 3561 1586; x_wconf 74' lang='grc' dir='ltr'>συνοδεόσῃ</span> <span class='ocrx_word' id='word_1_336' title='bbox 3612 1510 3776 1582; x_wconf 75' lang='grc' dir='ltr'>αὐτῷ,</span> 
     </span>
    </p>
   </div>
   <div class='ocr_carea' id='block_1_48' title="bbox 2122 1599 3777 1679">
    <p class='ocr_par' dir='ltr' id='par_1_48' title="bbox 2122 1599 3777 1679">
     <span class='ocr_line' id='line_1_48' title="bbox 2122 1599 3777 1679; baseline -0.001 -25"><span class='ocrx_word' id='word_1_337' title='bbox 2122 1600 2188 1654; x_wconf 75' lang='grc' dir='ltr'>τὰ</span> <span class='ocrx_word' id='word_1_338' title='bbox 2246 1602 2340 1673; x_wconf 76' lang='grc' dir='ltr'>μὲν</span> <span class='ocrx_word' id='word_1_339' title='bbox 2394 1602 2529 1676; x_wconf 84' lang='grc' dir='ltr'>πρὸς</span> <span class='ocrx_word' id='word_1_340' title='bbox 2586 1602 2734 1676; x_wconf 74' lang='grc' dir='ltr'>ἡμας</span> <span class='ocrx_word' id='word_1_341' title='bbox 2791 1601 2959 1671; x_wconf 78' lang='grc' dir='ltr'>αὐτῆς</span> <span class='ocrx_word' id='word_1_342' title='bbox 3012 1601 3148 1676; x_wconf 84' lang='grc' dir='ltr'>μέρη</span> <span class='ocrx_word' id='word_1_343' title='bbox 3209 1599 3487 1679; x_wconf 80' lang='grc' dir='ltr'>ἀφώτιστά</span> <span class='ocrx_word' id='word_1_344' title='bbox 3530 1600 3664 1666; x_wconf 79' lang='grc' dir='ltr'>έστι,</span> <span class='ocrx_word' id='word_1_345' title='bbox 3710 1601 3777 1654; x_wconf 71' lang='lat'>11&#39;</span> 
     </span>
    </p>
   </div>
   <div class='ocr_carea' id='block_1_49' title="bbox 2125 1687 3776 1770">
    <p class='ocr_par' dir='ltr' id='par_1_49' title="bbox 2125 1687 3776 1770">
     <span class='ocr_line' id='line_1_49' title="bbox 2125 1687 3776 1770; baseline -0.001 -26"><span class='ocrx_word' id='word_1_346' title='bbox 2125 1688 2182 1744; x_wconf 73' lang='grc' dir='ltr'>δὲ</span> <span class='ocrx_word' id='word_1_347' title='bbox 2211 1692 2346 1764; x_wconf 84' lang='grc' dir='ltr'>πρὸς</span> <span class='ocrx_word' id='word_1_348' title='bbox 2373 1691 2463 1745; x_wconf 88' lang='grc' dir='ltr'>τὸν</span> <span class='ocrx_word' id='word_1_349' title='bbox 2517 1689 2678 1760; x_wconf 72' lang='grc' dir='ltr'>ἥλιον</span> <span class='ocrx_word' id='word_1_350' title='bbox 2723 1693 3104 1770; x_wconf 78' lang='grc' dir='ltr'>πεφωτισμὲνα</span> <span class='ocrx_word' id='word_1_351' title='bbox 3139 1711 3151 1723; x_wconf 91' lang='grc'><strong>·</strong></span> <span class='ocrx_word' id='word_1_352' title='bbox 3187 1689 3277 1745; x_wconf 77' lang='grc' dir='ltr'>ὅτε</span> <span class='ocrx_word' id='word_1_353' title='bbox 3326 1687 3384 1746; x_wconf 67' lang='grc' dir='ltr'>δὲ</span> <span class='ocrx_word' id='word_1_354' title='bbox 3434 1691 3643 1764; x_wconf 79' lang='grc' dir='ltr'>ἀποστῇ</span> <span class='ocrx_word' id='word_1_355' title='bbox 3679 1693 3776 1744; x_wconf 72' lang='grc' dir='ltr'>τοῦ</span> 
     </span>
    </p>
   </div>
   <div class='ocr_carea' id='block_1_50' title="bbox 2124 1777 3773 1856">
    <p class='ocr_par' dir='ltr' id='par_1_50' title="bbox 2124 1777 3773 1856">
     <span class='ocr_line' id='line_1_50' title="bbox 2124 1777 3773 1856; baseline -0.001 -23"><span class='ocrx_word' id='word_1_356' title='bbox 2124 1777 2286 1848; x_wconf 85' lang='grc' dir='ltr'>ἡλίου</span> <span class='ocrx_word' id='word_1_357' title='bbox 2319 1777 2633 1855; x_wconf 77' lang='grc' dir='ltr'>ἐλάχιστον,</span> <span class='ocrx_word' id='word_1_358' title='bbox 2699 1777 2924 1856; x_wconf 73' lang='grc' dir='ltr'>ἄρχεται</span> <span class='ocrx_word' id='word_1_359' title='bbox 2989 1779 3178 1852; x_wconf 86' lang='grc' dir='ltr'>μόριόν</span> <span class='ocrx_word' id='word_1_360' title='bbox 3222 1801 3274 1834; x_wconf 93' lang='grc' dir='ltr'>τι</span> <span class='ocrx_word' id='word_1_361' title='bbox 3327 1783 3425 1835; x_wconf 74' lang='grc' dir='ltr'>τοῦ</span> <span class='ocrx_word' id='word_1_362' title='bbox 3463 1780 3599 1854; x_wconf 82' lang='grc' dir='ltr'>πρὸς</span> <span class='ocrx_word' id='word_1_363' title='bbox 3628 1779 3773 1851; x_wconf 72' lang='grc' dir='ltr'>ἡμᾶς</span> 
     </span>
    </p>
   </div>
   <div class='ocr_carea' id='block_1_51' title="bbox 2128 1867 3776 1944">
    <p class='ocr_par' dir='ltr' id='par_1_51' title="bbox 2128 1867 3776 1944">
     <span class='ocr_line' id='line_1_51' title="bbox 2128 1867 3776 1944; baseline -0.012 -7"><span class='ocrx_word' id='word_1_364' title='bbox 2128 1867 2326 1942; x_wconf 70' lang='grc' dir='ltr'>μέρους</span> <span class='ocrx_word' id='word_1_365' title='bbox 2384 1869 2555 1938; x_wconf 66' lang='grc' dir='ltr'>αὐτῆς</span> <span class='ocrx_word' id='word_1_366' title='bbox 2624 1869 3068 1944; x_wconf 73' lang='grc' dir='ltr'>καταυγάζεσθαι,</span> <span class='ocrx_word' id='word_1_367' title='bbox 3130 1867 3221 1923; x_wconf 80' lang='grc' dir='ltr'>καὶ</span> <span class='ocrx_word' id='word_1_368' title='bbox 3283 1868 3486 1943; x_wconf 83' lang='grc' dir='ltr'>γίνεται</span> <span class='ocrx_word' id='word_1_369' title='bbox 3565 1887 3776 1940; x_wconf 86' lang='grc' dir='ltr'>μηνοει-</span> 
     </span>
    </p>
   </div>
   <div class='ocr_carea' id='block_1_52' title="bbox 2125 1953 3776 2034">
    <p class='ocr_par' dir='ltr' id='par_1_52' title="bbox 2125 1953 3776 2034">
     <span class='ocr_line' id='line_1_52' title="bbox 2125 1953 3776 2034; baseline 0 -24"><span class='ocrx_word' id='word_1_370' title='bbox 2125 1953 2224 2026; x_wconf 73' lang='grc' dir='ltr'>δής</span> <span class='ocrx_word' id='word_1_371' title='bbox 2259 1977 2271 1989; x_wconf 85' lang='grc'><em>’</em></span> <span class='ocrx_word' id='word_1_372' title='bbox 2334 1958 2444 2012; x_wconf 70' lang='grc' dir='ltr'>εἶτα</span> <span class='ocrx_word' id='word_1_373' title='bbox 2487 1957 2571 2013; x_wconf 81' lang='grc' dir='ltr'>έπὶ</span> <span class='ocrx_word' id='word_1_374' title='bbox 2626 1957 2794 2013; x_wconf 77' lang='grc' dir='ltr'>πλέον</span> <span class='ocrx_word' id='word_1_375' title='bbox 2867 1958 3164 2027; x_wconf 81' lang='grc' dir='ltr'>ἂποστᾶσα,</span> <span class='ocrx_word' id='word_1_376' title='bbox 3218 1955 3390 2013; x_wconf 75' lang='grc' dir='ltr'>πλέον</span> <span class='ocrx_word' id='word_1_377' title='bbox 3464 1956 3776 2034; x_wconf 70' lang='grc' dir='ltr'>φωτίζεται,</span> 
     </span>
    </p>
   </div>
   <div class='ocr_carea' id='block_1_53' title="bbox 2122 2042 3778 2124">
    <p class='ocr_par' dir='ltr' id='par_1_53' title="bbox 2122 2042 3778 2124">
     <span class='ocr_line' id='line_1_53' title="bbox 2122 2042 3778 2124; baseline 0.001 -26"><span class='ocrx_word' id='word_1_378' title='bbox 2122 2045 2211 2098; x_wconf 83' lang='grc' dir='ltr'>καὶ</span> <span class='ocrx_word' id='word_1_379' title='bbox 2269 2045 2474 2121; x_wconf 89' lang='grc' dir='ltr'>γίνεται</span> <span class='ocrx_word' id='word_1_380' title='bbox 2533 2042 2858 2123; x_wconf 79' lang='grc' dir='ltr'>διχὸτομος,</span> <span class='ocrx_word' id='word_1_381' title='bbox 2917 2047 3007 2102; x_wconf 78' lang='grc' dir='ltr'>καὶ</span> <span class='ocrx_word' id='word_1_382' title='bbox 3067 2045 3230 2102; x_wconf 82' lang='grc' dir='ltr'>πάλιν</span> <span class='ocrx_word' id='word_1_383' title='bbox 3285 2046 3645 2124; x_wconf 74' lang='grc' dir='ltr'>ἀμφίκυρτος,</span> <span class='ocrx_word' id='word_1_384' title='bbox 3687 2043 3778 2100; x_wconf 73' lang='grc' dir='ltr'>καὶ</span> 
     </span>
    </p>
   </div>
   <div class='ocr_carea' id='block_1_54' title="bbox 2125 2129 3776 2212">
    <p class='ocr_par' dir='ltr' id='par_1_54' title="bbox 2125 2129 3776 2212">
     <span class='ocr_line' id='line_1_54' title="bbox 2125 2129 3776 2212; baseline -0.001 -26"><span class='ocrx_word' id='word_1_385' title='bbox 2125 2129 2487 2209; x_wconf 77' lang='grc' dir='ltr'>διαμετροῦσα</span> <span class='ocrx_word' id='word_1_386' title='bbox 2571 2135 2960 2204; x_wconf 79' lang='grc' dir='ltr'>πανσέληνος·</span> <span class='ocrx_word' id='word_1_387' title='bbox 3064 2136 3177 2190; x_wconf 80' lang='grc' dir='ltr'>εἷτα</span> <span class='ocrx_word' id='word_1_388' title='bbox 3251 2135 3626 2212; x_wconf 65' lang='grc' dir='ltr'>παρελθοῦσαΔ</span> <span class='ocrx_word' id='word_1_389' title='bbox 3676 2134 3776 2202; x_wconf 74' lang='grc' dir='ltr'>τὴν</span> 
     </span>
    </p>
   </div>
   <div class='ocr_carea' id='block_1_55' title="bbox 2125 2219 3780 2302">
    <p class='ocr_par' dir='ltr' id='par_1_55' title="bbox 2125 2219 3780 2302">
     <span class='ocr_line' id='line_1_55' title="bbox 2125 2219 3780 2302; baseline 0 -27"><span class='ocrx_word' id='word_1_390' title='bbox 2125 2219 2432 2296; x_wconf 83' lang='grc' dir='ltr'>διάμετρον,</span> <span class='ocrx_word' id='word_1_391' title='bbox 2495 2225 2689 2299; x_wconf 79' lang='grc' dir='ltr'>ὁρᾶταῖ</span> <span class='ocrx_word' id='word_1_392' title='bbox 2733 2224 2885 2286; x_wconf 82' lang='grc' dir='ltr'>αὗθις</span> <span class='ocrx_word' id='word_1_393' title='bbox 2934 2223 3296 2302; x_wconf 68' lang='grc' dir='ltr'>ἀμφίκυρτος,</span> <span class='ocrx_word' id='word_1_394' title='bbox 3351 2223 3440 2278; x_wconf 79' lang='grc' dir='ltr'>καὶ</span> <span class='ocrx_word' id='word_1_395' title='bbox 3491 2221 3656 2278; x_wconf 79' lang='grc' dir='ltr'>πάλιν</span> <span class='ocrx_word' id='word_1_396' title='bbox 3695 2219 3780 2276; x_wconf 80' lang='grc' dir='ltr'>δι-</span> 
     </span>
    </p>
   </div>
   <div class='ocr_carea' id='block_1_56' title="bbox 2123 2311 3782 2387">
    <p class='ocr_par' dir='ltr' id='par_1_56' title="bbox 2123 2311 3782 2387">
     <span class='ocr_line' id='line_1_56' title="bbox 2123 2311 3782 2387; baseline 0 -22"><span class='ocrx_word' id='word_1_397' title='bbox 2123 2311 2392 2386; x_wconf 80' lang='grc' dir='ltr'>χότομος,</span> <span class='ocrx_word' id='word_1_398' title='bbox 2433 2313 2522 2368; x_wconf 83' lang='grc' dir='ltr'>καὶ</span> <span class='ocrx_word' id='word_1_399' title='bbox 2575 2315 2710 2387; x_wconf 76' lang='grc' dir='ltr'>μετὰ</span> <span class='ocrx_word' id='word_1_400' title='bbox 2762 2318 2928 2368; x_wconf 77' lang='grc' dir='ltr'>ταῦτα</span> <span class='ocrx_word' id='word_1_401' title='bbox 2986 2311 3307 2387; x_wconf 76' lang='grc' dir='ltr'>μηνοειδὴς,</span> <span class='ocrx_word' id='word_1_402' title='bbox 3339 2313 3429 2368; x_wconf 82' lang='grc' dir='ltr'>καὶ</span> <span class='ocrx_word' id='word_1_403' title='bbox 3459 2313 3622 2374; x_wconf 81' lang='grc' dir='ltr'>τέλος</span> <span class='ocrx_word' id='word_1_404' title='bbox 3655 2333 3782 2366; x_wconf 81' lang='grc' dir='ltr'>συν-</span> 
     </span>
    </p>
   </div>
   <div class='ocr_carea' id='block_1_57' title="bbox 2123 2398 3780 2481">
    <p class='ocr_par' dir='ltr' id='par_1_57' title="bbox 2123 2398 3780 2481">
     <span class='ocr_line' id='line_1_57' title="bbox 2123 2398 3780 2481; baseline 0 -26"><span class='ocrx_word' id='word_1_405' title='bbox 2123 2398 2384 2456; x_wconf 73' lang='grc' dir='ltr'>οδεύουσα</span> <span class='ocrx_word' id='word_1_406' title='bbox 2441 2408 2521 2476; x_wconf 77' lang='grc' dir='ltr'>τῷ</span> <span class='ocrx_word' id='word_1_407' title='bbox 2606 2402 2778 2476; x_wconf 85' lang='grc' dir='ltr'>ἡλίῳ,</span> <span class='ocrx_word' id='word_1_408' title='bbox 2836 2403 3046 2481; x_wconf 76' lang='grc' dir='ltr'>ἀφανὴς</span> <span class='ocrx_word' id='word_1_409' title='bbox 3086 2405 3220 2477; x_wconf 87' lang='grc' dir='ltr'>ἡμῖν</span> <span class='ocrx_word' id='word_1_410' title='bbox 3278 2401 3506 2478; x_wconf 89' lang='grc' dir='ltr'>γίνεται.</span> <span class='ocrx_word' id='word_1_411' title='bbox 3534 2401 3780 2472; x_wconf 81' lang='grc' dir='ltr'>Ἐπηπό-</span> 
     </span>
    </p>
   </div>
   <div class='ocr_carea' id='block_1_58' title="bbox 2121 2488 3776 2568">
    <p class='ocr_par' dir='ltr' id='par_1_58' title="bbox 2121 2488 3776 2568">
     <span class='ocr_line' id='line_1_58' title="bbox 2121 2488 3776 2568; baseline -0.001 -24"><span class='ocrx_word' id='word_1_412' title='bbox 2121 2510 2247 2563; x_wconf 89' lang='grc' dir='ltr'>ρουν</span> <span class='ocrx_word' id='word_1_413' title='bbox 2305 2489 2363 2546; x_wconf 67' lang='grc' dir='ltr'>δὲ</span> <span class='ocrx_word' id='word_1_414' title='bbox 2419 2493 2470 2546; x_wconf 76' lang='grc' dir='ltr'>οἱ</span> <span class='ocrx_word' id='word_1_415' title='bbox 2531 2491 2780 2568; x_wconf 81' lang='grc' dir='ltr'>ἀρχαῖοι,</span> <span class='ocrx_word' id='word_1_416' title='bbox 2849 2490 2970 2554; x_wconf 78' lang='grc' dir='ltr'>πῶς</span> <span class='ocrx_word' id='word_1_417' title='bbox 3049 2488 3266 2568; x_wconf 81' lang='grc' dir='ltr'>δέχεται</span> <span class='ocrx_word' id='word_1_418' title='bbox 3343 2492 3432 2546; x_wconf 85' lang='grc' dir='ltr'>καὶ</span> <span class='ocrx_word' id='word_1_419' title='bbox 3506 2489 3776 2563; x_wconf 74' lang='grc' dir='ltr'>ἐκπέμπει</span> 
     </span>
    </p>
   </div>
   <div class='ocr_carea' id='block_1_59' title="bbox 2120 2577 3780 2659">
    <p class='ocr_par' dir='ltr' id='par_1_59' title="bbox 2120 2577 3780 2659">
     <span class='ocr_line' id='line_1_59' title="bbox 2120 2577 3780 2659; baseline 0.001 -26"><span class='ocrx_word' id='word_1_420' title='bbox 2120 2578 2346 2644; x_wconf 77' lang='grc' dir='ltr'>ἐνταῦθα</span> <span class='ocrx_word' id='word_1_421' title='bbox 2393 2582 2454 2636; x_wconf 85' lang='grc' dir='ltr'>τὸ</span> <span class='ocrx_word' id='word_1_422' title='bbox 2500 2585 2637 2659; x_wconf 80' lang='grc' dir='ltr'>φῶς.</span> <span class='ocrx_word' id='word_1_423' title='bbox 2682 2581 2788 2638; x_wconf 83' lang='grc' dir='ltr'>Καὶ</span> <span class='ocrx_word' id='word_1_424' title='bbox 2844 2583 2895 2637; x_wconf 78' lang='grc' dir='ltr'>οὶ</span> <span class='ocrx_word' id='word_1_425' title='bbox 2949 2583 3042 2655; x_wconf 76' lang='grc' dir='ltr'>μὶν</span> <span class='ocrx_word' id='word_1_426' title='bbox 3089 2577 3311 2657; x_wconf 76' lang='grc' dir='ltr'>ἔφασαν,</span> <span class='ocrx_word' id='word_1_427' title='bbox 3361 2580 3499 2635; x_wconf 85' lang='grc' dir='ltr'>κατὰ</span> <span class='ocrx_word' id='word_1_428' title='bbox 3545 2580 3780 2635; x_wconf 77' lang='grc' dir='ltr'>ἀντανά-</span> 
     </span>
    </p>
   </div>
   <div class='ocr_carea' id='block_1_60' title="bbox 2119 2667 3781 2746">
    <p class='ocr_par' dir='ltr' id='par_1_60' title="bbox 2119 2667 3781 2746">
     <span class='ocr_line' id='line_1_60' title="bbox 2119 2667 3781 2746; baseline -0.001 -23"><span class='ocrx_word' id='word_1_429' title='bbox 2119 2667 2309 2724; x_wconf 86' lang='grc' dir='ltr'>κλασιν</span> <span class='ocrx_word' id='word_1_430' title='bbox 2365 2671 2604 2746; x_wconf 80' lang='grc' dir='ltr'>γίνεσθαι</span> <span class='ocrx_word' id='word_1_431' title='bbox 2652 2671 2854 2741; x_wconf 68' lang='grc' dir='ltr'>ταύτης</span> <span class='ocrx_word' id='word_1_432' title='bbox 2910 2675 3046 2744; x_wconf 86' lang='grc' dir='ltr'>φῶς,</span> <span class='ocrx_word' id='word_1_433' title='bbox 3097 2669 3277 2744; x_wconf 81' lang='grc' dir='ltr'>ὥσπερ</span> <span class='ocrx_word' id='word_1_434' title='bbox 3325 2671 3411 2725; x_wconf 83' lang='grc' dir='ltr'>καὶ</span> <span class='ocrx_word' id='word_1_435' title='bbox 3463 2669 3552 2725; x_wconf 79' lang='grc' dir='ltr'>ἐπί</span> <span class='ocrx_word' id='word_1_436' title='bbox 3584 2668 3781 2725; x_wconf 78' lang='grc' dir='ltr'>τετῶν</span> 
     </span>
    </p>
   </div>
   <div class='ocr_carea' id='block_1_61' title="bbox 2118 2755 3781 2836">
    <p class='ocr_par' dir='ltr' id='par_1_61' title="bbox 2118 2755 3781 2836">
     <span class='ocr_line' id='line_1_61' title="bbox 2118 2755 3781 2836; baseline -0.001 -22"><span class='ocrx_word' id='word_1_437' title='bbox 2118 2759 2436 2834; x_wconf 82' lang='grc' dir='ltr'>κατόπτρων</span> <span class='ocrx_word' id='word_1_438' title='bbox 2484 2760 2720 2816; x_wconf 81' lang='grc' dir='ltr'>καὶτῶν</span> <span class='ocrx_word' id='word_1_439' title='bbox 2770 2759 2931 2816; x_wconf 85' lang='grc' dir='ltr'>λείων</span> <span class='ocrx_word' id='word_1_440' title='bbox 2978 2760 3184 2836; x_wconf 88' lang='grc' dir='ltr'>γίννται</span> <span class='ocrx_word' id='word_1_441' title='bbox 3235 2761 3503 2832; x_wconf 78' lang='grc' dir='ltr'>σωμάτων</span> <span class='ocrx_word' id='word_1_442' title='bbox 3539 2778 3552 2791; x_wconf 73' lang='grc' dir='ltr'><strong><em>ο</em></strong></span> <span class='ocrx_word' id='word_1_443' title='bbox 3611 2758 3662 2813; x_wconf 75' lang='grc' dir='ltr'>οἱ</span> <span class='ocrx_word' id='word_1_444' title='bbox 3722 2755 3781 2812; x_wconf 70' lang='grc' dir='ltr'>δὲ</span> 
     </span>
    </p>
   </div>
   <div class='ocr_carea' id='block_1_62' title="bbox 2117 2845 3774 2926">
    <p class='ocr_par' dir='ltr' id='par_1_62' title="bbox 2117 2845 3774 2926">
     <span class='ocr_line' id='line_1_62' title="bbox 2117 2845 3774 2926; baseline 0 -24"><span class='ocrx_word' id='word_1_445' title='bbox 2117 2850 2232 2913; x_wconf 84' lang='grc' dir='ltr'>καθ’</span> <span class='ocrx_word' id='word_1_446' title='bbox 2267 2846 2548 2924; x_wconf 75' lang='grc' dir='ltr'>ὑποδοχήν</span> <span class='ocrx_word' id='word_1_447' title='bbox 2598 2851 2686 2904; x_wconf 85' lang='grc' dir='ltr'>καὶ</span> <span class='ocrx_word' id='word_1_448' title='bbox 2727 2849 2920 2904; x_wconf 81' lang='grc' dir='ltr'>’ἐνωσιν</span> <span class='ocrx_word' id='word_1_449' title='bbox 2970 2845 3152 2920; x_wconf 77' lang='grc' dir='ltr'>ἔδοξαν</span> <span class='ocrx_word' id='word_1_450' title='bbox 3207 2848 3372 2918; x_wconf 71' lang='grc' dir='ltr'>αὐτὴν</span> <span class='ocrx_word' id='word_1_451' title='bbox 3422 2846 3774 2926; x_wconf 70' lang='grc' dir='ltr'>φωτίζεσθαι,</span> 
     </span>
    </p>
   </div>
   <div class='ocr_carea' id='block_1_63' title="bbox 2117 2938 3778 3012">
    <p class='ocr_par' dir='ltr' id='par_1_63' title="bbox 2117 2938 3778 3012">
     <span class='ocr_line' id='line_1_63' title="bbox 2117 2938 3778 3012; baseline -0.001 -20"><span class='ocrx_word' id='word_1_452' title='bbox 2117 2940 2203 2993; x_wconf 75' lang='grc' dir='ltr'>καί</span> <span class='ocrx_word' id='word_1_453' title='bbox 2264 2941 2326 2994; x_wconf 88' lang='grc' dir='ltr'>τὸ</span> <span class='ocrx_word' id='word_1_454' title='bbox 2363 2940 2457 3011; x_wconf 73' lang='grc' dir='ltr'>μὲν</span> <span class='ocrx_word' id='word_1_455' title='bbox 2507 2939 2624 2994; x_wconf 86' lang='grc' dir='ltr'>κατ’</span> <span class='ocrx_word' id='word_1_456' title='bbox 2670 2938 3061 2995; x_wconf 78' lang='grc' dir='ltr'>ἀντανάκλασιν</span> <span class='ocrx_word' id='word_1_457' title='bbox 3113 2939 3204 2994; x_wconf 83' lang='grc' dir='ltr'>ἀπ’</span> <span class='ocrx_word' id='word_1_458' title='bbox 3263 2939 3428 3006; x_wconf 75' lang='grc' dir='ltr'>αὐτῆς</span> <span class='ocrx_word' id='word_1_459' title='bbox 3480 2938 3778 3012; x_wconf 88' lang='grc' dir='ltr'>γινομένην</span> 
     </span>
    </p>
   </div>
   <div class='ocr_carea' id='block_1_64' title="bbox 2118 3026 3778 3104">
    <p class='ocr_par' dir='ltr' id='par_1_64' title="bbox 2118 3026 3778 3104">
     <span class='ocr_line' id='line_1_64' title="bbox 2118 3026 3778 3104; baseline -0.001 -23"><span class='ocrx_word' id='word_1_460' title='bbox 2118 3027 2369 3104; x_wconf 85' lang='grc' dir='ltr'>φωτίζειν</span> <span class='ocrx_word' id='word_1_461' title='bbox 2419 3027 2585 3098; x_wconf 74' lang='grc' dir='ltr'>αὐτην</span> <span class='ocrx_word' id='word_1_462' title='bbox 2622 3049 2635 3062; x_wconf 72' lang='grc' dir='ltr'><strong><em>ο</em></strong></span> <span class='ocrx_word' id='word_1_463' title='bbox 2707 3028 2927 3082; x_wconf 77' lang='grc' dir='ltr'>πιθανὸν</span> <span class='ocrx_word' id='word_1_464' title='bbox 2987 3029 3081 3102; x_wconf 75' lang='grc' dir='ltr'>μὲν</span> <span class='ocrx_word' id='word_1_465' title='bbox 3139 3033 3253 3088; x_wconf 89' lang='grc' dir='ltr'>τοῖς</span> <span class='ocrx_word' id='word_1_466' title='bbox 3311 3026 3612 3093; x_wconf 81' lang='grc' dir='ltr'>πλείστοις,</span> <span class='ocrx_word' id='word_1_467' title='bbox 3675 3027 3778 3081; x_wconf 80' lang='grc' dir='ltr'>οὐκ</span> 
     </span>
    </p>
   </div>
   <div class='ocr_carea' id='block_1_65' title="bbox 2117 3113 3781 3190">
    <p class='ocr_par' dir='ltr' id='par_1_65' title="bbox 2117 3113 3781 3190">
     <span class='ocr_line' id='line_1_65' title="bbox 2117 3113 3781 3190; baseline 0.001 -22"><span class='ocrx_word' id='word_1_468' title='bbox 2117 3113 2318 3185; x_wconf 64' lang='grc' dir='ltr'>ἄληθες</span> <span class='ocrx_word' id='word_1_469' title='bbox 2378 3113 2455 3172; x_wconf 80' lang='grc' dir='ltr'>δέ.</span> <span class='ocrx_word' id='word_1_470' title='bbox 2530 3119 2908 3190; x_wconf 74' lang='grc' dir='ltr'>Ἐτηρήθησαν</span> <span class='ocrx_word' id='word_1_471' title='bbox 2965 3118 3020 3170; x_wconf 76' lang='grc' dir='ltr'>αἱ</span> <span class='ocrx_word' id='word_1_472' title='bbox 3077 3115 3496 3177; x_wconf 77' lang='grc' dir='ltr'>ἀντανακλάσεις</span> <span class='ocrx_word' id='word_1_473' title='bbox 3553 3115 3660 3171; x_wconf 78' lang='grc' dir='ltr'>ἀπό</span> <span class='ocrx_word' id='word_1_474' title='bbox 3721 3136 3781 3170; x_wconf 84' lang='grc' dir='ltr'>τε</span> 
     </span>
    </p>
   </div>
   <div class='ocr_carea' id='block_1_66' title="bbox 350 3181 2005 3280">
    <p class='ocr_par' dir='ltr' id='par_1_66' title="bbox 350 3181 2003 3277">
     <span class='ocr_line' id='line_1_66' title="bbox 350 3181 2003 3277; baseline -0.003 -16"><span class='ocrx_word' id='word_1_475' title='bbox 350 3181 653 3262; x_wconf 53' lang='lat' dir='ltr'>c&#39;edentem</span> <span class='ocrx_word' id='word_1_476' title='bbox 710 3204 973 3277; x_wconf 84' lang='lat' dir='ltr'>plerique</span> <span class='ocrx_word' id='word_1_477' title='bbox 1013 3181 1336 3273; x_wconf 69' lang='lat' dir='ltr'>opinantur</span> <span class='ocrx_word' id='word_1_478' title='bbox 1386 3181 1650 3274; x_wconf 88' lang='lat' dir='ltr'>quidem.</span> <span class='ocrx_word' id='word_1_479' title='bbox 1715 3181 2003 3266; x_wconf 42' lang='lat' dir='ltr'>dadd—ta-</span> 
     </span>
    </p>
   </div>
   <div class='ocr_carea' id='block_1_67' title="bbox 2120 3181 3776 3280">
    <p class='ocr_par' dir='ltr' id='par_1_67' title="bbox 2120 3202 3776 3280">
     <span class='ocr_line' id='line_1_67' title="bbox 2120 3202 3776 3280; baseline -0.001 -22"><span class='ocrx_word' id='word_1_480' title='bbox 2120 3208 2222 3258; x_wconf 84' lang='grc' dir='ltr'>τῶν</span> <span class='ocrx_word' id='word_1_481' title='bbox 2287 3204 2554 3279; x_wconf 88' lang='grc' dir='ltr'>μεγίστων</span> <span class='ocrx_word' id='word_1_482' title='bbox 2613 3206 2704 3259; x_wconf 78' lang='grc' dir='ltr'>καὶ</span> <span class='ocrx_word' id='word_1_483' title='bbox 2765 3203 3068 3280; x_wconf 71' lang='grc' dir='ltr'>ἐλαχίστων</span> <span class='ocrx_word' id='word_1_484' title='bbox 3114 3205 3383 3277; x_wconf 72' lang='grc' dir='ltr'>σωμάτων</span> <span class='ocrx_word' id='word_1_485' title='bbox 3436 3205 3512 3276; x_wconf 75' lang='grc' dir='ltr'>μὴ</span> <span class='ocrx_word' id='word_1_486' title='bbox 3576 3202 3776 3259; x_wconf 87' lang='grc' dir='ltr'>πλεῖον</span> 
     </span>
    </p>
   </div>
   <div class='ocr_carea' id='block_1_68' title="bbox 353 3293 2003 3352">
    <p class='ocr_par' dir='ltr' id='par_1_68' title="bbox 353 3293 2003 3352">
     <span class='ocr_line' id='line_1_68' title="bbox 353 3293 2003 3352; baseline -0.003 0"><span class='ocrx_word' id='word_1_487' title='bbox 353 3311 486 3352; x_wconf 88' lang='lat' dir='ltr'>men</span> <span class='ocrx_word' id='word_1_488' title='bbox 542 3300 631 3352; x_wconf 90' lang='lat' dir='ltr'>est</span> <span class='ocrx_word' id='word_1_489' title='bbox 688 3293 924 3350; x_wconf 86' lang='lat' dir='ltr'>falsum.</span> <span class='ocrx_word' id='word_1_490' title='bbox 989 3293 1372 3348; x_wconf 81' lang='lat' dir='ltr'>Observatum</span> <span class='ocrx_word' id='word_1_491' title='bbox 1421 3296 1510 3347; x_wconf 89' lang='lat' dir='ltr'>est</span> <span class='ocrx_word' id='word_1_492' title='bbox 1584 3293 1925 3347; x_wconf 78' lang='lat' dir='ltr'>reﬂexiones</span> <span class='ocrx_word' id='word_1_493' title='bbox 1969 3310 2003 3348; x_wconf 86' lang='lat' dir='ltr'>a</span> 
     </span>
    </p>
   </div>
   <div class='ocr_carea' id='block_1_69' title="bbox 350 3382 2001 3455">
    <p class='ocr_par' dir='ltr' id='par_1_69' title="bbox 350 3382 2001 3455">
     <span class='ocr_line' id='line_1_69' title="bbox 350 3382 2001 3455; baseline -0.002 -15"><span class='ocrx_word' id='word_1_494' title='bbox 350 3387 628 3443; x_wconf 85' lang='lat' dir='ltr'>maximis</span> <span class='ocrx_word' id='word_1_495' title='bbox 659 3391 716 3442; x_wconf 91' lang='lat' dir='ltr'>et</span> <span class='ocrx_word' id='word_1_496' title='bbox 740 3385 1006 3440; x_wconf 91' lang='lat' dir='ltr'>minimis</span> <span class='ocrx_word' id='word_1_497' title='bbox 1059 3382 1402 3455; x_wconf 88' lang='lat' dir='ltr'>corporibus</span> <span class='ocrx_word' id='word_1_498' title='bbox 1452 3384 1834 3452; x_wconf 75' lang='lat' dir='ltr'>procedentes</span> <span class='ocrx_word' id='word_1_499' title='bbox 1885 3397 2001 3436; x_wconf 92' lang='lat' dir='ltr'>non</span> 
     </span>
    </p>
   </div>
   <div class='ocr_carea' id='block_1_70' title="bbox 350 3470 2000 3553">
    <p class='ocr_par' dir='ltr' id='par_1_70' title="bbox 350 3470 2000 3553">
     <span class='ocr_line' id='line_1_70' title="bbox 350 3470 2000 3553; baseline -0.007 -17"><span class='ocrx_word' id='word_1_500' title='bbox 350 3481 485 3553; x_wconf 90' lang='lat' dir='ltr'>plus</span> <span class='ocrx_word' id='word_1_501' title='bbox 513 3493 688 3550; x_wconf 90' lang='lat' dir='ltr'>quam</span> <span class='ocrx_word' id='word_1_502' title='bbox 737 3477 852 3531; x_wconf 91' lang='lat' dir='ltr'>duo</span> <span class='ocrx_word' id='word_1_503' title='bbox 903 3474 1093 3530; x_wconf 87' lang='lat' dir='ltr'>stadia</span> <span class='ocrx_word' id='word_1_504' title='bbox 1143 3479 1414 3528; x_wconf 81' lang='lat' dir='ltr'>transire.</span> <span class='ocrx_word' id='word_1_505' title='bbox 1449 3471 1557 3526; x_wconf 87' lang='lat' dir='ltr'>Sed</span> <span class='ocrx_word' id='word_1_506' title='bbox 1593 3475 1649 3527; x_wconf 89' lang='lat' dir='ltr'>et</span> <span class='ocrx_word' id='word_1_507' title='bbox 1698 3470 1868 3526; x_wconf 87' lang='lat' dir='ltr'>aliter</span> <span class='ocrx_word' id='word_1_508' title='bbox 1896 3470 2000 3525; x_wconf 89' lang='lat' dir='ltr'>de—</span> 
     </span>
    </p>
   </div>
   <div class='ocr_carea' id='block_1_71' title="bbox 349 3560 2002 3631">
    <p class='ocr_par' dir='ltr' id='par_1_71' title="bbox 349 3560 2002 3631">
     <span class='ocr_line' id='line_1_71' title="bbox 349 3560 2002 3631; baseline -0.007 -6"><span class='ocrx_word' id='word_1_509' title='bbox 349 3572 733 3626; x_wconf 85' lang='lat' dir='ltr'>monstratur.</span> <span class='ocrx_word' id='word_1_510' title='bbox 767 3566 983 3620; x_wconf 87' lang='lat' dir='ltr'>Omnes</span> <span class='ocrx_word' id='word_1_511' title='bbox 1015 3562 1450 3625; x_wconf 85' lang='lat' dir='ltr'>reflexiones,ut</span> <span class='ocrx_word' id='word_1_512' title='bbox 1479 3560 1537 3614; x_wconf 93' lang='lat' dir='ltr'>in</span> <span class='ocrx_word' id='word_1_513' title='bbox 1571 3560 1780 3631; x_wconf 84' lang='lat' dir='ltr'>opticis</span> <span class='ocrx_word' id='word_1_514' title='bbox 1803 3564 2002 3615; x_wconf 89' lang='lat' dir='ltr'>osten-</span> 
     </span>
    </p>
   </div>
   <div class='ocr_carea' id='block_1_72' title="bbox 349 3648 2003 3726">
    <p class='ocr_par' dir='ltr' id='par_1_72' title="bbox 349 3648 2003 3726">
     <span class='ocr_line' id='line_1_72' title="bbox 349 3648 2003 3726; baseline -0.007 -13"><span class='ocrx_word' id='word_1_515' title='bbox 349 3656 689 3726; x_wconf 84' lang='lat' dir='ltr'>ditur,flunt</span> <span class='ocrx_word' id='word_1_516' title='bbox 720 3670 823 3724; x_wconf 91' lang='lat' dir='ltr'>per</span> <span class='ocrx_word' id='word_1_517' title='bbox 852 3668 1049 3722; x_wconf 63' lang='lat' dir='ltr'>aequos</span> <span class='ocrx_word' id='word_1_518' title='bbox 1073 3649 1321 3721; x_wconf 82' lang='lat' dir='ltr'>angulos</span> <span class='ocrx_word' id='word_1_519' title='bbox 1349 3665 1362 3715; x_wconf 90' lang='lat'><strong>;</strong></span> <span class='ocrx_word' id='word_1_520' title='bbox 1396 3649 1548 3718; x_wconf 89' lang='lat' dir='ltr'>quod</span> <span class='ocrx_word' id='word_1_521' title='bbox 1585 3653 1631 3702; x_wconf 87' lang='lat' dir='ltr'>si</span> <span class='ocrx_word' id='word_1_522' title='bbox 1660 3649 1741 3702; x_wconf 90' lang='lat' dir='ltr'>ita</span> <span class='ocrx_word' id='word_1_523' title='bbox 1771 3649 1840 3702; x_wconf 88' lang='lat' dir='ltr'>de</span> <span class='ocrx_word' id='word_1_524' title='bbox 1862 3648 2003 3702; x_wconf 88' lang='lat' dir='ltr'>luna</span> 
     </span>
    </p>
   </div>
   <div class='ocr_carea' id='block_1_73' title="bbox 350 3737 2000 3810">
    <p class='ocr_par' dir='ltr' id='par_1_73' title="bbox 350 3737 2000 3810">
     <span class='ocr_line' id='line_1_73' title="bbox 350 3737 2000 3810; baseline -0.005 -10"><span class='ocrx_word' id='word_1_525' title='bbox 350 3746 534 3810; x_wconf 81' lang='lat' dir='ltr'>ﬁeret,</span> <span class='ocrx_word' id='word_1_526' title='bbox 575 3758 810 3798; x_wconf 90' lang='lat' dir='ltr'>necesse</span> <span class='ocrx_word' id='word_1_527' title='bbox 857 3744 1034 3807; x_wconf 89' lang='lat' dir='ltr'>esset,</span> <span class='ocrx_word' id='word_1_528' title='bbox 1085 3744 1149 3793; x_wconf 90' lang='lat' dir='ltr'>ut</span> <span class='ocrx_word' id='word_1_529' title='bbox 1197 3737 1434 3808; x_wconf 90' lang='lat' dir='ltr'>quando</span> <span class='ocrx_word' id='word_1_530' title='bbox 1486 3738 1809 3791; x_wconf 89' lang='lat' dir='ltr'>secundum</span> <span class='ocrx_word' id='word_1_531' title='bbox 1859 3737 2000 3793; x_wconf 90' lang='lat' dir='ltr'>solis</span> 
     </span>
    </p>
   </div>
   <div class='ocr_carea' id='block_1_74' title="bbox 350 3825 1999 3901">
    <p class='ocr_par' dir='ltr' id='par_1_74' title="bbox 350 3825 1999 3901">
     <span class='ocr_line' id='line_1_74' title="bbox 350 3825 1999 3901; baseline -0.004 -12"><span class='ocrx_word' id='word_1_532' title='bbox 350 3835 703 3889; x_wconf 88' lang='lat' dir='ltr'>diametrum</span> <span class='ocrx_word' id='word_1_533' title='bbox 733 3831 791 3884; x_wconf 92' lang='lat' dir='ltr'>in</span> <span class='ocrx_word' id='word_1_534' title='bbox 829 3829 999 3901; x_wconf 87' lang='lat' dir='ltr'>plena</span> <span class='ocrx_word' id='word_1_535' title='bbox 1046 3827 1189 3882; x_wconf 89' lang='lat' dir='ltr'>luna</span> <span class='ocrx_word' id='word_1_536' title='bbox 1238 3827 1350 3883; x_wconf 88' lang='lat' dir='ltr'>sita</span> <span class='ocrx_word' id='word_1_537' title='bbox 1408 3829 1518 3889; x_wconf 87' lang='lat' dir='ltr'>est,</span> <span class='ocrx_word' id='word_1_538' title='bbox 1569 3825 1715 3881; x_wconf 84' lang='lat' dir='ltr'>radii</span> <span class='ocrx_word' id='word_1_539' title='bbox 1763 3843 1878 3880; x_wconf 90' lang='lat' dir='ltr'>non</span> <span class='ocrx_word' id='word_1_540' title='bbox 1927 3827 1999 3883; x_wconf 91' lang='lat' dir='ltr'>ad</span> 
     </span>
    </p>
   </div>
   <div class='ocr_carea' id='block_1_75' title="bbox 353 3913 1998 3990">
    <p class='ocr_par' dir='ltr' id='par_1_75' title="bbox 353 3913 1998 3990">
     <span class='ocr_line' id='line_1_75' title="bbox 353 3913 1998 3990; baseline -0.002 -15"><span class='ocrx_word' id='word_1_541' title='bbox 353 3925 569 3977; x_wconf 87' lang='lat' dir='ltr'>terram</span> <span class='ocrx_word' id='word_1_542' title='bbox 594 3921 961 3990; x_wconf 82' lang='lat' dir='ltr'>frangantur,</span> <span class='ocrx_word' id='word_1_543' title='bbox 1010 3916 1110 3971; x_wconf 88' lang='lat' dir='ltr'>sed</span> <span class='ocrx_word' id='word_1_544' title='bbox 1153 3915 1222 3970; x_wconf 86' lang='lat' dir='ltr'>ad</span> <span class='ocrx_word' id='word_1_545' title='bbox 1275 3915 1478 3970; x_wconf 90' lang='lat' dir='ltr'>solem.</span> <span class='ocrx_word' id='word_1_546' title='bbox 1527 3915 1598 3969; x_wconf 89' lang='lat' dir='ltr'>Et</span> <span class='ocrx_word' id='word_1_547' title='bbox 1646 3913 1842 3970; x_wconf 72' lang='lat' dir='ltr'>multae</span> <span class='ocrx_word' id='word_1_548' title='bbox 1876 3915 1998 3971; x_wconf 63' lang='lat' dir='ltr'>aliae</span> 
     </span>
    </p>
   </div>
   <div class='ocr_carea' id='block_1_76' title="bbox 354 4004 1996 4076">
    <p class='ocr_par' dir='ltr' id='par_1_76' title="bbox 354 4004 1996 4076">
     <span class='ocr_line' id='line_1_76' title="bbox 354 4004 1996 4076; baseline -0.001 -13"><span class='ocrx_word' id='word_1_549' title='bbox 354 4007 886 4066; x_wconf 83' lang='lat' dir='ltr'>demonstrationes</span> <span class='ocrx_word' id='word_1_550' title='bbox 952 4005 1372 4076; x_wconf 68' lang='lat' dir='ltr'>praecedentem</span> <span class='ocrx_word' id='word_1_551' title='bbox 1432 4004 1996 4061; x_wconf 85' lang='lat' dir='ltr'>demonstrationem</span> 
     </span>
    </p>
   </div>
   <div class='ocr_carea' id='block_1_77' title="bbox 349 4093 2001 4168">
    <p class='ocr_par' dir='ltr' id='par_1_77' title="bbox 349 4093 2001 4168">
     <span class='ocr_line' id='line_1_77' title="bbox 349 4093 2001 4168; baseline -0.004 -13"><span class='ocrx_word' id='word_1_552' title='bbox 349 4099 674 4155; x_wconf 84' lang='lat' dir='ltr'>confutant.</span> <span class='ocrx_word' id='word_1_553' title='bbox 708 4097 988 4168; x_wconf 86' lang='lat' dir='ltr'>Superest</span> <span class='ocrx_word' id='word_1_554' title='bbox 1033 4095 1218 4166; x_wconf 86' lang='lat' dir='ltr'>igitur</span> <span class='ocrx_word' id='word_1_555' title='bbox 1247 4099 1312 4148; x_wconf 89' lang='lat' dir='ltr'>ut</span> <span class='ocrx_word' id='word_1_556' title='bbox 1361 4109 1462 4165; x_wconf 89' lang='lat' dir='ltr'>per</span> <span class='ocrx_word' id='word_1_557' title='bbox 1491 4093 1911 4149; x_wconf 89' lang='lat' dir='ltr'>admissionem</span> <span class='ocrx_word' id='word_1_558' title='bbox 1943 4098 2001 4150; x_wconf 91' lang='lat' dir='ltr'>et</span> 
     </span>
    </p>
   </div>
   <div class='ocr_carea' id='block_1_78' title="bbox 344 4181 1998 4254">
    <p class='ocr_par' dir='ltr' id='par_1_78' title="bbox 344 4181 1998 4254">
     <span class='ocr_line' id='line_1_78' title="bbox 344 4181 1998 4254; baseline -0.004 -11"><span class='ocrx_word' id='word_1_559' title='bbox 344 4188 622 4243; x_wconf 87' lang='lat' dir='ltr'>unionem</span> <span class='ocrx_word' id='word_1_560' title='bbox 657 4201 789 4240; x_wconf 91' lang='lat' dir='ltr'>cum</span> <span class='ocrx_word' id='word_1_561' title='bbox 825 4183 965 4239; x_wconf 86' lang='lat' dir='ltr'>solis</span> <span class='ocrx_word' id='word_1_562' title='bbox 998 4183 1125 4237; x_wconf 91' lang='lat' dir='ltr'>luce</span> <span class='ocrx_word' id='word_1_563' title='bbox 1156 4181 1512 4247; x_wconf 86' lang='lat' dir='ltr'>illuminata,</span> <span class='ocrx_word' id='word_1_564' title='bbox 1545 4187 1712 4237; x_wconf 67' lang='lat' dir='ltr'>terra:</span> <span class='ocrx_word' id='word_1_565' title='bbox 1764 4199 1998 4254; x_wconf 90' lang='lat' dir='ltr'>quoque</span> 
     </span>
    </p>
   </div>
   <div class='ocr_carea' id='block_1_79' title="bbox 343 4271 1996 4343">
    <p class='ocr_par' dir='ltr' id='par_1_79' title="bbox 343 4271 1996 4343">
     <span class='ocr_line' id='line_1_79' title="bbox 343 4271 1996 4343; baseline -0.003 -11"><span class='ocrx_word' id='word_1_566' title='bbox 343 4277 542 4332; x_wconf 90' lang='lat' dir='ltr'>lumen</span> <span class='ocrx_word' id='word_1_567' title='bbox 575 4275 827 4331; x_wconf 87' lang='lat' dir='ltr'>emittat.</span> <span class='ocrx_word' id='word_1_568' title='bbox 858 4274 963 4328; x_wconf 92' lang='lat' dir='ltr'>Sed</span> <span class='ocrx_word' id='word_1_569' title='bbox 1000 4272 1120 4327; x_wconf 66' lang='lat' dir='ltr'>haec</span> <span class='ocrx_word' id='word_1_570' title='bbox 1165 4271 1382 4326; x_wconf 87' lang='lat' dir='ltr'>moveri</span> <span class='ocrx_word' id='word_1_571' title='bbox 1429 4275 1619 4343; x_wconf 85' lang='lat' dir='ltr'>potest</span> <span class='ocrx_word' id='word_1_572' title='bbox 1652 4271 1996 4342; x_wconf 75' lang='lat' dir='ltr'>difficultas,</span> 
     </span>
    </p>
   </div>
   <div class='ocr_carea' id='block_1_80' title="bbox 342 4359 1998 4432">
    <p class='ocr_par' dir='ltr' id='par_1_80' title="bbox 342 4359 1998 4432">
     <span class='ocr_line' id='line_1_80' title="bbox 342 4359 1998 4432; baseline -0.003 -11"><span class='ocrx_word' id='word_1_573' title='bbox 342 4365 392 4421; x_wconf 88' lang='lat' dir='ltr'>si</span> <span class='ocrx_word' id='word_1_574' title='bbox 424 4366 573 4420; x_wconf 77' lang='lat' dir='ltr'>lunae</span> <span class='ocrx_word' id='word_1_575' title='bbox 605 4364 1017 4419; x_wconf 88' lang='lat' dir='ltr'>immisceatur</span> <span class='ocrx_word' id='word_1_576' title='bbox 1040 4361 1183 4417; x_wconf 85' lang='lat' dir='ltr'>solis</span> <span class='ocrx_word' id='word_1_577' title='bbox 1216 4359 1441 4428; x_wconf 91' lang='lat' dir='ltr'>lumen,</span> <span class='ocrx_word' id='word_1_578' title='bbox 1472 4366 1766 4432; x_wconf 90' lang='lat' dir='ltr'>oporteret</span> <span class='ocrx_word' id='word_1_579' title='bbox 1792 4366 1855 4415; x_wconf 90' lang='lat' dir='ltr'>ut</span> <span class='ocrx_word' id='word_1_580' title='bbox 1879 4365 1998 4416; x_wconf 81' lang='lat' dir='ltr'>tota</span> 
     </span>
    </p>
   </div>
   <div class='ocr_carea' id='block_1_81' title="bbox 340 4449 1993 4522">
    <p class='ocr_par' dir='ltr' id='par_1_81' title="bbox 340 4449 1993 4522">
     <span class='ocr_line' id='line_1_81' title="bbox 340 4449 1993 4522; baseline -0.004 -13"><span class='ocrx_word' id='word_1_581' title='bbox 340 4453 779 4510; x_wconf 86' lang='lat' dir='ltr'>illuminaretur</span> <span class='ocrx_word' id='word_1_582' title='bbox 807 4456 862 4508; x_wconf 89' lang='lat' dir='ltr'>et</span> <span class='ocrx_word' id='word_1_583' title='bbox 895 4452 1126 4522; x_wconf 87' lang='lat' dir='ltr'>plenam</span> <span class='ocrx_word' id='word_1_584' title='bbox 1165 4449 1359 4504; x_wconf 90' lang='lat' dir='ltr'>lucem</span> <span class='ocrx_word' id='word_1_585' title='bbox 1403 4449 1681 4504; x_wconf 89' lang='lat' dir='ltr'>continuo</span> <span class='ocrx_word' id='word_1_586' title='bbox 1734 4449 1993 4504; x_wconf 87' lang='lat' dir='ltr'>haberet.</span> 
     </span>
    </p>
   </div>
   <div class='ocr_carea' id='block_1_82' title="bbox 2111 3289 3777 3355">
    <p class='ocr_par' dir='ltr' id='par_1_82' title="bbox 2111 3289 3777 3355">
     <span class='ocr_line' id='line_1_82' title="bbox 2111 3289 3777 3355; baseline 0 -9"><span class='ocrx_word' id='word_1_587' title='bbox 2111 3289 2207 3346; x_wconf 68' lang='grc' dir='ltr'>δύο</span> <span class='ocrx_word' id='word_1_588' title='bbox 2259 3290 2493 3347; x_wconf 74' lang='grc' dir='ltr'>διιοῦσαι</span> <span class='ocrx_word' id='word_1_589' title='bbox 2551 3290 2802 3350; x_wconf 78' lang='grc' dir='ltr'>σταδίων.</span> <span class='ocrx_word' id='word_1_590' title='bbox 2865 3291 3039 3350; x_wconf 85' lang='grc' dir='ltr'>Ἀλλὰ</span> <span class='ocrx_word' id='word_1_591' title='bbox 3094 3293 3183 3347; x_wconf 75' lang='grc' dir='ltr'>καὶ</span> <span class='ocrx_word' id='word_1_592' title='bbox 3244 3289 3431 3355; x_wconf 71' lang='grc' dir='ltr'>ἄλλως</span> <span class='ocrx_word' id='word_1_593' title='bbox 3469 3333 3482 3347; x_wconf 93' lang='grc'>.</span> <span class='ocrx_word' id='word_1_594' title='bbox 3516 3299 3684 3347; x_wconf 79' lang='grc' dir='ltr'>πᾶσαι</span> <span class='ocrx_word' id='word_1_595' title='bbox 3724 3295 3777 3348; x_wconf 68' lang='grc' dir='ltr'>αἱ</span> 
     </span>
    </p>
   </div>
   <div class='ocr_carea' id='block_1_83' title="bbox 2109 3379 3776 3452">
    <p class='ocr_par' dir='ltr' id='par_1_83' title="bbox 2109 3379 3776 3452">
     <span class='ocr_line' id='line_1_83' title="bbox 2109 3379 3776 3452; baseline 0.001 -18"><span class='ocrx_word' id='word_1_596' title='bbox 2109 3380 2528 3444; x_wconf 70' lang='grc' dir='ltr'>ἀντανακλάσεις</span> <span class='ocrx_word' id='word_1_597' title='bbox 2586 3381 2688 3452; x_wconf 76' lang='grc' dir='ltr'>ἀεὶ,</span> <span class='ocrx_word' id='word_1_598' title='bbox 2750 3383 2822 3443; x_wconf 82' lang='grc' dir='ltr'>ὡς</span> <span class='ocrx_word' id='word_1_599' title='bbox 2883 3381 2936 3436; x_wconf 74' lang='grc' dir='ltr'>ἐν</span> <span class='ocrx_word' id='word_1_600' title='bbox 2997 3388 3105 3444; x_wconf 89' lang='grc' dir='ltr'>εοῖς</span> <span class='ocrx_word' id='word_1_601' title='bbox 3165 3382 3414 3444; x_wconf 74' lang='grc' dir='ltr'>δπτικοῖς</span> <span class='ocrx_word' id='word_1_602' title='bbox 3471 3379 3776 3448; x_wconf 81' lang='grc' dir='ltr'>δείκνυται,</span> 
     </span>
    </p>
   </div>
   <div class='ocr_carea' id='block_1_84' title="bbox 2108 3468 3773 3545">
    <p class='ocr_par' dir='ltr' id='par_1_84' title="bbox 2108 3468 3773 3545">
     <span class='ocr_line' id='line_1_84' title="bbox 2108 3468 3773 3545; baseline -0.001 -20"><span class='ocrx_word' id='word_1_603' title='bbox 2108 3477 2222 3525; x_wconf 81' lang='grc' dir='ltr'>κατ’</span> <span class='ocrx_word' id='word_1_604' title='bbox 2280 3468 2397 3533; x_wconf 64' lang='grc' dir='ltr'>ἴσας</span> <span class='ocrx_word' id='word_1_605' title='bbox 2448 3470 2647 3545; x_wconf 80' lang='grc' dir='ltr'>γωνίας</span> <span class='ocrx_word' id='word_1_606' title='bbox 2706 3470 3063 3543; x_wconf 86' lang='grc' dir='ltr'>ἀνακλῶνται,</span> <span class='ocrx_word' id='word_1_607' title='bbox 3123 3471 3211 3526; x_wconf 81' lang='grc' dir='ltr'>καὶ</span> <span class='ocrx_word' id='word_1_608' title='bbox 3281 3472 3326 3526; x_wconf 81' lang='grc' dir='ltr'>εἶ</span> <span class='ocrx_word' id='word_1_609' title='bbox 3382 3475 3636 3526; x_wconf 74' lang='grc' dir='ltr'>τοιοῦτον</span> <span class='ocrx_word' id='word_1_610' title='bbox 3703 3469 3773 3542; x_wconf 75' lang='grc' dir='ltr'>ἤν</span> 
     </span>
    </p>
   </div>
   <div class='ocr_carea' id='block_1_85' title="bbox 2111 3554 3775 3636">
    <p class='ocr_par' dir='ltr' id='par_1_85' title="bbox 2111 3554 3775 3636">
     <span class='ocr_line' id='line_1_85' title="bbox 2111 3554 3775 3636; baseline 0.002 -23"><span class='ocrx_word' id='word_1_611' title='bbox 2111 3559 2196 3614; x_wconf 79' lang='grc' dir='ltr'>ἐπὶ</span> <span class='ocrx_word' id='word_1_612' title='bbox 2251 3567 2350 3630; x_wconf 79' lang='grc' dir='ltr'>τῆς</span> <span class='ocrx_word' id='word_1_613' title='bbox 2389 3557 2645 3630; x_wconf 72' lang='grc' dir='ltr'>σελήνης,</span> <span class='ocrx_word' id='word_1_614' title='bbox 2679 3554 2810 3629; x_wconf 76' lang='grc' dir='ltr'>ἔδει,</span> <span class='ocrx_word' id='word_1_615' title='bbox 2852 3559 2941 3614; x_wconf 83' lang='grc' dir='ltr'>ὅτε</span> <span class='ocrx_word' id='word_1_616' title='bbox 2989 3561 3126 3615; x_wconf 80' lang='grc' dir='ltr'>κατὰ</span> <span class='ocrx_word' id='word_1_617' title='bbox 3175 3558 3464 3636; x_wconf 81' lang='grc' dir='ltr'>διάμετρόν</span> <span class='ocrx_word' id='word_1_618' title='bbox 3523 3559 3775 3616; x_wconf 84' lang='grc' dir='ltr'>ἐστιτοῦ</span> 
     </span>
    </p>
   </div>
   <div class='ocr_carea' id='block_1_86' title="bbox 2109 3646 3764 3724">
    <p class='ocr_par' dir='ltr' id='par_1_86' title="bbox 2109 3646 3764 3724">
     <span class='ocr_line' id='line_1_86' title="bbox 2109 3646 3764 3724; baseline 0.001 -22"><span class='ocrx_word' id='word_1_619' title='bbox 2109 3646 2274 3717; x_wconf 84' lang='grc' dir='ltr'>ἡλίου</span> <span class='ocrx_word' id='word_1_620' title='bbox 2332 3647 2382 3703; x_wconf 82' lang='grc' dir='ltr'>ἐν</span> <span class='ocrx_word' id='word_1_621' title='bbox 2433 3647 2781 3722; x_wconf 73' lang='grc' dir='ltr'>πανσελήνῳ,</span> <span class='ocrx_word' id='word_1_622' title='bbox 2845 3650 2920 3721; x_wconf 80' lang='grc' dir='ltr'>μὴ</span> <span class='ocrx_word' id='word_1_623' title='bbox 2954 3650 3102 3704; x_wconf 79' lang='grc' dir='ltr'>κάτω</span> <span class='ocrx_word' id='word_1_624' title='bbox 3135 3649 3219 3703; x_wconf 74' lang='grc' dir='ltr'>έπὶ</span> <span class='ocrx_word' id='word_1_625' title='bbox 3253 3651 3351 3718; x_wconf 81' lang='grc' dir='ltr'>τήν</span> <span class='ocrx_word' id='word_1_626' title='bbox 3383 3657 3484 3724; x_wconf 76' lang='grc' dir='ltr'>γῆν</span> <span class='ocrx_word' id='word_1_627' title='bbox 3518 3648 3764 3704; x_wconf 80' lang='grc' dir='ltr'>ἀνακλᾶ-</span> 
     </span>
    </p>
   </div>
   <div class='ocr_carea' id='block_1_87' title="bbox 2111 3733 3780 3814">
    <p class='ocr_par' dir='ltr' id='par_1_87' title="bbox 2111 3733 3780 3814">
     <span class='ocr_line' id='line_1_87' title="bbox 2111 3733 3780 3814; baseline 0.002 -24"><span class='ocrx_word' id='word_1_628' title='bbox 2111 3748 2229 3801; x_wconf 85' lang='grc' dir='ltr'>σθαι</span> <span class='ocrx_word' id='word_1_629' title='bbox 2259 3739 2354 3800; x_wconf 77' lang='grc' dir='ltr'>τὰς</span> <span class='ocrx_word' id='word_1_630' title='bbox 2387 3737 2621 3808; x_wconf 83' lang='grc' dir='ltr'>ἀκτίνας,</span> <span class='ocrx_word' id='word_1_631' title='bbox 2665 3735 2811 3792; x_wconf 79' lang='grc' dir='ltr'>ἀλλὰ</span> <span class='ocrx_word' id='word_1_632' title='bbox 2859 3738 2996 3812; x_wconf 84' lang='grc' dir='ltr'>πρὸς</span> <span class='ocrx_word' id='word_1_633' title='bbox 3039 3738 3132 3792; x_wconf 88' lang='grc' dir='ltr'>τὸν</span> <span class='ocrx_word' id='word_1_634' title='bbox 3180 3735 3363 3806; x_wconf 70' lang='grc' dir='ltr'>ἥλιον.</span> <span class='ocrx_word' id='word_1_635' title='bbox 3429 3737 3522 3791; x_wconf 75' lang='grc' dir='ltr'>Καὶ</span> <span class='ocrx_word' id='word_1_636' title='bbox 3581 3733 3780 3814; x_wconf 73' lang='grc' dir='ltr'>ἕτεραι.</span> 
     </span>
    </p>
   </div>
   <div class='ocr_carea' id='block_1_88' title="bbox 2108 3821 3768 3902">
    <p class='ocr_par' dir='ltr' id='par_1_88' title="bbox 2108 3821 3768 3902">
     <span class='ocr_line' id='line_1_88' title="bbox 2108 3821 3768 3902; baseline 0.001 -21"><span class='ocrx_word' id='word_1_637' title='bbox 2108 3825 2316 3882; x_wconf 78' lang='grc' dir='ltr'>πολλαὶ</span> <span class='ocrx_word' id='word_1_638' title='bbox 2368 3824 2554 3897; x_wconf 79' lang='grc' dir='ltr'>δείξεις</span> <span class='ocrx_word' id='word_1_639' title='bbox 2612 3825 2966 3902; x_wconf 83' lang='grc' dir='ltr'>ἀνατρέπουσι</span> <span class='ocrx_word' id='word_1_640' title='bbox 3022 3825 3222 3898; x_wconf 79' lang='grc' dir='ltr'>ταύτην</span> <span class='ocrx_word' id='word_1_641' title='bbox 3275 3828 3376 3896; x_wconf 77' lang='grc' dir='ltr'>τὴν</span> <span class='ocrx_word' id='word_1_642' title='bbox 3426 3821 3603 3898; x_wconf 75' lang='grc' dir='ltr'>δόξαν.</span> <span class='ocrx_word' id='word_1_643' title='bbox 3641 3827 3768 3883; x_wconf 78' lang='grc' dir='ltr'>Λεί-</span> 
     </span>
    </p>
   </div>
   <div class='ocr_carea' id='block_1_89' title="bbox 2107 3910 3778 3991">
    <p class='ocr_par' dir='ltr' id='par_1_89' title="bbox 2107 3910 3778 3991">
     <span class='ocr_line' id='line_1_89' title="bbox 2107 3910 3778 3991; baseline 0.001 -21"><span class='ocrx_word' id='word_1_644' title='bbox 2107 3937 2262 3971; x_wconf 91' lang='grc' dir='ltr'>πεται</span> <span class='ocrx_word' id='word_1_645' title='bbox 2315 3914 2522 3986; x_wconf 85' lang='grc' dir='ltr'>τοίνυν,</span> <span class='ocrx_word' id='word_1_646' title='bbox 2579 3917 2696 3980; x_wconf 74' lang='grc' dir='ltr'>καθ’</span> <span class='ocrx_word' id='word_1_647' title='bbox 2771 3913 3055 3991; x_wconf 80' lang='grc' dir='ltr'>ὑποδοχὴν</span> <span class='ocrx_word' id='word_1_648' title='bbox 3117 3916 3206 3971; x_wconf 84' lang='grc' dir='ltr'>καὶ</span> <span class='ocrx_word' id='word_1_649' title='bbox 3265 3910 3455 3970; x_wconf 74' lang='grc' dir='ltr'>ἕνωσιν</span> <span class='ocrx_word' id='word_1_650' title='bbox 3505 3917 3646 3990; x_wconf 82' lang='grc' dir='ltr'>πρὸς</span> <span class='ocrx_word' id='word_1_651' title='bbox 3713 3917 3778 3972; x_wconf 81' lang='grc' dir='ltr'>τὸ</span> 
     </span>
    </p>
   </div>
   <div class='ocr_carea' id='block_1_90' title="bbox 2107 4002 3780 4082">
    <p class='ocr_par' dir='ltr' id='par_1_90' title="bbox 2107 4002 3780 4082">
     <span class='ocr_line' id='line_1_90' title="bbox 2107 4002 3780 4082; baseline -0.002 -22"><span class='ocrx_word' id='word_1_652' title='bbox 2107 4004 2338 4074; x_wconf 79' lang='grc' dir='ltr'>ἡλιακὸν</span> <span class='ocrx_word' id='word_1_653' title='bbox 2371 4009 2485 4082; x_wconf 83' lang='grc' dir='ltr'>φῶς</span> <span class='ocrx_word' id='word_1_654' title='bbox 2535 4003 2700 4074; x_wconf 70' lang='grc' dir='ltr'>αὐτὴν</span> <span class='ocrx_word' id='word_1_655' title='bbox 2756 4002 3240 4077; x_wconf 69' lang='grc' dir='ltr'>ἐπιλαμπομένην,</span> <span class='ocrx_word' id='word_1_656' title='bbox 3296 4003 3628 4076; x_wconf 77' lang='grc' dir='ltr'>έπιλάμπειν</span> <span class='ocrx_word' id='word_1_657' title='bbox 3679 4005 3780 4060; x_wconf 72' lang='grc' dir='ltr'>καὶ</span> 
     </span>
    </p>
   </div>
   <div class='ocr_carea' id='block_1_91' title="bbox 2105 4090 3780 4168">
    <p class='ocr_par' dir='ltr' id='par_1_91' title="bbox 2105 4090 3780 4168">
     <span class='ocr_line' id='line_1_91' title="bbox 2105 4090 3780 4168; baseline 0.001 -20"><span class='ocrx_word' id='word_1_658' title='bbox 2105 4099 2221 4155; x_wconf 84' lang='grc' dir='ltr'>τοῖς</span> <span class='ocrx_word' id='word_1_659' title='bbox 2250 4091 2400 4167; x_wconf 81' lang='grc' dir='ltr'>τῇδε.</span> <span class='ocrx_word' id='word_1_660' title='bbox 2443 4095 2767 4168; x_wconf 75' lang='grc' dir='ltr'>Ἀπορήσειε</span> <span class='ocrx_word' id='word_1_661' title='bbox 2801 4090 2848 4148; x_wconf 85' lang='grc' dir='ltr'>δ’</span> <span class='ocrx_word' id='word_1_662' title='bbox 2892 4091 2952 4147; x_wconf 78' lang='grc' dir='ltr'>ἄν</span> <span class='ocrx_word' id='word_1_663' title='bbox 2998 4113 3104 4166; x_wconf 85' lang='grc' dir='ltr'>τις,</span> <span class='ocrx_word' id='word_1_664' title='bbox 3151 4093 3196 4147; x_wconf 80' lang='lat' dir='ltr'>sl</span> <span class='ocrx_word' id='word_1_665' title='bbox 3246 4094 3500 4168; x_wconf 84' lang='grc' dir='ltr'>κέκραται</span> <span class='ocrx_word' id='word_1_666' title='bbox 3533 4092 3679 4166; x_wconf 73' lang='grc' dir='ltr'>αὐτῇ</span> <span class='ocrx_word' id='word_1_667' title='bbox 3714 4095 3780 4149; x_wconf 79' lang='grc' dir='ltr'>τὸ</span> 
     </span>
    </p>
   </div>
   <div class='ocr_carea' id='block_1_92' title="bbox 2105 4178 3778 4259">
    <p class='ocr_par' dir='ltr' id='par_1_92' title="bbox 2105 4178 3778 4259">
     <span class='ocr_line' id='line_1_92' title="bbox 2105 4178 3778 4259; baseline 0 -21"><span class='ocrx_word' id='word_1_668' title='bbox 2105 4181 2337 4253; x_wconf 79' lang='grc' dir='ltr'>ἡλιακὸν</span> <span class='ocrx_word' id='word_1_669' title='bbox 2371 4187 2508 4258; x_wconf 83' lang='grc' dir='ltr'>φῶς,</span> <span class='ocrx_word' id='word_1_670' title='bbox 2543 4178 2681 4251; x_wconf 71' lang='grc' dir='ltr'>ὅλην</span> <span class='ocrx_word' id='word_1_671' title='bbox 2732 4179 2838 4236; x_wconf 81' lang='grc' dir='ltr'>ἔδει</span> <span class='ocrx_word' id='word_1_672' title='bbox 2888 4182 3058 4252; x_wconf 73' lang='grc' dir='ltr'>αὐτὴν</span> <span class='ocrx_word' id='word_1_673' title='bbox 3108 4181 3456 4259; x_wconf 79' lang='grc' dir='ltr'>φωτίζεσθαι,</span> <span class='ocrx_word' id='word_1_674' title='bbox 3487 4183 3577 4236; x_wconf 77' lang='grc' dir='ltr'>καὶ</span> <span class='ocrx_word' id='word_1_675' title='bbox 3614 4181 3778 4254; x_wconf 87' lang='grc' dir='ltr'>πλη-</span> 
     </span>
    </p>
   </div>
   <div class='ocr_carea' id='block_1_93' title="bbox 2107 4269 3778 4347">
    <p class='ocr_par' dir='ltr' id='par_1_93' title="bbox 2107 4269 3778 4347">
     <span class='ocr_line' id='line_1_93' title="bbox 2107 4269 3778 4347; baseline 0 -20"><span class='ocrx_word' id='word_1_676' title='bbox 2107 4279 2272 4346; x_wconf 83' lang='grc' dir='ltr'>σιφαῆ</span> <span class='ocrx_word' id='word_1_677' title='bbox 2331 4269 2596 4342; x_wconf 83' lang='grc' dir='ltr'>διηνεκῶς</span> <span class='ocrx_word' id='word_1_678' title='bbox 2645 4273 2798 4326; x_wconf 76' lang='grc' dir='ltr'>εἶναι.</span> <span class='ocrx_word' id='word_1_679' title='bbox 2852 4277 2955 4328; x_wconf 73' lang='grc' dir='ltr'>Καὶ</span> <span class='ocrx_word' id='word_1_680' title='bbox 3007 4269 3235 4347; x_wconf 85' lang='grc' dir='ltr'>λέγομεν</span> <span class='ocrx_word' id='word_1_681' title='bbox 3281 4271 3420 4346; x_wconf 77' lang='grc' dir='ltr'>πρὸς</span> <span class='ocrx_word' id='word_1_682' title='bbox 3460 4275 3653 4342; x_wconf 82' lang='grc' dir='ltr'>τοῦτο,</span> <span class='ocrx_word' id='word_1_683' title='bbox 3689 4272 3778 4327; x_wconf 76' lang='grc' dir='ltr'>ὅτι</span> 
     </span>
    </p>
   </div>
   <div class='ocr_carea' id='block_1_94' title="bbox 2104 4357 3774 4436">
    <p class='ocr_par' dir='ltr' id='par_1_94' title="bbox 2104 4357 3774 4436">
     <span class='ocr_line' id='line_1_94' title="bbox 2104 4357 3774 4436; baseline 0 -20"><span class='ocrx_word' id='word_1_684' title='bbox 2104 4360 2249 4416; x_wconf 76' lang='grc' dir='ltr'>πολὺ</span> <span class='ocrx_word' id='word_1_685' title='bbox 2279 4363 2341 4416; x_wconf 83' lang='grc' dir='ltr'>τὸ</span> <span class='ocrx_word' id='word_1_686' title='bbox 2395 4360 2560 4436; x_wconf 77' lang='grc' dir='ltr'>βάθος</span> <span class='ocrx_word' id='word_1_687' title='bbox 2609 4359 2727 4436; x_wconf 68' lang='grc' dir='ltr'>ἔχει</span> <span class='ocrx_word' id='word_1_688' title='bbox 2784 4361 2876 4414; x_wconf 84' lang='grc' dir='ltr'>καὶ</span> <span class='ocrx_word' id='word_1_689' title='bbox 2941 4361 3206 4433; x_wconf 87' lang='grc' dir='ltr'>μεγίστην</span> <span class='ocrx_word' id='word_1_690' title='bbox 3254 4362 3355 4430; x_wconf 69' lang='grc' dir='ltr'>τήν</span> <span class='ocrx_word' id='word_1_691' title='bbox 3416 4357 3721 4434; x_wconf 79' lang='grc' dir='ltr'>διάμετρον</span> <span class='ocrx_word' id='word_1_692' title='bbox 3760 4381 3774 4393; x_wconf 81' lang='lat'><strong><em>°</em></strong></span> 
     </span>
    </p>
   </div>
   <div class='ocr_carea' id='block_1_95' title="bbox 2103 4448 3781 4526">
    <p class='ocr_par' dir='ltr' id='par_1_95' title="bbox 2103 4448 3781 4526">
     <span class='ocr_line' id='line_1_95' title="bbox 2103 4448 3781 4526; baseline 0 -22"><span class='ocrx_word' id='word_1_693' title='bbox 2103 4450 2192 4504; x_wconf 80' lang='grc' dir='ltr'>καὶ</span> <span class='ocrx_word' id='word_1_694' title='bbox 2251 4448 2341 4504; x_wconf 68' lang='grc' dir='ltr'>διὰ</span> <span class='ocrx_word' id='word_1_695' title='bbox 2391 4454 2554 4504; x_wconf 71' lang='grc' dir='ltr'>τοῦτο</span> <span class='ocrx_word' id='word_1_696' title='bbox 2581 4451 2645 4505; x_wconf 84' lang='grc' dir='ltr'>οὐ</span> <span class='ocrx_word' id='word_1_697' title='bbox 2683 4451 2848 4526; x_wconf 82' lang='grc' dir='ltr'>μέχρι</span> <span class='ocrx_word' id='word_1_698' title='bbox 2881 4449 3057 4520; x_wconf 75' lang='grc' dir='ltr'>πάσης</span> <span class='ocrx_word' id='word_1_699' title='bbox 3105 4450 3160 4504; x_wconf 75' lang='grc' dir='ltr'>αἱ</span> <span class='ocrx_word' id='word_1_700' title='bbox 3214 4454 3312 4504; x_wconf 76' lang='grc' dir='ltr'>τοῦ</span> <span class='ocrx_word' id='word_1_701' title='bbox 3353 4449 3520 4520; x_wconf 84' lang='grc' dir='ltr'>ἡλίου</span> <span class='ocrx_word' id='word_1_702' title='bbox 3553 4449 3781 4512; x_wconf 80' lang='grc' dir='ltr'>ἀκτῖνες</span> 
     </span>
    </p>
   </div>
   <div class='ocr_carea' id='block_1_96' title="bbox 339 4535 2005 4620">
    <p class='ocr_par' dir='ltr' id='par_1_96' title="bbox 339 4537 1994 4614">
     <span class='ocr_line' id='line_1_96' title="bbox 339 4537 1994 4614; baseline -0.005 -14"><span class='ocrx_word' id='word_1_703' title='bbox 339 4545 420 4600; x_wconf 87' lang='lat' dir='ltr'>Ad</span> <span class='ocrx_word' id='word_1_704' title='bbox 455 4543 512 4596; x_wconf 91' lang='lat' dir='ltr'>id</span> <span class='ocrx_word' id='word_1_705' title='bbox 547 4543 971 4614; x_wconf 88' lang='lat' dir='ltr'>respondemus</span> <span class='ocrx_word' id='word_1_706' title='bbox 1002 4556 1132 4595; x_wconf 90' lang='lat' dir='ltr'>eam</span> <span class='ocrx_word' id='word_1_707' title='bbox 1168 4537 1696 4610; x_wconf 85' lang='lat' dir='ltr'>profundissimam</span> <span class='ocrx_word' id='word_1_708' title='bbox 1715 4554 1844 4592; x_wconf 89' lang='lat' dir='ltr'>esse</span> <span class='ocrx_word' id='word_1_709' title='bbox 1873 4554 1994 4592; x_wconf 88' lang='lat' dir='ltr'>ma-</span> 
     </span>
    </p>
   </div>
   <div class='ocr_carea' id='block_1_97' title="bbox 2120 4535 3778 4620">
    <p class='ocr_par' dir='ltr' id='par_1_97' title="bbox 2120 4535 3778 4607">
     <span class='ocr_line' id='line_1_97' title="bbox 2120 4535 3778 4607; baseline 0.001 -13"><span class='ocrx_word' id='word_1_710' title='bbox 2120 4538 2458 4607; x_wconf 73' lang='grc' dir='ltr'>Ξιικνοῦνται,</span> <span class='ocrx_word' id='word_1_711' title='bbox 2518 4537 2648 4594; x_wconf 77' lang='grc' dir='ltr'>ἀλλ’</span> <span class='ocrx_word' id='word_1_712' title='bbox 2697 4540 2784 4592; x_wconf 80' lang='grc' dir='ltr'>ἐπὶ</span> <span class='ocrx_word' id='word_1_713' title='bbox 2835 4537 3092 4593; x_wconf 86' lang='grc' dir='ltr'>πλεῖστον</span> <span class='ocrx_word' id='word_1_714' title='bbox 3155 4535 3412 4605; x_wconf 77' lang='grc' dir='ltr'>διιοῦσαι,</span> <span class='ocrx_word' id='word_1_715' title='bbox 3471 4537 3778 4596; x_wconf 70' lang='grc' dir='ltr'>παύονται.</span> 
     </span>
    </p>
   </div>
   <div class='ocr_carea' id='block_1_98' title="bbox 340 4627 1992 4702">
    <p class='ocr_par' dir='ltr' id='par_1_98' title="bbox 340 4627 1992 4702">
     <span class='ocr_line' id='line_1_98' title="bbox 340 4627 1992 4702; baseline -0.004 -15"><span class='ocrx_word' id='word_1_716' title='bbox 340 4633 680 4702; x_wconf 80' lang='lat' dir='ltr'>ximumque</span> <span class='ocrx_word' id='word_1_717' title='bbox 712 4629 924 4684; x_wconf 88' lang='lat' dir='ltr'>habere</span> <span class='ocrx_word' id='word_1_718' title='bbox 958 4628 1333 4683; x_wconf 90' lang='lat' dir='ltr'>diametrum.</span> <span class='ocrx_word' id='word_1_719' title='bbox 1380 4627 1447 4680; x_wconf 89' lang='lat' dir='ltr'>Et</span> <span class='ocrx_word' id='word_1_720' title='bbox 1478 4627 1607 4681; x_wconf 89' lang='lat' dir='ltr'>ideo</span> <span class='ocrx_word' id='word_1_721' title='bbox 1663 4643 1778 4680; x_wconf 93' lang='lat' dir='ltr'>non</span> <span class='ocrx_word' id='word_1_722' title='bbox 1811 4632 1992 4681; x_wconf 86' lang='lat' dir='ltr'>totam</span> 
     </span>
    </p>
   </div>
   <div class='ocr_carea' id='block_1_99' title="bbox 341 4716 1994 4787">
    <p class='ocr_par' dir='ltr' id='par_1_99' title="bbox 341 4716 1994 4787">
     <span class='ocr_line' id='line_1_99' title="bbox 341 4716 1994 4787; baseline -0.005 -11"><span class='ocrx_word' id='word_1_723' title='bbox 341 4725 651 4777; x_wconf 88' lang='lat' dir='ltr'>transeunt</span> <span class='ocrx_word' id='word_1_724' title='bbox 669 4719 890 4775; x_wconf 90' lang='lat' dir='ltr'>solares</span> <span class='ocrx_word' id='word_1_725' title='bbox 924 4717 1195 4786; x_wconf 87' lang='lat' dir='ltr'>radii,sed</span> <span class='ocrx_word' id='word_1_726' title='bbox 1231 4719 1542 4787; x_wconf 87' lang='lat' dir='ltr'>postquam</span> <span class='ocrx_word' id='word_1_727' title='bbox 1577 4730 1707 4769; x_wconf 86' lang='lat' dir='ltr'>eam</span> <span class='ocrx_word' id='word_1_728' title='bbox 1738 4716 1994 4769; x_wconf 86' lang='lat' dir='ltr'>maxima</span> 
     </span>
    </p>
   </div>
   <div class='ocr_carea' id='block_1_100' title="bbox 341 4804 1993 4884">
    <p class='ocr_par' dir='ltr' id='par_1_100' title="bbox 341 4804 1993 4884">
     <span class='ocr_line' id='line_1_100' title="bbox 341 4804 1993 4884; baseline -0.005 -17"><span class='ocrx_word' id='word_1_729' title='bbox 341 4817 502 4884; x_wconf 87' lang='lat' dir='ltr'>parte</span> <span class='ocrx_word' id='word_1_730' title='bbox 533 4809 918 4874; x_wconf 86' lang='lat' dir='ltr'>transierunt,</span> <span class='ocrx_word' id='word_1_731' title='bbox 955 4807 1261 4861; x_wconf 83' lang='lat' dir='ltr'>ﬁniuntur.</span> <span class='ocrx_word' id='word_1_732' title='bbox 1314 4804 1669 4876; x_wconf 63' lang='lat' dir='ltr'>Sphmricam</span> <span class='ocrx_word' id='word_1_733' title='bbox 1702 4820 1834 4858; x_wconf 91' lang='lat' dir='ltr'>vero</span> <span class='ocrx_word' id='word_1_734' title='bbox 1866 4820 1993 4860; x_wconf 89' lang='lat' dir='ltr'>esse</span> 
     </span>
    </p>
   </div>
   <div class='ocr_carea' id='block_1_101' title="bbox 341 4891 1991 4971">
    <p class='ocr_par' dir='ltr' id='par_1_101' title="bbox 341 4891 1991 4971">
     <span class='ocr_line' id='line_1_101' title="bbox 341 4891 1991 4971; baseline -0.006 -15"><span class='ocrx_word' id='word_1_735' title='bbox 341 4902 469 4971; x_wconf 86' lang='lat' dir='ltr'>ejus</span> <span class='ocrx_word' id='word_1_736' title='bbox 503 4900 744 4954; x_wconf 83' lang='lat' dir='ltr'>formam</span> <span class='ocrx_word' id='word_1_737' title='bbox 799 4901 954 4968; x_wconf 87' lang='lat' dir='ltr'>patet</span> <span class='ocrx_word' id='word_1_738' title='bbox 984 4912 1054 4950; x_wconf 79' lang='lat' dir='ltr'>ex</span> <span class='ocrx_word' id='word_1_739' title='bbox 1101 4896 1229 4964; x_wconf 80' lang='lat' dir='ltr'>eius</span> <span class='ocrx_word' id='word_1_740' title='bbox 1280 4893 1525 4962; x_wconf 89' lang='lat' dir='ltr'>lumine,</span> <span class='ocrx_word' id='word_1_741' title='bbox 1580 4893 1626 4947; x_wconf 92' lang='lat' dir='ltr'>si</span> <span class='ocrx_word' id='word_1_742' title='bbox 1661 4891 1815 4947; x_wconf 90' lang='lat' dir='ltr'>enim</span> <span class='ocrx_word' id='word_1_743' title='bbox 1849 4892 1991 4948; x_wconf 91' lang='lat' dir='ltr'>disci</span> 
     </span>
    </p>
   </div>
   <div class='ocr_carea' id='block_1_102' title="bbox 345 4981 1990 5052">
    <p class='ocr_par' dir='ltr' id='par_1_102' title="bbox 345 4981 1990 5052">
     <span class='ocr_line' id='line_1_102' title="bbox 345 4981 1990 5052; baseline -0.004 -9"><span class='ocrx_word' id='word_1_744' title='bbox 345 4990 590 5044; x_wconf 77' lang='lat' dir='ltr'>formam</span> <span class='ocrx_word' id='word_1_745' title='bbox 637 4987 899 5052; x_wconf 86' lang='lat' dir='ltr'>haberet,</span> <span class='ocrx_word' id='word_1_746' title='bbox 947 4983 1126 5039; x_wconf 87' lang='lat' dir='ltr'>simul</span> <span class='ocrx_word' id='word_1_747' title='bbox 1175 4999 1242 5036; x_wconf 89' lang='lat' dir='ltr'>ac</span> <span class='ocrx_word' id='word_1_748' title='bbox 1285 4981 1344 5036; x_wconf 94' lang='lat' dir='ltr'>in</span> <span class='ocrx_word' id='word_1_749' title='bbox 1392 4998 1521 5036; x_wconf 88' lang='lat' dir='ltr'>eam</span> <span class='ocrx_word' id='word_1_750' title='bbox 1575 4981 1795 5036; x_wconf 73' lang='lat' dir='ltr'>salares</span> <span class='ocrx_word' id='word_1_751' title='bbox 1847 4982 1990 5036; x_wconf 89' lang='lat' dir='ltr'>radii</span> 
     </span>
    </p>
   </div>
   <div class='ocr_carea' id='block_1_103' title="bbox 338 5069 1995 5142">
    <p class='ocr_par' dir='ltr' id='par_1_103' title="bbox 338 5069 1995 5142">
     <span class='ocr_line' id='line_1_103' title="bbox 338 5069 1995 5142; baseline -0.004 -11"><span class='ocrx_word' id='word_1_752' title='bbox 338 5069 1612 5142; x_wconf 87' lang='lat' dir='ltr'>inciderent,illuminaretur,nullaeurvitate</span> <span class='ocrx_word' id='word_1_753' title='bbox 1626 5070 1859 5125; x_wconf 89' lang='lat' dir='ltr'>luminis</span> <span class='ocrx_word' id='word_1_754' title='bbox 1873 5071 1995 5125; x_wconf 80' lang='lat' dir='ltr'>ofﬁ-</span> 
     </span>
    </p>
   </div>
   <div class='ocr_carea' id='block_1_104' title="bbox 340 5158 1995 5233">
    <p class='ocr_par' dir='ltr' id='par_1_104' title="bbox 340 5158 1995 5233">
     <span class='ocr_line' id='line_1_104' title="bbox 340 5158 1995 5233; baseline -0.002 -14"><span class='ocrx_word' id='word_1_755' title='bbox 340 5166 713 5233; x_wconf 88' lang='lat' dir='ltr'>ciente,nunc</span> <span class='ocrx_word' id='word_1_756' title='bbox 730 5169 924 5217; x_wconf 88' lang='lat' dir='ltr'>autem</span> <span class='ocrx_word' id='word_1_757' title='bbox 941 5177 1072 5215; x_wconf 90' lang='lat' dir='ltr'>cum</span> <span class='ocrx_word' id='word_1_758' title='bbox 1091 5158 1589 5230; x_wconf 72' lang='lat' dir='ltr'>sitspbaarica,per</span> <span class='ocrx_word' id='word_1_759' title='bbox 1602 5166 1796 5231; x_wconf 87' lang='lat' dir='ltr'>partes</span> <span class='ocrx_word' id='word_1_760' title='bbox 1815 5159 1995 5215; x_wconf 88' lang='lat' dir='ltr'>radiis</span> 
     </span>
    </p>
   </div>
   <div class='ocr_carea' id='block_1_105' title="bbox 339 5247 1994 5322">
    <p class='ocr_par' dir='ltr' id='par_1_105' title="bbox 339 5247 1994 5322">
     <span class='ocr_line' id='line_1_105' title="bbox 339 5247 1994 5322; baseline -0.002 -15"><span class='ocrx_word' id='word_1_761' title='bbox 339 5254 788 5308; x_wconf 87' lang='lat' dir='ltr'>illuminatureo</span> <span class='ocrx_word' id='word_1_762' title='bbox 802 5250 952 5322; x_wconf 89' lang='lat' dir='ltr'>quod</span> <span class='ocrx_word' id='word_1_763' title='bbox 969 5247 1234 5304; x_wconf 78' lang='lat' dir='ltr'>ofﬁciunt</span> <span class='ocrx_word' id='word_1_764' title='bbox 1249 5248 1440 5302; x_wconf 72' lang='lat' dir='ltr'>formae</span> <span class='ocrx_word' id='word_1_765' title='bbox 1455 5263 1573 5302; x_wconf 67' lang='lat' dir='ltr'>suae</span> <span class='ocrx_word' id='word_1_766' title='bbox 1588 5248 1870 5303; x_wconf 89' lang='lat' dir='ltr'>curvitate</span> <span class='ocrx_word' id='word_1_767' title='bbox 1886 5265 1994 5303; x_wconf 71' lang='lat' dir='ltr'>cie-</span> 
     </span>
    </p>
   </div>
   <div class='ocr_carea' id='block_1_106' title="bbox 339 5335 1992 5412">
    <p class='ocr_par' dir='ltr' id='par_1_106' title="bbox 339 5335 1992 5412">
     <span class='ocr_line' id='line_1_106' title="bbox 339 5335 1992 5412; baseline -0.002 -16"><span class='ocrx_word' id='word_1_768' title='bbox 339 5346 476 5396; x_wconf 76' lang='lat' dir='ltr'>terae</span> <span class='ocrx_word' id='word_1_769' title='bbox 491 5341 885 5412; x_wconf 73' lang='lat' dir='ltr'>partes.Luna3</span> <span class='ocrx_word' id='word_1_770' title='bbox 910 5341 1107 5393; x_wconf 87' lang='lat' dir='ltr'>autem</span> <span class='ocrx_word' id='word_1_771' title='bbox 1125 5335 1470 5407; x_wconf 84' lang='lat' dir='ltr'>magnitudo</span> <span class='ocrx_word' id='word_1_772' title='bbox 1495 5335 1686 5391; x_wconf 91' lang='lat' dir='ltr'>minor</span> <span class='ocrx_word' id='word_1_773' title='bbox 1701 5343 1792 5393; x_wconf 89' lang='lat' dir='ltr'>est</span> <span class='ocrx_word' id='word_1_774' title='bbox 1813 5354 1992 5410; x_wconf 87' lang='lat' dir='ltr'>quam</span> 
     </span>
    </p>
   </div>
   <div class='ocr_carea' id='block_1_107' title="bbox 336 5424 1994 5499">
    <p class='ocr_par' dir='ltr' id='par_1_107' title="bbox 336 5424 1994 5499">
     <span class='ocr_line' id='line_1_107' title="bbox 336 5424 1994 5499; baseline -0.002 -11"><span class='ocrx_word' id='word_1_775' title='bbox 336 5429 730 5499; x_wconf 66' lang='lat' dir='ltr'>terrae,tricies</span> <span class='ocrx_word' id='word_1_776' title='bbox 757 5427 977 5495; x_wconf 84' lang='lat' dir='ltr'>novies,</span> <span class='ocrx_word' id='word_1_777' title='bbox 1006 5426 1176 5497; x_wconf 84' lang='lat' dir='ltr'>juxta</span> <span class='ocrx_word' id='word_1_778' title='bbox 1206 5424 1352 5480; x_wconf 88' lang='lat' dir='ltr'>alios</span> <span class='ocrx_word' id='word_1_779' title='bbox 1377 5441 1529 5492; x_wconf 90' lang='lat' dir='ltr'>vero,</span> <span class='ocrx_word' id='word_1_780' title='bbox 1563 5425 1740 5482; x_wconf 88' lang='lat' dir='ltr'>vicies</span> <span class='ocrx_word' id='word_1_781' title='bbox 1774 5427 1994 5486; x_wconf 89' lang='lat' dir='ltr'>novies.</span> 
     </span>
    </p>
   </div>
   <div class='ocr_carea' id='block_1_108' title="bbox 853 5539 1475 5612">
    <p class='ocr_par' dir='ltr' id='par_1_108' title="bbox 853 5539 1475 5612">
     <span class='ocr_line' id='line_1_108' title="bbox 853 5539 1475 5612; baseline 0 -14"><span class='ocrx_word' id='word_1_782' title='bbox 853 5543 944 5601; x_wconf 88' lang='lat'>29.</span> <span class='ocrx_word' id='word_1_783' title='bbox 966 5543 1040 5600; x_wconf 82' lang='lat' dir='ltr'>De</span> <span class='ocrx_word' id='word_1_784' title='bbox 1069 5542 1212 5597; x_wconf 66' lang='lat' dir='ltr'>lunw</span> <span class='ocrx_word' id='word_1_785' title='bbox 1241 5539 1475 5612; x_wconf 80' lang='lat' dir='ltr'>defeclu.</span> 
     </span>
    </p>
   </div>
   <div class='ocr_carea' id='block_1_109' title="bbox 412 5638 1993 5718">
    <p class='ocr_par' dir='ltr' id='par_1_109' title="bbox 412 5638 1993 5718">
     <span class='ocr_line' id='line_1_109' title="bbox 412 5638 1993 5718; baseline -0.003 -12"><span class='ocrx_word' id='word_1_786' title='bbox 412 5644 619 5706; x_wconf 77' lang='lat' dir='ltr'>Deﬁcit</span> <span class='ocrx_word' id='word_1_787' title='bbox 649 5647 844 5704; x_wconf 88' lang='lat' dir='ltr'>autem</span> <span class='ocrx_word' id='word_1_788' title='bbox 890 5642 1031 5701; x_wconf 87' lang='lat' dir='ltr'>luna</span> <span class='ocrx_word' id='word_1_789' title='bbox 1083 5639 1317 5718; x_wconf 88' lang='lat' dir='ltr'>quando</span> <span class='ocrx_word' id='word_1_790' title='bbox 1359 5638 1577 5698; x_wconf 87' lang='lat' dir='ltr'>directe</span> <span class='ocrx_word' id='word_1_791' title='bbox 1626 5655 1694 5698; x_wconf 81' lang='lat' dir='ltr'>ex</span> <span class='ocrx_word' id='word_1_792' title='bbox 1725 5641 1993 5716; x_wconf 85' lang='lat' dir='ltr'>opposito</span> 
     </span>
    </p>
   </div>
   <div class='ocr_carea' id='block_1_110' title="bbox 2102 4625 3778 4706">
    <p class='ocr_par' dir='ltr' id='par_1_110' title="bbox 2102 4625 3778 4706">
     <span class='ocr_line' id='line_1_110' title="bbox 2102 4625 3778 4706; baseline -0.002 -21"><span class='ocrx_word' id='word_1_793' title='bbox 2102 4633 2223 4686; x_wconf 78' lang='grc' dir='ltr'>’Ότι</span> <span class='ocrx_word' id='word_1_794' title='bbox 2285 4626 2341 4683; x_wconf 76' lang='grc' dir='ltr'>δὲ</span> <span class='ocrx_word' id='word_1_795' title='bbox 2398 4625 2751 4706; x_wconf 74' lang='grc' dir='ltr'>σφαιροειδής</span> <span class='ocrx_word' id='word_1_796' title='bbox 2807 4626 2917 4682; x_wconf 81' lang='grc' dir='ltr'>ἐστι</span> <span class='ocrx_word' id='word_1_797' title='bbox 2966 4628 3028 4682; x_wconf 88' lang='grc' dir='ltr'>τὸ</span> <span class='ocrx_word' id='word_1_798' title='bbox 3089 4635 3302 4702; x_wconf 79' lang='grc' dir='ltr'>σχῆμα,</span> <span class='ocrx_word' id='word_1_799' title='bbox 3353 4625 3524 4696; x_wconf 83' lang='grc' dir='ltr'>δῆλον</span> <span class='ocrx_word' id='word_1_800' title='bbox 3568 4627 3634 4682; x_wconf 83' lang='grc' dir='ltr'>ἐκ</span> <span class='ocrx_word' id='word_1_801' title='bbox 3665 4633 3778 4682; x_wconf 79' lang='grc' dir='ltr'>τῶν</span> 
     </span>
    </p>
   </div>
   <div class='ocr_carea' id='block_1_111' title="bbox 2101 4714 3781 4794">
    <p class='ocr_par' dir='ltr' id='par_1_111' title="bbox 2101 4714 3781 4794">
     <span class='ocr_line' id='line_1_111' title="bbox 2101 4714 3781 4794; baseline -0.001 -20"><span class='ocrx_word' id='word_1_802' title='bbox 2101 4717 2302 4788; x_wconf 68' lang='grc' dir='ltr'>ταύτης</span> <span class='ocrx_word' id='word_1_803' title='bbox 2365 4721 2684 4794; x_wconf 79' lang='grc' dir='ltr'>φωτισμῶν.</span> <span class='ocrx_word' id='word_1_804' title='bbox 2741 4715 2805 4772; x_wconf 70' lang='lat' dir='ltr'>Ei’</span> <span class='ocrx_word' id='word_1_805' title='bbox 2863 4716 2965 4791; x_wconf 73' lang='grc' dir='ltr'>γὰρ</span> <span class='ocrx_word' id='word_1_806' title='bbox 3022 4717 3088 4784; x_wconf 83' lang='grc' dir='ltr'>ἧν</span> <span class='ocrx_word' id='word_1_807' title='bbox 3149 4714 3480 4784; x_wconf 64' lang='grc' dir='ltr'>διποειδής,</span> <span class='ocrx_word' id='word_1_808' title='bbox 3526 4714 3646 4788; x_wconf 71' lang='grc' dir='ltr'>ἅμα</span> <span class='ocrx_word' id='word_1_809' title='bbox 3696 4722 3781 4788; x_wconf 74' lang='grc' dir='ltr'>τῷ</span> 
     </span>
    </p>
   </div>
   <div class='ocr_carea' id='block_1_112' title="bbox 2105 4803 3776 4881">
    <p class='ocr_par' dir='ltr' id='par_1_112' title="bbox 2105 4803 3776 4881">
     <span class='ocr_line' id='line_1_112' title="bbox 2105 4803 3776 4881; baseline -0.001 -20"><span class='ocrx_word' id='word_1_810' title='bbox 2105 4811 2430 4879; x_wconf 80' lang='grc' dir='ltr'>προσπεσεῖν</span> <span class='ocrx_word' id='word_1_811' title='bbox 2491 4804 2626 4878; x_wconf 82' lang='grc' dir='ltr'>αὖτῇ</span> <span class='ocrx_word' id='word_1_812' title='bbox 2702 4805 2796 4867; x_wconf 75' lang='grc' dir='ltr'>τὰς</span> <span class='ocrx_word' id='word_1_813' title='bbox 2856 4803 3093 4873; x_wconf 74' lang='grc' dir='ltr'>ἡλιακὰς</span> <span class='ocrx_word' id='word_1_814' title='bbox 3168 4805 3386 4867; x_wconf 82' lang='grc' dir='ltr'>ἀκτῖνας</span> <span class='ocrx_word' id='word_1_815' title='bbox 3445 4805 3776 4881; x_wconf 80' lang='grc' dir='ltr'>έφωτίζετο,</span> 
     </span>
    </p>
   </div>
   <div class='ocr_carea' id='block_1_113' title="bbox 2109 4891 3780 4973">
    <p class='ocr_par' dir='ltr' id='par_1_113' title="bbox 2109 4891 3780 4973">
     <span class='ocr_line' id='line_1_113' title="bbox 2109 4891 3780 4973; baseline -0.001 -24"><span class='ocrx_word' id='word_1_816' title='bbox 2109 4893 2342 4970; x_wconf 81' lang='grc' dir='ltr'>μηδενὸς</span> <span class='ocrx_word' id='word_1_817' title='bbox 2371 4893 2828 4969; x_wconf 77' lang='grc' dir='ltr'>έπιπροσθοῦντος</span> <span class='ocrx_word' id='word_1_818' title='bbox 2877 4893 3234 4968; x_wconf 84' lang='grc' dir='ltr'>κυρτώματος</span> <span class='ocrx_word' id='word_1_819' title='bbox 3269 4913 3283 4926; x_wconf 82' lang='lat'><strong><em>°</em></strong></span> <span class='ocrx_word' id='word_1_820' title='bbox 3333 4898 3423 4948; x_wconf 74' lang='grc' dir='ltr'>νῦν</span> <span class='ocrx_word' id='word_1_821' title='bbox 3474 4891 3555 4963; x_wconf 71' lang='grc' dir='ltr'>δὲ,</span> <span class='ocrx_word' id='word_1_822' title='bbox 3608 4915 3780 4973; x_wconf 66' lang='grc' dir='ltr'>σφαιι</span> 
     </span>
    </p>
   </div>
   <div class='ocr_carea' id='block_1_114' title="bbox 2106 4981 3776 5059">
    <p class='ocr_par' dir='ltr' id='par_1_114' title="bbox 2106 4981 3776 5059">
     <span class='ocr_line' id='line_1_114' title="bbox 2106 4981 3776 5059; baseline -0.002 -20"><span class='ocrx_word' id='word_1_823' title='bbox 2106 4981 2325 5053; x_wconf 80' lang='grc' dir='ltr'>ροειδής</span> <span class='ocrx_word' id='word_1_824' title='bbox 2385 4981 2537 5051; x_wconf 76' lang='grc' dir='ltr'>οὖσα,</span> <span class='ocrx_word' id='word_1_825' title='bbox 2596 4983 2734 5037; x_wconf 78' lang='grc' dir='ltr'>κατὰ</span> <span class='ocrx_word' id='word_1_826' title='bbox 2804 4983 2967 5058; x_wconf 79' lang='grc' dir='ltr'>μέρος</span> <span class='ocrx_word' id='word_1_827' title='bbox 3033 4982 3322 5059; x_wconf 77' lang='grc' dir='ltr'>φωτίζεται</span> <span class='ocrx_word' id='word_1_828' title='bbox 3378 4988 3496 5044; x_wconf 87' lang='grc' dir='ltr'>ταῖς</span> <span class='ocrx_word' id='word_1_829' title='bbox 3561 4983 3776 5052; x_wconf 81' lang='grc' dir='ltr'>ἀκτῖσι,</span> 
     </span>
    </p>
   </div>
   <div class='ocr_carea' id='block_1_115' title="bbox 2107 5071 3778 5148">
    <p class='ocr_par' dir='ltr' id='par_1_115' title="bbox 2107 5071 3778 5148">
     <span class='ocr_line' id='line_1_115' title="bbox 2107 5071 3778 5148; baseline -0.001 -21"><span class='ocrx_word' id='word_1_830' title='bbox 2107 5072 2196 5127; x_wconf 78' lang='grc' dir='ltr'>διὰ</span> <span class='ocrx_word' id='word_1_831' title='bbox 2224 5074 2285 5127; x_wconf 88' lang='grc' dir='ltr'>τὸ</span> <span class='ocrx_word' id='word_1_832' title='bbox 2317 5075 2664 5147; x_wconf 78' lang='grc' dir='ltr'>ἐπιπροσθεῖν</span> <span class='ocrx_word' id='word_1_833' title='bbox 2711 5073 2778 5127; x_wconf 75' lang='grc' dir='ltr'>τὰ</span> <span class='ocrx_word' id='word_1_834' title='bbox 2827 5071 2998 5127; x_wconf 86' lang='grc' dir='ltr'>λοιπά</span> <span class='ocrx_word' id='word_1_835' title='bbox 3047 5073 3184 5148; x_wconf 87' lang='grc' dir='ltr'>μέρη</span> <span class='ocrx_word' id='word_1_836' title='bbox 3234 5075 3301 5145; x_wconf 83' lang='grc' dir='ltr'>τῇ</span> <span class='ocrx_word' id='word_1_837' title='bbox 3342 5072 3642 5147; x_wconf 79' lang='grc' dir='ltr'>κυρτότητι</span> <span class='ocrx_word' id='word_1_838' title='bbox 3677 5077 3778 5127; x_wconf 71' lang='grc' dir='ltr'>τοῦ</span> 
     </span>
    </p>
   </div>
   <div class='ocr_carea' id='block_1_116' title="bbox 2103 5158 3776 5236">
    <p class='ocr_par' dir='ltr' id='par_1_116' title="bbox 2103 5158 3776 5236">
     <span class='ocr_line' id='line_1_116' title="bbox 2103 5158 3776 5236; baseline -0.001 -18"><span class='ocrx_word' id='word_1_839' title='bbox 2103 5161 2355 5218; x_wconf 74' lang='grc' dir='ltr'>τοιούτου</span> <span class='ocrx_word' id='word_1_840' title='bbox 2413 5163 2726 5236; x_wconf 76' lang='grc' dir='ltr'>σχήματος.</span> <span class='ocrx_word' id='word_1_841' title='bbox 2779 5161 2848 5214; x_wconf 88' lang='grc' dir='ltr'>Τὸ</span> <span class='ocrx_word' id='word_1_842' title='bbox 2935 5158 2993 5216; x_wconf 74' lang='grc' dir='ltr'>δὶ</span> <span class='ocrx_word' id='word_1_843' title='bbox 3073 5167 3176 5231; x_wconf 78' lang='grc' dir='ltr'>τῆς</span> <span class='ocrx_word' id='word_1_844' title='bbox 3241 5159 3479 5231; x_wconf 77' lang='grc' dir='ltr'>σελήνης</span> <span class='ocrx_word' id='word_1_845' title='bbox 3540 5160 3776 5236; x_wconf 78' lang='grc' dir='ltr'>μέγεθος</span> 
     </span>
    </p>
   </div>
   <div class='ocr_carea' id='block_1_117' title="bbox 2105 5248 3777 5325">
    <p class='ocr_par' dir='ltr' id='par_1_117' title="bbox 2105 5248 3777 5325">
     <span class='ocr_line' id='line_1_117' title="bbox 2105 5248 3777 5325; baseline 0 -19"><span class='ocrx_word' id='word_1_846' title='bbox 2105 5250 2330 5307; x_wconf 78' lang='grc' dir='ltr'>ἔλαττόν</span> <span class='ocrx_word' id='word_1_847' title='bbox 2382 5249 2490 5305; x_wconf 71' lang='grc' dir='ltr'>ἐστι</span> <span class='ocrx_word' id='word_1_848' title='bbox 2537 5257 2638 5319; x_wconf 79' lang='grc' dir='ltr'>τῆς</span> <span class='ocrx_word' id='word_1_849' title='bbox 2684 5256 2789 5324; x_wconf 76' lang='grc' dir='ltr'>γῆς</span> <span class='ocrx_word' id='word_1_850' title='bbox 2835 5250 2924 5304; x_wconf 80' lang='grc' dir='ltr'>καὶ</span> <span class='ocrx_word' id='word_1_851' title='bbox 2996 5249 3101 5304; x_wconf 85' lang='grc' dir='ltr'>ὑπὸ</span> <span class='ocrx_word' id='word_1_852' title='bbox 3158 5251 3448 5325; x_wconf 79' lang='grc' dir='ltr'>τριάκοντα</span> <span class='ocrx_word' id='word_1_853' title='bbox 3494 5248 3777 5306; x_wconf 55' lang='lat' dir='ltr'>ivvenali-</span> 
     </span>
    </p>
   </div>
   <div class='ocr_carea' id='block_1_118' title="bbox 2107 5336 3422 5409">
    <p class='ocr_par' dir='ltr' id='par_1_118' title="bbox 2107 5336 3422 5409">
     <span class='ocr_line' id='line_1_118' title="bbox 2107 5336 3422 5409; baseline 0.001 -14"><span class='ocrx_word' id='word_1_854' title='bbox 2107 5361 2244 5409; x_wconf 89' lang='grc' dir='ltr'>σιον,</span> <span class='ocrx_word' id='word_1_855' title='bbox 2275 5339 2412 5395; x_wconf 79' lang='grc' dir='ltr'>κατὰ</span> <span class='ocrx_word' id='word_1_856' title='bbox 2437 5336 2494 5394; x_wconf 80' lang='grc' dir='ltr'>δέ</span> <span class='ocrx_word' id='word_1_857' title='bbox 2523 5359 2670 5401; x_wconf 87' lang='grc' dir='ltr'>τινας</span> <span class='ocrx_word' id='word_1_858' title='bbox 2701 5339 2804 5394; x_wconf 71' lang='grc' dir='ltr'>ὑπὸ</span> <span class='ocrx_word' id='word_1_859' title='bbox 2836 5336 3006 5394; x_wconf 74' lang='grc' dir='ltr'>εἷ’κοσι</span> <span class='ocrx_word' id='word_1_860' title='bbox 3039 5337 3422 5396; x_wconf 77' lang='grc' dir='ltr'>ένναπλὰσιον.</span> 
     </span>
    </p>
   </div>
   <div class='ocr_carea' id='block_1_119' title="bbox 2488 5543 3373 5621">
    <p class='ocr_par' dir='ltr' id='par_1_119' title="bbox 2488 5543 3373 5621">
     <span class='ocr_line' id='line_1_119' title="bbox 2488 5543 3373 5621; baseline 0 -19"><span class='ocrx_word' id='word_1_861' title='bbox 2488 5546 2586 5603; x_wconf 81' lang='grc' dir='ltr'>κθ’.</span> <span class='ocrx_word' id='word_1_862' title='bbox 2621 5545 2751 5621; x_wconf 82' lang='grc' dir='ltr'>Περὶ</span> <span class='ocrx_word' id='word_1_863' title='bbox 2783 5543 3080 5620; x_wconf 65' lang='grc' dir='ltr'>ἐκλείψεως</span> <span class='ocrx_word' id='word_1_864' title='bbox 3113 5543 3373 5618; x_wconf 76' lang='grc' dir='ltr'>σελήνης.</span> 
     </span>
    </p>
   </div>
   <div class='ocr_carea' id='block_1_120' title="bbox 2174 5642 3776 5724">
    <p class='ocr_par' dir='ltr' id='par_1_120' title="bbox 2174 5642 3776 5724">
     <span class='ocr_line' id='line_1_120' title="bbox 2174 5642 3776 5724; baseline -0.001 -20"><span class='ocrx_word' id='word_1_865' title='bbox 2174 5643 2448 5706; x_wconf 88' lang='grc' dir='ltr'>Ἐκλείπει</span> <span class='ocrx_word' id='word_1_866' title='bbox 2507 5643 2564 5702; x_wconf 67' lang='grc' dir='ltr'>δὲ</span> <span class='ocrx_word' id='word_1_867' title='bbox 2619 5647 2654 5717; x_wconf 80' lang='grc' dir='ltr'>ἡ</span> <span class='ocrx_word' id='word_1_868' title='bbox 2706 5643 2912 5717; x_wconf 73' lang='grc' dir='ltr'>σελήνη</span> <span class='ocrx_word' id='word_1_869' title='bbox 2955 5645 3093 5702; x_wconf 84' lang='grc' dir='ltr'>κατὰ</span> <span class='ocrx_word' id='word_1_870' title='bbox 3139 5642 3428 5724; x_wconf 74' lang='grc' dir='ltr'>διάμὲτρον</span> <span class='ocrx_word' id='word_1_871' title='bbox 3483 5650 3568 5718; x_wconf 80' lang='grc' dir='ltr'>τῷ</span> <span class='ocrx_word' id='word_1_872' title='bbox 3609 5644 3776 5722; x_wconf 74' lang='grc' dir='ltr'>ἡλίῳ</span> 
     </span>
    </p>
   </div>
  </div>
