3966 6216
311 339 423 399 811
1657 327 1877 388 ΜΠ]Ηέ

2154 326 2261 387 ⁵8Ε
2273 318 2388 387 LLl
3604 328 3720 386 812

1428 613 1565 671 ΤΟΥ
1604 612 2154 668 ΠΑΝΥΠΕΡΤΑΤΟΥ
2192 611 2604 668 ΦΙΛΟΣΟΦΟΥ

662 794 1320 925 ΚΥΡΙΟΥ
1412 789 2120 921 ΜΙΚΑΗΛ
2201 789 2549 920 ΤΟΥ
2632 788 3355 920 ΨΕΛΛΟΥ

1699 1026 1931 1083 ΣΤΙΧΟΙ
1971 1025 2332 1082 ΠΟΛΙΤΙΚΟΙ

1116 1178 1290 1229 ΠΡΟΣ
1331 1177 1466 1227 TON
1506 1172 1809 1227 ΒΑΣΙΛΕΑ
1849 1170 2102 1227 ΚΥΡΙΟΝ
2142 1170 2425 1226 ΜΙΧΑΗΛ
2464 1169 2607 1226 TON
2648 1170 2922 1228 ΛΟΥΚΑΝ

1458 1349 1759 1445 ΙΠΠΠ
1861 1344 2569 1443 ΔΟΓΜΑΤΟΣ.

1618 1713 1871 1776 SUMMI
1922 1710 2408 1774 PHILOSOPHI

616 1899 1369 2056 DOMINI
1479 1894 2611 2050 MIGHAELIS
2733 1896 3449 2051 PSELLI

1614 2153 1966 2215 VERSUS
2035 2153 2430 2214 POLITICI

944 2315 1062 2377 AD
1103 2311 1515 2377 DOMINUM
1547 2309 2192 2374 IMPERATOREM
2234 2309 2769 2374 MICHAELE’M
2806 2310 3108 2375 DUCAM

1532 2474 1715 2567 DE
1826 2471 2525 2567 DOGMATE

404 2678 737 2748 (Mssamu,
761 2673 1062 2731 Thesaurus
1089 2674 1240 2730 luris
1261 2676 1404 2728 tom.
1431 2674 1474 2728 I.
1507 2671 1673 2743 Hagni-
1704 2670 1986 2728 comitum
2020 2670 2153 2726 1751
2188 2669 2287 2727 fol.
2317 2702 2383 2713 —
2411 2670 2958 2742 Interpretationsm
2984 2673 3247 2728 nostram
3284 2669 3649 2745 addidimus)

318 2980 528 3053 Accipe
559 2982 615 3036 et
642 2979 1098 3036 fundamentum
1130 2982 1465 3035 nostrorum
1497 2977 1843 3049 dogmatum

2018 2988 2044 3044 ι
2074 2974 2248 3050 Δέχου
2277 2972 2365 3029 καὶ
2396 2974 2489 3029 κὸν
2522 2972 2775 3048 θεμέλιον
2806 2980 2913 3030 τῶν
2945 2976 3064 3040 καθ’
3093 2976 3242 3047 ἡμᾶς
3273 2972 3584 3051 δογμάτων,

322 3069 654 3135 Concisum,
687 3072 744 3123 et
774 3067 1170 3141 synopticum,
1192 3071 1248 3124 et
1286 3066 1820 3138 circumscriptum.

2081 3063 2384 3136 Σύντομον,
2417 3063 2504 3118 καὶ
2539 3065 2883 3133 συνοπτικὸν,
2913 3064 3001 3118 καὶ
3033 3065 3562 3140 περιγεγραμμὲνον,

323 3158 517 3213 Deum
551 3173 858 3228 cognosce,
886 3157 1145 3222 domine,
1178 3171 1488 3227 corporum
1522 3154 1889 3226 incoporeort

1882 3169 1969 3208 am
2080 3152 2208 3206 Θεὸν
2235 3153 2483 3225 γίνωσκε,
2519 3149 2775 3219 δέσποτα,
2809 3157 3076 3226 σωμάτων
3123 3152 3448 3226 ἀσωμάτων,

327 3245 854 3318 Contemporalem,
885 3245 1184 3300 inﬁnitum
1208 3245 1616 3299 universorum
1649 3247 1893 3299 creatore

1953 3259 1971 3297 ι
2083 3240 2425 3316 Σύγχρονον,
2452 3238 2833 3312 ἀτελεύτητον,
2864 3246 2972 3296 τῶν
3006 3239 3151 3297 ὅλων
3188 3242 3519 3312 ὑποστάτην,

325 3337 741 3408 Incorporeum
774 3334 1168 3399 indefinitum,
1202 3337 1415 3389 natura
1446 3331 1827 3400 invisibilem,

1812 3373 1827 3400 ,
2082 3330 2421 3401 Ἀσώματον,
2456 3328 2726 3403 ἀόριστον,
2760 3329 3171 3405 ἀσχημάτιστον
3205 3330 3378 3409 φύσει,

326 3425 621 3492 Liberum,
647 3423 976 3480 substantia
998 3421 1674 3495 incomprehensibilem,
1693 3419 1892 3491 operih

2176 3421 2302 3472 ἱετον
2367 3418 2485 3490 μὲν,
2544 3416 2725 3480 οὖςίαν
2786 3417 3057 3490 ἄληπτον,
3117 3417 3325 3489 ληπτὸν
3393 3426 3514 3483 ταῖς
3595 3421 3742 3495 ἐνερ-

1397 3507 1898 3582 [cognoscibilem.
2307 3555 2310 3558 .

2307 3555 2310 3558 .
3446 3510 3667 3585 [γείαις,

325 3603 517 3659 Unum
551 3605 607 3656 et
636 3602 749 3657 tria
778 3600 977 3669 simul,
1004 3616 1186 3655 unum
1220 3598 1547 3655 secundum
1579 3597 1891 3654 substanti:

1842 3597 1971 3653 tiam
2082 3595 2214 3649 "Eva
2242 3593 2332 3647 καὶ
2361 3594 2487 3669 τρία
2515 3595 2631 3648 κατ’
2658 3594 2839 3663 αὐτὸν,
2872 3592 2964 3650 ἕνα
2999 3595 3091 3667 μὶν
3124 3596 3193 3668 τῇ
3228 3595 3408 3667 οὐσίᾳ,

321 3690 457 3746 Tria
485 3690 813 3746 secundum
863 3689 1189 3751 substrata,
1240 3687 1328 3742 vel
1359 3687 1407 3742 si
1451 3687 1612 3753 libet,
1646 3687 1887 3741 secundi

2084 3682 2222 3757 Τρία
2247 3688 2364 3744 ταῖς
2397 3683 2747 3739 ὑποστάσεσιν
2771 3728 2785 3754 ,
2822 3683 2867 3739 εἰ
2903 3683 3116 3758 βούλει,
3147 3683 3236 3738 καὶ
3266 3686 3612 3755 προσώποις.

1569 3776 1587 3845 [
1595 3791 1628 3845 ρ
1639 3791 1900 3829 ersonas.

325 3866 489 3921 Unus
520 3880 776 3935 namque
806 3865 868 3919 in
900 3863 1089 3919 tribus
1120 3862 1318 3920 existit
1339 3868 1491 3917 Deus
1526 3863 1794 3934 personis
1825 3880 1837 3916 :

2088 3860 2272 3923 Μονὰς
2302 3861 2404 3935 γὰρ
2437 3860 2866 3937 τρισυπόστατος
2900 3862 2927 3916 ὁ
2960 3862 3088 3924 Θεὸς
3119 3864 3457 3937 χρηματίζει
3494 3882 3506 3895 ·

327 3956 519 4021 Pater,
557 3953 737 4009 Filius
767 3958 823 4008 et
853 3952 1110 4024 Spiritus
1144 3957 1386 4007 sanctus
1426 3951 1893 4006 consubstantial

1819 3951 1972 4008 ialis.
2087 3953 2298 4023 Πατίρ,
2331 3950 2475 4021 Υἱὸς,
2507 3949 2596 4004 καὶ
2631 3951 2780 4027 ἅγιον
2816 3950 3112 4024 ὁμοούσιον
3146 3953 3385 4025 Πνεῦμα.

330 4043 495 4099 Unus
525 4048 698 4097 Pater
726 4046 782 4097 et
812 4042 938 4097 sine
971 4041 1258 4114 principio
1300 4041 1488 4109 Pater,
1522 4040 1896 4113 gubernator.

2087 4040 2268 4100 Μόνος
2300 4040 2486 4115 Πατὴρ
2512 4038 2601 4094 καὶ
2630 4037 2872 4116 ἄναρχος
2901 4042 2928 4095 ὁ
2960 4042 3146 4117 Πατὴρ
3180 4041 3548 4119 στεφηφόρος,

332 4132 493 4187 Unus
523 4129 708 4188 Filius
739 4136 794 4188 et
824 4147 941 4187 non
973 4131 1100 4187 sine
1164 4130 1454 4204 principio
1486 4131 1814 4186 secundum
1847 4146 1898 4185 cs

2094 4128 2269 4191 Μόνος
2299 4128 2421 4190 Υἱὸς
2450 4128 2539 4183 καὶ
2571 4128 2670 4184 οὐκ
2696 4130 2950 4207 ἄναρχος,
2980 4134 3050 4205 τῇ
3084 4132 3237 4207 σαρκὶ
3271 4129 3436 4186 αὐτοῦ
3465 4132 3660 4202 πέλει,

1523 4218 1680 4290 {nem
1712 4235 1903 4275 suam.

335 4309 692 4382 Principium
725 4308 853 4380 ejus
886 4308 1049 4365 Pater
1079 4326 1092 4365 :
1120 4310 1246 4380 jam
1275 4322 1410 4363 vero
1441 4308 1490 4363 si
1523 4308 1595 4363 ad
1626 4312 1891 4380 tempora

2010 4339 2058 4403 Β
2088 4306 2263 4382 Ἀρχὴ
2294 4304 2351 4361 δὶ
2380 4307 2577 4403 tonitoni
2610 4308 2637 4362 ὁ
2670 4309 2880 4380 Πατὴρ,
2912 4307 2957 4362 εἰ
2992 4305 3049 4363 δὲ
3085 4310 3183 4377 τὴν
3214 4310 3321 4365 ἀπὸ
3348 4310 3573 4386 χρόνων

334 4398 493 4455 Veiis
528 4397 879 4471 principium
910 4398 1123 4455 referre
1158 4399 1283 4469 ipse
1309 4413 1545 4469 quoque
1568 4396 1855 4469 principio
1887 4412 1900 4452 ι

2093 4396 2299 4470 Ἀρχὴν
2334 4391 2633 4469 λαμϐάνειν
2668 4396 2917 4473 βούλοιο,
2944 4396 3035 4450 καὶ
3067 4395 3308 4472 ἄναρχος
3337 4400 3637 4474 τυγχάνει,

1775 4487 1906 4557 [τοι.

332 4576 607 4649 Spiritus,
640 4579 880 4632 sanctus
912 4575 1189 4631 nimirum
1211 4574 1462 4648 Spiritus
1484 4578 1539 4629 et
1566 4575 1716 4629 Deus
1738 4575 1898 4630 subts

1970 4604 1979 4614 -
2093 4576 2332 4645 Πνεῦμα,
2365 4574 2427 4629 τὸ
2454 4578 2674 4645 Πνεῦμα
2706 4574 2858 4649 ἅγιον
2890 4575 2980 4629 καὶ
3013 4575 3141 4638 Θεὸς
3175 4576 3292 4631 κατ’
3319 4574 3536 4649 οὐσίαν,

1673 4662 1712 4717 ti
1721 4662 1907 4718 aliter.

1673 4664 1899 4718 tialiter.

333 4755 416 4809 Ex
447 4753 613 4809 Patre
642 4767 986 4823 processum
1021 4753 1194 4809 habet
1224 4768 1405 4823 supra
1434 4664 1711 4807 naturaIm

2092 4752 2189 4807 Ἐκ
2217 4754 2311 4805 τοῦ
2344 4751 2551 4825 Ῑίατρὸς
2582 4751 2680 4820 τὴν
2713 4747 2950 4827 πρόοδον
2992 4750 3245 4827 ἐσχηκὼς
3281 4753 3417 4830 ὑπὲρ
3447 4755 3629 4832 φύσιν

335 4843 461 4897 Non
491 4846 688 4898 autem
720 4859 788 4897 ex
818 4842 961 4898 Filio
992 4841 1127 4898 licet
1157 4842 1368 4897 modus
1400 4840 1477 4896 sit
1509 4840 1768 4914 ignotus.

2090 4841 2458 4914 Ἐκπορευτήν
2493 4839 2601 4915 οὐχ
2632 4840 2835 4913 υἱϊκήν,
2864 4838 2961 4895 κᾶν
2994 4841 3269 4916 ἄγνωστος
3304 4843 3331 4896 ὁ
3360 4842 3610 4917 τρόπος,

340 4929 593 4992 Quodvis
626 4930 865 5001 quidem
898 4928 1233 4985 substantia
1274 4929 1426 5001 (est),
1459 4929 1574 4985 tria
1603 4932 1799 4985 autem
1830 4946 1906 4985 un

1872 4946 1984 4987 nus
2094 4929 2393 4991 Υπόστασις
2430 4929 2524 5002 μὶν
2554 4926 2802 4999 ἕκαστον,
2837 4932 2914 4992 εἷς
2948 4928 3006 4985 δὲ
3037 4930 3169 4993 Θεὸς
3198 4931 3264 4986 τὰ
3291 4931 3434 5005 τρία.

1742 5024 1909 5075 Deus.

1715 5019 1909 5090 [Deus.

343 5106 508 5162 Unus
542 5105 725 5163 Filius
756 5106 1096 5164 incarnatus
1120 5110 1209 5163 est
1239 5107 1298 5162 in
1329 5107 1445 5162 fine
1474 5106 1842 5177 saeculorum,

2094 5106 2275 5169 Μόνος
2308 5104 2365 5162 δὶ
2386 5107 2507 5169 Υἱὸς
2537 5107 2869 5184 σεσάρκωται
2900 5109 2951 5164 ἐν
2982 5106 3130 5164 τέλει
3160 5114 3269 5165 τῶν
3298 5109 3551 5183 αἰώνων,

348 5196 411 5250 Et
441 5200 713 5251 naturam
745 5195 970 5269 accepit
1002 5200 1266 5251 nostram
1299 5213 1366 5251 ex
1387 5195 1639 5267 Virgine,
1858 5223 1865 5230 -

2093 5196 2191 5250 Καὶ
2225 5193 2381 5269 φύσιν
2416 5192 2708 5251 ἀνελάϐετο
2737 5199 2836 5267 τήν
2869 5201 3029 5269 ἡμῶν
3062 5196 3121 5252 ἐκ
3160 5198 3463 5273 Παρθένου,

344 5285 766 5354 Essentialiter,
801 5304 915 5343 non
951 5286 1244 5352 simulate,
1279 5290 1511 5352 natura,
1543 5304 1655 5342 non
1690 5285 1880 5358 specie

2095 5280 2415 5353 Οὐσιωδῶς,
2461 5286 2525 5339 οὐ
2558 5290 2843 5360 σχετικῶς,
2878 5286 3050 5356 φύσει,
3084 5287 3150 5341 οὗ
3183 5288 3446 5365 φαντασίᾳ

344 5374 425 5428 Ex
455 5375 843 5447 sanguinibus
890 5376 1240 5433 venerandis
1286 5374 1674 5431 sanctissimas
1706 5374 1907 5446 Virgin

2239 5376 2348 5426 τῶν
2400 5373 2646 5447 αἱμάτων
2689 5379 2796 5429 τῶν
2850 5379 3058 5429 σεπτῶν
3115 5382 3214 5444 τῆς
3274 5383 3575 5452 παναγοῖκε
3634 5383 3790 5458 Παρ-

3507 5470 3663 5523 Ohe:

344 5550 473 5607 Alia
503 5556 697 5608 autem
724 5558 814 5609 est
843 5554 1193 5625 substantia,
1228 5556 1283 5608 et
1306 5552 1418 5608 alia
1448 5554 1723 5609 essentia.

2142 5546 2280 5620 ιλλη
2316 5548 2363 5605 δ’
2392 5549 2531 5604 ἐστιν
2575 5548 2885 5615 ὑπόστασις,
2915 5548 3004 5602 καὶ
3035 5543 3217 5622 ἕτερον
3249 5546 3429 5608 οὐσία,
3477 5468 3708 5541 [θένω-

346 5639 611 5697 Essentia
642 5642 879 5715 quidem
912 5643 1244 5701 communis
1284 5641 1633 5700 substantiae
1664 5640 1911 5713 species,

1778 5640 1911 5710 cies,
2094 5637 2157 5693 Ἡ
2193 5639 2285 5711 μὶν
2320 5639 2473 5694 οὐσία
2500 5639 2563 5695 τὸ
2592 5638 2772 5694 κοινὸν
2807 5637 3152 5699 ὑποστάσεως
3183 5633 3344 5707 εἶδος,
