3966 6216
212 344 296 403 813
1416 327 1722 392 VERSUS
1767 327 1868 387 DE
1910 326 2306 389 DOGMATE.

1844 461 1898 528 Α
1930 459 2276 516 Substantia
2308 463 2505 515 autem
2537 462 2628 517 est
2657 476 2777 516 una
2807 476 2875 516 ac
2905 459 3034 517 sola
3057 473 3325 533 persona.

208 474 257 530 'H
279 468 326 524 δὲ
350 463 635 528 ὑπόστασίς
664 460 811 518 ἐστιν
840 462 892 517 ἓν
926 460 1217 537 πρόσωπον
1250 457 1339 515 καὶ
1375 461 1565 529 μόνον.

209 562 267 618 Τὸ
292 560 370 631 μὶν
402 558 501 632 γὰρ
529 560 627 625 τῆς
658 552 933 622 θεότητος,
966 558 1065 620 τῆς
1108 548 1529 625 ἀνθρωπότητός
1559 568 1637 620 τε,

205 648 481 721 Δηλωτικὸν
509 653 608 714 τῆς
638 643 847 721 φύσεως
879 642 970 697 καὶ
1001 641 1182 696 οὐσίαν
1215 642 1476 715 τυγχάνει

204 743 249 798 '0
274 737 320 793 δὲ
344 737 549 808 Πατὴρ,
581 733 670 788 καὶ
703 733 846 803 Υἱὸς,
880 731 967 786 καὶ
996 731 1059 785 τὸ
1092 731 1239 805 ἅγιον
1272 732 1511 802 Πνεῦμα,

204 830 276 884 Καὶ
301 827 557 900 πρόσωπα
587 821 879 896 πεφύκασι,
912 821 1001 875 καὶ
1036 820 1142 892 μὴν
1176 818 1265 873 καὶ
1300 819 1641 879 ὑποστάσεις.

199 921 246 975 Ὀ
271 914 547 991 σαργωθεὶς
578 913 763 966 τοίνυν
788 910 912 971 Υἱὸς
943 909 1241 983 ἀτρέπτως,
1268 906 1616 981 ἀσυγχύτως.

199 1007 260 1064 Οὐ
284 1006 563 1079 σχετικῶς,
597 1001 672 1063 ὡς
702 998 949 1072 εἷ’πομεν,
985 994 1109 1052 οὔτε
1144 998 1252 1070 μὴν
1283 997 1419 1051 κατά
1453 996 1635 1074 φύσιν,

198 1203 313 1266 me
342 1198 515 1261 δεινὸς
546 1205 835 1273 Νεποριος
868 1188 1143 1255 δυσσεϐῶς
1175 1190 1501 1267 παρελήρει,

196 1291 373 1360 Ἡνώθη
409 1289 523 1344 καθ’
558 1286 846 1343 ὑπόστασιν
877 1289 956 1357 τῷ
984 1281 1367 1359 προληφθείσῃ
1401 1280 1576 1358 φύσει,

195 1383 286 1439 Μία
314 1379 492 1453 μείνας
526 1376 839 1443 ὑπόστασις,
868 1377 938 1447 τῇ
971 1371 1089 1444 θείᾳ
1117 1371 1205 1427 καὶ
1235 1367 1436 1439 τελεία,

195 1472 262 1527 Ἐν
287 1467 371 1523 δύο
405 1465 464 1522 δὲ
491 1471 609 1527 ταῖς
643 1464 857 1542 φύσεσιν
886 1459 1176 1523 οὗσιωδῶς
1207 1457 1510 1535 τυγχάνων.

195 1557 317 1613 Οὕτω
344 1554 411 1626 δὴ
443 1556 533 1610 καὶ
561 1548 954 1630 πρεσϐεύομεν,
986 1548 1161 1611 οὕτως
1194 1548 1581 1624 ὁμολογοῦμεν

192 1648 280 1707 Τὰς
308 1643 396 1700 δύο
432 1644 615 1721 φύσεις
644 1641 888 1712 ἀληθῶς,
922 1639 1064 1703 θείαν
1100 1638 1189 1693 καὶ
1222 1635 1596 1712 ἀνθρωπίνην,

196 1733 468 1805 Ἀλλήλαις
498 1733 617 1787 καθ’
648 1730 935 1785 ὑπόστασιν
969 1727 1251 1803 ἀτρέπτως
1283 1725 1594 1797 ἐνωθείσας,

193 1931 421 1999 Ἓκᾶστην
457 1927 826 1983 ἀιαλλοίωτον
864 1923 1038 1998 μένειν
1068 1922 1119 1977 ἐν
1150 1926 1216 1996 τῇ
1250 1923 1455 1993 ἐνώσει,

192 2024 265 2076 Ἐκ
286 2018 335 2074 Si
359 2023 468 2075 τῶν
503 2015 599 2072 δύο
630 2015 838 2094 φύσεων
876 2015 1001 2088 μίαν
1030 2011 1429 2079 ἀποτελεῖσθαι,

194 2110 417 2165 Σύνθετον
446 2110 547 2176 τὴν
583 2105 868 2161 ὑπόστασιν
899 2121 912 2135 ⁸
948 2103 1089 2158 οὕτω
1120 2101 1351 2163 πίστεως
1393 2099 1541 2176 ὅρος.

190 2200 582 2273 Ὀμολογοῦμεν
613 2197 902 2269 τοιγαροῦν
932 2196 1030 2247 τοῦ
1063 2192 1271 2267 Πατρὸς
1300 2191 1423 2244 Υίὸν
1451 2187 1566 2261 ἕνα,

192 2289 309 2344 Κατὰ
337 2290 438 2359 τὴν
470 2285 875 2361 ἐνανορώπησιν
904 2283 1004 2351 τὴν
1036 2278 1271 2358 ἄρρητον
1300 2283 1397 2334 τοῦ
1424 2280 1627 2353 Λόγου,

188 2378 271 2434 Καὶ
299 2377 383 2432 τὸν
415 2375 577 2431 αὑτὸν
606 2373 729 2428 my
754 2376 937 2449 σαφῶς
969 2368 1249 2446 ἄνθρωπον
1282 2368 1592 2443 πεφυκέναι,

188 2470 298 2525 Ἕνα
320 2466 549 2542 Χριστὸν
580 2465 671 2519 καὶ
697 2465 893 2537 Κύριον
922 2465 1191 2535 μονογενῆ
1224 2458 1313 2515 καὶ
1343 2457 1541 2533 Λόγον,

187 2665 328 2720 Ὅλον
361 2662 492 2718 Θεὸν
526 2662 614 2716 καὶ
648 2658 933 2736 ἄνθρωπον
962 2661 1029 2732 τῇ
1062 2655 1159 2730 μία
1191 2653 1499 2711 ὑποστάσει.

185 2757 431 2809 Ἦνωνται
490 2755 621 2825 γοῦν
682 2750 735 2804 αἱ
790 2753 887 2803 τοῦ
936 2749 1171 2824 Χριστοῦ
1231 2743 1435 2823 φύσεις,
1486 2740 1611 2798 ἀλλ’
1658 2739 1813 2816 ἀσυγ-

1515 2831 1639 2906 [χύτ
1647 2851 1741 2899 ως,

182 2952 434 3005 Ἣνωνται
466 2949 583 3003 καθ’
617 2945 929 3014 ὑπόστασιν,
962 2940 1220 3017 διῄρηται
1254 2937 1311 2994 δὲ
1340 2938 1503 2994 πάλιν

183 3043 255 3109 Τῷ
280 3039 470 3113 τρόπῳ
495 3040 595 3105 τῆς
629 3033 912 3111 διαφορᾶς,
948 3030 1092 3101 ἄλλη
1126 3034 1258 3086 Θεοῦ
1288 3030 1391 3105 γὰρ
1418 3027 1600 3104 φύσις,

181 3128 271 3183 Καί
300 3127 451 3198 ἄλλη
486 3125 929 3200 ἀνθρωπότητος,
961 3124 1036 3184 εἷς
1072 3119 1129 3175 δε
1154 3119 1206 3175 ἐν
1235 3119 1441 3196 ἀμφοῖν
1475 3116 1674 3192 Λόγος,

181 3308 266 3367 Εἷς
297 3307 485 3361 τοίνυν
520 3304 661 3359 ἐστὶν
692 3304 721 3357 ὁ
751 3302 999 3376 Χριστὸς,
1035 3301 1063 3354 ὁ
1097 3297 1155 3354 δὶ
1181 3296 1340 3358 αὐτὸς
1371 3296 1461 3350 καὶ
1488 3293 1605 3365 δύο,

180 3397 266 3457 Εἷς
298 3398 390 3467 μὶν
424 3395 530 3470 γὰρ
560 3394 658 3460 τὴν
694 3391 1004 3459 ὑπόστασιν,
1036 3386 1183 3443 ἀλλὰ
1221 3383 1453 3447 διπλοῦς
1490 3387 1591 3454 τὴν
1641 3382 1819 3462 φύσιν.

177 3594 257 3654 Ὠς
285 3586 658 3669 πρεσϐεύομεν
690 3586 872 3649 καλῶς
898 3589 1000 3640 τοῦ
1028 3581 1263 3660 Χριστοῦ
1295 3581 1389 3637 δύο
1438 3581 1641 3659 φύσεις,

178 3682 325 3739 Οἳτω
349 3681 447 3736 καὶ
488 3678 585 3734 δύο
618 3678 852 3752 λὲγομεν
886 3674 1112 3750 φυσικὰς
1143 3672 1430 3748 ἐνεργείας,

183 3771 273 3825 Καὶ
306 3769 404 3825 δύο
428 3771 499 3824 τὰ
530 3769 815 3839 θελήματα
840 3768 1079 3843 φυσικῶς
1111 3761 1444 3838 ἐνεργοῦντα,

181 3859 338 3917 Οὐσία
372 3861 474 3931 μὲν
510 3856 600 3912 οῦν
628 3855 720 3911 καὶ
752 3854 935 3931 μορφὴ
966 3852 1057 3907 καὶ
1089 3851 1244 3929 φύσις
1275 3849 1325 3906 ἐν
1356 3854 1436 3922 τῷ
1465 3848 1643 3925 Λόγῳ,

182 3956 417 4019 Ἄτομον
450 3944 509 4001 δὲ
536 3945 626 3999 καὶ
656 3942 947 4017 πρόσωπον
978 3940 1033 3995 ’ὲν
1064 3939 1154 3993 σὺν
1179 3943 1248 4011 τῇ
1279 3939 1588 3994 ὑποστάσει.

181 4038 279 4105 Τὴν
311 4038 489 4109 σάρκα
519 4032 579 4089 δὲ
605 4035 705 4102 τὴν
731 4035 829 4086 τοῦ
860 4034 992 4086 Θεοῦ
1028 4029 1317 4082 ὑπόστασιν
1350 4029 1427 4100 μὴ
1460 4025 1606 4101 λέγε,

179 4127 303 4200 Λέγε
334 4126 441 4199 γὰρ
477 4122 857 4189 ἑνυπόστατον,
888 4112 1106 4191 ἀκριϐὲς
1135 4117 1237 4192 γὰρ
1266 4116 1329 4171 τὸ
1369 4113 1566 4189 δόγμα.

173 4324 235 4377 Τὸ
259 4320 315 4378 δὲ
343 4343 409 4399 γε
438 4319 795 4376 ὲνυπόστατον
828 4311 1041 4385 πολυσή
1052 4334 1274 4387 μαντον,
1309 4312 1455 4382 ἄναξ,

174 4414 313 4471 Ἔστι
344 4413 453 4486 γὶρ
488 4407 844 4465 ξνυπόστατον
862 4406 924 4459 τὸ
956 4403 1155 4473 ἀληθὲς
1190 4404 1464 4477 ὑπάρχον,

173 4503 263 4557 Καὶ
294 4501 455 4562 αὖθις
490 4496 846 4553 ἒνυπόστατον
872 4494 936 4548 τὸ
972 4492 1147 4547 κοινὸν
1174 4498 1272 4561 τῆς
1302 4489 1507 4561 οὐσίας,

172 4598 368 4665 ’Ἠγουν
400 4591 471 4644 τὸ
501 4585 664 4654 εἶδος,
689 4583 942 4652 δέσποτα,
974 4583 1035 4637 τὸ
1066 4581 1153 4636 ἐπὶ
1182 4586 1298 4643 τοῖς
1328 4580 1557 4653 ἀτόμοις

172 4681 581 4754 Πραγςεατικῶς
613 4673 930 4751 ὑφεστηκὸς,
961 4671 1022 4726 οὑ
1053 4669 1193 4744 ψιλῇ
1224 4668 1452 4739 ἐπινοίᾳ.

171 4770 317 4823 Ἐστι
352 4766 415 4821 δὲ
447 4764 809 4821 ἐνυπόστατον
838 4762 927 4816 καὶ
960 4758 1129 4815 πλέον
1164 4757 1531 4833 φροντιστέον,

169 4860 339 4931 ⁸Οπερ
375 4855 498 4911 ἐστὶ
531 4849 880 4928 συγκείμενον
919 4850 1032 4921 μετ’
1063 4846 1240 4902 ἄλλου
1273 4844 1558 4924 διαφόρου,

171 4946 315 5001 Κατὰ
346 4942 567 5011 οὐσίαν,
600 4938 852 5007 δέσποτα,
881 4937 958 4999 είς
991 4937 1241 4991 σύστασιν
1273 4935 1570 5011 προσώπου

164 5037 317 5097 Ἐνὸς
349 5032 455 5089 καὶ
490 5030 835 5089 ὑποστάσεως
870 5030 994 5099 μιᾶς
1022 5025 1250 5102 γένεσιν,
1279 5021 1404 5096 ἅναξ
1437 5042 1451 5055 ο

164 5126 229 5178 Τὸ
263 5127 363 5196 μὶν
400 5123 512 5197 γὰρ
544 5117 901 5174 ἐνυπόστατον
927 5118 1175 5170 τοιοῦτον
1203 5108 1358 5187 ἔσχεν
1392 5111 1542 5183 ὅρον.

160 5215 497 5271 Ύπόσ-τασις
528 5206 587 5264 δὶ
617 5208 820 5282 πέφυκε
843 5200 1341 5279 κυριολογουμὲνη,

163 5309 400 5378 Πρὶγμα
434 5296 833 5363 ίδιοσύστατον,
863 5294 916 5347 ἓν
954 5289 1164 5365 μᾶλλον
1198 5289 1490 5365 πρόσωπόν
1521 5310 1596 5345 τε.

158 5498 460 5557 Two-3610':
496 5491 553 5548 δὲ
584 5493 785 5569 πέφυκε
811 5488 873 5544 τὸ
902 5488 1082 5543 κοινὸν
1105 5493 1204 5556 τῆς
1236 5485 1444 5556 οὐσίας,

158 5591 311 5661 Ἓξις
347 5582 598 5650 ποιότης
625 5578 868 5653 ἱμμονος
899 5577 989 5632 καὶ
1022 5571 1467 5649 δυσμετάϐλητός
1496 5596 1612 5637 πως
1640 5593 1651 5607 ·

158 5681 367 5749 Ἕξεως
403 5670 605 5733 ἄλλως
635 5669 868 5742 ἀριθμὸς
900 5666 1119 5724 ἕκάστον
1150 5665 1286 5723 κατὰ
1314 5664 1470 5744 φύσιν

1780 3178 1895 3264 lc

3456 329 3575 392 814

1925 548 2207 604 Divinitas
2232 549 2388 604 enim
2420 554 2597 620 atque
2630 549 2977 606 humanitas

1925 638 2205 693 Naturam
2237 643 2293 693 et
2317 638 2636 694 essentiam
2667 638 2865 694 indica
2881 645 2923 694 t.

1925 729 2095 780 Pater
2130 726 2307 781 Filius
2340 731 2397 782 et
2426 727 2683 797 Spiritus
2714 733 2957 784 sanctus

1926 816 1992 870 Et
2022 832 2281 886 personae
2316 821 2473 883 sunt,
2506 821 2564 871 et
2594 817 2967 873 substantiae.

1926 922 2106 976 Filius
2142 923 2319 991 igitur
2345 922 3575 994 incorporatusimmutabiliter,inconfuse.

1924 1010 2048 1066 Non
2076 1010 2375 1078 simulate,
2408 1011 2490 1066 uti
2522 1012 2801 1084 diximus,
2835 1029 3025 1085 neque
3054 1012 3381 1068 secundum
3403 1015 3575 1067 natu-

3331 1101 3501 1172 trem.

1922 1206 2094 1263 Velut
2123 1208 2302 1264 miser
2330 1208 2634 1265 Nestorius
2665 1208 2845 1281 impie
2874 1208 3203 1276 blateravit,

1924 1296 2137 1352 Unitus
2160 1301 2247 1352 est
2277 1298 2747 1353 substantialiter
2777 1314 2912 1353 cum
2946 1300 3186 1370 accepta
3217 1313 3411 1365 carne,

1924 1384 2049 1440 Una
2079 1401 2324 1441 manens
2358 1387 2693 1442 substantia
2724 1386 2922 1441 divina
2952 1391 3009 1442 et
3031 1387 3309 1458 perfecta,

1922 1477 1988 1529 In
2016 1475 2246 1529 duabus
2282 1480 2477 1530 autem
2510 1475 2739 1530 naturis
2765 1474 3162 1530 essentialiter
3190 1474 3473 1531 existens.

1922 1564 2006 1617 Ita
2040 1563 2295 1634 profecto
2329 1564 2651 1630 sancimus,
2681 1564 2759 1619 ita
2788 1565 3138 1619 confitemur

1923 1651 2203 1708 Naturam
2237 1657 2550 1724 utramque
2581 1668 2710 1707 vere
2732 1653 2991 1708 divinam
3023 1669 3088 1708 ao
3122 1651 3444 1707 humanam

1921 1740 2038 1794 Sibi
2070 1740 2319 1796 invicem
2367 1742 2838 1797 substantialiter
2867 1745 2924 1798 et
2951 1740 3403 1797 immutabiliter
3430 1740 3570 1795 uni-

3344 1831 3487 1898 [tam

1917 1934 2405 2007 Unamquamque
2436 1937 2496 1991 in
2531 1938 2745 1992 unione
2774 1953 3009 1992 manere
3040 1954 3156 1992 non
3183 1940 3493 2004 mutatam;

1915 2025 1992 2078 Ex
2025 2032 2267 2095 utraque
2298 2030 2495 2081 autem
2520 2032 2727 2081 natura
2760 2043 2939 2081 unam
2966 2026 3365 2081 consummari

1915 2112 2312 2183 Compositam
2343 2114 2771 2170 substantiam:
2797 2115 2878 2169 ita
2910 2114 3041 2170 fidei
3071 2115 3382 2170 terminus.

1916 2203 2273 2257 Conﬁtemur
2301 2203 2482 2274 igitur
2512 2203 2699 2258 Patris
2738 2203 2947 2258 Filium
2982 2220 3186 2269 unum,

1916 2290 2249 2344 Secundum
2282 2290 2587 2345 infandam
2622 2291 2795 2346 Verbi
2824 2291 3313 2357 incarnationem,

1918 2379 2321 2450 Eumdemque
2357 2379 2568 2434 Filium
2602 2383 2800 2450 aperte
2822 2379 3123 2435 hominem
3157 2396 3286 2435 esse
3320 2380 3562 2448 factum,

1920 2466 2112 2523 Unum
2161 2468 2458 2526 Christum
2491 2473 2548 2524 et
2578 2468 2891 2525 Dominum
2925 2469 3296 2541 unigenitum
3333 2472 3391 2525 et
3416 2467 3564 2523 Ver-

3306 2557 3496 2629 [bum,

1922 2663 2132 2718 Totum
2160 2663 2347 2719 Deum
2369 2668 2426 2720 et
2455 2664 2733 2720 hominen
2762 2665 2820 2720 in
2855 2682 2973 2720 una
3003 2663 3355 2720 substantia.

1921 2751 2106 2807 Unitae
2140 2753 2320 2825 igitur
2350 2758 2494 2809 sunt
2525 2753 2742 2809 Christi
2776 2757 3020 2821 natura),
3053 2753 3154 2809 sed
3186 2752 3518 2821 inconfuse,

1925 2947 2113 3003 Unitas
2144 2949 2465 3002 secundum
2486 2947 3116 3005 substantiam.divisze
3141 2952 3337 3003 autem
3363 2964 3571 3005 rursus

1930 3037 2173 3091 Ratione
2204 3036 2574 3101 diﬂ'erentiaa:
2602 3036 2717 3091 alia
2736 3037 2892 3092 enim
2918 3038 3018 3092 Dei
3052 3042 3281 3103 natura,

1926 3126 1996 3180 Et
2024 3123 2141 3179 alia
2172 3124 2575 3195 humanitatis,
2608 3142 2789 3180 unum
2822 3131 3021 3181 autem
3056 3127 3113 3181 in
3149 3132 3400 3199 utraque
3432 3127 3571 3182 Ver-

3250 3236 3256 3242 -
3313 3216 3496 3286 [bum,

1931 3303 2136 3374 Itaque
2168 3319 2323 3357 unus
2353 3306 2441 3357 est
2470 3301 2758 3368 Christus,
2792 3302 2891 3358 sed
2924 3302 3079 3358 idem
3111 3303 3285 3359 etiam
3308 3304 3463 3359 duo:

1930 3392 2090 3447 Unus
2122 3392 2279 3448 enim
2312 3392 2636 3448 secundum
2669 3392 3089 3463 substantiam,
3122 3392 3337 3464 duplex
3366 3408 3575 3447 secun-

3008 3482 3173 3551 [dum
3208 3486 3500 3537 naturam.

1929 3590 2094 3647 Sicut
2127 3590 2273 3645 bene
2302 3586 2604 3644 sancimus
2636 3589 2784 3643 duas
2812 3588 3030 3643 Christi
3066 3593 3334 3654 naturas,

1930 3678 2013 3733 lta
2046 3679 2192 3732 duas
2214 3694 2448 3748 quoque
2482 3676 2736 3731 dicimus
2765 3677 3135 3747 operationes
3166 3674 3457 3730 naturales

1929 3772 1997 3821 Et
2026 3769 2173 3822 duas
2200 3767 2529 3822 voluntates
2562 3764 2909 3821 naturaliter
2938 3769 3269 3836 operantes.

1931 3856 2196 3910 Essentia
2228 3854 2409 3927 igitur
2439 3858 2495 3909 et
2530 3855 2717 3909 forma
2746 3857 2804 3909 et
2835 3858 3047 3908 natura
3075 3852 3134 3907 in
3163 3852 3376 3918 Verbo,

1927 3944 2054 4000 Una
2085 3948 2280 3999 autem
2315 3942 2690 3999 indivisibilis
2722 3958 2974 4013 persona
3005 3958 3138 3997 cum
3168 3941 3504 3996 substantia

1931 4032 2174 4087 Carnem
2202 4032 2319 4087 noli
2356 4033 2457 4107 Dei
2484 4032 2876 4087 substantiam
2910 4030 3223 4103 appellare,

1927 4122 2039 4177 Sed
2085 4121 2477 4177 substantiale
2528 4121 3024 4193 dicaszexpresse
3074 4120 3229 4176 enim
3284 4119 3368 4175 sic
3399 4118 3578 4175 habet

3250 4208 3508 4279 [dogma.

1932 4315 2335 4371 Substantiale
2364 4316 2554 4370 varias
2594 4315 2771 4371 habet
2802 4314 3282 4386 significationes,
3316 4313 3582 4381 domine,

1932 4406 2031 4459 Est
2059 4406 2216 4459 enim
2243 4404 2633 4459 substantiale
2666 4404 2820 4476 quod
2854 4420 3055 4458 revera
3086 4401 3378 4467 subsistit,

1931 4493 1998 4547 Et
2029 4493 2244 4548 iterum
2278 4491 2667 4548 substantiale
2697 4496 2786 4546 est
2816 4507 3126 4546 commune
3146 4490 3437 4561 essentia,

1854 4562 1900 4627 D
1931 4582 2030 4636 Vel
2065 4581 2312 4653 species,
2346 4598 2377 4636 ο
2408 4581 2748 4653 imperator,
2784 4581 2843 4635 in
2886 4579 3206 4635 individuis

1938 4669 2251 4725 Actualitcr
2284 4669 2635 4736 subsistens,
2672 4686 2785 4725 non
2812 4667 2936 4724 sola
2958 4668 3329 4740 cogitatione.

1936 4762 2038 4816 Est
2069 4766 2261 4815 autem
2292 4758 2682 4815 substantiale
2715 4776 2885 4831 porro
2918 4758 3365 4831 intelligendum

1938 4851 2097 4915 Quod
2129 4848 2467 4904 estunitum
2498 4865 2631 4904 cum
2664 4849 2779 4904 alia
2810 4848 3036 4904 diverso

1937 4939 2271 5015 Secundum
2299 4938 2639 5002 essentiam,
2664 4938 2920 5006 domine,
2943 4937 3003 4993 in
3022 4936 3299 4993 unionem
3322 4951 3583 5008 personas

1938 5027 2123 5083 Unius
2151 5031 2206 5082 et
2235 5027 2522 5098 originem
2556 5026 2733 5082 unius
2765 5025 3137 5082 substantiae.

1937 5116 2061 5171 Tali
2095 5116 2313 5170 ratione
2343 5115 2502 5170 enim
2542 5115 2934 5171 substantiale
2964 5113 3197 5170 deﬁniri
3229 5113 3424 5169 debet.

1939 5205 2248 5259 Subtantia
2278 5209 2473 5259 autem
2505 5219 2626 5274 quae
2660 5204 2893 5275 proprie
2923 5202 3141 5258 dicitur

1940 5293 2041 5348 Est
2098 5309 2189 5347 res
2237 5309 2340 5364 per
2395 5309 2458 5348 se
2514 5292 2867 5362 subsistens,
2916 5291 3004 5348 vel
3037 5291 3233 5364 potius
3264 5306 3409 5346 vuna
3453 5305 3588 5362 per-

3320 5378 3515 5452 [sona.

1940 5488 2070 5543 Jam
2103 5504 2231 5543 vero
2266 5487 2653 5543 substantiale
2683 5492 2772 5544 est
2803 5501 3114 5542 commune
3135 5486 3443 5553 essentiae;

1942 5575 2188 5632 Habitus
2221 5580 2309 5632 est
2341 5576 2595 5649 qualitas
2627 5576 2959 5632 immanens
2987 5578 3045 5630 et
3088 5574 3183 5630 vix
3211 5573 3582 5646 separabilis,

1942 5664 2125 5720 Aliter
2155 5666 2390 5721 habitus
2421 5669 2511 5721 est
2540 5665 2800 5735 cujusvis
2829 5665 3152 5719 secundum
3178 5667 3472 5719 naturam.
