4032 6202
337 340 455 399 815
1668 334 2092 397 MICHAELIS
2137 336 2406 398 PSELLI
3618 338 3745 397 816

335 468 617 525 Universa
646 466 957 525 actualitas
976 468 1036 522 in
1068 466 1268 523 anima
1296 470 1354 522 et
1382 482 1643 538 corpore,

2001 467 2057 534 Α
2084 462 2428 539 Ὀλόκληρος
2460 465 2696 538 ἐνέργεια
2726 462 2777 518 ἐν
2809 465 2962 538 ψυχῇ
2996 463 3209 536 σώματί
3242 484 3320 535 τε,

332 562 418 613 Ita
449 562 512 614 ut
538 557 776 613 habitus
808 557 857 613 si
888 557 1198 612 actualitas
1226 555 1579 611 communis.

2081 553 2229 623 Ἕξις
2262 551 2317 607 δὲ
2342 556 2376 623 ἡ
2410 553 2644 629 ἐνέργεια
2672 557 2769 607 τοῦ
2798 556 2987 607 κοινοῦ
3019 552 3224 629 πέφυκέ
3254 574 3392 616 πως.

324 648 607 702 Praeterea
637 647 774 701 audi
806 665 821 700 :
855 645 1107 701 Verbum
1138 646 1509 699 incarnatum

2150 643 2224 703 >ὸς
2246 644 2465 704 τούτοις
2499 649 2627 697 πᾶσι
2658 640 2889 716 γίνωσκε
2920 662 2932 673 ·
2964 643 2991 695 6
3044 642 3339 715 σαρκωθεὶς
3386 644 3491 719 γὰρ
3532 643 3742 720 Λόγος,

324 737 621 806 Nostram,
649 753 782 790 cum
825 735 995 789 homo
1030 736 1212 797 fleret,
1240 732 1533 804 accipiens
1567 749 1827 802 carnem,

2082 731 2195 797 Τὴν
2230 730 2496 805 ἡμετέραν
2530 724 2858 804 προσλαϐὼν
2893 729 2943 783 έν
2971 734 3049 801 τῷ
3078 735 3406 803 σαρκοῦσθαι
3434 732 3628 809 σάρκα,

323 826 560 880 Factum
584 830 673 879 est
694 821 1421 892 exsecratio,quantumvis
1446 828 1603 876 esset
1620 821 1909 877 benedicti

1696 821 1971 889 nedictio,
2081 820 2299 893 Κατάρα
2330 818 2687 895 ἐχρημάτισε,
2720 820 3007 893 τυγχάνων
3042 818 3285 894 εὐλογία,

321 914 391 967 Et
421 919 721 968 mortuum
772 916 861 967 est
901 909 1161 965 hominis
1218 909 1433 979 instar,
1468 908 1605 965 licet
1637 910 1913 965 immorta

1927 908 1937 962 Ι
2112 911 2125 923 ν
2170 908 2183 926 \
2256 908 2267 925 1
2379 930 2390 939 .
2516 910 2530 929 ι
2614 905 2639 925 9’
3030 909 3039 927 '
3257 907 3269 927 κ
3394 907 3409 928 Ι

1946 926 1977 965 e
2084 911 2186 964 hau
2215 913 2467 979 τέθνηκεν
2501 929 2573 969 ως
2605 909 2907 983 ανθρωπος,
2944 908 3207 971 ἀθάνατος
3238 910 3310 963 ὼν
3344 930 3519 986 φυσει,

1642 999 1899 1069 [natura,

322 1092 557 1144 lncruce
588 1092 831 1144 mortem
865 1103 972 1142 sua
1004 1089 1210 1158 sponte
1240 1086 1507 1143 subiens.

2081 1086 2209 1142 Ἐπὶ
2242 1091 2474 1162 σταυροῦ
2496 1088 2594 1155 τὴν
2628 1087 2886 1159 νέκρωσιν
2921 1085 3155 1148 ὑποστὰς
3188 1086 3468 1149 ἑκουσίως.

323 1178 658 1233 Resurrexit
686 1181 881 1231 autem
913 1175 1085 1231 tertia
1116 1174 1231 1241 die,
1258 1175 1450 1231 soluto
1476 1176 1725 1245 inferno,

2085 1176 2305 1245 Ἀνέστη
2340 1172 2399 1229 δὲ
2427 1177 2730 1250 τριήμερος
2756 1178 2849 1229 τὸν
2882 1170 3017 1245 ᾅδην
3048 1172 3374 1243 καταλύσας,

320 1268 390 1321 Et
422 1271 547 1321 tum
581 1268 638 1320 in
672 1264 849 1320 caelos
881 1263 1188 1321 evectusin
1212 1263 1419 1335 gloria,

2086 1266 2216 1319 Εἶτα
2245 1265 2333 1319 καὶ
2366 1262 2703 1334 ἀνελήλυθεν
2734 1262 2810 1325 εἷς
2846 1262 3110 1337 οὐρανοὺς
3140 1263 3191 1318 έν
3226 1262 3380 1338 δόξῃ,

319 1359 510 1426 Atque
542 1355 756 1411 iterum
787 1355 981 1410 veniet
1012 1370 1145 1408 cum
1179 1352 1356 1408 Patre
1381 1361 1438 1410 et
1469 1355 1690 1427 Spiritu
1723 1362 1911 1411 sanclc

1836 1362 1925 1411 clo
2086 1353 2183 1407 Καὶ
2211 1352 2359 1414 αὖθις
2392 1352 2507 1423 ἥξει
2542 1352 2632 1406 σὺν
2664 1354 2833 1427 Πατρὶ
2866 1354 2956 1406 καὶ
2986 1354 3257 1425 Πνεύματι
3284 1352 3423 1427 ἁγίῳ

311 1445 584 1499 Jndicare
613 1450 853 1499 cunctos
881 1445 1112 1514 etjuste
1140 1448 1196 1501 et
1235 1442 1512 1500 humane.

2087 1445 2274 1516 Κρῖναι
2309 1438 2531 1503 δικαίως
2564 1443 2802 1502 ἅπαντας
2834 1441 2974 1511 ὁμοῦ
3000 1441 3089 1495 καὶ
3131 1439 3558 1518 φιλανθρώπως.

310 1534 440 1587 Ilaec
468 1548 705 1587 summa
736 1549 937 1587 eorum
971 1550 1096 1603 quae
1131 1534 1395 1604 theologi
1430 1534 1643 1588 docent

2084 1533 2253 1583 Τοῦτο
2287 1527 2758 1605 συγκεφαλαίωσις
2785 1533 2891 1583 τῶν
2924 1527 3369 1603 θεολογουμένων

308 1623 376 1676 Et
397 1623 620 1688 dicunt,
654 1622 910 1692 domine,
938 1624 1009 1678 de
1041 1626 1463 1680 incarnatione.

2086 1618 2184 1671 Καὶ
2218 1617 2550 1691 λεγομένων,
2583 1614 2839 1684 δέσποτα,
2873 1615 2950 1678 εἷς
2980 1617 3079 1685 τήν
3113 1617 3448 1689 οἰκονομίαν,

310 1713 504 1782 Longa
534 1711 773 1781 quidem
809 1728 881 1767 ac
914 1713 1152 1769 difﬁcile
1186 1714 1454 1769 doctrina
1485 1718 1574 1768 est
1604 1714 1902 1784 dogmatui

2087 1706 2267 1768 Πολὺς
2300 1706 2403 1781 γὰρ
2435 1705 2525 1761 καὶ
2558 1702 2853 1775 δυσνόητος
2886 1706 2913 1758 ὁ
2948 1704 3113 1780 λόγος
3146 1710 3251 1761 τῶν
3285 1703 3600 1780 δογμάτων.

310 1800 429 1871 Ego
462 1816 594 1855 vero
633 1800 894 1856 collectis
926 1801 985 1855 in
1019 1810 1181 1857 tuam
1223 1802 1541 1857 utilitatem
1578 1800 1902 1872 planioribu

2001 1849 2047 1872 ἢ
2087 1794 2246 1853 Ἀλλ’
2276 1794 2381 1871 ἐγὼ
2410 1796 2477 1850 τά
2500 1794 2796 1872 σαφέστερα
2828 1792 3087 1866 συλλέξας
3119 1815 3202 1849 σοι
3244 1794 3590 1872 προσφόρως,

312 1849 425 1871 _O-
474 1849 590 1855 .-η
636 1849 893 1856 -,--,-,--
927 1849 985 1855 ,κ
1024 1849 1181 1857 ηπ-
1225 1849 1541 1857 ,-.---_-m-
1578 1849 1904 1872 ,ψη-η--

312 1888 382 1941 Et
412 1888 769 1959 plenissime
797 1894 853 1943 et
878 1890 1110 1945 concise
1143 1891 1247 1945 tibi
1279 1890 1541 1962 exposui.

1960 1849 1966 1865 ’
2000 1849 2048 1913 B
2081 1887 2187 1942 Καὶ
2219 1849 2613 1961 πληρεστάτωις
2640 1849 2838 1961 εἴρηκα
2868 1849 3020 1957 ὁμοῦ,
3039 1906 3097 1940 τε
3124 1884 3214 1939 καὶ
3246 1849 3552 1958 σύντόμίυς.

316 1976 551 2047 Oportet
584 1977 740 2031 enim
774 1977 1189 2048 imperatorem
1222 1979 1339 2034 alia
1372 1978 1611 2050 quidem
1650 1994 1844 2049 nosse,

2082 1980 2174 2029 Δεῖ
2201 1974 2300 2049 γάρ
2334 1975 2424 2028 τὸν
2463 1972 2822 2050 βασιλεύοντα
2852 1974 2942 2029 καὶ
2972 1975 3017 2027 τ’
3052 1972 3196 2029 ἄλλα
3230 1975 3321 2047 μὶν
3356 1972 3574 2043 εἰδέναι,

313 2069 461 2119 Ante
479 2066 678 2120 omnia
700 2070 895 2120 autem
917 2065 1218 2122 veritatem
1240 2068 1580 2139 dogmatum
1605 2073 1905 2123 nostrorui

2080 2064 2155 2119 T6
2188 2061 2235 2117 δ’
2266 2062 2465 2133 ἀληθὲς
2496 2064 2571 2125 ὡς
2608 2061 2843 2135 μάλιστα
2870 2068 2978 2118 τῶν
3010 2065 3127 2127 καθ’
3158 2065 3305 2136 ἡμᾶς
3338 2061 3622 2139 δογμάτων
3650 2082 3665 2097 ·

317 2155 381 2207 In
414 2153 633 2224 quibus
662 2153 999 2226 principum
1040 2172 1105 2210 ac
1136 2156 1586 2211 fundamentum
1612 2155 1848 2227 imperii
1878 2174 1909 2210 n

1962 2188 1969 2199 -
2082 2153 2259 2227 Ἀρχὴ
2292 2152 2392 2228 γὰρ
2426 2150 2586 2206 τοῦτο
2617 2152 2705 2205 καὶ
2740 2151 2942 2227 κρηπὶς
2977 2152 3210 2227 ὑπάρχει
3259 2151 3554 2228 βασιλείας.

1706 2244 1894 2315 [titur.

312 2332 519 2401 Accipe
548 2332 727 2388 etiam
760 2348 1074 2388 numerum
1107 2338 1449 2389 sanctarum
1479 2335 1860 2406 synodorum.

2154 2329 2388 2384 Γίνωσκε
2417 2330 2509 2384 καὶ
2532 2329 2625 2385 τὸν
2658 2330 2887 2405 ἀριθμὸν
2917 2334 3024 2385 τῶν
3066 2331 3226 2404 ἱερῶν
3260 2327 3518 2400 συνόδων,

309 2423 446 2484 Quae
476 2428 679 2477 contra
711 2420 928 2492 impios
958 2422 1209 2477 collectas
1242 2428 1403 2490 sunt,
1438 2440 1469 2477 o
1501 2424 1759 2487 domine,

1998 2482 2003 2487 ,
2078 2420 2305 2476 Ὁπόσαι
2336 2419 2472 2473 κατὰ
2502 2414 2770 2473 δυσσεϐὦν
2805 2418 3203 2493 ἐκροτήθησαν,
3235 2417 3382 2492 ἄναξ,

310 2509 659 2581 Seplemque
689 2510 931 2565 omnino
964 2517 1371 2566 numerantur.
1406 2512 1611 2566 Nicaeae

2081 2508 2247 2564 Ἑπτὰ
2279 2512 2443 2561 πᾶσαι
2476 2508 2741 2584 πεφύκασι
2774 2526 2787 2538 ·
2822 2508 3013 2581 πρώτη
3049 2504 3094 2561 δ’
3127 2510 3162 2575 ἡ
3196 2506 3245 2561 ἐν
3289 2508 3484 2578 Nutan

306 2600 444 2651 Divo
468 2598 860 2653 Constantino
890 2604 1169 2669 regnante

2082 2601 2195 2653 Τοῦ
2226 2596 2372 2650 θείου
2407 2595 2810 2671 βασιλεύοντος,
2844 2594 3097 2664 δέσποτα,
3132 2598 3563 2664 Κωνσταντίνου,

310 2687 379 2739 Et
402 2686 823 2757 archiepiscopi
851 2687 1035 2742 fasces
1059 2692 1291 2743 tenente
1318 2688 1825 2761 Constantinopoli

1792 2688 1825 2743 li
2083 2686 2179 2741 Καὶ
2215 2684 2699 2760 ἀρχιερατεύοντος
2731 2683 2781 2738 έν
2816 2681 3384 2741 Κωνσταντινουπόλει

312 2774 702 2844 Metrophane
734 2791 968 2830 summe
1007 2778 1323 2833 reverenda
1348 2783 1402 2833 et
1422 2778 1689 2834 animast
1704 2778 1904 2834 scienti

2080 2778 2189 2828 Τοῦ
2220 2768 2589 2828 πανσεϐάστου
2619 2774 2707 2827 καὶ
2733 2776 2889 2848 ψυχῇ
2916 2774 3005 2828 καὶ
3034 2771 3184 2850 λόγῳ
3216 2773 3605 2850 Μητροφάνου.

313 2865 392 2916 Ea
421 2861 615 2915 insani
656 2863 938 2933 repressit
970 2862 1231 2935 linguam
1267 2865 1389 2920 Arii

2081 2862 2227 2933 Αὕτη
2254 2864 2353 2932 τὴν
2384 2862 2633 2937 γλῶτταν
2669 2859 2826 2935 ἔτεμε
2854 2866 2951 2917 τοῦ
2987 2863 3244 2935 μανέντος
3279 2864 3515 2937 Ἀρείου,

321 2950 431 3014 Qui
463 2949 765 3005 Trinitatis
787 2952 1464 3009 consubstantialitatem
1498 2955 1869 3027 impugnavit

1761 2956 1869 3010 ivit
2080 2954 2186 3021 Τὴν
2216 2951 2621 3024 ὁμοουσιότητα
2649 2951 2940 3025 τέμνοντος
2969 2954 3069 3019 τῆς
3096 2949 3353 3027 Τριάδος,

320 3038 389 3093 Et
419 3043 748 3093 creaturam
782 3039 1167 3113 Demiurgum
1195 3042 1373 3113 impie
1394 3059 1459 3098 ac
1494 3045 1703 3099 misere
1734 3044 1899 3111 dixit,

2081 3040 2178 3095 Καί
2207 3039 2409 3113 κτίσμα
2435 3040 2528 3095 τὸν
2558 3041 2905 3116 Δημιουργὸν
2936 3036 3327 3103 δυσσεϐοῦντος
3357 3041 3586 3111 ἀθλίως,

327 3126 601 3198 Patrique
651 3128 1010 3199 inferiorem,
1063 3129 1200 3186 licet
1249 3136 1460 3187 natura
1498 3133 1703 3189 eodem
1754 3133 1919 3190 bona]

1885 3150 1972 3190 are
2083 3127 2377 3184 Ἐλάττονά
2403 3151 2461 3184 τε
2488 3134 2584 3184 τοῦ
2612 3130 2849 3206 Πατρὸς,
2882 3130 2973 3184 τὸν
3009 3130 3254 3204 ἰσότιμον
3298 3131 3477 3209 φύσει.

1597 3222 1892 3294 [dignum,
1996 3214 2039 3279 C

316 3323 583 3378 Secunda
614 3326 809 3378 autem
846 3324 1043 3379 habita
1074 3330 1163 3381 est
1180 3332 1517 3381 sanctarum
1552 3329 1908 3399 synodorum

1721 3329 1931 3397 lorum,
2081 3326 2143 3380 Ἡ
2173 3322 2230 3379 δὲ
2257 3322 2475 3398 δευτέρα
2507 3324 2693 3400 γέγονε
2722 3328 2828 3380 τῶν
2870 3326 3031 3400 ἱερῶν
3056 3323 3313 3394 συνόδων,

332 3411 424 3466 Uti
452 3428 644 3467 omnes
674 3412 936 3481 tradunt,
972 3414 1476 3487 Constantinopoli

2082 3415 2171 3477 Ὦς
2201 3415 2506 3488 ἱστοροῦσιν
2536 3414 2788 3482 ἅπαντες,
2817 3413 2868 3468 ἐν
2904 3414 3500 3487 Κωνσταντινουπόλει,

325 3500 429 3555 Cui
458 3500 702 3556 feliciter
721 3506 861 3556 tunc
884 3507 1131 3571 praerat
1156 3503 1519 3559 Theodosius
1551 3510 1796 3578 Magnus

1769 3523 1796 3561 s
2083 3508 2184 3563 Ἢς
2217 3503 2245 3555 6
2281 3502 2373 3574 μὶν
2402 3499 2687 3565 Θεοδόσιος
2713 3503 2857 3577 ἦρχε
2887 3500 3070 3564 καλῶς
3104 3504 3131 3557 6
3166 3502 3353 3577 μέγας,

323 3590 397 3643 Et
420 3590 727 3643 Nectarins
758 3589 1193 3660 patriarchatus
1224 3607 1465 3646 munere
1488 3594 1858 3665 fungebatur.

1746 3600 1858 3650 tur.
2086 3590 2377 3667 Νεκτάριος
2410 3589 2456 3644 δ’
2486 3591 2772 3666 ἀρχιερεὺς
2803 3590 3062 3666 ἐτύγχανε
3090 3596 3169 3662 τῷ
3198 3592 3336 3648 τότε.

331 3679 456 3731 llaac
493 3677 895 3731 Macedonium
929 3678 1216 3733 radicitus
1247 3680 1463 3734 evulsit

2088 3679 2234 3749 Αὕτη
2267 3680 2357 3734 τὸν
2392 3677 2719 3735 Μακεδόνων
2752 3679 3017 3734 ἀνέσπασε
3050 3679 3282 3755 ῥιζόθεν,

329 3764 434 3829 Qui
467 3765 748 3834 Spiritum
782 3770 1049 3818 sanctum
1086 3767 1429 3835 sejungebat
1462 3769 1684 3824 frustra

2086 3770 2161 3824 T6
2192 3770 2409 3840 Πνεῦμα
2437 3770 2498 3823 τὸ
2530 3769 2785 3842 πανάγιον
2819 3766 3216 3842 ἀλλοτριοῦντα
3252 3772 3423 3841 μάτην

334 3855 417 3907 Ab
449 3853 567 3907 alta
594 3852 907 3907 Divinitate
946 3862 1003 3907 et
1056 3862 1381 3909 creaturam
1418 3857 1755 3928 blaspheme
1787 3878 1921 3916 nom

2086 3863 2194 3925 Τῆς
2230 3856 2448 3930 ὑψηλῆς
2483 3858 2771 3929 Θεότητος,
2803 3858 2891 3911 καὶ
2923 3857 3121 3930 κτίσμα
3155 3856 3612 3936 βλασφημοῦντα.

1684 3948 1906 4021 [nabat

339 4030 475 4085 Jam
507 4044 637 4083 vero
671 4029 840 4084 tertia
870 4031 1129 4101 synodus
1160 4031 1372 4102 Ephesi
1405 4037 1696 4103 convenit,

2088 4037 2150 4091 Ἡ
2185 4032 2240 4088 δέ
2268 4056 2332 4109 γε
2360 4034 2514 4110 τρίτη
2550 4032 2774 4097 σύνοδος
2804 4034 3023 4108 γέγονεν
3059 4035 3109 4089 έν
3142 4037 3370 4111 Ἐφέσῳ,

342 4118 486 4173 Cum
502 4118 866 4173 Theodosius
882 4121 1083 4189 junior
1106 4124 1249 4176 bene
1266 4124 1579 4193 imperium
1605 4129 1931 4197 gubernare

1743 4135 1978 4200 amaret,
2090 4121 2378 4179 Θεοδοσίου
2408 4128 2504 4178 τοῦ
2540 4128 2737 4196 μικροῦ
2771 4121 3125 4191 δεσπόζοντος
3154 4124 3335 4193 ἀξίως,

343 4206 556 4262 Contra
585 4208 950 4263 insensatnm
986 4226 1049 4263 ac
1084 4211 1369 4265 miserum
1402 4212 1728 4269 Nestorium

2091 4213 2234 4267 Κατὰ
2262 4218 2358 4266 τοῦ
2393 4212 2791 4290 ματαιόφρονος
2818 4212 2907 4267 καὶ
2941 4210 3118 4267 δεινοῦ
3150 4215 3466 4288 Νεστορίου,

340 4298 444 4361 Qui
478 4297 577 4352 Dei
608 4298 1072 4355 incarnationem
1106 4315 1218 4354 non
1246 4301 1483 4357 omnino
1515 4305 1853 4376 accipiebat.

2087 4303 2193 4371 Τὴν
2224 4306 2319 4357 τοῦ
2350 4306 2483 4356 Θεοῦ
2518 4304 2593 4375 μὴ
2625 4301 2889 4378 σάρκωσιν
2924 4300 3035 4355 οὐδ’
3067 4300 3213 4363 ὅλως
3246 4300 3567 4378 δεχομένου,

334 4385 444 4440 Sed
478 4403 692 4457 purum
717 4386 1014 4443 hominem
1047 4389 1347 4444 Christum
1375 4390 1526 4446 male
1557 4392 1810 4464 dicebat,

2156 4388 2261 4446 λλὰ
2307 4389 2470 4463 ψιλὸν
2531 4390 2623 4463 μὶν
2685 4387 2966 4464 ἄνθρωπον
3021 4390 3111 4444 τὸν
3189 4391 3419 4465 Χριστὸν
3482 4391 3748 4471 βλασφη-

3382 4483 3608 4553 [μοῦντο
3617 4504 3668 4551 ς,

330 4565 396 4617 Et
426 4562 637 4617 Christi
674 4569 930 4629 Matrem,
965 4582 1077 4619 non
1114 4564 1213 4619 Dei
1242 4566 1484 4622 Matrem
1518 4569 1850 4641 appellabat

2002 4573 2049 4636 D
2088 4568 2184 4622 Καὶ
2219 4570 2582 4644 Χριστοτόκον
2612 4567 2887 4643 λέγοντος,
2914 4566 3042 4623 ἀλλ’
3071 4567 3200 4641 οὐχὶ
3232 4569 3514 4635 Θεοτόκον,

324 4650 594 4722 Viginem
627 4653 887 4721 Mariam,
920 4670 1046 4724 quae
1078 4660 1165 4709 est
1191 4655 1433 4710 Domina
1464 4657 1728 4728 Deipara.

2080 4660 2192 4726 Τὴν
2227 4654 2487 4714 Θεοτὸκον
2523 4660 2814 4713 Δέσποιναν
2846 4658 2934 4712 καὶ
2978 4656 3185 4731 Μαρίαν
3220 4658 3511 4733 Παρθένον.

329 4739 545 4801 Quarta
585 4742 843 4812 synodus
870 4748 1065 4797 autem
1090 4743 1457 4799 Chalcedone
1489 4747 1730 4813 exstitit,

2079 4748 2140 4800 Ἣ
2174 4744 2231 4801 δέ
2259 4749 2488 4821 τετάρτη
2524 4744 2743 4807 σύνοδος
2772 4742 2897 4816 ἔστη
2934 4745 2985 4800 έν
3008 4743 3340 4815 Χαλκηδόνι,

329 4827 622 4883 Marciano
654 4830 1000 4900 imperatore
1031 4838 1258 4901 sceptra
1291 4832 1480 4887 Romae
1510 4839 1761 4891 tenente.

2078 4836 2295 4907 Ῥώμης
2322 4836 2388 4889 τὰ
2418 4843 2666 4911 σκῆπτρα
2698 4835 2950 4913 φέροντος
2988 4837 3301 4909 Μαρκιάνου
3336 4833 3622 4893 δεσπότου.

327 4916 618 4972 Numerus
640 4927 975 4973 sanctorum
1011 4921 1596 4993 venerandorumqne
1620 4924 1857 4981 Patrum

2076 4924 2135 4977 ὐ
2166 4921 2212 4976 δ’
2250 4924 2477 4995 ἀριθμὸς
2508 4929 2615 4977 τῶν
2647 4925 2808 4999 ἱερῶν
2840 4923 2928 4977 καὶ
2960 4918 3233 4977 σεϐαστῶν
3268 4922 3514 4999 Πατέρων

318 5003 581 5075 Triginta
615 5007 723 5061 fuit
746 5025 924 5079 super
946 5009 1242 5077 ducentis,

2074 5011 2374 5085 Τριάκοντα
2406 5014 2730 5082 συνέστησαν
2760 5012 2896 5085 πρὸς
2928 5017 3045 5073 τοῖς
3079 5009 3403 5081 διακοσίοις,

314 5094 608 5149 Adversus
632 5095 880 5167 impium
913 5097 1230 5168 Eutychem
1262 5102 1317 5151 et
1352 5098 1714 5171 Dioscorum,

2074 5101 2205 5154 Κατ’
2239 5100 2517 5175 Εύτυχοῦς
2545 5105 2643 5155 τοῦ
2678 5096 2986 5166 δυσσεϐοῦς,
3020 5101 3107 5153 καὶ
3156 5101 3291 5155 κατὰ
3322 5099 3622 5173 Διοσκόρου

317 5181 424 5244 Qui
456 5184 633 5256 impie
665 5202 877 5258 corpus
938 5186 1165 5239 Domini
1222 5186 1458 5242 nonnisi
1492 5190 1748 5257 speciem
1784 5191 1909 5248 fuis:

1933 5208 1963 5247 e
2073 5188 2151 5243 T6
2182 5193 2340 5261 σῶμα
2371 5189 2433 5243 τὸ
2464 5190 2785 5244 Δισποτικὸν
2822 5184 3096 5249 δυσσεϐῶς
3128 5190 3525 5265 φαπασᾶντων.

1409 5275 1887 5347 [contendebant.

314 5375 526 5442 Quinta
558 5384 751 5435 autem
785 5381 986 5436 habita
1017 5384 1105 5435 est
1134 5381 1631 5452 Constantinopoli
1659 5402 1671 5438 :

2069 5384 2132 5439 ἸΙ
2167 5380 2283 5457 δέγε
2313 5385 2536 5457 πέμπτη
2572 5386 2793 5459 γέγονεν
2829 5383 2881 5439 ἰν
2928 5383 3495 5440 Κωνσταντινουπόλιι
3533 5404 3544 5415 ·

316 5465 583 5536 Quinque
622 5484 797 5536 super
828 5470 1134 5540 sexaginta
1164 5471 1220 5521 et
1250 5471 1485 5522 centum
1513 5469 1711 5525 Patres

2069 5472 2232 5526 Πέντε
2265 5470 2321 5526 δὲ
2351 5474 2487 5547 πρὸς
2515 5474 2775 5543 ἑξήκοντα
2802 5473 2891 5527 καὶ
2926 5472 3111 5526 ἑκατὸν
3148 5471 3379 5549 Πατέρις

316 5554 377 5606 in
411 5570 478 5607 ea
509 5562 927 5624 convenerunt,
962 5563 1020 5613 et
1051 5554 1584 5613 Chalcedonensem

2068 5561 2155 5616 'Ev
2187 5560 2355 5635 ταύτῃ
2382 5562 2867 5639 συνηθροίσθησαν,
2902 5560 2991 5615 καὶ
3016 5563 3116 5629 τὴν
3150 5560 3202 5615 ἐν
3237 5560 3554 5633 Χαλκηδόνι

309 5641 607 5712 Synodum
640 5646 919 5715 tanquam
964 5643 1395 5717 pientissimam
1428 5655 1807 5717 agnoverunt.

1772 5655 1807 5704 l.
2067 5646 2303 5705 Σύνοδον
2336 5648 2530 5727 ἐκρυτή
2539 5663 2706 5723 θησαν
2739 5651 2946 5727 digna»
2958 5644 3364 5721 ευσεϐεστᾶτην.
