4032 6202
263 330 356 390 817
1364 335 1467 394 DE
1510 332 1927 396 DEMONUM
1973 333 2502 396 OPERATIONE.

1907 468 1962 534 Α
1994 466 2342 536 Rejecerunt
2378 467 2470 539 pio
2503 466 2699 522 animo
2733 483 2765 521 ει
2795 466 3009 522 divinis
3038 466 3345 523 liminibus

1910 600 1913 603 γ
1998 556 2307 627 Evagrium
2336 565 2508 626 atque
2539 555 2854 626 Didymum
2883 572 3017 610 cum
3049 555 3294 627 Origene

286 458 566 530 Απήλασάν
596 481 653 516 τε
680 458 913 523 εὐσεϐῶς
941 467 1047 518 τῶν
1082 462 1238 519 Θείων
1271 459 1583 540 περιϐόλων

265 549 503 624 Εὑάγριον
534 550 624 605 καὶ
658 550 895 624 Δίδυμον
932 554 1065 625 μετὰ
1093 557 1189 608 τοῦ
1224 555 1553 629 Ὠριγὲνους,

267 636 466 711 Ἀνδρας
498 640 1056 714 προτελευτῆσαντας,
1089 640 1235 697 ἀλλὰ
1268 641 1745 719 συγγραψαμένους

266 730 382 782 Νόθα
413 729 503 782 καὶ
536 729 655 799 ξένα
687 727 936 805 δόγματα
975 735 1077 801 τῆς
1111 732 1255 795 θείας
1286 731 1636 802 Ἐκκλησίας.

266 815 523 889 Σωμάτων
561 821 657 891 μὲν
689 820 973 875 ἀνάστασιν
1004 826 1096 876 νῦν
1134 821 1227 893 μὲν
1259 818 1461 891 ἀνῆλον
1494 820 1663 889 ὅλως,

265 1000 349 1049 Νὖν
377 993 435 1049 δὲ
463 994 931 1072 παρεδογμάτισαν
965 997 1169 1075 ἔγερσιν
1203 997 1537 1073 ἀλλοτρίων,

263 1081 419 1156 Ἀδάμ
444 1106 503 1139 τε
531 1086 620 1140 καὶ
652 1084 974 1161 παράδεισον
1006 1086 1214 1158 ἐξεῖπον
1247 1087 1574 1159 ἀσωμάτως.

264 1173 344 1226 Καὶ
367 1172 531 1235 τέλος
562 1174 918 1249 συνεπέραναν
947 1176 1047 1244 τὴν
1074 1174 1297 1231 κόλασιν
1332 1174 1385 1229 ἐν
1417 1175 1626 1250 χρόνῳ,

262 1262 345 1318 Καὶ
369 1267 477 1316 τῶν
513 1260 785 1335 δαιμόνων
817 1263 1078 1340 ἔγραψαν,
1113 1270 1208 1343 φεῦ
1235 1266 1246 1320 ἓ
1280 1262 1762 1325 ἀποκαταστάσεις.

261 1440 471 1509 Ἀνῆλον
501 1443 592 1496 τὸν
627 1441 903 1518 θεόδωρον
935 1445 1027 1499 τὸν
1058 1450 1158 1512 τῆς
1188 1444 1578 1517 Μοψουεστίας,

262 1531 610 1605 Μυσταγωγὸν
641 1534 976 1607 τυγχάνοντα
1003 1537 1100 1587 τοῦ
1130 1530 1302 1587 δεινοῦ
1335 1532 1660 1607 Νεστορίου,

260 1618 345 1674 Καὶ
365 1621 462 1687 τὴν
494 1622 628 1695 πρὸς
659 1625 829 1692 Μὰριν
861 1623 1126 1696 πρότεραν
1157 1620 1455 1690 ἐπιστολὴν
1488 1626 1584 1675 τοῦ
1617 1614 1757 1691 Ἴδα,

260 1709 372 1761 Ὅσα
397 1728 457 1763 τε
486 1712 851 1785 συνεγράψατο
879 1712 1015 1765 κατά
1045 1710 1326 1786 Κορίλλου
1348 1709 1518 1765 πάλαι

259 1801 302 1848 '0
330 1797 497 1870 Κόρου
526 1796 878 1875 Θεοδώρητος
908 1803 1024 1861 ἴσος
1056 1799 1108 1853 ἐν
1141 1799 1443 1874 ὑποκρίσει.

261 1885 312 1940 Ἠ
338 1882 378 1938 δ’
408 1880 536 1956 ἕκτη
568 1887 731 1942 πάλιν
766 1886 986 1950 σύνοδος
1019 1888 1069 1942 ἐν
1100 1886 1668 1942 Κωνσταντινουπόλει

262 1974 475 2044 Συνέστη
506 1975 596 2029 καὶ
630 1973 875 2053 ὃιὲῥρηξε
906 1975 1149 2052 δόγματα
1173 1978 1493 2052 Θεομάχων,

259 2061 331 2114 Ὧν
361 2064 408 2115 οἱ
439 2064 735 2136 προστάται
767 2064 948 2140 λόγιοι
970 2068 1060 2120 καὶ
1082 2064 1287 2121 πολλοὶ
1314 2067 1400 2120 καὶ
1436 2063 1705 2136 ποικίλοι,

257 2153 307 2205 Ὀ
327 2158 419 2220 τῆς
454 2158 639 2226 Φαρᾶς
666 2151 969 2226 Θεόδωρος,
1002 2153 1265 2228 Ὀνώριος
1300 2155 1327 2208 ὁ
1356 2154 1598 2227 Ῥώμης,

260 2238 410 2311 Κύρος
441 2238 845 2318 Ἀλεξανδρείας
876 2264 955 2314 τε,
992 2242 1221 2317 Σέργιός
1250 2264 1308 2297 τε
1337 2242 1426 2297 καὶ
1459 2241 1693 2319 Πόρῥος.

262 2327 344 2381 Καὶ
390 2327 605 2393 Παῦλος
661 2332 688 2384 ὁ
744 2332 1131 2405 Σαμοσατεὺς,
1209 2333 1346 2406 πρὸς
1401 2330 1619 2392 τούτοις
1677 2327 1735 2384 δὲ
1794 2330 1883 2384 καὶ

1561 2418 1812 2494 [Πὲτρος,

260 2508 516 2582 Μακάριος
550 2509 579 2561 ὁ
610 2506 797 2571 ἅθλιος
825 2507 915 2562 καὶ
948 2509 1219 2586 Στέφανος
1252 2508 1387 2583 πρὸς
1413 2507 1615 2580 τούτῳ,

260 2595 325 2652 0'3
354 2593 444 2650 δύο
475 2596 658 2674 φύσεις
688 2596 935 2671 λέγοντες
966 2601 1061 2651 τοῦ
1085 2598 1453 2673 σαρκωθὲντος
1487 2592 1685 2672 Λόγου,

263 2685 385 2741 Μίαν
418 2683 474 2740 δέ
497 2706 620 2739 τινα
649 2686 911 2755 σύνθεσιν,
944 2684 1208 2761 ὶνέργειαν
1236 2684 1294 2740 δὲ
1327 2686 1474 2759 μίαν,

262 2859 351 2914 Σὺν
376 2863 591 2924 τούτοις
618 2860 995 2938 Πολυχρόνιον
1027 2862 1338 2918 ἀπέκτειναν
1367 2862 1615 2935 τελείως,

264 2949 354 3005 Καὶ
380 2947 473 3004 δύο
503 2948 859 3026 ἐδογμάτισαν
890 2956 987 3006 τοῦ
1021 2950 1391 3027 σαρκωθὲντος
1425 2952 1600 3026 Λόγου

258 3040 349 3100 Τὰς
381 3040 564 3112 φύσεις
596 3041 669 3102 ὡς
701 3036 1066 3111 πανευσεϐεῖς,
1101 3041 1176 3103 ὡς
1209 3038 1266 3095 δὲ
1294 3040 1382 3096 καὶ
1413 3041 1507 3102 τὰς
1540 3037 1809 3110 θελήσεις.

259 3126 315 3183 Ἣ
345 3125 399 3183 δὲ
428 3124 637 3200 ἑϐδόμη
670 3131 885 3203 γέγονεν
915 3128 1161 3204 ἐσχάτως
1192 3129 1242 3184 ἐν
1276 3129 1491 3200 Νικαίᾳ,

258 3219 584 3286 Πεντήκοντα
610 3216 878 3287 συνῆλθον
900 3218 1003 3293 γὰρ
1033 3220 1171 3294 πρὸς
1200 3224 1317 3279 τοῖς
1348 3218 1678 3292 τριακοσίοις
1712 3219 1808 3291 (1),

260 3307 421 3379 Λογὰς
444 3304 497 3360 ἐν
522 3305 690 3381 ταύτῃ
723 3301 954 3361 εὐσεϐῶν
984 3308 1258 3384 Θεοφόρων
1292 3306 1566 3379 Πατὲρων,

258 3393 488 3468 Εἰρήνης
517 3402 615 3464 τῆς
645 3393 962 3457 δεσπότιδος
990 3395 1113 3450 τότε
1156 3394 1575 3471 βασιλευούσης,

262 3481 358 3534 Σὺν
389 3482 768 3556 Κωνσταντίνῳ
794 3482 874 3556 τῷ
912 3486 1016 3557 υἱῷ
1044 3485 1133 3539 καὶ
1162 3486 1268 3557 νὲῳ
1298 3486 1641 3562 στεφηφόρῳ.

256 3571 348 3624 Καὶ
377 3572 467 3634 τὰς
496 3572 704 3634 εἰκόνας
731 3573 827 3634 τὰς
858 3573 1053 3635 σεπτὰς
1078 3572 1357 3637 ἐθέσπισαν
1391 3580 1671 3645 τιμᾶσθαι,

252 3659 440 3723 Καλῶς
472 3658 517 3715 δ’
546 3661 933 3735 ἀναθεμάτισαν
964 3660 1093 3726 τοὺς
1125 3657 1512 3726 δυσσεϐοὖντας
1541 3656 1684 3717 τότε⁴

254 3836 521 3893 Βασίλειον
551 3838 841 3895 ἐπίσκοπον
870 3842 962 3895 τὸν
996 3836 1126 3896 ὄντα
1155 3838 1423 3910 Πισιδίας,

255 3924 467 4002 Ἑφέσου
497 3929 778 3984 Θεοδόσιον
815 3929 1081 3986 Σισίννῖον
1110 3932 1214 3986 ⁹τὸν
1266 3930 1502 4007 Πέργης,
1617 3932 1879 4003 [μῶντας.

256 4012 475 4080 Ἀλλους
526 4038 582 4072 τε
650 4016 943 4081 πλείστους
999 4020 1096 4082 τὰς
1156 4021 1351 4082 σεπτὰς
1414 4019 1619 4081 εἷ’κόνας
1679 4021 1753 4092 μή
1806 4040 1885 4073 τι-

326 4195 399 4264 (Ι)
427 4196 779 4266 Ἐξακοσίοις.

256 4318 663 4332 —'——

256 4335 663 4348 ———~____

940 4480 2072 4635 MICHAELIS

3521 338 3640 397 818

1997 645 2127 713 Qui,
2164 645 2445 715 licetjam
2477 646 2712 708 mortui,
2746 649 2945 699 tamen
2980 643 3454 716 conscripserant

1996 733 2207 804 Spuria
2238 737 2293 787 et
2325 750 2356 787 a
2384 734 2486 788 Dei
2521 733 2774 787 Ecclesia
2813 732 3002 789 aliena
3031 734 3327 804 dogmata.

1996 821 2162 876 Nunc
2211 822 2449 892 quidem
2501 838 2813 893 corporum
2863 822 3356 877 resurrectionem
3407 840 3650 894 prorsus

3248 910 3590 984 [negabant,

1995 998 2161 1054 Nunc
2190 1015 2322 1055 vero
2366 1000 2876 1056 resuscitationem
2918 1000 3168 1056 aliorum
3210 1000 3648 1058 fabulabantur.

1995 1090 2181 1143 Adam
2219 1107 2389 1160 porro
2423 1094 2479 1144 et
2518 1089 2855 1161 paradisum
2890 1090 3227 1161 incorporea
3258 1090 3645 1163 accipiebant,

1996 1178 2064 1232 Et
2094 1195 2293 1249 pcenas
2326 1178 2606 1250 temporis
2639 1178 2929 1234 limitibus
2959 1179 3338 1249 deﬁniebant,

1996 1272 2336 1323 Daemonum
2389 1284 2645 1339 quoque,
2694 1268 2847 1323 heul
2902 1267 3332 1323 restitutionem
3382 1268 3442 1323 in
3490 1268 3644 1325 inte-

3095 1359 3301 1429 [grum
3334 1358 3641 1415 docebant.

1994 1445 2372 1501 Sustulerunt
2400 1446 2769 1502 Theodorum
2814 1447 3290 1517 Mopsuestenum

1996 1534 2104 1599 Qui
2144 1535 2339 1591 miseri
2374 1535 2625 1591 Nestorii
2660 1536 2848 1590 fuerat
2881 1539 3220 1607 praaceptor,

1995 1624 2064 1678 Et
2097 1625 2346 1695 primam
2380 1625 2491 1679 Ist
2524 1626 2595 1679 ad
2631 1623 2837 1679 Marim
2871 1622 3200 1694 epistolam,

1995 1714 2065 1767 Et
2092 1731 2456 1784 quaacunque
2501 1718 2705 1769 contra
2735 1713 3015 1784 Cyrillum
3050 1712 3479 1783 conscripserat
3506 1714 3644 1768 olim

1996 1803 2125 1873 Cyri
2157 1804 2586 1869 Theodoretus,
2618 1803 2911 1874 hypocrisi
2947 1802 3102 1856 haud
3138 1801 3395 1857 inferior.

1995 1891 2165 1946 Sexta
2198 1892 2466 1964 Synodus
2502 1892 2712 1947 iterum
2746 1891 3255 1961 Constantinopoli

1995 1980 2274 2035 Convenit
2305 1985 2362 2035 et
2393 1981 2645 2036 abolevit
2684 1982 2964 2052 dogmata
2993 1980 3501 2036 Theomachorum

1940 2082 1947 2088 ·
1994 2072 2250 2133 Quorum
2284 2070 2462 2124 duces
2495 2070 2651 2125 docti
2685 2074 2742 2125 et
2772 2069 2945 2124 multi
2975 2073 3031 2123 et
3058 2068 3227 2135 varii,

1996 2158 2193 2213 Pharae
2226 2158 2591 2224 Theodorus,
2624 2158 2913 2213 Honorius
2945 2158 3163 2225 Romaa,

1994 2249 2175 2319 Cyrus
2204 2244 2582 2316 Alexandriae,
2615 2248 2852 2317 Sergius
2886 2251 2943 2302 et
2970 2246 3250 2318 Pyrrhus,

1992 2336 2224 2391 Necnon
2263 2335 2477 2390 Paulus
2509 2334 2960 2401 Samosatensis,
2994 2338 3272 2405 praeterea
3301 2334 3527 2401 Petrus,

1994 2513 2170 2570 Miser
2196 2513 2486 2569 Macarius
2515 2518 2691 2581 atque
2722 2515 2948 2578 Petrus,

1992 2602 2115 2657 Non
2151 2603 2298 2657 duas
2326 2603 2499 2657 Verbi
2528 2599 2815 2657 incarnati
2846 2604 3085 2655 naturas
3117 2600 3411 2664 dicebant,

1991 2692 2099 2747 Sed
2168 2708 2343 2748 unam
2411 2691 2730 2762 quamdam
2795 2688 3283 2760 compositionem
3340 2701 3639 2758 unamque

3233 2776 3569 2845 [actionem.

1993 2871 2136 2925 Cum
2169 2868 2262 2924 his
2296 2868 2534 2925 omnino
2566 2872 2969 2941 represserunt
2999 2865 3481 2939 Polychronium,

1994 2963 2182 3029 Atque
2211 2958 2356 3013 duas
2386 2963 2708 3012 sanxerunt
2736 2957 3031 3013 incarnati
3067 2955 3236 3012 Verbi

1995 3046 2267 3113 Naturae,
2304 3050 2503 3117 utpote
2535 3046 2637 3117 pii,
2669 3046 2823 3100 sicut
2853 3050 2909 3100 et
2938 3046 3086 3099 duas
3118 3042 3471 3099 voluntates.

1994 3135 2254 3205 Septima
2284 3133 2535 3205 denique
2565 3133 2768 3189 habita
2798 3138 2886 3189 est
2916 3133 3138 3188 Nicaeae.

1994 3223 2430 3294 Quinquaginta
2460 3222 2540 3276 ibi
2576 3238 2894 3277 convenere
2925 3236 3104 3292 super
3132 3219 3429 3286 trecentis,

1999 3314 2203 3369 Manus
2231 3311 2414 3367 electa
2448 3313 2673 3382 piorum
2705 3328 2771 3366 ac
2803 3309 3213 3382 religiosorum
3246 3308 3505 3377 Patrum,

1995 3402 2118 3465 Quo
2150 3406 2407 3469 tempore
2438 3400 2601 3455 Irene
2632 3399 2975 3470 imperatrix
3004 3397 3371 3470 gubernabat

1996 3490 2139 3544 Cum
2171 3488 2551 3543 Constantino
2585 3486 2703 3542 filio
2735 3503 2936 3542 recens
2968 3490 3263 3542 coronato.

1995 3579 2064 3633 Et
2095 3576 2382 3648 imagines
2410 3592 2607 3631 sacras
2632 3576 3011 3630 honorandas
3041 3576 3383 3639 sanxerunt,

1992 3668 2240 3737 Riteque
2306 3665 2677 3721 anathemate
2758 3663 3134 3735 perculerunt
3202 3661 3422 3733 impios
3489 3658 3647 3715 illius

3080 3806 3085 3811 .
3330 3748 3577 3818 [mtatis,

1992 3843 2278 3900 Basiliam
2310 3843 2410 3915 qui
2450 3842 2674 3899 Pisidia:
2707 3841 3018 3912 episcopus
3050 3844 3190 3906 erat,

1992 3933 2391 3989 Theodosium
2423 3932 2656 4004 Ephesi,
2690 3931 3020 3987 Sisinnium
3053 3929 3268 4000 Perge,

1990 4022 2266 4094 Aliosque
2314 4020 2639 4093 permultos
2690 4036 2888 4075 sacras
2946 4018 3233 4090 imagines
3293 4031 3410 4071 non
3458 4014 3647 4069 hono-

3328 4105 3574 4176 [rantes.

2246 4480 2965 4633 PSELLI

1750 4728 2143 4790 DIALOGUS

720 4894 937 5016 DE
1048 4893 2133 5018 OPERATIONE
2244 4893 3148 5021 DZEMONUM

1299 5253 1829 5342 GAULMIN
1837 5254 1873 5336 Ι
1955 5252 2573 5339 PB/EFATIO.

308 5425 506 5482 Amice
548 5424 745 5493 lector,
780 5421 1036 5479 Psellum
1084 5418 1216 5496 Περὶ
1260 5418 1521 5495 ἆνεργείας
1571 5418 1844 5493 δαιμόνων

1993 5436 2113 5477 'aece
2161 5439 2465 5494 nunquam
2518 5427 2691 5478 antea
2740 5423 2989 5491 editum,
3032 5438 3187 5477 nunc
3239 5422 3491 5492 primum
3540 5419 3643 5474 tibi

239 5515 457 5572 damus
484 5514 582 5585 (a);
615 5517 786 5569 notas
807 5516 1087 5585 praeterea
1116 5526 1263 5582 quas
1286 5511 1534 5581 singulis
1562 5511 1769 5567 diebus
1802 5527 1906 5583 pro
1928 5527 2110 5583 penso
2133 5528 2443 5583 operarum
2471 5511 2839 5584 scripsimus.
2868 5513 2927 5566 In
2958 5510 3076 5566 illis
3098 5510 3237 5581 quid
3272 5508 3638 5581 praestiterim

308 5644 386 5715 (ιι)
423 5640 667 5710 Parisiis,
700 5638 857 5695 1615.
