4032 6202
426 354 547 415 819
1758 358 2018 419 MICHAl

2231 358 2496 421 PSELLI
3706 351 3823 413 820

425 490 492 540 tu
525 501 629 557 pro
660 486 913 542 candore
968 491 1071 544 tuo
1122 489 1438 559 judicabis,
1471 503 1575 560 ego
1625 505 1727 561 pro
1778 489 2069 545 modestia
2114 505 2245 547 mea
2292 490 2398 545 tibi
2446 488 2741 545 indicabo.
2777 487 3043 543 Auctoris
3090 485 3397 558 ipsissima
3443 484 3621 540 verba
3670 499 3833 556 quam

430 575 740 630 emendata
771 580 835 631 ut
863 576 1107 633 haberes
1139 580 1391 633 maxime
1422 577 1647 646 curavi;
1682 579 1780 634 sed
1832 597 1903 634 ne
1950 580 2060 635 hoc
2090 580 2324 650 quidem
2370 596 2467 649 per
2498 594 2805 650 operarum
2861 592 3010 645 quas
3061 592 3176 631 non
3227 573 3453 647 inspexi
3486 573 3828 629 celeritatem

429 663 617 719 licuit.
671 666 806 729 Quae
855 672 1129 739 corrupta
1177 668 1235 721 in
1287 684 1445 722 man.
1477 673 1647 723 erant
1676 669 2006 737 emendavi;
2054 685 2180 739 qua:
2235 667 2518 734 difﬁcilia,
2550 665 2828 739 explicui;
2882 682 3008 737 quae
3063 664 3432 737 interpolata,
3466 663 3695 719 restitui
3743 664 3833 718 sed

433 767 648 823 magna
677 751 761 806 tui
794 750 1030 822 ﬁducia,
1064 755 1177 808 mei
1214 754 1455 823 majore.

1449 862 1785 930 Religentem
1814 878 1928 917 esse
1953 865 2167 933 Oportet
2197 861 2518 933 religiosum
2547 863 2703 932 nefas
2736 860 2831 931 (ὁ).

504 962 785 1034 Equidem
820 964 915 1019 odi
946 980 1089 1020 cane
1118 966 1288 1036 pejus
1322 970 1378 1021 et
1410 983 1601 1038 angue
1632 966 1765 1023 illos
1797 966 2088 1038 homines,
2119 967 2216 1038 qui
2257 968 2560 1038 auspicato
2606 965 2790 1021 libros
2839 967 3091 1019 tractant
3130 968 3185 1018 et
3215 963 3287 1018 de
3317 962 3530 1018 mendo
3559 960 3617 1017 in
3650 961 3836 1033 aliquo

432 1050 579 1107 libro
612 1055 893 1123 tanquam
930 1053 1001 1108 de
1031 1054 1285 1110 mustela
1313 1055 1374 1110 in
1404 1056 1495 1111 via
1533 1056 1804 1126 judicent
1837 1073 1849 1111 :
1882 1055 2244 1127 ignavissimi
2279 1053 2615 1110 mortalium
2647 1052 2747 1124 qui
2797 1051 2907 1107 hoc
2956 1050 3149 1107 adhuc
3190 1049 3478 1118 nesciunt,
3512 1049 3668 1123 quod
3699 1046 3836 1102 nihil

431 1140 646 1196 sciunt.

1421 1239 1545 1291 Non
1576 1235 1681 1289 tali
1707 1235 1926 1291 auxilio
1953 1250 2054 1291 nec
2080 1232 2457 1306 defensoribus
2488 1234 2606 1288 istis

1428 1307 1655 1378 Tempus
1686 1311 1827 1378 eget.

498 1407 559 1463 Si
591 1406 923 1481 interfecto,
956 1414 1020 1466 ut
1051 1416 1277 1483 vocant,
1309 1411 1435 1468 loco
1468 1414 1762 1468 medicina
1791 1414 1964 1480 facta,
1999 1414 2050 1469 si
2081 1413 2201 1469 leve
2233 1412 2371 1486 quid
2408 1411 2833 1483 interpugendo
2866 1414 3163 1480 sanatum,

1429 1514 1560 1573 Τόδ’
1591 1516 1701 1572 ἐστὶ
1732 1516 1933 1589 πολλῷ
1966 1522 2154 1591 μεῖζον
2183 1520 2219 1589 ἢ
2253 1517 2451 1592 Τροίαν
2485 1516 2626 1573 ἑλεῖν

429 1619 627 1691 Longe
657 1620 827 1677 aliter
856 1638 1057 1679 omnes
1089 1624 1347 1680 melioris
1387 1626 1603 1680 mentis
1656 1625 1932 1693 scribent,
1966 1629 2022 1680 et
2072 1642 2180 1681 nos
2230 1624 2421 1681 conati
2470 1642 2678 1681 sumus
2723 1623 2998 1681 scribere.
3033 1623 3143 1679 Sed
3180 1620 3496 1677 omiseram
3545 1634 3692 1691 pene
3723 1634 3841 1690 qua:

428 1706 545 1762 duo
578 1708 833 1766 maxime
883 1712 941 1766 in
995 1712 1104 1768 hoc
1152 1714 1434 1785 opusculo
1484 1714 1746 1786 praestiti,
1782 1715 2124 1770 brevitatem
2159 1720 2215 1770 et
2246 1714 2616 1770 modestiam.
2652 1713 2975 1784 Utramque
3023 1711 3315 1779 invenies,
3346 1709 3446 1781 qui
3497 1709 3743 1764 candide
3777 1708 3841 1761 de

428 1798 678 1868 utraque
710 1798 948 1855 senties.
983 1800 1268 1857 Caeterum
1301 1802 1629 1875 theologica
1655 1808 1712 1858 et
1740 1803 2169 1875 philosophica,
2202 1819 2329 1874 qua:
2361 1819 2533 1872 quam
2563 1802 2819 1874 plurima
2849 1805 3009 1869 sunt,
3042 1801 3172 1857 ideo
3204 1816 3321 1855 non
3355 1798 3549 1869 attigi,
3580 1796 3715 1869 quia
3740 1795 3839 1849 hoc

427 1884 637 1941 fuisset
670 1885 838 1957 μάζαν
890 1888 978 1963 ὑφ’
1008 1888 1191 1965 ἑτέρου
1246 1891 1595 1964 μεμαγμένην
1644 1891 1900 1963 ἁρπάζειν
1934 1893 2012 1964 (d)

2279 1892 2528 1947 candide
2559 1891 2757 1947 lector.
2806 1892 2915 1946 Sed
2967 1890 3077 1945 hoe
3126 1895 3405 1961 praeterea
3454 1893 3507 1942 te
3558 1886 3835 1942 monitum

426 1973 576 2037 volo;
610 1991 785 2031 usum
821 1993 914 2032 me
940 1978 1171 2035 duobus
1221 1997 1379 2035 man.
1414 1981 1739 2049 codicibus,
1776 1984 1960 2037 altero
1990 1997 2116 2037 meo
2167 1986 2222 2035 et
2268 1981 2449 2035 altero
2484 1981 2876 2036 eruditissimi
2909 1978 3168 2035 Federioi
3219 1976 3468 2044 Morelli,
3499 1976 3594 2031 cui
3642 1973 3841 2030 multis

428 2062 770 2119 nominibus
802 2065 1057 2121 multum
1093 2084 1185 2122 me
1217 2069 1425 2124 debere
1458 2071 1751 2140 profiteor.
1775 2072 1884 2125 Sed
1916 2075 1972 2126 et
2002 2068 2328 2142 symbolam
2358 2068 2626 2139 contulit,
2649 2070 3015 2125 characteres
3038 2066 3316 2122 Arabicos
3347 2080 3507 2135 suos,
3528 2063 3661 2119 Gul.
3698 2062 3837 2119 Lebé

425 2153 850 2225 typographus,
874 2156 963 2209 vir
992 2155 1329 2228 linguarum
1362 2159 1739 2215 orientalium
1771 2160 2264 2226 studiosissimus,
2290 2163 2368 2227 et,
2396 2159 2445 2214 si
2479 2154 2598 2213 haec
2630 2158 2844 2214 secula
2873 2156 3300 2230 permitterent,
3324 2154 3574 2211 eximius
3604 2152 3835 2209 illarum

426 2247 781 2314 propagator
810 2244 1067 2301 futurus.

498 2385 579 2457 (b)
608 2386 819 2443 Versus
851 2403 917 2443 ex
946 2388 1191 2460 antiquo
1249 2391 1507 2447 carmine
1557 2394 1844 2448 memoria
1890 2392 2083 2447 hercle

2247 2391 2363 2446 ndr.
2398 2392 2503 2447 368
2536 2408 2550 2447 :
2582 2390 2737 2444 Τοῦτ’
2768 2384 2876 2452 ἔσθ’
2907 2388 3116 2459 ἑκάστῳ
3150 2391 3333 2459 μεῖζον
3375 2387 3409 2460 ἢ
3443 2385 3643 2460 τροίαν
3682 2382 3839 2460 ξξιξῖν.

428 2453 765 2533 dignusap.
801 2461 867 2513 A.
901 2460 1047 2515 Gell.
1178 2464 1288 2517 Αιι.
1323 2462 1447 2516 419.

2269 2464 2340 2533 id)
2372 2469 2477 2519 Est
2504 2464 2657 2533 inter
2687 2462 2880 2518 Suidaa
2908 2453 3129 2533 Adagi'a
3150 2453 3236 2531 ix,
3259 2453 3359 2529 '66,
3391 2453 3617 2512 Enier
3682 2453 3844 2509 ἂλλο-

503 2527 573 2599 (c)
604 2527 955 2613 I‘lic‘ver-sus.
980 2536 1070 2613 est
1097 2531 1249 2587 inter
1265 2534 1590 2613 _Pr_ove_rh_i_a
1624 2534 1866 2613 metriga
1895 2552 1927 2613 ν
1956 2536 2084 2613 8ἶ2ε

1484 2534 1590 2613 ’ρξει
1624 2534 1866 2613 metriga
1895 2552 1927 2613 ν
1956 2536 2084 2613 ἕξϊῖ2ζ
2195 2527 2370 2605 τρίοὶς
2397 2534 2585 2595 πόνοις
2618 2527 3076 2607 ἰγκαυχωμὲνωνῖ

428 2595 739 2671 formatus,
795 2605 859 2655 ut
906 2601 1156 2669 videtur,
1210 2605 1281 2658 ad
1340 2604 1731 2661 imitationem
1792 2595 2088 2677 Euripidei

931 2890 1776 3020 MIXAHA
1931 2893 2523 3023 TOYl

1742 2893 2334 3023 ιΤΟΥ
2481 2890 3334 3022 ΨΕΛΛΟΥ

2049 3122 2207 3174 ΠΕΡΙ

1339 3285 2039 3381 ΕΝΕΡΓΕΙΑΣ
2076 3263 2154 3333 υ)
2260 3284 2935 3382 ΔΑΙΜΟΝΩΝ

1800 3482 2455 3580 ΔΙΑΛΟΓΟΣ.

1142 3685 2272 3954 MICHAELfS
2381 3800 3099 3955 PSELLI

1930 4050 2321 4113 DIALOGUS

724 4198 889 4294 DE
982 4200 1643 4298 DZEMONUM
1741 4204 2296 4299 ENEBGIA
2394 4204 2630 4298 SEU
2732 4203 3519 4299 OPERATIONE

1346 4390 1569 4452 Contra
1602 4391 1895 4453 Manetem
1924 4401 1979 4452 et
2003 4389 2297 4454 Euchz'tas
2330 4411 2431 4452 seu
2459 4392 2908 4455 Enthusiastas.

1804 4656 2045 4704 DIALOGI
2088 4659 2373 4705 PERSONE
2422 4660 2435 4703 Ζ

1246 4772 1678 4831 ΤΙΜΟΘΕΟΣ.
1739 4776 1971 4846 ΘΡᾼΞ.
2012 4805 2081 4817 -
2117 4775 2626 4832 TIMOTHEUS.
2687 4775 2993 4833 THRAX.

1830 5023 2060 5080 CAPUT
2095 5024 2409 5081 PRIMUM.

596 5114 670 5169 De
698 5111 945 5168 Euchitis
973 5117 1026 5168 et
1056 5112 1446 5168 Enthusz'astis.
1485 5113 1888 5187 "wreticorum
1917 5113 2632 5187 dogmatumhcognitz'onem
2668 5116 2784 5186 piis
2813 5130 2925 5170 non
2962 5116 3151 5170 minus
3175 5114 3453 5187 prodesse,
3483 5129 3659 5185 quam

1608 5185 2033 5253 pharmacorum
2063 5184 2356 5240 lelhalium
2383 5187 2628 5241 medicis.

492 5299 933 5357 TIMOTHEUS.
989 5300 1248 5369 Longum
1297 5298 1442 5367 jam,
1484 5315 1515 5352 ο
1564 5298 1777 5366 Thrax,
1833 5304 2068 5371 tempus

2249 5306 2606 5357 ΤΙΜΟΘΕΟΣ,
2664 5299 2913 5375 Κρόνιος,
2966 5302 3010 5355 ὦ
3068 5303 3224 5376 Θρᾷξ,
3274 5299 3361 5354 ἐπὶ
3412 5302 3474 5354 τὸ
3527 5304 3841 5371 Βυζάντιον

422 5389 767 5460 interﬂuxit,
801 5406 869 5445 ex
899 5404 1015 5459 quo
1048 5386 1388 5460 Byzantium
1422 5403 1537 5441 non
1571 5387 1800 5443 venisti.

1710 5388 1800 5443 sti.
2178 5389 2435 5461 ἁπαντᾷς.
3298 5404 3302 5409 ’

1810 5504 2163 5563 GAULMINI
2203 5506 2435 5565 NOT/E.

501 5606 579 5677 (1)
610 5600 885 5682 ξΕνὲρλγεια
937 5619 1072 5659 vera
1130 5619 1256 5682 vo_x.
1315 5601 1540 5682 Qhryst.
1588 5600 1900 5682 ‘homilxé,
1951 5601 2079 5682 ῌερὶ

2264 5604 2331 5659 εἰν
2365 5607 2398 5673 ἡ
2432 5603 2691 5679 ἐνέργεια.
2730 5604 2804 5682 To
2835 5601 3200 5682 Δἒνιεργιξῖσθοιι,
3233 5605 3349 5661 ἀντὶ
3394 5609 3491 5660 τοῦ
3549 5602 3856 5682 δαιμονᾶν,

433 5670 663 5731 ἀκὰτάλ.
702 5670 982 5735 ε”Ἇλυσις
1013 5673 1225 5746 πονηρά
1267 5672 1355 5727 καὶ
1388 5670 1609 5748 χᾶλεπὴ
1656 5676 1764 5726 τῶν
1815 5670 2025 5746 δαιμόνι

1874 5670 2089 5746 np.de
2202 5670 2427 5749 pridem
2459 5670 2711 5735 est'cum
2742 5676 2849 5734 viri
2879 5670 3032 5735 docti
3061 5670 3466 5735 observarunt.
