4032 6202
351 331 477 399 821

1501 345 1603 404 DE
1646 343 2071 408 DIEMONUM
2115 348 2638 411 OPERATIONE.

3649 358 3766 417 822

434 474 635 541 ΘΡᾼΞ.
671 471 922 543 Χρόνιος,
956 469 999 525 ὦ
1028 472 1277 545 Τιμόθεε,
1314 470 1410 527 δύο
1435 494 1539 529 πον
1578 470 1694 545 ἔτη,
1727 474 1818 530 καὶ
1848 477 1977 553 πρὸς

2193 482 2451 537 THRAX.
2490 483 2769 553 Longum,
2803 498 2835 537 o
2866 482 3196 553 Timotheo;
3238 485 3539 543 biennium
3584 490 3763 561 enim,

359 561 600 624 ἐντεῦθεν
634 555 763 630 ἔκδη
776 581 876 632 μος
908 558 1003 616 ὢν.

430 651 665 707 ΤΙΜΟΘ.
700 655 805 704 Ποῖ
834 647 892 704 δὲ
923 648 1012 719 δὴ,
1044 649 1098 705 τί
1128 651 1217 705 καὶ
1247 652 1367 706 τίνα
1398 651 1688 729 πράγματα
1718 648 1864 729 ἔχων
1916 653 2003 709 ἐπὶ

347 743 611 794 τοσοῦτον
635 736 1037 817 ἐνδιατὲτριφας
1061 759 1074 809 ;
1611 758 1615 763 '

426 832 624 884 ΘΡΑΞ.
654 829 1005 903 Μακροτὲρας
1038 827 1074 897 ἢ
1126 829 1262 883 κατὰ
1307 831 1405 900 τὴν
1458 836 1731 905 παροῦσαν
1786 831 1998 907 σχολὴν

342 919 598 981 ἀπαιτεῖς
659 920 936 981 ὑποθέσεις
997 919 1200 995 λόγων.
1259 922 1497 996 Ἀνάγκη
1554 921 1652 997 γάρ
1711 943 1776 993 με
1828 920 1997 975 συνεί-

340 1029 459 1082 ρειν
487 1008 578 1062 τὸν
628 1008 882 1065 Ἀλκίνου
928 1008 1200 1085 ἀπόλογον
1233 1012 1364 1082 (1⁸⁸),
1397 1009 1441 1064 εἰ
1495 1006 1607 1065 δὲοι
1667 1008 1841 1086 λέγειν
1902 1009 2000 1064 ὅσα

338 1096 556 1171 ἐπῄειν,
602 1095 699 1151 ὅσα
727 1117 786 1151 τε
834 1092 997 1167 ἔτλην
1056 1092 1269 1152 ἀσεϐέσι
1320 1097 1661 1171 συμπλακεὶς
1720 1095 1995 1173 ἀνδράσιν.

334 1185 587 1262 Εὐχίτας
616 1189 688 1259 (2)
722 1186 919 1249 αὐτοὺς
948 1186 1038 1240 καὶ
1086 1186 1496 1249 Ένθουσιαστάς
1544 1189 1622 1261 (3)
1683 1188 1734 1242 οἱ
1790 1184 1995 1242 πολλοὶ

334 1274 631 1331 καλοῦσιν.
673 1276 744 1330 ’Ἡ
792 1276 891 1329 οὐκ
937 1275 1105 1346 ἀκοήν
1149 1296 1271 1330 τινα
1313 1274 1457 1351 ἔχων
1490 1274 1613 1351 περὶ
1646 1274 1851 1331 τούτων
1904 1275 1993 1330 καὶ

338 1364 515 1425 αὐτὸς
543 1363 834 1438 τυγχάνεις
864 1382 877 1432 ;

418 1455 650 1509 ΤΙΜΟΘ.
685 1453 955 1516 Μανθάνω
991 1453 1085 1525 μὲν
1117 1456 1192 1526 (4)
1244 1474 1392 1515 τινας
1445 1452 1754 1529 θεομάχους
1795 1451 1992 1528 ἄνδρας

332 1541 435 1595 καὶ
488 1541 727 1602 ἀτόπους
777 1541 1031 1604 ἐπιεικῶς
1077 1542 1128 1596 ἐν
1178 1541 1326 1616 μέσῳ
1372 1544 1690 1618 στρέφεσθαι
1736 1546 1835 1596 τοῦ
1874 1544 1991 1596 καθ’

328 1633 492 1702 ἡμᾶς
553 1632 699 1707 ἱεροῦ
749 1631 1057 1705 κόμματος,
1111 1634 1247 1687 κατά
1297 1634 1395 1702 τὴν
1443 1630 1738 1705 κωμῳδίαν
1796 1632 1986 1687 εἰπεῖν·

332 1716 591 1793 δόγματα
629 1718 686 1775 δε
740 1720 940 1787 αὐτῶν,
988 1721 1078 1775 καὶ
1119 1719 1238 1791 ἔθη,
1278 1721 1366 1776 καὶ
1417 1722 1644 1794 νόμους,
1696 1723 1785 1776 καὶ
1833 1718 1985 1797 ἔργα,

2117 574 2173 625 et
2201 570 2377 638 ultra,
2411 571 2547 626 hinc
2581 587 2818 643 peregre
2850 572 3035 628 abfui.

2185 659 2483 714 TIMOTH.
2536 661 2781 716 Ubinam
2843 677 2998 730 vero,
3050 663 3384 735 quibusque
3429 664 3500 721 de
3547 668 3763 739 causis,

2114 750 2318 802 tandiu
2353 749 2644 804 abfuisti?

2182 838 2453 893 THRAX.
2512 838 2854 908 Prolixiora,
2908 858 3086 912 quam
3137 858 3265 914 qum
3324 841 3462 899 huic
3520 846 3767 916 tempori

2110 927 2480 993 conveniant,
2514 928 2741 983 dicendi
2796 936 3142 1000 argumenta
3187 932 3475 1002 postulas.
3518 933 3768 989 Necesse

2108 1016 2264 1070 enim
2298 1022 2405 1082 est,
2443 1021 2507 1071 ut
2538 1017 2727 1073 Alcini
2780 1017 3028 1089 apologo
3079 1024 3231 1087 utar,
3264 1019 3313 1075 si
3344 1020 3592 1076 dicenda
3623 1022 3763 1091 sint,

2106 1121 2469 1177 quaecunque
2509 1107 2686 1172 subii,
2719 1124 3083 1177 quaecunque
3130 1125 3344 1179 passus
3396 1126 3528 1165 sum
3563 1110 3622 1165 in
3655 1111 3762 1167 ho-

2109 1193 2338 1249 minum
2389 1194 2707 1266 impiorum
2742 1196 3077 1251 consortio:
3111 1197 3385 1254 Euchitas
3437 1214 3536 1254 eos
3586 1187 3759 1255 multi

2104 1286 2160 1337 et
2199 1282 2613 1338 Enthusiastas
2663 1284 2985 1355 appellant.
3018 1285 3313 1342 Numnam
3346 1304 3479 1343 vero
3525 1293 3581 1344 et
3629 1290 3754 1361 ipse

2104 1372 2174 1427 de
2205 1373 2274 1427 iis
2306 1373 2609 1444 quidpiam
2645 1374 2817 1428 tando
2850 1373 3088 1430 audiisti
3112 1375 3138 1428 ‘I

2173 1460 2480 1515 TIMOTH.
2547 1462 2733 1517 Audio
2784 1462 3019 1533 quidem
3075 1464 3271 1519 nescio
3330 1482 3478 1537 quos
3536 1467 3751 1538 impios

2102 1549 2392 1616 homines,
2438 1554 2495 1605 et
2544 1551 2754 1605 merito
2806 1553 3196 1607 exsecrandos
3245 1553 3303 1607 in
3356 1555 3550 1611 medio
3598 1557 3749 1611 sacri

2102 1639 2284 1693 nostri
2320 1641 2651 1704 commatis,
2676 1644 2739 1693 ut
2770 1641 2989 1695 comice
3022 1640 3251 1713 loquar,
3277 1642 3386 1697 hoc
3408 1649 3497 1698 est
3526 1645 3751 1699 ordinis

2099 1745 2265 1783 sacro
2305 1728 2597 1799 designati
2640 1728 2996 1796 charactere,
3024 1732 3264 1786 versari.
3290 1731 3499 1787 Eorum
3551 1738 3749 1789 autem

328 1808 427 1862 καὶ
461 1809 658 1884 λόγους
687 1811 814 1885 παρ’
846 1807 1064 1872 οὐδενὸς
1097 1807 1316 1865 οὐδεπω
1351 1831 1444 1883 μοι
1481 1812 1669 1883 μαθεῖν
1704 1811 1977 1886 ἐξεγένετο.

329 1904 377 1912 ..
430 1897 442 1912 ,
608 1895 653 1912 ιι,
833 1897 858 1912 ,ι
986 1898 1010 1912 ..
1101 1895 1202 1912 με.
1421 1900 1430 1912 ,
1638 1897 1652 1912 .
1732 1896 1788 1912 μ
1833 1904 1855 1912 _
1968 1898 1977 1912 .

2098 1818 2395 1888 dogmata,
2447 1834 2659 1885 mores,
2711 1818 2891 1889 leges,
2925 1835 3101 1891 opera
3149 1822 3205 1874 et
3253 1836 3555 1877 sermones
3586 1839 3621 1876 a
3651 1839 3750 1878 ne-

1968 1896 1991 1919 Ἰ

328 1897 442 1953 Καί
474 1918 571 1952 σου
604 1895 794 1970 δέομαι
824 1897 955 1953 ἅττα
984 1898 1043 1953 ἂν
1074 1895 1274 1968 εἰδείης
1306 1900 1605 1977 σαφέστατα
1634 1896 1905 1968 ἐπελθεῖν,
1938 1898 1983 1953 εἴ

324 2006 383 2039 τι
423 1984 611 2060 βούλει
642 1984 797 2061 ἀνδρὶ
829 1989 1068 2057 συνήθει,
1099 1988 1389 2060 πρεσθήσω
1422 1985 1478 2042 δὲ
1522 1986 1613 2042 καὶ
1664 1988 1835 2061 φίλῳ,
1887 2007 1985 2063 χα-

328 2074 599 2147 ρίζισθαι.

394 2256 599 2324 ΘΡᾼΞ.
652 2254 772 2323 Ἔα,
826 2252 951 2326 φίλε
1007 2248 1265 2327 Τιμόθεε.
1328 2253 1565 2330 ’Λνάγκη
1614 2254 1716 2329 γὰρ
1772 2254 1869 2327 ἐμὲ
1924 2276 1981 2309 τε

320 2347 693 2414 περιωσθῆναι
742 2342 880 2411 πρὸς
932 2339 1164 2418 ἴλιγγον,
1213 2341 1436 2397 ἐπιόντα
1484 2339 1727 2416 δόγματα
1781 2364 1839 2397 τε
1886 2342 1981 2398 ἀλ-

322 2426 534 2483 λόκοτα
581 2430 671 2483 καὶ
730 2425 863 2505 ἔργα
922 2426 1203 2503 δαιμόνια,
1266 2449 1355 2485 και
1412 2430 1469 2485 σί
1524 2452 1584 2505 γε
1645 2428 1812 2503 μηδὶν
1852 2432 1977 2505 περὶ

322 2517 537 2571 τοΰτων
568 2515 859 2592 ἐσχηκέναι
907 2516 1121 2593 κὲρδος.
1150 2519 1215 2575 Εἰ
1245 2520 1369 2595 γὰρ,
1402 2519 1541 2574 κατά
1584 2520 1679 2574 τὸν
1732 2520 1973 2592 Σιμωνί-

324 2603 428 2674 δην
461 2609 561 2679 (5),
594 2608 622 2661 ὁ
656 2604 827 2682 λόγος
854 2612 960 2662 τῶν
993 2607 1328 2683 πραγμάτων
1360 2607 1520 2663 εἲκών
1556 2608 1716 2679 ἐστιν,
1741 2609 1814 2671 ὡς
1839 2613 1975 2663 εἶναι

321 2694 414 2748 τὸν
458 2695 553 2766 μὶν
580 2698 688 2749 τῶν
716 2694 1014 2773 ὠφελίμων
1044 2696 1349 2770 ὠφέλιμον,
1391 2697 1481 2751 τὸν
1519 2695 1576 2751 δὶ
1605 2699 1680 2770 μή
1712 2697 1975 2753 τοιούτων

320 2782 425 2837 οὐκ
452 2782 673 2858 ἀγαθὸν,
704 2783 758 2837 τί
780 2783 839 2838 ἃν
869 2781 1011 2839 οἷ’συι
1045 2785 1307 2860 χρηστὸν,
1343 2786 1371 2840 ὁ
1406 2784 1532 2848 τοὺς
1580 2785 1787 2862 ἐναγεῖς
1837 2786 1977 2841 εἶκο-

321 2870 488 2940 νίζων
524 2869 726 2946 λόγους
753 2899 768 2941 ς

394 3051 633 3119 τιΜΟθ.
687 3051 795 3106 Καὶ
850 3052 988 3105 πάνυ
1059 3072 1141 3126 γε,
1204 3053 1248 3105 ὧ
1305 3055 1475 3128 Θρᾷξ⁶
1539 3051 1687 3127 εἷ’περ
1745 3055 1834 3107 καὶ
1893 3054 1974 3108 ἷα-

320 3144 475 3213 τροῖς
501 3136 695 3194 εἰδέναι
750 3140 815 3195 τὰ
848 3138 1130 3211 θανατώδη
1160 3144 1265 3194 τῶν
1301 3138 1601 3218 φαρμάκων
1635 3141 1733 3196 οὐκ
1758 3143 1973 3217 ἄχρησ-

322 3248 446 3296 τον,
498 3228 571 3289 ὡς
620 3229 696 3301 μή
727 3232 809 3299 τῷ
853 3229 1061 3283 τούτων
1103 3236 1412 3305 περιπεσεῖν
1463 3251 1584 3285 τινα
1613 3229 1970 3286 κινδυνεῦσαν
2004 3205 2047 3272 C

318 3316 394 3370 ἐῶ
450 3317 553 3389 γὰρ
604 3315 800 3392 λέγειν,
850 3315 933 3371 ὅτι
980 3318 1070 3372 καὶ
1114 3315 1231 3372 ἓνια
1272 3318 1478 3373 τούτων
1524 3319 1597 3381 εἷς
1645 3321 1820 3395 ὑγείαν
1876 3320 1977 3375 οὐκ

318 3403 699 3461 ἆσυντὲλεστα.
730 3406 879 3459 ’Ὠστ’
908 3404 1055 3461 ἔσται
1086 3407 1173 3461 καὶ
1200 3409 1337 3478 ἡμῖν
1370 3404 1517 3461 δυοῖν
1548 3407 1788 3484 θάτερον·
1817 3407 1851 3477 ἢ
1874 3409 1973 3484 γὰρ

315 3492 662 3565 ἀποισόμεθά
689 3514 741 3547 τι
772 3493 1139 3569 χρηστότερον
1172 3494 1231 3549 ἐκ
1258 3499 1356 3550 τοῦ
1395 3499 1734 3571 σκέμματος,
1783 3496 1818 3565 ἢ
1869 3518 1972 3574 φυ-

316 3578 598 3655 λαξόμεθα
628 3581 683 3638 εἷ’
705 3604 757 3637 τι
788 3582 1042 3659 πρόσεστι
1088 3580 1377 3661 βλαϐερόν.

388 3853 595 3919 ΘΡᾼΞ.
630 3848 777 3906 Εἶεν⁶
812 3849 1078 3923 Ἀκούσῃ,
1106 3848 1242 3904 κατᾶ
1287 3851 1389 3919 τήν
1439 3850 1684 3921 ποίησιν,
1728 3850 1968 3924 ἐτήτυμα

321 3936 442 4006 μὲν,
475 3936 585 4009 οὐχ
614 3937 689 3998 ὡς
719 3934 914 4005 ἥδιστα
944 3934 1002 3992 δέ
1164 3937 1230 3993 El.
1262 3935 1319 3992 δὲ
1346 3948 1508 3994 τινων
1557 3939 1891 4014 ἀσχημόνων
1940 3941 1968 3994 ὁ

312 4020 484 4097 λόγος
516 4025 848 4098 ἑπιμνησθῇ,
876 4027 951 4099 μὴ
986 4025 1306 4101 χαλέπαινε’
1344 4025 1474 4100 μηδ’
1506 4027 1605 4101 ἐμὶ
1654 4029 1746 4083 τὸν
1798 4048 1966 4102 παρε-

311 4112 587 4186 νείροντα,
614 4112 741 4177 τοὺς
772 4110 829 4168 δὶ
858 4111 1097 4188 δρῶντας
1126 4114 1285 4170 αἰτιῶ
1316 4113 1562 4180 δικαίως.

2097 1905 2255 1960 mine
2287 1905 2479 1960 adhuc
2504 1906 2647 1961 mihi
2672 1907 2899 1963 discere
2929 1908 3201 1980 contigit;
3236 1910 3480 1981 proinde
3510 1915 3568 1966 te
3590 1927 3749 1982 rogo,

2093 1999 2157 2048 ut
2187 2011 2252 2049 ea
2283 2010 2413 2065 quze
2464 1995 2617 2050 nosti
2670 1996 3048 2068 apertissima
3078 1997 3224 2052 mibi
3256 1998 3590 2055 narratione
3621 2017 3749 2071 per-

2094 2099 2318 2148 curras,
2352 2084 2402 2138 si
2437 2084 2579 2156 quid
2626 2084 2853 2141 homini
2902 2085 3111 2155 sodali,
3145 2088 3295 2144 addo
3325 2090 3501 2144 etiam
3533 2088 3745 2157 amico,

2092 2172 2408 2244 gratiﬁcari
2441 2174 2602 2229 velis.

2160 2260 2421 2316 THRAX.
2476 2261 2655 2317 Missa
2707 2262 2912 2318 istbzec
2963 2263 3159 2331 facito,
3193 2263 3369 2320 chare
3415 2266 3738 2323 Timotheo.

2089 2348 2334 2404 Necesse
2364 2354 2453 2404 est
2482 2350 2663 2418 enim,
2694 2356 2756 2405 ut
2787 2351 2997 2423 capitis
3035 2352 3185 2407 ultro
3215 2353 3358 2407 mihi
3390 2354 3739 2425 vertiginem

2089 2454 2407 2504 accersam,
2434 2438 2481 2492 si
2515 2444 2570 2493 et
2601 2440 2876 2510 dogmata
2907 2440 3185 2509 absurda,
3210 2445 3267 2496 et
3288 2441 3580 2498 diabolica
3608 2460 3739 2515 ope-

2088 2544 2152 2581 ra
2184 2543 2420 2582 narrare
2450 2526 2755 2599 occipiam,
2782 2531 2962 2599 tuque
2990 2528 3136 2583 lucri
3170 2546 3239 2584 ex
3268 2529 3340 2584 iis
3370 2529 3515 2586 nihil
3547 2532 3736 2586 omni-

2089 2633 2162 2670 no
2205 2622 2484 2687 reportes.
2519 2616 2577 2671 Si
2628 2616 2783 2672 enim
2830 2618 3035 2685 oratio,
3072 2622 3137 2672 ut
3183 2618 3473 2674 Simonidi
3528 2619 3737 2690 placet,

2086 2722 2279 2759 rerum
2331 2705 2525 2776 imago
2580 2710 2689 2772 est,
2725 2709 2789 2759 ut
2820 2706 2898 2760 sit
2938 2723 3005 2761 ea
3046 2705 3231 2773 utilis,
3266 2722 3393 2778 quas
3442 2707 3513 2762 de
3564 2708 3740 2763 rebus

2086 2792 2332 2847 utilibus
2367 2793 2719 2861 instituitur,
2753 2810 2882 2864 qua:
2912 2810 3046 2849 vero
3085 2795 3155 2849 de
3185 2794 3277 2861 iis,
3313 2811 3439 2866 quis
3470 2811 3643 2851 secus
3673 2812 3738 2850 se

2085 2880 2327 2945 habent,
2352 2898 2467 2935 non
2496 2881 2649 2936 bona
2670 2887 2998 2949 censeatur,
3020 2882 3302 2953 quidnam
3327 2883 3435 2938 tibi
3458 2884 3740 2954 proderit,

2087 2984 2221 3023 cum
2255 2986 2555 3024 sermones
2588 2969 2803 3040 impios
2834 2969 3246 3026 delineavero?

2158 3057 2460 3113 TIMOTH.
2494 3062 2656 3113 Certe
2706 3058 2959 3114 multum
3008 3058 3291 3130 proderit,
3323 3076 3357 3114 ο
3399 3058 3613 3115 Thrax.
3652 3060 3742 3116 Si-

2085 3146 2323 3217 quidem
2356 3151 2414 3200 et
2443 3146 2686 3201 medicis
2735 3145 2980 3201 lethalia
3030 3163 3204 3201 nosse
3256 3147 3575 3218 pbarmaca
3627 3165 3741 3203 non

2087 3233 2292 3289 inutile
2325 3233 2434 3301 sit;
2472 3250 2542 3287 ne
2584 3234 2717 3305 quis
2768 3251 2833 3289 ea
2886 3240 3254 3290 contrectans
3303 3237 3361 3289 in
3408 3235 3737 3306 periculum

2086 3323 2347 3378 incurrat
2378 3341 2394 3378 :
2430 3326 2492 3376 ut
2522 3327 2745 3377 taceam
2786 3337 2988 3377 eorum
3022 3338 3256 3394 quoque
3301 3321 3585 3377 nonnulla
3617 3340 3731 3378 non

2086 3410 2320 3466 inutilia
2368 3427 2517 3465 esse.
2560 3412 2763 3481 Itaque
2810 3412 3060 3466 duorum
3110 3411 3359 3466 alterum
3411 3426 3737 3481 conseque-

2084 3516 2234 3554 mur.
2293 3502 2407 3553 Aut
2462 3498 2619 3555 enim
2674 3514 2742 3553 ex
2807 3498 3151 3569 hujusmodi
3209 3498 3619 3569 disquisitione
3677 3506 3734 3555 et

2081 3587 2529 3660 investigatione
2585 3587 2720 3642 boni
2771 3587 3076 3659 quidpiam
3128 3587 3581 3659 reportabimus,
3630 3592 3733 3645 aut

2081 3675 2131 3731 si
2182 3675 2322 3747 quid
2374 3676 2426 3731 ei
2483 3675 2697 3732 lethale
2742 3675 2883 3731 insit
2915 3682 2973 3732 et
3004 3676 3268 3746 noxium,
3301 3678 3373 3732 ab
3402 3692 3469 3731 eo
3498 3676 3729 3733 cavebi-

2080 3782 2236 3821 mus.

2150 3853 2415 3910 THRAX.
2447 3855 2564 3925 Age
2594 3870 2749 3919 vero,
2777 3854 2982 3909 audies
3014 3853 3252 3924 quidem
3283 3870 3440 3924 vera,
3470 3858 3532 3909 ut
3562 3858 3733 3925 poeta

2077 3943 2289 4014 inquit,
2321 3947 2381 3997 at
2413 3942 2655 3997 minime
2702 3943 2991 4013 jucunda.
3028 3942 3190 4005 Quod
3246 3943 3296 3997 si
3345 3942 3730 3998 obscenorum

2076 4031 2470 4104 quorumdam
2515 4030 2871 4086 mentionem
2917 4031 3164 4087 dicendo
3223 4030 3454 4098 faciam,
3491 4047 3562 4087 ne
3593 4048 3730 4086 suc-

2075 4134 2316 4174 censeas
2346 4135 2359 4172 :
2396 4133 2586 4188 neque
2619 4133 2731 4187 me,
2760 4118 2861 4188 qui
2892 4116 3034 4173 talia
3063 4117 3170 4172 tibi
3204 4117 3470 4189 referam,
3495 4121 3599 4175 sed
3630 4134 3728 4174 eos

2073 4208 2234 4278 ipsos
2265 4205 2366 4275 qui
2393 4208 2597 4277 agunt,
2631 4204 2883 4261 incuses.

1704 4303 2063 4360 GAULMINI
2102 4303 2328 4359 ΝΟΤᾸΞ.

383 4389 483 4461 (1⁵)
515 4389 905 4467 Diogenianus
958 4387 1046 4444 ἰπὶ
1084 4393 1206 4467 τῶν
1268 4388 1669 4467 φλυάρωνώκαὶ
1722 4390 1963 4467 μακροὺς
1997 4398 2044 4462 Ι)

309 4460 708 4536 ἀποτεινόντ-ων
756 4460 952 4536 λόγους
982 4480 995 4492 ·
1033 4460 1460 4536 utdaretdlogzis
1521 4460 1731 4536 Ulysses
1777 4460 1965 4520 Auso-

312 4482 708 4515 αποτιινοντων
758 4482 822 4515 ΛΟ
862 4482 952 4521 ους
982 4482 995 4492 ¹
1033 4482 1099 4517 ut.
1148 4482 1180 4518 α

312 4534 412 4588 nio
444 4532 586 4603 [imo
615 4482 885 4589 Juvenali
914 4550 1008 4600 xv,
1045 4533 1135 4604 16]
1172 4550 1184 4590 :

276 4630 287 4633 -
382 4604 507 4678 Tale
535 4619 704 4678 super
731 4620 946 4662 coenam
972 4606 1196 4676 facinus
1223 4613 1486 4661 narraret
1519 4607 1730 4678 Ulysses

381 4675 632 4749 Alcinoo,
666 4677 831 4731 bilem
860 4680 953 4749 aut
982 4679 1157 4731 risum
1184 4680 1421 4746 fortasse
1456 4675 1785 4749 quibusdam

386 4745 641 4811 Moverat,
674 4756 731 4801 ut
755 4748 996 4802 mendax
1022 4749 1364 4817 aretalogus.

315 4817 570 4892 Idemin
605 4818 835 4892 Polluce
864 4824 919 4873 et
958 4819 1159 4892 Siuida.
1190 4819 1393 4892 Adagii
1444 4819 1606 4890 origo
1654 4820 1965 4877 notissima

309 4905 380 4943 ex
408 4887 720 4943 Aristotele
750 4889 853 4944 lib.
888 4907 950 4944 ιιι
980 4891 1198 4945 Rhetor.

387 4960 459 5027 (2)
514 4958 920 5032 Massalianos,
981 4963 1137 5032 quod
1194 4960 1545 5017 vocabulum
1595 4961 1959 5031 interpretati

312 5034 459 5083 sunt
489 5028 727 5095 εόχίτας.
762 5028 1117 5095 Barmenop.
1151 5034 1225 5088 De
1271 5042 1394 5090 sect.
1429 5049 1449 5095 ;
1478 5032 1548 5085 Τὸ
1596 5036 1703 5085 τῶν
1750 5028 1962 5086 Μασσα-

309 5097 512 5153 λιανῶν
548 5097 724 5173 ίῖνομα
768 5097 1252 5175 ὲξελληνιζόμενον
1299 5102 1523 5178 εὗχίτας
1574 5100 1742 5172 δηλοῖ
1773 5122 1785 5135 ’
1815 5101 1960 5158 πολὺ

301 5187 407 5262 γὰρ
436 5187 622 5283 αὐτοῖς
652 5189 713 5243 τὸ
744 5196 856 5283 τῆς,
892 5189 1070 5277 εὗχῇς.
1115 5186 1503 5283 3v‘opa1’l‘jihil
1554 5193 1741 5283 fingit.
1780 5178 1957 5283 1753-7;

307 5267 548 5337 orantes,
584 5264 706 5337 Esr.
741 5280 802 5326 χ,
825 5263 880 5316 6.
917 5263 1073 5337 liisi
1131 5265 1322 5337 obstet
1345 5264 1747 5337 Chronologus
1790 5263 1956 5337 '_7tepi

309 5330 486 5408 aipéa.
522 5334 796 5408 ineditus,
830 5335 929 5404 qui
961 5332 1067 5388 ἀπὸ
1083 5340 1196 5408 τῆς
1228 5333 1423 5408 εὐχῆς,
1457 5333 1492 5402 ἢ
1525 5330 1755 5408 ἀπὸξῆς
1811 5330 1956 5389 ἐπω-

304 5401 485 5478 νόμου
536 5404 722 5478 χώρας
780 5401 878 5471 τῆς
930 5401 1190 5478 Περσίδος
1251 5401 1487 5462 vocatos
1533 5401 1756 5472 scribit,
1810 5408 1957 5462 forte

302 5476 617 5549 meliussi
655 5478 907 5549 Assyria:
966 5476 1232 5544 dixisset,
1285 5478 1429 5549 quia,
1481 5479 1651 5533 Mosel
1696 5478 1954 5534 Arabum

300 5547 657 5627 geographia
692 5546 916 5617 Assyria
938 5554 1047 5603 est.
1082 5546 1320 5605 Tamen~
1349 5548 1541 5620 prima
1594 5548 1954 5604 nebulonum

300 5622 553 5688 istorum
587 5619 749 5688 origo
786 5619 1015 5688 Persica
1047 5636 1079 5674 a
1111 5622 1335 5676 Manete
1385 5619 1582 5674 Persa.
1617 5650 1683 5660 —
1713 5625 1791 5673 Ex
1842 5621 1952 5674 Eu-

304 5687 521 5760 thymii
550 5686 723 5744 titulo
750 5689 823 5745 de
850 5686 1191 5762 Bogomilia,
1206 5695 1367 5763 patet
1393 5704 1529 5747 cum
1559 5689 1645 5745 eis
1674 5690 1793 5747 fere
1813 5706 1955 5747 oon-

2078 4389 2716 4474 spi'rarenMa‘ssalianos
2746 4390 2832 4446 vel
2881 4389 3179 4447 Euchitas.
3210 4390 3353 4447 Vide
3398 4393 3724 4464 Pazrologiae

2076 4462 2123 4518 ιζ
2154 4462 2361 4517 CXXX.
2397 4462 2550 4515 EoI'r.
3622 4462 3633 4464 '

2078 4536 2221 4623 M(3,)
2251 4533 2654 4623 Chronologus
2703 4530 3000 4623 ineditusn
3018 4533 3145 4623 Ilept
3202 4530 3373 4623 αἱρὲσ,
3407 4530 3711 4623 Καλρῦνται

2075 4600 2245 4659 δΥέκ
2297 4606 2395 4657 τοῦ
2437 4600 2755 4677 πράγματος
2802 4602 2891 4656 καὶ
2942 4600 3346 4666 Ἐνθούσιασταί
3392 4625 3404 4637 ·
3460 4602 3718 4679 δαίμονος

2073 4674 2173 4750 γὰρ
2256 4673 2524 4750 ἐνέργειαν
2564 4669 3274 4750 ’λαϐόντεςη-ΙΙνεύματος-
3346 4674 3518 4750 ἁγίου
3578 4680 3713 4731 εἶναι

2072 4741 2271 4824 τοξότην
2329 4741 2813 4824 ὑπολαμϐάνουσιν
2848 4741 3168 4824 (ὕπνῳςδὶ
3217 4747 3289 4824 τὰ
3345 4741 3531 4824 πολλα
3579 4754 3715 4824 σφᾶς

2074 4816 2269 4878 αὐτοὺς
2353 4816 2674 4893 ἐνδιδόντες,
2725 4816 3113 4893 ἐνθουσιασμὸν
3172 4819 3266 4878 τὰς
3320 4824 3427 4872 τῶν
3490 4816 3712 4893 ὀνείρων

2073 4890 2365 4974 φαντασίας
2413 4888 2695 4972 καλοῦσιν.
2745 4891 2882 4974 Alii.
2914 4888 3040 4974 sine
3088 4908 3354 4974 numero,
3389 4888 3713 4974 quosmnon

2072 4963 2352 5025 exscribo,
2409 4964 2730 5027 Acuanitae,
2784 4963 3037 5029 Cubrici,
3106 4963 3465 5033 Martyriani.
3527 4963 3710 5020 Nicet.

2072 5034 2217 5088 Thes.
2254 5035 2397 5087 orth.
2431 5035 2524 5102 ﬁd.
2560 5035 2659 5088 lib.
2695 5050 2768 5089 1v.

2141 5076 2217 5184 zz;
2247 5076 2863 5187 a'.i;..";.;;;;;.1;pb.
2891 5113 2945 5167 εη
2979 5116 3159 5183 pl...
3183 5129 3331 5187 vs.
3355 5114 3504 5187 εδει
3541 5119 3715 5187 ηροςε

2070 5183 2444 5260 ἐρχεταιῗγάρ
2500 5205 2582 5245 τις
2642 5188 2821 5260 κακῷς
2877 5188 3126 5260 πράττων
3189 5184 3325 5260 ἀνήρ
3362 5202 3374 5215 ·
3435 5183 3618 5260 Ἐοικε
3662 5183 3714 5238 δ’

2069 5255 2199 5309 εἶναι
2248 5255 2368 5309 τοῦ’
2399 5255 2643 5329 πονηροῦ
2699 5255 3005 5327 κόμματος.
3042 5259 3107 5312 Et
3165 5256 3216 5307 οἱ
3269 5255 3712 5326 παρακόπτοντες

2067 5333 2206 5402 sunt
2237 5329 2354 5402 qui
2382 5327 2449 5402 oi
2489 5327 3032 5402 napaxapaxmrJC.
3067 5329 3712 5402 Grecorum._llapaxa-

2064 5396 2274 5525 ρὸἱὲτειν
2306 5398 2368 5452 τὸ
2400 5396 2603 5453 δίκαιον
2642 5396 2786 5456 inde
2816 5401 2961 5455 dixit
3012 5399 3381 5455 Anastasius.
3415 5396 3708 5455 Sinaitl'iv

2164 5491 2300 5525 ηγω.

2135 5491 2407 5624 ῗέἶιῖίξατά
2438 5545 2777 5621 Σιμωνίδην,
2810 5556 2867 5606 et
2898 5546 3491 5623 Democritumﬂldyoq
3518 5547 3707 5624 ἔργου-

2065 5622 2211 5690 σκιή.
2250 5621 2416 5676 Laert

2139 5691 2213 5764 (6)
2244 5691 2479 5747 Homer.
