4032 6202
247 314 375 373 825

1394 316 1496 377 DE
1537 318 1957 379 DEMONUM
2004 318 2534 380 OPEBA’I‘IONE.

3541 320 3662 381 826

247 440 459 511 λήλοις
496 442 819 518 ὁμόφρονες·
870 443 932 498 τὸ
983 442 1030 498 δ’
1079 444 1316 509 ἐντεῦθεν
1363 451 1533 522 τριχῇ
1582 447 1701 507 ταὶς
1748 448 1898 521 γνώ-

2014 450 2410 518 consentiunt,
2444 450 2501 503 in
2530 466 2596 504 ea
2625 464 2758 504 vero
2787 463 2916 519 quae
2945 449 3346 519 consequitur,
3370 451 3654 507 trifariam

243 553 383 602 μαις
432 528 747 586 δεῖστανται.
800 534 865 589 0".
933 534 1025 606 μὲν
1076 535 1174 608 γὰρ
1227 534 1434 590 τούτων
1488 537 1739 609 νὲμουσιν
1797 537 1899 608 ἀμ-

238 627 375 695 φοῖν
406 627 519 674 τοῖν
568 622 705 675 υἱοῖν
762 623 822 675 τὸ
884 618 1191 696 σὲϐας(κᾶν
1249 627 1351 700 γὰρ
1420 626 1557 700 πρὸς
1617 625 1902 695 ἀλλήλους

242 705 595 785 διαφέρεσθαι
644 714 783 786 φῶσι
832 715 950 779 νῦν,
1005 711 1132 767 ἀλλ’
1188 713 1340 785 ὅμως
1396 712 1560 791 ἄμφω
1620 710 1899 768 σεϐαστὲον

243 798 330 856 ὡς
363 796 422 850 ἐκ
451 799 652 873 πατρὸς
701 800 813 861 ἐνὸς
865 801 1456 877 καταλλαγησομένους
1508 804 1591 857 ἐπὶ
1638 809 1734 858 τοῦ
1769 804 1899 876 μὲλ-

243 884 492 959 λοντος)’
526 888 575 940 οἱ
631 885 687 941 δὲ
738 890 946 963 θατέρῳ
993 896 1073 962 τῷ
1103 893 1351 965 νεωτέρῳ
1403 891 1775 965 λατρεύουσιν,
1826 892 1900 953 ὡς

239 983 354 1043 τῆς
421 976 721 1050 κρείττονος
791 978 881 1031 καὶ
952 979 1339 1055 ὑπερκειμένης
1416 979 1634 1057 μερίδος
1702 982 1902 1055 κατάρ-

238 1084 432 1138 χοντι·
497 1066 585 1119 τὸν
651 1062 1015 1141 πρεσϐύτερον
1062 1070 1164 1123 οὐκ
1217 1070 1571 1141 ἀτιμάζοντες
1634 1071 1753 1143 μὶν,
1803 1092 1901 1147 φυ-

242 1152 577 1225 λαττόμενοι
611 1154 657 1209 δ’
700 1156 856 1211 αὐτὸν
919 1158 992 1217 ὡς
1048 1162 1415 1223 κακοποιῆσαι
1476 1158 1789 1231 δυνάμενον.
1839 1159 1901 1211 Οἱ

241 1239 303 1295 δὲ
370 1243 588 1317 χείρους
646 1245 823 1298 αὐτῶν
880 1248 979 1313 τὴν
1043 1242 1287 1301 ἀσέϐειαν
1338 1253 1437 1302 τοῦ
1502 1248 1596 1320 μὲν
1650 1246 1901 1321 οὐρανίου

242 1327 530 1384 διῖστῶσιν
587 1332 808 1394 ἑαυτοὺς
866 1332 951 1387 ἐπὶ
985 1339 1111 1405 πᾶν,
1162 1335 1318 1389 αὐτὸν
1365 1333 1421 1390 δὲ
1457 1336 1616 1408 μόνον
1667 1337 1756 1389 τὸν
1787 1333 1901 1389 ἐπί-

238 1440 400 1491 γειον
434 1420 717 1488 Σαταναήλ
751 1424 864 1493 (13)
890 1422 1336 1497 ἐνστερνίζονται.
1373 1428 1495 1481 Τῶν
1530 1446 1588 1480 τε
1620 1425 1903 1496 ὀνομάτων

237 1514 369 1568 τοῖς
430 1508 824 1585 εύφημοτὲροις
879 1511 1342 1584 ἀποσεμνύνοντες
1403 1514 1752 1589 πρωτότοκον
1809 1514 1897 1567 τὸν

240 1594 549 1671 ἀλλότριον
600 1597 660 1652 ἐκ
690 1600 894 1675 πατρὸς
923 1601 1174 1668 καλοῦσι,
1210 1608 1385 1681 φυτῶν
1418 1625 1475 1657 τε
1509 1604 1596 1657 καὶ
1629 1604 1781 1671 ζώων
1812 1601 1901 1656 καὶ

238 1690 356 1738 τῶν
391 1684 603 1740 λοιπῶν
640 1690 903 1743 συνθέτων
950 1688 1286 1766 δημιουργὸν
1327 1694 1417 1746 τὸν
1449 1692 1777 1769 φθοροποιὸν
1812 1691 1900 1744 καὶ

242 1774 524 1848 ὀλέθριον.
578 1777 1024 1851 Ἀποθεραπεύειν
1088 1777 1133 1834 δ’
1193 1780 1353 1835 αὐτὸν
1409 1781 1495 1835 καὶ
1550 1778 1761 1852 μᾶλλον
1825 1779 1900 1834 ἐτι

250 1861 610 1937 βουλόμενοι,
640 1870 736 1941 φεῦ
764 1868 775 1921 !
810 1868 981 1921 ὁπόσα
1010 1874 1358 1943 παροινοῦσιν
1395 1868 1469 1930 εἷς
1498 1870 1588 1923 τὸν
1623 1868 1895 1944 οὐράνιον.

249 1952 512 2024 φθονερόν
543 1973 601 2006 τε
632 1952 886 2027 λέγοντες
901 1956 1057 2028 εἶναι,
1090 1955 1345 2035 τάδελφῷ
1375 1957 1703 2032 παραλόγως
1736 1954 1896 2031 διαφ-

248 2039 579 2111 θονούμενον
629 2043 683 2095 εὖ
735 2040 1119 2117 διακοσμοῦντι
1168 2047 1234 2101 τὰ
1278 2046 1365 2100 ἐπὶ
1412 2054 1536 2120 γῆς,
1585 2046 1673 2100 καὶ
1716 2046 1897 2123 φθόνῳ

243 2130 551 2202 τυφόμενον
586 2132 843 2203 σεισμοὺς
873 2136 985 2206 (14)
1006 2135 1093 2188 καὶ
1118 2134 1363 2210 χαλάζας
1395 2138 1507 2207 (15)
1538 2137 1626 2189 καὶ
1662 2132 1896 2207 λοιμοὺς

246 2216 504 2293 ἐπάγειν.
570 2221 663 2274 Διὸ
714 2221 801 2275 καὶ
850 2222 1155 2297 ἐπαρῶνται
1202 2225 1347 2297 αὐτῷ
1396 2222 1540 2279 ἄλλα
1592 2245 1652 2279 τε
1698 2224 1786 2279 καὶ
1836 2225 1896 2279 τὸ

242 2308 600 2379 παλαμναῖον
628 2309 869 2383 ἀνάθεμα
899 2315 1034 2383 (16).

2013 538 2322 593 sententiis
2368 538 2665 593 differunt.
2698 538 2913 592 Eorum
2960 536 3113 592 enim
3146 536 3241 591 alii
3278 538 3508 609 utrique
3539 540 3658 595 ﬁlio

2011 628 2233 680 cultum
2267 627 2530 681 divinum
2564 627 2835 681 delerunt
2870 625 3163 697 (quamvis
3193 625 3342 679 enim
3377 626 3660 683 dissidere

2011 732 2169 770 nunc
2201 716 2452 770 alterum
2486 716 2558 770 ab
2592 715 2772 771 altero
2804 716 3022 781 dicant,
3058 716 3260 769 ambos
3294 719 3490 769 tamen
3520 718 3661 771 ado-

2012 807 2229 859 randos
2282 810 2575 870 asserunt,
2609 804 2825 875 quippe
2873 804 2975 875 qui
3006 804 3077 859 ab
3114 821 3228 859 uno
3262 808 3423 875 patre
3453 821 3659 875 proce-

2012 895 2216 949 dentes
2244 893 2383 948 olim
2417 895 2536 948 sint
2580 894 2636 947 in
2681 894 2927 964 gratiam
2963 893 3265 961 redituri);
3317 892 3415 947 alii
3466 898 3661 949 autem

2012 982 2259 1037 alterum
2322 981 2487 1037 illum
2546 987 2921 1049 venerantur,
2969 986 3253 1053 tanquam
3307 982 3566 1037 melioris
3613 992 3666 1038 et

2011 1072 2510 1142 supramundanze
2561 1071 2817 1142 regionis
2867 1072 3326 1139 moderatorem;
3369 1071 3661 1127 seniorem

2011 1159 2245 1214 interim
2294 1166 2511 1214 honore
2561 1176 2667 1214 suo
2720 1175 3091 1230 nequaquam
3142 1160 3550 1231 dedignantes,
3585 1161 3664 1215 ita

2010 1253 2206 1302 tamen
2239 1253 2302 1301 ut
2334 1249 2404 1302 ab
2436 1248 2564 1318 ipso
2589 1248 2703 1302 sibi
2734 1253 2999 1313 caveant,
3025 1255 3307 1319 tanquam
3341 1266 3406 1303 eo
3437 1249 3534 1318 qui
3568 1266 3664 1303 no-

2011 1353 2139 1392 cere
2172 1336 2375 1406 possit.
2411 1337 2691 1391 Cazterum
2727 1337 2825 1408 qui
2858 1338 3113 1392 maxima
3145 1338 3295 1392 inter
3324 1353 3424 1391 eos
3455 1338 3659 1407 impie-

2010 1430 2128 1479 tate
2164 1425 2449 1493 laborant,
2484 1425 2737 1480 ccelestis
2768 1426 2926 1481 illius
2958 1426 3119 1481 cultu
3169 1442 3232 1480 se
3281 1443 3522 1496 prorsus
3555 1427 3658 1479 ab-

2011 1515 2229 1580 dicant,
2282 1519 2742 1584 terrestremque
2793 1514 2982 1569 solum
3036 1514 3307 1569 Satanael
3358 1520 3657 1585 pectorum

2011 1619 2253 1657 suorum
2289 1602 2688 1674 penetralibus
2722 1603 3011 1657 induunt:
3038 1620 3212 1674 quem
3238 1602 3659 1674 insignioribus

2011 1693 2352 1746 nominibus
2400 1698 2763 1760 venerantes,
2798 1692 3263 1763 Primogenitum
3308 1708 3465 1758 eum,
3501 1691 3597 1761 qui
3629 1710 3661 1745 a

2010 1781 2177 1835 Patre
2223 1780 2447 1835 alienus
2498 1785 2607 1847 est,
2643 1780 2967 1852 appellant,
2999 1780 3337 1852 plantarum
3371 1780 3656 1845 omnium,

2012 1869 2361 1923 animalium
2394 1873 2449 1922 et
2479 1874 2822 1923 cmterorum
2855 1870 3314 1939 compositorum
3346 1884 3655 1937 corporum

2008 1962 2350 2025 creatorem,
2384 1974 2518 2011 eum
2553 1958 2650 2027 qui
2692 1958 3086 2029 corruptionis
3136 1956 3410 2028 perniciei
3456 1962 3659 2011 auctor

2007 2052 2117 2102 est.
2146 2046 2325 2109 Quem
2360 2051 2423 2099 ut
2466 2048 2688 2114 majore
2738 2049 2915 2102 etiam
2966 2046 3185 2101 honore
3216 2045 3492 2116 cultuque
3525 2062 3656 2114 pro-

2008 2140 2352 2208 sequantur,
2400 2136 2490 2189 Dii
2541 2136 2698 2206 boni,
2733 2137 2885 2206 quod
2936 2136 3310 2190 contumeliis
3358 2136 3654 2189 cmlestem

2005 2225 2174 2279 illum
2209 2225 2539 2280 lacessunt!
2571 2242 2743 2295 quem
2773 2226 3034 2279 invidum
3061 2240 3189 2279 esse
3220 2225 3380 2280 fratri
3410 2225 3650 2278 dicunt:

2008 2315 2223 2385 quippe
2256 2313 2355 2385 qui
2389 2314 2639 2369 nefando
2670 2330 2803 2369 eum
2846 2314 2978 2369 odio
3029 2318 3436 2384 prosequatur,
3471 2329 3503 2367 a
3536 2329 3651 2382 quo

238 2400 537 2455 terrestria
559 2406 712 2457 recte
742 2403 1232 2459 administrentur
1264 2422 1276 2459 :
1312 2404 1412 2476 qui
1439 2405 1616 2461 etiam
1650 2404 1881 2460 invidiae
1914 2403 2066 2459 fastu
2099 2403 2290 2458 elatus
2321 2408 2740 2469 terraemotum,
2765 2404 3107 2474 grandinem
3140 2406 3197 2457 et
3226 2402 3440 2457 famem
3476 2401 3646 2455 indu-

244 2496 356 2544 cat.
392 2490 645 2545 Proinde
676 2506 809 2546 cum
844 2492 959 2547 alia
988 2494 1101 2558 ipsi
1133 2493 1555 2565 imprecantur,
1587 2499 1715 2549 tum
1747 2499 1805 2549 et
1834 2494 2254 2549 exsecrandum
2285 2492 2431 2547 illud
2462 2492 2795 2548 anathema.

1764 2754 1994 2811 CAPUT
2036 2755 2133 2810 Ill.

315 2852 495 2918 Quare
525 2854 786 2910 Satanael
816 2854 915 2908 Dei
942 2852 1093 2922 ﬁlius
1121 2853 1188 2907 ab
1221 2854 1471 2908 Euchitis
1508 2853 1746 2908 dicatur.
1780 2854 2063 2909 Haereseon
2106 2854 2259 2922 origo
2290 2870 2324 2905 a
2354 2852 2576 2907 Satana.
2613 2853 2787 2919 Quam
2825 2853 2954 2907 caeci
2988 2858 3271 2921 menteque
3299 2851 3445 2921 capti
3471 2850 3587 2903 sint

1147 2925 1415 2994 haeretici,
1450 2927 1545 2995 qui
1571 2925 1839 2981 damonis
1870 2925 2152 2979 illusiones
2183 2940 2292 2979 non
2323 2925 2754 2995 deprehendant.

315 3048 549 3104 ΤΙΜΟΘ.
584 3048 709 3106 Τίσι
764 3047 820 3103 δὶ
864 3047 1073 3125 λόγοις,
1126 3051 1169 3103 ὦ
1218 3053 1377 3123 Θρᾷξ,
1425 3049 1736 3104 πεπείκασιν
1771 3050 1891 3103 ἑαυ-

240 3138 364 3198 τοὺς
394 3139 488 3191 τὸν
523 3139 810 3207 Σαταναὴλ
844 3140 959 3193 υἱὸν
992 3143 1125 3193 Θεοῦ
1157 3140 1245 3193 καί
1273 3145 1483 3216 φρονεῖν
1546 3140 1633 3193 καὶ
1694 3138 1891 3213 λέγειν,

237 3229 343 3278 τῶν
398 3247 455 3280 τε
512 3232 869 3303 προφητικῶν
927 3230 1013 3281 καὶ
1077 3228 1235 3291 θείων
1296 3232 1569 3302 χρησμῶν
1628 3224 1719 3281 ἕνα
1772 3227 1892 3281 Υἳὸν

237 3320 517 3388 πανταχοῦ
552 3312 841 3391 λεγόντων,
900 3320 995 3369 τοῦ
1052 3338 1108 3370 τε
1160 3316 1477 3385 ἐπιοτηΟίου
1516 3318 1629 3388 (17)
1660 3316 1796 3369 κατά
1824 3316 1891 3368 τὰ

240 3399 481 3474 ἄχραντα
538 3404 852 3478 Εύαγγὲλια
902 3405 1228 3479 κεκραγότος
1279 3405 1401 3475 περὶ
1456 3409 1550 3458 τοῦ
1611 3409 1743 3458 Θεοῦ
1801 3404 1891 3457 καὶ

2075 3050 2370 3104 TIMOTH.
2406 3050 2629 3114 Quibus
2661 3049 3012 3115 rationibus,
3041 3065 3071 3103 o
3100 3048 3312 3115 Thrax,
3347 3046 3651 3101 adducun-

2002 3141 2100 3191 tur
2131 3137 2407 3204 Euchitzn,
2444 3144 2509 3191 ut
2558 3137 2828 3192 Satanae]
2862 3138 3048 3191 {ilium
3078 3137 3177 3191 Dei
3211 3152 3340 3190 esse
3389 3136 3651 3201 credant,

2003 3232 2059 3281 et
2104 3229 2302 3281 dicant
2362 3227 2721 3298 propheticis
2768 3226 3096 3295 divinisque
3154 3226 3408 3279 oraculis
3467 3239 3648 3304 unum

2003 3316 2220 3386 ubique
2285 3316 2497 3370 Filium
2547 3315 2972 3378 astruentibus,
3026 3319 3346 3385 sanctoque
3394 3311 3518 3378 illo,
3553 3313 3649 3380 qu‘

2002 3421 2180 3474 supra
2212 3411 2417 3475 pectus
2449 3403 2679 3458 Domini
2713 3403 3077 3467 recubuit,in
3114 3402 3299 3457 sacris
3332 3400 3655 3470 Evangeliis

238 3490 434 3564 Λόγου·
469 3488 624 3561 δόξαν
675 3495 749 3553 ὡς
810 3495 1154 3567 Μονογενοῦς
1204 3494 1352 3563 παρά
1409 3494 1641 3567 Πατρός·
1676 3491 1766 3545 καὶ
1800 3490 1885 3561 αὖ,

2012 3493 2289 3547 alamante
2321 3494 2391 3547 de
2441 3493 2555 3547 Deo
2587 3498 2643 3547 et
2672 3492 2865 3560 verbo,
2901 3492 3141 3547 Gloriam
3170 3492 3330 3561 quasi
3374 3490 3656 3557 unigeniti

240 3579 267 3630 ὁ
327 3582 668 3654 Μονογενής,
731 3582 760 3634 ὁ
818 3579 891 3635 ὣν
944 3582 1018 3644 εἷς
1074 3582 1165 3635 τὸν
1225 3582 1434 3636 κόΛπον
1492 3585 1589 3635 τοῦ
1651 3579 1886 3652 Πατρός,

237 3664 398 3727 αὐτὸς
430 3667 751 3742 ἐξηγήσατο.
780 3670 945 3733 Πόθεν
981 3670 1071 3723 οὖν
1102 3671 1287 3730 αὐτοῖς
1320 3668 1552 3738 ἐπῆλθεν
1584 3671 1618 3737 ἡ
1650 3669 1886 3738 τοσαύτη

242 3752 423 3820 πλάνη
450 3800 465 3823 ,

312 3848 510 3914 ΘΡᾼΞ.
564 3846 730 3899 Πόθεν
792 3842 1042 3913 ἄλλοθεν,
1091 3844 1134 3899 ὦ
1193 3845 1446 3919 Τιμόθεε,
1480 3845 1514 3914 ἢ
1547 3845 1634 3900 καὶ
1672 3846 1830 3906 αὐτὸς
1864 3847 1890 3899 ὁ

240 3935 333 3983 τοῦ
386 3931 617 4004 ψεύδους
677 3932 865 4009 ἅρχων
924 3940 1090 3989 ταῦτα
1120 3934 1561 4009 περιαυτολογῶν
1592 3939 1699 3989 τῶν
1734 3934 1892 4005 ἀνοή-

310 4062 328 4111 ’¹
360 4077 525 4133 Joan.
560 4096 603 4146 ι,
646 4080 731 4133 14.

2000 3598 2038 3637 a
2070 3584 2310 3647 Petrei;
2346 3587 2404 3637 et
2450 3583 2683 3651 iterum,
2721 3582 3045 3652 Unigcnitus
3092 3582 3267 3634 Filius
3320 3596 3413 3649 qui
3463 3582 3541 3632 est
3594 3580 3653 3631 in

2001 3672 2131 3725 sinu
2162 3676 2379 3739 Patris,
2406 3674 2518 3741 ipse
2537 3668 2903 3724 enarravit’?
2935 3670 3095 3724 Unde
3121 3668 3302 3739 igitur
3332 3668 3389 3721 in
3421 3670 3649 3720 tantum

2002 3775 2254 3814 errorem
2290 3758 2705 3831 impegerunt?

2076 3848 2347 3904 TllRAX.
2390 3848 2713 3915 Undenam,
2746 3864 2777 3901 ο
2808 3844 3132 3913 Timotheo,
3166 3843 3282 3900 nisi
3321 3844 3458 3915 quia
3490 3859 3651 3898 men-

2002 3937 2153 3992 dacii
2207 3937 2481 4009 princeps
2532 3939 2649 3991 haec
2698 3952 2767 3991 ex
2814 3935 3008 4007 seipso
3055 3934 3417 4005 confingens,
3456 3948 3649 3987 vecor-

1624 4177 1979 4234 GAULMINI
2020 4178 2252 4233 NOT/E.

312 4292 419 4359 (13)
471 4296 615 4349 Inde
671 4294 968 4350 Sataniani
1041 4294 1180 4348 dicti
1244 4292 1454 4348 Nicetis
1515 4294 1572 4347 in
1631 4296 1899 4350 Thesauro

238 4363 376 4430 ort_h.
412 4364 555 4430 ﬁd.a
589 4365 851 4419 numinis
884 4366 975 4421 sui
1001 4366 1298 4430 cultu,cui
1332 4371 1387 4419 et
1419 4365 1899 4421 tribuebautrwa‘i

240 4428 428 4557 ἓιῧλὲα
470 4443 572 4503 τῆς
628 4434 864 4495 παλαιᾶς
916 4443 1128 4512 Γραφῆς
1160 4428 1179 4465 ’⁷
1210 4437 1408 4491 Leoni.
1446 4454 1499 4507 p.
1534 4439 1636 4491 432
1670 4440 1741 4493 De
1766 4450 1894 4493 sect.

241 4530 258 4557 ι
292 4522 357 4557 ec
409 4508 511 4557 soli
567 4508 819 4557 coluere.
855 4508 1077 4557 Onhitm
1130 4508 1185 4557 in
1225 4508 1496 4557 Philastr-
1534 4509 1660 4557 init.
1716 4510 1894 4557 Hndin

241 4508 357 4579 Sec
409 4508 512 4562 soli
567 4508 819 4563 coluere.
855 4508 1077 4579 Ophitle
1130 4508 1185 4561 in
1224 4508 1496 4564 Philastr.
1534 4509 1660 4562 init.
1716 4510 1898 4565 Hodie

242 4576 711 4634 Calecutensium
746 4576 1007 4636 Deumus
1042 4581 1387 4635 notissimus
1420 4596 1485 4634 ex
1520 4580 1739 4635 Ludov.
1772 4587 1897 4637 Var-

246 4655 385 4723 t_om_.
419 4652 491 4723 (ν,
518 4667 568 4704 c.
602 4650 828 4723 2).Nec
858 4652 1003 4708 alios
1033 4652 1401 4706 exscribo.-—
1427 4651 1647 4706 Tollius
1677 4655 1883 4723 lnsign.

242 4720 307 4772 it.
343 4720 481 4790 "aL,
518 4739 572 4791 p.
608 4722 734 4793 107,
768 4722 849 4776 ait
880 4740 1008 4779 esse
1050 4740 1151 4793 pro
1194 4727 1455 4789 Σατανᾶν,
1490 4723 1733 4793 insuper
1759 4720 1884 4778 mo-

239 4805 385 4845 nens
440 4808 633 4847 errare
689 4792 963 4861 Psellum,
1027 4795 1179 4863 quod
1261 4794 1521 4849 Euchitis
1598 4792 1882 4865 originem

240 4868 407 4947 sectae
464 4881 523 4947 an
554 4869 787 4947 Manete_
830 4871 1071 4947 repetat,
1119 4882 1291 4947 ritur
1326 4867 1431 4945 hie
1477 4870 1644 4920 sectae
1720 4868 1883 4921 initio

239 4930 436 5007 longe
472 4934 711 5007 diversae
763 4930 1002 5004 fuerint,
1035 4930 1132 4991 sed
1169 4941 1371 5007 postea
1420 4937 1477 4990 in
1529 4954 1714 4992 unum
1747 4954 1884 4992 con-

238 5003 529 5079 fluxerint,
548 5006 710 5061 salva
727 5013 923 5064 tamen
950 5003 1374 5063 sententiarum
1406 5024 1508 5063 seu
1541 5008 1885 5079 dogmatum

236 5074 596 5132 diversitate.
631 5078 790 5133 Eon.

312 5148 421 5216 (14)
451 5147 1037 5223 Σεισμους-ἱωᾲωὶὶὶίι,
1073 5151 1171 5205 sed
1209 5167 1309 5221 per
1338 5146 1604 5223 ἀγγέλους
1628 5154 1886 5221 σεισμῶν,

242 5224 309 5270 ut
342 5220 649 5275 credebant
680 5220 761 5274 illi
796 5221 1059 5289 siderati,
1093 5220 1239 5292 quos
1272 5220 1429 5293 magi
1472 5223 1731 5293 quinque
1754 5220 1890 5278 esse

243 5299 593 5365 agnoscunt,
628 5299 791 5365 puto,
825 5294 897 5365 ob
957 5290 1217 5365 quinque
1276 5290 1510 5363 σεισμῶν
1573 5290 1714 5361 εἴδη,
1750 5294 1891 5365 quia

242 5369 383 5437 sunt
412 5360 731 5437 ἐπικλινίαι,
770 5360 1019 5437 βρᾴσται,
1056 5360 1270 5437 ῥῆκται,
1322 5360 1546 5433 σείσταὶ,
1580 5360 1886 5436 ἱζηματίαι.

241 5434 580 5506 astrologus
615 5434 777 5490 man.
806 5434 976 5505 plura
1007 5434 1261 5491 disserit.
1306 5438 1443 5493 Inde
1494 5441 1551 5492 et
1598 5434 1891 5493 veteribus

248 5504 574 5572 Persarum,
606 5507 655 5561 si
717 5504 990 5563 nebuloni
1046 5508 1306 5564 Graeculo
1357 5508 1688 5565 adhibenda
1747 5510 1891 5565 fides

250 5580 361 5638 est,
393 5577 441 5627 οἱ
474 5577 637 5650 μάγοι
672 5580 776 5629 τῶν
812 5582 1070 5650 σεισμῶν.

326 5649 429 5717 (15)
461 5646 754 5722 Ἀγγελους
781 5646 1031 5721 χαλάζης
1062 5651 1194 5707 inde
1220 5656 1518 5724 nugantur
1539 5650 1724 5724 magi;
1745 5667 1893 5722 quos

2009 4294 2184 4365 primi
2246 4290 2546 4361 Babylonii
2606 4291 2920 4365 commenti
2973 4296 3138 4365 sunt.
3166 4290 3275 4365 Sed
3334 4294 3392 4365 et
3444 4289 3647 4365 μάγους

2055 4363 2258 4430 αλάζης
2295 4356 2641 4418 habuerunt.
2674 4363 2958 4417 Docuerat
2994 4362 3317 4416 Jatnblicus
3364 4359 3415 4414 ἐν
3444 4356 3649 4417 ’Βαϐυ-

2055 4384 2258 4430 αΛαςης
2295 4384 2641 4418 Πᾶυυϐΐυῐὶιο
2675 4384 2958 4417 υΟΟυϐΓᾶι
2994 4384 3317 4416 ,ιιιωυηυυδ
3364 4384 3415 4414 εν
3469 4384 3645 4417 υαου-

2008 4384 2289 4494 ἔωνικοῖς.
2328 4434 2568 4489 Pbotius
2604 4434 2769 4504 (Bibl.
2804 4435 2931 4504 cod.
2963 4434 3053 4500 94,
3103 4450 3156 4504 p.
3194 4433 3357 4504 A2“),
3388 4449 3457 4488 ex
3498 4434 3596 4489 illo
3630 4451 3645 4489 :

2010 4436 2289 4494 λιυνικοῖς.
2328 4436 2568 4489 Pbotius
2626 4436 2769 4489 Bibl.
2804 4436 2931 4489 cod.
2963 4436 3053 4500 94,
3103 4450 3156 4504 p.
3207 4436 3357 4504 241),
3388 4449 3457 4488 ex
3498 4436 3596 4489 illo
3630 4451 3645 4489 :

2010 4506 2111 4563 Καὶ
2147 4506 2313 4579 μάγον
2371 4508 2543 4573 μυῶν,
2577 4436 2627 4573 ἐξ
2674 4504 2733 4579 οὗ
2782 4503 3065 4579 καλεῖσθαι
3120 4502 3207 4556 καὶ
3245 4504 3313 4579 τὰ
3375 4506 3648 4577 μυστήρια

2005 4579 2111 4633 ἀπὸ
2147 4573 2271 4631 ⁷τῶν
2337 4580 2485 4644 μυῶν
2520 4594 2532 4607 ·
2589 4573 2811 4649 πρώτην
2871 4575 2973 4649 γὰρ
3025 4575 3295 4641 εἶναιτὴν
3329 4573 3435 4628 τῶν
3496 4573 3645 4647 μυῶν

1997 4652 2233 4724 μαγικήν
2272 4667 2283 4678 ·
2313 4646 2401 4729 καὶ
2438 4644 2893 4735 μάγονχγδὶ-Ξμλὲγξι
2928 4644 3201 4735 χαλάζης.
3241 4648 3371 4702 Mox
3410 4644 3505 4730 ab'
3528 4649 3646 4732 illis

1994 4716 2200 4781 Grieci
2228 4716 2483 4779 magicas
2514 4716 2792 4792 χαλαζῶν
2816 4716 3119 4792 Ἀέκχξύσεως
3171 4718 3509 4792 καταστείλας
3557 4718 3645 4792 καὶ

1993 4795 2245 4863 κυμάτων
2314 4786 2597 4859 ποταμίων
2658 4810 2715 4843 τε
2757 4790 2845 4844 καὶ
2892 4786 3195 4853 θαλαττίων
3245 4786 3648 4861 ἀπευδιασμοὺς

1996 4867 2325 4934 didicerunt
2360 4880 2371 4916 :
2404 4864 2609 4918 Malch.
2645 4868 2702 4916 et
2730 4864 2945 4934 Jambl.
2978 4864 3034 4916 in
3084 4863 3211 4917 Vita
3263 4863 3504 4934 Pythag.
3544 4864 3645 4918 Pa-

1996 4940 2137 4992 riler
2195 4933 2417 5007 λοιμῶν
2456 4933 2783 5007 ,ἀποπροπαὶ
2840 4936 3099 4990 notiores
3159 4933 3320 5001 sunt,
3353 4950 3530 5005 quam
3584 4938 3648 4989 ut

1996 5010 2244 5063 debeant
2274 5005 2419 5059 illini
2453 5006 2589 5061 huic
2620 5005 2857 5061 Chartae.

2070 5080 2176 5149 (16)
2231 5078 2620 5149 Proverbialis
2674 5077 2950 5148 loquendi
3030 5077 3304 5139 formula,
3370 5074 3633 5149 ἐπαρᾷται

1999 5150 2260 5219 ἀνάθεμα,
2314 5165 2489 5219 quam
2552 5148 2689 5204 alibi
2721 5150 3141 5219 robservamus.
3194 5149 3448 5203 Glossar.
3493 5148 3642 5219 Reg.

2000 5216 2287 5277 ineditum
2316 5216 2571 5293 (ἐκλογὴν
2608 5218 2743 5293 κατά
2793 5226 3071 5292 στοιχεῖον
3118 5220 3346 5285 vocant)
3380 5234 3393 5272 :
3428 5216 3643 5293 Χάρμᾶ,

1999 5294 2223 5361 κατάρα.
2245 5291 2493 5347 Prorsus
2522 5291 2583 5345 τὸ
2610 5292 2802 5364 χάρμα
2833 5291 3135 5364 Syriacum
3161 5296 3248 5347 est
3279 5302 3452 5351 smn
3479 5292 3647 5346 Char-

1998 5384 2112 5421 ma.
2146 5370 2332 5419 Nemo
2366 5380 2524 5419 sanae
2553 5364 2771 5418 mentis
2801 5364 3111 5418 dubitabit.

2073 5437 2184 5507 (l7)
2213 5436 2274 5491 '0
2308 5435 2651 5503 Ἐπιστήοιος
2684 5441 2773 5507 est
2821 5434 3147 5507 discipulus
3187 5432 3503 5507 illequam
3556 5433 3641 5486 di-

2002 5504 2222 5579 ligebat
2249 5509 2453 5575 Jesus;
2490 5513 2555 5561 ut
2584 5507 2611 5559 ὁ
2647 5505 2911 5575 Θεόπτης,
2948 5506 3168 5571 Moses;
3202 5505 3252 5557 οἱ
3301 5504 3638 5579 Ἀνᾴργδροι.

2001 5575 2339 5703 ἓόεςηοεὶοῐ
2392 5579 2707 5634 Damianus
2754 5579 2881 5649 (lus.
2934 5580 3034 5633 Gr.
3087 5581 3244 5631 Rom.
3289 5575 3414 5650 περὶ
3468 5575 3639 5646 ἡμερ-

2039 5669 2233 5703 ποακτ.
2275 5692 2285 5703 .

2039 5650 2260 5722 πράκτ.)
2275 5692 2285 5706 .
