4032 6202
399 306 517 365 82⁸1

1732 302 2159 369 MICHAELIS
2201 300 2476 364 PSELLI

3686 298 3827 358 828

398 435 563 492 dium
595 436 833 494 illorum
866 443 1090 496 mentes
1140 440 1403 496 fascinat.
1437 440 1543 504 Qui
1578 440 1732 496 enim
1766 439 2046 495 thronum

2162 454 2269 487 των
2321 431 2499 503 ἀπατᾷ
2555 434 2649 494 τὰς
2698 431 2943 506 γνώμας,
3003 431 3031 485 δ
3088 432 3188 507 γὰρ
3243 430 3337 485 τὸν
3395 428 3562 484 αὑτοῦ
3618 428 3820 505 θρόνον

399 544 460 581 se
491 527 751 583 nubibus
799 527 1229 600 impositurum
1280 529 1583 601 gloriatur.
1634 527 2046 599 Altissimoque

2166 525 2329 577 Θεῖναε
2359 524 2474 594 (18)
2506 520 2593 576 ἰπὶ
2624 525 2733 576 τῶν
2760 519 3001 599 νεφελῶν
3052 519 3412 595 καυχώμενος
3468 520 3551 573 καὶ
3602 517 3819 584 ἔσεσθαι

400 615 653 672 similem
694 618 962 672 futurum
996 618 1295 689 praedicat,
1332 633 1516 689 eaque
1565 618 1636 673 de
1688 633 1867 672 causa
1898 616 2055 687 deje-

398 708 529 759 ctus
552 708 640 759 est
670 706 725 759 in
757 706 1049 771 tenebras,
1077 705 1125 759 is
1160 705 1287 775 ipse
1318 704 1435 761 illis
1458 722 1772 777 apparens,
1796 706 2053 775 seipsum

399 794 855 865 primogenitum
890 793 988 847 Dci
1023 810 1151 848 esse
1180 793 1278 861 ait,
1312 798 1487 865 atque
1520 794 1890 851 terrestrium
1926 810 2054 849 om-

398 882 561 938 nium
611 887 955 949 creatorem,
988 882 1088 953 qui
1139 898 1243 954 pro
1289 883 1468 938 animi
1521 883 1765 939 arbitrio
1816 899 1944 955 quae
1994 882 2054 937 in

400 971 617 1026 mundo
645 975 785 1026 sunt
805 971 1005 1025 omnia
1029 987 1252 1043 susque
1298 972 1488 1043 deque
1526 974 1709 1029 ferat:
1749 977 1925 1044 atque
1945 971 2055 1027 hoc

394 1063 562 1131 pacto
620 1059 678 1112 in
741 1058 1213 1131 uniuscujusque
1266 1061 1687 1131 cogitationem
1741 1065 2053 1133 penetrans

398 1139 594 1202 fucum
627 1146 1001 1203 dementibus
1033 1148 1189 1215 facit,
1220 1150 1319 1220 qui
1349 1166 1481 1205 cum
1517 1150 1864 1223 arrogantia:
1896 1166 2055 1205 men-

398 1236 670 1306 daciiquc
724 1242 1024 1291 auctorem
1082 1254 1211 1293 esse
1269 1238 1381 1293 sibi
1440 1241 1813 1311 persuadere,
1878 1242 2054 1310 atque

392 1340 545 1379 vana
571 1324 771 1380 omnia
801 1325 1155 1382 insolentius
1185 1326 1520 1383 etl'erentem
1548 1328 1804 1383 ludibrio
1834 1328 2049 1383 habere

399 1414 700 1481 deberent,
736 1431 850 1469 non
883 1414 966 1469 ita
998 1415 1238 1483 faciunt,
1270 1418 1369 1471 sed
1399 1417 1457 1471 in
1486 1417 1765 1472 omnibus
1794 1416 1845 1472 ei
1878 1416 2053 1471 tidem

394 1501 634 1565 habent,
669 1508 1047 1575 agunturque
1086 1504 1327 1559 naribus
1376 1510 1660 1577 tanquam
1709 1506 1882 1561 boves
1916 1522 1928 1561 :
1964 1509 2052 1559 at-

395 1591 497 1661 qui
532 1597 791 1662 poteranl
827 1608 958 1646 eum
993 1610 1105 1647 non
1132 1594 1213 1648 ita
1242 1593 1426 1648 multo
1450 1600 1581 1665 post
1604 1594 1892 1649 mendacii
1920 1611 2053 1649 con-

392 1678 641 1734 vincere.
669 1680 728 1735 Si
760 1681 918 1735 enim
943 1682 1013 1736 ab
1038 1698 1103 1736 eo
1129 1683 1456 1751 pctiissent,
1484 1688 1545 1737 ut
1570 1681 2052 1753 jactabundailla

396 1768 857 1838 promissionum
885 1768 1175 1825 lenocinia
1199 1769 1366 1826 factis
1390 1769 1868 1837 exhiberet,nihil
1887 1770 2044 1825 aliud
2082 1796 2129 1861 Β

393 1872 528 1910 eum
554 1873 683 1911 esse
707 1858 1437 1931 deprchendissent,quam
1464 1860 1695 1914 asinum
1719 1860 2047 1915 Cumanum

396 1943 581 1999 leonis
635 1944 785 2015 pelle
827 1946 1329 2019 amictum.quem
1376 1948 1571 2021 rugire
1610 1953 1917 2004 conantem
1952 1965 2050 2003 ru-

396 2032 557 2104 gitus
604 2034 985 2105 coarguisset.
1021 2036 1187 2092 Nunc
1239 2041 1434 2091 autem
1467 2037 1626 2092 velut
1676 2037 1864 2092 oculis
1896 2042 2048 2110 capti

402 2119 725 2191 audituque
758 2120 990 2193 privati,
1026 2140 1128 2178 nec
1172 2140 1311 2180 sane
1348 2124 1562 2180 mentis
1592 2132 1915 2197 compotes,
1945 2141 2050 2181 nec

395 2222 597 2263 eorum
645 2224 772 2280 qum
823 2214 963 2265 sunt
1010 2212 1354 2283 cognatione
1405 2213 1663 2282 adducti,
1690 2230 1874 2268 unum
1920 2230 2051 2269 esse

394 2296 726 2353 Creatorem
759 2299 976 2367 vident,
1004 2317 1108 2356 nec
1138 2300 1397 2372 idipsum
1431 2305 1777 2358 attestantes
1800 2302 2051 2373 Scriptu-

392 2403 489 2441 ras
510 2386 835 2454 3daudiunt,
868 2404 973 2443 nec
1019 2390 1088 2443 ad
1136 2390 1385 2445 rationis
1432 2406 1676 2446 examen
1726 2392 2048 2461 explorant,

394 2474 444 2528 si
477 2475 594 2530 duo
637 2492 839 2531 eorum
872 2494 1001 2547 quas
1050 2482 1191 2532 sunt
1240 2478 1456 2532 diversi
1509 2484 1801 2534 creatores
1830 2484 2049 2551 essent,

393 2562 551 2617 haud
585 2581 766 2618 unum
793 2565 912 2619 fore
940 2565 1205 2620 ordinem
1238 2565 1407 2620 illum
1432 2567 2049 2639 conjunctionemque,

392 2650 609 2720 quibus
642 2652 839 2707 omnia
870 2653 1224 2724 colligantur
1254 2658 1425 2724 atque
1463 2659 1917 2711 connectuntur.
1947 2658 2047 2711 At-

392 2737 491 2809 qui
539 2739 683 2794 asini
718 2740 957 2811 quidem
1013 2746 1070 2796 et
1120 2742 1317 2811 boves,
1352 2748 1669 2798 attestante
1700 2744 2049 2816 propheta‘,

391 2842 498 2880 nec
528 2844 805 2899 prmsepe,
837 2844 941 2883 nec
974 2830 1279 2885 dominum
1315 2847 1487 2886 suum
1522 2832 1822 2903 ignorant,
1857 2833 1913 2888 hi
1946 2850 2049 2889 au-

389 2916 505 2969 tem
552 2915 800 2971 Domino
851 2933 958 2973 suo
1008 2917 1250 2991 longum
1282 2920 1472 2975 valere
1524 2921 1719 2991 jusso,
1754 2938 1885 2977 eum
1937 2922 2050 2978 sibi

392 3003 567 3057 deum
628 3003 952 3077 elegerunt,
998 3008 1096 3077 qui
1146 3012 1550 3064 creaturarum
1612 3010 1879 3067 omnium
1940 3011 2045 3067 ab-

381 3091 751 3161 jectissimus
807 3098 863 3149 et
920 3095 1431 3167 despicatissimus
1489 3101 1607 3164 est,
1667 3115 1843 3171 seque
1903 3100 2048 3157 adeo

2166 612 2359 685 ὅμοιος
2414 615 2495 683 τῷ
2534 610 2769 684 Ὑψίστῳ
2829 609 3029 685 Λίγων,
3087 610 3176 663 καὶ
3236 606 3324 663 διὰ
3376 612 3545 662 τοῦτο
3602 605 3819 664 ἔκπτω-

2163 722 2260 762 τος
2306 700 2395 754 καὶ
2443 699 2632 761 σκότος
2662 699 2959 774 γενόμενος
2999 701 3134 770 (19),
3193 697 3357 759 αὐτὸς
3416 695 3570 759 οὗτος
3599 697 3821 753 τούτοιν

2167 788 2621 867 ἐμφανιζόμενος,
2674 789 2791 843 υἱὸν
2839 791 2975 843 Θεοῦ
3018 786 3367 863 πρωτότοκον
3399 788 3585 842 ἑαυτὸν
3642 789 3819 863 ἀναγ-

2162 878 2349 953 γὲλλει
2380 878 2468 933 καὶ
2504 883 2612 934 τῶν
2646 877 2899 953 ἐπιγείων
2951 876 3200 933 ἁπάντων
3253 874 3614 950 δημιουργὸν,
3664 874 3815 951 ἄγειν

2162 990 2221 1023 τε
2249 969 2337 1023 καὶ
2371 968 2547 1046 φέρειν
2582 970 2695 1040 (20)
2724 965 2787 1022 τὸ
2822 966 3112 1041 ἰγκόσμιον
3171 971 3298 1022 πᾶν.
3358 967 3456 1020 Καὶ
3497 966 3659 1038 οὕτω,
3714 967 3819 1034 τήν

2164 1059 2392 1112 ἑκάστου
2440 1055 2622 1112 ἄνοιαν
2678 1056 2901 1130 μετιὼν,
2934 1055 3205 1134 φενακίζει
3233 1053 3361 1117 τοὺς
3398 1052 3655 1133 ἄφρονας,
3718 1056 3814 1117 οῦς

2165 1144 2305 1219 δέον,
2360 1147 2496 1201 κατᾶ
2537 1150 2664 1200 νοῦν
2716 1142 2985 1207 λαϐόντας
3034 1146 3108 1208 ὡς
3160 1143 3376 1214 ἀλαζὼν
3424 1144 3515 1199 καὶ
3573 1142 3812 1219 ψεύδους

2162 1234 2407 1310 ἀρχηγός
2440 1233 2572 1302 ἐστι,
2621 1232 2988 1309 καταγελάσαι
3040 1234 3440 1307 κομπάζοντος.
3493 1234 3559 1291 Οἱ
3614 1230 3669 1288 δὲ
3702 1232 3810 1307 οὐχ

2199 1323 2224 1345 υ
2347 1346 2358 1356 -
2418 1322 2561 1379 ἀλλὰ
2690 1324 2703 1375 ί
3021 1326 3045 1337 ν
3522 1323 3533 1340 “
3596 1321 3620 1343 ν

2164 1345 2337 1386 ουτως
2614 1344 2682 1378 πε
2710 1335 2893 1387 θονται
2950 1344 3116 1378 ταυτα
3163 1321 3396 1397 λέγοντι,
3450 1343 3537 1376 και
3590 1343 3808 1397 αγονται

2162 1416 2399 1487 καθάπερ
2435 1415 2555 1488 βόες
2580 1414 2684 1468 ἀπὸ
2717 1413 2879 1488 ῥινῶν
2914 1416 3049 1487 (21).
3080 1412 3264 1468 Καίτοι
3297 1411 3421 1477 ἐνῆν
3453 1414 3521 1467 οὐ
3553 1410 3641 1467 διὰ
3667 1410 3809 1468 πολ-

2162 1501 2262 1558 λοῦ
2293 1504 2537 1578 φωράσαι
2588 1500 2943 1575 ψευδόμενον.
3000 1500 3067 1559 Εἴ
3112 1503 3214 1577 γὰρ
3245 1501 3486 1575 ἀπῄτουν
3520 1500 3676 1556 αὐτὸν
3714 1501 3808 1562 τὰς

2168 1588 2579 1665 μεγαληγόρους
2642 1591 2837 1652 ταύτας
2902 1590 3229 1665 ἐπαγγελίας
3301 1588 3387 1644 ἐπὶ
3457 1594 3563 1644 τῶν
3633 1584 3805 1665 ἔργων

2161 1677 2506 1749 ἐνδείξασθαι,
2569 1677 2722 1734 οὐδὲν
2784 1677 3129 1747 ἅλλο.πλὴν
3189 1680 3217 1734 ὁ
3277 1679 3398 1751 περὶ
3432 1680 3619 1752 Κύμην
3678 1674 3806 1741 ὅνος

2160 1765 2507 1840 ἐνδεδυμένος
2538 1768 2762 1837 λεοντῆν
2814 1768 3003 1843 εὑρέθη
3038 1770 3171 1841 (22),
3220 1768 3279 1822 ’ὀν
3331 1766 3540 1843 ἤλεγχε
3588 1767 3803 1842 βρυχή-

2161 1859 2345 1911 σασθαι
2396 1858 2735 1932 πειρώμενον
2779 1859 2814 1925 ἡ
2865 1858 2991 1931 βοή.
3027 1859 3137 1915 Νῦν
3186 1854 3264 1926 δὶ,
3308 1855 3487 1931 ὥσπερ
3538 1854 3806 1929 ἐκκεκομ-

2164 1946 2316 2019 μὲνοι
2362 1946 2488 2007 τοὺς
2552 1943 2867 2022 ὀφθαλμοὺς
2923 1948 3011 2000 καί
3080 1944 3525 2023 ἰκκεκωφημὲνοι
3573 1946 3641 1999 τὰ
3695 1943 3810 1999 ὦτα

2158 2038 2248 2090 καί
2297 2040 2392 2089 νοῦ
2450 2031 2719 2107 μηδαμῶς
2772 2036 3095 2110 μετέχοντες
3136 2030 3430 2110 ἔμφρονος,
3482 2031 3603 2090 οὔτε
3659 2034 3811 2107 παρᾶ

2156 2131 2257 2193 τῆς
2336 2128 2444 2179 τῶν
2522 2120 2691 2179 ὄντων
2772 2125 3080 2200 συγγενείας
3155 2120 3250 2178 ἕνα
3312 2125 3404 2179 τὸν
3460 2121 3808 2197 δημιουργὸν

2160 2214 2400 2289 ὁρῶσιν,
2479 2210 2603 2268 οὔτε
2653 2215 2805 2268 τοῦτ’
2863 2213 2992 2269 αὐτό
3061 2210 3327 2289 λεγούσης
3386 2218 3505 2281 [τῆς
3564 2213 3806 2286 Γραφῆς]

2160 2300 2461 2370 ἐπαΐουσιν,
2518 2299 2647 2356 οὔτε
2704 2304 2963 2377 λογισμῷ
3019 2302 3391 2377 βασανίζουσιν
3445 2301 3543 2368 ὡς,
3604 2299 3649 2354 εί
3708 2298 3811 2353 δύο

2160 2389 2442 2452 διεστῶτες
2495 2396 2604 2446 τῶν
2664 2386 2834 2445 ὄντων
2888 2392 3023 2459 ἦσαν
3087 2388 3443 2465 δημιουργοὶ,
3504 2389 3602 2445 οὐκ
3640 2390 3700 2443 ἂν
3734 2389 3810 2457 ἦν

2164 2480 2261 2553 μία
2305 2481 2374 2534 τὰ
2420 2478 2593 2535 πάντα
2640 2477 2931 2535 συνδέουσα
2977 2480 3123 2550 τάξις
3171 2479 3260 2534 καὶ
3312 2474 3521 2540 ἔνωσις.
3556 2480 3651 2532 Καὶ
3686 2473 3808 2532 ὄνοι

2166 2570 2262 2641 μὲν
2314 2569 2403 2624 καὶ
2466 2568 2608 2642 βόες,
2668 2569 2803 2623 κατᾶ
2854 2569 2947 2622 τὸν
2980 2570 3292 2644 προφήτην,
3345 2566 3443 2620 οὐκ
3496 2568 3806 2642 ἠγνοήκασι

2160 2659 2259 2726 τήν
2311 2660 2510 2735 φάτνην
2560 2657 2649 2711 καὶ
2697 2658 2787 2712 τὸν
2836 2656 3203 2729 κτησάμενον⁸
3243 2653 3404 2723 οἱδὶ,
3437 2654 3646 2730 χαίρειν
3704 2655 3802 2709 τὸν

2162 2747 2361 2801 ἑαυτῶν
2443 2746 2571 2801 Θεὸν
2648 2747 2738 2800 καὶ
2814 2743 3080 2815 δεσπότην
3138 2744 3425 2811 ἐάσαντες,
3483 2744 3601 2797 Θεὸν
3651 2742 3809 2797 αὐτοὶ

2160 2836 2645 2910 κεχειροτονήκασι
2674 2835 2767 2889 τὸν
2798 2832 2849 2888 ἐν
2882 2839 2999 2895 τοῖς
3023 2832 3309 2903 κτίσμασιν
3338 2832 3689 2905 ἀτιμότερον,
3719 2830 3813 2885 καὶ

2157 2920 2376 2978 ἕπονται
2411 2924 2462 2977 οἱ
2492 2926 2813 2997 πυραῦσται,
2839 2922 2975 2976 κατὰ
3002 2923 3101 2990 τὴν
3130 2920 3427 2995 παροιμίαν
3471 2922 3604 2994 (23),
3638 2919 3718 2981 εἰς
3746 2920 3811 2974 τὸ

2159 3015 2263 3087 πῦρ
2313 3010 2534 3074 ἑαυτοὺς
2582 3012 2879 3079 καθιέντες,
2925 3011 2954 3065 δ
3001 3008 3175 3065 παλαι
3214 3009 3365 3081 αὐτῷ
3388 3009 3477 3064 καὶ
3507 3013 3623 3070 τοῖς
3658 3007 3810 3080 αὖτῷ

2161 3105 2549 3155 συναποστᾶσιν
2581 3098 2933 3173 ἡτοίμασται.

390 3180 552 3248 ipsos
584 3187 897 3253 pyraustaa,
931 3189 997 3240 ut
1025 3186 1332 3257 proverbio
1384 3188 1586 3258 fertur,
1618 3188 1676 3242 in
1723 3189 1919 3260 ignem
1964 3189 2355 3262 praecipitant,
2388 3190 2491 3262 qui
2514 3190 2641 3261 jam
2674 3188 2815 3245 olim
2846 3192 2903 3245 et
2932 3188 3046 3261 ipsi
3078 3192 3135 3244 et
3163 3186 3542 3258 coapostatis,
3572 3186 3684 3242 hoc
3714 3189 3811 3242 est

387 3267 729 3326 defectionis
760 3271 889 3342 ejus
920 3274 1314 3344 consortibus,
1342 3279 1702 3347 praeparatus
1734 3280 1825 3332 est
1844 3277 1882 3331 ⁵.

2054 3404 2126 3416 -ι

1908 3495 2143 3553 CAPUT
2181 3496 2272 3552 IV.

529 3585 605 3641 De
630 3587 1001 3657 spurcissimis
1032 3586 1391 3642 Euchitarum
1424 3588 1797 3655 caeremoniis,
1830 3588 2248 3713 quijeacrotzur?
2278 3586 2446 3642 initio
2474 3584 2622 3640 cibo:
2650 3588 2702 3639 et
2726 3583 2925 3656 pocula
2953 3583 3093 3640 alato
3123 3590 3177 3639 el
3200 3587 3432 3640 stercore
3456 3583 3663 3655 partita

2007 3674 2106 3713 aus
2168 3674 2205 3711 η
2239 3698 2252 3711 .

2006 3674 2252 3729 gustant.

466 3770 767 3826 TIMOTH.
807 3772 956 3835 Quid
1000 3775 1194 3827 autem
1247 3788 1318 3827 ex
1366 3788 1432 3827 eo
1484 3772 1814 3844 percipiunt
1869 3773 2043 3843 lucri,

2228 3775 2466 3830 ΤΙΜΟΘ.
2500 3768 2740 3845 Κὲρδους
2776 3768 2833 3825 δὲ
2861 3770 3003 3826 τίνος
3035 3768 3515 3844 παραπολαύοντες
3544 3767 3813 3841 ἐξόμνυν-

393 3858 548 3927 quod
606 3860 876 3929 abjurato
932 3860 1094 3914 cultu
1145 3860 1343 3916 divino
1390 3877 1424 3914 a
1468 3860 1736 3931 patribus
1783 3868 2041 3934 accepto,

390 3950 609 4000 certam
646 3947 703 3999 in
737 3946 1057 4017 perniciem
1093 3947 1325 4003 ruunt?

462 4033 725 4089 THRAX.
760 4035 926 4091 Certe
960 4051 1099 4090 num
1142 4034 1282 4107 quid
1317 4036 1454 4091 inde
1497 4036 1643 4092 lucri
1694 4038 2042 4111 percipiant,

388 4121 623 4193 ignoro;
658 4122 889 4178 nullum
931 4128 1128 4179 tamen
1160 4140 1260 4180 eos
1291 4125 1586 4196 percipere
1628 4126 1896 4183 arbitror.
1928 4131 2043 4184 Au-

391 4226 522 4266 rum
554 4210 735 4282 enim,
760 4212 1163 4284 possessiones
1195 4217 1252 4269 et
1282 4213 1622 4285 gloriosam,
1646 4219 1711 4270 ut
1742 4231 1804 4271 se
1834 4216 2046 4273 datura

2151 3882 2238 3916 ται
2276 3862 2368 3935 μὶν
2394 3862 2456 3916 τὸ
2489 3862 2631 3916 θεῖον
2665 3857 2823 3922 σίδας
2856 3861 2945 3915 καὶ
2978 3860 3230 3936 πάτριον,
3256 3856 3470 3933 ὀλέθρῳ
3502 3856 3559 3914 δὲ
3589 3878 3812 3933 προφα-

2152 3955 2233 4005 νεῖ
2262 3954 2548 4026 στοιχοῦσι
2575 3970 2590 4019 ;

2225 4045 2427 4110 ΘΡᾼΞ.
2479 4036 2713 4113 Κέρδους
2765 4039 2860 4111 μὲν
2920 4038 3021 4093 οὐκ
3051 4034 3152 4092 οἶδ’
3185 4034 3239 4091 εἷ’
3259 4041 3358 4091 τοῦ
3384 4034 3820 4109 παραπολαύου-

2154 4145 2259 4182 σιν’
2321 4126 2447 4183 ἀλλ’
2503 4128 2655 4200 οἶμαι
2714 4127 2789 4189 ὡς
2849 4125 3085 4189 οὐδενός.
3147 4125 3363 4197 Χρυσὸν
3424 4126 3518 4197 μὲν
3576 4126 3682 4199 γὰρ
3719 4125 3818 4179 καὶ

2152 4218 2371 4287 κτήσεις
2443 4217 2533 4271 καὶ
2608 4216 2671 4270 τὸ
2728 4217 2855 4291 παρ’
2931 4215 3241 4291 ἀνθρώποις
3299 4211 3544 4287 δοξάριον
3606 4212 3658 4267 εἲ
3717 4215 3813 4267 καὶ

462 4336 482 4370 ²
518 4336 664 4391 lbid.
700 4337 784 4393 18.
862 4338 884 4372 ⁸
913 4337 1067 4394 Psal.
1100 4356 1256 4396 xvm.
1334 4339 1357 4373 ⁸
1388 4338 1526 4395 Issi.
1559 4355 1599 4410 ι,
1632 4340 1685 4395 3.
1763 4340 1784 4374 ⁸
1814 4341 2021 4397 Matth.

2162 4343 2306 4412 ’,41.

1780 4468 2124 4525 GAULMINI
2162 4469 2393 4525 NOTAE.

604 4552 842 4629 Hoc_ex
891 4555 1043 4629 fastu
1089 4552 1217 4629 τοὺς
1275 4553 1529 4627 χθονίους
1576 4554 1665 4609 καὶ
1707 4553 1921 4629 ψευδεῖς
1953 4556 2042 4611 καὶ

390 4620 589 4700 κακοὺξ
620 4622 679 4677 in
699 4624 1037 4700 _tbeurgicis
1066 4627 1251 4700 sacris
1278 4620 1610 4700 agnoscunt
1658 4620 1811 4700 magi
1863 4630 2041 4700 medii

389 4694 511 4773 aevi.
548 4694 826 4773 Porphyr.
862 4694 1132 4773 ῘῘηᾷποχζ
1164 4698 1249 4773 (ιι,
1403 4715 1415 4752 :
1448 4694 1883 4773 Βοόλωωδγᾲρ
1906 4698 2039 4754 εἶναι

390 4764 524 4840 θεοὶ,
538 4764 628 4817 καὶ
660 4768 694 4834 ἠ
726 4764 1045 4835 προεστῶσα
1073 4764 1251 4821 αὐτῶν
1283 4764 1510 4840 δύναμις
1544 4766 1719 4823 δοκεῖν
1756 4764 1872 4832 θεὸς
1903 4773 2039 4825 εἶναι

387 4835 415 4888 ό
454 4836 729 4919 μέγιστος.
764 4840 880 4919 No_s_
912 4840 1038 4895 sine
1072 4840 1190 4895 ullo
1223 4835 1554 4897 diﬂ'erentia
1603 4858 1807 4897 omnes
1852 4844 2040 4900 malos

387 4910 611 4963 scimus
640 4915 697 4965 et
722 4910 1040 4967 credimus.

459 4981 570 5055 (19)
604 4981 905 5055 Habemus
949 4984 1019 5037 ab
1072 4982 1333 5055 ipsomet‘
1366 4983 1657 5039 mendacii
1688 4988 1852 5055 patre
1878 4985 2036 5055 testi-

388 5052 653 5131 monium
705 5052 1523 5131 verissilnum.’ECorpu30npcv
1577 5052 1831 5131 φωτέινοὶ
1890 5052 2039 5117 ὄντες

383 5128 446 5174 το
476 5122 738 5196 πρότερον
773 5142 785 5154 ·
817 5127 1038 5196 Tcslam.
1070 5125 1263 5180 Salom

2152 4577 2232 4611 κει
2262 4552 2523 4631 ’φοϐερὸς
2576 4552 2726 4631 ,ὄνος
2757 4559 2921 4631 (puta
2972 4553 3198 4631 λεοντῆν
3254 4550 3641 4631 ἐνδεδυμένος).
3705 4555 3817 4609 Καὶ

2150 4626 2591 4683 κατὰ’του’τουσὶ
2647 4626 2797 4701 ⁸ζους’
2831 4626 3054 4701 καιροὺς
3088 4630 3301 4701 ’πάντες
3353 4626 3499 4701 ᾖσαν
3557 4631 3813 4701 Spw-aio:

2151 4705 2376 4791 ῖεισιιοδ
2434 4702 2565 4791 καὶ,
2580 4698 2833 4791 χαλάξηξ
2855 4694 3462 4791 ,φἐξὲξρείξῖεροῃξῖῖει
3491 4694 3811 4791 ,ῖὲξ,’ἕνξν

2149 4769 2495 4845 ἡγούμενοιη
2524 4769 2661 4839 Quae
2706 4769 3189 4845 verb_a'_alicu_jus
3210 4769 3450 4845 ‘ye‘tusti
3490 4770 3812 4845 scriptoris

2148 4836 2311 4899 sunt:
2357 4836 2654 4917 Apologus
2708 4843 2860 4900 asini
2920 4840 3147 4909 λεοντῆν
3207 4836 3532 4912 ἐδεδυμίνου
3590 4836 3813 4914 ᾰυίιιυο

2147 4917 2375 4972 obvius.

2220 4988 2335 5057 (23)
2367 4986 2655 5057 zenohius
2695 5002 2707 5041 :
2741 4980 2971 5057 Εἴρηται
3001 4985 3036 5051 ἡ
3067 4982 3336 5057 παροιμία
3360 4978 3460 5057 ἐπὶ
3508 4985 3622 5035 τῶν
3674 4983 3813 5037 ὶαυ-

2144 5053 2260 5118 τοῖς
2304 5053 2702 5127 προξενούντων
2754 5053 3055 5109 ἀπώλειαν.
3108 5054 3307 5127 (Elian.
3360 5053 3621 5127 lib._xu,
3657 5072 3715 5110 c.
3752 5057 3811 5119 8,

2143 5131 2282 5185 Hist.
2315 5122 2500 5185 Αηῦη.
2530 5129 2735 5184 Simile
2766 5128 2825 5182 in
2873 5127 3059 5199 Suida
3102 5125 3284 5199 χαρὰν,
3320 5122 3635 5199 πυραύστου
3682 5144 3817 5199 χαι-

459 5192 569 5273 (20)
600 5192 984 5273 Prpverbialis
1015 5195 1292 5273 loquendi
1338 5195 1611 5273 formula,
1645 5215 1818 5273 quam
1862 5198 2034 5273 resti-

2162 5219 2278 5263 >ειν,
2313 5206 2369 5257 et
2399 5202 2457 5255 in
2490 5192 3605 5273 Eustatb.nupaua‘tné'iavghooénpa
3638 5192 3814 5269 past-

383 5265 613 5387 1t)uitmus
664 5269 931 5332 fidenter,
981 5265 1213 5321 sublato
1256 5286 1372 5335 συν,
1417 5268 1557 5338 quia
1605 5265 1844 5345 συνάγειν
1888 5270 2038 5343 lege-

426 5352 457 5387 a
490 5354 575 5387 ur.

426 5340 829 5478 azgirjUtimur
868 5408 977 5464 hoc
1027 5406 1234 5479 adagio
1283 5408 1453 5477 Galli,
1495 5428 1551 5467 se
1599 5411 1798 5468 laisser
1842 5428 2037 5468 mener

380 5493 485 5549 par
517 5482 566 5533 le
592 5496 715 5535 nes.

459 5550 587 5620 (22)Δ
615 5551 867 5607 Affertur
913 5545 1034 5610 ὄνος
1061 5546 1161 5620 ,είς
1192 5548 1466 5620 Ιζυμαίους
1498 5570 1529 5608 a
1560 5553 1760 5620 Suida,
1792 5550 1879 5607 ἐπὶ
1922 5556 2028 5607 τῶν

380 5617 699 5695 παραδόξων
758 5620 848 5676 καὶ
907 5618 1170 5693 σπανίων,
1204 5617 1342 5677 διότι
1402 5622 1549 5699 παρὰ
1606 5617 1872 5696 Κυμαίοις
1911 5622 2030 5680 £86-

2146 5267 2213 5327 ea
2241 5273 2457 5328 'l‘zetzae
2489 5272 2638 5326 Cbil.
2669 5272 2738 5342 9._
2758 5271 2859 5325 Cui
2886 5267 3006 5325 non
3039 5270 3233 5323 dictus
3266 5267 3480 5342 Hylas?

2216 5342 2585 5427 (ξηηάτριον
2647 5336 2825 5427 σέϐας.
2857 5358 2971 5425 non
3029 5334 3689 5427 estu‘rtatpo‘rtapddomv,
3744 5346 3815 5421 ut

2142 5412 2355 5485 accipit
2382 5412 2692 5486 interpres,
2728 5414 2830 5470 sed
2876 5412 3227 5483 simpliciter
3263 5416 3621 5537 gaternum;
3654 5412 3812 5493 quia

2142 5486 2408 5539 scelerati
2433 5487 2775 5539 nebulones-
2796 5490 2959 5539 natre
2980 5488 3036 5539 et
3049 5482 3232 5539 altero
3306 5482 3384 5539 lio
3414 5487 3812 5539 contemptis.

2142 5486 2408 5543 scelerati
2433 5487 2775 5550 nebulones,
2796 5490 2959 5557 patre
2980 5488 3036 5539 et
3049 5486 3232 5539 altero
3263 5486 3384 5539 filio
3414 5486 3813 5554 contemptis,

2142 5557 2333 5614 solum
2364 5562 2659 5627 Satanam,
2693 5556 2938 5630 dignum
2969 5570 3032 5612 se
3062 5572 3303 5625 numen,
3335 5552 3627 5610 colebant.
