4032 6202
346 317 467 378 835

1682 306 2110 369 MICHAELIS
2154 305 2430 369 PSELLI

3638 306 3762 367 836

344 464 373 503 θ
405 465 466 503 re
498 453 633 505 nata
658 448 908 513 constat,
945 444 1141 500 divino
1173 443 1407 499 afﬂatus
1441 440 1683 496 numine
1715 439 2018 495 vacinatus
2062 442 2169 494 est.
2219 438 2338 509 Ego
2368 437 2646 508 verojam
2679 436 2815 492 inde
2847 452 3037 507 usque
3067 436 3139 491 ad
3189 436 3306 492 hac
3335 440 3602 509 tempora
3631 454 3764 494 ser-

349 554 551 594 mones
582 537 743 592 illius
774 533 1056 590 memoria
1090 536 1377 603 repetens,
1410 534 1465 585 te
1496 545 1651 585 nunc
1677 527 1819 583 taliu
1854 528 2144 584 dicentem
2177 527 2429 582 subinde
2461 526 2739 582 admiror.

417 629 688 683 ’I‘HRAX.
724 626 823 680 Est
854 623 1029 678 etiam
1062 621 1411 685 mehercule,
1464 619 1617 690 quod
1652 617 1985 687 admireris,

2173 618 2378 685 ΘΡᾼΞ.
2416 614 2515 671 Καὶ
2545 615 2837 687 θαυμάζειν
2871 611 2955 668 δεῖ
2982 634 3058 684 σε,
3099 614 3354 687 Τιμόθεε.
3387 616 3601 672 "Aron:
3656 618 3758 687 μὶν

341 718 664 774 Timothse.
721 714 867 769 Cum
916 712 1071 767 enim
1126 710 1320 765 multae
1372 706 1748 779 perabsurdae
1792 711 1995 778 gentes

342 807 496 878 apud
550 804 975 876 Hyperboreos,
1033 798 1231 853 multa:
1286 797 1426 851 item
1461 796 1614 851 circa
1668 796 1906 867 Libyam
1942 799 2000 850 et

343 896 555 968 Syrtim
612 893 683 947 ab
735 887 1225 958 historiographis
1270 902 1399 940 esse
1432 890 1851 949 memorentur,
1884 884 1997 938 hu-

340 981 603 1056 jusmodi
635 983 785 1035 certe
813 976 1198 1033 absurditatis
1245 974 1529 1044 ﬂagitium
1564 972 1795 1029 nullum
1844 974 1997 1046 apud

345 1073 509 1144 ipsos
529 1067 934 1134 commissum,
960 1080 1145 1137 neque
1168 1064 1323 1136 apud
1354 1063 1545 1119 Celtas
1577 1063 1999 1134 audies,neque

342 1160 391 1216 si
423 1159 543 1215 ulla
570 1173 715 1228 gens
742 1155 860 1212 alia
887 1154 1201 1211 Britanniae
1231 1153 1499 1225 proxima
1544 1151 1708 1207 exlex
1737 1156 1795 1207 et
1821 1151 1997 1207 ell'era

346 1248 443 1303 sit.

2106 704 2207 779 γὰρ
2239 701 2425 758 πολλὰ
2455 702 2544 758 καὶ
2574 703 2698 777 περὶ
2726 708 2835 758 τῶν
2870 702 2919 758 ἐν
2954 698 3355 778 Ὑπερϐορείοις
3388 702 3576 774 ἐθνῶν,
3609 705 3764 760 πολ-

2112 792 2183 848 λὰ
2207 793 2296 847 καὶ
2326 796 2431 847 τῶν
2470 792 2608 871 ἀμφὶ
2642 787 2850 861 Διϐύην
2878 794 2968 847 καὶ
3002 792 3195 869 Σύρτιν
3230 793 3533 868 ἱστόρηται·
3568 798 3762 849 τοιοῦ-

2106 903 2197 936 τον
2233 880 2290 935 δὲ
2319 884 2509 944 κακίας
2542 880 2685 945 εἶδος
2742 879 2894 936 οὐδὲν
2961 882 3162 956 ἀκούσῃ
3219 879 3341 936 οὔτε
3381 883 3505 959 περὶ
3536 883 3761 950 αὐτοὺς,

2110 967 2233 1025 οὔτε
2262 971 2386 1045 περὶ
2430 970 2696 1040 Κελτοὺς,
2748 968 2861 1026 οὐδ’
2917 970 2974 1026 ἂν
3017 992 3069 1025 τι
3118 971 3241 1047 περὶ
3275 974 3562 1047 Βρετανίαν
3607 970 3763 1035 ἔθνος

2107 1057 2338 1134 ἕκνομον
2369 1061 2453 1115 καὶ
2489 1056 2677 1136 ἄγριον

1842 1473 2075 1532 CAPUT
2113 1472 2235 1528 VII.

608 1580 864 1652 Corpora,
897 1579 1231 1634 daemonibus
1258 1576 1437 1631 nihilo
1466 1577 1641 1631 secius
1661 1579 1824 1644 atque
1851 1574 2064 1644 angelis
2093 1573 2229 1645 ipsis
2259 1571 2570 1628 calestibus
2601 1586 2714 1626 esse
2743 1569 3166 1641 hominibusque
3193 1584 3487 1641 apparere.

414 1705 713 1760 ΤΙΜΟΤΗ.
732 1703 896 1759 Certe
919 1702 1234 1758 dolendum
1264 1704 1373 1765 est,
1402 1700 1481 1753 mi
1504 1700 1678 1766 Trax,
1701 1698 1854 1769 quod
1880 1698 1991 1751 hu-

350 1792 608 1864 iusmodi
642 1790 942 1862 piaculum
990 1791 1049 1845 in
1100 1790 1256 1845 hunc
1304 1793 1571 1843 nostrum
1619 1788 1817 1843 orbem
1848 1786 1985 1842 irre-

344 1881 545 1953 pserit.
600 1883 671 1933 At
712 1896 846 1935 vero
898 1880 1024 1934 suis
1070 1895 1170 1934 eos
1222 1878 1545 1932 haeresibus
1597 1876 1983 1953 intabescere,

345 1949 649 2038 malosque
687 1967 838 2022 male
868 1967 1032 2037 perdi
1065 1965 1263 2021 sinito.
1297 1966 1385 2020 Me
1415 1968 1611 2019 autem
1666 1949 1982 2034 scrupulus

345 2057 538 2112 nescio
571 2056 704 2126 quis
735 2056 807 2109 de
830 2054 1196 2109 daemonibus
1215 2051 1432 2107 multos
1463 2055 1597 2106 ante
1621 2068 1808 2106 annos
1841 2051 1982 2105 sub-

2168 1696 2407 1751 ΤΙΜΟΘ.
2441 1693 2621 1749 Δεινόν
2672 1713 2753 1767 γε,
2802 1693 2846 1746 ὧ
2894 1692 3052 1767 Θρᾷξ,
3087 1690 3135 1745 εἶ’
3158 1696 3406 1746 τοιοῦτον
3440 1692 3615 1764 μύσος
3670 1691 3751 1753 εἷς

2095 1787 2193 1855 τήν
2226 1786 2344 1848 καθ’
2376 1787 2523 1856 ἡμᾶς
2558 1782 2880 1855 εἶκουμὲνην
2919 1780 3495 1857 ἐπεχωρίασεν.’Λλλὰ
3523 1784 3751 1844 τούτους

2101 1874 2195 1947 μὲν
2228 1871 2292 1929 ἕα
2322 1873 2617 1951 φθινύθειν,
2651 1872 2743 1926 καῖ
2775 1871 2975 1934 κακοὺς
3003 1875 3180 1933 κακῶς
3216 1871 3399 1933 αὐτοῖς
3452 1868 3750 1941 ἐπιτηδεύ-

2099 1984 2255 2037 μασιν
2291 1960 2706 2032 ἐξαπόλλυσθαι’
2742 1959 2837 2033 ἐμὲ
2871 1958 2928 2015 δὲ
2968 1958 3240 2034 δαιμόνων
3294 1961 3417 2033 περὶ
3468 1958 3749 2029 πολυετὴς

2096 2052 2299 2127 ἀπορία
2330 2048 2694 2126 διαταράττει,
2719 2050 2785 2103 τά
2813 2070 2872 2103 τε
2920 2047 3067 2104 ἄλλα
3115 2049 3203 2104 καὶ
3237 2049 3283 2104 εἰ
3326 2054 3442 2112 τοῖς
3491 2046 3745 2103 κακοδαί-

350 2150 515 2201 ortus
544 2144 793 2199 dubium
834 2141 1170 2208 discruciat,
1202 2157 1335 2196 cum
1368 2138 1501 2195 aliis
1532 2140 1602 2196 de
1631 2140 1829 2206 rebus,
1860 2143 1986 2194 tum

2109 2162 2224 2214 uoci
2256 2140 2477 2202 τούτοις
2509 2140 2761 2216 ἐμφανῶς
2793 2140 3050 2215 ὁρῶνται.

343 2248 498 2299 vero,
522 2250 595 2288 an
620 2231 1125 2288 cacodaamonibus
1145 2229 1281 2301 illis,
1302 2228 1527 2284 malove
1548 2229 1718 2300 genio
1750 2228 1989 2299 percitis

341 2320 603 2377 Euchitis
622 2320 903 2376 videndos
926 2335 988 2376 se
1010 2320 1304 2374 daemones
1335 2318 1644 2391 exgibeant
1661 2317 1689 2371 ‘I

415 2410 687 2466 THRAX.
746 2409 946 2481 Atqui,
980 2426 1011 2465 ο
1040 2409 1188 2464 bone
1218 2407 1327 2473 vir,
1351 2423 1416 2462 eo
1451 2405 1686 2462 illorum
1717 2406 1986 2462 omnium

343 2499 630 2566 studium,
708 2497 1186 2564 conciliabulum,
1244 2496 1619 2563 sacrificium,
1678 2494 1990 2567 cultusque

344 2589 578 2644 divinus
601 2588 808 2656 tendit,
828 2586 1094 2657 nihilque
1115 2602 1231 2640 non
1251 2583 1547 2656 spurcitiae
1590 2585 1662 2639 ab
1692 2583 1838 2655 ipsis
1860 2600 1988 2655 per-

342 2681 629 2749 petratur,
646 2692 755 2746 quo
777 2674 1115 2746 hujusmodi
1133 2673 1454 2746 praesentiae
1473 2674 1802 2728 daemonum
1825 2688 1989 2727 com-

346 2769 512 2837 potes
543 2765 814 2819 evadant.

416 2852 718 2908 TIMOTH.
747 2851 854 2915 Qui
875 2868 1029 2919 vero,
1055 2867 1193 2908 cum
1225 2849 1550 2922 incorporei
1576 2849 1716 2915 sint,
1742 2849 1987 2906 exterio-

345 2942 511 2997 ribus
543 2941 729 2997 oculis
760 2940 1086 3012 apparent?

420 3030 686 3086 THBAX.
720 3033 815 3096 At,
848 3030 994 3085 heus
1044 3033 1129 3099 tu,
1190 3029 1485 3085 damones
1517 3028 1841 3101 incorporei
1872 3045 1989 3083 non

358 3122 518 3186 sunt;
575 3120 690 3175 imo
749 3118 1034 3189 corporei,
1065 3122 1120 3174 et
1146 3118 1299 3173 circa
1349 3135 1591 3190 corpora
1646 3122 1986 3186 versantur;

347 3211 499 3282 quod
532 3208 769 3280 quidem
801 3207 888 3262 vel
918 3208 989 3263 ab
1024 3207 1169 3277 ipsis
1200 3208 1544 3263 venerandis
1580 3208 1869 3278 Patribus,
1903 3225 1989 3262 re-

343 3298 581 3372 ligionis
621 3304 831 3352 nostra
872 3295 1261 3366 antistitibus,
1288 3296 1543 3351 ediscere
1569 3314 1905 3368 possumus,
1940 3298 1989 3351 si

348 3388 523 3444 modo
558 3387 689 3457 quis
721 3401 788 3440 ea
818 3400 945 3455 qum
995 3384 1115 3439 illis
1164 3384 1460 3439 exciendis
1492 3385 1824 3441 necessaria
1852 3390 1992 3442 sunt

2170 2412 2371 2479 ΘΡᾼΞ.
2406 2405 2508 2463 Καὶ
2545 2408 2675 2479 μὴν,
2708 2406 2752 2460 ὧ
2783 2404 2980 2477 λῷστε,
3012 2404 3148 2480 πρὸς
3178 2409 3338 2460 τοῦτο
3362 2409 3522 2459 πᾶσιν
3554 2406 3746 2468 αὐτοῖς

2098 2499 2132 2567 ἡ
2167 2494 2375 2565 σπουδὴ
2409 2494 2663 2550 συντείνει
2694 2495 2783 2549 καὶ
2818 2492 3046 2567 ἔντευξις
3076 2495 3165 2549 καὶ
3198 2494 3351 2558 θυσία
3388 2494 3478 2548 καὶ
3523 2494 3745 2566 τελετὴ,

2099 2587 2185 2641 καὶ
2229 2591 2331 2639 πᾶν
2381 2583 2673 2659 ὶπιῤῥητον
2720 2583 2811 2637 καὶ
2861 2582 3196 2659 ἄπόρῥητον,
3242 2589 3341 2653 τῆς
3392 2581 3751 2661 αὐτοιρανείας

2097 2675 2299 2744 ταύτης
2321 2670 2498 2741 ἕνεκα,
2532 2673 2659 2748 παρ’
2690 2671 2876 2735 αὐτοῖς
2906 2671 3164 2728 τελεῖται.

2168 2853 2401 2912 ΤΙΜΟΘ.
2438 2855 2559 2914 Πῶς
2593 2851 2703 2918 οὗν,
2739 2851 2814 2923 μή
2849 2853 3007 2923 σῶμα
3033 2846 3201 2920 ὄντες,
3232 2854 3349 2913 τοῖς
3378 2848 3528 2911 ἐκτὸς
3559 2845 3746 2923 ὄμμα-

2102 2964 2181 2997 σιν
2224 2943 2458 3017 ὁρῶνται
2485 2959 2499 3009 ;

2172 3036 2375 3104 ΘΡᾼΞ.
2421 3029 2580 3087 Ἀλλ’
2637 3030 2739 3085 οὐκ
2791 3029 3076 3102 ἀσώματον
3134 3030 3269 3103 (44),
3327 3026 3626 3106 ὦγενναῖε,
3682 3030 3745 3084 τὸ

2102 3120 2377 3195 δαιμόνιόν
2406 3120 2514 3175 ἐστι
2548 3119 2740 3196 φῦΛον·
2774 3119 2907 3192 μετὰ
2964 3120 3217 3191 σώματος
3277 3116 3333 3173 δέ
3359 3140 3419 3195 γε
3461 3118 3552 3173 καὶ
3601 3120 3740 3197 ἀμφὶ

2101 3213 2327 3284 σώματα
2382 3207 2724 3283 διατέτριφε.
2782 3210 2877 3263 Καὶ
2931 3212 3092 3263 τοῦτο
3152 3204 3263 3263 ἔστι
3322 3208 3414 3281 μὶν
3472 3208 3565 3261 καὶ
3620 3207 3752 3282 παρ’

2099 3302 2279 3356 αὐτῶν
2333 3304 2518 3372 μαθεῖν
2568 3303 2674 3353 τῶν
2728 3294 3026 3369 ἡμεδαπῶν
3058 3298 3146 3351 κτὶ
3207 3301 3413 3351 σεπτῶν
3466 3296 3752 3371 πατέρων,

2130 3386 2155 3411 ν
2359 3383 3735 3440 δι’λλυκ

2102 3410 2145 3443 ει
2203 3410 2286 3450 τις
2316 3409 2383 3443 τα
2412 3408 2583 3442 αυτων
2618 3408 2717 3441 ουκ
2746 3406 2925 3461 αργως
2997 3406 3109 3440 ποι
3174 3407 3285 3440 εστι
3399 3406 3487 3439 και
3516 3405 3589 3440 πο
3676 3406 3753 3439 (Ol

346 3475 550 3533 sedulo
600 3478 973 3546 exsequatur.
1028 3473 1249 3529 Audire
1296 3489 1433 3528 vero
1486 3473 1709 3529 multos
1762 3491 1990 3546 quoque

2109 3478 2369 3547 ἀκοῦσαι,
2427 3477 2522 3538 τὰς
2605 3475 2740 3548 μετά
2813 3474 3078 3547 σωμάτων
3151 3474 3334 3536 αὐτοῖς
3390 3474 3750 3549 αὖτοφανείας

349 3565 506 3634 licet,
541 3563 639 3634 qui
680 3578 778 3617 eos
819 3560 932 3616 sibi
975 3578 1106 3616 cum
1132 3562 1476 3632 corporibus
1525 3562 1871 3633 apparuisse
1900 3563 1992 3617 di-

352 3656 506 3709 cant.
538 3653 606 3707 Et
638 3666 891 3721 magnus
937 3649 1189 3704 Basilius
1237 3666 1537 3720 exponens
1589 3650 1754 3705 Isaiae
1797 3652 1991 3719 verba,

357 3742 574 3798 Ululate
603 3738 918 3809 sculptilia°
968 3738 1053 3791 ait
1091 3737 1230 3807 quia
1264 3759 1283 3786 ι
1321 3737 1496 3791 idolis
1545 3737 1793 3793 latenter
1845 3740 1992 3794 assi-

352 3830 493 3885 dent
524 3831 783 3882 astantes
824 3826 1065 3896 quidam
1113 3826 1405 3880 daemones
1438 3842 1505 3878 ex
1532 3826 1781 3897 impuris
1815 3828 1995 3883 sacris

351 3917 707 3987 voluptatem
768 3914 1083 3985 capientes.
1145 3914 1646 3978 Quemadmodum
1719 3917 1874 3972 enim
1934 3917 1991 3972 in

352 4006 496 4063 locis
530 4002 907 4058 macellorum
943 4001 1039 4056 ubi
1072 4018 1243 4056 cruor
1282 4006 1339 4056 et
1370 4002 1611 4075 sanguis
1636 4006 1759 4075 jam
1792 4022 1993 4060 corru-

353 4101 489 4166 ptus
513 4082 827 4159 invenitur,
847 4107 1021 4145 canes
1039 4090 1305 4161 cupediis
1332 4091 1513 4146 dediti
1537 4098 1994 4165 commorantur;

353 4183 436 4237 ita
468 4186 525 4237 et
555 4181 846 4236 dzemones
869 4179 1021 4253 gulae
1043 4178 1384 4248 servientes,
1422 4181 1907 4255 voluptatemque
1928 4200 1995 4238 ex

354 4270 647 4342 sanguine
689 4286 753 4325 ac
786 4269 987 4325 nidore
1033 4268 1451 4324 sacrificiorum
1496 4274 1817 4341 captantes,
1842 4271 1997 4327 circa

352 4376 485 4415 aras
506 4358 847 4430 statuasque
888 4358 1001 4414 sibi
1037 4363 1408 4413 consecratas
1446 4358 1797 4415 volutantur.
1828 4361 1994 4415 Forte

352 4450 531 4504 etiam
601 4449 945 4503 nutriuntur
1028 4462 1231 4502 eorum
1312 4463 1552 4518 corpora
1634 4464 1765 4519 quae
1837 4450 1995 4504 aeria

354 4541 494 4593 sunt
528 4541 627 4592 aut
657 4536 839 4607 ignita
887 4539 987 4591 aut
1036 4552 1103 4590 ex
1134 4540 1384 4606 utroque
1438 4535 1723 4593 elemento
1755 4554 1992 4609 compo-

352 4626 486 4682 sita.
518 4646 545 4674 ››
581 4629 646 4678 Et
672 4641 878 4680 rursus
912 4623 1148 4679 divinus
1183 4624 1278 4679 ille
1331 4624 1605 4694 Basilius,
1640 4642 1835 4680 rerum
1868 4644 1995 4697 quas

354 4714 463 4770 sub
496 4715 794 4783 aspectum
826 4729 942 4767 non
970 4713 1208 4777 cadunt,
1231 4716 1287 4766 et
1318 4712 1487 4767 nobis
1507 4712 1815 4785 incognita:
1834 4719 1991 4779 sunt,

352 4802 671 4871 inspector,
707 4816 823 4854 non
864 4799 1230 4855 daemonibus
1274 4799 1437 4864 solis,
1478 4803 1538 4854 at
1569 4801 1992 4858 intemeretatis

354 4888 528 4945 etiam
545 4886 733 4960 angeli
742 4887 989 4955 s,inesse
1002 4903 1244 4959 corpora
1266 4888 1764 4961 contendit,quasi
1787 4894 1992 4949 tenues

426 5032 446 5066 ⁸
478 5030 573 5087 Isa
600 5048 654 5101 ι,
692 5030 776 5087 11.

2104 3564 2498 3641 διηγουμένων.
2560 3564 2657 3618 Καὶ
2716 3565 2744 3618 ὁ
2806 3565 2967 3637 μέγας
3026 3563 3328 3634 Βασίλειος,
3385 3562 3751 3638 ἐξηγούμενος

2101 3657 2163 3711 τὸ
2195 3655 2244 3710 ἐν
2277 3653 2470 3724 Ἠσαίᾳ
2503 3653 2690 3729 ῥητὸν,
2720 3653 2783 3708 τὸ
2833 3656 3034 3731 φάσκον
3080 3676 3107 3703 ‹‹
3156 3649 3473 3722 ὀλολύξατε,
3504 3652 3573 3706 τά
3622 3649 3755 3726 γλυ-

2102 3747 2230 3816 πτὰ,
2264 3768 2291 3795 ››
2325 3742 2490 3798 ταῦτά
2520 3763 2679 3819 φησιν
2717 3744 2853 3814 (45),
2912 3740 2996 3795 ὅτι
3054 3765 3081 3792 ‹‹
3113 3745 3229 3802 τοῖς
3263 3738 3516 3803 εἰδώλοις
3546 3739 3608 3794 ἐκ
3650 3744 3749 3794 τοῦ

2103 3834 2337 3911 ἀφανοῦς
2402 3829 2653 3903 δαίμονὲς
2720 3850 2859 3891 τινες
2924 3830 3291 3901 προσπτάντες
3346 3827 3755 3903 παρακαθὲζονο

2099 3942 2222 3988 ται,
2267 3927 2367 3989 τῆς
2418 3919 2522 3974 ἀπὸ
2568 3920 2675 3973 τῶν
2725 3917 3046 3991 μιασμάτων
3093 3916 3300 3987 ἡδονῆς
3347 3914 3749 3977 ἀπολαύοντες·

2103 4010 2283 4084 ὥσπερ
2331 4010 2430 4083 γάρ
2461 4010 2527 4063 τά
2578 4006 2745 4082 λίχνοι
2801 4004 3014 4061 κυνίδια
3042 4006 3165 4080 περὶ
3195 4005 3323 4068 τοὺς
3379 4005 3578 4066 τόπους
3637 4010 3752 4059 τῶν

2105 4098 2394 4172 μακέλλων
2448 4100 2931 4172 παρακαθέζονται,
2968 4094 3017 4150 ὲν
3072 4097 3153 4157 οἷς
3207 4097 3343 4168 αἷμα
3396 4093 3486 4147 καὶ
3546 4092 3758 4170 ἰχῶρες

2103 4187 2258 4256 εἷ’σιν,
2318 4186 2459 4240 οὕτω
2507 4184 2595 4240 καὶ
2637 4186 2705 4240 τά
2756 4182 2918 4259 λίχνα
2970 4181 3242 4255 δαιμόνια,
3301 4182 3595 4257 θηρώμενα
3647 4184 3755 4251 τὴν

2105 4276 2209 4330 ἀπὸ
2240 4279 2346 4330 τῶν
2404 4272 2646 4347 αἱμάτων
2704 4273 2793 4328 καὶ
2849 4279 2951 4341 τῆς
2977 4269 3201 4341 κνίσσης
3248 4268 3357 4323 τῶν
3384 4271 3578 4323 θυσιῶν
3612 4268 3759 4322 ἄπο-

2105 4362 2315 4433 λαυσιν,
2348 4362 2470 4437 περῖ
2514 4361 2641 4424 τοὺς
2697 4359 2919 4437 βωμοὺς
2951 4357 3169 4430 εἶ’ληται
3226 4358 3315 4412 καὶ
3362 4356 3426 4411 τά
3457 4355 3758 4431 ἀγάλματα

2102 4452 2287 4513 αὐτοῖς
2319 4450 2659 4522 ἀνακείμενα·
2712 4449 2928 4512 τούτοις
2974 4449 3077 4523 γάρ
3129 4468 3234 4501 που
3282 4444 3372 4500 καὶ
3403 4444 3652 4523 τρέφεται
3687 4448 3758 4499 τὰ

2101 4541 2286 4616 ἀὲρινα
2317 4540 2490 4595 αὐτῶν
2520 4540 2767 4611 σώματα,
2803 4536 2907 4593 ε’ίτε
2936 4537 3025 4592 καὶ
3058 4534 3273 4611 πύρινα,
3308 4537 3342 4604 ἢ
3376 4534 3465 4589 καὶ
3497 4533 3546 4603 ἐξ
3579 4534 3762 4609 ἀμφοο

2100 4628 2268 4703 τέρων
2302 4634 2407 4683 τῶν
2442 4626 2728 4702 στοιχείων
2766 4627 2950 4699 μικτά.
3000 4624 3100 4679 Καὶ
3151 4623 3315 4678 πάλιν
3348 4624 3376 4676 ὁ
3410 4628 3550 4685 θεῖος
3590 4622 3757 4677 Βασί-

2103 4715 2305 4783 λειος,ὁ
2335 4720 2443 4770 τῶν
2469 4716 2703 4770 ἀθεάτων
2729 4714 2968 4784 ἐπόπτης
2999 4717 3106 4766 τῶν
3132 4714 3268 4784 ἡμῖν
3298 4708 3613 4781 ἀδήλων,οὖ
3640 4706 3759 4763 δαί-

2105 4825 2230 4877 μοσι
2260 4805 2469 4877 μόνοις,
2504 4803 2649 4859 ἀλλὰ
2678 4804 2907 4864 καὶτοῖς
2939 4802 3237 4877 ἀχράντοις
3267 4797 3525 4874 ἀγγέλοις
3559 4797 3757 4851 ἐνεῖναι

2103 4894 2331 4965 σώματα
2380 4891 2695 4948 διατείνεται
2752 4894 2904 4965 (46),
2958 4889 3047 4945 οἶά
3088 4910 3209 4945 τινα
3253 4887 3533 4961 πνεύματα
3582 4885 3762 4941 λεπτά

1747 5131 2099 5190 GAULMINI
2138 5134 2369 5191 NOTAE.

426 5246 538 5335 (44)
571 5246 813 5335 Βὶοῠγ8.,
841 5246 911 5335 ηε
956 5244 1348 5335 c’mlesliﬂigr.
1394 5245 1580 5335 (315.
1634 5246 1695 5299 Οἱ
1746 5248 1994 5325 θεὸσοφοι

356 5315 448 5374 τὰς
477 5310 741 5387 ούρανίαξ
760 5312 944 5373 οὐσίας
974 5312 1031 5387 ἐκ
1059 5313 1227 5386 πυρὸς
1267 5310 1707 5387 διαπλάττουσιν.

426 5386 765 5461 (45Ηξιιεῇ1κ
796 5387 853 5439 in
907 5386 1140 5461 Isaiam,
1174 5390 1216 5439 t.
1256 5388 1298 5453 Ι,
1334 5386 1745 5461 οᾴ.-ϐαιυηθι·ἱὶ,
1780 5407 1837 5461 ρ.
1870 5392 1988 5447 558.

430 5455 544 5531 (46)
573 5456 781 5531 Basilii
806 5457 1206 5531 testimonium
1240 5458 1393 5531 quod
1428 5455 1628 5512 laudat
1658 5455 1746 5531 est
1777 5455 1903 5531 cap.
1934 5465 1997 5517 16

357 5527 444 5602 ib.
477 5529 549 5602 ad
614 5529 718 5583 Am
729 5527 981 5602 philoch‘.
1020 5529 1111 5602 De_
1152 5527 1390 5602 Spg'rztu_
1413 5534 1600 5602 sancto
1679 5527 1871 5602 'Hpiv
1902 5534 1995 5587 ού-

356 5597 443 5654 σία
492 5597 664 5653 αὐτῶν
716 5595 856 5673 (mp!
902 5600 1009 5652 τῶν
1057 5595 1318 5671 οὐρανίων
1365 5595 1666 5672 δυνάμεων)
1711 5595 1788 5657 τὸ’
1814 5603 1992 5678 ἀέριον

2108 5255 2339 5335 πνεῦμα,
2375 5249 2419 5304 εἰ
2469 5249 2721 5335 τύχοι,
2768 5253 2872 5335 ’δεῦρ
2907 5244 3089 5335 ’ᾅϋλον
3139 5246 3276 5335 κατά
3330 5244 3392 5299 τὸ
3447 5243 3763 5335 γεγραμμὲ;

2107 5343 2196 5376 νον
2234 5312 2343 5394 “('0'
2389 5312 2578 5394 nodi);
2610 5312 2737 5394 τοῖξξ
2789 5312 3069 5394 ἀγγέλους
3100 5317 3280 5394 ἀὐτοῦ
3337 5312 3630 5394 πνεύματα
3667 5312 3763 5394 καὶ

2105 5394 2232 5455 τοὺς
2253 5392 2616 5467 ,λειτουργοὺς
2644 5391 2807 5467 αὐτοῦ
2839 5385 2961 5465 ’τὶῦρ
2998 5388 3362 5467 ΔιρλὲγονεκΔιὸ
3410 5385 3501 5467 καὶ
3561 5386 3615 5467 tv
3664 5385 3762 5467 τό·

2106 5486 2192 5537 πῳ
2222 5454 2325 5518 εἰσὶ
2357 5454 2663 5537 καὶίὸρατοὶ
2696 5454 2969 5537 γίνονταί,
2995 5454 3045 5515 ἐν
3075 5454 3321 5537 τῷεῖδει
3375 5464 3484 5514 τῶν
3538 5454 3761 5512 οἰκείων

2104 5532 2277 5591 αότῶν
2307 5532 2573 5609 σωμάτων
2603 5532 2720 5599 τοῖς
2750 5534 2922 5605 ἀξίοις
2953 5532 3399 5611 ἐμφανιζόμενοι.
