4032 6202
361 362 478 421 839

361 602 570 641 raneos
601 599 812 655 specus
842 583 1117 635 subeunt.
1137 580 1215 633 Ea
1234 578 1389 633 enim
1414 575 1650 630 illorum
1672 579 1759 629 est
1781 572 1998 629 consti-

1695 349 2112 411 MICHAELIS
2159 348 2425 410 PSELLI

362 494 794 568 quodammodo
829 494 987 557 sunt,
1010 506 1196 561 eaque
1227 505 1360 544 cum
1395 486 1601 559 primis
1625 502 1752 556 quae
1776 486 2001 540 subter-

2125 502 2233 536 πειν
2281 481 2477 557 τέφραν
2512 498 2523 513 ο

2110 570 2382 632 Τούσκους
2410 572 2522 642 (49)
2558 567 2868 641 ἱστόρηται.

3649 345 3770 405 810

2579 480 2607 533 ὃ
2664 480 2751 533 καὶ
2809 473 3081 551 συμϐῆναι
3126 477 3250 550 περὶ
3300 476 3427 539 τοὺς
3477 476 3528 532 ἰν
3564 476 3769 549 Ἰταλίᾳ

360 675 532 740 tutio,
593 678 658 727 ut
714 670 1080 726 contactibus
1130 669 1494 737 exponantur
1543 663 1859 718 obnoxiave
1909 662 2050 732 sint,
2100 661 2725 733 percussaingemant,
2757 663 2813 714 et
2846 658 3099 714 ﬂammis
3133 658 3369 713 admota
3391 663 3663 724 urantur,
3702 664 3768 714 ut

361 780 584 829 eorum,
640 775 888 832 quorum
946 754 1229 811 nonnulla
1286 752 1377 807 sui
1435 751 1745 821 vestigium
1796 751 2048 806 cinerem
2095 750 2453 820 relinquant,
2504 748 2660 819 quod
2715 748 2774 802 in
2826 747 2966 802 talia
3013 748 3165 818 apud
3226 749 3448 802 Tuscos
3501 749 3765 803 accidere

364 856 729 996 anilla-10TH.
766 937 1038 1004 Senesco,
1063 934 1203 987 utin
1230 930 1530 1003 proverbio
1553 938 1660 995 est,
1691 930 1767 984 mi
1793 930 2008 995 Thrax,

366 1046 598 1100 semper
657 1043 803 1081 nova
853 1022 1143 1095 qurrpiam
1204 1021 1536 1085 addiscens,
1583 1025 1646 1074 ut
1687 1019 2006 1074 etiamnum

364 1120 663 1173 dazmonas
695 1114 984 1185 quosdam
1032 1127 1160 1166 esse
1192 1126 1501 1182 corporeos
1532 1114 1587 1163 et
1618 1108 1875 1180 passioni
1908 1108 2007 1163 ob-

365 1205 591 1261 noxios.

432 1293 692 1349 THBAX.
722 1291 862 1347 Novi
923 1289 1070 1345 nihil
1130 1293 1240 1355 est,
1305 1289 1383 1343 mi
1434 1286 1758 1354 Timothee,
1792 1286 1837 1342 si
1873 1302 2008 1341 cum

361 1384 548 1439 simus
579 1381 871 1445 homines,
908 1385 971 1433 ut
999 1380 1081 1433 ait
1111 1378 1228 1446 ille,
1264 1376 1448 1433 multa
1480 1378 1837 1446 ignoremus.
1861 1375 2006 1429 Nam

362 1470 617 1543 perbelle
651 1470 954 1524 nobiscum
990 1473 1219 1539 agatur,
1271 1467 1320 1520 si
1369 1483 1485 1519 una
1524 1481 1657 1518 cum
1712 1469 2007 1517 senectute

360 1578 515 1617 mens
539 1559 707 1614 nobis
739 1563 1033 1613 accrescat
1063 1560 1118 1610 et
1151 1557 1531 1624 adaugeatur.
1569 1553 1743 1606 Porro
1786 1552 1868 1606 sic
1902 1552 2005 1605 tibi

364 1649 719 1721 persuadeas
766 1646 963 1713 velim,
1025 1646 1144 1697 haec
1197 1643 1538 1713 neutiquam
1592 1659 1623 1694 a
1667 1657 1781 1705 me,
1826 1640 2003 1694 veluti

364 1735 782 1793 commentitiis
807 1735 1162 1805 quibusdam
1201 1730 1533 1802 rhapsodiis
1564 1730 1808 1784 conﬁcta
1856 1746 2002 1797 esse,

365 1830 429 1881 ut
457 1824 827 1881 Cretensibus
861 1826 963 1877 aut
998 1820 1370 1875 Phoenicibus
1405 1819 1582 1874 moris
1623 1823 1750 1873 est:
1785 1817 2007 1873 scilicet

368 1915 486 1969 haec
545 1930 637 1968 me
693 1912 778 1967 vel
839 1910 1159 1966 Servatoris
1195 1908 1383 1980 ipsius
1408 1909 1585 1963 verba
1606 1908 1649 1943 ¹⁰
1681 1908 2007 1962 docuerunt

3732 926 3761 943 ’-

2192 932 2417 982 ΤΙΜΟΘ.
2480 927 2767 1001 Γηράσκω,
2826 924 2962 979 κατὰ
3016 926 3115 993 τὴν
3173 924 3468 999 παροιμίαν
3527 926 3659 996 (50),
3720 926 3768 978 ὦ

2121 1017 2279 1089 Θρᾷξ,
2315 1016 2395 1071 ἀεὶ
2426 1018 2585 1069 καινὰ
2617 1012 3031 1088 διδασκόμενος,
3065 1016 3183 1068 οἷον
3224 1013 3314 1067 καὶ
3360 1018 3454 1067 νῦν
3504 1011 3766 1086 δαίμονάς

2118 1126 2265 1167 τινας
2295 1106 2424 1160 εἶναι
2459 1101 2788 1177 σωματώδες
2819 1105 2909 1157 καὶ
2943 1101 3223 1175 ἐμπαθεῖς.

2190 1286 2391 1354 ΘΡᾼΞ.
2427 1280 2621 1355 Οὐδὲν,
2673 1284 2719 1335 ὦ
2769 1283 2965 1356 ἑταῖρε,
3018 1280 3197 1335 καινὸν
3247 1280 3564 1353 ἀνθρώπους
3618 1283 3764 1353 ἡμᾶς

2118 1369 2298 1440 ὄντας,
2324 1370 2461 1425 κατᾶ
2480 1370 2569 1425 τὸν
2605 1370 2845 1439 εἰπόντα,
2878 1368 3064 1425 πολλὰ
3093 1369 3303 1445 ἀγνοεῖν
3353 1373 3464 1441 (51)
3497 1389 3509 1400 ·
3544 1369 3760 1444 ἀγαπη-

2116 1462 2207 1515 τὸν
2267 1461 2370 1535 γὰρ
2429 1460 2474 1514 εἶ
2530 1461 2621 1513 καὶ
2680 1460 3046 1534 γηράσκουσιν
3106 1461 3239 1529 ἡμῖν
3298 1456 3554 1533 ἐγγίνεται
3610 1463 3755 1521 νοῦς.

2120 1549 2271 1618 Πλὴν
2308 1546 2413 1602 ἴσοι
2452 1546 2580 1621 μηδ’
2625 1548 2783 1602 αὐτὸν
2838 1544 3280 1623 ἐρραᾠῳδηκέναι
3344 1569 3409 1619 με
3458 1551 3626 1602 ταῦτα
3676 1569 3761 1602 τε-

2117 1639 2475 1712 ρατευόμενον
2530 1637 2666 1692 κατὰ
2722 1636 2848 1699 τοὺς
2928 1640 3140 1710 Κρῆτας
3191 1637 3225 1705 ἢ
3290 1635 3547 1697 Φοίνικας
3602 1640 3714 1709 (52)
3747 1656 3761 1669 ⁶

2116 1726 2242 1782 ἀλλ’
2275 1727 2387 1799 εἷμὶ
2424 1729 2517 1799 μὶν
2552 1726 2639 1781 καὶ
2672 1726 2817 1800 παρὰ
2845 1731 2951 1780 τῶν
2977 1730 3074 1780 τοῦ
3131 1732 3391 1799 Σωτῆρος
3441 1724 3623 1799 λόγων
3669 1748 3763 1780 πε-

2114 1818 2404 1890 πεισμένος
2435 1820 2622 1884 ταῦτα,
2655 1816 2787 1891 πυρὶ
2818 1813 3249 1885 κολασθήσεσθαι
3298 1816 3608 1893 φασκόντων
3642 1817 3766 1879 τοὺς

2117 1904 2379 1978 δαίμονας
2416 1925 2427 1938 ·
2463 1906 2491 1960 ὃ
2542 1910 2658 1967 πῶς
2702 1905 2816 1959 οἷόν
2866 1926 2923 1959 τε
2972 1906 3161 1959 παθεῖν
3204 1905 3527 1978 ἀσωμάτους
3572 1903 3764 1975 ὄντας

362 2020 491 2074 qua:
535 2003 831 2057 daemonas
877 2000 1011 2071 igne
1033 1999 1364 2070 puniendos
1390 2000 1683 2063 asserunt,
1704 2012 1875 2066 quem
1897 2013 2006 2067 quo

2125 1996 2180 2049 τὸ
2237 1996 2334 2069 γὰρ
2394 1994 2680 2067 ἀσώματον
2740 1993 3029 2069 ἀμήχανον
3089 2000 3276 2057 παθεῖν
3332 1995 3433 2049 ὑπὸ
3488 1997 3765 2067 σώματος.

365 2093 539 2146 modo
579 2090 896 2161 patiantur,
949 2089 995 2143 si
1046 2103 1287 2158 corpore
1334 2090 1606 2141 careant?
1655 2084 1802 2140 Fieri
1852 2086 2009 2140 enim

365 2181 701 2235 nullatenus
725 2182 934 2250 potest,
964 2183 1026 2231 ut
1057 2176 1209 2247 quod
1243 2174 1503 2246 corporis
1547 2190 1751 2246 expers
1791 2179 1899 2241 est,
1942 2173 2001 2228 id

364 2288 396 2325 a
426 2285 663 2340 corpore
689 2266 1101 2321 intertrimenti
1127 2264 1449 2336 quidquam
1476 2263 2005 2334 paliatur.Necesse

363 2365 452 2415 est
484 2374 641 2428 ergo,
677 2362 740 2410 ut
768 2355 881 2425 ipsi
925 2354 1270 2425 corporibus
1321 2368 1521 2423 poenas
1568 2351 1755 2419 luant,
1789 2351 2004 2422 quippe

363 2447 462 2518 qui
492 2445 748 2517 passioni
809 2445 932 2497 sint
981 2442 1236 2497 obnoxii.
1292 2446 1532 2495 Possum
1567 2456 1698 2495 vero
1732 2440 1913 2494 multa
1946 2440 2004 2493 in

363 2536 622 2591 medium
659 2548 981 2604 proponere
1012 2533 1083 2585 ab
1124 2531 1197 2584 iis
1246 2530 1466 2593 audita,
1502 2529 1600 2599 qui
1654 2544 1714 2583 se
1752 2544 2004 2600 praesen-

2121 2084 2351 2158 Ἀνάγκη
2411 2088 2539 2157 γοῦν
2601 2084 2844 2154 σώμασιν
2899 2081 3095 2143 αὐτοὺς
3168 2084 3267 2151 τὴν
3344 2082 3566 2138 κόλασιν
3633 2086 3767 2139 ὑπο-

2114 2170 2366 2247 δέχεσθαι
2420 2172 2685 2249 πεφυκόσι
2759 2172 3013 2246 πάσχειν.
3074 2173 3218 2245 ’Έχα
3293 2169 3350 2225 δὲ
3410 2173 3495 2226 καὶ
3578 2171 3767 2228 πολλᾶ

2111 2261 2448 2324 κατακούσας
2477 2261 2622 2334 παρᾶ
2665 2265 2773 2315 τῶν
2829 2260 2904 2320 εἷς
2965 2258 3222 2333 αὐτοψίας
3280 2259 3484 2315 τούτων
3540 2262 3764 2323 ἑαυτοὺς

2113 2350 2382 2413 καθέντων
2419 2349 2587 2421 ’ἐμοὶ
2629 2349 2732 2423 γὰρ
2787 2346 3004 2403 οὐδέπω
3062 2346 3215 2402 οὐδὲν
3273 2354 3523 2404 τοιοῦτον
3577 2353 3766 2405 τεθέα-

2113 2460 2247 2494 ται·
2287 2440 2362 2512 μή
2418 2436 2473 2492 δὲ
2518 2434 2600 2507 εἷή
2656 2459 2749 2509 μοι
2803 2434 3075 2509 δαιμόνων
3116 2432 3267 2511 ὄψεις
3326 2436 3593 2513 εἰδεχθεῖς
3652 2442 3768 2494 Gaio

2120 2531 2261 2586 σθαι.

359 2628 519 2681 tibus
548 2640 749 2679 eorum
782 2623 1090 2677 obtutibus
1122 2622 1483 2691 objecerunt.
1514 2618 1670 2673 Nihil
1721 2621 1862 2673 dum
1912 2619 2072 2675 enim
2103 2622 2219 2675 tale
2249 2620 2572 2692 quidquam
2605 2636 2639 2674 a
2670 2635 2763 2674 me
2792 2619 2981 2674 visum
3014 2623 3103 2675 est
3132 2623 3307 2689 atque
3340 2620 3567 2675 utinam
3601 2638 3635 2675 a
3678 2638 3772 2676 me

361 2715 470 2771 hoc
503 2713 672 2781 absit,
696 2716 759 2767 ut
789 2711 1073 2766 terrificos
1106 2711 1440 2766 daemonum
1470 2708 1667 2764 vultus
1698 2708 2079 2780 conspiciam.

1862 2946 2101 3002 CAPUT
2142 2946 2236 3001 IX.

363 3039 654 3095 Daemom'a
687 3039 953 3109 lucifuga,
986 3052 1157 3110 aquea
1187 3040 1239 3092 ει
1266 3036 1641 3103 subterranea,
1678 3037 2223 3161 tanquam’materlig
2245 3034 2442 3106 a/fecta
2471 3036 2720 3104 passionz'
2745 3034 2985 3089 obnoxia
3010 3049 3145 3104 esse,
3174 3049 3494 3106 spermaquc
3521 3036 3771 3091 emittere

1909 3125 1941 3161 (ι
1960 3124 2075 3161 .aue
2103 3124 2136 3161 a
2165 3124 2204 3161 ι.

1909 3124 2075 3179 atque
2103 3124 2204 3162 αιι.

429 3219 707 3271 Caeterum
743 3232 871 3270 cum
907 3214 1192 3270 monacho
1244 3216 1535 3286 quoddam
1587 3214 1644 3269 in
1697 3213 2004 3286 peninsula

2188 3212 2494 3279 Μονάζοντι
2555 3208 2611 3264 δέ
2670 3229 2777 3264 τινι
2830 3210 2950 3285 περὶ
3025 3210 3353 3286 χερρόνησον
3403 3213 3502 3280 τήν
3562 3210 3767 3285 ὅμορον

357 3305 583 3360 Graeciaa
660 3304 1031 3360 contermina
1107 3305 1351 3376 degente
1428 3303 1758 3361 collocutus
1833 3320 2005 3373 sum;

358 3410 569 3450 nomen
622 3393 671 3449 ei
722 3394 910 3450 Marco
942 3398 999 3448 et
1030 3393 1099 3447 ad
1132 3393 1616 3465 Mesopotamiam
1649 3409 1837 3464 genus
1858 3392 2008 3447 refe-

358 3483 539 3538 rebat.
562 3482 669 3548 Qui
704 3499 838 3537 cum
876 3486 1095 3554 mystes
1128 3481 1526 3553 etinspector,
1560 3482 1607 3537 si
1656 3482 1789 3552 quis
1831 3480 2005 3547 alius,

356 3572 779 3627 diabolicorum
807 3570 1208 3642 phasmatum,
1244 3586 1345 3625 seu
1378 3575 1744 3641 spectrorum
1781 3569 2005 3639 fuisset,

358 3677 427 3717 ea
462 3660 700 3731 quidem
738 3664 1021 3728 tanquam
1072 3674 1221 3712 vana
1269 3662 1325 3712 et
1373 3657 1521 3714 falsa
1569 3657 1734 3712 ﬂocci
1787 3658 1920 3712 fecit
1951 3662 2008 3714 et

359 3748 674 3819 abjuravit,
701 3746 1181 3817 palinodiamque
1204 3761 1420 3801 canens
1458 3746 1611 3801 veris
1636 3745 1769 3800 fidei
1791 3749 2004 3801 nostras

358 3835 588 3906 placitis
620 3835 994 3903 subscripsit,
1047 3850 1175 3904 quas
1224 3832 1460 3904 quidem
1511 3851 1544 3888 a
1595 3849 1686 3888 me
1718 3834 1918 3889 audita
1949 3837 2005 3889 et

357 3929 631 3995 percepta
663 3922 899 3977 edidicit
934 3921 1216 3977 studiose.
1254 3922 1459 3992 Itaque
1508 3922 1695 3978 multa
1736 3922 1831 3978 ille
1862 3923 2007 3978 dixit

360 4016 535 4082 atque
564 4010 879 4065 declaravit
910 4011 1167 4066 absurda
1210 4014 1266 4065 et
1316 4010 1631 4067 diabolica.
1666 4012 1733 4067 Et
1766 4028 1898 4067 cum
1931 4012 2000 4067 ab

361 4116 426 4155 eo
454 4099 767 4171 aliquando
800 4097 1157 4166 sciscitarer,
1191 4100 1479 4158 Numnam
1507 4100 1626 4156 sint
1653 4100 1757 4156 ulli
1786 4102 1999 4157 daemo-

361 4204 463 4244 nes
494 4187 753 4259 passioni
776 4188 1039 4245 obnoxii?
1081 4188 1349 4258 Maxime,
1376 4188 1590 4261 inquit,
1616 4191 1998 4262 quemadmo-

431 4312 476 4350 ¹⁰
505 4312 711 4369 Matth.
743 4330 873 4383 xxv,
907 4314 994 4367 41.

2119 3297 2387 3363 Ἑλλάδος
2435 3300 2732 3374 ξυγγέγονα
2765 3317 2778 3330 ·
2830 3301 3052 3374 Μάρκος
3102 3295 3277 3373 ὄνομα
3329 3299 3506 3373 τούτῳ
3558 3300 3649 3372 ἦν,
3679 3302 3771 3355 καὶ

2116 3388 2178 3442 τὸ
2229 3389 2384 3463 γένος
2441 3386 2527 3441 ἐπὶ
2584 3387 2682 3455 τὴν
2739 3385 2906 3457 μέσην
2948 3391 3054 3441 τῶν
3089 3392 3350 3461 ποταμῶν
3383 3388 3633 3464 ἀνέφερεν
3666 3409 3680 3420 ’
3716 3391 3774 3450 ’ὀς

2116 3475 2379 3545 τελεστὴς
2430 3497 2518 3530 και
2562 3474 2826 3547 ἐπόπτης,
2860 3474 3009 3551 εἷ’περ
3054 3497 3136 3538 τις
3186 3474 3379 3549 ἄλλος,
3408 3482 3515 3532 τῶν
3574 3476 3775 3551 δαιμο-

2117 3563 2247 3620 νίων
2312 3566 2547 3639 γεγονὼς
2606 3565 2921 3636 φασμάτων,
2974 3562 3142 3620 ταῦτα
3201 3566 3296 3638 μὲν
3353 3567 3425 3621 ὡς
3470 3564 3621 3622 ’ἕωλα
3682 3568 3776 3621 καὶ

2115 3653 2515 3726 κατεψευσμένοι
2570 3649 2805 3727 περιεῖδὲ
2852 3673 2911 3707 τε
2967 3652 3056 3707 καὶ
3130 3652 3462 3728 ἐξωμόσατο,
3521 3653 3776 3727 παλινῳ-

2117 3739 2230 3797 δίαν
2283 3739 2339 3796 δέ
2384 3740 2537 3812 ᾄσας,
2590 3739 2819 3816 δόγμασι
2869 3742 3162 3817 προσέθετο
3229 3749 3345 3805 τοῖς
3404 3744 3630 3814 ἀληθέσι
3680 3745 3777 3800 καὶ

2116 3832 2433 3906 ἡμετέροις,
2466 3830 2498 3884 ἃ
2538 3829 2628 3885 καὶ
2669 3827 3122 3903 ἐσπουδασμένως
3168 3835 3294 3906 παρ’
3329 3832 3463 3905 ἐμοῦ
3519 3836 3779 3908 κατήχη-

2112 3941 2222 3977 ται.
2259 3918 2452 3976 Πολλὰ
2481 3924 2607 3994 γοῦν
2642 3919 2801 3982 οὗτος
2834 3920 2949 3974 εἶπέ
2976 3941 3033 3975 τε
3073 3920 3161 3975 καὶ
3211 3921 3545 4000 ἐπεσάφησεν
3595 3920 3781 3977 ἄτοπα

2111 4010 2200 4063 καὶ
2229 4006 2501 4083 δαιμόνια.
2536 4010 2637 4063 Καί
2666 4010 2797 4063 ποτέ
2849 4030 2952 4081 μου
2992 4012 3301 4084 πυθομένου
3360 4011 3412 4065 εἷ’
3455 4011 3602 4074 τινές
3657 4012 3769 4066 εἶσι

2113 4095 2366 4171 δαίμονες
2424 4096 2715 4170 ἐμπαθεῖς,
2777 4098 2876 4152 Καὶ
2938 4096 3106 4171 μάλα,
3152 4101 3186 4167 ἦ
3237 4096 3285 4153 δ’
3332 4099 3389 4161 ὅς
3426 4119 3439 4133 ο
3482 4098 3623 4155 ὥστε
3677 4102 3777 4156 καὶ

2112 4188 2462 4263 σπερμαίνειν
2493 4189 2605 4260 (55)
2650 4184 2862 4242 τούτων
2923 4184 3101 4249 ἐνίους
3150 4189 3238 4243 καὶ
3290 4186 3581 4258 σκώληκας
3637 4188 3781 4245 ἀπο-

1753 4402 2109 4459 GAULMINI
2147 4401 2379 4457 NOT/E.

578 4517 728 4601 libi?
773 4516 1053 4601 quando]
1121 4517 1557 4589 disputavimus
1623 4518 1819 4575 libello

365 4590 538 4656 edito)
574 4590 645 4643 De
672 4592 858 4658 magia
885 4590 1234 4645 druidarum.

437 4660 549 4731 (50)
578 4655 804 4716 Solonis
858 4677 871 4715 :
923 4660 1186 4734 Γηράσκω
1244 4655 1289 4712 δ’
1348 4658 1451 4713 αῗεὶ
1518 4657 1700 4714 πολλὰ
1761 4656 2009 4715 διδασκό-

412 4750 550 4789 ενος.

583 4802 799 4857 Arabes
831 4802 1050 4857 habent
1084 4819 1096 4857 :
1134 4802 1344 4857 Dicitur
1372 4801 1533 4858 homo
1580 4818 1695 4859 esse
1741 4803 1891 4873 ﬁlius
1919 4804 2010 4858 dc-

363 4876 536 4944 fectus
566 4890 586 4927 :
617 4877 775 4945 Cent.
808 4874 862 4940 2,
896 4874 1065 4944 adag.
1098 4875 1184 4927 14.
1219 4873 1351 4945 Quae
1385 4874 1690 4945 proverbia
1739 4875 2012 4930 eruditis-

367 4945 514 5015 simo
545 4949 601 5000 et
632 4943 969 5015 linguarum
1018 4943 1401 5000 orientalium
1446 4944 1866 5001 callentissimo
1910 4947 2009 5001 Er-

369 5014 530 5070 renio
561 5014 863 5071 debemus.

438 5087 551 5157 (52)
581 5086 884 5159 Κρητίζειν,
917 5083 1034 5138 ἀντὶ
1065 5088 1160 5138 τοῦ
1194 5082 1489 5157 ψεύδεσθαι
1524 5084 1613 5159 καὶ
1646 5086 2012 5159 ἀπατᾶν.Νοία

366 5160 546 5230 magis
578 5157 732 5214 nulli
758 5160 949 5213 domus
994 5166 1071 5230 est
1116 5174 1234 5212 sua.
1269 5158 1594 5230 Φοινικικὸν
1631 5160 1847 5230 pariter
1878 5157 2009 5230 avri

364 5224 631 5303 ψεύδους.-
682 5230 866 5303 Pilato,
931 5224 1113 5303 μηδὲν,
1169 5230 1369 5297 καινὸν,
1429 5229 1497 5303 ἦν
1576 5224 1805 5303 δ”-ἐγὼ,
1866 5226 2013 5282 ἀλλά

366 5299 683 5374 φοινικικόν,
717 5302 830 5374 lib.
854 5298 940 5365 in,
975 5301 1023 5370 (§
1053 5301 1253 5374 20)_De
1302 5302 1517 5373 republ.
1552 5298 1799 5374 Wehl-1.1
1838 5320 2009 5374 φοινι-

364 5371 514 5423 κικὸν
566 5373 835 5427 Straboni
890 5374 1107 5441 pariter
1154 5371 1256 5428 lib.
1315 5371 1396 5428 ui.
1428 5373 1640 5428 Junius
1700 5374 1754 5426 in
1792 5371 2010 5442 Adagio

368 5443 705 5497 P/iwnicium
736 5443 1099 5499 mendacium.
1132 5443 1320 5499 Etiam
1356 5444 1689 5499 Phoenicum
1726 5444 1871 5497 ﬁdes
1904 5445 2010 5498 tibi

364 5514 685 5587 notissima
720 5514 837 5587 erit
870 5531 959 5587 ex,
988 5516 1199 5587 Anton.
1260 5516 1422 5587 Diog.
1485 5513 1615 5585 ὑπὲρ
1667 5512 1905 5584 Θούλην,
1951 5516 2008 5570 in

364 5582 529 5639 Phot.
563 5585 707 5641 Bibl.
740 5586 867 5641 cod.
904 5586 1050 5653 466).

435 5656 548 5727 (53)
570 5656 845 5729 Theologi
875 5655 1049 5728 longo
1081 5659 1138 5711 et
1158 5656 1371 5712 fidente
1401 5658 1607 5726 paratu
1639 5656 2007 5714 sudaruntin

1870 4522 2009 4590 (non
2043 4528 2089 4592 D
2123 4518 2233 4592 hoc
2263 4516 2520 4592 pulvere.

2193 4587 2516 4661 (54)_Nemo
2560 4587 2747 4661 nescit
2795 4588 3096 4661 adagium,
3144 4590 3313 4660 cujus
3351 4606 3385 4645 a
3432 4590 3783 4650 Stesichoro

2121 4665 2178 4714 et
2227 4659 2443 4731 Helena
2490 4659 2674 4729 origo.
2708 4659 2947 4731 Isocrati
2988 4660 3047 4714 in
3096 4659 3316 4716 Eucbm.
3347 4662 3569 4720 Helenae
3596 4666 3625 4731 §
3653 4665 3730 4717 2%
3766 4683 3780 4721 :

2122 4728 2461 4821 :‘E'mSatEarg
2519 4728 2629 4821 xa‘i‘
2660 4729 2990 4821 Στησιχόρῳ
3014 4734 3114 4821 ’τῷ
3156 4735 3361 4819 ποιητῇ
3409 4733 3512 4821 τῇ]
3573 4728 3781 4821 ξξρτῆς

2121 4799 2356 4876 δύναμιν
2384 4819 2398 4837 ·
2430 4799 2518 4854 ὅτε
2572 4803 2680 4876 μὲν-
2726 4799 3198 4876 γὰρ”ἇρίχόμενος
3238 4799 3347 4872 τῆς
3390 4799 3539 4875 ᾠδῆς
3569 4799 3780 4876 ἐϐλασ-

2163 4871 2346 4946 ήμησέ
2426 4893 2477 4952 τι
2562 4871 2688 4952 περί
2740 4871 2998 4952 ἀρτῆςξ
3020 4871 3209 4952 ἀνέστη
3286 4871 3416 4952 τῷν
3470 4871 3781 4952 ᾆφβαλμῶν

2121 4897 2346 4999 Ξημησε
2426 4897 2477 4926 τι
2562 4897 2686 4948 περι
2770 4897 2959 4943 αυτ-ης,
3020 4897 3209 4943 ανεστη
3286 4897 3393 4928 των
3470 4897 3780 4952 οφῠαλμων

2158 4942 2612 5019 πεπερημένος·
2671 4941 2860 5019 ἐπειδὴ
2935 4943 3011 5019 Si,
3068 4944 3229 5019 γνους
3285 4948 3385 5019 τήν
3438 4948 3615 5002 αἰτίαν
3673 4956 3780 5019 τῆς

2120 5012 2427 5094 συμφορᾶς,
2458 5012 2795 5094 παλινῳδίαν
2839 5012 3092 5088 ἐποίησε,
3113 5015 3277 5071 πάλιν
3330 5012 3487 5073 αὐτὸν
3541 5019 3621 5081 εἷς
3677 5012 3785 5089 τῆν

2120 5088 2283 5156 αὐτῆν
2314 5088 2470 5183 ερύσιν
2502 5088 2819 5155 κατέστησε.

2193 5163 2299 5183 ιξεκ
2355 5156 2469 5183 τίκ),
2539 5155 2589 5183 hx
2640 5159 2819 5183 -_-_.__1_

2191 5155 2302 5231 (55)
2327 5155 2475 5232 ’Ἰδοὺ
2639 5159 2821 5219 καινὸς
2852 5159 3039 5214 οὐτοσὶ
3069 5156 3433 5232 παλαίφατος,
3467 5162 3568 5218 sed
3600 5161 3785 5217 ἀλαο-

2122 5226 2351 5301 meum
2388 5226 2523 5304 ἔχει.
2558 5230 3072 5307 Theologorumet
3103 5226 3462 5307 medicorum
3488 5232 3593 5288 ﬁlii
3630 5252 3786 5307 pene

2121 5321 2324 5360 omnes
2358 5302 2661 5379 moverunt
2679 5302 2849 5379 _hunc
2896 5303 3149 5379 lapidem
3178 5304 3251 5379 de
3282 5304 3528 5359 Merlino
3557 5302 3786 5379 Anglo,

2121 5392 2295 5447 quem
2329 5376 2402 5429 ab
2424 5374 2639 5447 incubo
2663 5375 2924 5430 daemone
2947 5373 3299 5447 seminalum
3322 5392 3450 5431 esse
3472 5373 3787 5447 narratur,

2114 5445 2339 5503 familia
2369 5445 2560 5515 cygni,
2581 5447 2855 5518 crocottis
2876 5447 3092 5501 indicis
3115 5450 3180 5501 ut
3209 5446 3382 5518 plura
3410 5448 3602 5504 dicere
3654 5445 3781 5505 nué

2118 5520 2241 5590 gari
2275 5518 2372 5591 sit.
2410 5517 2809 5591 H_uc_per_tinet
2843 5518 3167 5591 solidorum
3200 5517 3259 5591 in
3292 5519 3788 5591 corpuswinfusio

2118 5585 2239 5645 tam
2298 5585 2610 5661 mirabilis,
2641 5588 2739 5661 de,
2770 5604 2889 5660 qua
2945 5589 3049 5661 vir,
3079 5590 3320 5661 doctiss.
3354 5585 3412 5645 et
3459 5590 3786 5661 piissimus

2118 5661 2347 5717 Delrius
2402 5660 2569 5715 docte
2616 5659 2839 5730 pariter
2892 5665 2948 5716 et
2997 5659 3088 5731 pie
3126 5660 3184 5714 in
3236 5659 3525 5733 Disquisi't.
3568 5667 3785 5736 magic.
