4032 6202
278 259 395 320 863

1614 258 2041 322 MICHAELIS
2084 257 2357 320 PSELLI

3563 258 3691 316 864

264 390 653 461 judicandum
702 396 811 445 est.
847 392 1207 448 Intrinsecus
1256 393 1411 448 enim
1445 412 1553 449 sua
1594 393 1652 446 in
1683 407 1926 463 corpora

2052 387 2131 442 ιᾶν
2188 388 2333 459 αὐτῷ
2370 408 2501 442 ποτε
2557 384 2725 461 δόξῃ,
2784 387 2871 441 καὶ
2933 387 3069 461 πρὸς
3138 385 3304 440 ἀσκοῦ
3366 386 3693 459 μεταπίπτει

276 480 471 534 varias
511 479 770 535 colorum
817 481 1041 552 species
1086 484 1405 550 emittunt;
1458 500 1525 538 ex
1578 499 1693 554 quo
1747 482 1827 551 ﬁt,
1865 485 1929 536 ut

280 586 484 624 eorum
516 570 784 642 quisque,
816 572 1233 629 transformato
1269 573 1327 627 in
1379 588 1795 645 quamcunque
1826 587 1926 626 vo-

281 657 456 712 luerit
487 659 734 729 ﬁguram
769 676 1027 731 corpore,
1072 662 1397 731 colorisque
1430 662 1760 733 cujuspiam
1794 676 1925 730 spe-

280 748 365 802 cie
400 750 455 801 in
488 748 746 819 corporis
807 750 1177 821 superﬁciem
1210 751 1467 817 inducta,
1498 768 1653 806 nunc
1685 750 1922 820 quidem

279 835 388 889 viri
441 838 633 909 specie
681 842 981 909 appareat,
1033 856 1187 894 nunc
1236 840 1295 894 in
1362 838 1628 895 mulieris
1678 840 1925 894 formam

280 928 748 994 transmutetur;
785 927 923 997 quin
976 932 1042 984 ut
1071 928 1159 984 leo
1209 929 1525 997 animetur,
1559 933 1624 984 ut
1666 927 1925 999 pardalis

282 1013 527 1077 insiliat,
560 1020 626 1070 ut
674 1032 813 1087 aper
842 1016 1051 1085 irruat,
1083 1022 1139 1073 et
1169 1018 1217 1073 si
1267 1019 1503 1089 quando
1537 1017 1586 1073 ei
1619 1015 1925 1088 placuerit,

282 1102 342 1158 in
396 1104 546 1158 utris
594 1105 843 1175 ﬁguram
894 1111 1267 1162 convertatur
1307 1126 1320 1164 :
1372 1108 1517 1178 quin
1566 1110 1631 1161 ut
1677 1104 1926 1163 catellus

282 1190 669 1248 adblandiens
700 1211 814 1249 non
869 1213 998 1251 raro
1030 1198 1385 1268 apparuerit.
1418 1199 1683 1267 Cumque
1724 1196 1783 1250 in
1817 1195 1925 1249 has

283 1296 487 1336 omnes
514 1282 729 1338 formas
753 1284 1001 1340 subinde
1024 1290 1304 1353 transeat,
1337 1303 1539 1341 earum
1564 1289 1759 1339 tamen
1792 1283 1923 1338 nul-

2037 484 2253 552 σχῆμα·
2313 476 2403 531 καὶ
2464 477 2537 539 ὡς
2596 477 2854 551 κυνάριον
2888 473 2995 539 ἔσθ’
3054 474 3161 546 ὅπη
3202 476 3688 550 προσηνυζόμενον

2035 564 2204 637 ἔδοξε.
2254 567 2357 622 Καὶ
2388 567 2563 627 πάσας
2620 565 2815 628 ταύτας
2863 565 2957 627 τὰς
3015 565 3225 643 μορφὰς
3268 561 3533 638 ἀμείϐων,
3594 565 3695 620 ού-

2036 653 2231 727 δεμίαν
2281 655 2486 710 τούτων
2541 650 2781 728 ἔμμονον
2825 651 2961 730 ἔχει.
2998 656 3076 712 Οὐ
3107 654 3207 729 γάρ
3240 653 3345 709 ἐστι
3380 654 3600 731 στερρὸν
3628 655 3693 709 τὸ

2036 750 2196 817 σῶμα
2266 746 2418 800 τουτὶ
2466 746 2529 799 τὸ
2597 742 2906 818 δαιμόνιον,
2959 744 3096 799 ὥστε
3150 744 3352 819 στέγειν
3407 743 3459 799 ὲν
3510 744 3691 815 έαστῷ

2033 835 2102 889 τὰ
2131 834 2405 912 ληφθέντα
2453 832 2594 903 εἴδη·
2644 832 2791 902 ἀλλ’,
2842 834 2872 888 ’ὸ
2920 828 3234 907 συμϐαίνειν
3268 832 3419 911 φιλεῖ
3465 833 3546 889 ἐπ’
3598 833 3692 889 ἀέ-

2036 945 2129 999 ρος
2180 924 2307 1001 φέρε
2335 924 2425 979 καὶ
2458 921 2678 992 ὕδατος,
2709 922 2805 979 κᾶν
2838 928 3045 1000 χρῶμα
3094 922 3311 999 ἐγχέῃς,
3342 924 3437 978 κᾶν
3495 931 3693 1000 σχῆμα

2033 1011 2300 1088 ἐγγράψης
2328 1016 2461 1088 (11),
2498 1013 2691 1075 εὐθέως
2735 1011 3006 1089 διαχεῖται
3042 1013 3131 1068 καὶ
3173 1010 3474 1068 διαλύεται·
3522 1017 3687 1068 τοῦτο

2036 1099 2101 1171 δὴ
2134 1102 2196 1157 τὸ
2227 1102 2399 1165 πάθος
2420 1104 2507 1158 καὶ
2542 1102 2631 1157 ἐπὶ
2665 1099 2942 1176 δαιμόνων
2968 1101 3095 1177 ὁρᾷν
3144 1101 3277 1160 ἔστι.
3312 1104 3417 1158 Καὶ
3442 1102 3544 1177 γὰρ
3592 1103 3685 1156 καὶ

2034 1191 2121 1246 ἐπὶ
2169 1193 2376 1247 τούτων
2429 1190 2779 1248 διολισθαίνει
2827 1194 2919 1247 καὶ
2958 1196 3164 1269 χρῶμα
3208 1192 3297 1246 καὶ
3349 1198 3544 1267 σχῆμα
3591 1191 3685 1246 καί

2036 1278 2179 1343 εἶδος
2206 1283 2387 1336 ὁτιοῦν
2417 1287 2525 1337 τῶν
2559 1278 2753 1338 ὄντων.

283 1367 401 1423 lam
437 1378 777 1443 perpetuam
812 1373 1005 1429 habet.
1038 1380 1154 1430 Nec
1183 1375 1340 1430 enim
1369 1375 1556 1429 solida
1589 1376 1777 1445 ﬁgura
1803 1378 1930 1441 est;
1974 1373 2075 1428 sed
2109 1374 2261 1445 quod
2295 1374 2368 1428 ab
2401 1389 2548 1439 aere,
2583 1373 2742 1428 verbi
2774 1372 2984 1445 gratia,
3017 1377 3075 1428 et
3126 1374 3199 1428 ab
3250 1388 3404 1443 aqua
3450 1371 3689 1428 contin-

278 1474 416 1529 gere
446 1458 615 1529 solet,
652 1461 771 1515 sive
802 1461 1054 1517 colorem
1089 1463 1161 1517 iis
1216 1463 1516 1532 infundas,
1562 1462 1681 1517 sive
1731 1462 1976 1531 ﬁguram
2024 1462 2304 1529 delinees,
2357 1462 2558 1517 statim
2608 1462 2792 1518 efﬂuit
2838 1466 3015 1534 atque
3069 1461 3442 1529 diffunditur,
3483 1461 3685 1516 eodem

283 1564 527 1619 prorsus
559 1551 731 1605 modo
764 1551 1057 1608 daemones
1086 1552 1262 1608 etiam
1292 1570 1354 1608 se
1385 1552 1597 1608 habere
1629 1556 1860 1607 constat
1892 1570 1905 1608 :
1933 1552 2221 1624 siquidem
2253 1557 2309 1608 et
2339 1553 2399 1607 in
2434 1553 2507 1608 iis
2537 1551 2714 1619 color,
2748 1552 2935 1625 ﬁgura
2977 1556 3035 1608 et
3061 1552 3280 1624 quasvis
3326 1567 3530 1607 eorum
3563 1567 3689 1622 qua:

280 1642 420 1692 sunt
449 1638 636 1694 forma
665 1640 979 1696 evanescit.

1772 1839 2003 1896 CAPUT
2040 1842 2197 1896 XIX.

747 1938 927 2005 Quare
958 1938 1293 1995 damonium
1322 1956 1425 2011 quo
1456 1944 1725 1995 vexantur
1750 1954 2049 2010 puerperae
2073 1942 2256 2008 [arma
2284 1940 2635 2010 potissimum
2662 1938 2926 1995 mulzebri
2950 1939 3241 2010 appareat.

356 2052 488 2104 Hec
518 2054 675 2117 sunt,
712 2051 1035 2123 Timothee,
1088 2070 1215 2124 quas
1248 2055 1499 2122 Marcus,
1553 2054 1931 2126 probabiliter

2112 2055 2316 2117 Ταῦτα,
2363 2051 2613 2125 Τιμόθεε,
2664 2052 2902 2127 Μάρκος,
2963 2052 3036 2113 ὡς
3097 2050 3195 2124 ἐμὲ
3249 2049 3481 2121 εἰκάσαι,
3533 2060 3695 2112 πιθα-

289 2138 550 2208 quidem,
602 2146 665 2194 ut
712 2143 981 2212 conjicio,
1033 2144 1365 2199 edisseruit.
1414 2145 1546 2199 Jam
1609 2151 1665 2199 te
1716 2144 1938 2200 nullius

288 2232 421 2298 post
451 2228 568 2283 haec
621 2232 929 2285 conturbet
977 2234 1185 2299 oratio,
1219 2238 1501 2305 tanquam
1557 2233 1738 2288 maris
1789 2232 1935 2288 illud

287 2315 635 2388 feminaeque
667 2319 981 2375 discrimen
1014 2322 1381 2377 dmmonibus
1425 2322 1586 2377 insit.
1617 2322 1747 2377 Haec
1778 2322 1935 2377 enim

285 2404 344 2460 in
378 2405 497 2462 illis
549 2408 836 2466 duntaxat
868 2416 1173 2482 apparent,
1203 2428 1404 2466 eorum
1458 2416 1654 2466 autem
1708 2410 1936 2465 nullum

287 2494 346 2549 in
378 2494 586 2551 iisdem
622 2499 938 2569 perdurare
987 2500 1328 2555 habitumve
1377 2501 1740 2555 contraxisse
1780 2500 1936 2555 vide-

288 2588 403 2639 tur.
443 2586 685 2641 Proinde
718 2586 860 2641 illud
895 2605 1130 2659 quoque
1163 2590 1589 2654 daemonium,a
1620 2605 1733 2659 quo
1766 2605 1935 2660 puer-

292 2688 430 2741 pera
456 2674 605 2728 male
638 2680 837 2729 vexata
871 2676 1249 2747 est,qualibet
1279 2678 1336 2731 in
1373 2678 1559 2732 forma
1594 2678 1820 2731 feminae
1844 2694 1937 2749 ap-

290 2762 570 2831 paruerit,
616 2778 684 2816 nc
714 2768 909 2818 tamen
956 2764 1069 2820 tale
1100 2782 1249 2832 esse,
1281 2771 1457 2837 atque
1488 2767 1567 2821 ita
1597 2782 1658 2822 se
1685 2766 1933 2834 habere;

291 2851 391 2906 sed
459 2850 642 2906 solam
703 2853 1064 2909 mulierculae
1115 2856 1361 2927 ﬁguram
1428 2854 1616 2910 oculis
1664 2854 1936 2910 exhibere

289 2944 451 3010 puta.

359 3028 651 3085 TlMOTH.
688 3030 793 3097 Qui
844 3048 976 3087 vero
1009 3032 1092 3102 ﬁt,
1134 3050 1165 3089 ο
1196 3033 1407 3101 Thrax,
1438 3038 1504 3088 ut
1531 3034 1640 3089 hoc
1671 3032 1845 3089 aliam
1879 3035 1934 3087 et

292 3116 466 3173 aliam
499 3120 747 3189 ﬁguram
779 3121 1030 3178 subinde
1064 3140 1177 3178 non
1228 3128 1515 3193 assumat,
1549 3124 1929 3196 quemadmo-

288 3208 428 3261 dum
479 3208 576 3262 alii
632 3209 945 3274 dzemones.
997 3213 1097 3267 sed
1162 3228 1393 3284 semper
1442 3213 1593 3267 idem
1642 3212 1927 3267 videatur.

287 3295 588 3367 Siquidem
645 3316 735 3354 me
765 3317 798 3354 a
829 3300 1121 3373 plerisque
1172 3304 1375 3358 audire
1426 3300 1667 3358 memini
1700 3299 1928 3356 femini-

286 3386 469 3441 t‘orme
499 3387 853 3444 daemonium
887 3392 1189 3462 puerperis
1218 3392 1493 3447 omnibus
1524 3405 1826 3463 apparere.

359 3474 625 3532 THRAX.
658 3478 727 3532 Et
760 3478 958 3550 hujus,
991 3498 1023 3535 o
1055 3481 1380 3540 'l‘imothee.
1414 3498 1654 3537 causam
1689 3497 1800 3535 non
1837 3479 1928 3533 in-

286 3564 624 3621 credibilem
695 3568 923 3623 Marcus
992 3569 1283 3625 afferebat.
1315 3571 1526 3625 Aiebat
1591 3571 1746 3625 enim
1815 3587 1931 3626 non

288 3669 492 3709 omnes
542 3656 838 3711 daemonas
886 3658 1147 3728 ejusdem
1195 3660 1501 3730 potestatis
1532 3665 1589 3715 et
1618 3660 1932 3715 voluntatis

288 3758 416 3797 esse
450 3745 784 3816 participes,
817 3748 917 3800 sed
978 3764 1089 3801 non
1126 3764 1332 3818 parum
1382 3748 1740 3803 discriminis
1780 3748 1934 3804 inter

290 3848 389 3885 eos
421 3831 530 3886 hac
577 3833 751 3887 etiam
786 3834 845 3888 in
898 3852 956 3889 re
988 3852 1136 3890 esse.
1170 3837 1319 3891 Sunt
1367 3837 1523 3892 enim
1558 3837 1656 3908 qui
1711 3838 1933 3894 ratione

292 3927 546 3986 careant,
596 3930 646 3975 ul
702 3922 853 3976 inter
900 3924 1225 3979 animantia
1273 3926 1597 3997 composita
1645 3929 1933 3999 mortique

294 4009 565 4063 obnoxia.
602 4010 747 4074 Quia
796 4016 859 4065 ut
888 4011 945 4065 in
998 4011 1089 4067 his
1141 4012 1337 4081 homo,
1371 4031 1502 4070 cum
1554 4017 1631 4072 sit
1660 4016 1935 4072 facultate

294 4097 627 4155 intellectus
677 4105 733 4155 et
800 4102 1044 4157 rationis
1113 4104 1391 4174 participe
1457 4106 1757 4177 praeditus,
1806 4107 1935 4161 ideo

296 4188 717 4256 generaliorem
742 4190 1107 4263 imaginandi
1130 4194 1243 4248 vim
1268 4193 1461 4261 habet,
1495 4213 1620 4266 quae
1643 4196 1715 4251 ad
1739 4198 1939 4251 omnia

302 4277 418 4331 fere
450 4279 754 4335 sensibilis
799 4282 1149 4352 extenditur,
1198 4290 1317 4339 tam
1371 4302 1439 4340 ea
1488 4302 1615 4357 quas
1664 4287 1722 4341 in
1772 4286 1936 4353 cwlo,

302 4381 478 4436 quam
530 4384 658 4439 quea
708 4370 863 4426 circa
905 4377 1121 4429 terram
1155 4378 1213 4428 et
1260 4374 1318 4428 in
1365 4379 1521 4430 terra
1565 4379 1742 4441 sunt;
1772 4374 1939 4446 equis

301 4460 495 4509 autem
528 4461 584 4511 et
631 4457 841 4527 bobus,
891 4465 947 4515 et
994 4461 1217 4517 caeteris
1268 4461 1326 4517 id
1375 4479 1583 4535 genus,
1632 4464 1944 4535 specialior

301 4544 569 4614 quaedam
620 4546 775 4602 inest
822 4548 1187 4619 imaginandi
1228 4550 1315 4606 vis
1367 4567 1379 4606 :
1434 4552 1649 4624 quippe
1698 4568 1823 4624 quae
1869 4554 1940 4609 ad

299 4648 502 4688 eorum
563 4635 844 4690 nonnulla
910 4638 1274 4705 extendatur,
1325 4656 1453 4711 quis
1522 4640 1944 4713 imaginatione

296 4722 899 4794 comprehenduntur,
932 4730 989 4780 et
1036 4742 1389 4797 compascua
1428 4728 1537 4783 sibi
1594 4730 1941 4800 animantia,

2053 2146 2160 2203 νῶς
2191 2138 2382 2198 διεῖλε.
2417 2143 2513 2197 Καί
2550 2162 2605 2196 σε
2653 2143 2717 2196 τὸ
2776 2142 2880 2197 ἀπὸ
2924 2138 3081 2196 τοῦδε
3140 2136 3331 2213 μηδείς
3387 2140 3696 2213 ταραττέτω

2052 2227 2245 2304 λόγος,
2305 2232 2378 2292 ὡς
2427 2228 2679 2303 δαίμοσιν
2728 2230 2949 2297 ἐνούσης
2992 2232 3089 2299 τῆς
3118 2230 3255 2283 κατά
3308 2228 3369 2283 τὸ
3414 2227 3573 2303 ἆρῥεν
3604 2226 3696 2281 καὶ

2051 2318 2194 2390 θῆλυ
2255 2318 2559 2398 διαφορᾶς·
2619 2325 2785 2375 ταῦτα
2830 2320 2929 2395 γὰρ
2986 2318 3038 2374 ἐν
3100 2319 3315 2380 τούτοις
3378 2314 3544 2393 μέχρι
3600 2320 3700 2370 τοῦ

2051 2410 2352 2487 φαίνεσθαγ
2408 2410 2641 2483 μόνιμον
2695 2407 2752 2464 δὲ
2812 2408 2901 2464 xui
2948 2410 3065 2473 καθ’
3111 2405 3214 2479 ἔξιν
3274 2406 3480 2461 τούτων
3541 2403 3701 2460 οὐδὲν

2052 2500 2103 2553 ἐν
2136 2499 2320 2561 αὐτοῖς
2374 2496 2507 2556 ἐστι.
2568 2499 2661 2553 Διὸ
2706 2497 2795 2553 καί
2841 2500 2905 2553 τὸ
2950 2502 3018 2572 τῇ
3070 2495 3235 2573 λεχοῖ
3276 2494 3699 2572 παρενοχλῆσαν

2052 2586 2361 2661 δαιμόνιον,
2411 2590 2460 2644 εἷ’
2502 2590 2739 2665 γυναιξίν
2787 2587 3015 2665 ἐμφερὲς
3068 2588 3270 2661 ὡρᾶτο,
3324 2586 3399 2657 μή
3446 2587 3700 2639 τοιοῦτον

2051 2681 2188 2733 εἶναι
2240 2679 2328 2732 καὶ
2386 2680 2504 2742 καθ’
2552 2674 2657 2749 ἕξιν
2710 2676 2851 2747 οἷόυ,
2901 2678 3062 2751 μόνον
3106 2672 3163 2730 δὲ
3221 2681 3414 2749 σχῆμα
3471 2673 3703 2748 γυναίου

2049 2762 2482 2842 προϐάλλεσθαι.

2115 3038 2347 3093 ΤΙΜΟΘ.
2382 3040 2507 3098 Πῶς
2566 3032 2645 3106 δὲ,
2676 3036 2720 3089 ὦ
2763 3038 2922 3109 Θρᾷξ,
2975 3035 3075 3089 οὐκ
3133 3031 3336 3088 ἄλλοτε
3381 3031 3519 3105 πρὸς
3552 3029 3697 3086 ἄλλο

2042 3125 2133 3180 καὶ
2194 3124 2334 3181 ἄλλο
2384 3133 2578 3201 σχῆμα
2631 3129 2965 3198 μεταχωρεῖ,
3023 3124 3262 3195 καθάπερ
3295 3122 3346 3176 οἳ
3378 3118 3542 3175 ἄλλοι
3579 3118 3696 3175 δαί-

2047 3236 2234 3287 μονες,
2263 3214 2409 3270 ἀλλὰ
2436 3219 2687 3270 τοιοῦτον
2721 3213 2774 3277 ές
2803 3214 2883 3268 ἀεὶ
2918 3215 3145 3288 (Spirat;
3198 3210 3295 3266 Καὶ
3325 3212 3425 3287 γὰρ
3457 3208 3697 3265 πολλῶν

2040 3304 2375 3366 κατακούσας
2435 3300 2550 3379 ἔχω
2585 3350 2601 3377 ,
2652 3302 3009 3379 θηλύμορφον
3061 3302 3258 3363 πάσαις
3314 3305 3434 3361 ταῖς
3496 3296 3691 3374 λεχοῖς

2042 3393 2287 3467 ὁρᾶσθαι.

2112 3489 2315 3554 ΘΡᾼΞ,
2350 3480 2451 3539 Καὶ
2479 3481 2697 3551 τούτου,
2748 3482 2995 3555 Τιμόθεε,
3051 3481 3150 3548 τήν
3185 3477 3360 3534 αἰτίαν
3406 3478 3434 3531 6
3466 3478 3694 3551 Μάρκος

2041 3572 2143 3626 οὐκ
2199 3571 2455 3635 ἀπίθανον
2520 3567 2862 3626 ἀποδέδωκεν
2900 3614 2913 3627 .
2985 3572 3128 3647 Ἔφη
3188 3568 3290 3644 γὰρ
3345 3568 3424 3640 μὴ
3483 3568 3692 3626 πάντας

2042 3657 2298 3734 δαίμονας
2347 3658 2625 3733 δυνάμεως
2675 3660 2768 3715 καὶ
2824 3661 3140 3735 βουλήσεως
3194 3664 3293 3726 τῆς
3340 3656 3510 3720 αὐτῆς
3561 3675 3695 3728 μετ-

2042 3748 2212 3824 έχειν,
2261 3748 2388 3805 ἀλλ’
2419 3752 2554 3804 εἶναι
2587 3747 2803 3818 πολλὴν
2839 3748 3010 3803 αὐτῶν
3066 3747 3164 3801 κάν
3192 3746 3369 3817 τούτῳ
3401 3742 3698 3817 παραλλα-

2041 3841 2165 3912 γήν·
2218 3836 2420 3913 ἄλογον
2464 3840 2565 3915 γὰρ
2610 3837 2753 3914 ἔχειν
2807 3839 2881 3901 ὡς
2928 3835 3150 3891 ἐπὶτῶν
3203 3836 3413 3904 Θνητῶν
3443 3833 3533 3888 καὶ
3568 3853 3694 3885 συν-

2045 3928 2213 3991 θέτων
2283 3929 2455 3997 ζώων.
2512 3930 2598 3990 Ὡς
2662 3928 2763 4002 γὰρ
2822 3926 2873 3981 ἐν
2940 3925 3178 3992 τούτοις,
3230 3925 3518 3999 ἅνθρωπος
3572 3924 3692 3994 μὲν,

2048 4018 2293 4091 μετέχων
2344 4014 2619 4089 δυνάμεως
2679 4020 2863 4089 νοερᾶς
2910 4036 2968 4070 τε
3013 4013 3102 4069 καὶ
3150 4008 3445 4089 ἔμφρονος,
3501 4004 3579 4065 ἔτι
3637 4030 3698 4063 τε

2044 4105 2133 4159 καὶ
2181 4105 2279 4173 τὴν
2329 4107 2691 4182 φανταστικὴν
2725 4103 3054 4179 ὁλικωτέραν
3088 4100 3201 4177 ἔχει
3234 4104 3368 4174 (12),
3402 4100 3535 4175 πρὸς
3569 4098 3705 4152 πάνυ

2045 4215 2111 4248 τα
2137 4191 2331 4269 σχεδὸν
2370 4194 2765 4268 ἐξ”ὶπλιιιὶμένην
2807 4194 2874 4248 τὰ
2920 4192 3170 4261 αἰσθητὰ,
3228 4190 3293 4246 τά
3324 4210 3380 4244 τε
3428 4190 3544 4243 κατ’
3604 4188 3699 4243 οὐ-

2050 4283 2207 4358 ρανὸν
2258 4286 2347 4338 καὶ
2397 4284 2495 4338 ὅσα
2543 4284 2666 4358 περὶ
2710 4291 2813 4358 γῆν
2857 4303 2916 4337 τε
2961 4282 3050 4336 καὶ
3104 4280 3190 4335 ἰπὶ
3238 4286 3359 4355 γῆς·
3406 4278 3579 4334 *ίππος
3642 4275 3703 4332 δὲ

2047 4372 2137 4427 καὶ
2174 4373 2303 4447 βοῦς
2334 4374 2422 4427 καὶ
2454 4373 2522 4427 τὰ
2563 4372 2779 4436 τούτοις
2804 4370 3136 4446 ὁμόστοιχα,
3183 4369 3550 4445 μερικωτέραν
3607 4366 3704 4421 καὶ

2049 4462 2187 4538 πρὸς
2246 4456 2361 4516 ἔνια
2406 4467 2513 4518 τῶν
2561 4466 2874 4540 φανταστῶν
2919 4458 3281 4535 ἐνεργοῦσαν,
3335 4457 3404 4511 τα
3458 4456 3707 4529 σύννομα

2050 4551 2140 4606 καὶ
2184 4552 2284 4619 τὴν
2332 4550 2534 4629 φάτνην
2581 4550 2669 4606 καὶ
2725 4549 2855 4612 τοὺς
2904 4550 3268 4623 κτησαμένους
3312 4547 3703 4621 γινώσκουσαν·

2053 4636 2274 4713 ἐμπίδες
2324 4637 2380 4694 δὲ
2432 4639 2520 4695 καὶ
2581 4644 2734 4714 μυῖαι
2786 4638 2875 4694 καὶ
2921 4636 3203 4707 σκώληκες
3253 4635 3707 4707 ἀπεστενωμένην

2054 4727 2240 4805 ἔχουσι
2271 4730 2474 4801 ταύτην
2523 4732 2614 4785 καὶ
2662 4728 3055 4805 ἀδιάρθρωτον,
3114 4729 3253 4801 μήτε
3308 4726 3454 4795 ἆπὴν
3496 4723 3712 4791 εἰδότος

294 4826 553 4883 praesepe
604 4828 1091 4886 possessoresque
1148 4832 1288 4872 suos
1339 4823 1691 4888 cognoscat;
1725 4817 1931 4874 culices

2052 4819 2277 4873 ἑκάστου
2308 4818 2517 4874 τούτων
2569 4820 2637 4888 ἧς
2698 4817 3041 4889 ἐξελήλυθεν,
3107 4818 3247 4891 μήτε
3300 4815 3467 4870 τόπον
3496 4818 3551 4869 οἴ
3606 4837 3709 4870 πο-

1680 4935 2035 4993 GAULMINI
2085 4937 2312 4993 NOTAE.

296 5020 403 5097 τῷν
462 5016 687 5097 ἐκινεῖτο
744 5019 879 5097 κατᾲ
932 5020 995 5075 τὸ
1046 5017 1463 5097 ’ἰδιονμσχῆμω
1512 5022 1711 5097 ὂ-λέων
1743 5019 1941 5097 ἔϐρυχε

300 5089 471 5170 θέλων
532 5087 799 5170 ἐπελθεῖν,
847 5092 874 5144 6
914 5096 1119 5170 ταῦρος,
1162 5087 1690 5170 ἐδόκεἰ”’κερᾳτίζειν,
1745 5096 1772 5148 ὁ
1809 5087 1943 5170 ’ὄφις

297 5153 472 5241 ἕρπων
508 5162 605 5241 οὐκ
637 5153 844 5236 ἔφθανε,
876 5164 963 5216 καὶ
998 5153 1029 5217 6
1059 5163 1223 5241 λύκος
1252 5153 1450 5241 ὁρμῶν⁸
1482 5153 1753 5241 ἐπείχετο.
1818 5154 1939 5241 Mla:

296 5234 352 5304 gi
376 5236 590 5311 nuperi
624 5234 821 5311 tamen
851 5251 916 5289 ex
942 5235 1146 5311 formis
1177 5234 1412 5295 ordines
1442 5234 1805 5311 agnoscunt:
1837 5239 1937 5311 sed

297 5309 589 5383 veteribus
622 5310 907 5383 cuiusque
941 5310 1138 5362 formas
1173 5312 1323 5383 magi
1368 5309 1547 5380 fuere,
1606 5312 1706 5381 qui
1737 5310 1809 5364 ab
1836 5310 1941 5383 illa

300 5378 487 5465 forma
519 5379 575 5433 in
608 5380 831 5465 similes
853 5384 1208 5465 potestatem
1238 5378 1743 5465 accipiebant."l‘t§l
1765 5380 1938 5465 ,μάιίοι

300 5446 575 5525 λεόντων,
634 5449 795 5525 paulo:
849 5446 1020 5525 ὄφεων
1083 5446 1465 5525 Βελιηνίοιιίἷεε⁸
1507 5446 1817 5525 ἇᾳῐηωίοῌ.
1866 5446 1939 5507 ’ἰῐι

302 5521 507 5604 ξδοιὶο
535 5524 685 5604 (cod.
708 5522 841 5604 .94);
874 5521 1420 5604 serpentum-etiam
1453 5523 1625 5604 hodie
1655 5524 1713 5604 in
1742 5524 1937 5604 Aloys.

303 5589 673 5660 Cadamosto,
706 5589 912 5651 imo‘et
940 5589 1194 5667 piscium
1226 5594 1287 5649 in
1320 5593 1457 5650 Polo
1514 5589 1731 5651 Veneto
1790 5589 1939 5653 Lon-

2053 5041 2195 5098 gum
2227 5032 2383 5083 esset
2405 5028 2604 5083 omnia
2636 5024 2932 5099 prosequi.

2129 5100 2241 5169 (11)
2278 5100 2524 5155 Prorsus
2555 5089 2742 5170 tangit
2793 5089 3067 5167 adagium
3116 5092 3192 5154 εἷς
3250 5089 3415 5170 ὕδωρΔ
3453 5090 3707 5170 γράφειγν

2052 5164 2233 5238 ᾳυὸᾶ
2259 5172 2479 5226 Arabes
2529 5164 2763 5238 habe'nt,
2799 5164 3009 5239 aquam
3036 5170 3263 5239 pingere
3302 5183 3315 5221 :
3367 5164 3618 5220 'Cen’tur.
3649 5168 3709 5231 2,

2049 5242 2230 5295 Adag.
2262 5242 2353 5295 93.

2262 5257 2527 5384 %dpponit
2582 5307 2915 5384 ﬂngépuv
2975 5306 3350 5384 φανταστικήνῇ
3399 5306 3701 5384 ἀνθρωπων

2119 5328 2226 5382 (12)
2272 5328 2527 5384 Upponzt
2582 5328 2915 5383 αΛιγωτεραν
2975 5328 3351 5436 φανταστικην.
3399 5328 3697 5390 ανυρωπων

2046 5383 2115 5456 τῇ
2152 5384 2488 5456 μερικωτέρᾳ
2517 5387 2624 5437 τῶν
2646 5380 2831 5437 ἳππων
2864 5386 2920 5438 et
2946 5400 2977 5456 ιι
3007 5382 3195 5456 totum
3257 5386 3654 5456 animantium
3682 5397 3697 5445 ;

2050 5446 2246 5526 inepte
2304 5446 2568 5526 prorsus,
2627 5456 2677 5510 si
2726 5457 2809 5510 ita
2855 5453 3113 5523 scripsit.
3170 5452 3307 5526 Lege
3338 5446 3699 5524 ὁλικώτεραν.

2050 5522 2459 5583 ϐαπέγαιίὸνεηι
2483 5522 2903 5599 interpretatur
2931 5522 3242 5596 interpres,
3275 5522 3445 5580 bene.
