3966 6216
371 338 485 397 871

1706 332 2132 395 MICHAELIS
2175 332 2451 395 PSELLI

3660 337 3779 400 812

370 472 696 545 quidquam
727 469 1043 527 asserebat.
1092 470 1150 527 Si
1185 469 1422 540 quidem
1472 468 1561 524 vel
1604 467 1735 538 ipsa
1775 467 1945 523 sesel

2131 465 2391 540 χρηστὸν,
2423 463 2504 519 ὅτι
2562 464 2651 519 καὶ
2698 466 2765 519 τὰ
2810 463 3018 520 τούτων
3069 464 3495 543 περιαυτολογία
3540 469 3631 523 καὶ
3684 468 3779 524 τόν

369 568 546 629 stum,
582 561 970 631 imposturam
996 573 1323 629 vanamque
1345 556 1829 629 imaginationem
1860 555 2022 611 inso-

368 650 590 706 lentius
618 665 748 704 esse
791 649 1039 719 jactant,
1092 646 1362 716 ultroque
1412 645 1778 716 proﬁtentur.
1832 645 1915 699 Ab
1949 644 2021 699 iis

368 741 522 796 enim
558 739 615 793 in
647 754 744 793 eos
768 756 800 791 a
829 738 1047 808 quibus
1070 734 1515 806 celunturignei
1552 734 1793 805 quidam
1826 734 2018 804 fulgo-

365 846 459 884 res
490 828 857 883 descendunt
889 823 1245 897 (cujusmodi
1296 828 1436 881 sunt
1466 822 1857 878 scintillarum
1890 840 2016 894 quae

364 915 664 976 διάττοντες
711 933 742 970 a
790 916 1027 983 Graecis,
1060 913 1361 985 stellaeque
1408 914 1684 969 cadentes
1722 912 1897 985 vulgo
1928 912 2016 966 di-

363 1008 596 1073 cuntur)
627 1020 870 1060 excursu
906 1004 1266 1069 substantes,
1299 1019 1448 1073 quos
1488 1001 1725 1072 quidem
1760 1002 2014 1072 lulgores

361 1096 555 1151 insani
586 1090 869 1158 Θεοπτιάς,
903 1109 1004 1147 seu
1047 1092 1147 1147 Dei
1201 1092 1597 1162 apparitiones
1627 1091 1879 1145 vocitare
1910 1108 2011 1146 au-

359 1188 520 1240 dent.
555 1184 778 1248 Quibus
811 1181 956 1237 nihil
1010 1179 1148 1247 veri,
1185 1179 1331 1235 nihil
1362 1180 1523 1247 certi,
1558 1179 1705 1234 nihil
1751 1180 1903 1234 firmi
1932 1179 2011 1235 si—

357 1275 536 1344 bique
566 1270 891 1327 constantis
916 1268 1435 1340 continetur(quid
1468 1268 1623 1322 enim
1657 1268 1807 1323 lucis
1839 1268 1895 1323 in
1930 1273 2010 1324 te-

356 1363 681 1418 nebricosis
715 1361 1080 1415 daemonibus
1102 1357 1171 1425 ‘?),
1196 1358 1295 1412 sed
1331 1374 1461 1429 qua:
1482 1358 1599 1411 sint
1621 1373 1820 1411 eorum
1854 1356 2008 1412 ludi-

354 1469 452 1508 cra
482 1449 814 1521 cujusmodi
844 1448 1117 1503 videntur
1163 1446 1219 1500 in
1272 1445 1573 1501 oculorum
1609 1445 2006 1516 productioni-

353 1543 486 1605 bus,
519 1545 621 1595 aut
653 1539 709 1593 in
743 1538 814 1592 iis
843 1553 972 1608 quae
1024 1534 1311 1590 miracula
1342 1534 1513 1605 vulgo
1544 1539 1844 1599 vocantur,
1877 1550 2004 1604 quae

349 1630 567 1684 idcirco
584 1629 823 1695 fiunt,ut
844 1624 1784 1689 videntibusilludatur.Quamvis
1806 1629 1999 1678 autem

347 1720 471 1773 haec
504 1716 768 1771 misellus
801 1732 905 1786 ego
948 1713 1117 1785 longe
1167 1718 1338 1767 antea
1371 1713 1909 1783 deprehendissem,
1945 1716 2001 1767 et

348 1810 419 1864 ab
451 1809 558 1862 hac
582 1805 859 1877 religione
882 1803 1209 1857 desciscere
1230 1802 1567 1867 meditarer,
1590 1806 1788 1856 tamen
1813 1801 1871 1856 in
1896 1802 1998 1856 ho-

344 1898 613 1953 diernum
637 1911 828 1965 usque
858 1893 1013 1947 diem
1048 1891 1361 1963 prastigiis
1391 1906 1592 1946 eorum
1616 1890 1879 1945 irretitus
1911 1894 1997 1944 at-

344 2002 454 2060 que
488 1987 761 2041 detentus
784 1998 939 2049 sum,
959 1986 1134 2052 atque
1163 1981 1307 2035 adeo
1332 1980 1663 2035 miserrima
1683 1995 1787 2051 ego
1812 1984 1999 2036 morte

341 2076 770 2140 occubuissem,
818 2072 931 2127 nisi
958 2075 1019 2124 tu
1075 2087 1167 2125 me
1216 2086 1408 2125 veram
1445 2069 1501 2123 in
1550 2069 1703 2124 viam
1737 2069 1998 2125 reduxis-

340 2182 457 2229 ses,
490 2170 774 2233 tanquam
807 2162 899 2216 fax
922 2160 980 2215 in
1014 2160 1218 2230 pharo,
1251 2160 1317 2213 ad
1351 2158 1785 2213 discutiendam
1814 2158 1996 2214 maris

337 2255 477 2311 illuc
535 2252 828 2309 tenebrosi
902 2249 1209 2323 caliginem
1292 2247 1598 2320 all‘ulgens.
1658 2248 1761 2304 llis
1817 2248 1993 2304 dictis

2134 575 2251 633 φος,
2286 553 2461 624 ἀπάτη
2519 575 2579 609 τε
2635 553 2724 609 καὶ
2785 555 3043 632 φαντασία
3092 553 3361 618 διάκενος.
3401 559 3777 635 Ἀφικνοῦνται

2135 645 2231 716 μὲν
2285 646 2386 719 γὰρ
2444 644 2534 697 ἀπ’
2598 643 2771 697 αὐτῶν
2834 642 2919 698 ἐπὶ
2983 643 3111 704 τοὺς
3167 645 3566 719 θρησκεύοντας
3621 648 3776 721 αὐγαὶ

2128 730 2402 807 πυρώδεις
2430 736 2566 805 (32),
2600 735 2709 787 οἷαι
2744 730 2810 804 δή
2841 754 2983 795 τινες
3014 736 3068 788 αἱ
3097 738 3204 789 τῶν
3258 732 3587 791 διαττόντων
3644 738 3773 792 ὑπο-

2129 819 2325 896 δρομαὶ
2380 824 2514 894 (33),
2543 822 2603 883 ἃς
2661 823 2914 884 θεοπτίας
2971 824 3023 877 οἱ
3085 824 3388 896 μεμηνότες
3429 825 3635 896 ἀξιοῦσι
3684 849 3775 881 χα-

2126 909 2263 982 λεῖν,
2298 908 2450 965 οὐδὲν
2500 910 2731 985 ἐχούσας
2788 911 3012 982 ἀληθὲς,
3071 910 3185 967 οὐδ’
3239 914 3464 984 ἑστηκὸς
3510 914 3635 970 οὐδὲ
3687 917 3770 991 βέ-

2124 995 2297 1055 6αιον’
2323 999 2399 1071 (τί
2430 1001 2533 1077 γὰρ
2565 999 2616 1054 ἐν
2647 997 2897 1073 δαίμοσιν
2961 1000 3332 1079 ὲζοφωμένοις
3373 1003 3493 1058 οὖσι
3544 1026 3766 1065 φωτοει-

2123 1086 2274 1161 δὲε;)
2332 1087 2478 1145 ἀλλᾶ
2534 1088 2755 1164 παίγνια
2809 1090 3018 1145 τούτων
3072 1088 3259 1160 οὔσας,
3293 1094 3382 1147 οἷα
3428 1094 3497 1148 τὰ
3544 1093 3597 1148 ἐν
3651 1101 3765 1157 ταῖς

2117 1182 2224 1232 τῶν
2285 1179 2550 1251 ὀμμάτων
2609 1185 2967 1253 παραγωγαῖς
2996 1182 3131 1251 (34),
3160 1180 3194 1250 ἢ
3226 1182 3293 1235 τὰ
3336 1180 3459 1256 περὶ
3516 1186 3625 1237 τῶν
3684 1205 3767 1238 κα-

2119 1268 2403 1340 Αουμένων
2460 1269 2878 1341 θαυματοποιῶν
2938 1268 3019 1322 ἐπ’
3069 1268 3300 1343 ἐξαπάτῃ
3350 1274 3457 1325 τῶν
3519 1272 3763 1345 ὁρώντων

2116 1356 2400 1430 γινόμενα.
2470 1356 2568 1413 Καὶ
2615 1358 2767 1420 ταῦθ’
2827 1357 2855 1410 ὁ
2914 1354 3159 1420 δειλαῖος
3216 1359 3325 1433 ἐγὼ
3388 1361 3495 1434 πρὸ
3552 1359 3760 1416 πολλοῦ

2115 1447 2395 1521 φωράσας,
2453 1446 2541 1500 καὶ
2616 1446 2812 1500 τούτου
2892 1448 3132 1520 μελετῶν
3201 1448 3604 1519 ἀποστήσεσθαι
3671 1456 3759 1505 τοῦ

2114 1534 2727 1610 θρησκεύματος,ὅμως
2772 1532 2874 1597 ἕως
2919 1534 3077 1591 τοῦδε
3133 1539 3474 1614 κατειχόμην
3537 1561 3757 1613 γοητευ-

2114 1625 2242 1690 οεὶς,
2276 1625 2363 1679 καί
2400 1646 2496 1696 μοι
2530 1630 2669 1686 σῶος
2698 1620 2924 1701 ὄλεθρος
3096 1628 3163 1695 ἦν
3211 1627 3294 1697 ἂν,
3325 1626 3370 1681 εί
3425 1630 3504 1700 μή
3554 1628 3618 1683 σῦ
3670 1652 3754 1701 μοι

2108 1720 2207 1782 τῆς
2265 1712 2508 1784 ἀληθοῦς
2565 1713 2818 1789 ἐξηγήσω
2874 1709 3087 1789 τρίϐου,
3120 1714 3357 1789 καθάπερ
3408 1719 3615 1793 πυρσὸς
3672 1718 3753 1774 ἐπὶ

2110 1801 2401 1864 θαλαττίας
2467 1804 2815 1876 σκοτομήνης
2899 1802 3196 1880 ἀναφανείς.
3257 1806 3421 1861 Ταῦτ’
3482 1806 3672 1876 εἰπὼν,
3729 1810 3754 1863 ὁ

2107 1891 2328 1966 Μάρκος
2386 1889 2609 1965 δάκρυσι
2666 1893 2763 1954 τὰς
2819 1894 3048 1967 παρειὰς
3105 1894 3415 1967 κατῃόνιζεν
3444 1896 3585 1967 (36).
3620 1898 3754 1971 Ἐγὼ

2109 1979 2166 2035 δὲ
2197 1980 2356 2035 αὑτὸν
2412 1982 2815 2055 ἀνακτώμενος,
2851 1987 3067 2046 Πενθεῖν
3122 1984 3219 2057 μὶν
3265 1983 3466 2055 ἐξέσται
3527 2007 3613 2041 σοι
3673 1987 3756 2042 καὶ

2111 2071 2417 2141 μετέπειτα,
2480 2066 2615 2145 ἔφην
2646 2090 2658 2103 ·
2693 2074 2784 2124 νῦν
2835 2069 2891 2125 δὲ
2943 2071 3059 2147 ὥρα
3108 2073 3490 2147 πανηγυρίζειν
3552 2096 3638 2130 σοι
3696 2076 3757 2131 ti

2107 2160 2350 2232 σωτήρια
2381 2160 2514 2231 (37),
2545 2157 2634 2213 καὶ
2666 2162 2782 2231 Θεῷ
2812 2161 2975 2235 χάριν
3010 2156 3203 2215 είδέναι
3233 2163 3359 2237 παρ’
3386 2163 3447 2216 οὗ
3477 2163 3569 2217 καὶ
3600 2167 3753 2239 ψυχή

2104 2246 2193 2300 καὶ
2234 2250 2359 2308 νοῦς
2391 2244 2656 2322 ὀλεθρίων
2693 2246 3117 2305 ἀπαλλάττεται.

338 2345 567 2399 Marcus
599 2343 657 2395 in
690 2347 886 2396 tantas
919 2338 1185 2411 prorupit
1214 2338 1524 2409 lacrymas,
1560 2342 1622 2393 ut
1667 2337 1738 2392 iis
1770 2353 1934 2409 genae
1985 2336 2257 2408 utrinque
2302 2337 2653 2393 difﬂuerent.
2684 2341 2802 2410 Ego
2834 2343 3029 2395 autem
3063 2355 3197 2396 eum
3245 2341 3609 2412 consolatus,
3644 2344 3755 2399 Lu-

334 2451 468 2507 gere
498 2433 602 2487 tibi
636 2436 836 2503 postea
865 2429 1084 2498 licebit,
1121 2430 1383 2500 inquam,
1420 2443 1574 2482 nunc
1604 2442 1738 2482 vero
1780 2426 2045 2482 liberalia
2093 2427 2298 2481 festivo
2345 2426 2457 2481 ritu
2510 2427 2859 2482 celebranda
2887 2434 3045 2499 sunt,
3079 2430 3434 2501 agendzeque
3464 2431 3585 2488 Deo
3612 2448 3751 2505 gra-

328 2527 443 2594 tiae,
477 2524 647 2595 cujus
678 2520 955 2580 beneficio
987 2519 1185 2575 anima
1216 2525 1315 2575 tua
1344 2524 1400 2575 et
1431 2536 1596 2575 meus
1627 2535 1661 2573 a
1690 2518 2035 2590 perniciosis
2066 2517 2432 2573 daemonibus
2481 2516 2738 2573 liberatas
2789 2524 2945 2575 sunt.

1792 2775 2032 2833 CAPUT
2070 2775 2267 2832 XXIII.

800 2886 1074 2956 Quomodo
1102 2886 1372 2943 daemones
1397 2886 1800 2959 percutiuntur,
1831 2886 2008 2958 deque
2036 2885 2371 2943 daemoniaci
2398 2902 2433 2941 a
2461 2885 2634 2942 solido
2662 2902 2891 2956 corpore
2916 2887 3250 2960 differentia.

392 3016 688 3073 TlMOTH.
720 3017 853 3072 Jam
898 3015 1008 3070 hoc
1057 3018 1119 3069 tu
1153 3013 1299 3068 mihi
1350 3013 1612 3069 discendi
1658 3014 1975 3086 percupido

318 3107 593 3178 edissere,
629 3121 907 3161 numnam
936 3105 1270 3159 daemonum
1303 3119 1548 3175 corpora
1579 3103 1802 3176 percuti
1835 3119 1974 3174 pos-

316 3197 437 3253 sint
459 3196 482 3251 ?

314 3390 418 3430 cus
458 3374 778 3440 astruebat,
830 3376 895 3427 ut
941 3369 1117 3427 etiam
1170 3374 1328 3427 certo
1374 3370 1493 3425 ictu
1543 3369 1603 3424 in
1652 3374 1845 3425 cutem
1878 3369 1965 3423 in-

312 3462 467 3518 ﬂicto
501 3461 821 3517 indoleant.
856 3460 963 3525 Qui
995 3476 1129 3515 vero
1162 3459 1285 3515 fieri
1313 3458 1422 3515 hoc
1454 3463 1667 3530 potest,
1697 3459 1963 3531 inquam,

308 3567 440 3605 eum
474 3552 594 3606 sint
622 3550 887 3622 spiritus,
922 3565 1036 3603 non
1069 3552 1266 3602 autem
1300 3546 1489 3603 solida
1520 3547 1965 3619 compositaque

302 3656 566 3709 corpora,
600 3638 816 3708 quibus
846 3653 1053 3691 sensus
1099 3652 1241 3691 suus
1274 3642 1330 3692 et
1362 3636 1676 3708 peculiaris
1708 3637 1842 3692 est?
1873 3637 1959 3691 Ad

301 3727 421 3782 haec
454 3727 569 3793 ille,
618 3727 818 3791 Miror,
868 3724 1085 3796 inquit,
1134 3725 1258 3779 haec
1308 3726 1588 3796 ignorari,
1640 3743 1756 3781 non
1804 3743 1870 3782 os
1901 3726 1961 3781 in

298 3817 505 3887 quovis
539 3816 795 3881 homine,
832 3830 1021 3884 neque
1074 3830 1329 3877 nervum,
1367 3814 1425 3868 id
1472 3832 1602 3869 esse
1633 3816 1785 3885 quod
1822 3832 1959 3869 sen-

297 3906 388 3971 tit,
424 3906 523 3959 sed
558 3904 837 3976 spiritum
871 3903 943 3958 iis
974 3902 1241 3957 insitum.
1280 3903 1530 3958 Proinde
1576 3905 1959 3975 quantumvis

295 3998 598 4064 prematur
647 4009 877 4063 nervus,
910 3997 1012 4047 aut
1067 3991 1463 4063 refrigeretur,
1498 3998 1600 4049 aut
1650 3994 1806 4048 aliud
1845 3993 1971 4061 hu-,

284 4083 549 4154 jusmodi
583 4083 861 4154 patiatur,
896 4080 1156 4136 dolorem
1182 4096 1249 4135 ex
1281 4081 1531 4152 spiritus
1570 4083 1630 4137 in
1676 4083 1953 4154 spiritum

294 4172 662 4229 immissione
692 4171 928 4227 oboriri.
962 4170 1075 4225 Nec
1107 4169 1264 4225 enim
1311 4170 1437 4226 ﬁeri
1470 4189 1663 4243 posse,
1696 4177 1760 4227 ut
1789 4189 1952 4228 com-

302 4263 559 4334 positum
611 4278 825 4333 corpus
876 4276 978 4330 per
1026 4276 1087 4315 se
1138 4258 1350 4325 doleat,
1388 4261 1484 4316 sed
1522 4260 1661 4333 quia
1710 4261 1954 4333 spiritus

286 4352 579 4424 particeps
624 4356 714 4407 est
762 4366 775 4407 :
809 4348 1283 4421 quandoquidem
1325 4349 1384 4405 in
1417 4351 1603 4406 frusta
1633 4351 1952 4407 dissectum

285 4440 371 4496 vel
433 4445 734 4495 mortuum
785 4455 960 4493 sensu
1020 4454 1263 4509 prorsus
1313 4444 1490 4505 caret,
1554 4439 1694 4509 quia
1740 4440 1951 4511 spiritu

292 4529 626 4601 privatum;
662 4528 867 4583 itidem
900 4532 957 4583 et
983 4527 1328 4594 daemonem,
1362 4544 1496 4583 cum
1531 4532 1691 4584 totus
1722 4530 1799 4585 sit
1829 4530 1951 4601 spi-

2158 3015 2386 3068 ΤΙΜΟΘ.
2421 3015 2590 3066 Τοῦτο
2638 3008 2696 3066 δέ
2751 3033 2844 3084 μοι
2907 3014 3093 3085 μαθεῖν
3158 3012 3484 3089 βουλομένῳ
3537 3018 3744 3095 ιρράσον

2086 3099 2131 3154 εί
2161 3100 2227 3153 τὰ
2259 3095 2515 3173 δαιμόνια
2546 3099 2772 3175 σώματα
2804 3101 2893 3157 οἷά
2921 3103 2979 3157 τὲ
3009 3101 3118 3158 ἐστι
3151 3101 3510 3175 πλήττεσθαι.

386 3251 650 3339 THRAX.
686 3280 1235 3354 Itapercutiuntur,
1282 3280 1783 3354 quemadmodum
1818 3280 1941 3336 Mar

2152 3280 2355 3348 ΘΡᾼΞ.
2389 3275 2716 3348 Πλήττεται,
2750 3278 2778 3332 ὁ
2830 3276 3052 3356 Μάρκος
3112 3284 3281 3352 εἶπεν,
3332 3282 3409 3345 ὡς
3461 3286 3549 3339 καὶ
3610 3284 3741 3342 ὀδυ-

2075 3367 2264 3420 νᾶσθαι
2327 3372 2543 3440 στερεᾶς
2593 3367 3000 3443 ἐπενειχθείσης
3051 3368 3102 3424 ἒν
3161 3376 3306 3448 χρῷ.
3368 3372 3544 3431 Ἀλλᾶ
3590 3375 3737 3449 πῶς,

2076 3451 2543 3532 ἴφην,πνεύματα
2600 3452 2749 3529 ὄντα,
2800 3458 2887 3512 καὶ
2952 3456 3095 3531 μηδὶ
3151 3461 3340 3535 στερεᾶ
3399 3461 3541 3535 μηδὲ
3610 3466 3739 3520 οὖν·

2076 3554 2236 3613 θετα;
2297 3544 2386 3598 καί
2446 3565 2531 3598 τοι
2589 3549 2695 3599 τῶν
2749 3546 3014 3609 συνθέτων
3074 3550 3109 3617 ἡ
3153 3546 3418 3620 αἴσθησις.
3486 3552 3591 3608 Καὶ
3650 3557 3737 3623 ὃς,

2073 3634 2365 3707 Θαυμάζω,
2400 3636 2569 3706 εἶπεν,
2602 3632 2683 3688 ὅτι
2718 3656 2801 3689 σοι
2834 3640 2996 3690 τοῦτο
3027 3638 3320 3713 ἠγνόηται,
3355 3640 3419 3694 τὸ
3473 3640 3616 3714 μηδ’
3646 3644 3736 3699 ἐπὶ

2069 3727 2317 3776 τινοσοῦν
2360 3726 2458 3793 μῦν
2492 3724 2527 3790 ἢ
2577 3727 2766 3797 νεῦρον
2810 3727 2947 3779 εἶναι
3005 3727 3069 3780 τὸ
3123 3727 3531 3801 αἰσθανόμενον,
3586 3732 3743 3789 ἀλλὰ

2070 3810 2131 3865 τὸ
2164 3810 2213 3865 ἐν
2246 3810 2464 3873 τούτοις
2524 3810 2829 3887 ἐνυπάρχον
2888 3818 3121 3887 πνεῦμα.
3157 3816 3249 3870 Διὸ
3309 3818 3404 3872 κᾶν
3467 3816 3743 3892 θλίϐηται

2067 3901 2129 3954 τὸ
2161 3904 2367 3976 νεῦρον,
2401 3900 2495 3954 κᾶν
2521 3900 2789 3975 ψύχηται,
2822 3902 2918 3956 κᾶν
2958 3902 3097 3959 ἄλλο
3133 3906 3321 3961 ὁποῖον
3374 3904 3440 3977 δή
3475 3930 3525 3963 τι
3562 3914 3739 3986 πάθῃ,

2065 3993 2161 4044 τοῦ
2193 3988 2502 4061 πνεύματος
2528 3989 2601 4051 είς
2626 3990 2688 4044 τὸ
2719 3994 2932 4063 πνεῦμα
2971 3996 3330 4067 πεμπομένου
3377 3998 3478 4065 τήν
3530 3997 3741 4072 ὀδῦνην

2069 4083 2205 4135 εἶναι
2239 4100 2251 4111 ·
2285 4082 2403 4133 καθ’
2430 4081 2587 4135 ἑαυτὸ
2617 4083 2721 4155 γὰρ
2756 4081 2856 4137 οὐκ
2914 4084 2973 4138 ἃν
3035 4082 3276 4158 ὀδυνῷτο
3326 4088 3390 4142 τὸ
3442 4089 3740 4161 caveam,

2066 4167 2212 4225 ἀλλὰ
2235 4169 2297 4223 τὸ
2332 4169 2562 4243 μετέχον
2609 4175 2705 4224 τοῦ
2756 4171 3063 4246 πνεύματος
3098 4194 3109 4207 ·
3168 4174 3279 4230 ἐπεὶ
3332 4178 3737 4254 παραλελυμὲ-

2064 4282 2153 4315 νον
2214 4258 2249 4328 ἢ
2302 4261 2566 4335 νεκρωθέν
2628 4260 3021 4333 ἀνεπαίσθητόν
3080 4263 3212 4336 ἐστι,
3251 4270 3349 4320 τοῦ
3403 4270 3737 4343 πνεύματος

2062 4348 2362 4425 γυμνωθὲν.
2416 4349 2522 4404 Καὶ
2578 4350 2638 4404 τὸ
2689 4347 2972 4423 δαιμόνιον
3032 4350 3154 4428 ἄρα,
3198 4359 3411 4427 πνεῦμα
3460 4354 3534 4412 δι’
3588 4360 3733 4415 ὅλου

2063 4439 2121 4493 ’ὸν
2164 4436 2304 4492 κατὰ
2354 4438 2510 4515 φύσιν
2552 4436 2889 4509 αἴσθητικὸν,
2939 4441 3074 4496 κατᾶ
3138 4447 3241 4497 πᾶν
3296 4445 3490 4500 ἑαυτοῦ
3556 4451 3731 4523 μέρος

2062 4527 2276 4599 ἀμέσως
2311 4526 2409 4601 ὁρᾷ
2439 4546 2497 4580 τε
2525 4527 2615 4580 καὶ
2644 4526 2828 4583 ἀκούει
2861 4530 2949 4583 καὶ
2996 4530 3062 4584 τὰ
3105 4538 3206 4601 τῆς
3254 4532 3397 4607 ἁφῆς
3453 4536 3733 4610 ὑπομὲνει

1689 4645 2041 4702 GAULMINI
2078 4644 2304 4700 ΝΟΤίΕ.

284 4743 465 4868 ἭβΪδ)
512 4739 688 4815 Αὖγαῖ
763 4737 1076 4814 πυρώδεις.
1148 4742 1383 4813 Optime
1438 4742 1808 4799 Jamblichus
1867 4745 1939 4799 de

284 4831 295 4868 ι
350 4833 422 4868 IS.

280 4831 422 4869 “IIS.

491 4886 615 4959 Non
647 4883 911 4959 intelligo
945 4882 1067 4946 illa,
1102 4884 1155 4936 αἱ
1193 4888 1301 4959 τῷν
1338 4882 1426 4939 διὰ
1454 4886 1661 4940 τούτων
1701 4882 1935 4959 ὑποδρο-

326 4956 398 5011 αί.
451 4957 699 5031 lndubie
749 4962 1071 5031 corruptus
1113 4963 1202 5031 est
1256 4956 1458 5013 locus.
1520 4959 1668 5031 Lege
1725 4959 1781 5010 ai
1827 4956 1934 5012 τῶν

326 4977 398 5011 αι.
451 4976 699 5012 lnaume
749 4976 1063 5023 corruptus
1113 4976 1202 5011 est
1256 4976 1458 5013 locus.
1520 4976 1668 5031 Lego
1725 4976 1781 5010 αι
1827 4979 1934 5012 των

279 4976 606 5082 grata-6vva
643 5024 972 5153 ὑποδροῇαί.
1013 5026 1079 5081 Οἱ
1119 5024 1421 5089 διάττοντες
1480 5033 1564 5084 vel
1634 5026 1937 5092 διαθέοντες

279 5099 519 5153 ἀστέρες.
554 5106 617 5153 ut
650 5106 818 5153 vocat
907 5099 1165 5153 icepbor.
1222 5100 1545 5153 Blemmvd.
1607 5120 1657 5153 c.
1712 5104 1775 5153 12
1834 5124 1936 5153 ωυ-

278 5099 818 5179 ἀστέρεςηυίνοοαι
854 5099 1165 5179 Nicephor.
1217 5100 1545 5179 Blemmvd.
1607 5120 1657 5179 ρ.
1712 5104 1775 5156 l2
1834 5124 1936 5179 φυ-

278 5170 716 5250 otxfnptissimi
744 5176 906 5250 _su_n_t.
940 5170 1123 5250 Nemo
1170 5173 1282 5227 nisi
1317 5170 1521 5250 τυφλὸς
1561 5171 1652 5226 τόν
1697 5193 1754 5227 τε
1809 5170 1933 5228 νοῦν

274 5243 338 5297 τά
368 5248 413 5296 τ’
447 5240 691 5314 ὄμματα,
726 5242 1035 5314 dubitavit.

345 5307 717 5389 (34):H'al7vta
747 5312 837 5367 καὶ
866 5307 1084 5389 κυϐείαν
1130 5314 1391 5381 magicas
1441 5315 1769 5389 praestigias
1823 5316 1937 5371 dici

273 5382 362 5439 vir
391 5382 575 5443 selide
607 5382 814 5443 doctus
847 5386 1071 5455 pridem
1105 5391 1194 5439 est
1224 5404 1355 5441 cum
1392 5382 1715 5443 annotavit.
1759 5389 1936 5442 Cute-

275 5474 406 5532 rum
440 5458 493 5510 αἱ
540 5462 647 5511 τῶν
700 5457 965 5532 ὀμμάτων
1000 5456 1318 5532 παραγωγαὶ
1351 5459 1651 5532 oculorum
1690 5460 1937 5532 fascina-

274 5529 466 5585 tiones
517 5536 675 5586 sunt.
726 5526 872 5585 Nam
927 5526 1325 5601 production”,
1376 5536 1439 5584 ut
1468 5528 1603 5583 κατὰ
1632 5526 1774 5582 πόδα
1807 5532 1935 5585 red-

274 5602 505 5674 diderat
536 5603 846 5674 interpres,
888 5618 1061 5657 nemo
1093 5602 1319 5674 probet,
1353 5602 1576 5674 niside
1610 5603 1803 5674 optica
1862 5606 1935 5658 ad

274 5673 433 5731 hunc
464 5674 659 5733 locum
694 5672 1108 5749 'disputande.‘
1145 5706 1212 5716 ——
1268 5672 1678 5732 Morellianum
1736 5675 1935 5748 produ-

2047 4740 2462 4823 ctioneshnullaa
2500 4741 2573 4823 de
2602 4743 2800 4814 eptica
2829 4744 3484 4823 disputationesnitide
3506 4753 3729 4823 proba-

2052 4820 2210 4891 runt.
2244 4811 2688 4891 Sunt_6ppai-ca3v
2736 4811 3057 4891 παραγωγαὶ
3098 4811 3568 4891 allucinationes
3624 4842 3728 4879 τι-

2050 4887 2167 4951 rim,
2203 4901 2352 4962 quae,
2387 4884 2522 4962 laeso
2574 4902 2750 4962 nervo
2800 4884 2931 4959 ipso
2980 4884 3202 4960 'optieo,
3261 4893 3417 4962 quod
3480 4896 3728 4952 rarissi-

2047 4974 2233 5037 mum,
2266 4956 2354 5010 vel
2384 4956 2588 5012 vntiato
2610 4956 2855 5037 humore
2878 4956 3222 5032 eryst'allini,
3248 4956 3402 5037 quod
3433 4965 3725 5037 frequen-

2046 5030 2348 5103 tissimum
2400 5043 2504 5082 nec
2553 5030 2953 5100 periculosum
2999 5038 3110 5099 est,
3167 5030 3417 5090 nebulas
3476 5030 3725 5103 tenues.

2048 5100 2646 5181 spilssiores-queque,
2680 5118 2747 5157 ac
2776 5103 3210 5181 ﬁlamentorum
3245 5123 3454 5181 nexus,
3498 5116 3556 5164 et
3587 5102 3725 5181 glo4

2047 5172 2321 5255 bu‘lorum
2367 5174 2611 5255 tract-us,
2646 5189 2982 5255 muscarum
3016 5176 3385 5255 volitantium
3432 5172 3723 5255 i’magvun-

2048 5243 2232 5307 cuias,
2265 5244 2645 5314 cernentibus
2676 5245 2983 5314 objiciunt.
3020 5248 3397 5305 Borssomns.

2118 5316 2228 5387 (35)
2264 5316 2419 5396 Σῶσις
2452 5308 2539 5396 ὄλ.
2575 5308 2873 5388 Loquendi
2907 5318 3143 5390 elegans
3176 5322 3456 5390 formula,
3487 5324 3563 5379 de
3593 5341 3725 5396 qua

2047 5384 2312 5443 dieemus
2345 5384 2458 5440 alio
2491 5386 2636 5443 loco.

2121 5460 2233 5523 (36)
2260 5454 2465 5531 Ἐλαίῳ
2495 5462 2807 5529 καταιονᾷν,
2852 5456 3056 5529 μὲλιτι,
3091 5457 3264 5531 ὕδατι,
3297 5469 3411 5521 etc.

2121 5529 2727 5608 (37)__Eustat_h._rman.
2773 5531 2984 5608 libanu,
3016 5534 3133 5608 καθ’
3181 5529 3312 5608 pop.
3364 5536 3454 5589 ιιαέ
3519 5538 3727 5608 eam».

2047 5599 2434 5668 Eumath.x1,
2470 5602 2640 5658 init.:
2694 5603 2995 5671 Παιανίζειν
3048 5599 3281 5661 ἐπινίκια
3338 5609 3431 5662 καὶ
3492 5599 3733 5672 its-Lee-

2046 5691 2139 5747 ρια
2168 5671 2553 5747 πανηγυρίζειν
2586 5672 2676 5730 καὶ
2708 5676 2954 5750 σωτήρια
2981 5682 3217 5751 κροτεῖν.
