3966 6216
338 292 458 353 875

1671 290 2097 356 MICHAELIS
2143 292 2413 355 PSELLI

3633 292 3747 352 816

410 422 677 480 THRAX.
712 422 795 479 Ne
834 423 964 493 tibi,
1004 439 1225 495 quasso,
1263 422 1626 494 dulcissime,
1657 437 1832 495 grave
1865 438 1983 477 mo-

2172 423 2376 493 ΘΡᾼΞ.
2419 421 2515 489 Μή
2588 416 2787 495 ἄχθου,
2855 416 3081 497 φίλτατα
3146 417 3399 496 ἀνδρῶν’
3460 421 3598 476 Θεοῦ
3654 420 3752 497 γὰρ

344 512 636 568 lestumve
679 511 787 568 hoc
819 513 928 581 sit;
980 513 1094 569 Deo
1143 512 1296 568 enim
1337 512 1608 582 juvante,
1640 511 1691 567 si
1730 527 1983 582 unquam

2105 509 2460 584 παρέχοντος,
2532 508 2586 565 εἶ’
2623 509 2757 564 ποτέ
2809 529 2896 564 σοι
2950 506 3423 582 συνενεχθείημεν,
3474 508 3532 564 ὃν
3587 508 3650 564 ἃν
3680 513 3753 581 τῷ

341 606 544 658 tecum
577 617 695 658 una
726 602 1000 657 eumdem
1026 602 1084 656 in
1118 600 1308 657 locum
1343 600 1785 669 convcniamus,
1818 601 1994 671 quid-

346 690 487 763 quid
521 689 725 745 huicce
756 689 1141 762 disputationi
1167 693 1383 744 nostrai
1397 689 1601 745 deesse
1620 689 1727 745 tibi
1743 689 1993 759 videtur,

348 779 406 834 id
439 779 672 848 copiose
701 795 768 833 ao
797 777 1118 834 liberaliter
1146 794 1325 850 supra
1355 778 1858 850 Syracusanorum
1891 780 1995 834 de-

350 868 540 923 cimas
572 867 1039 939 repensabimus.

2104 596 2255 673 λόγῳ
2275 596 2436 669 ἐνδεῖ,
2460 595 2772 674 φιλοτίμως
2818 598 2951 674 ὑπὲρ
2979 600 3079 668 τῆς
3114 598 3493 675 Συρακουσίων
3523 600 3640 672 (44)
3671 596 3754 653 δε-

2103 687 2266 749 κάτας
2300 699 2503 758 καταθη
2515 686 2740 761 σόμεθα.

1733 956 1877 1013 GAU
1887 957 2078 1013 LMINl
2132 957 2361 1015 NOTAE.

348 1072 639 1145 Procloiet
666 1071 1007 1145 Porphyrio,
1042 1073 1199 1129 edita
1228 1077 1387 1141 sunt,
1421 1073 1617 1144 aliqua
1655 1072 1862 1130 ultimo
1905 1090 1999 1131 ca-

348 1145 467 1216 pite
489 1144 719 1216 afferat,
746 1144 879 1212 quas
900 1145 1213 1216 desumpta
1241 1161 1312 1200 ex
1341 1146 1599 1200 secundo
1628 1145 1749 1211 illo,
1784 1146 1830 1201 si
1865 1147 1999 1216 quis

348 1213 638 1287 est,rlibro
669 1215 850 1270 videri
885 1213 1152 1287 possunt.
1185 1248 1254 1258 —-
1284 1218 1418 1281 Quae
1444 1216 1675 1273 Ficinus
1723 1213 1899 1272 habet
1930 1234 1998 1273 ex

346 1286 541 1359 libello
573 1290 855 1356 sequente
884 1286 1205 1359 desumpta
1253 1294 1411 1356 sunt,
1445 1305 1618 1359 quem
1662 1289 1789 1359 ipse
1839 1306 1996 1344 nunc

341 1358 572 1428 primus
619 1359 748 1424 edo,
799 1358 899 1413 scd
952 1359 1073 1428 qui,
1110 1358 1253 1413 cum
1306 1359 1472 1425 nihil,
1525 1359 1638 1414 nisi
1687 1358 1993 1415 verbulum

341 1430 613 1511 (num.l6)
644 1430 1111 1511 depresseientia
1140 1431 1473 1511 daemonum
1524 1430 1992 1511 c_ontineat,_non

344 1500 444 1556 ille
474 1506 563 1555 est
592 1500 695 1570 qui
724 1501 1013 1556 Timothei
1048 1502 1357 1573 quaestioni
1388 1508 1562 1573 queat
1618 1503 1987 1575 respondere.

338 1576 721 1627 Borssosans.
841 1611 843 1613 .

411 1644 521 1714 (44)
554 1642 835 1715 Vaticana
870 1644 1185 1715 Appendix
1231 1644 1671 1715 proverbiorum
1725 1662 1737 1698 :
1788 1644 1990 1715 Δήμων

343 1710 741 1788 Συρακουσίους
834 1710 1328 1786 εὐδαιμονήσαντάς
1438 1736 1568 1792 φησι
1658 1710 1989 1792 ψηφίσασθαι

2107 1073 2204 1141 τὴν
2247 1069 2487 1162 ,δεκάτην
2539 1074 2646 1125 τῶν
2703 1068 3058 1162 ὑρπαρχέντωγ
3105 1066 3459 1162 ἀποδίδοσθαι.
3511 1072 3590 1136 εἷς
3638 1070 3749 1162 ἐτει-

2105 1140 2301 1213 σδιευήν
2345 1148 2486 1198 ναῶν
2539 1163 2599 1197 τε
2652 1140 2741 1196 καὶ
2791 1140 3154 1214 ἀναθημάτων
3200 1142 3290 1196 καί
3319 1142 3533 1217 ἱερείων
3560 1164 3573 1177 ·
3608 1141 3751 1198 πολ-

2106 1214 2205 1271 λοῦ
2246 1236 2308 1290 γε
2344 1216 2636 1290 χρήματος
2685 1210 3067 1288 συναχθέντος,
3099 1212 3175 1275 εἰς
3220 1214 3521 1290 παροιμίαν
3554 1213 3749 1279 ἐλθεῖν.

2105 1290 2206 1343 Adi
2238 1286 2521 1360 Strabon._
2541 1286 2645 1342 lib.
2677 1303 2735 1341 v1
2784 1286 2988 1360 Γεωγρ.
3024 1291 3235 1360 ΑζῳιοΔ
3261 1286 3384 1360 haec
3431 1294 3576 1344 sunt
3630 1305 3749 1360 qua

2104 1361 2175 1415 ad
2209 1360 2379 1433 Pselli
2410 1358 2717 1433 dialogum
2737 1358 2865 1432 Περὶ
2896 1353 3164 1431 ἐνεργείαις
3213 1353 3491 1429 δαιμόνων
3544 1353 3749 1433 prope.

2102 1436 2299 1487 rantes
2329 1429 2822 1502 singulis'diebus'
2848 1447 2950 1501 pro
2982 1429 3162 1501 penso
3211 1447 3523 1501 operarum
3545 1429 3750 1502 'scripo

2102 1500 2454 1584 simus-Tu,
2488 1502 2588 1584 qui
2639 1500 2861 1584 stilum"
2888 1500 3266 1584 etulmentem’
3311 1502 3546 1584 dirigis,
3578 1500 3749 1584 Deus,

2101 1576 2218 1628 dux
2250 1573 2412 1629 fuisti
2442 1572 2696 1644 erisque.
2728 1574 2816 1628 Tu
2850 1575 2921 1628 ab
2952 1572 3094 1637 illis,
3127 1573 3199 1627 de
3231 1572 3458 1642 quibus
3475 1574 3750 1641 disserui,

2101 1661 2367 1716 quosque
2424 1661 2517 1700 me
2575 1644 2764 1699 sentio
2813 1645 3028 1714 dicere,
3059 1648 3340 1699 aeternum
3391 1661 3583 1713 serva,
3615 1662 3749 1701 con-

2099 1733 2287 1782 serva,
2320 1717 2585 1772 defende.

1104 2031 1454 2161 ΤΟΥ
1564 2029 2147 2161 ΑΥΤΟΥ
2259 2029 2983 2161 ΨΕΛΛΟΥ

1950 2266 2137 2326 ΤΙΝΛ
2186 2284 2191 2289 ‘

726 2446 1027 2540 ΠΕΡΙ
1111 2446 1788 2543 ΔΑΙΜΟΝΩΝ
1873 2446 2669 2544 ΔΟΞΑΖΟΥΣΙΝ
2754 2448 3333 2543 ΕΛΛΗΝΕΣ

1322 2801 2083 2926 EJUSDEM
2172 2801 2761 2925 PSELLI

915 3025 1271 3100 QUAENAM
1315 3027 1522 3089 SUNT
1569 3028 2019 3091 GREGORUM
2065 3027 2483 3089 OPINIONES
2529 3028 2630 3088 DE
2675 3025 3186 3091 DJEMONIBUS.

350 3336 371 3353 .
412 3376 462 3429 1.
513 3374 725 3431 Nostra
755 3372 994 3445 quidem
1041 3370 1309 3428 doctrina
1348 3368 1707 3426 voluntatem
1759 3366 1983 3441 angelis

2165 3367 2230 3422 α’.
2288 3368 2347 3423 Ὀ
2411 3368 2505 3440 μὶν
2560 3368 2826 3444 ἡμέτερος
2890 3368 3053 3445 λόγος
3096 3367 3440 3444 προα,ρὲσιις
3492 3366 3585 3422 καὶ
3638 3372 3765 3429 τοῖς

336 3463 604 3519 tribuens
635 3478 853 3533 eosque
897 3462 965 3517 ad
1026 3459 1328 3515 meliorem
1368 3457 1811 3513 inclinationem
1856 3472 1988 3511 ver-

342 3556 544 3626 gentes
575 3550 863 3612 indicans.
899 3567 1013 3604 non
1046 3554 1245 3604 tamen
1276 3564 1375 3603 eos
1406 3547 1653 3620 perjoris
1680 3547 1989 3618 incapaces

346 3642 611 3706 credens,
645 3640 778 3694 inde
809 3640 882 3693 ab
914 3638 1175 3709 angelico
1207 3637 1408 3691 ordine
1450 3635 1728 3691 cecidisse
1772 3636 1988 3688 daemo-

349 3744 454 3785 nes
485 3729 853 3783 demonstrat
882 3730 940 3781 et
969 3743 1071 3797 pro
1102 3726 1391 3797 cujusque
1425 3724 1632 3778 merito
1682 3728 1739 3777 et
1786 3723 1988 3778 ordine

345 3818 578 3872 ruinam
612 3815 883 3901 subiisse.
929 3815 1259 3869 Graacorum
1312 3829 1442 3867 vero
1492 3811 1761 3866 doctrina
1808 3812 1984 3866 talem

344 3899 781 3961 inclinationem
818 3902 1046 3957 naturis
1080 3917 1317 3973 corpore
1342 3899 1675 3956 carentibus
1697 3900 1983 3968 abnuens,

341 3996 475 4063 post
507 3990 795 4045 mundum
827 3988 1159 4060 angelicum
1206 3988 1537 4042 daemonum
1592 3987 1826 4043 ordines
1855 4004 1983 4042 esse

338 4078 637 4153 supponit.
671 4083 739 4133 Et
769 4077 915 4131 alios
947 4076 1185 4148 quidem
1217 4092 1345 4132 esse
1394 4075 1787 4147 intelligentes
1818 4076 1979 4143 dicit,

333 4169 479 4226 alios
512 4172 703 4223 mente
733 4171 790 4221 et
821 4164 1044 4221 ratione
1076 4169 1371 4235 constare,
1413 4163 1559 4219 alios
1591 4163 1814 4220 ratione
1847 4170 1979 4219 tan--

332 4263 479 4327 tum;
513 4256 609 4313 alii
646 4272 777 4312 vero
809 4272 925 4310 una
957 4270 1089 4309 cum
1124 4253 1347 4308 ratione
1380 4252 1716 4308 irrationale
1745 4269 1979 4325 quoque

330 4347 522 4403 sortiti
555 4348 716 4413 sunt;
751 4343 987 4399 ultimos
1019 4358 1152 4397 vero
1202 4359 1271 4396 ex
1320 4341 1685 4397 daemonibus
1729 4346 1786 4397 et
1833 4342 1977 4398 irra~

330 4434 545 4491 tionale
579 4433 768 4489 solum
825 4430 1076 4503 projicit,
1110 4447 1259 4502 quos
1292 4431 1622 4486 materiales
1670 4435 1727 4486 et
1773 4448 1976 4502 pmnas

328 4524 663 4596 inﬂigentes
693 4521 976 4576 nominat.
1002 4519 1285 4575 Mundum
1320 4519 1473 4574 inter
1505 4518 1634 4574 illos
1664 4519 1871 4574 dividit
1896 4520 1976 4575 ita

326 4620 391 4669 ut
422 4630 525 4685 per
554 4611 686 4666 illos
717 4610 971 4665 calorem
1004 4612 1061 4663 et
1091 4624 1283 4662 aerem
1333 4608 1567 4663 vitalem
1600 4608 1871 4679 accipiat.
1907 4609 1976 4664 Et

323 4703 455 4760 aliis
488 4700 728 4772 quidem
761 4700 978 4769 ignem,
1006 4696 1138 4751 aliis
1170 4713 1382 4765 aerem,
1407 4696 1538 4751 aliis
1569 4713 1804 4768 aquam,
1840 4697 1972 4754 aliis

322 4800 540 4847 terram
572 4787 842 4858 subiicit;
877 4786 1163 4857 quosdam
1197 4802 1330 4839 vero
1363 4784 1665 4840 climatum
1698 4787 1974 4857 praesides

322 4880 479 4947 facit,
495 4883 552 4934 et
573 4876 718 4933 alios
740 4890 1049 4945 corporum
1068 4876 1293 4927 tutores
1318 4878 1372 4928 et
1396 4874 1651 4929 materiae
1673 4876 1967 4933 custodes.

320 4969 598 5025 Invadere
628 4970 821 5020 autem
845 4979 943 5018 eos
967 4962 1173 5017 dicunt
1194 4964 1425 5018 animas
1450 4967 1669 5029 notras,
1698 4980 1808 5019 non
1838 4981 1968 5035 pro-

319 5062 447 5129 pter
468 5056 761 5129 quoddam
782 5052 842 5106 in
869 5067 976 5105 nos
995 5050 1194 5106 odium
1219 5056 1322 5106 aut
1345 5053 1562 5106 malam
1584 5051 1965 5120 voluntatem,

318 5149 419 5204 sed
463 5152 529 5201 ut
575 5161 673 5200 eas
706 5143 778 5198 ob
827 5139 1088 5196 admissa
1141 5144 1380 5212 peccata
1423 5142 1693 5213 puniant.
1727 5142 1967 5197 Addunt

316 5254 414 5291 cos
446 5237 514 5292 ad
550 5232 854 5290 materiam
888 5229 1119 5285 animas
1151 5230 1404 5295 trahere,
1429 5247 1542 5285 non
1577 5230 1695 5285 illis
1717 5231 1962 5286 nocendi

313 5342 514 5392 causa,
547 5323 645 5378 sed
682 5325 745 5376 ut
776 5333 977 5375 earum
1012 5318 1311 5390 turpitudo
1335 5335 1438 5391 per
1468 5335 1637 5373 suam
1670 5334 1803 5374 cum
1838 5336 1960 5374 ma-

309 5413 455 5468 teria
482 5411 825 5466 relationem
856 5408 1154 5479 ﬁguretur.
1177 5410 1325 5463 Iram
1351 5413 1546 5463 autem
1572 5413 1625 5461 et
1649 5406 1960 5479 impuden-

307 5502 451 5558 tiam
485 5501 601 5556 illis
626 5499 918 5564 tribuunt,
941 5500 1006 5551 ut
1024 5495 1319 5568 leopardis
1344 5502 1400 5551 et
1432 5495 1722 5561 leonibus,
1747 5512 1960 5568 eosque

306 5589 649 5665 corporibus
674 5586 942 5644 vinciunt
963 5584 1211 5651 levibus,
1257 5585 1432 5640 aeriis
1454 5588 1511 5640 et
1541 5584 1740 5642 minus
1772 5586 1959 5659 duris,

2098 3453 2358 3530 ἀγγέλοις
2419 3452 2624 3524 διδοὺς,
2664 3457 2755 3510 καὶ
2807 3458 2945 3531 πρὸς
2985 3458 3085 3526 τήν
3144 3455 3430 3532 κρείττονα
3483 3456 3582 3528 μὲν
3631 3457 3763 3511 τού-

2095 3564 2223 3605 τους
2299 3544 2609 3608 ἀπευθύνων
2690 3544 2888 3620 ῥοπὴν,
2971 3548 3045 3619 μή
3125 3548 3309 3619 μέντοι
3368 3565 3431 3619 γε
3505 3545 3600 3599 καὶ
3657 3554 3764 3615 τῆς

2098 3632 2346 3707 χείρονος
2420 3630 2800 3695 ἀνεπιδὲκτους
2869 3634 3145 3707 οἰόμενος,
3204 3634 3447 3699 ὶνταῦοεν
3509 3632 3767 3690 ἐκπεσεῖν

2095 3720 2221 3782 τοὺς
2277 3719 2538 3795 δαίμονας
2594 3729 2695 3791 τῆς
2745 3721 3043 3798 ἀγγελικῆς
3108 3725 3306 3794 τάξεως
3366 3723 3765 3797 ἀποφαίνεται,

2094 3810 2208 3881 καὶ,
2266 3810 2405 3864 κακὰ
2461 3811 2522 3865 τὸ
2585 3811 2776 3885 μέτρον
2836 3817 2938 3881 τῆς
2982 3811 3206 3867 ἑκάστου
3239 3812 3387 3881 ἀξίας
3437 3811 3473 3880 ἤ
3522 3814 3764 3882 τάξεως,

2092 3900 2192 3968 τήν
2219 3904 2422 3953 πτῶσιν
2481 3899 2973 3973 ὑπομεμενηκέναι.
3021 3902 3085 3958 Ὀ
3138 3899 3194 3956 δὶ
3242 3900 3558 3972 ἐλληνιχὸς,
3596 3903 3768 3957 ἀναι-

2094 3991 2200 4062 ρῶν
2232 3995 2332 4058 τῆν
2378 3988 2634 4059 τοιαύτην
2690 3988 2863 4065 ροπὴν
2900 3989 2987 4045 ἐπὶ
3030 3995 3137 4045 τῶν
3184 3987 3623 4063 ἀπολελυμὲνων
3655 3996 3763 4046 τοῦ

2091 4076 2342 4149 σώματος
2419 4077 2652 4151 φύσεων,
2730 4079 2865 4150 μετά
2935 4079 3026 4134 τὸν
3089 4077 3383 4154 ἀγγελικὸν
3443 4076 3762 4151 διάκοσμον

2087 4166 2182 4227 τὰς
2233 4163 2519 4238 δαιμονίας
2560 4166 2732 4237 τάξεις
2785 4167 3059 4244 ὑφίστησι,
3116 4171 3214 4223 Κιι
3264 4168 3361 4229 τὰς
3414 4168 3511 4240 μὶν
3570 4168 3761 4224 αὐτῶν

2087 4255 2279 4330 νοερᾶς
2307 4256 2535 4326 τίθεναι,
2558 4257 2653 4319 τὰς
2692 4254 2750 4311 δὲ
2796 4258 2934 4312 κατά
2983 4262 3104 4312 νοῦν
3144 4255 3179 4326 ἥ
3226 4257 3388 4331 λόγον
3422 4256 3765 4326 οὐσιῶσθαι,

2085 4345 2182 4404 τὰς
2234 4341 2290 4398 δὲ
2336 4345 2471 4400 κατὰ
2520 4343 2681 4421 λόγον
2733 4340 2953 4408 αόνως²
3004 4350 3123 4408 ταῖς
3174 4342 3231 4399 δὲ
3281 4344 3415 4417 πρὸς
3464 4349 3546 4416 τῷ
3598 4345 3765 4422 λόγῳ

2086 4430 2521 4507 συματακληροὶ
2580 4434 2670 4487 καὶ
2718 4434 2781 4488 τὸ
2853 4431 3058 4509 ἄλογον
3092 4454 3106 4467 ·
3166 4432 3292 4496 τοὺς
3352 4430 3408 4487 δὲ
3468 4432 3760 4509 ἐσχάτους

2082 4525 2189 4575 τῶν
2249 4517 2523 4592 δαιμόνων
2588 4520 2663 4584 εἷς
2723 4520 2949 4598 ἀλογίαν
3008 4523 3179 4595 μόνην
3239 4521 3598 4598 ἀποῤῥιπτεῖ,
3656 4523 3762 4585 οὖς

2085 4606 2150 4676 δὴ
2206 4608 2295 4662 καὶ
2351 4607 2572 4671 ὑλαίους
2621 4608 2713 4664 καί
2773 4610 3060 4673 ποιναίους
3127 4612 3517 4683 κατονομάζει.
3582 4614 3754 4668 Ἐπι-

2088 4694 2285 4770 διαιριῖ
2334 4693 2391 4751 δὲ
2460 4696 2645 4761 αὐτοῖς
2720 4699 2819 4767 τὴν
2896 4697 3089 4765 κτίσιν,
3161 4696 3255 4753 ’ἕνα
3314 4699 3441 4770 παρ’
3519 4697 3753 4755 Excisa»

2090 4790 2404 4859 ζῶπυρῆται
2454 4785 2542 4840 καὶ
2588 4785 2889 4859 ἐμπνὲηται
2942 4806 2954 4818 ·
3010 4788 3096 4842 καὶ
3156 4792 3273 4849 τοῖς
3334 4787 3432 4860 μὲν
3482 4788 3551 4841 τὸ
3612 4792 3752 4860 πῦρ,

2080 4879 2196 4935 τοῖς
2245 4872 2302 4929 δὲ
2344 4874 2434 4929 τὸν
2478 4874 2626 4948 ἀέρα,
2676 4881 2792 4938 τοῖς
2851 4874 2907 4931 δὲ
2953 4877 3015 4931 τὸ
3062 4872 3231 4952 ὕδωρ,
3260 4881 3377 4937 τοῖς
3408 4873 3470 4931 δὲ
3499 4880 3607 4947 τὴν
3636 4880 3751 4951 γῆν

2080 4964 2430 5033 ὑποτιθησινο
2501 4963 2675 5026 ἐνίους
2748 4963 2805 5019 δὲ
2868 4965 2957 5020 καὶ
3024 4965 3411 5040 κλιματάρχας
3470 4973 3750 5039 ποιεῖται,

2075 5052 2164 5106 καὶ
2218 5054 2487 5127 σωμάτων
2539 5052 2752 5127 ἐτέρους
2782 5053 3087 5129 προστάτας
3136 5053 3226 5109 καὶ
3273 5053 3412 5123 ὕλης
3458 5055 3752 5118 φύλακας.

2075 5142 2394 5214 Ἐμπίπτειν
2445 5140 2501 5196 δὲ
2548 5141 2774 5205 τούτους
2823 5144 2950 5221 φασὶ
3006 5148 3127 5207 ταῖς
3172 5141 3471 5215 ἡμετὲρις
3520 5147 3757 5219 ψυχαῖς

2075 5230 2135 5285 ού
2190 5229 2278 5285 διὰ
2339 5231 2743 5307 μισανθρωπίαν
2806 5253 2862 5287 τε
2925 5232 3015 5287 καὶ
3076 5230 3415 5303 δυσμένειαν,
3482 5230 3617 5286 ἀλλ’
3665 5233 3757 5295 ὡς

2070 5317 2341 5381 κολαστὰς
2399 5321 2471 5373 ὧν
2522 5322 2872 5396 ἡμαρτήκασι
2907 5340 2920 5353 ο
2971 5319 3061 5375 καὶ
3108 5324 3383 5389 κατασπᾷν
3438 5322 3580 5395 πρὸς
3626 5322 3740 5389 τὴν

2071 5407 2231 5479 δλην,
2264 5408 2325 5463 οὗ
2373 5409 2643 5484 λογισμὸν
2698 5404 2925 5486 ἔχοντας
2973 5407 3171 5470 ταύτας
3218 5412 3444 5479 κακοῦν,
3485 5408 3620 5466 ἀλλ’
3656 5408 3761 5465 ἵνα

2067 5498 2128 5552 τὸ
2184 5498 2377 5573 αἶσχος
2427 5498 2646 5553 ἱκείνων
2712 5504 2981 5577 μορφοῖτο
3036 5496 3126 5552 διὰ
3172 5504 3272 5567 τῆς
3324 5498 3539 5553 τούτων
3599 5498 3760 5572 πρὸς

2069 5585 2235 5656 αὐτὴν
2288 5587 2551 5663 σχέσεως.
2638 5588 2738 5643 Τὸν
2820 5584 2878 5642 δὶ
2952 5586 3124 5661 θυμὸν
3200 5586 3423 5649 τούτοις
3491 5588 3585 5642 καὶ
3636 5590 3759 5657 τὴν
