3966 6216
257 309 371 368 877

1625 310 1728 370 DE
1773 310 2281 373 ΒίΕΜΟΝΙΒΗΞ.

3544 319 3664 378 878

258 436 524 495 ἀναίδειαν
577 438 711 494 κατᾶ
764 438 920 517 φύσιν
981 436 1245 512 διδόασιν,
1306 440 1379 502 ὡς
1427 446 1546 504 ταῖς
1600 440 1892 516 παρδάλεσι

2015 460 2130 500 non
2160 449 2387 500 tantum
2418 444 2870 513 orbicularibus,
2905 448 3004 503 sed
3030 452 3085 503 et
3107 447 3492 520 longioribus,
3522 467 3666 506 non-

253 529 479 591 καὶτοῖς
536 527 743 600 λέουσι,
793 528 884 583 καὶ
918 528 1133 601 σώμασι
1194 526 1261 599 δὴ
1292 528 1517 593 τούτους
1575 528 1893 604 ἰνδεσμοῦσι

256 618 473 680 λεπτοῖς
546 618 635 673 καὶ
708 617 911 691 ἀερίοις
979 618 1068 673 καὶ
1142 614 1365 675 ἔλαττον
1437 620 1770 688 ἀντιτύποις,
1831 620 1892 675 ού

253 706 560 785 περιφερέσι
618 707 823 780 μόνον,
876 705 1019 762 ἀλλὰ
1075 709 1166 762 καὶ
1238 706 1595 782 έπιμήκεσιν,
1668 704 1892 765 ἔλαττον

255 800 350 869 μιν
378 797 578 875 φωτὸς,
637 796 806 851 πΛέον
836 793 893 850 δὲ
915 800 1013 851 τοῦ
1042 794 1280 872 γεώδους
1309 797 1534 860 σκότους
1581 797 1892 873 μετέχουσι.

2005 533 2149 588 nihil
2182 533 2425 590 luminis
2450 535 2757 605 habentes,
2778 536 2925 607 {plus
2946 541 3142 592 tamen
3169 539 3536 594 terrestrium
3570 545 3659 595 te-

2006 622 2252 677 nebraru
2265 624 2754 695 m.Cognitionem
2768 642 2899 680 vero
2918 631 2975 680 et
2992 628 3322 681 futurorum
3349 628 3655 697 prazscien-

2004 710 2145 767 tiam
2174 711 2291 766 illis
2315 712 2507 768 inesse
2534 718 2888 769 attestantur
2911 732 2976 769 ex
2996 714 3199 770 multis
3240 715 3475 786 quidem
3520 734 3660 788 pra)-

2006 800 2210 878 se_rtim
2243 817 2375 856 vero
2408 818 2475 856 ex
2508 806 2800 857 astrorum
2840 804 3062 873 figuris.

254 888 367 955 Τὴν
402 883 460 940 δὲ
487 888 684 961 γνῶσιν
714 885 899 948 αὐτοῖς
928 884 1019 939 καὶ
1048 890 1155 939 τῶν
1183 884 1499 958 μελλόντων
1525 889 1623 957 τὴν
1659 888 1965 963 πρόγνωσιν
1999 887 2057 942 ἐκ
2086 886 2312 943 πολλῶν
2350 889 2443 960 μὲν
2472 889 2559 943 καὶ
2593 886 2778 944 ἄλλων
2817 889 3267 965 ἐπιμαρτυροῦσι,
3321 890 3559 965 μάλιστα
3604 890 3660 947 δὲ

251 972 306 1029 ἐκ
344 978 457 1029 τῶν
478 974 598 1049 περὶ
629 972 757 1035 τοὺς
790 974 1014 1045 ἀστέρας
1047 976 1373 1049 σχημάτων.
1406 978 1587 1033 Ταῦτα
1618 973 1676 1030 δὲ
1706 974 2009 1053 ΙΙορφύριοί
2041 997 2167 1054 φασι
2198 977 2287 1030 καὶ
2322 973 2662 1053 Ἰάμϐλιχοι.

319 1081 391 1157 β’.
450 1081 639 1135 Ἕθυον
702 1077 759 1135 δὲ
809 1086 928 1142 τοῖς
986 1081 1248 1156 αἰθερίοις
1329 1084 1423 1154 μὲν
1493 1083 1560 1137 τὰ
1634 1081 1801 1138 λευκᾶ
1858 1082 1895 1152 ἢ

247 1170 430 1246 πυῤῥὰ
482 1174 589 1225 τῶν
652 1170 828 1239 ζώων,
889 1166 979 1225 διά
1030 1191 1086 1225 τε
1139 1171 1203 1225 τὸ
1262 1170 1497 1245 αἰθέριον
1552 1177 1758 1248 χρῶμα
1805 1172 1895 1227 καὶ

242 1261 341 1328 τήν
422 1259 765 1334 καθαρότητα
836 1265 935 1321 τ’ῖς
1012 1259 1231 1314 ἐκείνων
1303 1263 1535 1337 φύσεως,
1610 1262 1747 1334 ὑψοῦ
1802 1262 1892 1316 τὸν

241 1349 396 1424 κριὸν
428 1350 463 1419 ἢ
495 1349 593 1417 τὴν
642 1345 824 1426 ἔριφον
858 1348 1351 1421 λαιμοτομοῦντες,
1384 1349 1460 1413 ὡς
1500 1351 1590 1405 καὶ
1619 1352 1893 1425 Ὅμηρος,

240 1462 268 1489 ‹‹
328 1437 413 1494 Αὗ
467 1434 656 1510 ἔρυσαν
718 1436 814 1509 μὲν
872 1441 1083 1512 πρῶτα,
1143 1462 1173 1490 ››
1232 1438 1385 1515 φησὶ,
1453 1465 1480 1493 «ι
1534 1439 1623 1493 καὶ
1668 1437 1893 1516 ἔσφαξαν

241 1551 271 1578 κ
319 1526 414 1580 καὶ
464 1520 697 1601 ἔδειραν.
732 1550 760 1577 ››
813 1528 941 1587 Τοῖς
986 1525 1192 1601 ἀερίοις
1242 1524 1298 1581 δὲ
1342 1525 1568 1582 ποικίλα
1615 1536 1893 1603 προσῆγον

241 1616 326 1670 καὶ
392 1620 509 1678 τοῖς
562 1616 823 1690 χρώμασι
873 1614 1171 1687 σύμμικτα·
1203 1621 1318 1677 τοῖς
1349 1613 1406 1670 δέ
1443 1637 1504 1691 γε
1538 1617 1896 1691 ὑποχθονίοις

245 1704 581 1773 ἰζωοθύτουν
638 1704 924 1779 ἀντίχροα,
995 1705 1085 1759 καὶ
1142 1704 1290 1759 κάτω
1346 1706 1446 1773 τὴν
1504 1705 1749 1781 κεφαλὴν
1798 1711 1893 1761 τοῦ

244 1793 486 1865 θύματος
540 1789 828 1860 ἕλκοντες,
889 1790 1031 1846 οὕτω
1072 1791 1202 1854 τοὺς
1255 1792 1543 1867 αὐχενίους
1594 1792 1891 1864 ἀπέτεμνον

243 1884 512 1943 τένοντας·
568 1887 686 1943 τοῖς
742 1878 799 1935 δέ
854 1902 941 1956 γε.
979 1883 1166 1954 μέσοις
1214 1880 1608 1957 πλαγιάζοντες
1665 1884 1732 1936 τὰ
1765 1882 1890 1946 θυό-

246 1992 404 2044 μενα,
491 1967 876 2046 έδειροτόμουν
950 1972 1047 2032 τὰς
1127 1969 1385 2045 κεφαλάς·
1472 1971 1583 2025 εἶτα
1663 1968 1740 2037 δὲ,
1793 1972 1892 2033 τὰς

241 2062 506 2137 γαστέρας
566 2060 746 2115 αὐτῶν
803 2059 1211 2135 ἀνασχίζοντες,
1263 2060 1363 2128 τήν
1416 2058 1641 2136 καρδίαν
1672 2064 1888 2134 πρῶτον

239 2149 613 2223 κατέτεμνον,
670 2150 757 2203 καὶ
811 2149 905 2204 τὸν
968 2148 1063 2220 μὲν
1119 2148 1287 2221 ὑμένα
1347 2148 1547 2219 ταύτης
1590 2155 1734 2212 θεοῖς
1785 2170 1892 2203 πα-

324 2240 334 2257 ρ
506 2240 519 2257 ν
572 2239 593 2270 ι
735 2257 746 2270 ,
840 2242 867 2253 ..
1005 2237 1025 2269 ι
1337 2242 1363 2253 -
1510 2240 1522 2255 ς
1637 2240 1652 2257 κ
1724 2235 1747 2254 δ

235 2260 439 2315 τρῳοις
494 2239 723 2293 απδθυον
802 2259 907 2293 των
971 2235 1028 2292 δε.
1084 2258 1147 2311 γε
1176 2237 1405 2293 κοιλιων
1463 2258 1561 2307 την
1596 2259 1689 2311 μεν
1720 2238 1891 2308 δεξιὰν

240 2326 595 2385 ἀνατέλλοντι
662 2332 742 2398 τῷ
791 2326 939 2400 ἡλίῳ
994 2326 1276 2398 κατέθυον,
1331 2329 1429 2396 τὴν
1490 2325 1547 2382 δὲ
1605 2328 1887 2400 εὐώνυμον

236 2417 469 2485 δύνοντι,
524 2418 616 2471 τὸν
675 2413 733 2470 δὲ
768 2416 993 2491 βόθυνον
1028 2414 1149 2490 ἄρτι
1205 2419 1690 2489 μεσουρανήσαντι.
1733 2416 1891 2473 Οὕτω

235 2505 413 2562 δὲκαὶ
469 2511 567 2561 τοῦ
623 2502 833 2575 ἥπατος
892 2503 1275 2567 ἀποδιελόντες
1328 2507 1417 2560 τὸν
1474 2505 1641 2577 ὑμένα
1687 2505 1889 2581 ἠρέμα,

236 2598 291 2657 ἃς
350 2596 456 2650 ὑπὸ
512 2599 611 2650 τοῦ
668 2595 1013 2671 περιτοναίου
1070 2599 1149 2666 τῷ
1227 2594 1531 2671 σπλάγχνῳ
1590 2594 1888 2661 ἐπίκειται,

238 2692 334 2754 τῆς
404 2684 500 2755 μὶν
575 2682 821 2753 κεφαλῆς
886 2688 1003 2744 τοῖς
1062 2683 1457 2758 ὑπερκοσμίοις
1517 2688 1890 2759 κατήρχοντο,

234 2772 363 2836 τοὺς
428 2770 485 2827 δὲ
544 2767 746 2837 λοϐοὺς
799 2776 915 2834 τοῖς
970 2773 1125 2827 πέντε
1190 2770 1463 2843 πλάνησιν
1525 2770 1887 2828 ἀπεδίδοσαν*

236 2862 297 2917 τὸ
358 2859 421 2917 δέ
476 2882 538 2935 γε
585 2861 841 2935 νέκρωμα
895 2857 1037 2934 ’ᾎδῃ
1106 2860 1195 2915 καὶ
1256 2862 1564 2936 Περσεφόνῃ
1609 2864 1890 2926 κατέθυον.

238 2952 371 3009 Εἶτα
404 2947 473 3019 δὴ
514 2953 623 3004 τῶν
657 2949 934 3023 θυομένων
983 2951 1431 3025 περιειργυὶζοντο
1488 2953 1555 3006 τὰ
1601 2951 1888 3024 πτώματα,

235 3040 279 3095 εἰ
312 3039 407 3095 ἐπὶ
455 3039 522 3093 τὰ
582 3036 727 3109 δεξιὰ
784 3038 1056 3110 πίπτοιεν,
1113 3037 1149 3108 ἢ
1197 3038 1283 3094 ἐπὶ
1340 3040 1406 3094 τὰ
1448 3038 1595 3095 λαιά·
1646 3041 1887 3104 κάκεῖθεν

235 3130 331 3200 μὲν
367 3126 519 3197 δεξιά
548 3128 760 3188 ἑαυτοῖς
813 3127 1191 3201 ἐμαντεύοντο,
1254 3128 1398 3183 οὕτω
1456 3126 1512 3183 δὲ
1543 3127 1886 3203 έπαριστεροῖ.

2074 1086 2129 1139 2.
2188 1084 2576 1141 Immolabant
2604 1087 2875 1142 azthereis
2904 1086 3036 1141 alba
3086 1092 3141 1142 et
3191 1087 3347 1144 fulva
3378 1090 3659 1148 animalia

2007 1180 2243 1245 propter
2272 1174 2589 1230 aathereum
2621 1175 2874 1231 colorem
2910 1180 3253 1247 naturaeque
3306 1194 3509 1233 eorum
3545 1198 3656 1250 pu-

2004 1263 2260 1332 ritatem,
2290 1262 2403 1319 alte
2427 1265 2667 1320 arietem
2699 1269 2755 1320 et
2787 1264 3022 1320 bcedum
3047 1266 3415 1336 jugulantes,
3449 1272 3514 1322 ut
3550 1270 3656 1325 lio-

2006 1368 2203 1408 merus
2236 1352 2412 1407 dicit:
2445 1376 2473 1403 ‹ι
2496 1354 2671 1408 Porro
2696 1353 3082 1409 immolabant
3113 1354 3298 1425 prius,
3329 1361 3386 1410 et
3408 1355 3652 1428 jugula-

2007 1439 2146 1495 bant
2176 1446 2232 1496 et
2261 1442 2691 1511 discerpebant.
2728 1460 2754 1492 ι
2790 1442 2977 1497 Aeriis
3004 1449 3201 1497 autem
3235 1444 3396 1499 varia
3446 1445 3650 1501 offere-

2006 1529 2147 1584 bant
2185 1534 2242 1584 et
2272 1529 2569 1586 coloribus
2601 1531 2991 1599 commiscua;
3026 1532 3270 1587 infernis
3301 1550 3433 1588 vera
3463 1551 3648 1605 oppo-

2003 1618 2115 1673 sito
2146 1619 2336 1674 colore
2357 1618 2636 1673 animalia
2661 1619 2989 1686 offerentes,
3020 1626 3076 1674 et
3119 1621 3189 1675 ad
3223 1626 3437 1677 terram
3470 1623 3641 1677 victi-

2005 1723 2111 1761 mae
2169 1713 2344 1779 caput
2399 1708 2698 1763 trahentes
2753 1708 2803 1763 ei
2864 1709 3143 1764 cervicem
3199 1711 3645 1781 abscindebant,

2005 1795 2213 1850 deinde
2243 1812 2444 1851 eorum
2477 1801 2736 1852 ventrem
2770 1796 3208 1867 discerpebant;
3237 1815 3303 1853 ac
3334 1799 3521 1869 primo
3554 1817 3653 1857 cor

1998 1883 2373 1939 dissecabant
2403 1886 2575 1953 cujus
2607 1890 3011 1957 tegumentum
3045 1886 3160 1941 diis
3194 1888 3401 1958 patriis
3451 1890 3652 1944 oti'ere-

2002 1974 2163 2027 bant.
2226 1974 2691 2029 Ventriculurum
2750 1992 2881 2030 vero
2941 1977 3210 2030 dextrum
3271 1977 3478 2031 orienti
3538 1978 3649 2033 soli

2001 2062 2733 2131 immolabant,sinistrum
2761 2068 2956 2119 autem
2980 2065 3288 2131 occidenti,
3309 2065 3648 2138 fossamque

2002 2151 2188 2206 eidem
2210 2151 2317 2205 soli
2344 2152 2739 2222 mediumjam
2760 2152 3644 2227 ccelumattingenti.Postquam

2002 2257 2132 2296 vero
2158 2260 2189 2295 a
2208 2241 2402 2312 jecore
2426 2246 2832 2312 tegumentum
2858 2241 3007 2296 lente
3028 2250 3465 2314 separaverant,
3492 2246 3647 2313 quod

2002 2330 2111 2384 sub
2174 2330 2483 2399 perotinreo
2544 2330 2866 2385 visceribus
2924 2331 3210 2399 subjacet,
3244 2332 3371 2400 ejus
3410 2333 3647 2400 quidem

2002 2424 2178 2488 caput
2208 2418 2280 2473 iis
2302 2418 2401 2488 qui
2431 2435 2610 2488 supra
2636 2419 2922 2473 mundum
2952 2424 3092 2473 sunt
3114 2420 3456 2483 oti‘erebant,
3482 2420 3648 2476 lobos

2002 2513 2195 2561 autem
2258 2508 2520 2578 quinque
2572 2506 2823 2577 planetis
2872 2508 3229 2575 reddebant;
3283 2509 3649 2580 cadaverque

2004 2595 2235 2650 Plutoni
2282 2602 2338 2651 et
2380 2597 2739 2667 Proserpina:
2791 2596 3219 2651 sacriﬁcabant.
3254 2599 3655 2652 Ubservabant

2001 2685 2213 2739 deinde
2236 2689 2435 2739 utrum
2457 2684 2830 2739 victimarum
2856 2685 3139 2739 cadavera
3168 2687 3240 2740 ad
3274 2686 3533 2741 dextram
3557 2688 3645 2742 vel

2001 2774 2071 2828 ad
2096 2773 2392 2829 sinistram
2420 2774 2914 2843 caderent.Atque
2938 2773 2995 2826 in
3030 2774 3099 2827 de
3123 2771 3235 2827 sibi
3260 2775 3652 2844 conjiciebant

2003 2863 2195 2917 fausta
2225 2863 2309 2917 vel
2332 2861 2609 2916 infausta.
2638 2862 3033 2917 Metiebantur
3050 2861 3227 2917 etiam
3252 2864 3653 2919 convulsionis

2003 2957 2132 3022 post
2167 2950 2629 3006 immolationem
2663 2958 2928 3021 tempus;
2962 2956 3019 3005 et
3062 2951 3109 3004 si
3162 2951 3401 3022 quidem
3447 2954 3650 3008 statim

1999 3039 2236 3094 victima
2266 3040 2609 3110 exspiraret,
2643 3040 2889 3093 celerem
2944 3039 3054 3093 sibi
3109 3056 3307 3094 eorum
3344 3058 3469 3112 quae
3503 3043 3650 3097 inie-

2002 3133 2133 3183 rant
2187 3129 2362 3183 ﬁnem
2415 3127 2841 3198 conjiciebant;
2876 3127 2925 3181 si
2968 3127 3189 3197 minus,
3245 3130 3559 3185 tardiorem
3593 3136 3650 3186 et

234 3217 537 3290 Ἐμέτρουν
597 3213 655 3270 δὲ
727 3216 815 3271 καὶ
892 3215 981 3270 τὸν
1055 3220 1151 3270 τοῦ
1210 3222 1532 3291 σπαραγμοῦ
1600 3218 1733 3289 μετά
1787 3220 1886 3287 τήν

2013 3217 2408 3272 iifﬁciliorem.
2434 3217 2558 3274 Non
2594 3216 2869 3271 omnibus
2893 3218 3090 3271 omnia
3114 3217 3233 3272 hmo
3248 3219 3646 3288 perﬁciebant,

233 3305 428 3361 θυσίαν
470 3305 679 3379 καιρόν·
735 3302 845 3377 καὶ,
898 3304 946 3359 εἷ’
996 3304 1089 3377 μὶν
1133 3304 1329 3360 αὐτίκα
1372 3306 1439 3360 τὰ
1487 3306 1699 3378 θύματα
1754 3306 1889 3361 ἁπο-

234 3394 486 3451 πνεύσειε
521 3440 535 3466 ,
599 3393 822 3468 ταχείας
901 3392 1108 3455 ἒαύτοῖς
1155 3394 1251 3454 τὰς
1307 3392 1563 3456 τελευτὰς
1632 3394 1755 3470 περὶ
1815 3396 1886 3449 ὧν

233 3484 551 3557 προσῄεσαν
609 3481 970 3556 ἐμαντεύοντο
1005 3502 1018 3515 ⁸
1099 3482 1144 3537 εί
1203 3480 1250 3536 δ’
1308 3480 1369 3537 ού
1403 3528 1419 3553 ,
1486 3484 1888 3554 ἀποτεταμένας

236 3574 329 3628 καὶ
389 3572 685 3648 πράγματα
738 3571 992 3647 ἐχούσας.
1056 3573 1135 3629 Ού
1194 3576 1322 3626 πᾶσι
1356 3569 1413 3626 δὲ
1450 3571 1621 3628 πάντα
1652 3572 1887 3641 ἐτέλουν,

238 3661 389 3717 ἀλλᾶ
418 3667 536 3724 τοῖς
567 3660 799 3724 οἴκείοις
829 3668 929 3729 τῆς
983 3659 1285 3737 ληφθείσης
1319 3660 1518 3726 θυσίας.
1568 3663 1664 3716 Καὶ
1712 3684 1891 3740 νηφαο

233 3750 387 3814 λέοις
445 3752 539 3824 μὶν
598 3748 931 3825 έόρυτόμουν
978 3751 1066 3804 καὶ
1129 3749 1329 3805 ἐκεῖθεν
1398 3750 1635 3819 ἀνῆπτυν
1695 3752 1887 3823 πυράς·

230 3842 487 3917 Βίκχαις
538 3837 593 3895 δὲ
652 3841 738 3895 καὶ
802 3838 1041 3912 Διονύσῳ
1094 3837 1428 3913 κληματίσιν
1487 3839 1732 3895 ἀνέκαιον
1791 3841 1891 3909 τὴν

2000 3307 2099 3361 sed
2134 3312 2362 3361 tantum
2400 3306 2472 3360 iis
2511 3306 2579 3359 aid
2615 3322 2763 3376 quos
2796 3306 2866 3359 de
2898 3310 3204 3376 assumpta
3236 3307 3473 3361 victima
3514 3324 3649 3377 per-

2002 3396 2259 3463 tinebat;
2310 3401 2368 3449 et
2398 3394 2609 3450 sobriis
2651 3394 2886 3465 quidem
2919 3410 3171 3465 quercus
3203 3395 3550 3451 scindebant
3593 3401 3650 3452 et

2000 3486 2135 3540 inde
2186 3501 2356 3556 pyras
2406 3484 2821 3551 accendebant;
2849 3483 3272 3538 bacchantibu‘s
3304 3496 3361 3539 et
3392 3484 3647 3557 Dionyse

2001 3591 2205 3644 rogum
2232 3573 2548 3628 sarmentis
2582 3572 2993 3639 incendebant;
3031 3576 3088 3626 et
3109 3573 3308 3627 omnia
3351 3573 3467 3628 illis
3510 3575 3647 3630 vino

2000 3662 2624 3734 spargebantur.Thus
2653 3678 2786 3715 vero
2808 3666 2864 3715 et
2888 3661 3125 3732 myrrha
3152 3678 3356 3716 crocus
3375 3668 3430 3717 et
3453 3664 3649 3719 resina

2001 3753 2113 3807 diis
2135 3752 2643 3806 distribuebantur
2672 3751 2739 3804 ad
2778 3766 2926 3820 quos
2958 3750 3026 3805 de
3059 3750 3314 3822 singulis
3342 3753 3648 3809 sacriﬁciis

2001 3840 2355 3912 pertinebat.

228 3931 525 4006 πυρκαϊάνο
560 3931 645 3984 καὶ
680 3928 851 3984 πάντα
878 3929 1092 3991 τούτοις
1125 3926 1471 3983 οῗνόσπονδασ
1507 3930 1534 3984 ὁ
1567 3926 1625 3984 δὲ
1656 3924 1958 3991 λιϐανωτὸς
1990 3928 2078 3983 καὶ
2113 3931 2147 3997 ἡ
2181 3927 2412 4003 σμύρνα,
2446 3928 2473 3982 ὁ
2504 3925 2699 4002 χρόνος
2726 3947 2785 3982 τε
2811 3926 2899 3981 καὶ
2950 3928 2984 3996 ἡ
3020 3926 3209 4003 ῥητίνη
3271 3924 3642 4002 διεμερίζοντο

225 4025 347 4082 τοῖς
375 4018 459 4097 ἐφ’
491 4018 729 4089 ἑκάστης
761 4017 945 4080 θυσίας
973 4018 1139 4079 θεοῖς.

302 4128 377 4202 γ’.
444 4126 530 4181 Τὰ
587 4121 645 4179 δέ
694 4144 754 4199 γε
807 4126 1081 4200 μυστήρια
1143 4122 1377 4193 τούτων,
1436 4124 1522 4177 οἷα
1579 4122 1771 4179 αὐτίκα
1822 4124 1890 4177 τὰ

232 4214 549 4272 Ἐλευσίνια
584 4257 597 4283 ,
668 4213 760 4268 τὸν
839 4214 1063 4286 μυθικὸν
1125 4212 1470 4288 ὑποκρίνεται
1530 4213 1624 4267 Δία
1687 4211 1890 4286 μιγνύ-

236 4325 403 4376 μενον
462 4306 534 4376 τῇ
595 4306 752 4372 Δηοῖ,
782 4299 954 4377 ἤγουν
991 4301 1060 4376 τῇ
1094 4304 1368 4377 Δήμητρι,
1416 4303 1503 4356 καὶ
1551 4306 1620 4375 τῇ
1668 4301 1887 4377 θυγατρὶ

226 4393 440 4461 ταύτης
474 4392 834 4469 Ιίερσεφάττῃ,
881 4395 949 4463 τῇ
998 4390 1088 4445 καὶ
1135 4391 1305 4465 Κόρῃ.
1357 4388 1582 4459 Ἐπειδή
1617 4388 1673 4445 δὲ
1723 4386 1886 4463 ἔμελ-

228 4481 332 4538 λον
385 4482 479 4536 καὶ
508 4478 817 4557 άφροδίσιοι
867 4480 954 4534 ἐπὶ
986 4481 1055 4551 τῆ
1101 4482 1296 4552 μυήσει
1346 4478 1586 4554 γίνεσθαι
1638 4479 1887 4535 συμπλο-

227 4573 346 4641 καὶ,
406 4567 695 4625 ἀναδύεταί
752 4590 871 4634 πως
918 4572 952 4638 ἡ
1004 4566 1303 4644 Ἀφροδίτη
1336 4568 1441 4624 ἀπό
1471 4590 1632 4624 τινων
1675 4568 1886 4624 πεπλα-

2067 4126 2120 4182 3.
2154 4126 2366 4179 Eorum
2399 4128 2597 4180 autem
2631 4124 2927 4196 mysteria,
2964 4127 3028 4178 ut
3058 4123 3375 4192 Eleusinia,
3428 4125 3645 4198 mythi-

1998 4231 2131 4270 cum
2165 4213 2450 4269 simulant
2475 4214 2675 4268 Jovem
2710 4229 2845 4268 cum
2877 4214 3082 4269 Cerere
3116 4213 3235 4268 sive
3268 4212 3538 4268 Demetre
3590 4219 3647 4270 et

1998 4304 2127 4373 ejus
2159 4302 2278 4357 lilia
2328 4301 2695 4372 Proserpina,
2746 4318 2871 4371 quas
2920 4305 2978 4355 et
3028 4301 3195 4372 Virgo
3247 4307 3646 4373 nuncupatur,

1999 4396 2503 4448 consuescentem.
2539 4390 2823 4457 Quoniam
2876 4398 3070 4444 autem
3126 4390 3196 4444 ad
3249 4390 3643 4446 initiationem

1998 4481 2119 4535 fieri
2154 4480 2445 4534 debebant
2475 4478 2704 4533 venerei
2736 4477 3099 4549 complexus,
3132 4479 3337 4551 eli'ugit
3372 4480 3426 4534 in
3460 4480 3646 4535 ultum

2004 4587 2162 4624 mare
2193 4570 2383 4625 Venus
2410 4584 2474 4623 ex
2510 4568 2767 4637 quodam
2798 4567 3045 4622 conficto
3090 4572 3395 4638 apparatu.
3433 4570 3649 4624 Deinde

229 4659 449 4732 σμένων
505 4655 725 4730 μηδέων
776 4657 1055 4733 πελάγιος.
1088 4659 1219 4714 Εἶτα
1268 4654 1325 4712 δὲ
1369 4656 1651 4732 γαμήλιος
1681 4657 1892 4733 λέγεται

2013 4658 2288 4729 nuptialis
2318 4656 2535 4711 dicitur
2556 4660 2763 4711 cautus
2797 4656 2853 4709 in
2885 4657 3250 4727 Proserpinae
3281 4656 3561 4712 honorem
3594 4662 3649 4712 et

230 4748 325 4803 ἐπὶ
384 4751 456 4821 τῇ
509 4746 655 4822 Κόρῃ
709 4747 985 4820 ὑμέναιος,
1018 4748 1108 4802 καὶ
1139 4743 1426 4817 ἐπᾴδουσιν
1462 4748 1513 4801 οἱ
1543 4746 1889 4819 τελούμενον

226 4863 256 4890 α
295 4839 396 4895 Ἐκ
446 4836 732 4909 τυμπάνου
788 4834 1009 4910 ἔφαγον,
1060 4833 1120 4891 ἐκ
1151 4830 1451 4908 κυμϐάλων
1485 4832 1659 4904 ἔπιον,
1690 4835 1896 4912 ἐκιρνο-

228 4952 257 4977 α
295 4928 544 5004 φόρησα,
605 4926 710 4981 ὑπὸ
762 4925 853 4980 τὸν
886 4925 1088 4979 παστὸν
1152 4921 1374 4979 είσέδυν.
1437 4948 1465 4975 ››
1521 4923 1892 4999 Ύποκρίνεται

227 5012 290 5070 δὲ
343 5013 437 5069 καὶ
482 5016 576 5076 τὰς
624 5021 724 5084 τῆς
755 5018 934 5085 Δηοῦς
991 5011 1212 5075 ὠδῖνας.
1272 5014 1561 5089 Ἰκετηρίαι
1610 5018 1737 5088 γοῦν
1797 5015 1895 5069 αύ-

224 5104 367 5157 τίκα
419 5100 597 5174 Δηοῦς
644 5101 735 5157 καὶ
784 5101 968 5178 χολῆς
1011 5102 1169 5163 πόσις
1225 5102 1316 5156 καὶ
1362 5099 1730 5177 καρδιαλγίαι.
1782 5102 1897 5179 Ἐφ’

227 5196 319 5255 οἷς
371 5192 465 5247 καί
512 5212 565 5246 τι
624 5190 982 5267 τραγοσκελὲς
1032 5191 1260 5264 μίμημα
1318 5190 1713 5265 παθαινόμενον
1770 5191 1895 5265 περὶ

226 5287 357 5343 τοῖς
398 5278 679 5353 διδύμοις,
734 5279 923 5356 ὅτιπερ
972 5281 1000 5335 ὁ
1054 5279 1206 5348 Ζεὺς,
1260 5277 1412 5342 δίκας
1464 5279 1752 5341 ἀποτιννὺς
1798 5288 1899 5351 τῆς

230 5371 363 5446 βίας
424 5372 494 5444 τῇ
552 5370 854 5445 Δήμητρι,
911 5369 1115 5444 τράγου
1172 5362 1361 5444 ὄρχεις
1420 5368 1714 5441 ἀποτεμὼν
1749 5415 1763 5441 ,
1821 5374 1899 5441 τῷ

223 5458 437 5531 κόλπῳ
479 5457 682 5527 τυύτης
729 5458 978 5512 κατέθετο
1024 5456 1206 5533 ὣσπερ
1263 5455 1329 5525 δὴ
1379 5455 1467 5511 καὶ
1501 5458 1711 5514 ἑαυτοῦ.
1772 5459 1894 5514 Ἐπὶ
1932 5510 1940 5518 ,

222 5555 407 5604 πᾶσιν
466 5549 523 5602 αἱ
574 5547 670 5603 τοῦ
730 5545 991 5602 Διονύσου
1036 5545 1193 5619 τιμαὶ
1242 5544 1332 5601 καὶ
1381 5547 1416 5615 ἡ
1465 5546 1640 5608 κίστις
1691 5545 1779 5600 καὶ
1832 5547 1901 5601 τὰ

226 5635 622 5713 πολυόμφαλα
652 5636 887 5707 πόπανα,
932 5636 1020 5692 καὶ
1061 5635 1111 5691 οἷ
1143 5639 1223 5709 τῷ
1272 5629 1526 5708 Σαϐαζίῳ
1573 5634 1897 5709 τελούμενοι

2004 4753 2223 4802 canunt
2251 4745 2464 4800 initiati
2500 4760 2512 4799 :
2550 4766 2576 4794 ‹‹
2610 4745 2691 4799 Ex
2724 4749 3000 4816 tympano
3032 4744 3281 4812 comedi,
3315 4762 3381 4800 ex
3413 4747 3650 4814 cymba-

2004 4836 2076 4891 lis
2111 4834 2254 4901 bibi,
2285 4830 2713 4907 ἐκιρνοφόρησα,
2744 4833 2803 4888 in
2837 4833 3052 4889 atrium
3087 4833 3391 4905 ingressus
3417 4852 3576 4891 sum.
3622 4857 3649 4884 »

2004 4923 2298 4979 Simulant
2354 4922 2528 4978 etiam
2582 4922 2805 4977 Cereris
2854 4926 3085 4993 partum
3123 4940 3135 4977 :
3171 4922 3365 4978 statim
3426 4923 3652 4979 Cereris

2004 5012 2463 5085 supplicationes
2520 5015 2578 5066 et
2635 5009 2788 5065 fellis
2841 5015 3014 5082 potus
3068 5015 3126 5066 et
3172 5011 3366 5067 cordis
3398 5012 3650 5069 dolores.

2005 5103 2143 5157 Post
2190 5100 2365 5155 ﬁebat
2416 5099 2746 5170 capripedis
2796 5099 3233 5155 imitamentum
3286 5101 3655 5155 vehementer

2007 5192 2076 5246 de
2130 5187 2422 5244 testiculis
2478 5186 2690 5252 aﬂecti,
2742 5203 2807 5243 eo
2867 5187 3020 5259 quod
3072 5187 3301 5259 Jupiter
3346 5187 3539 5243 Cereri
3586 5187 3653 5241 il-

2009 5281 2135 5335 latae
2194 5277 2481 5333 violentize
2533 5278 2634 5346 jus
2692 5276 2922 5333 solvens
2980 5276 3141 5347 capri
3195 5274 3498 5332 testiculos
3554 5277 3657 5330 ab-

2006 5370 2223 5426 scissos
2282 5368 2410 5437 ejus
2469 5366 2625 5421 sinui
2685 5365 2967 5437 imposuit
3027 5370 3091 5419 ut
3147 5369 3205 5419 et
3262 5382 3389 5420 suo.
3456 5367 3514 5420 in
3549 5365 3657 5420 ho-

2015 5474 2219 5513 norem
2254 5455 2491 5528 Dionysi
2549 5454 3046 5526 impendebantur
3076 5454 3399 5525 praesertim
3432 5455 3578 5510 cista
3608 5458 3663 5508 et

2012 5546 2229 5602 multos
2285 5547 2571 5600 umbones
2630 5542 2908 5598 habentia
2965 5558 3238 5614 popana,
3299 5547 3357 5599 et
3414 5543 3656 5598 Sabazio

2008 5634 2225 5691 initiati
2283 5638 2340 5691 et
2415 5632 2626 5706 stipem
2706 5630 2877 5686 matri
2957 5631 3199 5688 deorum
3287 5634 3653 5704 quaerentes,
