3966 6216
363 293 483 354 875

1695 291 2121 356 MICHAELIS
2168 292 2437 355 PSELLI

3656 292 3772 352 816

435 422 701 481 THRAX.
736 423 820 480 Ne
858 423 988 493 tibi,
1029 440 1250 496 quaeso,
1286 422 1650 493 dulcissime,
1681 437 1857 495 grave
1889 438 2008 477 mo-

2197 424 2400 493 ΘΡᾼΞ.
2444 420 2539 489 Μή
2612 418 2811 494 ἄχθου,
2879 416 3104 497 φίλτατα
3170 416 3423 495 ἀνδρῶν’
3484 421 3621 476 Θεοῦ
3676 420 3776 496 γὰρ

367 512 660 570 lestumve
703 512 811 568 hoc
843 514 952 582 sit;
1004 513 1119 569 Deo
1168 513 1321 568 enim
1362 512 1633 583 juvante,
1665 511 1715 567 si
1753 528 2008 582 unquam

2131 509 2484 584 παρέχοντος,
2556 507 2610 565 εἷ’
2648 509 2780 564 ποτέ
2833 529 2919 563 σοι
2974 506 3447 582 συνενεχθείημεν,
3498 508 3556 564 ὃν
3610 508 3673 564 ἃν
3704 513 3779 581 τῷ

365 607 568 660 tecum
601 618 720 658 una
750 602 1024 657 eumdem
1050 602 1109 656 in
1142 601 1332 657 locum
1367 601 1810 670 conveniamus,
1843 601 2008 672 quid-

2131 596 2279 673 λόγῳ
2300 596 2460 669 ἐνδεῖ,
2485 595 2796 674 φιλοτίμως
2842 598 2974 674 ὑπὶρ
3003 599 3102 667 τὴς
3137 598 3516 675 Συρακουσίων
3546 600 3663 672 (44)
3694 595 3780 652 δε-

370 690 511 763 quid
545 690 749 746 huicce
780 690 1166 763 disputationi
1193 694 1407 745 nostra:
1421 690 1625 745 deesse
1644 689 1752 745 tibi
1767 690 2017 759 videtur,

373 780 431 835 id
464 780 697 849 copiose
726 795 793 834 ac
821 778 1143 834 liberaliter
1171 794 1350 850 supra
1380 778 1883 850 Syracusanorum
1916 780 2019 834 de-

374 868 565 925 cimas
597 868 1063 939 repensabimus.

2127 687 2291 749 κάτας
2324 699 2528 758 καταθη
2539 686 2597 743 σό
2607 698 2764 761 μεθα.

1758 956 1902 1013 GAU
1912 957 2104 1013 LMINl
2156 956 2386 1015 NOT/E.

374 1072 664 1146 Procloﬂet
691 1071 1033 1146 Porphyrio,
1066 1073 1224 1129 edita
1252 1078 1412 1141 sunt,
1446 1073 1887 1146 aliquaultimo
1929 1091 2024 1131 ca-

373 1146 492 1216 pite
514 1144 744 1217 aﬂ‘erat,
770 1144 905 1217 quae
926 1146 1239 1217 desumpta
1266 1161 1336 1201 ex
1366 1147 1624 1201 secundo
1654 1145 1775 1211 illo,
1808 1145 1855 1201 si
1889 1147 2024 1216 quis

373 1214 481 1283 est,
513 1214 664 1287 libro
694 1215 876 1270 videri
910 1214 1177 1287 possunt.
1210 1248 1279 1257 —
1309 1219 1442 1282 Qua:
1468 1216 1700 1273 Ficinus
1747 1214 1923 1272 habet
1954 1234 2023 1273 ex

370 1286 566 1342 libello
598 1292 880 1357 sequente
912 1286 1230 1359 desumpta
1278 1295 1436 1356 sunt,
1470 1305 1643 1359 quem
1688 1289 1813 1359 ipse
1865 1306 2020 1344 nunc

367 1358 597 1429 primus
644 1360 773 1425 edo,
824 1359 925 1414 sed
976 1361 1098 1429 qui,
1133 1358 1278 1414 ﬁcum
1330 1358 1501 1425 nihil,
1550 1360 1662 1414 nisi
1711 1358 2017 1415 verbulum

366 1431 555 1500 (num.
583 1430 638 1498 6)
668 1430 739 1484 de
768 1430 1136 1499 praecientia
1165 1431 1498 1486 daemonum
1549 1431 1867 1494 contineat,
1902 1448 2017 1486 non

368 1502 469 1557 ille
499 1506 587 1556 est
618 1501 719 1571 qui
749 1502 1039 1557 Timothei
1074 1502 1381 1573 questioni
1413 1508 1587 1574 queat
1643 1504 2012 1574 respondere.

364 1577 745 1628 Boxssomos.

436 1643 859 1715 (li/1)Va_ticana
894 1644 1210 1715 Appendix
1257 1644 1695 1715 proverbiorum
1750 1661 1762 1699 :
1813 1644 2015 1715 Δήμων

368 1711 765 1789 Συρακουσίους
858 1711 1353 1787 εὐδαιμονήσαντάς
1464 1736 1594 1792 φησι
1683 1711 2014 1792 ψηφίσασθαι

2132 1073 2230 1141 τὴν
2272 1069 2512 1162 εδεκάτῃν
2563 1074 2670 1125 τῶν
2728 1068 3082 1162 ὑὶπαρχέντωγ
3129 1066 3483 1162 ἀποδίξοσθαι
3535 1072 3613 1136 εἷς
3662 1069 3775 1162 ἐτει-

2130 1140 2326 1212 σκευὴν
2370 1147 2511 1198 ναῶν
2563 1162 2623 1196 τε
2676 1140 2766 1195 καὶ
2815 1140 3179 1214 ἀναθημάτων
3225 1140 3315 1196 καί
3343 1142 3557 1216 ἱερείων
3583 1164 3597 1177 ·
3632 1140 3778 1197 πολε

2131 1214 2229 1271 λοῦ
2270 1235 2333 1290 γε
2368 1216 2660 1290 χρήματος
2710 1210 3091 1288 συναχθέντος,
3124 1212 3201 1275 εἷς
3244 1214 3546 1290 παροιμίαν
3578 1213 3775 1279 ἂλθεῖν.

2130 1290 2230 1343 Adi
2263 1286 2545 1359 Strébon.
2566 1286 2669 1341 lib.
2701 1303 2759 1341 v1
2807 1286 3013 1359 rainyp.
3049 1291 3259 1359 Atque‘
3285 1286 3408 1359 hmo
3454 1295 3600 1343 sunt
3654 1304 3775 1359 qua

2129 1361 2201 1415 ad
2233 1360 2403 1415 Pselli
2435 1357 2740 1432 dialogum
2762 1357 2890 1432 Περὶ
2921 1353 3189 1430 ἐνεργείας
3238 1353 3515 1429 δαιμόνων
3568 1353 3775 1432 prope.

2128 1436 2323 1487 rantes
2354 1429 2847 1501 singulis'diebus'
2872 1446 2973 1500 pro
3006 1429 3187 1501 penso
3236 1446 3547 1501 operarum
3570 1429 3777 1501 'scrip-

2127 1500 2479 1583 simus._'l_‘u,
2512 1501 2613 1583 qui
2664 1500 2866 1583 stilum
2913 1500 3289 1583 ὀς-φθορεαὶ
3336 1502 3569 1583 dirigis,
3602 1500 3774 1583 Deus,

2126 1576 2243 1628 dux
2275 1573 2438 1629 fuisti
2464 1571 2721 1644 erisque.
2753 1573 2841 1628 Tu
2875 1575 2945 1628 ab
2976 1571 3119 1638 illis,
3152 1573 3224 1627 de
3256 1571 3483 1641 quibus
3498 1574 3778 1641 disserui,

2126 1661 2392 1716 quosque
2449 1661 2543 1700 me
2600 1644 2789 1699 sentio
2837 1644 3052 1713 dicere,
3084 1647 3364 1699 aeternum
3415 1660 3607 1713 serva,
3639 1662 3775 1700 con-

2124 1733 2311 1783 serva,
2345 1716 2610 1772 defende.

1130 2032 1479 2161 ΤΟΥ
1590 2030 2172 2162 ΑΥΤΟΥ
2284 2029 3008 2160 ΨΕΛΛΟΥ

1975 2266 2162 2327 TINA
2211 2284 2216 2288 ·

752 2447 1053 2541 ΠΕΡΙ
1136 2446 1813 2543 ΔΑΙΜΟΝΩΝ
1899 2446 2695 2544 ΔΟΞΑΖΟΥΣΙΝ
2780 2448 3357 2543 ΕΛΛΗΝΕΣ

1348 2802 2108 2926 EJUSDEM
2198 2801 2787 2925 PSELLI

941 3025 1297 3100 QUIENAM
1341 3027 1547 3090 SUN’I‘
1594 3027 2044 3090 GRIECORUM
2090 3026 2508 3088 OPINIONES
2554 3027 2656 3088 DE
2701 3024 3211 3090 DEMONIBUS.

376 3336 397 3353 .
438 3376 488 3430 1.
539 3374 751 3432 Nostra
781 3372 1020 3445 quidem
1067 3370 1335 3428 doctrina
1374 3368 1733 3426 voluntatem
1784 3365 2008 3440 angelis

2191 3366 2255 3421 α’.
2314 3367 2373 3422 Ὀ
2436 3367 2530 3439 μὲν
2586 3367 2853 3444 ἡμέτερος
2916 3367 3078 3444 λόγος
3121 3366 3465 3443 προα,ρέσιις
3516 3365 3611 3421 καὶ
3664 3374 3794 3429 τοῖς

363 3464 630 3520 tribuens
661 3478 879 3533 eosque
923 3462 991 3517 ad
1053 3459 1354 3515 meliorem
1393 3458 1837 3514 inclinationem
1882 3471 2014 3511 ver-

368 3558 571 3627 gentes
601 3550 889 3612 indicans.
926 3566 1039 3605 non
1072 3554 1271 3604 tamen
1302 3565 1400 3603 eos
1432 3547 1679 3620 perjoris
1705 3546 2014 3617 incapaces

372 3642 637 3707 credens,
671 3640 804 3694 inde
836 3640 908 3693 ab
941 3637 1200 3709 angelico
1232 3637 1434 3691 ordine
1476 3634 1753 3691 cecidisse
1798 3635 2014 3688 daemo-

376 3745 480 3785 nes
512 3729 879 3784 demonstrat
908 3730 966 3781 et
995 3743 1097 3797 pro
1128 3726 1417 3797 cujusque
1451 3724 1657 3778 merito
1707 3728 1764 3778 et
1812 3723 2014 3778 ordine

371 3819 604 3873 ruinam
639 3815 909 3871 subiisse.
955 3814 1285 3870 Graecorum
1338 3829 1467 3867 vero
1518 3811 1787 3866 doctrina
1832 3812 2009 3866 talem

370 3882 808 3961 inclinationem
845 3901 1072 3957 naturis
1105 3917 1343 3973 corpore
1368 3898 1701 3955 carentibus
1723 3899 2008 3968 abnuens,

368 3996 502 4064 post
533 3990 821 4045 mundum
854 3988 1185 4060 angelicum
1232 3988 1563 4043 daemonum
1618 3986 1852 4043 ordines
1882 4004 2009 4042 esse

365 4079 663 4153 snpponit.
697 4082 766 4133 Et
795 4077 941 4131 alios
973 4077 1210 4147 quidem
1242 4092 1371 4132 esse
1419 4075 1814 4147 intelligentes
1844 4076 2005 4143 dicit,

359 4169 505 4227 alios
539 4171 729 4224 mente
758 4171 816 4221 et
846 4164 1070 4220 ratione
1102 4169 1397 4235 constare,
1440 4164 1585 4219 alios
1618 4164 1840 4220 ratione
1872 4170 2005 4220 tan~

358 4265 504 4328 tum;
539 4257 635 4314 alii
670 4272 803 4312 vero
835 4272 952 4310 una
983 4269 1115 4308 cum
1150 4252 1374 4309 ratione
1407 4252 1743 4307 irrationale
1772 4269 2004 4324 quoque

356 4349 548 4404 sortiti
581 4350 742 4413 sunt;
777 4342 1013 4399 ultimos
1045 4358 1179 4397 vero
1229 4359 1298 4397 ex
1346 4341 1711 4396 dzemonibus
1756 4346 1812 4396 et
1859 4342 2003 4397 irra-

356 4436 572 4492 tionale
605 4434 794 4489 solum
851 4430 1103 4503 projicit,
1137 4447 1286 4503 quos
1318 4430 1649 4486 materiales
1697 4434 1754 4486 et
1800 4448 2001 4502 pmnas

354 4524 688 4596 inﬂigentes
719 4521 1003 4576 nominat.
1030 4520 1312 4575 Mundum
1346 4520 1498 4575 inter
1531 4518 1661 4574 illos
1691 4519 1897 4574 dividit
1921 4520 2002 4575 ita

352 4620 418 4669 ut
450 4629 552 4685 per
581 4611 713 4666 illos
744 4609 998 4665 calorem
1031 4612 1089 4662 et
1118 4624 1309 4662 aerem
1359 4608 1593 4663 vitalem
1626 4608 1898 4679 accipiat.
1933 4610 2001 4664 Et

349 4704 482 4760 aliis
515 4700 755 4772 quidem
788 4699 1004 4769 ignem,
1033 4696 1165 4751 aliis
1197 4713 1408 4766 aerem,
1433 4697 1565 4751 aliis
1596 4713 1831 4768 aquam,
1866 4698 1998 4754 aliis

348 4799 567 4847 terram
599 4787 869 4858 subjicit;
904 4785 1190 4855 quosdam
1224 4801 1357 4839 vero
1389 4784 1691 4840 climatum
1724 4786 1999 4857 presides

349 4880 505 4946 facit,
522 4882 579 4934 et
601 4876 745 4933 alios
766 4889 1075 4945 corporum
1096 4876 1320 4927 tutores
1344 4878 1399 4928 et
1423 4874 1677 4928 materia:
1700 4876 1993 4932 custodes.

346 4970 625 5025 Invadere
655 4970 847 5021 autem
871 4979 969 5018 eos
994 4962 1200 5017 dicunt
1222 4963 1452 5017 animas
1477 4968 1696 5029 notras,
1724 4980 1835 5019 non
1864 4981 1994 5035 pro-

345 5063 473 5130 pter
495 5056 787 5129 quoddam
809 5052 868 5106 in
894 5067 1002 5106 nos
1022 5050 1221 5105 odium
1246 5055 1349 5105 aut
1372 5053 1589 5106 malam
1610 5050 1992 5119 voluntatem,

344 5149 446 5203 sed
490 5151 555 5201 ut
602 5161 700 5200 eas
733 5143 804 5198 ob
854 5139 1114 5196 admissa
1167 5144 1407 5212 peccata
1449 5141 1720 5212 puniant.
1755 5142 1993 5197 Addunt

342 5254 441 5291 cos
472 5237 543 5291 ad
578 5232 880 5291 materiam
915 5229 1145 5285 animas
1178 5230 1431 5295 trahere,
1456 5247 1568 5285 non
1603 5229 1721 5285 illis
1744 5231 1989 5286 nocendi

340 5342 541 5393 causa,
575 5324 672 5378 sed
708 5325 772 5376 ut
802 5333 1004 5374 earum
1038 5318 1337 5389 turpitudo
1361 5335 1464 5391 per
1494 5335 1663 5373 suam
1696 5334 1831 5374 cum
1865 5336 1987 5375 ma-

335 5414 482 5469 teria
511 5410 852 5466 relationem
882 5408 1180 5478 figuretur.
1204 5409 1351 5462 Iram
1378 5412 1572 5463 autem
1598 5413 1653 5461 et
1675 5406 1986 5479 impuden-

333 5503 479 5558 tiam
512 5499 628 5555 illis
652 5498 944 5563 tribuunt,
967 5500 1032 5551 ut
1050 5494 1345 5568 leopardis
1371 5502 1427 5551 et
1459 5495 1748 5561 leonibus,
1774 5512 1986 5567 eosque

332 5588 676 5665 corporibus
701 5585 969 5642 vinciunt
990 5584 1238 5651 levibus,
1283 5585 1458 5640 aeriis
1480 5587 1537 5639 et
1567 5583 1767 5641 minus
1799 5585 1985 5658 duris,

2124 3452 2385 3529 ἀγγέλοις
2445 3451 2649 3523 διδοὺς,
2690 3455 2780 3510 καὶ
2832 3457 2970 3531 πρὸς
3011 3457 3110 3526 τήν
3170 3454 3454 3531 κρείττονα
3508 3456 3608 3527 μὲν
3656 3457 3791 3511 τοῦ-

2122 3564 2249 3604 τους
2325 3544 2634 3608 ἀπευθύνων
2716 3544 2913 3619 ῥοπὴν,
2996 3548 3071 3619 μή
3151 3547 3333 3619 μέντοι
3392 3565 3455 3617 γε
3530 3544 3626 3599 καὶ
3683 3553 3793 3614 τῆς

2123 3631 2372 3706 χείρονος
2446 3630 2825 3695 ἀνεπιδέκτους
2894 3633 3170 3707 οἰόμενος,
3228 3633 3473 3698 ὶνταῦοεν
3534 3632 3795 3689 ἐκπεσεῖν

2121 3720 2246 3782 τοὺς
2302 3719 2564 3794 δαίμονας
2620 3728 2720 3792 τῆς
2770 3722 3069 3798 ἆγγελικῆς
3133 3723 3331 3793 τάξεως
3391 3722 3794 3796 ἀποφαίνεται,

2120 3809 2234 3881 καὶ,
2292 3810 2431 3864 κακᾶ
2487 3810 2548 3864 τὸ
2612 3810 2802 3885 μὲτρον
2862 3817 2963 3880 τῆς
3008 3810 3231 3866 ἑκάστου
3264 3811 3413 3881 ἀξίας
3462 3809 3500 3879 ἤ
3548 3813 3793 3881 τάξεως,

2117 3899 2218 3968 τὴν
2244 3902 2448 3953 πτῶσιν
2506 3898 2999 3973 ὑπομεμενηκέναι.
3046 3901 3109 3957 Ὀ
3163 3898 3219 3955 δὶ
3267 3899 3585 3972 ὲλΛηνικὸς,
3623 3902 3796 3955 ἀναι-

2120 3991 2225 4061 ρῶν
2258 3994 2358 4057 τῆν
2404 3987 2660 4058 τοιαύτην
2716 3987 2889 4064 ῥοπὴν
2926 3988 3013 4043 ἐπὶ
3055 3994 3162 4044 τῶν
3209 3986 3649 4061 ἀπολελυμὲνων
3682 3996 3791 4045 τοῦ

2117 4075 2369 4149 σώματος
2445 4077 2677 4151 φύσεων,
2756 4079 2891 4149 μετά
2961 4079 3051 4133 τὸν
3115 4077 3409 4153 ἀγγελικὸν
3469 4074 3790 4151 διάκοσμον

2113 4165 2208 4226 τὰς
2259 4163 2545 4239 δαιμονίας
2586 4165 2759 4237 τάξεις
2811 4166 3084 4244 ὑφίστησι.
3140 4171 3239 4222 Καὶ
3289 4167 3387 4227 τὰς
3439 4167 3538 4238 μὶν
3598 4166 3791 4223 αὐτῶν

2112 4255 2305 4330 νοιράς
2333 4256 2561 4325 τίθεναι,
2584 4256 2679 4317 τὰς
2719 4253 2777 4310 δὲ
2823 4258 2959 4311 κατά
3008 4260 3128 4311 νοῦν
3168 4254 3203 4325 ἤ
3251 4255 3414 4331 λόγον
3448 4256 3793 4325 οὐσιῶσθαι,

2111 4344 2209 4404 τὰς
2260 4341 2317 4397 δὲ
2362 4345 2497 4399 κατὰ
2546 4342 2708 4420 λόγον
2759 4339 2979 4406 αόνωςο
3028 4350 3147 4406 ταῖς
3199 4341 3257 4399 δὲ
3307 4344 3442 4416 πρὸς
3490 4348 3572 4415 τῷ
3624 4343 3794 4421 λόγῳ

2113 4429 2547 4506 συγκατακληρώ
2606 4434 2696 4487 καὶ
2744 4433 2807 4488 τὸ
2879 4430 3083 4507 ἄλογον
3118 4451 3132 4465 ·
3191 4431 3317 4493 τοὺς
3378 4429 3434 4486 δὶ
3494 4431 3787 4508 ἐσχάτους

2108 4524 2215 4574 τῶν
2275 4516 2549 4592 δαιμόνων
2614 4520 2689 4584 εἷς
2749 4519 2975 4597 ἀλογίαν
3033 4522 3206 4594 μόνην
3265 4519 3624 4596 ἀποῤῥιπτεῖ,
3681 4522 3791 4584 οὖς

2111 4605 2177 4676 δὴ
2233 4608 2321 4662 καὶ
2377 4606 2599 4671 ὑλαίους
2647 4607 2738 4663 καί
2798 4609 3085 4671 ποιναίους
3153 4609 3543 4682 κατονομάζει.
3609 4611 3782 4665 Ἐπι-

2114 4694 2312 4769 διαιρεῖ
2360 4693 2417 4751 8‘s
2486 4696 2671 4760 αὐτοῖς
2746 4698 2844 4766 τὴν
2922 4696 3114 4764 κτίσιν,
3187 4696 3281 4751 ’ἱνα
3341 4698 3468 4770 παρ’
3545 4695 3782 4753 ἱκάνων

2116 4790 2431 4860 ζωπυρῆται
2480 4785 2569 4840 καὶ
2614 4785 2914 4859 ἓμπνέηται
2968 4805 2979 4818 ·
3035 4787 3121 4841 καὶ
3182 4791 3299 4848 τοῖς
3360 4786 3459 4859 μὲν
3510 4787 3578 4841 τὸ
3638 4791 3780 4860 πῦρ,

2106 4879 2222 4935 τοῖς
2272 4872 2329 4929 δὲ
2370 4874 2461 4929 τὸν
2505 4874 2652 4946 ἀέρα,
2702 4880 2818 4937 τοῖς
2876 4873 2932 4930 δὲ
2978 4877 3040 4930 τὸ
3087 4872 3257 4951 ὕδωρ,
3287 4880 3404 4936 τοῖς
3435 4872 3497 4929 δὲ
3527 4878 3633 4945 τήν
3663 4879 3778 4950 γῆν

2107 4963 2457 5032 ὑποτιθησιν·
2528 4962 2701 5025 ἰνίους
2774 4962 2831 5019 δὲ
2894 4964 2982 5019 καὶ
3049 4964 3438 5039 κλιματάρχας
3497 4972 3779 5039 ποιεῖται,

2102 5052 2191 5105 καὶ
2245 5054 2514 5125 σωμάτων
2565 5051 2777 5126 ἐτέρους
2808 5053 3113 5128 προστάτας
3162 5052 3253 5109 καὶ
3300 5053 3439 5123 ὕλης
3484 5054 3781 5118 φύλακας.

2101 5140 2421 5214 Ἐμπίπτειν
2472 5139 2529 5196 δὲ
2574 5141 2800 5204 τούτους
2848 5143 2976 5221 φασὶ
3032 5147 3154 5205 ταῖς
3199 5140 3497 5215 ἡμετὲραις
3546 5147 3788 5219 ψυχαῖς

2101 5230 2161 5284 οὗ
2217 5229 2305 5285 διὰ
2366 5231 2769 5306 μισανθρωπίαν
2832 5252 2887 5286 τε
2952 5230 3041 5286 καὶ
3103 5228 3441 5303 δυσμένειαν,
3508 5230 3643 5286 ἀλλ’
3691 5233 3787 5295 ὡς

2097 5317 2368 5381 κολαστὰς
2426 5320 2498 5374 ὦν
2550 5321 2946 5394 ἡμαρτήκασι·
2996 5318 3087 5374 καὶ
3134 5324 3409 5389 κατασπᾷν
3465 5321 3607 5394 πρὸς
3652 5322 3768 5388 τὴν

2097 5406 2258 5478 ὕλην,
2291 5408 2352 5463 οὗ
2400 5409 2669 5483 λογισμὸν
2724 5403 2951 5485 ἔχοντας
2999 5406 3199 5469 ταύτας
3246 5411 3470 5477 κακοῦν,
3510 5408 3647 5465 ἀλλ’
3682 5408 3790 5466 ἵνα.

2094 5498 2156 5552 τὸ
2211 5498 2404 5573 αἶσχος
2454 5496 2672 5553 ἐκείνων
2738 5503 3008 5575 μορφοῖτο
3063 5496 3154 5551 διὰ
3200 5503 3299 5566 τῆς
3350 5497 3565 5552 τούτων
3625 5498 3789 5572 πρὸς

2095 5585 2262 5655 αὐτὴν
2316 5586 2577 5662 σχέσεως.
2663 5587 2764 5642 Τὸν
2846 5584 2905 5642 δὲ
2979 5586 3151 5660 θυμὸν
3227 5586 3449 5649 τοῦτοις
3518 5587 3611 5641 καὶ
3662 5590 3789 5657 τήν
