3966 6216
246 309 359 368 877

1614 310 1717 370 DE
1762 311 2271 373 DrEMONIBUS.

3533 319 3653 378 878

247 436 512 495 ἀναίδειαν
566 438 700 495 κατᾶ
752 438 908 517 φύσιν
970 436 1234 513 διδόασιν,
1294 441 1368 502 ὡς
1415 446 1535 504 ταῖς
1588 440 1880 517 παρδάλεσι

2004 461 2118 500 non
2150 448 2375 500 tantum
2407 445 2859 514 orbicularibus,
2894 448 2993 503 sed
3019 452 3074 503 et
3096 448 3481 521 longioribus,
3510 467 3655 507 non-

242 530 467 591 καὶτοῖς
524 528 732 600 λέουσι,
782 528 873 583 καὶ
906 529 1121 601 σώμασι
1182 527 1249 599 δὴ
1280 528 1506 593 τούτους
1564 528 1882 604 ἐνδεσμοῦσι

244 619 461 680 λεπτοῖς
535 618 623 673 καὶ
696 617 899 692 ἀερίοις
967 618 1056 673 καὶ
1131 614 1354 675 ἔλαττον
1426 621 1759 689 ἀντιτύποις,
1820 621 1880 675 ού

242 706 549 786 περιφερὲσι
606 708 812 780 μόνον,
864 705 1008 762 ἀλλᾶ
1065 709 1156 762 καὶ
1227 706 1585 782 ἐπιμήκεσιν,
1657 705 1880 766 ἔλαττον

244 800 338 869 μιν
366 798 567 875 φωτὸς,
626 796 794 851 πλέον
824 793 882 850 δὶ
903 800 1001 851 τοῦ
1031 794 1269 871 γεώδους
1298 797 1523 861 σκότους
1570 797 1881 874 μετέχουσι.

1993 534 2139 588 nihil
2170 533 2413 590 luminis
2438 535 2745 607 habentes,
2766 537 2913 608 {plus
2936 542 3131 592 tamen
3158 538 3526 593 terrestrium
3559 545 3648 595 te-

1995 624 2241 678 nebraru
2255 624 2742 696 m.Cognitionem
2757 643 2888 681 vero
2907 632 2963 681 et
2981 629 3310 681 futurorum
3337 628 3644 697 praascien-

1993 711 2134 768 tiam
2163 712 2280 767 illis
2303 713 2496 769 inesse
2523 719 2877 769 attestantur
2899 732 2965 769 ex
2985 714 3188 771 multis
3228 716 3463 787 quidem
3508 735 3649 789 pra;-

1995 802 2199 879 se‘rtim
2232 818 2364 856 vero
2397 819 2464 857 ex
2497 807 2789 858 astrorum
2829 805 3051 874 ﬁguris.

243 888 355 955 Τήν
390 883 449 940 δὲ
475 889 673 961 γνῶσιν
703 885 888 948 αὐτοῖς
917 884 1008 939 καὶ
1036 890 1144 939 τῶν
1172 884 1488 959 μελλόντων
1515 890 1612 957 τὴν
1648 888 1954 963 πρόγνωσιν
1988 887 2046 942 ἐκ
2075 887 2301 943 πολλῶν
2339 889 2431 960 μὲν
2461 890 2548 943 καὶ
2582 887 2766 945 ἄλλων
2805 890 3255 965 ἐπιμαρτυροῦσι,
3310 891 3549 965 μάλιστα
3593 891 3651 948 δὲ

240 972 295 1029 ἐκ
334 978 446 1028 τῶν
467 974 587 1049 περὶ
618 972 745 1035 τοὺς
779 974 1003 1044 ἀστέρας
1036 976 1362 1049 σχημάτων,
1396 979 1576 1033 Ταῦτα
1608 973 1665 1031 δὲ
1696 976 1999 1053 ΙΙορφύριοί
2030 998 2155 1055 φασι
2187 978 2276 1031 καὶ
2311 973 2650 1054 Ἰσὶμϐλιχοι.

308 1081 380 1157 β’.
439 1081 628 1136 Ἕθυον
690 1077 748 1135 δὲ
798 1086 917 1142 τοῖς
975 1081 1237 1156 αἰθερίοις
1318 1084 1412 1154 μὲν
1482 1083 1549 1137 τα
1623 1081 1790 1139 λευκὰ
1847 1083 1883 1153 ἢ

236 1170 418 1246 mssa
471 1174 578 1225 τῶν
640 1170 816 1239 ζώων,
878 1167 968 1225 διά
1018 1191 1075 1225 τε
1128 1172 1192 1225 τὸ
1251 1170 1487 1245 αίθὲριον
1542 1177 1747 1248 χρῶμα
1794 1172 1884 1227 καὶ

232 1261 329 1328 τήν
411 1260 753 1334 καθαρότητα
825 1265 925 1322 τῖς
1001 1259 1220 1315 ἐκείνων
1292 1263 1524 1338 φύσεως,
1598 1262 1737 1335 ὑψοῦ
1792 1262 1881 1315 τὸν

230 1349 385 1424 κριὸν
418 1350 452 1419 ἢ
484 1350 582 1417 τήν
630 1346 813 1426 ἔριφον
848 1348 1341 1421 λαιμοτομοῧντες,
1374 1350 1449 1413 ὡς
1489 1351 1579 1405 καὶ
1609 1352 1882 1425 Ὅμηρος,

230 1462 257 1488 α
316 1437 403 1494 Αὗ
456 1434 645 1510 ἔρυσαν
707 1437 803 1509 μὲν
861 1442 1072 1512 πρῶτα,
1132 1462 1162 1490 ››
1221 1438 1375 1515 φησὶ,
1442 1465 1469 1493 α
1523 1439 1613 1493 καὶ
1657 1438 1882 1516 ἔσφαξαν

231 1550 261 1578 α
308 1526 403 1580 καί
454 1519 749 1601 ἔδειραν.»
802 1528 930 1587 Τοῖς
976 1526 1181 1601 ἀερίοις
1231 1524 1288 1581 δὲ
1331 1525 1557 1582 ποικίλα
1604 1535 1882 1603 προσῆγον

231 1616 315 1669 καὶ
381 1621 498 1678 τοῖς
552 1616 813 1690 χρώμασι
862 1614 1160 1688 σύμμικτα·
1192 1621 1307 1677 τοῖς
1338 1614 1395 1670 δέ
1432 1637 1493 1691 γε
1527 1617 1886 1691 ὑποχθονίοις

234 1703 571 1773 ἐζωοθύτουν
627 1704 913 1780 ἀντίχροα,
984 1706 1075 1759 καὶ
1132 1704 1279 1759 κάτω
1336 1706 1435 1773 τὴν
1492 1706 1738 1782 κεφαλὴν
1787 1702 1882 1761 τοῦ

234 1794 475 1865 θύματος
530 1789 817 1861 ἕλκοντες,
878 1791 1021 1846 οὕτω
1061 1791 1191 1855 τοὺς
1244 1792 1532 1867 αὐχενίους
1582 1792 1880 1865 ἀπὲτεμνον

233 1885 501 1943 τένοντας·
557 1886 675 1943 τοῖς
731 1878 789 1936 δέ
844 1903 930 1957 γε⁴
968 1883 1155 1954 μὲσοις
1203 1880 1597 1956 πλαγιάζοντες
1654 1884 1721 1936 τὰ
1754 1883 1879 1946 θυό-

236 1992 393 2044 μενα,
481 1967 866 2046 ἐδειροτόμουν
939 1973 1036 2032 τὰς
1116 1969 1374 2045 κεφαλάς·
1461 1971 1572 2025 εἶτα
1652 1968 1729 2037 δὲ,
1783 1972 1882 2033 τὰς

231 2062 495 2137 γαστέρας
556 2060 736 2115 αὐτῶν
793 2059 1200 2135 ἀνασχίζοντες,
1252 2061 1353 2127 την
1406 2058 1630 2136 καρδίαν
1660 2065 1878 2134 πρῶτον

230 2150 603 2223 κατὲτεμνον,
659 2150 747 2203 καὶ
800 2149 894 2204 τὸν
957 2149 1052 2221 μὲν
1109 2148 1276 2221 ὑμένα
1336 2148 1536 2219 ταύτης
1579 2155 1723 2212 θεοῖς
1774 2170 1881 2203 πα-

226 2241 427 2315 τρῴοις
483 2240 736 2294 ἀπέθυον·
792 2242 896 2293 τῶν
960 2235 1017 2292 δὲ
1074 2258 1136 2312 γε
1165 2237 1394 2293 κοιλιῶν
1451 2240 1551 2307 τήν
1585 2240 1678 2310 μὲν
1710 2235 1880 2308 δεξιὰν

231 2326 585 2385 ἀνατέλλοντι
652 2332 732 2399 τῷ
780 2326 929 2400 ἡλίῳ
984 2326 1265 2398 κατέθυον,
1320 2329 1418 2396 τήν
1479 2325 1536 2383 δὲ
1594 2328 1877 2399 εὐώνυμον

226 2417 459 2485 δύνοντι,
514 2418 605 2471 τὸν
665 2414 721 2471 δὲ
757 2416 983 2491 βόθυνον
1017 2414 1138 2490 ἄρτι
1194 2419 1678 2490 μεσουρανήσαντι.
1722 2416 1880 2473 Οὖτιν)

226 2506 403 2562 δὲκαὶ
458 2511 557 2561 τοῦ
612 2502 823 2575 ἥπατος
881 2503 1264 2567 ἀποδιελόντες
1317 2506 1406 2561 τὸν
1462 2505 1629 2577 ὑμένα
1676 2505 1878 2581 ἠρέμα,

228 2598 280 2657 ὃς
339 2597 445 2651 ὑπὸ
502 2599 601 2650 τοῦ
658 2595 1002 2671 περιτοναίου
1060 2599 1139 2667 τῷ
1216 2594 1520 2671 σπλάγχνῳ
1579 2594 1877 2662 ἐπίκειται,

228 2692 323 2755 τῆς
394 2684 489 2755 μὶν
566 2683 810 2753 κεφαλῆς
875 2688 993 2745 τοῖς
1052 2683 1446 2758 ὑπερκοσμίοις
1506 2688 1879 2759 κατήρχοντο,

226 2773 353 2837 τοὺς
417 2770 475 2828 δὲ
532 2768 735 2837 λοϐοὺς
788 2778 904 2835 τοῖς
959 2773 1114 2827 πέντε
1180 2770 1452 2843 πλάνησιν
1514 2771 1876 2829 ἀπεδίδοσαν·

228 2862 287 2918 τὸ
348 2859 411 2917 δέ
465 2883 528 2936 γε
575 2862 830 2936 νὲκρωμα
884 2857 1027 2934 ’ᾍδῃ
1095 2860 1184 2915 καὶ
1244 2862 1553 2937 Περσεφόνῃ
1598 2864 1879 2926 κατὲθυον.

229 2953 360 3009 Εἶτα
394 2948 463 3020 δὴ
504 2953 613 3005 τῶν
647 2949 923 3023 Θυομὲνων
973 2952 1420 3027 περιειργάζοντο
1477 2954 1544 3006 τα
1591 2951 1877 3025 πτώματα,

226 3040 396 3096 εἶέπί
444 3039 512 3094 τὰ
572 3037 717 3109 δεξιᾶ
773 3039 1045 3110 πίπτοιεν,
1102 3038 1137 3109 ἢ
1186 3038 1272 3095 ἐπὶ
1329 3040 1395 3095 τὰ
1436 3039 1584 3095 λαιά·
1635 3041 1875 3104 κάκεῖθεν

227 3130 321 3201 μὲν
358 3127 509 3197 δεξιά
538 3129 750 3189 ἑαυτοῖς
803 3127 1180 3201 ἐμαντεύοντο,
1244 3128 1387 3183 οὕτω
1445 3126 1501 3183 δὲ
1532 3128 1875 3204 ἐπαριστερῶ

2063 1086 2118 1139 2.
2177 1085 2565 1141 Immolabant
2593 1088 2864 1143 aethereis
2893 1088 3025 1143 alba
3074 1092 3130 1142 et
3179 1087 3337 1144 fulva
3367 1090 3649 1148 animalia

1995 1180 2232 1246 propter
2261 1174 2579 1230 zethereum
2610 1176 2863 1231 colorem
2901 1182 3242 1248 naturaque
3295 1194 3499 1234 eorum
3534 1198 3646 1251 pu-

1993 1264 2249 1333 ritatem,
2279 1263 2393 1319 alte
2416 1266 2656 1321 arietem
2688 1269 2744 1320 et
2776 1265 3010 1320 hcsdum
3036 1266 3404 1336 jugulantes,
3438 1272 3504 1323 ut
3539 1270 3645 1325 llo-

1995 1367 2193 1408 merus
2225 1353 2401 1407 dicit:
2434 1376 2461 1403 α
2485 1354 2661 1409 Porro
2685 1353 3071 1409 immolabant
3102 1354 3287 1426 prius,
3318 1362 3375 1411 et
3398 1357 3641 1430 jugula-

1996 1439 2135 1495 bant
2164 1446 2221 1496 et
2251 1442 2680 1512 discerpehant.
2717 1461 2743 1493 ι
2778 1442 2966 1497 Aeriis
2993 1449 3190 1497 autem
3223 1445 3385 1500 varia
3435 1446 3639 1502 olfere-

1994 1529 2136 1584 bant
2174 1535 2231 1584 et
2261 1529 2559 1585 coloribus
2590 1531 2980 1599 commiscua;
3014 1531 3259 1588 infernis
3290 1551 3423 1589 vera
3453 1552 3637 1606 oppo-

1992 1618 2104 1673 sito
2136 1619 2325 1674 colore
2347 1618 2626 1674 animalia
2650 1619 2978 1685 offerentes,
3010 1626 3065 1674 et
3108 1622 3177 1675 ad
3213 1626 3425 1677 terram
3460 1623 3630 1677 victi-

1994 1723 2100 1761 ma:
2159 1713 2334 1779 caput
2390 1709 2687 1763 trahentes
2743 1708 2793 1763 ei
2854 1708 3133 1764 cervicem
3188 1711 3635 1781 abscindebant,

1995 1795 2202 1850 deinde
2232 1812 2433 1850 eorum
2466 1801 2725 1851 ventrem
2759 1796 3197 1867 discerpebant;
3226 1815 3292 1852 ac
3323 1799 3510 1869 primo
3543 1817 3642 1857 cor

1988 1884 2362 1939 dissecabant
2393 1885 2564 1954 cujus
2596 1890 3001 1957 tegumentum
3035 1885 3149 1941 diis
3184 1888 3390 1957 patriis
3440 1890 3642 1944 offere-

1992 1974 2153 2028 bant.
2216 1974 2681 2029 Ventriculorum
2740 1991 2870 2029 vero
2930 1976 3199 2030 dextrum
3260 1977 3469 2031 orienti
3527 1978 3638 2033 soli

1990 2062 2723 2131 immolabant,sinistrum
2750 2068 2945 2119 autem
2970 2065 3278 2131 occidenti,
3298 2065 3637 2138 fossamque

1992 2151 2177 2205 eidem
2200 2151 2306 2206 soli
2333 2152 2729 2222 mediumjam
2749 2152 2959 2207 malum
2976 2153 3633 2225 attingenti.Postquam

1992 2257 2122 2295 vero
2148 2259 2179 2294 ιι
2197 2242 2391 2311 jecore
2414 2246 2822 2312 tegumentum
2847 2240 2997 2296 lente
3017 2249 3455 2313 separaverant,
3482 2246 3636 2313 quod

1991 2330 2101 2383 sub
2164 2330 2473 2399 perotinceo
2533 2330 2855 2384 visceribus
2914 2331 3361 2401 subjacet,cjus
3400 2332 3636 2400 quidem

1991 2424 2167 2488 caput
2198 2418 2270 2472 iis
2292 2418 2389 2488 qui
2420 2435 2599 2488 supra
2625 2419 2911 2473 mundum
2941 2424 3080 2473 sunt
3103 2419 3445 2483 oll‘erebant,
3472 2420 3638 2475 lobos

1991 2513 2185 2561 autem
2247 2508 2509 2577 quinque
2562 2507 2812 2577 planetis
2861 2508 3219 2575 reddebant;
3273 2509 3638 2580 cadaverque

1992 2594 2225 2650 Plutoni
2272 2602 2327 2650 et
2371 2596 2729 2667 Proserpinae
2781 2597 3208 2650 sacrificabant.
3244 2599 3644 2652 observabant

1990 2685 2202 2739 deinde
2226 2689 2425 2739 utrum
2446 2684 2821 2739 victimarum
2845 2685 3128 2739 cadavera
3158 2687 3230 2739 ad
3263 2686 3522 2740 dextram
3546 2687 3634 2741 vel

1991 2774 2061 2828 ad
2085 2773 2382 2829 sinistram
2409 2773 2903 2842 caderent.Atque
2927 2773 2985 2826 in
3019 2774 3088 2826 de
3112 2771 3225 2827 sibi
3249 2774 3641 2844 conjiciehant

1992 2864 2185 2917 fausta
2215 2863 2299 2918 vel
2322 2862 2600 2917 infausta.
2628 2862 3022 2917 Metiebantur
3039 2862 3216 2916 etiam
3242 2864 3642 2919 convulsionis

1992 2956 2122 3023 post
2155 2950 2619 3006 immolationem
2653 2958 2917 3022 tempus;
2952 2955 3008 3005 et
3052 2952 3097 3004 si
3151 2951 3391 3023 quidem
3436 2953 3639 3008 statim

1990 3040 2225 3095 victima
2256 3041 2599 3111 exspiraret,
2633 3041 2878 3094 celerem
2934 3040 3043 3093 sibi
3098 3057 3296 3094 eorum
3333 3058 3458 3111 quae
3492 3042 3639 3097 inie-

1991 3134 2123 3183 rant
2176 3130 2351 3183 ﬁnem
2404 3128 2831 3198 conjiciebant;
2866 3127 2914 3181 si
2958 3128 3178 3196 minus,
3233 3130 3549 3186 tardiorem
3583 3137 3641 3187 et

226 3218 527 3291 Ἐμέτρουν
587 3213 644 3270 δὲ
718 3217 803 3271 καὶ
881 3216 971 3271 τὸν
1044 3222 1140 3271 τοῦ
1199 3223 1521 3292 σπαραγμοῦ
1589 3219 1722 3291 μετά
1776 3221 1875 3287 τὴν

2002 3218 2397 3273 iil'liciliorem.
2424 3217 2548 3275 Non
2585 3217 2859 3271 omnibus
2882 3218 3079 3271 omnia
3103 3217 3221 3273 haec
3237 3220 3636 3289 perﬁciebant,

224 3306 418 3361 θυσίαν
459 3306 669 3379 καιρόνο
724 3303 835 3377 καὶ,
887 3304 933 3360 εἷ’
985 3305 1078 3377 μὶν
1121 3305 1317 3361 αὐτίκα
1361 3307 1428 3361 τὰ
1476 3307 1688 3380 θύματα
1743 3307 1879 3362 ἀπο-

226 3395 475 3451 πνεύσειε
511 3440 525 3466 ,
588 3393 811 3468 ταχείας
890 3393 1097 3455 ἐαύτοῖς
1144 3396 1239 3455 τὰς
1296 3392 1553 3457 τελευτὰς
1621 3395 1745 3471 περὶ
1804 3397 1875 3449 ὧν

225 3484 541 3557 προσῄεσαν
600 3481 960 3556 ἐμαντεύοντο
994 3502 1007 3515 ·
1088 3482 1133 3537 εί
1191 3480 1238 3537 δ’
1297 3480 1358 3537 οὕ
1392 3528 1408 3554 ,
1476 3485 1878 3554 ἀποτεταμένας

228 3575 318 3629 καὶ
377 3572 674 3649 πράγματα
728 3571 981 3647 ἐχούσας.
1044 3573 1124 3629 Οὐ
1182 3577 1312 3626 πᾶσι
1345 3570 1402 3627 δὲ
1440 3572 1610 3628 πάντα
1641 3572 1876 3642 ἐτέλουν,

231 3661 378 3718 ἀλλά
407 3667 525 3724 τοῖς
556 3661 789 3724 οἰκείοις
819 3668 918 3730 τῆς
973 3659 1275 3738 ληφθείσης
1308 3662 1507 3726 θυσίας.
1557 3662 1653 3716 Καὶ
1701 3683 1879 3739 νηφα-

226 3749 376 3814 λὲοις
434 3752 528 3824 μὶν
588 3748 920 3825 ἐὸρυτόμουν
968 3751 1056 3804 καὶ
1119 3750 1318 3805 ἐκεῖθεν
1386 3750 1625 3819 ἀνῆπτον
1684 3753 1876 3823 πυράς·

222 3843 476 3918 Βάκχαις
528 3837 583 3895 δὲ
641 3841 728 3895 καὶ
791 3839 1030 3912 Διονύσῳ
1084 3838 1417 3912 κληματίσιν
1477 3839 1721 3894 ἀνέκαιον
1780 3841 1881 3909 τὴν

1988 3308 2088 3362 sed
2124 3312 2351 3362 tantum
2390 3307 2461 3360 iis
2501 3307 2570 3359 nd
2604 3322 2752 3376 quos
2786 3307 2856 3360 de
2888 3310 3193 3376 assumpta
3225 3307 3463 3362 victima
3505 3326 3639 3379 per-

1992 3397 2248 3462 tinebat;
2300 3401 2357 3450 et
2387 3394 2599 3450 sobriis
2640 3394 2876 3465 quidem
2909 3410 3160 3465 quercus
3193 3396 3540 3451 scindebant
3583 3402 3640 3452 et

1988 3486 2124 3541 inde
2176 3502 2345 3557 pyras
2395 3484 2811 3551 accendebant;
2839 3483 3262 3538 bacchantibus
3293 3496 3349 3539 et
3382 3485 3636 3557 Dionyso

1990 3592 2194 3645 rogum
2221 3574 2537 3629 sarmentis
2572 3573 2983 3639 incendebant;
3020 3577 3078 3627 et
3100 3573 3297 3628 omnia
3341 3573 3457 3628 illis
3500 3576 3637 3631 vino

1990 3663 2614 3734 spargebantur.Thus
2642 3678 2777 3716 vero
2798 3667 2855 3716 et
2878 3662 3114 3732 myrrha
3141 3678 3346 3716 crocus
3365 3669 3420 3717 et
3443 3665 3639 3719 resina

1990 3754 2103 3807 diis
2125 3752 2632 3806 distribuebantur
2662 3752 2729 3805 ad
2768 3767 2916 3821 quos
2948 3751 3017 3805 de
3049 3750 3303 3822 singulis
3332 3753 3637 3809 sacrificiis

1991 3841 2344 3913 pertinebat.

220 3931 515 4006 πυρκαϊάν·
549 3930 635 3984 καὶ
669 3928 841 3983 πάντα
868 3929 1082 3990 τούτοις
1114 3926 1459 3984 οίνόσπονδοι⁹
1496 3930 1523 3983 ὁ
1557 3927 1613 3984 δὲ
1646 3924 1948 3992 λιϐανωτὸς
1980 3929 2067 3983 καὶ
2103 3932 2136 3998 ἡ
2170 3926 2401 4003 σμύρνα,
2435 3928 2463 3982 ὁ
2493 3925 2689 4002 χρόνος
2716 3948 2775 3982 τε
2801 3926 2890 3981 καὶ
2939 3929 2974 3996 ἡ
3010 3926 3198 4004 ῥητίνη
3261 3925 3633 4003 διεμερίζοντο

217 4025 336 4081 τοῖς
364 4018 448 4097 ἐφ’
480 4018 718 4088 ἱκάστης
751 4017 934 4080 θυσίας
963 4018 1129 4079 θεοῖς.

292 4127 366 4201 γ’.
434 4125 519 4181 Τὰ
576 4121 635 4179 δὲ
684 4144 744 4199 γε
798 4125 1070 4199 μυστήρια
1132 4122 1367 4192 τούτων,
1426 4124 1512 4177 οἷα
1569 4122 1760 4179 αὐτίκα
1812 4125 1879 4178 τὰ

224 4213 585 4283 Ἐλευσίνια,
658 4213 751 4268 τὸν
828 4214 1053 4286 μυθικὸν
1114 4212 1459 4287 ὑποκρίνεται
1519 4214 1613 4267 Δία
1676 4212 1879 4287 μιγνύ-

228 4325 393 4376 μενον
452 4306 524 4375 τῇ
585 4307 742 4372 Δηοῖ,
772 4299 943 4377 ἤγουν
981 4301 1050 4376 τῇ
1083 4303 1358 4376 Δήμητρι,
1406 4303 1492 4356 καὶ
1540 4306 1610 4375 τῇ
1658 4301 1876 4377 θυγατρὶ

219 4393 430 4461 ταύτης
463 4392 824 4469 Ιιερσεςράττῃ,
871 4394 938 4463 τῇ
988 4390 1077 4445 καὶ
1123 4392 1295 4465 Κόρῃ.
1347 4389 1572 4459 Ἐπειδή
1607 4388 1663 4445 δὲ
1712 4385 1875 4463 ἔμελ-

221 4481 321 4537 λον
374 4482 468 4536 καὶ
498 4478 807 4557 άφροδίσιοι
857 4480 944 4534 ἐπὶ
975 4482 1044 4551 τῆ
1091 4482 1286 4552 μυήσει
1335 4478 1576 4554 γίνεσθαι
1627 4479 1877 4535 συαπλο-

221 4573 336 4641 καὶ,
396 4567 685 4625 ἀναδύεταί
742 4590 860 4633 πως
906 4572 941 4638 ἡ
993 4566 1293 4643 Ἀφροδίτη
1326 4568 1431 4624 ἀπό
1461 4591 1622 4624 τινων
1665 4568 1876 4624 πεπλα-

2056 4127 2109 4181 3.
2144 4126 2356 4180 Eorum
2388 4129 2586 4180 autem
2620 4124 2917 4197 mysteria,
2954 4127 3017 4179 ut
3048 4124 3364 4192 Eleusinia,
3418 4125 3635 4198 mythi-

1987 4232 2120 4270 cum
2155 4214 2439 4269 simulant
2465 4215 2665 4269 Jovem
2700 4230 2835 4268 cum
2867 4215 3072 4269 Cerere
3105 4214 3224 4269 sive
3258 4213 3528 4269 Demetre
3580 4219 3637 4270 et

1987 4304 2116 4373 ejus
2148 4303 2267 4357 lilia
2317 4302 2685 4373 Proserpina,
2736 4318 2860 4373 quae
2909 4306 2967 4355 et
3018 4302 3185 4373 Virgo
3236 4307 3635 4373 nuncupatur,

1988 4396 2493 4448 consuescentem.
2529 4391 2813 4457 Quoniam
2866 4399 3059 4445 autem
3115 4391 3185 4445 ad
3239 4391 3632 4446 initiationem

1987 4482 2110 4535 fieri
2144 4481 2435 4535 debebant
2464 4478 2695 4534 venerei
2726 4478 3089 4550 complexus,
3121 4479 3326 4551 eli'ugit
3362 4480 3416 4533 in
3449 4480 3635 4535 altum

1994 4587 2151 4624 mare
2183 4570 2373 4624 Venus
2400 4584 2464 4623 ex
2500 4568 2756 4638 quodam
2788 4567 3035 4622 conficto
3079 4572 3384 4639 apparatu.
3423 4570 3639 4623 Deinde

222 4659 439 4732 σμὲνων
494 4655 713 4731 μηδέων
765 4657 1044 4733 πελάγιος.
1078 4658 1208 4714 Εἶτα
1258 4654 1315 4712 δὲ
1359 4656 1640 4732 γαμήλιος
1671 4657 1880 4733 λέγεται

2002 4658 2278 4730 nuptialis
2308 4657 2525 4711 dicitur
2546 4660 2753 4710 cantus
2787 4656 2843 4709 in
2875 4657 3239 4727 Proserpinae
3271 4656 3550 4712 honorem
3584 4662 3639 4712 et

224 4747 315 4804 ἐπὶ
373 4751 445 4822 τῇ
498 4747 644 4823 Κόρῃ
698 4747 974 4821 ὑμέναιος,
1006 4747 1098 4801 καὶ
1129 4743 1416 4817 ἐπᾴδουσιν
1452 4749 1503 4801 οἱ
1533 4746 1878 4819 τελούμενοι·

220 4863 249 4890 α
285 4839 385 4896 Ἐκ
435 4837 720 4910 τυμπάνου
777 4834 999 4912 ἔφαγον,
1050 4833 1110 4891 ἐκ
1141 4830 1441 4908 κυμϐάλων
1475 4833 1648 4905 ἔπιον,
1679 4835 1885 4912 ἐκιρνο-

221 4953 249 4977 ιι
287 4929 534 5005 φόρησα,
595 4927 699 4982 ὑπὸ
751 4926 842 4980 τὸν
874 4926 1078 4980 παστὸν
1141 4921 1364 4980 είσέδυν.
1427 4948 1454 4976 ››
1511 4924 1881 5001 Ὑποκρίνεται

221 5012 282 5070 δὲ
333 5014 427 5070 καὶ
471 5016 565 5077 τὰς
614 5021 713 5085 τῆς
744 5018 922 5086 Δηοῦς
980 5012 1202 5076 ὠδῖνας.
1261 5015 1551 5090 Ἰκετηρίαι
1600 5020 1727 5090 γοῦν
1786 5016 1884 5070 αύ-

219 5104 357 5158 τίκα
408 5100 587 5174 Δηοῦς
633 5102 723 5158 καὶ
772 5102 957 5179 χολῆς
1000 5104 1159 5165 πόσις
1214 5103 1305 5158 καὶ
1352 5100 1720 5179 καρδιαλγίαι.
1771 5103 1886 5180 Ἐφ’

222 5196 309 5254 οἷς
360 5192 455 5247 καί
502 5213 555 5246 τι
614 5191 972 5267 τραγοσκελὲς
1022 5192 1250 5265 μίμημα
1308 5191 1702 5265 παθαινόμενον
1760 5192 1885 5266 περὶ

220 5288 347 5343 τοῖς
388 5279 669 5353 διδύμοις,
723 5280 913 5357 ὅτιπερ
962 5282 990 5336 ὁ
1044 5280 1196 5348 Ζεὺς,
1250 5278 1401 5343 δίκας
1453 5280 1741 5342 ἀποτιννὺς
1787 5288 1887 5352 τῆς

224 5371 353 5445 βίας
413 5372 484 5444 τῇ
541 5370 843 5444 Δήμητρι,
901 5369 1105 5444 τράγου
1162 5363 1350 5443 ὄρχεις
1410 5368 1703 5441 ἀποτεμὼν
1738 5416 1752 5441 ,
1811 5374 1888 5441 τῷ

218 5457 427 5531 κόλπῳ
469 5457 671 5528 τυύτης
718 5458 968 5512 κατέθετο
1013 5456 1196 5532 ὣσπερ
1252 5454 1318 5525 δή
1368 5456 1457 5511 καὶ
1490 5457 1700 5514 ἑαυτοῦ.
1761 5458 1883 5514 Ἐπὶ
1920 5511 1929 5518 ,

218 5555 396 5603 πῖισιν
456 5548 512 5602 αἱ
564 5547 660 5603 τοῦ
720 5545 981 5602 Διονύσου
1026 5546 1183 5619 τιμαὶ
1231 5545 1321 5601 καὶ
1370 5546 1405 5615 ἡ
1455 5546 1630 5608 κίστις
1680 5545 1768 5601 καὶ
1822 5547 1889 5601 τὰ

221 5635 611 5714 πολυόμφαλα
641 5636 876 5708 πόπανα,
922 5635 1010 5692 καὶ
1051 5635 1101 5691 οἶ
1132 5639 1213 5709 τῷ
1262 5629 1515 5708 Σαϐαζίῳ
1563 5634 1886 5709 τελούμενοι

1994 4753 2213 4802 canunt
2242 4745 2454 4800 initiati
2490 4760 2502 4799 :
2540 4766 2567 4794 «
2600 4745 2681 4798 Ex
2713 4750 2990 4816 tympano
3022 4745 3270 4812 comedi,
3304 4762 3371 4800 ex
3402 4747 3639 4814 cymba-

1994 4836 2065 4891 lis
2100 4835 2244 4901 bibi,
2275 4831 2703 4907 ἐκιρνοφὸρησα,
2733 4833 2793 4887 in
2827 4832 3042 4888 atrium
3077 4833 3379 4905 ingressus
3406 4851 3565 4890 sum.
3612 4857 3639 4883 ››

1994 4923 2288 4980 Simulant
2343 4922 2518 4977 etiam
2572 4922 2795 4977 Cereris
2845 4925 3076 4993 partum
3112 4940 3125 4976 :
3161 4921 3355 4977 statim
3416 4923 3642 4979 Cereris

1994 5012 2453 5085 supplicationes
2510 5015 2567 5066 et
2625 5009 2778 5065 fellis
2832 5015 3004 5082 potus
3058 5015 3116 5065 et
3162 5011 3355 5066 cordis
3386 5011 3640 5067 dolores.

1994 5103 2131 5158 Post
2180 5101 2355 5157 ﬁebat
2406 5099 2736 5171 capripedis
2786 5098 3222 5154 imitamentum
3275 5100 3646 5155 vehementer

1996 5192 2065 5247 de
2120 5187 2412 5246 testiculis
2467 5186 2680 5252 allecti,
2731 5204 2797 5242 eo
2857 5188 3010 5258 quod
3062 5186 3290 5258 Jupiter
3335 5186 3527 5242 Cereri
3574 5187 3643 5240 il-

1996 5281 2125 5337 lataa
2182 5277 2471 5333 violentia
2523 5277 2624 5347 jus
2683 5275 2912 5332 solvens
2970 5276 3130 5347 capri
3185 5274 3487 5331 testiculos
3544 5276 3647 5330 ab-

1994 5370 2212 5426 scissos
2271 5368 2400 5437 ejus
2458 5365 2615 5421 sinui
2675 5365 2957 5438 imposuit
3017 5369 3081 5419 ut
3136 5368 3195 5419 et
3251 5381 3379 5419 suo.
3446 5366 3503 5419 In
3538 5366 3647 5420 ho-

2004 5474 2208 5514 norem
2242 5455 2481 5528 Dionysi
2540 5455 3036 5527 impendebantur
3066 5454 3388 5525 priesertim
3421 5454 3567 5510 cista
3598 5458 3654 5507 et

2000 5546 2218 5603 multos
2273 5547 2561 5600 umbones
2619 5543 2898 5598 habentia
2955 5559 3227 5613 popana,
3288 5546 3346 5599 et
3404 5542 3646 5599 Sabazio

1996 5635 2213 5692 initiati
2273 5638 2330 5691 et
2404 5633 2615 5706 stipem
2696 5631 2868 5687 matri
2947 5631 3188 5688 deorum
3277 5635 3643 5705 quzerentcs,
