  <div class='ocr_page' id='page_1' title='image "/cluster/home/n/w/nwhite01/storage/ocr_20150623/122/hvd.32044073502460/455.png"; bbox 0 0 3966 6216; ppageno 0'>
   <div class='ocr_carea' id='block_1_1' title="bbox 353 314 472 371">
    <p class='ocr_par' dir='ltr' id='par_1_1' title="bbox 353 314 472 371">
     <span class='ocr_line' id='line_1_1' title="bbox 353 314 472 371; baseline -0.008 0"><span class='ocrx_word' id='word_1_1' title='bbox 353 314 472 371; x_wconf 80' lang='lat'><strong>879</strong></span> 
     </span>
    </p>
   </div>
   <div class='ocr_carea' id='block_1_2' title="bbox 1687 297 2419 365">
    <p class='ocr_par' dir='ltr' id='par_1_2' title="bbox 1687 297 2419 365">
     <span class='ocr_line' id='line_1_2' title="bbox 1687 297 2419 365; baseline -0.01 0"><span class='ocrx_word' id='word_1_2' title='bbox 1687 298 2107 365; x_wconf 83' lang='lat' dir='ltr'><strong>MICHAELIS</strong></span> <span class='ocrx_word' id='word_1_3' title='bbox 2154 297 2419 360; x_wconf 83' lang='lat' dir='ltr'><strong>PSELLI</strong></span> 
     </span>
    </p>
   </div>
   <div class='ocr_carea' id='block_1_3' title="bbox 3651 295 3771 355">
    <p class='ocr_par' dir='ltr' id='par_1_3' title="bbox 3651 295 3771 355">
     <span class='ocr_line' id='line_1_3' title="bbox 3651 295 3771 355; baseline 0 0"><span class='ocrx_word' id='word_1_4' title='bbox 3651 295 3771 355; x_wconf 86' lang='lat'><strong>880</strong></span> 
     </span>
    </p>
   </div>
   <div class='ocr_carea' id='block_1_4' title="bbox 358 422 2009 510">
    <p class='ocr_par' dir='ltr' id='par_1_4' title="bbox 358 438 2000 510">
     <span class='ocr_line' id='line_1_4' title="bbox 358 438 2000 510; baseline -0.007 -12"><span class='ocrx_word' id='word_1_5' title='bbox 358 443 594 498; x_wconf 61' lang='lat' dir='ltr'><strong>Baccha</strong></span> <span class='ocrx_word' id='word_1_6' title='bbox 664 445 722 497; x_wconf 91' lang='lat' dir='ltr'><strong>et</strong></span> <span class='ocrx_word' id='word_1_7' title='bbox 778 440 1192 510; x_wconf 84' lang='lat' dir='ltr'><strong>Mimallones,</strong></span> <span class='ocrx_word' id='word_1_8' title='bbox 1269 445 1327 496; x_wconf 91' lang='lat' dir='ltr'><strong>et</strong></span> <span class='ocrx_word' id='word_1_9' title='bbox 1401 438 1640 510; x_wconf 87' lang='lat' dir='ltr'><strong>quidam</strong></span> <span class='ocrx_word' id='word_1_10' title='bbox 1719 448 2000 490; x_wconf 80' lang='lat' dir='ltr'><strong>resonans</strong></span> 
     </span>
    </p>
   </div>
   <div class='ocr_carea' id='block_1_5' title="bbox 2177 422 3776 510">
    <p class='ocr_par' dir='ltr' id='par_1_5' title="bbox 2177 422 3776 504">
     <span class='ocr_line' id='line_1_5' title="bbox 2177 422 3776 504; baseline -0.002 -21"><span class='ocrx_word' id='word_1_11' title='bbox 2177 428 2205 483; x_wconf 72' lang='grc' dir='ltr'>εὶ</span> <span class='ocrx_word' id='word_1_12' title='bbox 2238 429 2288 483; x_wconf 75' lang='grc' dir='ltr'>οἱ</span> <span class='ocrx_word' id='word_1_13' title='bbox 2324 428 2735 504; x_wconf 77' lang='grc' dir='ltr'>μητριάζοντες,</span> <span class='ocrx_word' id='word_1_14' title='bbox 2790 423 3092 489; x_wconf 84' lang='grc' dir='ltr'>Κλώδωνές</span> <span class='ocrx_word' id='word_1_15' title='bbox 3138 446 3195 481; x_wconf 92' lang='grc' dir='ltr'><strong>τε</strong></span> <span class='ocrx_word' id='word_1_16' title='bbox 3244 425 3333 480; x_wconf 75' lang='grc' dir='ltr'><strong>καὶ</strong></span> <span class='ocrx_word' id='word_1_17' title='bbox 3385 422 3776 499; x_wconf 75' lang='grc' dir='ltr'><strong>Μιμαλλόνες,</strong></span> 
     </span>
    </p>
   </div>
   <div class='ocr_carea' id='block_1_6' title="bbox 357 525 2006 603">
    <p class='ocr_par' dir='ltr' id='par_1_6' title="bbox 357 525 2006 603">
     <span class='ocr_line' id='line_1_6' title="bbox 357 525 2006 603; baseline -0.007 -16"><span class='ocrx_word' id='word_1_18' title='bbox 357 532 519 587; x_wconf 91' lang='lat' dir='ltr'><strong>lebes</strong></span> <span class='ocrx_word' id='word_1_19' title='bbox 576 531 961 603; x_wconf 76' lang='lat' dir='ltr'><strong>Thesprotius</strong></span> <span class='ocrx_word' id='word_1_20' title='bbox 1032 535 1089 586; x_wconf 85' lang='lat' dir='ltr'><strong>et</strong></span> <span class='ocrx_word' id='word_1_21' title='bbox 1159 530 1511 585; x_wconf 71' lang='lat' dir='ltr'><strong>Dodonaeum</strong></span> <span class='ocrx_word' id='word_1_22' title='bbox 1571 526 1869 589; x_wconf 87' lang='lat' dir='ltr'><strong>ahenum;</strong></span> <span class='ocrx_word' id='word_1_23' title='bbox 1949 525 2006 575; x_wconf 90' lang='lat' dir='ltr'><strong>et</strong></span> 
     </span>
    </p>
   </div>
   <div class='ocr_carea' id='block_1_7' title="bbox 361 609 2003 691">
    <p class='ocr_par' dir='ltr' id='par_1_7' title="bbox 361 609 2003 691">
     <span class='ocr_line' id='line_1_7' title="bbox 361 609 2003 691; baseline -0.008 -16"><span class='ocrx_word' id='word_1_24' title='bbox 361 620 615 691; x_wconf 81' lang='lat' dir='ltr'><strong>Corybas</strong></span> <span class='ocrx_word' id='word_1_25' title='bbox 664 619 817 675; x_wconf 89' lang='lat' dir='ltr'><strong>alius</strong></span> <span class='ocrx_word' id='word_1_26' title='bbox 872 624 927 675; x_wconf 88' lang='lat' dir='ltr'><strong>et</strong></span> <span class='ocrx_word' id='word_1_27' title='bbox 983 619 1160 674; x_wconf 82' lang='lat' dir='ltr'><strong>Cures</strong></span> <span class='ocrx_word' id='word_1_28' title='bbox 1220 616 1406 687; x_wconf 81' lang='lat' dir='ltr'><strong>alter,</strong></span> <span class='ocrx_word' id='word_1_29' title='bbox 1466 617 1802 669; x_wconf 66' lang='lat' dir='ltr'><strong>daemonum</strong></span> <span class='ocrx_word' id='word_1_30' title='bbox 1872 609 2003 664; x_wconf 89' lang='lat' dir='ltr'><strong>imi-</strong></span> 
     </span>
    </p>
   </div>
   <div class='ocr_carea' id='block_1_8' title="bbox 362 698 2004 775">
    <p class='ocr_par' dir='ltr' id='par_1_8' title="bbox 362 698 2004 775">
     <span class='ocr_line' id='line_1_8' title="bbox 362 698 2004 775; baseline -0.008 -10"><span class='ocrx_word' id='word_1_31' title='bbox 362 713 660 765; x_wconf 87' lang='lat' dir='ltr'><strong>tamenta.</strong></span> <span class='ocrx_word' id='word_1_32' title='bbox 722 713 858 765; x_wconf 90' lang='lat' dir='ltr'><strong>Post</strong></span> <span class='ocrx_word' id='word_1_33' title='bbox 916 708 1112 763; x_wconf 84' lang='lat' dir='ltr'><strong>Baubo</strong></span> <span class='ocrx_word' id='word_1_34' title='bbox 1171 722 1342 761; x_wconf 89' lang='lat' dir='ltr'><strong>crura</strong></span> <span class='ocrx_word' id='word_1_35' title='bbox 1396 706 1673 775; x_wconf 83' lang='lat' dir='ltr'><strong>detegens</strong></span> <span class='ocrx_word' id='word_1_36' title='bbox 1729 706 1786 756; x_wconf 90' lang='lat' dir='ltr'><strong>et</strong></span> <span class='ocrx_word' id='word_1_37' title='bbox 1839 698 2004 754; x_wconf 84' lang='lat' dir='ltr'><strong>femi-</strong></span> 
     </span>
    </p>
   </div>
   <div class='ocr_carea' id='block_1_9' title="bbox 366 788 2005 867">
    <p class='ocr_par' dir='ltr' id='par_1_9' title="bbox 366 788 2005 867">
     <span class='ocr_line' id='line_1_9' title="bbox 366 788 2005 867; baseline -0.007 -14"><span class='ocrx_word' id='word_1_38' title='bbox 366 815 541 853; x_wconf 88' lang='lat' dir='ltr'><strong>neum</strong></span> <span class='ocrx_word' id='word_1_39' title='bbox 591 798 830 867; x_wconf 83' lang='lat' dir='ltr'><strong>inguen;</strong></span> <span class='ocrx_word' id='word_1_40' title='bbox 878 797 962 852; x_wconf 82' lang='lat' dir='ltr'><strong>sic</strong></span> <span class='ocrx_word' id='word_1_41' title='bbox 1012 795 1168 851; x_wconf 90' lang='lat' dir='ltr'><strong>enim</strong></span> <span class='ocrx_word' id='word_1_42' title='bbox 1222 796 1502 866; x_wconf 80' lang='lat' dir='ltr'><strong>pudorem</strong></span> <span class='ocrx_word' id='word_1_43' title='bbox 1553 790 1860 846; x_wconf 82' lang='lat' dir='ltr'><strong>nominant</strong></span> <span class='ocrx_word' id='word_1_44' title='bbox 1907 788 2005 842; x_wconf 89' lang='lat' dir='ltr'><strong>de-</strong></span> 
     </span>
    </p>
   </div>
   <div class='ocr_carea' id='block_1_10' title="bbox 368 877 2006 953">
    <p class='ocr_par' dir='ltr' id='par_1_10' title="bbox 368 877 2006 953">
     <span class='ocr_line' id='line_1_10' title="bbox 368 877 2006 953; baseline -0.007 -11"><span class='ocrx_word' id='word_1_45' title='bbox 368 888 573 943; x_wconf 86' lang='lat' dir='ltr'><strong>decore</strong></span> <span class='ocrx_word' id='word_1_46' title='bbox 628 887 856 952; x_wconf 80' lang='lat' dir='ltr'><strong>atIecti;</strong></span> <span class='ocrx_word' id='word_1_47' title='bbox 917 890 974 940; x_wconf 88' lang='lat' dir='ltr'><strong>et</strong></span> <span class='ocrx_word' id='word_1_48' title='bbox 1003 885 1087 940; x_wconf 90' lang='lat' dir='ltr'><strong>sic</strong></span> <span class='ocrx_word' id='word_1_49' title='bbox 1142 885 1199 938; x_wconf 94' lang='lat' dir='ltr'><strong>in</strong></span> <span class='ocrx_word' id='word_1_50' title='bbox 1264 881 1628 953; x_wconf 87' lang='lat' dir='ltr'><strong>turpitudine</strong></span> <span class='ocrx_word' id='word_1_51' title='bbox 1663 877 2006 952; x_wconf 79' lang='lat' dir='ltr'><strong>mysterium</strong></span> 
     </span>
    </p>
   </div>
   <div class='ocr_carea' id='block_1_11' title="bbox 368 974 720 1030">
    <p class='ocr_par' dir='ltr' id='par_1_11' title="bbox 368 974 720 1030">
     <span class='ocr_line' id='line_1_11' title="bbox 368 974 720 1030; baseline -0.003 -1"><span class='ocrx_word' id='word_1_52' title='bbox 368 974 720 1030; x_wconf 82' lang='lat' dir='ltr'><strong>dissolvunt.</strong></span> 
     </span>
    </p>
   </div>
   <div class='ocr_carea' id='block_1_12' title="bbox 437 1072 2010 1135">
    <p class='ocr_par' dir='ltr' id='par_1_12' title="bbox 437 1072 2010 1135">
     <span class='ocr_line' id='line_1_12' title="bbox 437 1072 2010 1135; baseline -0.005 -1"><span class='ocrx_word' id='word_1_53' title='bbox 437 1082 1031 1135; x_wconf 71' lang='lat' dir='ltr'><strong>4.1ncantamentum</strong></span> <span class='ocrx_word' id='word_1_54' title='bbox 1083 1082 1279 1133; x_wconf 87' lang='lat' dir='ltr'><strong>autem</strong></span> <span class='ocrx_word' id='word_1_55' title='bbox 1339 1095 1434 1133; x_wconf 82' lang='lat' dir='ltr'><strong>ars</strong></span> <span class='ocrx_word' id='word_1_56' title='bbox 1492 1080 1582 1132; x_wconf 89' lang='lat' dir='ltr'><strong>est</strong></span> <span class='ocrx_word' id='word_1_57' title='bbox 1641 1074 1808 1130; x_wconf 91' lang='lat' dir='ltr'><strong>vanis</strong></span> <span class='ocrx_word' id='word_1_58' title='bbox 1856 1072 2010 1127; x_wconf 86' lang='lat' dir='ltr'><strong>circa</strong></span> 
     </span>
    </p>
   </div>
   <div class='ocr_carea' id='block_1_13' title="bbox 365 1162 2010 1236">
    <p class='ocr_par' dir='ltr' id='par_1_13' title="bbox 365 1162 2010 1236">
     <span class='ocr_line' id='line_1_13' title="bbox 365 1162 2010 1236; baseline -0.005 -12"><span class='ocrx_word' id='word_1_59' title='bbox 365 1169 693 1224; x_wconf 88' lang='lat' dir='ltr'><strong>materiales</strong></span> <span class='ocrx_word' id='word_1_60' title='bbox 723 1173 780 1222; x_wconf 92' lang='lat' dir='ltr'><strong>et</strong></span> <span class='ocrx_word' id='word_1_61' title='bbox 810 1172 1120 1223; x_wconf 79' lang='lat' dir='ltr'><strong>terrestres</strong></span> <span class='ocrx_word' id='word_1_62' title='bbox 1149 1168 1444 1222; x_wconf 69' lang='lat' dir='ltr'><strong>daemones</strong></span> <span class='ocrx_word' id='word_1_63' title='bbox 1488 1162 2010 1236; x_wconf 80' lang='lat' dir='ltr'><strong>imaginationibus</strong></span> 
     </span>
    </p>
   </div>
   <div class='ocr_carea' id='block_1_14' title="bbox 361 1253 2009 1327">
    <p class='ocr_par' dir='ltr' id='par_1_14' title="bbox 361 1253 2009 1327">
     <span class='ocr_line' id='line_1_14' title="bbox 361 1253 2009 1327; baseline -0.005 -16"><span class='ocrx_word' id='word_1_64' title='bbox 361 1256 696 1327; x_wconf 85' lang='lat' dir='ltr'><strong>indulgens,</strong></span> <span class='ocrx_word' id='word_1_65' title='bbox 750 1263 805 1311; x_wconf 90' lang='lat' dir='ltr'><strong>et</strong></span> <span class='ocrx_word' id='word_1_66' title='bbox 858 1272 1059 1311; x_wconf 90' lang='lat' dir='ltr'><strong>eorum</strong></span> <span class='ocrx_word' id='word_1_67' title='bbox 1105 1254 1541 1326; x_wconf 85' lang='lat' dir='ltr'><strong>inspectoribus</strong></span> <span class='ocrx_word' id='word_1_68' title='bbox 1589 1253 1833 1307; x_wconf 81' lang='lat' dir='ltr'><strong>umbras</strong></span> <span class='ocrx_word' id='word_1_69' title='bbox 1882 1255 2009 1304; x_wconf 92' lang='lat' dir='ltr'><strong>tum</strong></span> 
     </span>
    </p>
   </div>
   <div class='ocr_carea' id='block_1_15' title="bbox 362 1342 2009 1399">
    <p class='ocr_par' dir='ltr' id='par_1_15' title="bbox 362 1342 2009 1399">
     <span class='ocr_line' id='line_1_15' title="bbox 362 1342 2009 1399; baseline -0.004 0"><span class='ocrx_word' id='word_1_70' title='bbox 362 1362 429 1399; x_wconf 84' lang='lat' dir='ltr'><strong>ex</strong></span> <span class='ocrx_word' id='word_1_71' title='bbox 460 1344 663 1399; x_wconf 86' lang='lat' dir='ltr'><strong>inferis</strong></span> <span class='ocrx_word' id='word_1_72' title='bbox 719 1344 1018 1399; x_wconf 85' lang='lat' dir='ltr'><strong>adducens</strong></span> <span class='ocrx_word' id='word_1_73' title='bbox 1072 1348 1199 1398; x_wconf 93' lang='lat' dir='ltr'><strong>tum</strong></span> <span class='ocrx_word' id='word_1_74' title='bbox 1258 1359 1326 1397; x_wconf 80' lang='lat' dir='ltr'><strong>ex</strong></span> <span class='ocrx_word' id='word_1_75' title='bbox 1368 1342 1486 1397; x_wconf 90' lang='lat' dir='ltr'><strong>alto</strong></span> <span class='ocrx_word' id='word_1_76' title='bbox 1539 1342 1835 1396; x_wconf 90' lang='lat' dir='ltr'><strong>deducens</strong></span> <span class='ocrx_word' id='word_1_77' title='bbox 1883 1355 2009 1393; x_wconf 87' lang='lat' dir='ltr'><strong>eas-</strong></span> 
     </span>
    </p>
   </div>
   <div class='ocr_carea' id='block_1_16' title="bbox 363 1429 2011 1504">
    <p class='ocr_par' dir='ltr' id='par_1_16' title="bbox 363 1429 2011 1504">
     <span class='ocr_line' id='line_1_16' title="bbox 363 1429 2011 1504; baseline -0.005 -16"><span class='ocrx_word' id='word_1_78' title='bbox 363 1449 475 1504; x_wconf 88' lang='lat' dir='ltr'><strong>que</strong></span> <span class='ocrx_word' id='word_1_79' title='bbox 534 1432 759 1487; x_wconf 78' lang='lat' dir='ltr'><strong>noxias.</strong></span> <span class='ocrx_word' id='word_1_80' title='bbox 813 1432 880 1486; x_wconf 87' lang='lat' dir='ltr'><strong>Et</strong></span> <span class='ocrx_word' id='word_1_81' title='bbox 938 1432 1207 1503; x_wconf 61' lang='lat' dir='ltr'><strong>quaedam</strong></span> <span class='ocrx_word' id='word_1_82' title='bbox 1265 1446 1543 1502; x_wconf 90' lang='lat' dir='ltr'><strong>corporea</strong></span> <span class='ocrx_word' id='word_1_83' title='bbox 1592 1429 2011 1500; x_wconf 88' lang='lat' dir='ltr'><strong>phantasmata</strong></span> 
     </span>
    </p>
   </div>
   <div class='ocr_carea' id='block_1_17' title="bbox 364 1517 2007 1592">
    <p class='ocr_par' dir='ltr' id='par_1_17' title="bbox 364 1517 2007 1592">
     <span class='ocr_line' id='line_1_17' title="bbox 364 1517 2007 1592; baseline -0.004 -15"><span class='ocrx_word' id='word_1_84' title='bbox 364 1539 462 1577; x_wconf 87' lang='lat' dir='ltr'><strong>eas</strong></span> <span class='ocrx_word' id='word_1_85' title='bbox 529 1521 1067 1592; x_wconf 82' lang='lat' dir='ltr'><strong>contemplantibus</strong></span> <span class='ocrx_word' id='word_1_86' title='bbox 1116 1521 1418 1592; x_wconf 86' lang='lat' dir='ltr'><strong>supponit.</strong></span> <span class='ocrx_word' id='word_1_87' title='bbox 1475 1524 1537 1573; x_wconf 77' lang='lat' dir='ltr'><strong>Et</strong></span> <span class='ocrx_word' id='word_1_88' title='bbox 1588 1518 1719 1572; x_wconf 89' lang='lat' dir='ltr'><strong>aliis</strong></span> <span class='ocrx_word' id='word_1_89' title='bbox 1770 1517 2007 1588; x_wconf 89' lang='lat' dir='ltr'><strong>quidem</strong></span> 
     </span>
    </p>
   </div>
   <div class='ocr_carea' id='block_1_18' title="bbox 366 1604 2009 1681">
    <p class='ocr_par' dir='ltr' id='par_1_18' title="bbox 366 1604 2009 1681">
     <span class='ocr_line' id='line_1_18' title="bbox 366 1604 2009 1681; baseline -0.003 -17"><span class='ocrx_word' id='word_1_90' title='bbox 366 1610 560 1665; x_wconf 82' lang='lat' dir='ltr'><strong>ﬂuxus</strong></span> <span class='ocrx_word' id='word_1_91' title='bbox 599 1610 829 1681; x_wconf 83' lang='lat' dir='ltr'><strong>aliquos</strong></span> <span class='ocrx_word' id='word_1_92' title='bbox 880 1610 1015 1664; x_wconf 91' lang='lat' dir='ltr'><strong>inde</strong></span> <span class='ocrx_word' id='word_1_93' title='bbox 1069 1610 1425 1664; x_wconf 78' lang='lat' dir='ltr'><strong>fluctuantes</strong></span> <span class='ocrx_word' id='word_1_94' title='bbox 1458 1608 1661 1671; x_wconf 87' lang='lat' dir='ltr'><strong>mittit,</strong></span> <span class='ocrx_word' id='word_1_95' title='bbox 1695 1604 1828 1660; x_wconf 89' lang='lat' dir='ltr'><strong>aliis</strong></span> <span class='ocrx_word' id='word_1_96' title='bbox 1878 1620 2009 1659; x_wconf 86' lang='lat' dir='ltr'><strong>vero</strong></span> 
     </span>
    </p>
   </div>
   <div class='ocr_carea' id='block_1_19' title="bbox 366 1694 2007 1765">
    <p class='ocr_par' dir='ltr' id='par_1_19' title="bbox 366 1694 2007 1765">
     <span class='ocr_line' id='line_1_19' title="bbox 366 1694 2007 1765; baseline -0.002 -14"><span class='ocrx_word' id='word_1_97' title='bbox 366 1699 732 1754; x_wconf 84' lang='lat' dir='ltr'><strong>vinculorum</strong></span> <span class='ocrx_word' id='word_1_98' title='bbox 764 1697 1115 1753; x_wconf 89' lang='lat' dir='ltr'><strong>solutionem</strong></span> <span class='ocrx_word' id='word_1_99' title='bbox 1157 1702 1214 1751; x_wconf 90' lang='lat' dir='ltr'><strong>et</strong></span> <span class='ocrx_word' id='word_1_100' title='bbox 1264 1695 1503 1751; x_wconf 88' lang='lat' dir='ltr'><strong>delicias</strong></span> <span class='ocrx_word' id='word_1_101' title='bbox 1548 1700 1604 1750; x_wconf 89' lang='lat' dir='ltr'><strong>et</strong></span> <span class='ocrx_word' id='word_1_102' title='bbox 1655 1694 1874 1765; x_wconf 83' lang='lat' dir='ltr'><strong>gratias</strong></span> <span class='ocrx_word' id='word_1_103' title='bbox 1903 1711 2007 1747; x_wconf 81' lang='lat' dir='ltr'><strong>an-</strong></span> 
     </span>
    </p>
   </div>
   <div class='ocr_carea' id='block_1_20' title="bbox 368 1782 2087 1865">
    <p class='ocr_par' dir='ltr' id='par_1_20' title="bbox 368 1782 2087 1865">
     <span class='ocr_line' id='line_1_20' title="bbox 368 1782 2087 1865; baseline -0.003 -23"><span class='ocrx_word' id='word_1_104' title='bbox 368 1787 624 1842; x_wconf 86' lang='lat' dir='ltr'><strong>nuntiat.</strong></span> <span class='ocrx_word' id='word_1_105' title='bbox 659 1786 774 1841; x_wconf 88' lang='lat' dir='ltr'><strong>IIas</strong></span> <span class='ocrx_word' id='word_1_106' title='bbox 805 1791 999 1841; x_wconf 89' lang='lat' dir='ltr'><strong>autem</strong></span> <span class='ocrx_word' id='word_1_107' title='bbox 1048 1786 1342 1857; x_wconf 86' lang='lat' dir='ltr'><strong>potentias</strong></span> <span class='ocrx_word' id='word_1_108' title='bbox 1392 1788 1595 1839; x_wconf 82' lang='lat' dir='ltr'><strong>evocat</strong></span> <span class='ocrx_word' id='word_1_109' title='bbox 1645 1782 2008 1837; x_wconf 87' lang='lat' dir='ltr'><strong>carminibus</strong></span> <span class='ocrx_word' id='word_1_110' title='bbox 2039 1800 2087 1865; x_wconf 80' lang='grc' dir='ltr'><strong>Β</strong></span> 
     </span>
    </p>
   </div>
   <div class='ocr_carea' id='block_1_21' title="bbox 370 1876 654 1947">
    <p class='ocr_par' dir='ltr' id='par_1_21' title="bbox 370 1876 654 1947">
     <span class='ocr_line' id='line_1_21' title="bbox 370 1876 654 1947; baseline -0.004 -17"><span class='ocrx_word' id='word_1_111' title='bbox 370 1876 654 1947; x_wconf 85' lang='lat' dir='ltr'><strong>repetitis.</strong></span> 
     </span>
    </p>
   </div>
   <div class='ocr_carea' id='block_1_22' title="bbox 436 1960 2007 2036">
    <p class='ocr_par' dir='ltr' id='par_1_22' title="bbox 436 1960 2007 2036">
     <span class='ocr_line' id='line_1_22' title="bbox 436 1960 2007 2036; baseline -0.004 -17"><span class='ocrx_word' id='word_1_112' title='bbox 436 1967 491 2019; x_wconf 90' lang='lat'><strong>5.</strong></span> <span class='ocrx_word' id='word_1_113' title='bbox 526 1966 734 2036; x_wconf 87' lang='lat' dir='ltr'><strong>Magna</strong></span> <span class='ocrx_word' id='word_1_114' title='bbox 765 1968 960 2019; x_wconf 86' lang='lat' dir='ltr'><strong>autem</strong></span> <span class='ocrx_word' id='word_1_115' title='bbox 992 1964 1209 2019; x_wconf 60' lang='lat' dir='ltr'><strong>Gracis</strong></span> <span class='ocrx_word' id='word_1_116' title='bbox 1260 1962 1563 2017; x_wconf 84' lang='lat' dir='ltr'><strong>videbatur</strong></span> <span class='ocrx_word' id='word_1_117' title='bbox 1613 1960 1859 2016; x_wconf 89' lang='lat' dir='ltr'><strong>multam</strong></span> <span class='ocrx_word' id='word_1_118' title='bbox 1891 1960 2007 2014; x_wconf 88' lang='lat' dir='ltr'><strong>vim</strong></span> 
     </span>
    </p>
   </div>
   <div class='ocr_carea' id='block_1_23' title="bbox 366 2051 2007 2121">
    <p class='ocr_par' dir='ltr' id='par_1_23' title="bbox 366 2051 2007 2121">
     <span class='ocr_line' id='line_1_23' title="bbox 366 2051 2007 2121; baseline -0.002 -13"><span class='ocrx_word' id='word_1_119' title='bbox 366 2053 602 2109; x_wconf 88' lang='lat' dir='ltr'><strong>habere.</strong></span> <span class='ocrx_word' id='word_1_120' title='bbox 634 2055 774 2109; x_wconf 86' lang='lat' dir='ltr'><strong>Eam</strong></span> <span class='ocrx_word' id='word_1_121' title='bbox 808 2053 1077 2108; x_wconf 91' lang='lat' dir='ltr'><strong>ultimam</strong></span> <span class='ocrx_word' id='word_1_122' title='bbox 1111 2051 1476 2108; x_wconf 86' lang='lat' dir='ltr'><strong>medicinalis</strong></span> <span class='ocrx_word' id='word_1_123' title='bbox 1504 2051 1757 2107; x_wconf 76' lang='lat' dir='ltr'><strong>scientiaa</strong></span> <span class='ocrx_word' id='word_1_124' title='bbox 1783 2056 2007 2121; x_wconf 88' lang='lat' dir='ltr'><strong>partem</strong></span> 
     </span>
    </p>
   </div>
   <div class='ocr_carea' id='block_1_24' title="bbox 363 2138 2007 2213">
    <p class='ocr_par' dir='ltr' id='par_1_24' title="bbox 363 2138 2007 2213">
     <span class='ocr_line' id='line_1_24' title="bbox 363 2138 2007 2213; baseline -0.002 -17"><span class='ocrx_word' id='word_1_125' title='bbox 363 2158 492 2197; x_wconf 89' lang='lat' dir='ltr'><strong>esse</strong></span> <span class='ocrx_word' id='word_1_126' title='bbox 524 2142 745 2197; x_wconf 89' lang='lat' dir='ltr'><strong>dicunt.</strong></span> <span class='ocrx_word' id='word_1_127' title='bbox 781 2142 1148 2213; x_wconf 89' lang='lat' dir='ltr'><strong>Investigans</strong></span> <span class='ocrx_word' id='word_1_128' title='bbox 1180 2141 1335 2196; x_wconf 89' lang='lat' dir='ltr'><strong>enim</strong></span> <span class='ocrx_word' id='word_1_129' title='bbox 1395 2141 1665 2195; x_wconf 89' lang='lat' dir='ltr'><strong>omnium</strong></span> <span class='ocrx_word' id='word_1_130' title='bbox 1719 2138 2007 2193; x_wconf 87' lang='lat' dir='ltr'><strong>subluna-</strong></span> 
     </span>
    </p>
   </div>
   <div class='ocr_carea' id='block_1_25' title="bbox 366 2226 2008 2298">
    <p class='ocr_par' dir='ltr' id='par_1_25' title="bbox 366 2226 2008 2298">
     <span class='ocr_line' id='line_1_25' title="bbox 366 2226 2008 2298; baseline -0.003 -13"><span class='ocrx_word' id='word_1_131' title='bbox 366 2231 519 2285; x_wconf 90' lang='lat' dir='ltr'><strong>rium</strong></span> <span class='ocrx_word' id='word_1_132' title='bbox 571 2230 1039 2286; x_wconf 87' lang='lat' dir='ltr'><strong>substantiarum</strong></span> <span class='ocrx_word' id='word_1_133' title='bbox 1090 2234 1145 2285; x_wconf 88' lang='lat' dir='ltr'><strong>et</strong></span> <span class='ocrx_word' id='word_1_134' title='bbox 1194 2234 1466 2284; x_wconf 87' lang='lat' dir='ltr'><strong>naturam</strong></span> <span class='ocrx_word' id='word_1_135' title='bbox 1524 2233 1582 2283; x_wconf 87' lang='lat' dir='ltr'><strong>et</strong></span> <span class='ocrx_word' id='word_1_136' title='bbox 1639 2226 2008 2298; x_wconf 89' lang='lat' dir='ltr'><strong>qualitatem,</strong></span> 
     </span>
    </p>
   </div>
   <div class='ocr_carea' id='block_1_26' title="bbox 363 2317 2009 2389">
    <p class='ocr_par' dir='ltr' id='par_1_26' title="bbox 363 2317 2009 2389">
     <span class='ocr_line' id='line_1_26' title="bbox 363 2317 2009 2389; baseline -0.002 -16"><span class='ocrx_word' id='word_1_137' title='bbox 363 2317 788 2374; x_wconf 88' lang='lat' dir='ltr'><strong>elementorum</strong></span> <span class='ocrx_word' id='word_1_138' title='bbox 846 2334 1056 2389; x_wconf 90' lang='lat' dir='ltr'><strong>nempe</strong></span> <span class='ocrx_word' id='word_1_139' title='bbox 1099 2334 1419 2389; x_wconf 89' lang='lat' dir='ltr'><strong>eorumque</strong></span> <span class='ocrx_word' id='word_1_140' title='bbox 1469 2317 1748 2388; x_wconf 87' lang='lat' dir='ltr'><strong>partium,</strong></span> <span class='ocrx_word' id='word_1_141' title='bbox 1784 2318 2009 2370; x_wconf 89' lang='lat' dir='ltr'><strong>anima-</strong></span> 
     </span>
    </p>
   </div>
   <div class='ocr_carea' id='block_1_27' title="bbox 363 2405 2009 2478">
    <p class='ocr_par' dir='ltr' id='par_1_27' title="bbox 363 2405 2009 2478">
     <span class='ocr_line' id='line_1_27' title="bbox 363 2405 2009 2478; baseline -0.002 -17"><span class='ocrx_word' id='word_1_142' title='bbox 363 2406 509 2461; x_wconf 90' lang='lat' dir='ltr'><strong>lium</strong></span> <span class='ocrx_word' id='word_1_143' title='bbox 568 2407 1013 2477; x_wconf 88' lang='lat' dir='ltr'><strong>quorumlibet,</strong></span> <span class='ocrx_word' id='word_1_144' title='bbox 1074 2406 1411 2478; x_wconf 88' lang='lat' dir='ltr'><strong>plantarum</strong></span> <span class='ocrx_word' id='word_1_145' title='bbox 1490 2420 1813 2474; x_wconf 89' lang='lat' dir='ltr'><strong>earumque</strong></span> <span class='ocrx_word' id='word_1_146' title='bbox 1890 2405 2009 2458; x_wconf 85' lang='lat' dir='ltr'><strong>fru-</strong></span> 
     </span>
    </p>
   </div>
   <div class='ocr_carea' id='block_1_28' title="bbox 368 2492 2010 2567">
    <p class='ocr_par' dir='ltr' id='par_1_28' title="bbox 368 2492 2010 2567">
     <span class='ocr_line' id='line_1_28' title="bbox 368 2492 2010 2567; baseline -0.002 -18"><span class='ocrx_word' id='word_1_147' title='bbox 368 2501 608 2565; x_wconf 88' lang='lat' dir='ltr'><strong>ctuum,</strong></span> <span class='ocrx_word' id='word_1_148' title='bbox 641 2496 930 2567; x_wconf 86' lang='lat' dir='ltr'><strong>lapidum,</strong></span> <span class='ocrx_word' id='word_1_149' title='bbox 982 2494 1324 2565; x_wconf 85' lang='lat' dir='ltr'><strong>herbarum,</strong></span> <span class='ocrx_word' id='word_1_150' title='bbox 1375 2498 1432 2548; x_wconf 89' lang='lat' dir='ltr'><strong>et</strong></span> <span class='ocrx_word' id='word_1_151' title='bbox 1491 2510 1604 2548; x_wconf 92' lang='lat' dir='ltr'><strong>uno</strong></span> <span class='ocrx_word' id='word_1_152' title='bbox 1663 2492 1838 2547; x_wconf 88' lang='lat' dir='ltr'><strong>verbo</strong></span> <span class='ocrx_word' id='word_1_153' title='bbox 1887 2507 2010 2546; x_wconf 88' lang='lat' dir='ltr'><strong>om-</strong></span> 
     </span>
    </p>
   </div>
   <div class='ocr_carea' id='block_1_29' title="bbox 369 2580 2014 2654">
    <p class='ocr_par' dir='ltr' id='par_1_29' title="bbox 369 2580 2014 2654">
     <span class='ocr_line' id='line_1_29' title="bbox 369 2580 2014 2654; baseline -0.002 -15"><span class='ocrx_word' id='word_1_154' title='bbox 369 2585 534 2639; x_wconf 90' lang='lat' dir='ltr'><strong>nium</strong></span> <span class='ocrx_word' id='word_1_155' title='bbox 614 2601 809 2639; x_wconf 88' lang='lat' dir='ltr'><strong>rerum</strong></span> <span class='ocrx_word' id='word_1_156' title='bbox 887 2584 1283 2639; x_wconf 89' lang='lat' dir='ltr'><strong>substantiam</strong></span> <span class='ocrx_word' id='word_1_157' title='bbox 1339 2587 1394 2638; x_wconf 90' lang='lat' dir='ltr'><strong>et</strong></span> <span class='ocrx_word' id='word_1_158' title='bbox 1453 2581 1808 2654; x_wconf 89' lang='lat' dir='ltr'><strong>potentiam,</strong></span> <span class='ocrx_word' id='word_1_159' title='bbox 1877 2580 2014 2636; x_wconf 92' lang='lat' dir='ltr'><strong>inde</strong></span> 
     </span>
    </p>
   </div>
   <div class='ocr_carea' id='block_1_30' title="bbox 369 2670 2012 2746">
    <p class='ocr_par' dir='ltr' id='par_1_30' title="bbox 369 2670 2012 2746">
     <span class='ocr_line' id='line_1_30' title="bbox 369 2670 2012 2746; baseline -0.002 -17"><span class='ocrx_word' id='word_1_160' title='bbox 369 2691 477 2729; x_wconf 87' lang='lat' dir='ltr'><strong>sua</strong></span> <span class='ocrx_word' id='word_1_161' title='bbox 533 2679 827 2746; x_wconf 88' lang='lat' dir='ltr'><strong>operatur.</strong></span> <span class='ocrx_word' id='word_1_162' title='bbox 888 2673 1326 2728; x_wconf 80' lang='lat' dir='ltr'><strong>Oblectamenta</strong></span> <span class='ocrx_word' id='word_1_163' title='bbox 1371 2673 1642 2744; x_wconf 90' lang='lat' dir='ltr'><strong>proponit</strong></span> <span class='ocrx_word' id='word_1_164' title='bbox 1697 2670 2012 2727; x_wconf 88' lang='lat' dir='ltr'><strong>sanitatem</strong></span> 
     </span>
    </p>
   </div>
   <div class='ocr_carea' id='block_1_31' title="bbox 370 2760 2013 2832">
    <p class='ocr_par' dir='ltr' id='par_1_31' title="bbox 370 2760 2013 2832">
     <span class='ocr_line' id='line_1_31' title="bbox 370 2760 2013 2832; baseline -0.001 -15"><span class='ocrx_word' id='word_1_165' title='bbox 370 2761 719 2830; x_wconf 88' lang='lat' dir='ltr'><strong>eflicientia,</strong></span> <span class='ocrx_word' id='word_1_166' title='bbox 778 2762 1120 2832; x_wconf 89' lang='lat' dir='ltr'><strong>speciesque</strong></span> <span class='ocrx_word' id='word_1_167' title='bbox 1196 2761 1626 2815; x_wconf 89' lang='lat' dir='ltr'><strong>diversissimas</strong></span> <span class='ocrx_word' id='word_1_168' title='bbox 1706 2760 2013 2831; x_wconf 83' lang='lat' dir='ltr'><strong>producit,</strong></span> 
     </span>
    </p>
   </div>
   <div class='ocr_carea' id='block_1_32' title="bbox 370 2847 2012 2903">
    <p class='ocr_par' dir='ltr' id='par_1_32' title="bbox 370 2847 2012 2903">
     <span class='ocr_line' id='line_1_32' title="bbox 370 2847 2012 2903; baseline -0.001 0"><span class='ocrx_word' id='word_1_169' title='bbox 370 2852 427 2903; x_wconf 84' lang='lat' dir='ltr'><strong>et</strong></span> <span class='ocrx_word' id='word_1_170' title='bbox 483 2847 599 2903; x_wconf 89' lang='lat' dir='ltr'><strong>alia</strong></span> <span class='ocrx_word' id='word_1_171' title='bbox 676 2847 1103 2903; x_wconf 89' lang='lat' dir='ltr'><strong>medicamenta</strong></span> <span class='ocrx_word' id='word_1_172' title='bbox 1180 2848 1451 2903; x_wconf 89' lang='lat' dir='ltr'><strong>morbum</strong></span> <span class='ocrx_word' id='word_1_173' title='bbox 1524 2847 1872 2902; x_wconf 81' lang='lat' dir='ltr'><strong>efﬁcientia.</strong></span> <span class='ocrx_word' id='word_1_174' title='bbox 1937 2850 2012 2902; x_wconf 90' lang='lat' dir='ltr'><strong>A-</strong></span> 
     </span>
    </p>
   </div>
   <div class='ocr_carea' id='block_1_33' title="bbox 370 2935 2013 3008">
    <p class='ocr_par' dir='ltr' id='par_1_33' title="bbox 370 2935 2013 3008">
     <span class='ocr_line' id='line_1_33' title="bbox 370 2935 2013 3008; baseline -0.001 -17"><span class='ocrx_word' id='word_1_175' title='bbox 370 2936 545 3008; x_wconf 62' lang='lat' dir='ltr'><strong>quilae</strong></span> <span class='ocrx_word' id='word_1_176' title='bbox 610 2940 668 2992; x_wconf 89' lang='lat' dir='ltr'><strong>et</strong></span> <span class='ocrx_word' id='word_1_177' title='bbox 734 2937 1016 2992; x_wconf 87' lang='lat' dir='ltr'><strong>dracones</strong></span> <span class='ocrx_word' id='word_1_178' title='bbox 1108 2936 1312 2991; x_wconf 82' lang='lat' dir='ltr'><strong>efﬁcax</strong></span> <span class='ocrx_word' id='word_1_179' title='bbox 1375 2935 1495 2991; x_wconf 89' lang='lat' dir='ltr'><strong>illis</strong></span> <span class='ocrx_word' id='word_1_180' title='bbox 1561 2942 1729 2990; x_wconf 87' lang='lat' dir='ltr'><strong>erant</strong></span> <span class='ocrx_word' id='word_1_181' title='bbox 1788 2936 1859 2990; x_wconf 90' lang='lat' dir='ltr'><strong>ad</strong></span> <span class='ocrx_word' id='word_1_182' title='bbox 1914 2952 2013 2991; x_wconf 88' lang='lat' dir='ltr'><strong>sa-</strong></span> 
     </span>
    </p>
   </div>
   <div class='ocr_carea' id='block_1_34' title="bbox 369 3024 2015 3096">
    <p class='ocr_par' dir='ltr' id='par_1_34' title="bbox 369 3024 2015 3096">
     <span class='ocr_line' id='line_1_34' title="bbox 369 3024 2015 3096; baseline -0.002 -15"><span class='ocrx_word' id='word_1_183' title='bbox 369 3026 613 3081; x_wconf 84' lang='lat' dir='ltr'><strong>nitatem</strong></span> <span class='ocrx_word' id='word_1_184' title='bbox 705 3026 1018 3096; x_wconf 87' lang='lat' dir='ltr'><strong>sumptio;</strong></span> <span class='ocrx_word' id='word_1_185' title='bbox 1110 3024 1248 3080; x_wconf 88' lang='lat' dir='ltr'><strong>feles</strong></span> <span class='ocrx_word' id='word_1_186' title='bbox 1315 3029 1511 3080; x_wconf 88' lang='lat' dir='ltr'><strong>autem</strong></span> <span class='ocrx_word' id='word_1_187' title='bbox 1580 3029 1635 3080; x_wconf 92' lang='lat' dir='ltr'><strong>et</strong></span> <span class='ocrx_word' id='word_1_188' title='bbox 1710 3041 1886 3080; x_wconf 88' lang='lat' dir='ltr'><strong>canes</strong></span> <span class='ocrx_word' id='word_1_189' title='bbox 1957 3029 2015 3079; x_wconf 91' lang='lat' dir='ltr'><strong>et</strong></span> 
     </span>
    </p>
   </div>
   <div class='ocr_carea' id='block_1_35' title="bbox 368 3112 2008 3185">
    <p class='ocr_par' dir='ltr' id='par_1_35' title="bbox 368 3112 2008 3185">
     <span class='ocr_line' id='line_1_35' title="bbox 368 3112 2008 3185; baseline -0.001 -16"><span class='ocrx_word' id='word_1_190' title='bbox 368 3114 521 3169; x_wconf 91' lang='lat' dir='ltr'><strong>corvi</strong></span> <span class='ocrx_word' id='word_1_191' title='bbox 580 3113 790 3185; x_wconf 65' lang='lat' dir='ltr'><strong>vigiliae</strong></span> <span class='ocrx_word' id='word_1_192' title='bbox 858 3112 1141 3185; x_wconf 81' lang='lat' dir='ltr'><strong>symbola.</strong></span> <span class='ocrx_word' id='word_1_193' title='bbox 1193 3117 1333 3169; x_wconf 90' lang='lat' dir='ltr'><strong>Cera</strong></span> <span class='ocrx_word' id='word_1_194' title='bbox 1397 3130 1528 3169; x_wconf 87' lang='lat' dir='ltr'><strong>vero</strong></span> <span class='ocrx_word' id='word_1_195' title='bbox 1587 3119 1643 3168; x_wconf 91' lang='lat' dir='ltr'><strong>et</strong></span> <span class='ocrx_word' id='word_1_196' title='bbox 1702 3114 1889 3168; x_wconf 90' lang='lat' dir='ltr'><strong>lutum</strong></span> <span class='ocrx_word' id='word_1_197' title='bbox 1947 3113 2008 3168; x_wconf 90' lang='lat' dir='ltr'><strong>in</strong></span> 
     </span>
    </p>
   </div>
   <div class='ocr_carea' id='block_1_36' title="bbox 2112 511 3771 592">
    <p class='ocr_par' dir='ltr' id='par_1_36' title="bbox 2112 511 3771 592">
     <span class='ocr_line' id='line_1_36' title="bbox 2112 511 3771 592; baseline -0.002 -21"><span class='ocrx_word' id='word_1_198' title='bbox 2112 519 2200 572; x_wconf 86' lang='grc' dir='ltr'><strong>καί</strong></span> <span class='ocrx_word' id='word_1_199' title='bbox 2262 539 2349 580; x_wconf 89' lang='grc' dir='ltr'><strong>τις</strong></span> <span class='ocrx_word' id='word_1_200' title='bbox 2406 519 2566 592; x_wconf 79' lang='grc' dir='ltr'>ἠχῶν</span> <span class='ocrx_word' id='word_1_201' title='bbox 2624 512 2794 587; x_wconf 73' lang='grc' dir='ltr'>λέϐης</span> <span class='ocrx_word' id='word_1_202' title='bbox 2852 517 3251 589; x_wconf 82' lang='grc' dir='ltr'>Θεσπρώτειος,</span> <span class='ocrx_word' id='word_1_203' title='bbox 3306 516 3397 569; x_wconf 86' lang='grc' dir='ltr'><strong>καὶ</strong></span> <span class='ocrx_word' id='word_1_204' title='bbox 3449 511 3771 569; x_wconf 77' lang='grc' dir='ltr'><strong>Δωδωναῖον</strong></span> 
     </span>
    </p>
   </div>
   <div class='ocr_carea' id='block_1_37' title="bbox 2115 598 3774 680">
    <p class='ocr_par' dir='ltr' id='par_1_37' title="bbox 2115 598 3774 680">
     <span class='ocr_line' id='line_1_37' title="bbox 2115 598 3774 680; baseline -0.003 -20"><span class='ocrx_word' id='word_1_205' title='bbox 2115 603 2398 680; x_wconf 87' lang='grc' dir='ltr'>χαλκεῖον·</span> <span class='ocrx_word' id='word_1_206' title='bbox 2454 604 2542 660; x_wconf 81' lang='grc' dir='ltr'><strong>καὶ</strong></span> <span class='ocrx_word' id='word_1_207' title='bbox 2595 598 2847 680; x_wconf 73' lang='grc' dir='ltr'>Κορύϐας</span> <span class='ocrx_word' id='word_1_208' title='bbox 2905 602 3100 675; x_wconf 77' lang='grc' dir='ltr'>ἄλλος,</span> <span class='ocrx_word' id='word_1_209' title='bbox 3151 604 3243 657; x_wconf 84' lang='grc' dir='ltr'>καὶ</span> <span class='ocrx_word' id='word_1_210' title='bbox 3294 602 3508 677; x_wconf 80' lang='grc' dir='ltr'>Κούρης</span> <span class='ocrx_word' id='word_1_211' title='bbox 3565 600 3774 678; x_wconf 69' lang='grc' dir='ltr'>ἕτερος,</span> 
     </span>
    </p>
   </div>
   <div class='ocr_carea' id='block_1_38' title="bbox 2118 687 3774 770">
    <p class='ocr_par' dir='ltr' id='par_1_38' title="bbox 2118 687 3774 770">
     <span class='ocr_line' id='line_1_38' title="bbox 2118 687 3774 770; baseline -0.002 -22"><span class='ocrx_word' id='word_1_212' title='bbox 2118 692 2392 767; x_wconf 77' lang='grc' dir='ltr'><strong>δαιμόνων</strong></span> <span class='ocrx_word' id='word_1_213' title='bbox 2424 695 2741 766; x_wconf 84' lang='grc' dir='ltr'>μιμήματα.</span> <span class='ocrx_word' id='word_1_214' title='bbox 2787 694 2903 770; x_wconf 75' lang='grc' dir='ltr'><strong>Ἐφ’</strong></span> <span class='ocrx_word' id='word_1_215' title='bbox 2950 695 3033 753; x_wconf 76' lang='grc' dir='ltr'><strong>οἷς</strong></span> <span class='ocrx_word' id='word_1_216' title='bbox 3075 694 3110 761; x_wconf 81' lang='grc' dir='ltr'>ἡ</span> <span class='ocrx_word' id='word_1_217' title='bbox 3157 687 3350 745; x_wconf 79' lang='grc' dir='ltr'><strong>Βαυὸὼ</strong></span> <span class='ocrx_word' id='word_1_218' title='bbox 3394 690 3525 753; x_wconf 73' lang='grc' dir='ltr'>τοὺς</span> <span class='ocrx_word' id='word_1_219' title='bbox 3560 690 3774 766; x_wconf 71' lang='grc' dir='ltr'>μηροὺς</span> 
     </span>
    </p>
   </div>
   <div class='ocr_carea' id='block_1_39' title="bbox 2117 778 3770 859">
    <p class='ocr_par' dir='ltr' id='par_1_39' title="bbox 2117 778 3770 859">
     <span class='ocr_line' id='line_1_39' title="bbox 2117 778 3770 859; baseline -0.003 -22"><span class='ocrx_word' id='word_1_220' title='bbox 2117 782 2534 859; x_wconf 71' lang='grc' dir='ltr'><strong>ἀνασυραμένη,</strong></span> <span class='ocrx_word' id='word_1_221' title='bbox 2593 781 2681 836; x_wconf 81' lang='grc' dir='ltr'><strong>καὶ</strong></span> <span class='ocrx_word' id='word_1_222' title='bbox 2743 782 2770 835; x_wconf 90' lang='grc' dir='ltr'>ὁ</span> <span class='ocrx_word' id='word_1_223' title='bbox 2827 786 3132 854; x_wconf 81' lang='grc' dir='ltr'><strong>γυναικεῖος</strong></span> <span class='ocrx_word' id='word_1_224' title='bbox 3190 780 3375 842; x_wconf 77' lang='grc' dir='ltr'>κτείς·</span> <span class='ocrx_word' id='word_1_225' title='bbox 3464 778 3614 833; x_wconf 71' lang='grc' dir='ltr'>οὕτω</span> <span class='ocrx_word' id='word_1_226' title='bbox 3674 780 3770 853; x_wconf 69' lang='grc' dir='ltr'><strong>γὰρ</strong></span> 
     </span>
    </p>
   </div>
   <div class='ocr_carea' id='block_1_40' title="bbox 2118 866 3769 945">
    <p class='ocr_par' dir='ltr' id='par_1_40' title="bbox 2118 866 3769 945">
     <span class='ocr_line' id='line_1_40' title="bbox 2118 866 3769 945; baseline -0.002 -20"><span class='ocrx_word' id='word_1_227' title='bbox 2118 870 2443 944; x_wconf 75' lang='grc' dir='ltr'><strong>ὀνομάζουσι</strong></span> <span class='ocrx_word' id='word_1_228' title='bbox 2464 872 2565 939; x_wconf 72' lang='grc' dir='ltr'>τὴν</span> <span class='ocrx_word' id='word_1_229' title='bbox 2596 867 2733 924; x_wconf 82' lang='grc' dir='ltr'>αἰδῶ</span> <span class='ocrx_word' id='word_1_230' title='bbox 2764 869 3172 945; x_wconf 71' lang='grc' dir='ltr'>αἰσχυνόμενοι.</span> <span class='ocrx_word' id='word_1_231' title='bbox 3208 868 3305 923; x_wconf 80' lang='grc' dir='ltr'><strong>Καὶ</strong></span> <span class='ocrx_word' id='word_1_232' title='bbox 3336 866 3509 929; x_wconf 73' lang='grc' dir='ltr'>οὕτως</span> <span class='ocrx_word' id='word_1_233' title='bbox 3568 868 3622 922; x_wconf 75' lang='grc' dir='ltr'>ὲν</span> <span class='ocrx_word' id='word_1_234' title='bbox 3656 868 3769 922; x_wconf 81' lang='grc' dir='ltr'>αἷσ-</span> 
     </span>
    </p>
   </div>
   <div class='ocr_carea' id='block_1_41' title="bbox 2118 957 3035 1033">
    <p class='ocr_par' dir='ltr' id='par_1_41' title="bbox 2118 957 3035 1033">
     <span class='ocr_line' id='line_1_41' title="bbox 2118 957 3035 1033; baseline -0.001 -19"><span class='ocrx_word' id='word_1_235' title='bbox 2118 964 2243 1033; x_wconf 83' lang='grc' dir='ltr'>χρῷ</span> <span class='ocrx_word' id='word_1_236' title='bbox 2271 960 2369 1027; x_wconf 79' lang='grc' dir='ltr'>τὴν</span> <span class='ocrx_word' id='word_1_237' title='bbox 2400 957 2623 1027; x_wconf 76' lang='grc' dir='ltr'>τελετὴν</span> <span class='ocrx_word' id='word_1_238' title='bbox 2655 957 3035 1013; x_wconf 78' lang='grc' dir='ltr'>καταλύουσιν.</span> 
     </span>
    </p>
   </div>
   <div class='ocr_carea' id='block_1_42' title="bbox 2190 1060 3770 1141">
    <p class='ocr_par' dir='ltr' id='par_1_42' title="bbox 2190 1060 3770 1141">
     <span class='ocr_line' id='line_1_42' title="bbox 2190 1060 3770 1141; baseline -0.003 -21"><span class='ocrx_word' id='word_1_239' title='bbox 2190 1064 2253 1122; x_wconf 88' lang='grc' dir='ltr'>δ’.</span> <span class='ocrx_word' id='word_1_240' title='bbox 2300 1067 2364 1122; x_wconf 82' lang='grc' dir='ltr'><strong>Ἠ</strong></span> <span class='ocrx_word' id='word_1_241' title='bbox 2411 1064 2633 1141; x_wconf 83' lang='grc' dir='ltr'><strong>γοητεία</strong></span> <span class='ocrx_word' id='word_1_242' title='bbox 2665 1061 2721 1118; x_wconf 86' lang='grc' dir='ltr'><strong>δέ</strong></span> <span class='ocrx_word' id='word_1_243' title='bbox 2750 1062 2861 1118; x_wconf 78' lang='grc' dir='ltr'>ἐστι</span> <span class='ocrx_word' id='word_1_244' title='bbox 2890 1064 3059 1139; x_wconf 76' lang='grc' dir='ltr'>τέχνη</span> <span class='ocrx_word' id='word_1_245' title='bbox 3093 1083 3176 1123; x_wconf 89' lang='grc' dir='ltr'><strong>τις</strong></span> <span class='ocrx_word' id='word_1_246' title='bbox 3209 1062 3333 1136; x_wconf 82' lang='grc' dir='ltr'>περὶ</span> <span class='ocrx_word' id='word_1_247' title='bbox 3372 1062 3502 1126; x_wconf 78' lang='grc' dir='ltr'>τοὺς</span> <span class='ocrx_word' id='word_1_248' title='bbox 3547 1060 3770 1123; x_wconf 75' lang='grc' dir='ltr'>ένύλους</span> 
     </span>
    </p>
   </div>
   <div class='ocr_carea' id='block_1_43' title="bbox 2118 1151 3769 1230">
    <p class='ocr_par' dir='ltr' id='par_1_43' title="bbox 2118 1151 3769 1230">
     <span class='ocr_line' id='line_1_43' title="bbox 2118 1151 3769 1230; baseline -0.002 -21"><span class='ocrx_word' id='word_1_249' title='bbox 2118 1156 2208 1210; x_wconf 90' lang='grc' dir='ltr'><strong>καὶ</strong></span> <span class='ocrx_word' id='word_1_250' title='bbox 2266 1154 2523 1230; x_wconf 78' lang='grc' dir='ltr'>χθονίους</span> <span class='ocrx_word' id='word_1_251' title='bbox 2578 1151 2844 1226; x_wconf 87' lang='grc' dir='ltr'>δαίμονας</span> <span class='ocrx_word' id='word_1_252' title='bbox 2909 1155 3452 1230; x_wconf 81' lang='grc' dir='ltr'>φαντασιοσκοποῦσα</span> <span class='ocrx_word' id='word_1_253' title='bbox 3507 1156 3632 1212; x_wconf 88' lang='grc' dir='ltr'>τοῖς</span> <span class='ocrx_word' id='word_1_254' title='bbox 3690 1151 3769 1206; x_wconf 71' lang='grc' dir='ltr'><strong>ἐπ·</strong></span> 
     </span>
    </p>
   </div>
   <div class='ocr_carea' id='block_1_44' title="bbox 2120 1238 3768 1313">
    <p class='ocr_par' dir='ltr' id='par_1_44' title="bbox 2120 1238 3768 1313">
     <span class='ocr_line' id='line_1_44' title="bbox 2120 1238 3768 1313; baseline -0.003 -15"><span class='ocrx_word' id='word_1_255' title='bbox 2120 1244 2309 1305; x_wconf 86' lang='grc' dir='ltr'>όπταις</span> <span class='ocrx_word' id='word_1_256' title='bbox 2368 1243 2436 1297; x_wconf 80' lang='grc' dir='ltr'>τὰ</span> <span class='ocrx_word' id='word_1_257' title='bbox 2490 1241 2696 1297; x_wconf 90' lang='grc' dir='ltr'>τούτων</span> <span class='ocrx_word' id='word_1_258' title='bbox 2757 1238 2960 1295; x_wconf 81' lang='grc' dir='ltr'>εἷ’δωλα</span> <span class='ocrx_word' id='word_1_259' title='bbox 3010 1239 3101 1294; x_wconf 79' lang='grc' dir='ltr'><strong>καὶ</strong></span> <span class='ocrx_word' id='word_1_260' title='bbox 3147 1241 3274 1301; x_wconf 83' lang='grc' dir='ltr'>τοὺς</span> <span class='ocrx_word' id='word_1_261' title='bbox 3328 1239 3423 1311; x_wconf 79' lang='grc' dir='ltr'>μὶν</span> <span class='ocrx_word' id='word_1_262' title='bbox 3476 1240 3665 1313; x_wconf 81' lang='grc' dir='ltr'>ὥσπερ</span> <span class='ocrx_word' id='word_1_263' title='bbox 3722 1238 3768 1309; x_wconf 72' lang='grc' dir='ltr'><strong>ἐξ</strong></span> 
     </span>
    </p>
   </div>
   <div class='ocr_carea' id='block_1_45' title="bbox 2120 1325 3769 1407">
    <p class='ocr_par' dir='ltr' id='par_1_45' title="bbox 2120 1325 3769 1407">
     <span class='ocr_line' id='line_1_45' title="bbox 2120 1325 3769 1407; baseline -0.005 -20"><span class='ocrx_word' id='word_1_264' title='bbox 2120 1330 2253 1403; x_wconf 73' lang='grc' dir='ltr'>ᾇδου</span> <span class='ocrx_word' id='word_1_265' title='bbox 2317 1329 2609 1407; x_wconf 80' lang='grc' dir='ltr'>ἀνάγουσα,</span> <span class='ocrx_word' id='word_1_266' title='bbox 2680 1328 2808 1391; x_wconf 77' lang='grc' dir='ltr'>τοὺς</span> <span class='ocrx_word' id='word_1_267' title='bbox 2883 1326 2941 1383; x_wconf 76' lang='grc' dir='ltr'>δὲ</span> <span class='ocrx_word' id='word_1_268' title='bbox 3020 1328 3211 1401; x_wconf 80' lang='grc' dir='ltr'>ὑψόθεν</span> <span class='ocrx_word' id='word_1_269' title='bbox 3284 1325 3619 1402; x_wconf 77' lang='grc' dir='ltr'>κατάγουσα,</span> <span class='ocrx_word' id='word_1_270' title='bbox 3686 1325 3769 1380; x_wconf 80' lang='grc' dir='ltr'><strong>καὶ</strong></span> 
     </span>
    </p>
   </div>
   <div class='ocr_carea' id='block_1_46' title="bbox 2118 1412 3766 1489">
    <p class='ocr_par' dir='ltr' id='par_1_46' title="bbox 2118 1412 3766 1489">
     <span class='ocr_line' id='line_1_46' title="bbox 2118 1412 3766 1489; baseline -0.005 -14"><span class='ocrx_word' id='word_1_271' title='bbox 2118 1420 2344 1482; x_wconf 88' lang='grc' dir='ltr'>τούτους</span> <span class='ocrx_word' id='word_1_272' title='bbox 2386 1417 2721 1481; x_wconf 89' lang='grc' dir='ltr'>κατωτικούς</span> <span class='ocrx_word' id='word_1_273' title='bbox 2758 1461 2771 1474; x_wconf 94' lang='grc'><strong>.</strong></span> <span class='ocrx_word' id='word_1_274' title='bbox 2822 1417 2925 1474; x_wconf 87' lang='grc' dir='ltr'>Καὶ</span> <span class='ocrx_word' id='word_1_275' title='bbox 3004 1412 3268 1471; x_wconf 74' lang='grc' dir='ltr'>εἷδωλικᾶ</span> <span class='ocrx_word' id='word_1_276' title='bbox 3324 1414 3456 1472; x_wconf 74' lang='grc' dir='ltr'>ἄττα</span> <span class='ocrx_word' id='word_1_277' title='bbox 3519 1414 3766 1489; x_wconf 53' lang='grc' dir='ltr'>ὑρίστησι</span> 
     </span>
    </p>
   </div>
   <div class='ocr_carea' id='block_1_47' title="bbox 2120 1502 3770 1587">
    <p class='ocr_par' dir='ltr' id='par_1_47' title="bbox 2120 1502 3770 1587">
     <span class='ocr_line' id='line_1_47' title="bbox 2120 1502 3770 1587; baseline -0.005 -23"><span class='ocrx_word' id='word_1_278' title='bbox 2120 1510 2472 1587; x_wconf 76' lang='grc' dir='ltr'>φαντάσματα</span> <span class='ocrx_word' id='word_1_279' title='bbox 2519 1514 2639 1570; x_wconf 85' lang='grc' dir='ltr'>τοῖς</span> <span class='ocrx_word' id='word_1_280' title='bbox 2698 1509 2928 1583; x_wconf 84' lang='grc' dir='ltr'>Θεωροῖς</span> <span class='ocrx_word' id='word_1_281' title='bbox 2984 1510 3091 1560; x_wconf 86' lang='grc' dir='ltr'><strong>τῶν</strong></span> <span class='ocrx_word' id='word_1_282' title='bbox 3150 1502 3440 1560; x_wconf 87' lang='grc' dir='ltr'>τοιούτων.</span> <span class='ocrx_word' id='word_1_283' title='bbox 3500 1505 3602 1558; x_wconf 78' lang='grc' dir='ltr'>Καὶ</span> <span class='ocrx_word' id='word_1_284' title='bbox 3660 1508 3770 1565; x_wconf 78' lang='grc' dir='ltr'>τοῖς</span> 
     </span>
    </p>
   </div>
   <div class='ocr_carea' id='block_1_48' title="bbox 2124 1592 3772 1674">
    <p class='ocr_par' dir='ltr' id='par_1_48' title="bbox 2124 1592 3772 1674">
     <span class='ocr_line' id='line_1_48' title="bbox 2124 1592 3772 1674; baseline -0.005 -21"><span class='ocrx_word' id='word_1_285' title='bbox 2124 1600 2222 1671; x_wconf 77' lang='grc' dir='ltr'>μὶτ</span> <span class='ocrx_word' id='word_1_286' title='bbox 2302 1598 2543 1674; x_wconf 81' lang='grc' dir='ltr'>ῥεύματά</span> <span class='ocrx_word' id='word_1_287' title='bbox 2621 1617 2741 1650; x_wconf 82' lang='grc' dir='ltr'>τινα</span> <span class='ocrx_word' id='word_1_288' title='bbox 2817 1595 3016 1659; x_wconf 74' lang='grc' dir='ltr'>ἐκεῖθεν</span> <span class='ocrx_word' id='word_1_289' title='bbox 3076 1593 3411 1667; x_wconf 77' lang='grc' dir='ltr'>κυμαίνοντα</span> <span class='ocrx_word' id='word_1_290' title='bbox 3474 1592 3772 1669; x_wconf 70' lang='grc' dir='ltr'>ἐπαφίησι·</span> 
     </span>
    </p>
   </div>
   <div class='ocr_carea' id='block_1_49' title="bbox 2118 1680 3766 1760">
    <p class='ocr_par' dir='ltr' id='par_1_49' title="bbox 2118 1680 3766 1760">
     <span class='ocr_line' id='line_1_49' title="bbox 2118 1680 3766 1760; baseline -0.005 -18"><span class='ocrx_word' id='word_1_291' title='bbox 2118 1692 2234 1751; x_wconf 87' lang='grc' dir='ltr'>τοῖς</span> <span class='ocrx_word' id='word_1_292' title='bbox 2291 1684 2348 1741; x_wconf 81' lang='grc' dir='ltr'>δὶ</span> <span class='ocrx_word' id='word_1_293' title='bbox 2417 1684 2628 1759; x_wconf 79' lang='grc' dir='ltr'>δεσμῶν</span> <span class='ocrx_word' id='word_1_294' title='bbox 2708 1685 2912 1746; x_wconf 84' lang='grc' dir='ltr'>ἀνέσεις</span> <span class='ocrx_word' id='word_1_295' title='bbox 2968 1684 3059 1738; x_wconf 81' lang='grc' dir='ltr'><strong>καὶ</strong></span> <span class='ocrx_word' id='word_1_296' title='bbox 3127 1682 3333 1760; x_wconf 66' lang='grc' dir='ltr'>τρυφάς</span> <span class='ocrx_word' id='word_1_297' title='bbox 3392 1682 3485 1736; x_wconf 86' lang='grc' dir='ltr'><strong>καὶ</strong></span> <span class='ocrx_word' id='word_1_298' title='bbox 3545 1680 3766 1756; x_wconf 80' lang='grc' dir='ltr'>χάριτας</span> 
     </span>
    </p>
   </div>
   <div class='ocr_carea' id='block_1_50' title="bbox 2118 1768 3765 1853">
    <p class='ocr_par' dir='ltr' id='par_1_50' title="bbox 2118 1768 3765 1853">
     <span class='ocr_line' id='line_1_50' title="bbox 2118 1768 3765 1853; baseline -0.004 -22"><span class='ocrx_word' id='word_1_299' title='bbox 2118 1775 2533 1853; x_wconf 76' lang='grc' dir='ltr'>ἐπαγγέλλεται.</span> <span class='ocrx_word' id='word_1_300' title='bbox 2568 1773 2858 1850; x_wconf 80' lang='grc' dir='ltr'>Ἐπάγιται</span> <span class='ocrx_word' id='word_1_301' title='bbox 2890 1771 2946 1829; x_wconf 78' lang='grc' dir='ltr'>δὶ</span> <span class='ocrx_word' id='word_1_302' title='bbox 2974 1774 3068 1837; x_wconf 78' lang='grc' dir='ltr'><strong>τὰς</strong></span> <span class='ocrx_word' id='word_1_303' title='bbox 3097 1772 3350 1835; x_wconf 79' lang='grc' dir='ltr'>τοιαύτας</span> <span class='ocrx_word' id='word_1_304' title='bbox 3380 1768 3643 1843; x_wconf 83' lang='grc' dir='ltr'>δυνάμεις</span> <span class='ocrx_word' id='word_1_305' title='bbox 3682 1769 3765 1824; x_wconf 85' lang='grc' dir='ltr'><strong>καὶ</strong></span> 
     </span>
    </p>
   </div>
   <div class='ocr_carea' id='block_1_51' title="bbox 2117 1862 2789 1938">
    <p class='ocr_par' dir='ltr' id='par_1_51' title="bbox 2117 1862 2789 1938">
     <span class='ocr_line' id='line_1_51' title="bbox 2117 1862 2789 1938; baseline -0.004 -18"><span class='ocrx_word' id='word_1_306' title='bbox 2117 1862 2316 1938; x_wconf 76' lang='grc' dir='ltr'>ᾅσμασι</span> <span class='ocrx_word' id='word_1_307' title='bbox 2348 1864 2437 1919; x_wconf 80' lang='grc' dir='ltr'><strong>καὶ</strong></span> <span class='ocrx_word' id='word_1_308' title='bbox 2468 1862 2789 1936; x_wconf 76' lang='grc' dir='ltr'>ἐπᾴσμασιν.</span> 
     </span>
    </p>
   </div>
   <div class='ocr_carea' id='block_1_52' title="bbox 2190 1948 3766 2028">
    <p class='ocr_par' dir='ltr' id='par_1_52' title="bbox 2190 1948 3766 2028">
     <span class='ocr_line' id='line_1_52' title="bbox 2190 1948 3766 2028; baseline -0.003 -19"><span class='ocrx_word' id='word_1_309' title='bbox 2190 1956 2246 2011; x_wconf 86' lang='grc' dir='ltr'>ε’.</span> <span class='ocrx_word' id='word_1_310' title='bbox 2305 1956 2369 2010; x_wconf 80' lang='grc' dir='ltr'><strong>Ἠ</strong></span> <span class='ocrx_word' id='word_1_311' title='bbox 2403 1952 2460 2008; x_wconf 84' lang='grc' dir='ltr'><strong>δέ</strong></span> <span class='ocrx_word' id='word_1_312' title='bbox 2503 1975 2564 2027; x_wconf 88' lang='grc' dir='ltr'><strong>γε</strong></span> <span class='ocrx_word' id='word_1_313' title='bbox 2616 1954 2812 2028; x_wconf 82' lang='grc' dir='ltr'>μαγεία</span> <span class='ocrx_word' id='word_1_314' title='bbox 2852 1948 3238 2021; x_wconf 87' lang='grc' dir='ltr'>πολυδύναμόν</span> <span class='ocrx_word' id='word_1_315' title='bbox 3293 1972 3342 2005; x_wconf 88' lang='grc' dir='ltr'><strong>τι</strong></span> <span class='ocrx_word' id='word_1_316' title='bbox 3404 1958 3609 2025; x_wconf 81' lang='grc' dir='ltr'>χρῆμα</span> <span class='ocrx_word' id='word_1_317' title='bbox 3658 1955 3766 2012; x_wconf 86' lang='grc' dir='ltr'>τοῖς</span> 
     </span>
    </p>
   </div>
   <div class='ocr_carea' id='block_1_53' title="bbox 2116 2038 3762 2115">
    <p class='ocr_par' dir='ltr' id='par_1_53' title="bbox 2116 2038 3762 2115">
     <span class='ocr_line' id='line_1_53' title="bbox 2116 2038 3762 2115; baseline -0.005 -16"><span class='ocrx_word' id='word_1_318' title='bbox 2116 2041 2389 2112; x_wconf 80' lang='grc' dir='ltr'>’Έλλησιν</span> <span class='ocrx_word' id='word_1_319' title='bbox 2454 2038 2639 2112; x_wconf 76' lang='grc' dir='ltr'>ἔδοξε.</span> <span class='ocrx_word' id='word_1_320' title='bbox 2701 2039 2911 2115; x_wconf 85' lang='grc' dir='ltr'>Μερίδα</span> <span class='ocrx_word' id='word_1_321' title='bbox 2965 2043 3092 2115; x_wconf 75' lang='grc' dir='ltr'>γοῦν</span> <span class='ocrx_word' id='word_1_322' title='bbox 3156 2038 3292 2093; x_wconf 79' lang='grc' dir='ltr'>εἶναι</span> <span class='ocrx_word' id='word_1_323' title='bbox 3344 2039 3547 2108; x_wconf 87' lang='grc' dir='ltr'>ταύτην</span> <span class='ocrx_word' id='word_1_324' title='bbox 3612 2039 3762 2112; x_wconf 73' lang='grc' dir='ltr'>φασὶν</span> 
     </span>
    </p>
   </div>
   <div class='ocr_carea' id='block_1_54' title="bbox 2121 2126 3770 2206">
    <p class='ocr_par' dir='ltr' id='par_1_54' title="bbox 2121 2126 3770 2206">
     <span class='ocr_line' id='line_1_54' title="bbox 2121 2126 3770 2206; baseline -0.003 -20"><span class='ocrx_word' id='word_1_325' title='bbox 2121 2131 2355 2206; x_wconf 75' lang='grc' dir='ltr'>ἐσχάτην</span> <span class='ocrx_word' id='word_1_326' title='bbox 2432 2137 2531 2199; x_wconf 87' lang='grc' dir='ltr'>τῆς</span> <span class='ocrx_word' id='word_1_327' title='bbox 2604 2130 2880 2203; x_wconf 76' lang='grc' dir='ltr'>ἱερατικῆς</span> <span class='ocrx_word' id='word_1_328' title='bbox 2950 2126 3297 2199; x_wconf 78' lang='grc' dir='ltr'>έπιστήμης.</span> <span class='ocrx_word' id='word_1_329' title='bbox 3378 2128 3770 2201; x_wconf 79' lang='grc' dir='ltr'>Ἀνιχνεύουσα</span> 
     </span>
    </p>
   </div>
   <div class='ocr_carea' id='block_1_55' title="bbox 2119 2216 3769 2297">
    <p class='ocr_par' dir='ltr' id='par_1_55' title="bbox 2119 2216 3769 2297">
     <span class='ocr_line' id='line_1_55' title="bbox 2119 2216 3769 2297; baseline -0.004 -22"><span class='ocrx_word' id='word_1_330' title='bbox 2119 2222 2223 2297; x_wconf 76' lang='grc' dir='ltr'><strong>γὰρ</strong></span> <span class='ocrx_word' id='word_1_331' title='bbox 2269 2224 2377 2274; x_wconf 85' lang='grc' dir='ltr'><strong>τῶν</strong></span> <span class='ocrx_word' id='word_1_332' title='bbox 2427 2220 2528 2274; x_wconf 80' lang='grc' dir='ltr'><strong>ὑπὸ</strong></span> <span class='ocrx_word' id='word_1_333' title='bbox 2576 2220 2676 2287; x_wconf 85' lang='grc' dir='ltr'><strong>τήν</strong></span> <span class='ocrx_word' id='word_1_334' title='bbox 2722 2216 2958 2287; x_wconf 80' lang='grc' dir='ltr'>σελήνην</span> <span class='ocrx_word' id='word_1_335' title='bbox 3010 2218 3224 2270; x_wconf 86' lang='grc' dir='ltr'>πάντων</span> <span class='ocrx_word' id='word_1_336' title='bbox 3296 2219 3394 2285; x_wconf 68' lang='grc' dir='ltr'>τήν</span> <span class='ocrx_word' id='word_1_337' title='bbox 3454 2236 3515 2270; x_wconf 87' lang='grc' dir='ltr'><strong>τε</strong></span> <span class='ocrx_word' id='word_1_338' title='bbox 3584 2217 3769 2271; x_wconf 83' lang='grc' dir='ltr'>ούσίαν</span> 
     </span>
    </p>
   </div>
   <div class='ocr_carea' id='block_1_56' title="bbox 2119 2301 3773 2386">
    <p class='ocr_par' dir='ltr' id='par_1_56' title="bbox 2119 2301 3773 2386">
     <span class='ocr_line' id='line_1_56' title="bbox 2119 2301 3773 2386; baseline -0.004 -23"><span class='ocrx_word' id='word_1_339' title='bbox 2119 2309 2209 2364; x_wconf 84' lang='grc' dir='ltr'><strong>καὶ</strong></span> <span class='ocrx_word' id='word_1_340' title='bbox 2260 2308 2418 2386; x_wconf 78' lang='grc' dir='ltr'>φύσιν</span> <span class='ocrx_word' id='word_1_341' title='bbox 2466 2307 2556 2361; x_wconf 83' lang='grc' dir='ltr'><strong>καὶ</strong></span> <span class='ocrx_word' id='word_1_342' title='bbox 2589 2303 2817 2378; x_wconf 87' lang='grc' dir='ltr'>δύναμιν</span> <span class='ocrx_word' id='word_1_343' title='bbox 2872 2306 2961 2359; x_wconf 82' lang='grc' dir='ltr'><strong>καὶ</strong></span> <span class='ocrx_word' id='word_1_344' title='bbox 2994 2304 3287 2373; x_wconf 78' lang='grc' dir='ltr'>ποιότητα,</span> <span class='ocrx_word' id='word_1_345' title='bbox 3336 2302 3487 2379; x_wconf 75' lang='grc' dir='ltr'>λέγω</span> <span class='ocrx_word' id='word_1_346' title='bbox 3519 2301 3581 2358; x_wconf 74' lang='grc' dir='ltr'>δὲ</span> <span class='ocrx_word' id='word_1_347' title='bbox 3629 2325 3773 2359; x_wconf 83' lang='grc' dir='ltr'>στοι-</span> 
     </span>
    </p>
   </div>
   <div class='ocr_carea' id='block_1_57' title="bbox 2123 2391 3775 2474">
    <p class='ocr_par' dir='ltr' id='par_1_57' title="bbox 2123 2391 3775 2474">
     <span class='ocr_line' id='line_1_57' title="bbox 2123 2391 3775 2474; baseline -0.003 -22"><span class='ocrx_word' id='word_1_348' title='bbox 2123 2398 2287 2474; x_wconf 83' lang='grc' dir='ltr'>χείων</span> <span class='ocrx_word' id='word_1_349' title='bbox 2340 2397 2429 2452; x_wconf 83' lang='grc' dir='ltr'><strong>καὶ</strong></span> <span class='ocrx_word' id='word_1_350' title='bbox 2459 2401 2566 2451; x_wconf 90' lang='grc' dir='ltr'><strong>τῶν</strong></span> <span class='ocrx_word' id='word_1_351' title='bbox 2598 2394 2805 2450; x_wconf 83' lang='grc' dir='ltr'>τούτων</span> <span class='ocrx_word' id='word_1_352' title='bbox 2841 2398 3038 2468; x_wconf 87' lang='grc' dir='ltr'>μερῶν,</span> <span class='ocrx_word' id='word_1_353' title='bbox 3088 2394 3241 2463; x_wconf 87' lang='grc' dir='ltr'>ζώων</span> <span class='ocrx_word' id='word_1_354' title='bbox 3272 2414 3330 2447; x_wconf 90' lang='grc' dir='ltr'><strong>τε</strong></span> <span class='ocrx_word' id='word_1_355' title='bbox 3381 2391 3775 2463; x_wconf 72' lang='grc' dir='ltr'>παντοδαπῶν,</span> 
     </span>
    </p>
   </div>
   <div class='ocr_carea' id='block_1_58' title="bbox 2123 2480 3775 2564">
    <p class='ocr_par' dir='ltr' id='par_1_58' title="bbox 2123 2480 3775 2564">
     <span class='ocr_line' id='line_1_58' title="bbox 2123 2480 3775 2564; baseline -0.004 -23"><span class='ocrx_word' id='word_1_356' title='bbox 2123 2492 2300 2564; x_wconf 78' lang='grc' dir='ltr'>φυτῶν</span> <span class='ocrx_word' id='word_1_357' title='bbox 2341 2486 2431 2539; x_wconf 85' lang='grc' dir='ltr'><strong>καὶ</strong></span> <span class='ocrx_word' id='word_1_358' title='bbox 2478 2489 2584 2539; x_wconf 91' lang='grc' dir='ltr'><strong>τῶν</strong></span> <span class='ocrx_word' id='word_1_359' title='bbox 2632 2483 2869 2547; x_wconf 68' lang='grc' dir='ltr'>ἐντεῦθεν</span> <span class='ocrx_word' id='word_1_360' title='bbox 2917 2487 3137 2559; x_wconf 88' lang='grc' dir='ltr'>καρπῶν</span> <span class='ocrx_word' id='word_1_361' title='bbox 3169 2529 3183 2552; x_wconf 90' lang='grc'><strong>,</strong></span> <span class='ocrx_word' id='word_1_362' title='bbox 3238 2480 3409 2536; x_wconf 84' lang='grc' dir='ltr'>λίθων</span> <span class='ocrx_word' id='word_1_363' title='bbox 3436 2528 3450 2553; x_wconf 93' lang='grc'><strong>,</strong></span> <span class='ocrx_word' id='word_1_364' title='bbox 3511 2483 3775 2557; x_wconf 80' lang='grc' dir='ltr'>βοτανῶν,</span> 
     </span>
    </p>
   </div>
   <div class='ocr_carea' id='block_1_59' title="bbox 2121 2570 3778 2647">
    <p class='ocr_par' dir='ltr' id='par_1_59' title="bbox 2121 2570 3778 2647">
     <span class='ocr_line' id='line_1_59' title="bbox 2121 2570 3778 2647; baseline -0.004 -18"><span class='ocrx_word' id='word_1_365' title='bbox 2121 2576 2211 2630; x_wconf 85' lang='grc' dir='ltr'><strong>καὶ</strong></span> <span class='ocrx_word' id='word_1_366' title='bbox 2243 2573 2434 2636; x_wconf 82' lang='grc' dir='ltr'>ἁπλῶς</span> <span class='ocrx_word' id='word_1_367' title='bbox 2475 2573 2663 2642; x_wconf 85' lang='grc' dir='ltr'>εἰπεῖν,</span> <span class='ocrx_word' id='word_1_368' title='bbox 2723 2572 2923 2635; x_wconf 80' lang='grc' dir='ltr'>παντὸς</span> <span class='ocrx_word' id='word_1_369' title='bbox 2978 2570 3303 2647; x_wconf 83' lang='grc' dir='ltr'>πράγματος</span> <span class='ocrx_word' id='word_1_370' title='bbox 3365 2570 3661 2626; x_wconf 77' lang='grc' dir='ltr'>ὑπόστασίν</span> <span class='ocrx_word' id='word_1_371' title='bbox 3722 2590 3778 2623; x_wconf 82' lang='grc' dir='ltr'><strong>τε</strong></span> 
     </span>
    </p>
   </div>
   <div class='ocr_carea' id='block_1_60' title="bbox 2121 2658 3772 2736">
    <p class='ocr_par' dir='ltr' id='par_1_60' title="bbox 2121 2658 3772 2736">
     <span class='ocr_line' id='line_1_60' title="bbox 2121 2658 3772 2736; baseline -0.001 -19"><span class='ocrx_word' id='word_1_372' title='bbox 2121 2663 2211 2718; x_wconf 78' lang='grc' dir='ltr'><strong>καὶ</strong></span> <span class='ocrx_word' id='word_1_373' title='bbox 2271 2660 2497 2735; x_wconf 86' lang='grc' dir='ltr'>δύναμιν</span> <span class='ocrx_word' id='word_1_374' title='bbox 2536 2704 2549 2729; x_wconf 93' lang='grc'><strong>,</strong></span> <span class='ocrx_word' id='word_1_375' title='bbox 2611 2658 2850 2716; x_wconf 68' lang='grc' dir='ltr'>ἐντεῦθεν</span> <span class='ocrx_word' id='word_1_376' title='bbox 2932 2661 3033 2736; x_wconf 84' lang='grc' dir='ltr'>ἄρα</span> <span class='ocrx_word' id='word_1_377' title='bbox 3088 2662 3157 2715; x_wconf 70' lang='grc' dir='ltr'>τὰ</span> <span class='ocrx_word' id='word_1_378' title='bbox 3215 2661 3408 2729; x_wconf 71' lang='grc' dir='ltr'>ἑαυτῆς</span> <span class='ocrx_word' id='word_1_379' title='bbox 3471 2659 3772 2736; x_wconf 71' lang='grc' dir='ltr'>ἐργάζεται.</span> 
     </span>
    </p>
   </div>
   <div class='ocr_carea' id='block_1_61' title="bbox 2102 2748 3774 2829">
    <p class='ocr_par' dir='ltr' id='par_1_61' title="bbox 2102 2748 3774 2829">
     <span class='ocr_line' id='line_1_61' title="bbox 2102 2748 3774 2829; baseline -0.003 -22"><span class='ocrx_word' id='word_1_380' title='bbox 2102 2750 2441 2828; x_wconf 64' lang='grc' dir='ltr'>“Ἀγάλματά</span> <span class='ocrx_word' id='word_1_381' title='bbox 2492 2771 2550 2805; x_wconf 89' lang='grc' dir='ltr'><strong>τε</strong></span> <span class='ocrx_word' id='word_1_382' title='bbox 2598 2750 2885 2829; x_wconf 76' lang='grc' dir='ltr'>ὀφίστησιν</span> <span class='ocrx_word' id='word_1_383' title='bbox 2946 2749 3129 2824; x_wconf 80' lang='grc' dir='ltr'>ὑγείας</span> <span class='ocrx_word' id='word_1_384' title='bbox 3191 2751 3589 2823; x_wconf 74' lang='grc' dir='ltr'>περιποιητικα</span> <span class='ocrx_word' id='word_1_385' title='bbox 3623 2794 3639 2819; x_wconf 89' lang='grc'><strong>,</strong></span> <span class='ocrx_word' id='word_1_386' title='bbox 3687 2748 3774 2803; x_wconf 84' lang='grc' dir='ltr'><strong>καὶ</strong></span> 
     </span>
    </p>
   </div>
   <div class='ocr_carea' id='block_1_62' title="bbox 2123 2837 3771 2918">
    <p class='ocr_par' dir='ltr' id='par_1_62' title="bbox 2123 2837 3771 2918">
     <span class='ocr_line' id='line_1_62' title="bbox 2123 2837 3771 2918; baseline -0.003 -21"><span class='ocrx_word' id='word_1_387' title='bbox 2123 2845 2383 2918; x_wconf 79' lang='grc' dir='ltr'>σχήματα</span> <span class='ocrx_word' id='word_1_388' title='bbox 2458 2846 2693 2896; x_wconf 88' lang='grc' dir='ltr'>ποιεῖται</span> <span class='ocrx_word' id='word_1_389' title='bbox 2770 2837 3108 2911; x_wconf 71' lang='grc' dir='ltr'>παντοδαπὰ,</span> <span class='ocrx_word' id='word_1_390' title='bbox 3181 2839 3272 2894; x_wconf 80' lang='grc' dir='ltr'><strong>καὶ</strong></span> <span class='ocrx_word' id='word_1_391' title='bbox 3345 2842 3617 2894; x_wconf 66' lang='grc' dir='ltr'>νοσοποιά</span> <span class='ocrx_word' id='word_1_392' title='bbox 3676 2837 3771 2908; x_wconf 84' lang='grc' dir='ltr'>δη-</span> 
     </span>
    </p>
   </div>
   <div class='ocr_carea' id='block_1_63' title="bbox 2127 2925 3771 3006">
    <p class='ocr_par' dir='ltr' id='par_1_63' title="bbox 2127 2925 3771 3006">
     <span class='ocr_line' id='line_1_63' title="bbox 2127 2925 3771 3006; baseline -0.002 -21"><span class='ocrx_word' id='word_1_393' title='bbox 2127 2933 2513 3006; x_wconf 61' lang='grc' dir='ltr'>μιουργήματα</span> <span class='ocrx_word' id='word_1_394' title='bbox 2567 2927 2751 3005; x_wconf 67' lang='grc' dir='ltr'>ἕτερα.</span> <span class='ocrx_word' id='word_1_395' title='bbox 2812 2929 2910 2983; x_wconf 85' lang='grc' dir='ltr'><strong>Καὶ</strong></span> <span class='ocrx_word' id='word_1_396' title='bbox 2970 2928 3117 2983; x_wconf 72' lang='grc' dir='ltr'>ἀετοὶ</span> <span class='ocrx_word' id='word_1_397' title='bbox 3180 2928 3274 3000; x_wconf 78' lang='grc' dir='ltr'>μὶν</span> <span class='ocrx_word' id='word_1_398' title='bbox 3332 2928 3421 2982; x_wconf 84' lang='grc' dir='ltr'><strong>καὶ</strong></span> <span class='ocrx_word' id='word_1_399' title='bbox 3478 2925 3771 3001; x_wconf 81' lang='grc' dir='ltr'>δράκοντες</span> 
     </span>
    </p>
   </div>
   <div class='ocr_carea' id='block_1_64' title="bbox 2126 3013 3772 3097">
    <p class='ocr_par' dir='ltr' id='par_1_64' title="bbox 2126 3013 3772 3097">
     <span class='ocr_line' id='line_1_64' title="bbox 2126 3013 3772 3097; baseline -0.002 -24"><span class='ocrx_word' id='word_1_400' title='bbox 2126 3021 2394 3097; x_wconf 82' lang='grc' dir='ltr'>βιώσιμος</span> <span class='ocrx_word' id='word_1_401' title='bbox 2433 3019 2617 3082; x_wconf 84' lang='grc' dir='ltr'>αὐτοῖς</span> <span class='ocrx_word' id='word_1_402' title='bbox 2645 3017 2781 3095; x_wconf 85' lang='grc' dir='ltr'>πρὸς</span> <span class='ocrx_word' id='word_1_403' title='bbox 2825 3015 3003 3093; x_wconf 82' lang='grc' dir='ltr'>ὑγείαν</span> <span class='ocrx_word' id='word_1_404' title='bbox 3068 3016 3343 3080; x_wconf 69' lang='grc' dir='ltr'>ὑπόθεσις*</span> <span class='ocrx_word' id='word_1_405' title='bbox 3405 3016 3661 3090; x_wconf 59' lang='grc' dir='ltr'>αἴλουροι</span> <span class='ocrx_word' id='word_1_406' title='bbox 3716 3013 3772 3070; x_wconf 80' lang='grc' dir='ltr'>δὶ</span> 
     </span>
    </p>
   </div>
   <div class='ocr_carea' id='block_1_65' title="bbox 2124 3100 3775 3181">
    <p class='ocr_par' dir='ltr' id='par_1_65' title="bbox 2124 3100 3775 3181">
     <span class='ocr_line' id='line_1_65' title="bbox 2124 3100 3775 3181; baseline -0.002 -19"><span class='ocrx_word' id='word_1_407' title='bbox 2124 3112 2214 3163; x_wconf 86' lang='grc' dir='ltr'>καί</span> <span class='ocrx_word' id='word_1_408' title='bbox 2243 3108 2394 3172; x_wconf 84' lang='grc' dir='ltr'>κύνες</span> <span class='ocrx_word' id='word_1_409' title='bbox 2421 3109 2511 3162; x_wconf 80' lang='grc' dir='ltr'><strong>καὶ</strong></span> <span class='ocrx_word' id='word_1_410' title='bbox 2541 3107 2765 3181; x_wconf 82' lang='grc' dir='ltr'>κόρακες</span> <span class='ocrx_word' id='word_1_411' title='bbox 2823 3106 3197 3181; x_wconf 71' lang='grc' dir='ltr'>ἀγρυπνητικὰ</span> <span class='ocrx_word' id='word_1_412' title='bbox 3255 3100 3531 3179; x_wconf 72' lang='grc' dir='ltr'>σύμϐολα.</span> <span class='ocrx_word' id='word_1_413' title='bbox 3595 3106 3775 3179; x_wconf 76' lang='grc' dir='ltr'>Κηρὸς</span> 
     </span>
    </p>
   </div>
   <div class='ocr_carea' id='block_1_66' title="bbox 370 3162 2009 3274">
    <p class='ocr_par' dir='ltr' id='par_1_66' title="bbox 370 3162 2009 3274">
     <span class='ocr_line' id='line_1_66' title="bbox 370 3162 2009 3274; baseline -0.001 -15"><span class='ocrx_word' id='word_1_414' title='bbox 370 3162 772 3259; x_wconf 59' lang='grc' dir='ltr'>ωεωδι-οῗυω</span> <span class='ocrx_word' id='word_1_415' title='bbox 831 3162 1237 3259; x_wconf 47' lang='grc' dir='ltr'>οοδηῐὶοιὶοηοηι</span> <span class='ocrx_word' id='word_1_416' title='bbox 1295 3202 1745 3259; x_wconf 87' lang='lat' dir='ltr'><strong>adhibebantur.</strong></span> <span class='ocrx_word' id='word_1_417' title='bbox 1819 3204 2009 3274; x_wconf 87' lang='lat' dir='ltr'><strong>Appa-</strong></span> 
     </span>
    </p>
   </div>
   <div class='ocr_carea' id='block_1_67' title="bbox 2177 3162 3776 3274">
    <p class='ocr_par' dir='ltr' id='par_1_67' title="bbox 2177 3162 3776 3269">
     <span class='ocr_line' id='line_1_67' title="bbox 2378 3162 3773 3181; baseline -0.003 -12"><span class='ocrx_word' id='word_1_418' title='bbox 2378 3162 2391 3172; x_wconf 80' lang='grc'><em>.</em></span> <span class='ocrx_word' id='word_1_419' title='bbox 2611 3162 2618 3181; x_wconf 76' lang='grc'><strong>,</strong></span> <span class='ocrx_word' id='word_1_420' title='bbox 2752 3162 2763 3169; x_wconf 88' lang='grc'><strong>.</strong></span> <span class='ocrx_word' id='word_1_421' title='bbox 2871 3162 2905 3181; x_wconf 78' lang='grc'><strong>,,</strong></span> <span class='ocrx_word' id='word_1_422' title='bbox 3057 3162 3066 3175; x_wconf 93' lang='grc'><strong>,</strong></span> <span class='ocrx_word' id='word_1_423' title='bbox 3326 3162 3337 3179; x_wconf 82' lang='grc'><strong>,</strong></span> <span class='ocrx_word' id='word_1_424' title='bbox 3664 3162 3692 3179; x_wconf 60' lang='grc' dir='ltr'><strong>η</strong></span> <span class='ocrx_word' id='word_1_425' title='bbox 3762 3162 3773 3165; x_wconf 73' lang='grc'>,</span> 
     </span>
     <span class='ocr_line' id='line_1_68' title="bbox 2177 3193 3776 3269; baseline -0.003 -17"><span class='ocrx_word' id='word_1_426' title='bbox 2177 3218 2186 3252; x_wconf 71' lang='grc' dir='ltr'>ς</span> <span class='ocrx_word' id='word_1_427' title='bbox 2216 3197 2304 3252; x_wconf 85' lang='grc' dir='ltr'>καὶ</span> <span class='ocrx_word' id='word_1_428' title='bbox 2336 3196 2515 3267; x_wconf 83' lang='grc' dir='ltr'>πηλὸς</span> <span class='ocrx_word' id='word_1_429' title='bbox 2546 3197 2621 3258; x_wconf 69' lang='grc' dir='ltr'><strong>εἷς</strong></span> <span class='ocrx_word' id='word_1_430' title='bbox 2652 3197 2747 3258; x_wconf 73' lang='grc' dir='ltr'><strong>τὰς</strong></span> <span class='ocrx_word' id='word_1_431' title='bbox 2776 3201 2882 3250; x_wconf 91' lang='grc' dir='ltr'><strong>τῶν</strong></span> <span class='ocrx_word' id='word_1_432' title='bbox 2938 3194 3142 3269; x_wconf 85' lang='grc' dir='ltr'>μορίων</span> <span class='ocrx_word' id='word_1_433' title='bbox 3204 3193 3543 3267; x_wconf 84' lang='grc' dir='ltr'>συμπλάσεις</span> <span class='ocrx_word' id='word_1_434' title='bbox 3605 3215 3776 3267; x_wconf 79' lang='grc' dir='ltr'>παρα-</span> 
     </span>
    </p>
   </div>
   <div class='ocr_carea' id='block_1_68' title="bbox 373 3291 2021 3364">
    <p class='ocr_par' dir='ltr' id='par_1_68' title="bbox 373 3291 2021 3364">
     <span class='ocr_line' id='line_1_69' title="bbox 373 3291 2021 3364; baseline -0.002 -16"><span class='ocrx_word' id='word_1_435' title='bbox 373 3309 499 3349; x_wconf 90' lang='lat' dir='ltr'><strong>rere</strong></span> <span class='ocrx_word' id='word_1_436' title='bbox 562 3292 739 3348; x_wconf 88' lang='lat' dir='ltr'><strong>etiam</strong></span> <span class='ocrx_word' id='word_1_437' title='bbox 808 3292 947 3347; x_wconf 90' lang='lat' dir='ltr'><strong>facit</strong></span> <span class='ocrx_word' id='word_1_438' title='bbox 1002 3292 1157 3364; x_wconf 89' lang='lat' dir='ltr'><strong>ignis</strong></span> <span class='ocrx_word' id='word_1_439' title='bbox 1223 3291 1477 3348; x_wconf 73' lang='lat' dir='ltr'><strong>cmlestis</strong></span> <span class='ocrx_word' id='word_1_440' title='bbox 1542 3293 1892 3347; x_wconf 89' lang='lat' dir='ltr'><strong>editionem.</strong></span> <span class='ocrx_word' id='word_1_441' title='bbox 1951 3292 2021 3346; x_wconf 89' lang='lat' dir='ltr'><strong>Et</strong></span> 
     </span>
    </p>
   </div>
   <div class='ocr_carea' id='block_1_69' title="bbox 374 3380 2020 3454">
    <p class='ocr_par' dir='ltr' id='par_1_69' title="bbox 374 3380 2020 3454">
     <span class='ocr_line' id='line_1_70' title="bbox 374 3380 2020 3454; baseline -0.002 -16"><span class='ocrx_word' id='word_1_442' title='bbox 374 3387 583 3454; x_wconf 88' lang='lat' dir='ltr'><strong>sponte</strong></span> <span class='ocrx_word' id='word_1_443' title='bbox 643 3381 955 3437; x_wconf 89' lang='lat' dir='ltr'><strong>subrident</strong></span> <span class='ocrx_word' id='word_1_444' title='bbox 1026 3386 1234 3437; x_wconf 82' lang='lat' dir='ltr'><strong>statuae</strong></span> <span class='ocrx_word' id='word_1_445' title='bbox 1296 3388 1349 3436; x_wconf 90' lang='lat' dir='ltr'><strong>et</strong></span> <span class='ocrx_word' id='word_1_446' title='bbox 1407 3381 1599 3437; x_wconf 86' lang='lat' dir='ltr'><strong>subito</strong></span> <span class='ocrx_word' id='word_1_447' title='bbox 1667 3381 1802 3453; x_wconf 92' lang='lat' dir='ltr'><strong>igne</strong></span> <span class='ocrx_word' id='word_1_448' title='bbox 1870 3380 2020 3435; x_wconf 87' lang='lat' dir='ltr'><strong>lam-</strong></span> 
     </span>
    </p>
   </div>
   <div class='ocr_carea' id='block_1_70' title="bbox 376 3469 2019 3542">
    <p class='ocr_par' dir='ltr' id='par_1_70' title="bbox 376 3469 2019 3542">
     <span class='ocr_line' id='line_1_71' title="bbox 376 3469 2019 3542; baseline -0.001 -16"><span class='ocrx_word' id='word_1_449' title='bbox 376 3471 558 3542; x_wconf 90' lang='lat' dir='ltr'><strong>pades</strong></span> <span class='ocrx_word' id='word_1_450' title='bbox 602 3470 1023 3526; x_wconf 89' lang='lat' dir='ltr'><strong>accenduntur.</strong></span> <span class='ocrx_word' id='word_1_451' title='bbox 1065 3469 1488 3541; x_wconf 88' lang='lat' dir='ltr'><strong>Complectitur</strong></span> <span class='ocrx_word' id='word_1_452' title='bbox 1546 3485 1781 3541; x_wconf 86' lang='lat' dir='ltr'><strong>quoque</strong></span> <span class='ocrx_word' id='word_1_453' title='bbox 1837 3473 2019 3525; x_wconf 88' lang='lat' dir='ltr'><strong>totam</strong></span> 
     </span>
    </p>
   </div>
   <div class='ocr_carea' id='block_1_71' title="bbox 378 3557 2024 3629">
    <p class='ocr_par' dir='ltr' id='par_1_71' title="bbox 378 3557 2024 3629">
     <span class='ocr_line' id='line_1_72' title="bbox 378 3557 2024 3629; baseline -0.001 -15"><span class='ocrx_word' id='word_1_454' title='bbox 378 3559 797 3615; x_wconf 86' lang='lat' dir='ltr'><strong>astronomiam</strong></span> <span class='ocrx_word' id='word_1_455' title='bbox 856 3563 912 3613; x_wconf 93' lang='lat' dir='ltr'><strong>et</strong></span> <span class='ocrx_word' id='word_1_456' title='bbox 961 3557 1149 3613; x_wconf 88' lang='lat' dir='ltr'><strong>multa</strong></span> <span class='ocrx_word' id='word_1_457' title='bbox 1218 3573 1320 3629; x_wconf 88' lang='lat' dir='ltr'><strong>per</strong></span> <span class='ocrx_word' id='word_1_458' title='bbox 1396 3573 1521 3613; x_wconf 88' lang='lat' dir='ltr'><strong>eam</strong></span> <span class='ocrx_word' id='word_1_459' title='bbox 1583 3562 1641 3613; x_wconf 90' lang='lat' dir='ltr'><strong>et</strong></span> <span class='ocrx_word' id='word_1_460' title='bbox 1711 3562 1900 3629; x_wconf 86' lang='lat' dir='ltr'><strong>potest</strong></span> <span class='ocrx_word' id='word_1_461' title='bbox 1967 3561 2024 3614; x_wconf 92' lang='lat' dir='ltr'><strong>et</strong></span> 
     </span>
    </p>
   </div>
   <div class='ocr_carea' id='block_1_72' title="bbox 378 3649 624 3719">
    <p class='ocr_par' dir='ltr' id='par_1_72' title="bbox 378 3649 624 3719">
     <span class='ocr_line' id='line_1_73' title="bbox 378 3649 624 3719; baseline -0.02 -14"><span class='ocrx_word' id='word_1_462' title='bbox 378 3649 624 3719; x_wconf 81' lang='lat' dir='ltr'><strong>perﬁcit.</strong></span> 
     </span>
    </p>
   </div>
   <div class='ocr_carea' id='block_1_73' title="bbox 442 3751 2017 3821">
    <p class='ocr_par' dir='ltr' id='par_1_73' title="bbox 442 3751 2017 3821">
     <span class='ocr_line' id='line_1_74' title="bbox 442 3751 2017 3821; baseline -0.001 -12"><span class='ocrx_word' id='word_1_463' title='bbox 442 3755 496 3809; x_wconf 88' lang='lat'><strong>6.</strong></span> <span class='ocrx_word' id='word_1_464' title='bbox 532 3754 738 3821; x_wconf 89' lang='lat' dir='ltr'><strong>Omen,</strong></span> <span class='ocrx_word' id='word_1_465' title='bbox 772 3758 836 3808; x_wconf 89' lang='lat' dir='ltr'><strong>ut</strong></span> <span class='ocrx_word' id='word_1_466' title='bbox 866 3752 1020 3809; x_wconf 88' lang='lat' dir='ltr'><strong>istud</strong></span> <span class='ocrx_word' id='word_1_467' title='bbox 1075 3769 1287 3809; x_wconf 90' lang='lat' dir='ltr'><strong>nomen</strong></span> <span class='ocrx_word' id='word_1_468' title='bbox 1343 3752 1582 3819; x_wconf 88' lang='lat' dir='ltr'><strong>indicat,</strong></span> <span class='ocrx_word' id='word_1_469' title='bbox 1618 3755 1706 3807; x_wconf 88' lang='lat' dir='ltr'><strong>est</strong></span> <span class='ocrx_word' id='word_1_470' title='bbox 1731 3751 2017 3807; x_wconf 88' lang='lat' dir='ltr'><strong>malorum</strong></span> 
     </span>
    </p>
   </div>
   <div class='ocr_carea' id='block_1_74' title="bbox 373 3840 2017 3897">
    <p class='ocr_par' dir='ltr' id='par_1_74' title="bbox 373 3840 2017 3897">
     <span class='ocr_line' id='line_1_75' title="bbox 373 3840 2017 3897; baseline 0 0"><span class='ocrx_word' id='word_1_471' title='bbox 373 3843 709 3897; x_wconf 68' lang='lat' dir='ltr'><strong>daamonum</strong></span> <span class='ocrx_word' id='word_1_472' title='bbox 744 3842 1055 3896; x_wconf 88' lang='lat' dir='ltr'><strong>invocatio.</strong></span> <span class='ocrx_word' id='word_1_473' title='bbox 1091 3841 1181 3896; x_wconf 89' lang='lat' dir='ltr'><strong>Fit</strong></span> <span class='ocrx_word' id='word_1_474' title='bbox 1234 3845 1431 3895; x_wconf 89' lang='lat' dir='ltr'><strong>autem</strong></span> <span class='ocrx_word' id='word_1_475' title='bbox 1490 3857 1623 3895; x_wconf 91' lang='lat' dir='ltr'><strong>cum</strong></span> <span class='ocrx_word' id='word_1_476' title='bbox 1667 3840 1752 3896; x_wconf 92' lang='lat' dir='ltr'><strong>sol</strong></span> <span class='ocrx_word' id='word_1_477' title='bbox 1794 3842 1864 3895; x_wconf 87' lang='lat' dir='ltr'><strong>ad</strong></span> <span class='ocrx_word' id='word_1_478' title='bbox 1899 3858 2017 3897; x_wconf 89' lang='lat' dir='ltr'><strong>me-</strong></span> 
     </span>
    </p>
   </div>
   <div class='ocr_carea' id='block_1_75' title="bbox 372 3929 2018 4000">
    <p class='ocr_par' dir='ltr' id='par_1_75' title="bbox 372 3929 2018 4000">
     <span class='ocr_line' id='line_1_76' title="bbox 372 3929 2018 4000; baseline 0.001 -15"><span class='ocrx_word' id='word_1_479' title='bbox 372 3930 577 3986; x_wconf 89' lang='lat' dir='ltr'><strong>ridiem</strong></span> <span class='ocrx_word' id='word_1_480' title='bbox 612 3934 872 3985; x_wconf 88' lang='lat' dir='ltr'><strong>recenter</strong></span> <span class='ocrx_word' id='word_1_481' title='bbox 903 3946 1107 3984; x_wconf 89' lang='lat' dir='ltr'><strong>versus</strong></span> <span class='ocrx_word' id='word_1_482' title='bbox 1139 3933 1249 3995; x_wconf 89' lang='lat' dir='ltr'><strong>est,</strong></span> <span class='ocrx_word' id='word_1_483' title='bbox 1286 3929 1441 3984; x_wconf 89' lang='lat' dir='ltr'><strong>diem</strong></span> <span class='ocrx_word' id='word_1_484' title='bbox 1475 3930 1770 4000; x_wconf 89' lang='lat' dir='ltr'><strong>minuens,</strong></span> <span class='ocrx_word' id='word_1_485' title='bbox 1797 3937 2018 3986; x_wconf 88' lang='lat' dir='ltr'><strong>noctem</strong></span> 
     </span>
    </p>
   </div>
   <div class='ocr_carea' id='block_1_76' title="bbox 371 4017 2017 4090">
    <p class='ocr_par' dir='ltr' id='par_1_76' title="bbox 371 4017 2017 4090">
     <span class='ocr_line' id='line_1_77' title="bbox 371 4017 2017 4090; baseline 0 -16"><span class='ocrx_word' id='word_1_486' title='bbox 371 4036 503 4075; x_wconf 88' lang='lat' dir='ltr'><strong>vero</strong></span> <span class='ocrx_word' id='word_1_487' title='bbox 558 4019 879 4090; x_wconf 87' lang='lat' dir='ltr'><strong>adaugens.</strong></span> <span class='ocrx_word' id='word_1_488' title='bbox 941 4017 1271 4088; x_wconf 90' lang='lat' dir='ltr'><strong>Opinantur</strong></span> <span class='ocrx_word' id='word_1_489' title='bbox 1327 4018 1483 4073; x_wconf 91' lang='lat' dir='ltr'><strong>enim</strong></span> <span class='ocrx_word' id='word_1_490' title='bbox 1546 4019 1728 4073; x_wconf 67' lang='lat' dir='ltr'><strong>Graeci</strong></span> <span class='ocrx_word' id='word_1_491' title='bbox 1788 4020 2017 4075; x_wconf 90' lang='lat' dir='ltr'><strong>nullum</strong></span> 
     </span>
    </p>
   </div>
   <div class='ocr_carea' id='block_1_77' title="bbox 370 4106 2017 4165">
    <p class='ocr_par' dir='ltr' id='par_1_77' title="bbox 370 4106 2017 4165">
     <span class='ocr_line' id='line_1_78' title="bbox 370 4106 2017 4165; baseline 0 -1"><span class='ocrx_word' id='word_1_492' title='bbox 370 4106 764 4164; x_wconf 84' lang='lat' dir='ltr'><strong>materialium</strong></span> <span class='ocrx_word' id='word_1_493' title='bbox 805 4110 1137 4163; x_wconf 66' lang='lat' dir='ltr'><strong>daemonum</strong></span> <span class='ocrx_word' id='word_1_494' title='bbox 1196 4107 1337 4163; x_wconf 90' lang='lat' dir='ltr'><strong>solis</strong></span> <span class='ocrx_word' id='word_1_495' title='bbox 1395 4109 1590 4163; x_wconf 88' lang='lat' dir='ltr'><strong>radios</strong></span> <span class='ocrx_word' id='word_1_496' title='bbox 1624 4110 1772 4164; x_wconf 92' lang='lat' dir='ltr'><strong>bono</strong></span> <span class='ocrx_word' id='word_1_497' title='bbox 1820 4110 2017 4165; x_wconf 89' lang='lat' dir='ltr'><strong>animo</strong></span> 
     </span>
    </p>
   </div>
   <div class='ocr_carea' id='block_1_78' title="bbox 372 4196 2017 4266">
    <p class='ocr_par' dir='ltr' id='par_1_78' title="bbox 372 4196 2017 4266">
     <span class='ocr_line' id='line_1_79' title="bbox 372 4196 2017 4266; baseline 0.001 -14"><span class='ocrx_word' id='word_1_498' title='bbox 372 4197 606 4254; x_wconf 87' lang='lat' dir='ltr'><strong>habere.</strong></span> <span class='ocrx_word' id='word_1_499' title='bbox 666 4198 805 4252; x_wconf 89' lang='lat' dir='ltr'><strong>Inde</strong></span> <span class='ocrx_word' id='word_1_500' title='bbox 866 4196 1035 4252; x_wconf 90' lang='lat' dir='ltr'><strong>nobis</strong></span> <span class='ocrx_word' id='word_1_501' title='bbox 1093 4203 1266 4251; x_wconf 84' lang='lat' dir='ltr'><strong>noctu</strong></span> <span class='ocrx_word' id='word_1_502' title='bbox 1327 4197 1575 4253; x_wconf 90' lang='lat' dir='ltr'><strong>insidias</strong></span> <span class='ocrx_word' id='word_1_503' title='bbox 1624 4201 1883 4266; x_wconf 87' lang='lat' dir='ltr'><strong>struunt,</strong></span> <span class='ocrx_word' id='word_1_504' title='bbox 1925 4198 2017 4254; x_wconf 92' lang='lat' dir='ltr'><strong>die</strong></span> 
     </span>
    </p>
   </div>
   <div class='ocr_carea' id='block_1_79' title="bbox 363 4285 2015 4358">
    <p class='ocr_par' dir='ltr' id='par_1_79' title="bbox 363 4285 2015 4358">
     <span class='ocr_line' id='line_1_80' title="bbox 363 4285 2015 4358; baseline 0.001 -19"><span class='ocrx_word' id='word_1_505' title='bbox 363 4285 631 4343; x_wconf 89' lang='lat' dir='ltr'><strong>insidiari</strong></span> <span class='ocrx_word' id='word_1_506' title='bbox 669 4302 782 4341; x_wconf 94' lang='lat' dir='ltr'><strong>non</strong></span> <span class='ocrx_word' id='word_1_507' title='bbox 816 4285 1093 4341; x_wconf 85' lang='lat' dir='ltr'><strong>valentes.</strong></span> <span class='ocrx_word' id='word_1_508' title='bbox 1120 4286 1361 4349; x_wconf 81' lang='lat' dir='ltr'><strong>Quando</strong></span> <span class='ocrx_word' id='word_1_509' title='bbox 1389 4286 1565 4357; x_wconf 85' lang='lat' dir='ltr'><strong>igitur</strong></span> <span class='ocrx_word' id='word_1_510' title='bbox 1594 4285 1794 4340; x_wconf 91' lang='lat' dir='ltr'><strong>lumen</strong></span> <span class='ocrx_word' id='word_1_511' title='bbox 1829 4287 2015 4358; x_wconf 88' lang='lat' dir='ltr'><strong>magis</strong></span> 
     </span>
    </p>
   </div>
   <div class='ocr_carea' id='block_1_80' title="bbox 362 4374 2016 4447">
    <p class='ocr_par' dir='ltr' id='par_1_80' title="bbox 362 4374 2016 4447">
     <span class='ocr_line' id='line_1_81' title="bbox 362 4374 2016 4447; baseline 0.001 -17"><span class='ocrx_word' id='word_1_512' title='bbox 362 4374 824 4447; x_wconf 87' lang='lat' dir='ltr'><strong>septentrionale</strong></span> <span class='ocrx_word' id='word_1_513' title='bbox 908 4379 1018 4439; x_wconf 85' lang='lat' dir='ltr'><strong>est,</strong></span> <span class='ocrx_word' id='word_1_514' title='bbox 1069 4392 1176 4428; x_wconf 90' lang='lat' dir='ltr'><strong>sua</strong></span> <span class='ocrx_word' id='word_1_515' title='bbox 1253 4376 1481 4446; x_wconf 89' lang='lat' dir='ltr'><strong>operari</strong></span> <span class='ocrx_word' id='word_1_516' title='bbox 1548 4381 1869 4447; x_wconf 89' lang='lat' dir='ltr'><strong>nequeunt,</strong></span> <span class='ocrx_word' id='word_1_517' title='bbox 1959 4382 2016 4432; x_wconf 89' lang='lat' dir='ltr'><strong>et</strong></span> 
     </span>
    </p>
   </div>
   <div class='ocr_carea' id='block_1_81' title="bbox 365 4462 2012 4535">
    <p class='ocr_par' dir='ltr' id='par_1_81' title="bbox 365 4462 2012 4535">
     <span class='ocr_line' id='line_1_82' title="bbox 365 4462 2012 4535; baseline 0.002 -18"><span class='ocrx_word' id='word_1_518' title='bbox 365 4465 598 4535; x_wconf 89' lang='lat' dir='ltr'><strong>quando</strong></span> <span class='ocrx_word' id='word_1_519' title='bbox 630 4464 700 4518; x_wconf 89' lang='lat' dir='ltr'><strong>ad</strong></span> <span class='ocrx_word' id='word_1_520' title='bbox 754 4463 1059 4519; x_wconf 88' lang='lat' dir='ltr'><strong>meridiem</strong></span> <span class='ocrx_word' id='word_1_521' title='bbox 1107 4462 1351 4517; x_wconf 88' lang='lat' dir='ltr'><strong>vertitur</strong></span> <span class='ocrx_word' id='word_1_522' title='bbox 1383 4468 1439 4518; x_wconf 86' lang='lat' dir='ltr'><strong>et</strong></span> <span class='ocrx_word' id='word_1_523' title='bbox 1471 4464 1533 4517; x_wconf 87' lang='lat' dir='ltr'><strong>lit</strong></span> <span class='ocrx_word' id='word_1_524' title='bbox 1565 4463 1734 4535; x_wconf 90' lang='lat' dir='ltr'><strong>quasi</strong></span> <span class='ocrx_word' id='word_1_525' title='bbox 1793 4464 2012 4520; x_wconf 87' lang='lat' dir='ltr'><strong>demis-</strong></span> 
     </span>
    </p>
   </div>
   <div class='ocr_carea' id='block_1_82' title="bbox 2131 3280 3784 3359">
    <p class='ocr_par' dir='ltr' id='par_1_82' title="bbox 2131 3280 3784 3359">
     <span class='ocr_line' id='line_1_83' title="bbox 2131 3280 3784 3359; baseline -0.002 -18"><span class='ocrx_word' id='word_1_526' title='bbox 2131 3280 2525 3359; x_wconf 73' lang='grc' dir='ltr'>λαμϐάνονται.</span> <span class='ocrx_word' id='word_1_527' title='bbox 2562 3283 2827 3353; x_wconf 86' lang='grc' dir='ltr'>Φαντάζει</span> <span class='ocrx_word' id='word_1_528' title='bbox 2856 3281 2913 3338; x_wconf 69' lang='grc' dir='ltr'>δὲ</span> <span class='ocrx_word' id='word_1_529' title='bbox 2944 3282 3219 3347; x_wconf 77' lang='grc' dir='ltr'>πολλάκις</span> <span class='ocrx_word' id='word_1_530' title='bbox 3251 3281 3340 3337; x_wconf 78' lang='grc' dir='ltr'>καί</span> <span class='ocrx_word' id='word_1_531' title='bbox 3387 3282 3562 3356; x_wconf 84' lang='grc' dir='ltr'>πυρὸς</span> <span class='ocrx_word' id='word_1_532' title='bbox 3617 3283 3784 3357; x_wconf 84' lang='grc' dir='ltr'>ούρα-</span> 
     </span>
    </p>
   </div>
   <div class='ocr_carea' id='block_1_83' title="bbox 2129 3369 3783 3449">
    <p class='ocr_par' dir='ltr' id='par_1_83' title="bbox 2129 3369 3783 3449">
     <span class='ocr_line' id='line_1_84' title="bbox 2129 3369 3783 3449; baseline -0.003 -20"><span class='ocrx_word' id='word_1_533' title='bbox 2129 3375 2245 3429; x_wconf 79' lang='grc' dir='ltr'>νίου</span> <span class='ocrx_word' id='word_1_534' title='bbox 2277 3371 2536 3435; x_wconf 77' lang='grc' dir='ltr'>ἐκδόσεις.</span> <span class='ocrx_word' id='word_1_535' title='bbox 2597 3373 2702 3429; x_wconf 84' lang='grc' dir='ltr'>Καὶ</span> <span class='ocrx_word' id='word_1_536' title='bbox 2764 3369 3040 3446; x_wconf 87' lang='grc' dir='ltr'>διαμειδιᾷ</span> <span class='ocrx_word' id='word_1_537' title='bbox 3099 3372 3195 3445; x_wconf 77' lang='grc' dir='ltr'>μὶν</span> <span class='ocrx_word' id='word_1_538' title='bbox 3254 3370 3570 3449; x_wconf 72' lang='grc' dir='ltr'>ἐφ’ἒαυτῶν</span> <span class='ocrx_word' id='word_1_539' title='bbox 3606 3370 3783 3446; x_wconf 72' lang='grc' dir='ltr'>ἀγάλ-</span> 
     </span>
    </p>
   </div>
   <div class='ocr_carea' id='block_1_84' title="bbox 2135 3458 3785 3538">
    <p class='ocr_par' dir='ltr' id='par_1_84' title="bbox 2135 3458 3785 3538">
     <span class='ocr_line' id='line_1_85' title="bbox 2135 3458 3785 3538; baseline -0.002 -19"><span class='ocrx_word' id='word_1_540' title='bbox 2135 3485 2275 3537; x_wconf 86' lang='grc' dir='ltr'>ματα</span> <span class='ocrx_word' id='word_1_541' title='bbox 2309 3508 2322 3533; x_wconf 92' lang='grc'><strong>,</strong></span> <span class='ocrx_word' id='word_1_542' title='bbox 2391 3462 2522 3538; x_wconf 87' lang='grc' dir='ltr'>πυρὶ</span> <span class='ocrx_word' id='word_1_543' title='bbox 2582 3459 2639 3516; x_wconf 77' lang='grc' dir='ltr'>δὲ</span> <span class='ocrx_word' id='word_1_544' title='bbox 2699 3460 2990 3534; x_wconf 77' lang='grc' dir='ltr'>αὐτομάτῳ</span> <span class='ocrx_word' id='word_1_545' title='bbox 3049 3458 3333 3534; x_wconf 85' lang='grc' dir='ltr'>λαμπάδες</span> <span class='ocrx_word' id='word_1_546' title='bbox 3403 3460 3738 3515; x_wconf 80' lang='grc' dir='ltr'>ἀνάπτονται</span> <span class='ocrx_word' id='word_1_547' title='bbox 3772 3504 3785 3516; x_wconf 95' lang='grc'><strong>.</strong></span> 
     </span>
    </p>
   </div>
   <div class='ocr_carea' id='block_1_85' title="bbox 2131 3549 3787 3629">
    <p class='ocr_par' dir='ltr' id='par_1_85' title="bbox 2131 3549 3787 3629">
     <span class='ocr_line' id='line_1_86' title="bbox 2131 3549 3787 3629; baseline -0.003 -22"><span class='ocrx_word' id='word_1_548' title='bbox 2131 3551 2491 3629; x_wconf 76' lang='grc' dir='ltr'>Ιῐεριέζωσται</span> <span class='ocrx_word' id='word_1_549' title='bbox 2525 3549 2583 3606; x_wconf 80' lang='grc' dir='ltr'>δὶ</span> <span class='ocrx_word' id='word_1_550' title='bbox 2609 3551 2699 3606; x_wconf 84' lang='grc' dir='ltr'><strong>καὶ</strong></span> <span class='ocrx_word' id='word_1_551' title='bbox 2746 3552 2846 3619; x_wconf 82' lang='grc' dir='ltr'><strong>τήν</strong></span> <span class='ocrx_word' id='word_1_552' title='bbox 2902 3550 3265 3625; x_wconf 80' lang='grc' dir='ltr'>ἀστρονομίαν</span> <span class='ocrx_word' id='word_1_553' title='bbox 3316 3549 3634 3622; x_wconf 79' lang='grc' dir='ltr'>σύμπασαν,</span> <span class='ocrx_word' id='word_1_554' title='bbox 3697 3550 3787 3603; x_wconf 75' lang='grc' dir='ltr'>καὶ</span> 
     </span>
    </p>
   </div>
   <div class='ocr_carea' id='block_1_86' title="bbox 2130 3634 3461 3710">
    <p class='ocr_par' dir='ltr' id='par_1_86' title="bbox 2130 3634 3461 3710">
     <span class='ocr_line' id='line_1_87' title="bbox 2130 3634 3461 3710; baseline -0.002 -14"><span class='ocrx_word' id='word_1_555' title='bbox 2130 3639 2316 3696; x_wconf 88' lang='grc' dir='ltr'>πολλά</span> <span class='ocrx_word' id='word_1_556' title='bbox 2341 3637 2429 3694; x_wconf 74' lang='grc' dir='ltr'><strong>διὰ</strong></span> <span class='ocrx_word' id='word_1_557' title='bbox 2457 3638 2657 3710; x_wconf 87' lang='grc' dir='ltr'>ταύτης</span> <span class='ocrx_word' id='word_1_558' title='bbox 2688 3638 2777 3692; x_wconf 84' lang='grc' dir='ltr'><strong>καὶ</strong></span> <span class='ocrx_word' id='word_1_559' title='bbox 2812 3634 3030 3692; x_wconf 84' lang='grc' dir='ltr'>δύναται</span> <span class='ocrx_word' id='word_1_560' title='bbox 3061 3637 3151 3691; x_wconf 82' lang='grc' dir='ltr'><strong>καὶ</strong></span> <span class='ocrx_word' id='word_1_561' title='bbox 3183 3635 3461 3694; x_wconf 83' lang='grc' dir='ltr'>ἀποτελεῖ.</span> 
     </span>
    </p>
   </div>
   <div class='ocr_carea' id='block_1_87' title="bbox 2201 3742 3789 3821">
    <p class='ocr_par' dir='ltr' id='par_1_87' title="bbox 2201 3742 3789 3821">
     <span class='ocr_line' id='line_1_88' title="bbox 2201 3742 3789 3821; baseline -0.004 -18"><span class='ocrx_word' id='word_1_562' title='bbox 2201 3750 2263 3813; x_wconf 85' lang='grc' dir='ltr'>ς’.</span> <span class='ocrx_word' id='word_1_563' title='bbox 2316 3743 2541 3821; x_wconf 80' lang='grc' dir='ltr'>Κλῃδὼν</span> <span class='ocrx_word' id='word_1_564' title='bbox 2611 3743 2667 3801; x_wconf 84' lang='grc' dir='ltr'><strong>δέ</strong></span> <span class='ocrx_word' id='word_1_565' title='bbox 2726 3744 2835 3800; x_wconf 74' lang='grc' dir='ltr'>ἐστι</span> <span class='ocrx_word' id='word_1_566' title='bbox 2893 3742 3169 3817; x_wconf 80' lang='grc' dir='ltr'>δαιμόνων</span> <span class='ocrx_word' id='word_1_567' title='bbox 3222 3748 3505 3819; x_wconf 85' lang='grc' dir='ltr'>πονηρῶν,</span> <span class='ocrx_word' id='word_1_568' title='bbox 3564 3744 3644 3806; x_wconf 80' lang='grc' dir='ltr'>ὡς</span> <span class='ocrx_word' id='word_1_569' title='bbox 3694 3745 3789 3798; x_wconf 77' lang='grc' dir='ltr'><strong>καὶ</strong></span> 
     </span>
    </p>
   </div>
   <div class='ocr_carea' id='block_1_88' title="bbox 2130 3830 3789 3910">
    <p class='ocr_par' dir='ltr' id='par_1_88' title="bbox 2130 3830 3789 3910">
     <span class='ocr_line' id='line_1_89' title="bbox 2130 3830 3789 3910; baseline -0.004 -17"><span class='ocrx_word' id='word_1_570' title='bbox 2130 3839 2262 3893; x_wconf 75' lang='grc' dir='ltr'>αὐτο</span> <span class='ocrx_word' id='word_1_571' title='bbox 2307 3834 2476 3907; x_wconf 72' lang='grc' dir='ltr'>δηλοῖ</span> <span class='ocrx_word' id='word_1_572' title='bbox 2524 3832 2769 3909; x_wconf 67' lang='grc' dir='ltr'>τοῦνομα</span> <span class='ocrx_word' id='word_1_573' title='bbox 2824 3832 3184 3910; x_wconf 85' lang='grc' dir='ltr'>πρόσκλησις.</span> <span class='ocrx_word' id='word_1_574' title='bbox 3238 3832 3490 3890; x_wconf 82' lang='grc' dir='ltr'>Τελεῖται</span> <span class='ocrx_word' id='word_1_575' title='bbox 3550 3830 3613 3887; x_wconf 74' lang='grc' dir='ltr'>δὶ</span> <span class='ocrx_word' id='word_1_576' title='bbox 3670 3835 3789 3907; x_wconf 72' lang='grc' dir='ltr'>ἄρτι</span> 
     </span>
    </p>
   </div>
   <div class='ocr_carea' id='block_1_89' title="bbox 2127 3920 3787 4002">
    <p class='ocr_par' dir='ltr' id='par_1_89' title="bbox 2127 3920 3787 4002">
     <span class='ocr_line' id='line_1_90' title="bbox 2127 3920 3787 4002; baseline -0.004 -20"><span class='ocrx_word' id='word_1_577' title='bbox 2127 3927 2463 4002; x_wconf 84' lang='grc' dir='ltr'>τρεπομένου</span> <span class='ocrx_word' id='word_1_578' title='bbox 2519 3922 2655 3994; x_wconf 69' lang='grc' dir='ltr'>πρὸς</span> <span class='ocrx_word' id='word_1_579' title='bbox 2718 3925 2871 3979; x_wconf 88' lang='grc' dir='ltr'>νότον</span> <span class='ocrx_word' id='word_1_580' title='bbox 2932 3920 3134 3993; x_wconf 79' lang='grc' dir='ltr'>ἡλίου,</span> <span class='ocrx_word' id='word_1_581' title='bbox 3192 3922 3280 3977; x_wconf 80' lang='grc' dir='ltr'><strong>καὶ</strong></span> <span class='ocrx_word' id='word_1_582' title='bbox 3341 3926 3630 3995; x_wconf 73' lang='grc' dir='ltr'>μειοῦντος</span> <span class='ocrx_word' id='word_1_583' title='bbox 3692 3924 3787 3996; x_wconf 71' lang='grc' dir='ltr'><strong>μὶν</strong></span> 
     </span>
    </p>
   </div>
   <div class='ocr_carea' id='block_1_90' title="bbox 2127 4009 3788 4091">
    <p class='ocr_par' dir='ltr' id='par_1_90' title="bbox 2127 4009 3788 4091">
     <span class='ocr_line' id='line_1_91' title="bbox 2127 4009 3788 4091; baseline -0.004 -20"><span class='ocrx_word' id='word_1_584' title='bbox 2127 4017 2357 4091; x_wconf 76' lang='grc' dir='ltr'>ἡμέραν,</span> <span class='ocrx_word' id='word_1_585' title='bbox 2416 4016 2513 4084; x_wconf 75' lang='grc' dir='ltr'>τὴν</span> <span class='ocrx_word' id='word_1_586' title='bbox 2562 4012 2726 4068; x_wconf 90' lang='grc' dir='ltr'>νύκτα</span> <span class='ocrx_word' id='word_1_587' title='bbox 2782 4010 2839 4068; x_wconf 74' lang='grc' dir='ltr'>δὲ</span> <span class='ocrx_word' id='word_1_588' title='bbox 2889 4011 3233 4082; x_wconf 81' lang='grc' dir='ltr'>αύξάνοντος.</span> <span class='ocrx_word' id='word_1_589' title='bbox 3282 4009 3626 4081; x_wconf 78' lang='grc' dir='ltr'>Ἑλληνικῆς</span> <span class='ocrx_word' id='word_1_590' title='bbox 3685 4012 3788 4086; x_wconf 69' lang='grc' dir='ltr'><strong>γὰρ</strong></span> 
     </span>
    </p>
   </div>
   <div class='ocr_carea' id='block_1_91' title="bbox 2128 4098 3789 4177">
    <p class='ocr_par' dir='ltr' id='par_1_91' title="bbox 2128 4098 3789 4177">
     <span class='ocr_line' id='line_1_92' title="bbox 2128 4098 3789 4177; baseline -0.005 -16"><span class='ocrx_word' id='word_1_591' title='bbox 2128 4105 2239 4161; x_wconf 62' lang='grc' dir='ltr'>ἔστι</span> <span class='ocrx_word' id='word_1_592' title='bbox 2273 4103 2431 4175; x_wconf 82' lang='grc' dir='ltr'>δόξης</span> <span class='ocrx_word' id='word_1_593' title='bbox 2461 4103 2523 4158; x_wconf 84' lang='grc' dir='ltr'>τὸ</span> <span class='ocrx_word' id='word_1_594' title='bbox 2558 4099 2762 4175; x_wconf 80' lang='grc' dir='ltr'>μηδένα</span> <span class='ocrx_word' id='word_1_595' title='bbox 2808 4106 2914 4156; x_wconf 91' lang='grc' dir='ltr'><strong>τῶν</strong></span> <span class='ocrx_word' id='word_1_596' title='bbox 2970 4100 3175 4156; x_wconf 71' lang='grc' dir='ltr'>ἰνύλων</span> <span class='ocrx_word' id='word_1_597' title='bbox 3229 4098 3504 4173; x_wconf 87' lang='grc' dir='ltr'>δαιμόνων</span> <span class='ocrx_word' id='word_1_598' title='bbox 3564 4101 3789 4177; x_wconf 70' lang='grc' dir='ltr'>θαρρεῖν</span> 
     </span>
    </p>
   </div>
   <div class='ocr_carea' id='block_1_92' title="bbox 2126 4188 3789 4266">
    <p class='ocr_par' dir='ltr' id='par_1_92' title="bbox 2126 4188 3789 4266">
     <span class='ocr_line' id='line_1_93' title="bbox 2126 4188 3789 4266; baseline -0.004 -17"><span class='ocrx_word' id='word_1_599' title='bbox 2126 4196 2219 4256; x_wconf 70' lang='grc' dir='ltr'><strong>τὰς</strong></span> <span class='ocrx_word' id='word_1_600' title='bbox 2248 4198 2343 4248; x_wconf 75' lang='grc' dir='ltr'><strong>τοῦ</strong></span> <span class='ocrx_word' id='word_1_601' title='bbox 2383 4191 2549 4262; x_wconf 80' lang='grc' dir='ltr'>ἡλίου</span> <span class='ocrx_word' id='word_1_602' title='bbox 2597 4190 2792 4266; x_wconf 81' lang='grc' dir='ltr'>αὐγάς.</span> <span class='ocrx_word' id='word_1_603' title='bbox 2840 4196 3030 4254; x_wconf 85' lang='grc' dir='ltr'>’Ένθεν</span> <span class='ocrx_word' id='word_1_604' title='bbox 3079 4210 3165 4244; x_wconf 89' lang='grc' dir='ltr'><strong>τοι</strong></span> <span class='ocrx_word' id='word_1_605' title='bbox 3215 4190 3304 4243; x_wconf 82' lang='grc' dir='ltr'><strong>καὶ</strong></span> <span class='ocrx_word' id='word_1_606' title='bbox 3355 4188 3789 4266; x_wconf 79' lang='grc' dir='ltr'>νυκτιλοχοῦσιν</span> 
     </span>
    </p>
   </div>
   <div class='ocr_carea' id='block_1_93' title="bbox 2125 4277 3791 4357">
    <p class='ocr_par' dir='ltr' id='par_1_93' title="bbox 2125 4277 3791 4357">
     <span class='ocr_line' id='line_1_94' title="bbox 2125 4277 3791 4357; baseline -0.003 -19"><span class='ocrx_word' id='word_1_607' title='bbox 2125 4287 2284 4357; x_wconf 77' lang='grc' dir='ltr'>ἡμῖν,</span> <span class='ocrx_word' id='word_1_608' title='bbox 2348 4282 2521 4357; x_wconf 78' lang='grc' dir='ltr'>λοχᾷν</span> <span class='ocrx_word' id='word_1_609' title='bbox 2596 4280 2809 4355; x_wconf 79' lang='grc' dir='ltr'>ἡμέρας</span> <span class='ocrx_word' id='word_1_610' title='bbox 2882 4280 2959 4351; x_wconf 80' lang='grc' dir='ltr'>μὴ</span> <span class='ocrx_word' id='word_1_611' title='bbox 3018 4277 3375 4354; x_wconf 81' lang='grc' dir='ltr'>ἐξισχύοντες.</span> <span class='ocrx_word' id='word_1_612' title='bbox 3432 4281 3544 4335; x_wconf 77' lang='grc' dir='ltr'>Τοῦ</span> <span class='ocrx_word' id='word_1_613' title='bbox 3604 4280 3791 4334; x_wconf 78' lang='grc' dir='ltr'>τοίνυν</span> 
     </span>
    </p>
   </div>
   <div class='ocr_carea' id='block_1_94' title="bbox 2125 4369 3790 4453">
    <p class='ocr_par' dir='ltr' id='par_1_94' title="bbox 2125 4369 3790 4453">
     <span class='ocr_line' id='line_1_95' title="bbox 2125 4369 3790 4453; baseline -0.005 -24"><span class='ocrx_word' id='word_1_614' title='bbox 2125 4380 2414 4453; x_wconf 74' lang='grc' dir='ltr'>φωστῆρος</span> <span class='ocrx_word' id='word_1_615' title='bbox 2493 4369 2840 4448; x_wconf 81' lang='grc' dir='ltr'>βορειοτέρου</span> <span class='ocrx_word' id='word_1_616' title='bbox 2924 4371 3318 4445; x_wconf 79' lang='grc' dir='ltr'>τυγχάνοντος,</span> <span class='ocrx_word' id='word_1_617' title='bbox 3399 4370 3476 4441; x_wconf 74' lang='grc' dir='ltr'>μὴ</span> <span class='ocrx_word' id='word_1_618' title='bbox 3531 4371 3682 4423; x_wconf 73' lang='grc' dir='ltr'>πάνυ</span> <span class='ocrx_word' id='word_1_619' title='bbox 3738 4390 3790 4423; x_wconf 81' lang='grc' dir='ltr'><strong>τι</strong></span> 
     </span>
    </p>
   </div>
   <div class='ocr_carea' id='block_1_95' title="bbox 2125 4456 3790 4536">
    <p class='ocr_par' dir='ltr' id='par_1_95' title="bbox 2125 4456 3790 4536">
     <span class='ocr_line' id='line_1_96' title="bbox 2125 4456 3790 4536; baseline -0.005 -18"><span class='ocrx_word' id='word_1_620' title='bbox 2125 4462 2412 4536; x_wconf 80' lang='grc' dir='ltr'>δυνάμενοι</span> <span class='ocrx_word' id='word_1_621' title='bbox 2472 4460 2537 4515; x_wconf 67' lang='grc' dir='ltr'><strong>τὰ</strong></span> <span class='ocrx_word' id='word_1_622' title='bbox 2592 4461 2794 4515; x_wconf 68' lang='grc' dir='ltr'>ἑαυτῶν</span> <span class='ocrx_word' id='word_1_623' title='bbox 2841 4457 3097 4533; x_wconf 66' lang='grc' dir='ltr'>ἐνεργεῖν,</span> <span class='ocrx_word' id='word_1_624' title='bbox 3145 4456 3383 4528; x_wconf 81' lang='grc' dir='ltr'>ὁπηνίκα</span> <span class='ocrx_word' id='word_1_625' title='bbox 3428 4459 3570 4533; x_wconf 85' lang='grc' dir='ltr'>πρὸς</span> <span class='ocrx_word' id='word_1_626' title='bbox 3631 4461 3790 4513; x_wconf 81' lang='grc' dir='ltr'>νότον</span> 
     </span>
    </p>
   </div>
   <div class='ocr_carea' id='block_1_96' title="bbox 363 4528 2009 4628">
    <p class='ocr_par' dir='ltr' id='par_1_96' title="bbox 363 4551 2009 4623">
     <span class='ocr_line' id='line_1_97' title="bbox 363 4551 2009 4623; baseline 0.001 -16"><span class='ocrx_word' id='word_1_627' title='bbox 363 4551 483 4607; x_wconf 88' lang='lat' dir='ltr'><strong>sior</strong></span> <span class='ocrx_word' id='word_1_628' title='bbox 512 4553 676 4623; x_wconf 76' lang='lat' dir='ltr'><strong>apud</strong></span> <span class='ocrx_word' id='word_1_629' title='bbox 710 4568 815 4608; x_wconf 89' lang='lat' dir='ltr'><strong>nos</strong></span> <span class='ocrx_word' id='word_1_630' title='bbox 873 4568 993 4621; x_wconf 90' lang='lat' dir='ltr'><strong>aer,</strong></span> <span class='ocrx_word' id='word_1_631' title='bbox 1045 4557 1184 4607; x_wconf 90' lang='lat' dir='ltr'><strong>tunc</strong></span> <span class='ocrx_word' id='word_1_632' title='bbox 1236 4568 1376 4607; x_wconf 90' lang='lat' dir='ltr'><strong>suos</strong></span> <span class='ocrx_word' id='word_1_633' title='bbox 1431 4552 1687 4622; x_wconf 89' lang='lat' dir='ltr'><strong>impetus</strong></span> <span class='ocrx_word' id='word_1_634' title='bbox 1719 4558 1793 4619; x_wconf 89' lang='lat' dir='ltr'><strong>et,</strong></span> <span class='ocrx_word' id='word_1_635' title='bbox 1829 4558 1894 4608; x_wconf 93' lang='lat' dir='ltr'><strong>ut</strong></span> <span class='ocrx_word' id='word_1_636' title='bbox 1932 4554 2009 4611; x_wconf 85' lang='lat' dir='ltr'><strong>ita</strong></span> 
     </span>
    </p>
   </div>
   <div class='ocr_carea' id='block_1_97' title="bbox 2177 4528 3789 4628">
    <p class='ocr_par' dir='ltr' id='par_1_97' title="bbox 2177 4528 3789 4625">
     <span class='ocr_line' id='line_1_98' title="bbox 2177 4528 3789 4625; baseline -0.004 -20"><span class='ocrx_word' id='word_1_637' title='bbox 2177 4528 2303 4617; x_wconf 59' lang='lat' dir='ltr'><strong>mutii</strong></span> <span class='ocrx_word' id='word_1_638' title='bbox 2334 4550 2423 4606; x_wconf 76' lang='grc' dir='ltr'><strong>καὶ</strong></span> <span class='ocrx_word' id='word_1_639' title='bbox 2456 4548 2623 4605; x_wconf 76' lang='grc' dir='ltr'>οἱονεὶ</span> <span class='ocrx_word' id='word_1_640' title='bbox 2672 4528 3077 4625; x_wconf 76' lang='grc' dir='ltr'>κατηφέστατος</span> <span class='ocrx_word' id='word_1_641' title='bbox 3118 4547 3145 4601; x_wconf 83' lang='grc' dir='ltr'><strong>ὁ</strong></span> <span class='ocrx_word' id='word_1_642' title='bbox 3200 4546 3325 4622; x_wconf 75' lang='grc' dir='ltr'>περὶ</span> <span class='ocrx_word' id='word_1_643' title='bbox 3384 4528 3531 4619; x_wconf 58' lang='grc' dir='ltr'>ἡμῖις</span> <span class='ocrx_word' id='word_1_644' title='bbox 3579 4546 3789 4621; x_wconf 79' lang='grc' dir='ltr'>γίνεται</span> 
     </span>
    </p>
   </div>
   <div class='ocr_carea' id='block_1_98' title="bbox 364 4639 2010 4697">
    <p class='ocr_par' dir='ltr' id='par_1_98' title="bbox 364 4639 2010 4697">
     <span class='ocr_line' id='line_1_99' title="bbox 364 4639 2010 4697; baseline 0.001 -2"><span class='ocrx_word' id='word_1_645' title='bbox 364 4640 556 4695; x_wconf 89' lang='lat' dir='ltr'><strong>dicam</strong></span> <span class='ocrx_word' id='word_1_646' title='bbox 590 4639 872 4695; x_wconf 87' lang='lat' dir='ltr'><strong>circuitus</strong></span> <span class='ocrx_word' id='word_1_647' title='bbox 924 4657 1043 4694; x_wconf 56' lang='lat' dir='ltr'><strong>suae</strong></span> <span class='ocrx_word' id='word_1_648' title='bbox 1104 4639 1343 4694; x_wconf 65' lang='lat' dir='ltr'><strong>malitia:</strong></span> <span class='ocrx_word' id='word_1_649' title='bbox 1403 4640 1784 4695; x_wconf 86' lang='lat' dir='ltr'><strong>manifestant</strong></span> <span class='ocrx_word' id='word_1_650' title='bbox 1828 4647 1885 4696; x_wconf 90' lang='lat' dir='ltr'><strong>et</strong></span> <span class='ocrx_word' id='word_1_651' title='bbox 1919 4642 2010 4697; x_wconf 91' lang='lat' dir='ltr'><strong>in-</strong></span> 
     </span>
    </p>
   </div>
   <div class='ocr_carea' id='block_1_99' title="bbox 354 4729 2009 4804">
    <p class='ocr_par' dir='ltr' id='par_1_99' title="bbox 354 4729 2009 4804">
     <span class='ocr_line' id='line_1_100' title="bbox 354 4729 2009 4804; baseline 0.003 -19"><span class='ocrx_word' id='word_1_652' title='bbox 354 4729 546 4785; x_wconf 84' lang='lat' dir='ltr'><strong>vocati</strong></span> <span class='ocrx_word' id='word_1_653' title='bbox 605 4729 1015 4785; x_wconf 82' lang='lat' dir='ltr'><strong>invocantibus</strong></span> <span class='ocrx_word' id='word_1_654' title='bbox 1046 4732 1348 4786; x_wconf 87' lang='lat' dir='ltr'><strong>obediunt.</strong></span> <span class='ocrx_word' id='word_1_655' title='bbox 1424 4732 1491 4785; x_wconf 88' lang='lat' dir='ltr'><strong>Et</strong></span> <span class='ocrx_word' id='word_1_656' title='bbox 1552 4749 1704 4787; x_wconf 84' lang='lat' dir='ltr'><strong>nunc</strong></span> <span class='ocrx_word' id='word_1_657' title='bbox 1771 4734 2009 4804; x_wconf 90' lang='lat' dir='ltr'><strong>quidem</strong></span> 
     </span>
    </p>
   </div>
   <div class='ocr_carea' id='block_1_100' title="bbox 358 4818 2007 4892">
    <p class='ocr_par' dir='ltr' id='par_1_100' title="bbox 358 4818 2007 4892">
     <span class='ocr_line' id='line_1_101' title="bbox 358 4818 2007 4892; baseline 0.002 -18"><span class='ocrx_word' id='word_1_658' title='bbox 358 4819 637 4891; x_wconf 74' lang='lat' dir='ltr'><strong>mysteria</strong></span> <span class='ocrx_word' id='word_1_659' title='bbox 652 4818 1025 4890; x_wconf 84' lang='lat' dir='ltr'><strong>auspicantes</strong></span> <span class='ocrx_word' id='word_1_660' title='bbox 1041 4820 1193 4873; x_wconf 89' lang='lat' dir='ltr'><strong>nesci</strong></span> <span class='ocrx_word' id='word_1_661' title='bbox 1206 4837 1235 4873; x_wconf 94' lang='lat' dir='ltr'><strong>u</strong></span> <span class='ocrx_word' id='word_1_662' title='bbox 1249 4825 1307 4873; x_wconf 90' lang='lat' dir='ltr'><strong>nt</strong></span> <span class='ocrx_word' id='word_1_663' title='bbox 1338 4819 1722 4877; x_wconf 86' lang='lat' dir='ltr'><strong>invocationis</strong></span> <span class='ocrx_word' id='word_1_664' title='bbox 1736 4838 2007 4892; x_wconf 85' lang='lat' dir='ltr'><strong>carmen;</strong></span> 
     </span>
    </p>
   </div>
   <div class='ocr_carea' id='block_1_101' title="bbox 360 4907 2004 4981">
    <p class='ocr_par' dir='ltr' id='par_1_101' title="bbox 360 4907 2004 4981">
     <span class='ocr_line' id='line_1_102' title="bbox 360 4907 2004 4981; baseline 0.003 -20"><span class='ocrx_word' id='word_1_665' title='bbox 360 4907 586 4962; x_wconf 88' lang='lat' dir='ltr'><strong>utinam</strong></span> <span class='ocrx_word' id='word_1_666' title='bbox 637 4924 941 4978; x_wconf 84' lang='lat' dir='ltr'><strong>nunquam</strong></span> <span class='ocrx_word' id='word_1_667' title='bbox 996 4908 1277 4963; x_wconf 82' lang='lat' dir='ltr'><strong>scierint!</strong></span> <span class='ocrx_word' id='word_1_668' title='bbox 1342 4908 1508 4980; x_wconf 91' lang='lat' dir='ltr'><strong>Ignes</strong></span> <span class='ocrx_word' id='word_1_669' title='bbox 1559 4926 1691 4964; x_wconf 79' lang='lat' dir='ltr'><strong>vero</strong></span> <span class='ocrx_word' id='word_1_670' title='bbox 1751 4912 2004 4981; x_wconf 85' lang='lat' dir='ltr'><strong>quodam</strong></span> 
     </span>
    </p>
   </div>
   <div class='ocr_carea' id='block_1_102' title="bbox 355 4995 2006 5055">
    <p class='ocr_par' dir='ltr' id='par_1_102' title="bbox 355 4995 2006 5055">
     <span class='ocr_line' id='line_1_103' title="bbox 355 4995 2006 5055; baseline 0.004 -6"><span class='ocrx_word' id='word_1_671' title='bbox 355 4996 574 5051; x_wconf 88' lang='lat' dir='ltr'><strong>circulo</strong></span> <span class='ocrx_word' id='word_1_672' title='bbox 632 4995 1033 5051; x_wconf 77' lang='lat' dir='ltr'><strong>describentes</strong></span> <span class='ocrx_word' id='word_1_673' title='bbox 1092 5012 1159 5050; x_wconf 85' lang='lat' dir='ltr'><strong>ex</strong></span> <span class='ocrx_word' id='word_1_674' title='bbox 1216 4995 1455 5052; x_wconf 87' lang='lat' dir='ltr'><strong>ﬂamma</strong></span> <span class='ocrx_word' id='word_1_675' title='bbox 1506 4998 1807 5054; x_wconf 84' lang='lat' dir='ltr'><strong>exsiliunt.</strong></span> <span class='ocrx_word' id='word_1_676' title='bbox 1870 5004 2006 5055; x_wconf 82' lang='lat' dir='ltr'><strong>Erat</strong></span> 
     </span>
    </p>
   </div>
   <div class='ocr_carea' id='block_1_103' title="bbox 355 5083 2004 5156">
    <p class='ocr_par' dir='ltr' id='par_1_103' title="bbox 355 5083 2004 5156">
     <span class='ocr_line' id='line_1_104' title="bbox 355 5083 2004 5156; baseline 0.002 -16"><span class='ocrx_word' id='word_1_677' title='bbox 355 5083 499 5140; x_wconf 88' lang='lat' dir='ltr'><strong>illud</strong></span> <span class='ocrx_word' id='word_1_678' title='bbox 564 5084 819 5156; x_wconf 60' lang='lat' dir='ltr'><strong>antiqua</strong></span> <span class='ocrx_word' id='word_1_679' title='bbox 881 5083 1327 5154; x_wconf 85' lang='lat' dir='ltr'><strong>bacchationis,</strong></span> <span class='ocrx_word' id='word_1_680' title='bbox 1387 5102 1458 5140; x_wconf 89' lang='lat' dir='ltr'><strong>ne</strong></span> <span class='ocrx_word' id='word_1_681' title='bbox 1515 5086 1705 5142; x_wconf 88' lang='lat' dir='ltr'><strong>dicam</strong></span> <span class='ocrx_word' id='word_1_682' title='bbox 1785 5089 2004 5144; x_wconf 85' lang='lat' dir='ltr'><strong>furoris</strong></span> 
     </span>
    </p>
   </div>
   <div class='ocr_carea' id='block_1_104' title="bbox 358 5172 2002 5244">
    <p class='ocr_par' dir='ltr' id='par_1_104' title="bbox 358 5172 2002 5244">
     <span class='ocr_line' id='line_1_105' title="bbox 358 5172 2002 5244; baseline 0.003 -17"><span class='ocrx_word' id='word_1_683' title='bbox 358 5190 516 5244; x_wconf 85' lang='lat' dir='ltr'><strong>pars.</strong></span> <span class='ocrx_word' id='word_1_684' title='bbox 551 5173 831 5229; x_wconf 90' lang='lat' dir='ltr'><strong>Dicebant</strong></span> <span class='ocrx_word' id='word_1_685' title='bbox 888 5172 1045 5228; x_wconf 91' lang='lat' dir='ltr'><strong>enim</strong></span> <span class='ocrx_word' id='word_1_686' title='bbox 1106 5173 1285 5228; x_wconf 69' lang='lat' dir='ltr'><strong>Grmci</strong></span> <span class='ocrx_word' id='word_1_687' title='bbox 1340 5179 1477 5227; x_wconf 89' lang='lat' dir='ltr'><strong>tunc</strong></span> <span class='ocrx_word' id='word_1_688' title='bbox 1530 5177 1836 5232; x_wconf 82' lang='lat' dir='ltr'><strong>manifeste</strong></span> <span class='ocrx_word' id='word_1_689' title='bbox 1870 5194 2002 5232; x_wconf 92' lang='lat' dir='ltr'><strong>cum</strong></span> 
     </span>
    </p>
   </div>
   <div class='ocr_carea' id='block_1_105' title="bbox 356 5262 1999 5335">
    <p class='ocr_par' dir='ltr' id='par_1_105' title="bbox 356 5262 1999 5335">
     <span class='ocr_line' id='line_1_106' title="bbox 356 5262 1999 5335; baseline 0.003 -19"><span class='ocrx_word' id='word_1_690' title='bbox 356 5262 766 5318; x_wconf 84' lang='lat' dir='ltr'><strong>invocantibus</strong></span> <span class='ocrx_word' id='word_1_691' title='bbox 824 5262 1245 5317; x_wconf 83' lang='lat' dir='ltr'><strong>descendentes</strong></span> <span class='ocrx_word' id='word_1_692' title='bbox 1297 5264 1591 5334; x_wconf 88' lang='lat' dir='ltr'><strong>potentias</strong></span> <span class='ocrx_word' id='word_1_693' title='bbox 1650 5267 1999 5335; x_wconf 87' lang='lat' dir='ltr'><strong>conversari,</strong></span> 
     </span>
    </p>
   </div>
   <div class='ocr_carea' id='block_1_106' title="bbox 351 5350 1998 5424">
    <p class='ocr_par' dir='ltr' id='par_1_106' title="bbox 351 5350 1998 5424">
     <span class='ocr_line' id='line_1_107' title="bbox 351 5350 1998 5424; baseline 0.003 -18"><span class='ocrx_word' id='word_1_694' title='bbox 351 5368 483 5406; x_wconf 89' lang='lat' dir='ltr'><strong>eum</strong></span> <span class='ocrx_word' id='word_1_695' title='bbox 520 5368 695 5424; x_wconf 86' lang='lat' dir='ltr'><strong>supra</strong></span> <span class='ocrx_word' id='word_1_696' title='bbox 729 5357 906 5423; x_wconf 85' lang='lat' dir='ltr'><strong>caput</strong></span> <span class='ocrx_word' id='word_1_697' title='bbox 955 5368 1053 5406; x_wconf 91' lang='lat' dir='ltr'><strong>aer</strong></span> <span class='ocrx_word' id='word_1_698' title='bbox 1111 5350 1430 5406; x_wconf 85' lang='lat' dir='ltr'><strong>nebulosus</strong></span> <span class='ocrx_word' id='word_1_699' title='bbox 1465 5358 1619 5408; x_wconf 85' lang='lat' dir='ltr'><strong>esset</strong></span> <span class='ocrx_word' id='word_1_700' title='bbox 1649 5359 1705 5409; x_wconf 93' lang='lat' dir='ltr'><strong>et</strong></span> <span class='ocrx_word' id='word_1_701' title='bbox 1736 5372 1998 5411; x_wconf 86' lang='lat' dir='ltr'><strong>crassam</strong></span> 
     </span>
    </p>
   </div>
   <div class='ocr_carea' id='block_1_107' title="bbox 352 5438 2002 5501">
    <p class='ocr_par' dir='ltr' id='par_1_107' title="bbox 352 5438 2002 5501">
     <span class='ocr_line' id='line_1_108' title="bbox 352 5438 2002 5501; baseline 0.004 -7"><span class='ocrx_word' id='word_1_702' title='bbox 352 5439 595 5496; x_wconf 89' lang='lat' dir='ltr'><strong>haberet</strong></span> <span class='ocrx_word' id='word_1_703' title='bbox 651 5440 1065 5495; x_wconf 84' lang='lat' dir='ltr'><strong>substantiam.</strong></span> <span class='ocrx_word' id='word_1_704' title='bbox 1124 5438 1390 5495; x_wconf 87' lang='lat' dir='ltr'><strong>Circulus</strong></span> <span class='ocrx_word' id='word_1_705' title='bbox 1451 5458 1582 5497; x_wconf 89' lang='lat' dir='ltr'><strong>vero</strong></span> <span class='ocrx_word' id='word_1_706' title='bbox 1652 5443 1768 5498; x_wconf 81' lang='lat' dir='ltr'><strong>vim</strong></span> <span class='ocrx_word' id='word_1_707' title='bbox 1826 5444 2002 5501; x_wconf 88' lang='lat' dir='ltr'><strong>habet</strong></span> 
     </span>
    </p>
   </div>
   <div class='ocr_carea' id='block_1_108' title="bbox 351 5529 1997 5604">
    <p class='ocr_par' dir='ltr' id='par_1_108' title="bbox 351 5529 1997 5604">
     <span class='ocr_line' id='line_1_109' title="bbox 351 5529 1997 5604; baseline 0.003 -20"><span class='ocrx_word' id='word_1_708' title='bbox 351 5529 665 5585; x_wconf 89' lang='lat' dir='ltr'><strong>retinendi.</strong></span> <span class='ocrx_word' id='word_1_709' title='bbox 726 5531 1055 5603; x_wconf 69' lang='lat' dir='ltr'><strong>invocatus</strong></span> <span class='ocrx_word' id='word_1_710' title='bbox 1115 5534 1315 5585; x_wconf 89' lang='lat' dir='ltr'><strong>autem</strong></span> <span class='ocrx_word' id='word_1_711' title='bbox 1376 5529 1651 5602; x_wconf 84' lang='lat' dir='ltr'><strong>daemon,</strong></span> <span class='ocrx_word' id='word_1_712' title='bbox 1714 5538 1997 5604; x_wconf 86' lang='lat' dir='ltr'><strong>tanquam</strong></span> 
     </span>
    </p>
   </div>
   <div class='ocr_carea' id='block_1_109' title="bbox 346 5618 1996 5694">
    <p class='ocr_par' dir='ltr' id='par_1_109' title="bbox 346 5618 1996 5694">
     <span class='ocr_line' id='line_1_110' title="bbox 346 5618 1996 5694; baseline 0.002 -17"><span class='ocrx_word' id='word_1_713' title='bbox 346 5618 831 5692; x_wconf 88' lang='lat' dir='ltr'><strong>circumscriptus</strong></span> <span class='ocrx_word' id='word_1_714' title='bbox 888 5619 1119 5677; x_wconf 89' lang='lat' dir='ltr'><strong>videtur</strong></span> <span class='ocrx_word' id='word_1_715' title='bbox 1170 5623 1229 5675; x_wconf 90' lang='lat' dir='ltr'><strong>et</strong></span> <span class='ocrx_word' id='word_1_716' title='bbox 1287 5619 1650 5691; x_wconf 88' lang='lat' dir='ltr'><strong>continetur,</strong></span> <span class='ocrx_word' id='word_1_717' title='bbox 1709 5628 1996 5694; x_wconf 87' lang='lat' dir='ltr'><strong>quantum</strong></span> 
     </span>
    </p>
   </div>
   <div class='ocr_carea' id='block_1_110' title="bbox 2121 4634 3786 4718">
    <p class='ocr_par' dir='ltr' id='par_1_110' title="bbox 2121 4634 3786 4718">
     <span class='ocr_line' id='line_1_111' title="bbox 2121 4634 3786 4718; baseline -0.013 -21"><span class='ocrx_word' id='word_1_718' title='bbox 2121 4642 2250 4718; x_wconf 73' lang='grc' dir='ltr'>ἀὴρ,</span> <span class='ocrx_word' id='word_1_719' title='bbox 2281 4643 2575 4711; x_wconf 76' lang='grc' dir='ltr'>τηνικαῦτα</span> <span class='ocrx_word' id='word_1_720' title='bbox 2606 4635 2990 4712; x_wconf 77' lang='grc' dir='ltr'>προεξάλματά</span> <span class='ocrx_word' id='word_1_721' title='bbox 3018 4656 3135 4690; x_wconf 89' lang='grc' dir='ltr'>τινα</span> <span class='ocrx_word' id='word_1_722' title='bbox 3181 4635 3293 4706; x_wconf 75' lang='grc' dir='ltr'>καὶ,</span> <span class='ocrx_word' id='word_1_723' title='bbox 3355 4634 3529 4699; x_wconf 65' lang='grc' dir='ltr'>οὓτως</span> <span class='ocrx_word' id='word_1_724' title='bbox 3584 4637 3786 4701; x_wconf 59' lang='grc' dir='ltr'><strong>εἰπεῖνφ</strong></span> 
     </span>
    </p>
   </div>
   <div class='ocr_carea' id='block_1_111' title="bbox 2119 4724 3779 4807">
    <p class='ocr_par' dir='ltr' id='par_1_111' title="bbox 2119 4724 3779 4807">
     <span class='ocr_line' id='line_1_112' title="bbox 2119 4724 3779 4807; baseline -0.004 -21"><span class='ocrx_word' id='word_1_725' title='bbox 2119 4726 2611 4807; x_wconf 77' lang='grc' dir='ltr'>προκυλινδήματα</span> <span class='ocrx_word' id='word_1_726' title='bbox 2665 4733 2765 4796; x_wconf 81' lang='grc' dir='ltr'><strong>τῆς</strong></span> <span class='ocrx_word' id='word_1_727' title='bbox 2823 4730 2971 4803; x_wconf 79' lang='grc' dir='ltr'>σφῶν</span> <span class='ocrx_word' id='word_1_728' title='bbox 3015 4724 3202 4786; x_wconf 81' lang='grc' dir='ltr'>κακίας</span> <span class='ocrx_word' id='word_1_729' title='bbox 3250 4724 3577 4803; x_wconf 72' lang='grc' dir='ltr'>ὶμφαίνουσι</span> <span class='ocrx_word' id='word_1_730' title='bbox 3616 4773 3633 4797; x_wconf 87' lang='grc'><strong>,</strong></span> <span class='ocrx_word' id='word_1_731' title='bbox 3692 4728 3779 4780; x_wconf 74' lang='grc' dir='ltr'><strong>καὶ</strong></span> 
     </span>
    </p>
   </div>
   <div class='ocr_carea' id='block_1_112' title="bbox 2118 4812 3782 4891">
    <p class='ocr_par' dir='ltr' id='par_1_112' title="bbox 2118 4812 3782 4891">
     <span class='ocr_line' id='line_1_113' title="bbox 2118 4812 3782 4891; baseline -0.005 -16"><span class='ocrx_word' id='word_1_732' title='bbox 2118 4818 2449 4891; x_wconf 71' lang='grc' dir='ltr'>καλούμενοι</span> <span class='ocrx_word' id='word_1_733' title='bbox 2506 4821 2623 4877; x_wconf 91' lang='grc' dir='ltr'>τοῖς</span> <span class='ocrx_word' id='word_1_734' title='bbox 2686 4814 2982 4890; x_wconf 78' lang='grc' dir='ltr'>κλήτορσιν</span> <span class='ocrx_word' id='word_1_735' title='bbox 3044 4813 3436 4870; x_wconf 82' lang='grc' dir='ltr'>ὑπακούουσιν.</span> <span class='ocrx_word' id='word_1_736' title='bbox 3498 4812 3671 4869; x_wconf 81' lang='grc' dir='ltr'>’Λλλ⁹</span> <span class='ocrx_word' id='word_1_737' title='bbox 3732 4812 3782 4868; x_wconf 76' lang='grc' dir='ltr'><strong>οῖ</strong></span> 
     </span>
    </p>
   </div>
   <div class='ocr_carea' id='block_1_113' title="bbox 2117 4901 3781 4983">
    <p class='ocr_par' dir='ltr' id='par_1_113' title="bbox 2117 4901 3781 4983">
     <span class='ocr_line' id='line_1_114' title="bbox 2117 4901 3781 4983; baseline -0.004 -20"><span class='ocrx_word' id='word_1_738' title='bbox 2117 4930 2179 4983; x_wconf 90' lang='grc' dir='ltr'><strong>γε</strong></span> <span class='ocrx_word' id='word_1_739' title='bbox 2238 4912 2328 4962; x_wconf 77' lang='grc' dir='ltr'><strong>νῦν</strong></span> <span class='ocrx_word' id='word_1_740' title='bbox 2404 4912 2504 4975; x_wconf 85' lang='grc' dir='ltr'><strong>τῆς</strong></span> <span class='ocrx_word' id='word_1_741' title='bbox 2572 4902 2798 4972; x_wconf 77' lang='grc' dir='ltr'>τελετῆς</span> <span class='ocrx_word' id='word_1_742' title='bbox 2876 4901 3308 4978; x_wconf 76' lang='grc' dir='ltr'>προεξάρχοντες</span> <span class='ocrx_word' id='word_1_743' title='bbox 3374 4903 3473 4969; x_wconf 76' lang='grc' dir='ltr'>τήν</span> <span class='ocrx_word' id='word_1_744' title='bbox 3524 4903 3623 4974; x_wconf 78' lang='grc' dir='ltr'>μὶν</span> <span class='ocrx_word' id='word_1_745' title='bbox 3680 4910 3781 4973; x_wconf 72' lang='grc' dir='ltr'><strong>τῆς</strong></span> 
     </span>
    </p>
   </div>
   <div class='ocr_carea' id='block_1_114' title="bbox 2114 4987 3777 5067">
    <p class='ocr_par' dir='ltr' id='par_1_114' title="bbox 2114 4987 3777 5067">
     <span class='ocr_line' id='line_1_115' title="bbox 2114 4987 3777 5067; baseline -0.004 -15"><span class='ocrx_word' id='word_1_746' title='bbox 2114 4996 2365 5067; x_wconf 76' lang='grc' dir='ltr'>κλήσεως</span> <span class='ocrx_word' id='word_1_747' title='bbox 2440 4993 2539 5049; x_wconf 81' lang='grc' dir='ltr'><strong>οὐκ</strong></span> <span class='ocrx_word' id='word_1_748' title='bbox 2623 4989 2794 5046; x_wconf 73' lang='grc' dir='ltr'>ἴσασιν</span> <span class='ocrx_word' id='word_1_749' title='bbox 2872 4988 3113 5063; x_wconf 72' lang='grc' dir='ltr'>ἐπῳδήν,</span> <span class='ocrx_word' id='word_1_750' title='bbox 3175 4987 3317 5061; x_wconf 75' lang='grc' dir='ltr'>μηδὲ</span> <span class='ocrx_word' id='word_1_751' title='bbox 3366 4987 3566 5045; x_wconf 75' lang='grc' dir='ltr'>εἰδοῖέν</span> <span class='ocrx_word' id='word_1_752' title='bbox 3619 5011 3777 5046; x_wconf 56' lang='grc' dir='ltr'>ποτε</span> 
     </span>
    </p>
   </div>
   <div class='ocr_carea' id='block_1_115' title="bbox 2114 5078 3781 5161">
    <p class='ocr_par' dir='ltr' id='par_1_115' title="bbox 2114 5078 3781 5161">
     <span class='ocr_line' id='line_1_116' title="bbox 2114 5078 3781 5161; baseline -0.005 -20"><span class='ocrx_word' id='word_1_753' title='bbox 2114 5085 2258 5161; x_wconf 84' lang='grc' dir='ltr'>πυρᾶ</span> <span class='ocrx_word' id='word_1_754' title='bbox 2290 5082 2346 5139; x_wconf 77' lang='grc' dir='ltr'>δὲ</span> <span class='ocrx_word' id='word_1_755' title='bbox 2394 5080 2579 5138; x_wconf 76' lang='grc' dir='ltr'>πολλὰ</span> <span class='ocrx_word' id='word_1_756' title='bbox 2626 5078 2816 5154; x_wconf 83' lang='grc' dir='ltr'>κύκλῳ</span> <span class='ocrx_word' id='word_1_757' title='bbox 2862 5080 2968 5135; x_wconf 77' lang='grc' dir='ltr'>τινὶ</span> <span class='ocrx_word' id='word_1_758' title='bbox 3019 5081 3446 5157; x_wconf 60' lang='grc' dir='ltr'>περιγράψαντες</span> <span class='ocrx_word' id='word_1_759' title='bbox 3493 5079 3781 5149; x_wconf 68' lang='grc' dir='ltr'>έξάλονται</span> 
     </span>
    </p>
   </div>
   <div class='ocr_carea' id='block_1_116' title="bbox 2111 5166 3784 5253">
    <p class='ocr_par' dir='ltr' id='par_1_116' title="bbox 2111 5166 3784 5253">
     <span class='ocr_line' id='line_1_117' title="bbox 2111 5166 3784 5253; baseline -0.01 -22"><span class='ocrx_word' id='word_1_760' title='bbox 2111 5184 2210 5246; x_wconf 77' lang='grc' dir='ltr'>τῆς</span> <span class='ocrx_word' id='word_1_761' title='bbox 2241 5172 2473 5253; x_wconf 62' lang='grc' dir='ltr'>φλογός.</span> <span class='ocrx_word' id='word_1_762' title='bbox 2511 5172 2613 5228; x_wconf 84' lang='grc' dir='ltr'>Ἢν</span> <span class='ocrx_word' id='word_1_763' title='bbox 2660 5166 2717 5225; x_wconf 75' lang='grc' dir='ltr'>δὲ</span> <span class='ocrx_word' id='word_1_764' title='bbox 2742 5170 3018 5224; x_wconf 74' lang='grc' dir='ltr'>καὶτοῦτο</span> <span class='ocrx_word' id='word_1_765' title='bbox 3048 5172 3149 5233; x_wconf 82' lang='grc' dir='ltr'>τῆς</span> <span class='ocrx_word' id='word_1_766' title='bbox 3180 5167 3416 5229; x_wconf 76' lang='grc' dir='ltr'>παλαιᾶς</span> <span class='ocrx_word' id='word_1_767' title='bbox 3449 5170 3784 5245; x_wconf 50' lang='lat' dir='ltr'><strong>ﬁgam/5!“,</strong></span> 
     </span>
    </p>
   </div>
   <div class='ocr_carea' id='block_1_117' title="bbox 2106 5256 3782 5338">
    <p class='ocr_par' dir='ltr' id='par_1_117' title="bbox 2106 5256 3782 5338">
     <span class='ocr_line' id='line_1_118' title="bbox 2106 5256 3782 5338; baseline -0.005 -18"><span class='ocrx_word' id='word_1_768' title='bbox 2106 5264 2198 5320; x_wconf 76' lang='grc' dir='ltr'>’ἱνα</span> <span class='ocrx_word' id='word_1_769' title='bbox 2253 5265 2327 5338; x_wconf 76' lang='grc' dir='ltr'>μὴ</span> <span class='ocrx_word' id='word_1_770' title='bbox 2381 5260 2525 5337; x_wconf 85' lang='grc' dir='ltr'>λέγω</span> <span class='ocrx_word' id='word_1_771' title='bbox 2578 5258 2771 5333; x_wconf 84' lang='grc' dir='ltr'>μανίας</span> <span class='ocrx_word' id='word_1_772' title='bbox 2827 5257 3002 5333; x_wconf 80' lang='grc' dir='ltr'>μερίς.</span> <span class='ocrx_word' id='word_1_773' title='bbox 3046 5259 3288 5322; x_wconf 82' lang='grc' dir='ltr'>Ἔφασαν</span> <span class='ocrx_word' id='word_1_774' title='bbox 3319 5258 3423 5333; x_wconf 69' lang='grc' dir='ltr'><strong>γὰρ</strong></span> <span class='ocrx_word' id='word_1_775' title='bbox 3473 5256 3782 5328; x_wconf 76' lang='grc' dir='ltr'>Ἓλληνες,</span> 
     </span>
    </p>
   </div>
   <div class='ocr_carea' id='block_1_118' title="bbox 2112 5346 3780 5429">
    <p class='ocr_par' dir='ltr' id='par_1_118' title="bbox 2112 5346 3780 5429">
     <span class='ocr_line' id='line_1_119' title="bbox 2112 5346 3780 5429; baseline -0.004 -20"><span class='ocrx_word' id='word_1_776' title='bbox 2112 5348 2472 5429; x_wconf 81' lang='grc' dir='ltr'>ὁμιχλώδους</span> <span class='ocrx_word' id='word_1_777' title='bbox 2530 5353 2627 5404; x_wconf 72' lang='grc' dir='ltr'><strong>τοῦ</strong></span> <span class='ocrx_word' id='word_1_778' title='bbox 2689 5349 2821 5423; x_wconf 75' lang='grc' dir='ltr'>ὑπὲρ</span> <span class='ocrx_word' id='word_1_779' title='bbox 2876 5346 3119 5425; x_wconf 74' lang='grc' dir='ltr'>κεφαλὴν</span> <span class='ocrx_word' id='word_1_780' title='bbox 3170 5346 3330 5423; x_wconf 80' lang='grc' dir='ltr'>ἀέρος</span> <span class='ocrx_word' id='word_1_781' title='bbox 3397 5350 3780 5423; x_wconf 80' lang='grc' dir='ltr'>τυγχάνοντος</span> 
     </span>
    </p>
   </div>
   <div class='ocr_carea' id='block_1_119' title="bbox 2110 5431 3781 5516">
    <p class='ocr_par' dir='ltr' id='par_1_119' title="bbox 2110 5431 3781 5516">
     <span class='ocr_line' id='line_1_120' title="bbox 2110 5431 3781 5516; baseline -0.005 -17"><span class='ocrx_word' id='word_1_782' title='bbox 2110 5443 2197 5499; x_wconf 69' lang='grc' dir='ltr'>καὶ</span> <span class='ocrx_word' id='word_1_783' title='bbox 2247 5446 2480 5516; x_wconf 85' lang='grc' dir='ltr'>παχεῖαν</span> <span class='ocrx_word' id='word_1_784' title='bbox 2539 5440 2637 5507; x_wconf 75' lang='grc' dir='ltr'><strong>τήν</strong></span> <span class='ocrx_word' id='word_1_785' title='bbox 2692 5437 2940 5492; x_wconf 83' lang='grc' dir='ltr'>σύστασιν</span> <span class='ocrx_word' id='word_1_786' title='bbox 2990 5431 3220 5512; x_wconf 78' lang='grc' dir='ltr'>ἔχοντος</span> <span class='ocrx_word' id='word_1_787' title='bbox 3254 5480 3268 5505; x_wconf 92' lang='grc'><strong>,</strong></span> <span class='ocrx_word' id='word_1_788' title='bbox 3328 5437 3423 5498; x_wconf 70' lang='grc' dir='ltr'><strong>τας</strong></span> <span class='ocrx_word' id='word_1_789' title='bbox 3473 5437 3781 5499; x_wconf 77' lang='grc' dir='ltr'>κατιούσας</span> 
     </span>
    </p>
   </div>
   <div class='ocr_carea' id='block_1_120' title="bbox 2110 5523 3776 5605">
    <p class='ocr_par' dir='ltr' id='par_1_120' title="bbox 2110 5523 3776 5605">
     <span class='ocr_line' id='line_1_121' title="bbox 2110 5523 3776 5605; baseline -0.004 -17"><span class='ocrx_word' id='word_1_790' title='bbox 2110 5532 2367 5605; x_wconf 80' lang='grc' dir='ltr'>δυνάμεις</span> <span class='ocrx_word' id='word_1_791' title='bbox 2448 5526 2759 5604; x_wconf 67' lang='grc' dir='ltr'>εἰλικρινῶς</span> <span class='ocrx_word' id='word_1_792' title='bbox 2822 5531 2938 5588; x_wconf 88' lang='grc' dir='ltr'>τοῖς</span> <span class='ocrx_word' id='word_1_793' title='bbox 2997 5524 3256 5580; x_wconf 76' lang='grc' dir='ltr'>καλοῦσιν</span> <span class='ocrx_word' id='word_1_794' title='bbox 3313 5523 3554 5598; x_wconf 81' lang='grc' dir='ltr'>ὁμιλεῖν·</span> <span class='ocrx_word' id='word_1_795' title='bbox 3619 5529 3647 5581; x_wconf 86' lang='grc' dir='ltr'><strong>ὁ</strong></span> <span class='ocrx_word' id='word_1_796' title='bbox 3712 5524 3776 5581; x_wconf 70' lang='grc' dir='ltr'><strong>δέ</strong></span> 
     </span>
    </p>
   </div>
   <div class='ocr_carea' id='block_1_121' title="bbox 2107 5611 3781 5700">
    <p class='ocr_par' dir='ltr' id='par_1_121' title="bbox 2107 5611 3781 5700">
     <span class='ocr_line' id='line_1_122' title="bbox 2107 5611 3781 5700; baseline -0.01 -23"><span class='ocrx_word' id='word_1_797' title='bbox 2107 5644 2169 5700; x_wconf 87' lang='grc' dir='ltr'><strong>γε</strong></span> <span class='ocrx_word' id='word_1_798' title='bbox 2225 5617 2428 5681; x_wconf 81' lang='grc' dir='ltr'>κύκλος</span> <span class='ocrx_word' id='word_1_799' title='bbox 2487 5623 2734 5692; x_wconf 75' lang='grc' dir='ltr'>κατοχῆς</span> <span class='ocrx_word' id='word_1_800' title='bbox 2775 5613 2891 5693; x_wconf 64' lang='grc' dir='ltr'>ἔχει</span> <span class='ocrx_word' id='word_1_801' title='bbox 2949 5611 3200 5689; x_wconf 85' lang='grc' dir='ltr'>δύναμιν.</span> <span class='ocrx_word' id='word_1_802' title='bbox 3258 5615 3321 5672; x_wconf 88' lang='grc' dir='ltr'>Ὁ</span> <span class='ocrx_word' id='word_1_803' title='bbox 3358 5615 3463 5691; x_wconf 70' lang='grc' dir='ltr'><strong>γὰρ</strong></span> <span class='ocrx_word' id='word_1_804' title='bbox 3523 5635 3781 5689; x_wconf 73' lang='grc' dir='ltr'>προσχε-</span> 
     </span>
    </p>
   </div>
  </div>
