3966 6216
199 411 277 474 881
1504 412 1605 471 DE
1650 409 2163 473 DIEMONIBUS.

3427 412 3545 473 882

195 541 405 612 κλημὲνος
459 536 691 612 δαίμων,
736 538 901 594 οἱονεί
958 559 1078 602 πως
1132 541 1627 617 περιγραφόμενος,
1687 561 1785 595 πε·

1956 540 2022 596 ilt
2052 542 2378 597 invocantis
2426 559 2614 599 mens.
2653 543 2767 598 Hoc
2799 558 3034 615 quoque
3084 541 3224 597 solis
3274 541 3551 610 solstitio,

195 626 431 703 ριγραπτός
486 648 543 681 τε
595 624 744 681 δοκεῖ
786 627 875 681 καὶ
934 628 1221 703 κατέχεται
1272 628 1324 690 ἐς
1359 628 1483 683 ὅσον
1516 630 1551 697 ἡ
1584 629 1783 703 γνώμη

193 722 265 773 τοῦ
301 716 552 791 κλήτορος
642 714 919 790 βούλεται.
981 719 1099 785 Τῆς
1159 714 1216 771 δὲ
1260 716 1520 786 τοιαύτης
1576 720 1787 789 τροπῆς

194 810 263 861 τοῦ
286 804 445 875 ἡλίου,
483 802 695 876 μᾶλλον
730 802 787 859 δὶ
816 812 918 875 τῆς
974 803 1025 859 ἰν
1076 805 1303 880 τοιαύτῃ
1354 810 1461 860 τῶν
1514 802 1784 878 δαιμόνων

191 895 423 955 κακώσεως
484 894 876 965 ὑποσημαίνειν
930 915 981 949 τι
1036 895 1128 949 καὶ
1186 896 1283 963 τήν
1343 894 1612 958 θάλασσαν
1648 894 1791 948 οἶόν-

189 984 626 1059 ται·ὑφαρπάζειν
678 983 779 1059 γὰρ
843 984 925 1038 ἀεὶ
981 988 1090 1038 τῶν
1142 983 1560 1058 ἐπινηχομὲνων
1618 985 1785 1052 τινὰς,

187 1073 268 1148 οὐχ
313 1074 375 1134 ὡς
423 1076 517 1126 τοῦ
572 1070 769 1136 ὕδατος
817 1072 1114 1147 ἐπάγοντος
1159 1075 1261 1142 τὴν
1292 1073 1518 1151 φθορὰν,
1551 1070 1679 1127 ἀλλ’
1712 1072 1787 1133 ὡς

187 1167 267 1215 τῶν
294 1160 337 1215 ἰν
383 1160 558 1233 τούτῳ
618 1158 890 1235 δαιμόνων
951 1160 1315 1236 ἐνεργούντων
1371 1162 1471 1229 τὴν
1525 1162 1785 1216 κάκωσιν.

188 1253 347 1322 Ὠσπερ
376 1246 427 1303 δὲ
479 1250 841 1324 ἀερομαντεία
895 1250 978 1312 τίς
1039 1249 1150 1305 ἔστι
1207 1251 1298 1305 καὶ
1350 1248 1786 1325 φυλλομαντεία,

188 1337 299 1393 οὕτω
349 1335 408 1406 δὴ
456 1339 545 1392 καὶ
625 1338 1049 1412 λεκανομαντεία
1125 1346 1244 1401 τοῖς
1330 1345 1606 1415 περιττοῖς
1688 1340 1786 1407 τήν

181 1426 333 1504 σοφίαν
360 1427 657 1503 Ἀσσυρίοις
681 1429 1141 1501 κατῳκονόμηται
1206 1428 1308 1483 ὑπὸ
1368 1427 1603 1498 λεκάνης
1655 1429 1788 1482 ὑπο-

183 1516 395 1587 κειμένης
442 1515 532 1570 καὶ
597 1522 856 1589 μαντικοῦ
935 1516 1384 1590 πεπληρωμένης
1458 1515 1670 1584 ὕδατος,
1728 1517 1791 1571 τὸ

182 1606 289 1679 πρὸς
337 1605 392 1658 τά
448 1606 613 1660 κοῖλα
670 1610 778 1660 τῶν
843 1604 1119 1680 δαιμόνων
1152 1605 1440 1683 ἐπιρῥεπὶς
1470 1612 1548 1678 τῷ
1602 1606 1790 1678 οἰκείῳ

187 1695 658 1769 χαρακτηριζοόσης
740 1697 986 1770 σχήματι
1025 1740 1037 1752 .
1102 1696 1179 1752 Τό
1266 1693 1322 1750 δέ
1392 1716 1453 1771 γε
1533 1694 1789 1770 ἐπιχυθὶν

187 1782 296 1856 αὐτῇ
350 1780 485 1856 ὕδωρ
546 1781 839 1861 ἀδιάφορον
901 1785 995 1857 μὲν
1055 1783 1167 1839 ἐστι
1225 1786 1361 1839 κατᾶ
1434 1784 1533 1852 τῆν
1607 1783 1791 1838 οὐσίαν

1897 635 2107 701 putant
2140 647 2301 685 mare
2329 631 2663 686 daemonum
2712 632 2811 703 qui
2862 633 2920 686 in
2962 648 3029 687 eo
3075 636 3215 686 sunt
3263 630 3550 686 malitiam

1897 719 2087 790 magis
2133 719 2537 787 subindicare;
2572 726 2712 775 tunc
2759 721 2917 775 enim
2971 720 3188 792 abripit
3237 720 3554 775 nonnullos

1900 808 2251 873 natantium,
2285 825 2399 863 non
2448 810 2604 880 quod
2647 826 2801 881 aqua
2851 811 3108 880 praedam
3143 810 3414 873 abducat,
3448 810 3549 864 sed

1898 899 2052 969 quod
2087 899 2379 953 daemones
2406 916 2614 968 aquam
2650 900 2970 955 incolentes
3005 916 3175 954 suam
3208 900 3555 971 impendant

1900 988 2210 1043 malitiam.
2253 988 2757 1051 Quemadmodum
2817 994 2906 1044 est
2957 989 3236 1045 divinatio
3295 1006 3363 1044 ex
3422 1004 3553 1044 aere

1898 1087 1954 1134 et
1986 1076 2162 1145 foliis,
2195 1077 2274 1132 ita
2304 1084 2363 1133 et
2393 1095 2459 1134 ex
2493 1078 2653 1149 'pelvi
2682 1078 2963 1134 divinatio
2996 1079 3311 1134 adhibetur
3339 1078 3410 1133 ab
3442 1081 3553 1133 As-

1899 1166 2072 1238 syriis
2121 1167 2375 1222 maxime
2435 1166 2724 1238 sapientia
2768 1167 3050 1239 egregiis;
3104 1166 3253 1238 pelvi
3303 1171 3555 1222 utuntur

1900 1256 2244 1326 subjacente
2275 1261 2332 1310 et
2364 1255 2704 1328 prophetica
2745 1272 2901 1327 aqua
2946 1255 3116 1326 plena
3142 1272 3269 1327 quae
3316 1256 3555 1327 propria

1900 1345 2090 1401 forma
2140 1346 2473 1400 daemonum
2509 1346 2575 1400 ad
2627 1361 2767 1401 cava
2800 1344 3250 1417 propensionem
3282 1344 3549 1415 insignit.

1900 1434 2033 1498 Quae
2067 1434 2123 1487 in
2157 1450 2284 1488 eam
2322 1434 2652 1488 infunditur
2682 1451 2836 1504 aqua
2872 1432 3015 1489 nihil
3050 1434 3237 1504 quoad
3272 1432 3549 1487 substan-

1900 1523 2044 1577 tiam
2080 1523 2151 1577 ab
2185 1539 2339 1593 aqua
2361 1522 2615 1594 simplici
2642 1522 2865 1590 differt;
2899 1524 3000 1577 sed
3034 1523 3188 1593 quod
3216 1538 3392 1593 super
3421 1537 3550 1577 eam

1902 1610 2155 1664 efﬁcitur
2193 1611 2538 1683 mysterium
2584 1610 3134 1682 incantationesque
3164 1610 3318 1681 quod
3351 1626 3554 1664 neces-

1902 1699 2124 1755 sarium
2158 1704 2247 1753 est
2276 1706 2595 1771 operantur
2624 1704 2688 1754 ut
2718 1700 2988 1754 divinans
3021 1698 3266 1771 spiritus
3298 1698 3554 1753 adduca-

1901 1790 2017 1842 tur.
2053 1786 2203 1842 Illud
2252 1794 2444 1843 autem
2480 1787 2834 1842 daemonium
2868 1793 2956 1842 est
2983 1791 3258 1842 terrestre
3288 1792 3343 1842 et
3375 1785 3558 1859 parti-

184 1873 294 1945 πρὸς
320 1872 379 1925 τὰ
405 1873 644 1948 ὁμογενῆ
681 1870 846 1928 ὕδατα
880 1892 891 1904 ·
928 1871 1056 1927 ἀλλ’
1086 1873 1120 1943 ἧ
1157 1895 1216 1949 γε
1262 1874 1344 1928 ἐπ’
1394 1874 1540 1945 αὐτῷ
1595 1872 1787 1942 τελετή

185 1961 251 1984 --.Α
299 1962 352 1984 -1
409 1959 671 1984 I_!_,,__m,
758 1960 816 1984 ’κ
897 1959 947 1984 ’θ
1221 1962 1237 1980 κ
1359 1963 1421 1984 οῖ
1465 1960 1596 1984 $,-_\
1705 1959 1787 1984 ,-~,

1956 1875 2121 1931 ilare.
2183 1877 2253 1931 Et
2310 1883 2623 1950 postquam
2682 1877 2742 1931 in
2801 1894 3016 1948 aquam
3076 1876 3303 1941 incidit,
3366 1876 3557 1948 primo

185 1961 255 2013 καὶ
296 1962 355 2013 τὰ
406 1959 688 2034 ἐπᾴσματα
753 1959 1060 2033 ἐπιτήδειον
1140 1962 1275 2039 πρὸς
1352 1960 1635 2037 ὑποδοχήν
1694 1959 1790 2016 τοῦ

180 2053 388 2123 χρῶιτος
440 2050 757 2126 ἐργάζονται
812 2058 1142 2125 πνευματος.
1187 2054 1365 2109 Τοῦτο
1415 2049 1472 2106 δὶ
1504 2049 1785 2124 δαιμόνιόν

181 2135 269 2192 ἐστι
310 2136 497 2214 γεῶδες
559 2141 650 2195 καὶ
712 2140 932 2216 μερικόν
971 2161 984 2175 ο
1028 2141 1141 2209 καὶ,
1175 2138 1391 2196 ἐπειδὰν
1442 2140 1654 2214 ἐμπέσῃ
1710 2145 1790 2212 τῷ

178 2222 320 2297 ὕδατι,
372 2232 588 2303 πρῶτον
656 2229 752 2301 μὶν
816 2228 959 2304 ἦχόν
1016 2251 1140 2285 τινα
1194 2231 1406 2302 ἄσημον
1466 2235 1582 2292 τοῖς
1642 2249 1791 2303 περι-

183 2315 394 2384 εστηκόσι
467 2317 607 2371 κατὰ
663 2318 763 2385 τήν
833 2316 1117 2394 ὑποδοχὴν
1176 2318 1438 2392 ἐμποιεῖ,
1496 2316 1679 2373 ἔπειτα
1735 2315 1792 2372 δὲ

177 2400 473 2476 ἐπικείμενον
536 2411 618 2478 τῷ
666 2404 817 2461 ὕδατι
872 2405 1147 2480 άμυδροός
1192 2429 1340 2471 τινας
1367 2408 1642 2485 φθόγγους
1691 2413 1793 2476 τῆς

176 2495 253 2544 τοῦ
281 2491 578 2564 μέλλοντος
610 2496 883 2573 ὑποψοφεῖ
910 2498 1299 2571 προγνώσεως.
1332 2500 1482 2554 Ἔστι
1532 2494 1590 2551 δὶ
1619 2500 1790 2566 πάντη

1904 1966 2141 2037 quidem
2177 1967 2493 2037 quamdam
2525 1967 2829 2021 confusam
2852 1983 3050 2021 vocem
3085 1966 3417 2022 astantibus
3450 1981 3557 2019 suo

1899 2055 2150 2108 adventu
2181 2054 2425 2122 emittit;
2461 2055 2671 2110 deinde
2702 2072 2834 2109 vero
2867 2070 3036 2127 aqua:
3065 2054 3333 2109 insidens
3367 2070 3547 2124 quos-

1900 2143 2033 2197 dam
2068 2147 2275 2198 tenues
2325 2160 2498 2199 sonos
2528 2144 2862 2199 futurorum
2914 2143 3311 2215 prmdictionis
3342 2141 3553 2198 leniter

1900 2232 2127 2302 strepit.
2154 2233 2255 2287 Est
2277 2237 2472 2287 autem
2497 2233 2736 2287 omnino
2760 2248 2962 2286 errans
2994 2232 3088 2286 hic
3118 2232 3391 2303 spiritus,
3414 2231 3556 2302 quia

1901 2319 2127 2377 ordinis
2148 2319 2466 2375 materialis
2485 2326 2593 2388 est,
2614 2324 2668 2375 et
2693 2319 2960 2376 consulto
2981 2319 3126 2375 illud
3152 2336 3338 2392 genus
3355 2333 3554 2374 vocem

1902 2414 2138 2465 tenuem
2172 2414 2339 2464 curat
2368 2409 2749 2464 emittendam
2800 2413 2863 2464 ut
2913 2426 3011 2481 per
3039 2408 3197 2464 vocis
3227 2408 3552 2466 obscurita-

1905 2502 2020 2553 tem
2056 2497 2345 2552 mendacii
2379 2499 2596 2552 crimen
2632 2498 2893 2569 effugiat.

175 2579 349 2637 πλάνον
377 2585 438 2637 τὸ
466 2589 719 2639 τοιοῦτον
745 2589 979 2660 πνεῦμα,
1011 2586 1091 2641 ὅτι
1122 2593 1221 2655 τῆς
1275 2584 1473 2656 ὑλικῆς
1514 2586 1625 2641 ἐστι
1673 2586 1897 2656 τάξεως,
1926 2585 2016 2639 καὶ
2066 2582 2374 2655 ἐξεπίτηδες
2423 2586 2484 2639 τὸ
2541 2581 2696 2661 γένος
2752 2590 2914 2640 τοῦτο
2967 2586 3057 2639 τὸν
3110 2582 3354 2658 ἀμυδρὸν
3407 2585 3556 2659 ἦχον

174 2666 574 2741 ὶπιτηδεῦονται,
602 2672 695 2729 ’ίνα
720 2672 808 2729 διὰ
831 2675 929 2744 τῆν
965 2676 1221 2754 ἀσάφειαν
1249 2683 1348 2745 τῆς
1381 2682 1567 2753 φωνῆς
1593 2676 1685 2730 τὸν
1716 2680 1813 2729 τοῦ
1838 2672 2071 2749 ψεύδους
2104 2671 2571 2744 ἀποδιδράσκωσιν
2604 2671 2858 2750 ἔλεγχον.

236 2760 285 2827 ζ’.
316 2761 439 2837 Περὶ
503 2760 563 2817 δὲ
610 2768 708 2818 τοῦ
764 2770 1066 2840 πρακτικοῦ
1122 2772 1224 2835 τῆς
1274 2763 1591 2842 ἀπορρήτου
1658 2767 1803 2839 παρὰ

178 2846 451 2914 Χαλδαίοις
492 2856 771 2923 συνθήκης
816 2853 1008 2923 ἥντινα
1057 2851 1285 2927 δύναμιν
1333 2857 1453 2929 εἶχε
1498 2853 1657 2908 τοῦτό
1716 2874 1801 2907 σοι

171 2933 244 2989 ixi
321 2939 632 3018 κεφαλαίων
713 2940 1112 3015 ἐπι-τεμοῦμεν.
1185 2946 1409 3018 Πρῶτον
1479 2943 1572 3015 μὶν
1646 2942 1803 2997 θυσία

172 3024 360 3088 τοῦτοις
435 3029 733 3105 ἀγνεόουσα
804 3031 1231 3105 παρεσκεύαστο,
1278 3030 1544 3105 ἀρώματά
1597 3052 1656 3085 τε
1711 3030 1799 3085 καὶ

171 3112 388 3186 βοτάναι,
435 3119 528 3171 καὶ
613 3117 788 3188 λίθοι,
844 3120 1043 3193 κρόκος
1106 3140 1167 3175 τε
1242 3121 1331 3174 καὶ
1408 3120 1640 3193 μυρσίνη
1709 3120 1799 3174 καὶ

1982 2768 2036 2821 7.
2069 2765 2250 2828 Quam
2298 2765 2413 2820 vim
2465 2770 2662 2821 autem
2725 2765 2999 2820 habuerit
3059 2769 3351 2821 secretum
3409 2763 3564 2834 apud

1912 2853 2214 2909 Chaldaeos
2263 2858 2523 2924 pactum,
2557 2870 2714 2909 nunc
2746 2854 2849 2909 tibi
2889 2854 3230 2909 summatim
3279 2853 3560 2924 redigam.

1912 2943 2110 2997 Primo
2161 2941 2396 3013 quidem
2450 2943 2703 2997 hostiam
2756 2959 2963 3013 puram
3013 2942 3392 3006 adhibebant,
3432 2958 3564 2997 aro-

1914 3034 2071 3085 mata
2101 3034 2158 3085 et
2188 3028 2422 3100 plantas
2472 3037 2530 3086 et
2575 3030 2822 3102 lapides,
2855 3048 3089 3086 crocum
3151 3034 3208 3085 et
3263 3030 3564 3102 myrrham

1912 3124 1967 3176 et
1998 3120 2252 3185 laurum,
2289 3121 2533 3192 mystice
2579 3120 2905 3191 purificata.
2955 3121 3216 3190 Spatium
3267 3120 3566 3190 quoddam

170 3198 347 3279 δάφνη,
404 3211 685 3277 μυστικῶς
740 3208 1257 3283 περικαθαιρόμενα.
1318 3208 1507 3281 Χῶρός
1562 3229 1619 3262 τε
1672 3206 1794 3262 τού-

1956 3208 2077 3263 irca
2105 3226 2172 3263 ea
2203 3208 2468 3280 plantata
2515 3214 2574 3264 et
2616 3210 2824 3264 obruta
2854 3209 3316 3265 describebatur.
3352 3208 3569 3263 Deinde

168 3302 264 3350 τως
318 3293 722 3368 περιεγράφετο
779 3296 1165 3371 φυτευομὲνοις
1220 3294 1309 3349 καὶ
1363 3293 1802 3370 βοθρευομένοις.

164 3379 366 3455 Ἑφόῖς
407 3383 436 3435 ὁ
486 3384 590 3451 τὴν
651 3385 919 3453 συνθήκην
976 3384 1326 3456 ποιούμενος,
1364 3380 1538 3443 δεινός
1593 3403 1676 3443 τις
1734 3378 1807 3435 ὢν

166 3466 284 3539 ἂνῆρ
335 3469 402 3522 τά
460 3472 722 3545 γοητεκᾶ,
769 3470 861 3526 καὶ
923 3471 1196 3545 ὀνομάσας
1247 3473 1308 3526 τὸ
1368 3476 1596 3547 πρᾶγμα
1637 3469 1716 3548 ἐφ’
1764 3470 1810 3543 ᾧ

163 3557 248 3623 τήν
299 3559 491 3613 θυσίαν
551 3560 871 3631 πεποίηται,
908 3561 1186 3637 ὑστεραίας
1244 3558 1395 3625 αὖθις
1452 3561 1527 3620 εἷς
1582 3560 1673 3615 τὸν
1709 3566 1809 3629 τῆς

166 3642 370 3716 τελετῆς
430 3650 754 3722 παρεγίνετο
802 3650 993 3706 τόπον.
1029 3650 1126 3704 Καὶ
1186 3649 1543 3725 ἀναχωννύων
1601 3650 1697 3704 τάς
1754 3669 1811 3702 τε

165 3738 258 3787 τῶν
290 3742 475 3805 φυτῶν
536 3737 719 3812 βάσεις
771 3739 858 3791 καὶ
920 3738 1015 3799 τὰς
1070 3738 1483 3816 άφαγνισθείσας
1534 3735 1688 3807 ὕλας,
1721 3735 1810 3791 καὶ

166 3824 225 3894 τῇ
278 3822 405 3896 λαιᾷ
456 3830 632 3881 ταῦτα
683 3821 1084 3900 ἀναλαμϐάνων
1171 3829 1342 3903 χειρὶ,
1398 3826 1566 3903 ἀθρόα
1640 3825 1813 3881 πάντα

165 3912 238 3963 καί
285 3911 637 3983 ἱξαπιναίως,
667 3912 926 3987 δυνάμεις
974 3917 1121 3979 τινὰς
1167 3914 1481 3971 ἀνεκαλεῖτο
1528 3917 1809 3992 κρυφίους.

168 4000 223 4053 Αἱ
251 3998 303 4055 δὲ
332 4004 475 4071 ἦσαν
514 4006 543 4060 ὁ
574 4011 675 4074 τῆς
711 4003 1009 4084 ληφθείσης
1040 4006 1221 4067 θυσίας
1251 4004 1603 4080 καθηγεμὼν,
1626 4005 1677 4059 οἱ
1706 4009 1814 4060 τῶν

168 4085 294 4143 ὀλῶν
322 4094 539 4168 κύριοι,
577 4094 607 4148 ὁ
635 4100 735 4163 τῆς
766 4093 976 4169 ἡμέρας
1004 4095 1340 4168 προστάτης,
1372 4094 1400 4148 ὁ
1431 4094 1810 4170 χρονοάρχης,

169 4177 191 4227 ὁ
215 4184 531 4258 τετράρχης
565 4180 796 4256 δαίμων.

222 4266 404 4344 Ἀρκεῖ
445 4276 626 4327 ταῦτα
670 4271 760 4326 καὶ
817 4270 1040 4347 γλώττῃ
1096 4270 1472 4346 κεκαθαρμένη
1523 4271 1612 4327 καὶ
1668 4271 1808 4346 ἀκοῇ

159 4356 412 4433 σώφρονι.

1914 3296 2013 3367 qui
2046 3300 2282 3368 pactum
2316 3298 2584 3361 faciebat,
2619 3300 2842 3369 peritus
2875 3297 3113 3369 quidam
3147 3296 3570 3352 incantamenti

1918 3385 2115 3455 homo,
2152 3391 2466 3457 postquam
2515 3386 2913 3441 nominaverat
2948 3402 3067 3441 rem
3106 3391 3340 3456 propter
3392 3400 3569 3456 quam

1919 3474 2175 3529 hostiam
2228 3475 2528 3539 oll‘erebat,
2562 3475 2843 3546 postridie
2872 3474 2930 3529 in
2965 3473 3229 3547 mysterii
3272 3473 3397 3528 loco
3429 3474 3571 3528 ade-

1920 3568 2030 3617 rat.
2058 3567 2124 3617 Et
2152 3579 2507 3635 exaggerans
2536 3563 2869 3635 plantarum
2900 3564 3071 3619 bases
3093 3567 3149 3619 et
3170 3565 3569 3618 consecratam

1923 3651 2250 3719 materiam,
2284 3652 2639 3722 sinistraque
2674 3669 2853 3707 manu
2895 3669 2994 3707 eas
3026 3652 3342 3723 accipiens,
3366 3666 3571 3706 omnes

1922 3741 2231 3795 confestim
2275 3747 2331 3796 et
2376 3740 2596 3807 subito,
2648 3741 2941 3812 potentias
2967 3741 3257 3811 quaedam
3310 3738 3571 3795 occultas

1923 3830 2250 3885 invocabat.
2314 3828 2428 3884 ιιιεε
2494 3836 2685 3884 autem
2765 3830 3033 3902 potentia:
3098 3834 3265 3884 erant
3317 3828 3567 3883 victimas

1923 3919 2073 3983 duae,
2098 3919 2348 3974 materiae
2376 3919 2620 3986 domini,
2645 3921 2928 3991 temporis
2959 3918 3252 3991 princeps,
3276 3915 3568 3974 tetraroha

1921 4008 2170 4063 daemon.

1996 4276 2128 4332 Haec
2182 4276 2400 4349 lingua:
2456 4279 2756 4335 inundata;
2802 4283 2860 4335 et
2906 4278 3033 4335 auri
3094 4276 3344 4350 sapienti
3404 4276 3572 4332 suffi-

1925 4366 2109 4422 ciunt.
