3966 6216
308 405 429 467 883
1645 404 2070 466 MICHAELIS
2116 405 2385 466 PSELLI
3610 398 3735 458 884

1574 696 2462 863 PSELLUS

1081 1114 1815 1247 LAPIDUM
1944 1113 3006 1273 VIRTUTIBUS.

686 1351 847 1413 CUM
895 1348 1121 1411 NOTlS
1169 1350 1375 1410 PHIL.
1420 1350 1584 1411 JAC.
1633 1348 2020 1411 MAUSSACl
2068 1350 2169 1411 ET
2209 1350 2430 1412 JOAN.
2475 1350 2862 1411 STEPHANI
2907 1346 3334 1409 BEltNARDl.

988 1517 1285 1589 (Lugduni
1318 1518 1689 1589 Batavorum,
1724 1518 1877 1589 apud
1910 1516 2244 1591 Philippum
2279 1519 2456 1574 Bonk.
2491 1516 2847 1587 MDCCXLV,
2879 1516 3054 1589 in-8.)

608 1814 758 1878 Viro
787 1815 1175 1876 nobilissimo
1206 1834 1278 1876 ac
1307 1816 1730 1877 eruditissimo
1761 1816 2037 1876 Arthuro
2068 1817 2369 1875 Freeman
2402 1812 2462 1873 S.
2496 1815 2568 1874 D.
2600 1814 2669 1873 P.
2702 1812 2760 1874 J.
2793 1811 3009 1892 Steph.
3042 1811 3417 1872 Bernardus.

384 1950 457 2004 Ut
487 1955 544 2005 te
573 1949 784 2020 eligere
834 1965 949 2004 non
1004 1950 1414 2017 dubitaverim,
1444 1951 1534 2005 vir
1584 1949 1971 2019 nobilissime,
2006 1950 2177 2020 cujus
2226 1947 2451 2004 nomini
2498 1946 2715 2002 librum
2766 1946 2922 2001 hunc
2972 1945 3377 2012 inscriberem,
3412 1942 3575 2008 facit,
3611 1948 3737 1997 tum

316 2038 634 2111 singularis
665 2045 803 2094 tuus
836 2054 975 2110 erga
1024 2056 1116 2093 me
1164 2056 1349 2103 amor,
1382 2056 1497 2111 quo
1529 2057 1622 2095 me
1667 2056 1900 2110 semper
1929 2055 1991 2094 es
2024 2042 2394 2110 prosecutus,
2425 2042 2483 2093 et
2522 2036 2753 2091 stabilis
2802 2052 2867 2090 ac
2918 2035 3109 2101 ﬁrma,
3142 2052 3271 2107 quas
3321 2035 3477 2089 inter
3504 2049 3619 2088 nos
3652 2033 3737 2086 in-

318 2129 590 2184 tercessit
621 2128 1022 2194 familiaritas;
1057 2133 1183 2183 tum
1230 2128 1405 2183 etiam
1441 2128 1625 2184 mirus
1656 2134 1795 2184 tuus
1840 2145 1905 2183 ac
1955 2144 2123 2183 rarus
2172 2127 2409 2183 omnino
2439 2126 2497 2181 in
2530 2125 2755 2180 litteras
2794 2124 3089 2196 politiores
3137 2124 3414 2196 impetus,
3448 2127 3515 2176 ut
3563 2121 3743 2177 hocce

317 2234 456 2273 meae
492 2219 551 2272 in
583 2223 639 2272 te
669 2218 1051 2273 observantiae
1083 2218 1491 2272 testimonium
1543 2218 1649 2273 tibi
1699 2219 1855 2273 haud
1905 2217 2206 2289 ingratum
2240 2217 2381 2281 fore,
2416 2232 2531 2270 non
2562 2231 2708 2269 vane
2756 2212 3051 2285 colligam.
3087 2213 3460 2269 lnhumanus
3493 2227 3743 2283 prorsus

315 2306 544 2362 viderer
573 2309 621 2362 si
654 2306 832 2362 ullam
869 2323 1130 2377 unquam
1185 2308 1549 2363 occasionem
1586 2308 1916 2379 praeterlabi
1952 2306 2229 2372 sinerem,
2265 2322 2383 2376 qua
2430 2304 2534 2359 tibi
2582 2309 2817 2375 gratum
2851 2302 3118 2357 animum
3151 2300 3446 2357 declarare
3480 2314 3742 2370 possem,

314 2395 611 2467 imprimis
643 2413 772 2451 cum
811 2395 1096 2468 opusculo
1128 2396 1265 2452 huic
1297 2398 1454 2452 tenui
1490 2413 1555 2451 ac
1590 2397 1871 2452 levidensi
1902 2413 2019 2452 non
2068 2411 2275 2468 parum
2327 2393 2663 2466 splendoris
2696 2408 2764 2447 ex
2794 2392 3030 2447 dotibus
3076 2389 3198 2446 tuis
3244 2390 3496 2462 egregiis
3543 2389 3743 2444 conci-

312 2483 510 2540 lietur.
536 2485 718 2541 Hilari
752 2485 993 2551 idcirco,
1018 2503 1236 2557 quaso,
1265 2487 1452 2541 fronte
1484 2485 1739 2541 Psellum
1773 2485 1929 2541 hunc
1960 2485 2179 2556 excipe,
2203 2483 2359 2554 quod
2393 2482 2535 2537 mihi
2561 2482 2815 2553 quodam
2840 2482 3013 2537 modo
3035 2479 3291 2536 dolorem
3323 2479 3503 2534 istum
3538 2477 3745 2547 leniet,

316 2590 490 2645 quem
524 2575 905 2644 persentisco,
942 2574 1039 2629 ubi
1073 2575 1231 2629 brevi
1272 2590 1365 2630 me
1394 2574 1509 2629 ista
1538 2574 1834 2646 voluptate
1866 2574 2156 2645 privatum
2201 2573 2270 2627 iri
2314 2572 2607 2640 recordor,
2641 2586 2821 2643 quam
2851 2586 2919 2625 ex
2948 2568 3311 2624 doctissimis
3339 2567 3457 2623 tuis
3490 2582 3557 2622 ac
3592 2566 3748 2620 mira

316 2662 605 2719 suavitate
635 2663 887 2719 conditis
914 2663 1511 2719 sermocinationibus
1536 2664 1811 2735 percipio.
1838 2664 2225 2735 Summopere
2246 2678 2380 2717 vero
2410 2665 2467 2716 te
2497 2676 2653 2732 rogo,
2680 2665 2746 2714 ut
2774 2658 3046 2714 eumdem
3076 2672 3361 2724 amorem,
3384 2672 3563 2728 quem
3600 2655 3748 2709 mihi

318 2752 594 2825 presenti
627 2755 876 2808 testatus
909 2768 992 2821 es,
1025 2752 1201 2807 etiam
1245 2753 1469 2809 absenti
1503 2770 1730 2809 servare
1760 2752 1938 2823 velis;
1973 2768 2078 2825 ego
2109 2768 2242 2807 vero
2287 2767 2401 2806 non
2447 2750 2656 2823 patiar,
2692 2754 2757 2804 ut
2786 2748 3112 2821 quidquam
3145 2747 3217 2802 de
3244 2746 3511 2802 amicitia
3540 2749 3750 2799 nostra

317 2840 703 2896 imminutum
735 2856 865 2896 esse
896 2840 1182 2895 videatur.
1214 2839 1369 2896 Vale.

386 2928 725 2984 Scribebam
759 2929 1026 3000 Lugduni
1058 2932 1257 2985 Batav.
1292 2928 1481 3000 pridie
1512 2928 1756 2985 Kalend.
1788 2930 1950 2986 Junii
1982 2930 2339 2988 MDCCXLV.

597 3189 747 3249 Viro
777 3189 1120 3250 clarissimo
1155 3189 1433 3251 Gilberto
1464 3189 1794 3251 Gaulmine
1828 3192 2120 3270 quiestori
2160 3191 2488 3252 Molinensi
2531 3190 2688 3250 Phil.
2723 3192 2854 3252 Jac.
2890 3186 3248 3250 Maussacus
3280 3186 3346 3247 S.
3380 3188 3455 3247 D.

388 3323 470 3376 En
520 3320 647 3388 tibi,
682 3321 992 3377 Gaulmine
1040 3322 1128 3376 vir
1178 3322 1685 3393 praestantissime,
1721 3322 1973 3379 Psellum
2022 3329 2218 3390 tuum,
2250 3341 2423 3396 quem
2474 3339 2662 3394 nuper
2712 3321 2939 3377 nomini
2983 3324 3107 3382 tuo,
3141 3320 3280 3375 dum
3332 3335 3451 3374 una
3497 3318 3752 3373 Lutetiae

316 3426 687 3466 versaremur
717 3410 1033 3465 dicandum
1084 3410 1533 3467 destinaveram.
1573 3412 1720 3467 Tum
1779 3411 1944 3467 illum
1980 3413 2108 3468 dico
2140 3431 2254 3468 non
2307 3419 2423 3468 tam
2475 3415 2631 3485 quod
2690 3410 2797 3466 tibi
2845 3427 2913 3466 ex
2962 3408 3382 3482 pollicitatione
3433 3408 3747 3479 debeatur,

318 3515 497 3570 quam
546 3500 685 3571 quia
735 3516 905 3555 nemo
958 3498 1171 3555 melius
1231 3504 1287 3555 te
1346 3501 1694 3573 dignitatem
1725 3502 1853 3572 ejus
1885 3505 1942 3557 et
1971 3501 2372 3558 excellentiam
2434 3502 2616 3568 novit,
2649 3501 2827 3572 quod,
2860 3501 2972 3555 etsi
3029 3498 3271 3553 laudum
3330 3496 3749 3566 virtutumque

316 3593 553 3643 tuarum
590 3594 907 3660 perpetuus
960 3606 1142 3659 praeco
1178 3606 1290 3644 non
1342 3606 1558 3659 essem,
1591 3591 1906 3662 probarent
1955 3597 2151 3647 tamen
2187 3594 2333 3647 satis
2363 3592 2567 3646 breves
2598 3589 2709 3645 illaa
2740 3588 3100 3659 eruditaeque
3131 3592 3303 3651 notae,
3336 3602 3487 3658 quas
3534 3584 3751 3656 paucis

320 3678 527 3731 diebus
558 3682 615 3731 et
646 3693 850 3731 omnes
883 3679 1051 3731 amici
1096 3678 1179 3733 tui
1234 3679 1425 3734 sciunt
1473 3680 1734 3734 effutiisti
1787 3679 1980 3751 potius
2014 3697 2191 3751 quam
2249 3680 2566 3735 meditatus
2601 3696 2663 3735 es
2694 3678 2754 3733 in
2784 3677 3277 3733 obscurissimum
3305 3676 3574 3746 ejusdem
3606 3690 3758 3729 auc-

320 3766 465 3821 toris
495 3766 564 3820 de
596 3766 928 3822 damonum
963 3767 1299 3838 operatione
1349 3766 1631 3823 libellum.
1666 3769 1894 3823 Poterat
1926 3769 2082 3824 hunc
2116 3770 2352 3842 quidem
2403 3768 2664 3824 amicitia
2694 3772 2897 3823 nostra
2927 3783 3042 3821 non
3074 3764 3406 3839 πρόσκαιρος
3448 3765 3590 3833 jure
3634 3762 3763 3816 sibi

317 3852 617 3908 vindicare
668 3870 679 3907 :
734 3854 832 3908 sed
893 3855 1144 3910 eruditio
1194 3860 1297 3909 tua
1345 3872 1459 3911 non
1499 3855 1785 3928 vulgaris,
1817 3861 1874 3910 et
1920 3856 2222 3928 ingenium
2274 3866 2434 3912 extra
2486 3857 2749 3912 omnium
2800 3855 3171 3926 ingeniorum
3230 3853 3419 3908 aleam
3483 3850 3761 3921 positum

322 3948 668 4013 extorquere
704 3941 886 3997 valuit
936 3944 1006 3997 ab
1058 3944 1263 3998 invito.
1298 3945 1399 3999 Est
1446 3944 1541 3999 hic
1592 3950 1815 4011 auctor,
1850 3950 1913 4000 ut
1970 3963 2082 4002 non
2135 3951 2188 4001 te
2235 3946 2403 4014 latet;
2468 3945 2799 4001 Platonicus
2855 3943 3132 4015 insignis,
3163 3948 3219 3997 et
3247 3942 3346 4013 qui
3378 3956 3447 3995 ex
3483 3939 3769 4012 professo

323 4047 440 4086 non
491 4037 721 4085 tantum
773 4031 1075 4087 Platonem
1127 4032 1390 4087 imitatur
1419 4032 1769 4104 eloquendo,
1799 4036 1900 4089 sed
1953 4035 2443 4107 philosophando.
2479 4035 2674 4089 Latuit
2730 4042 2923 4089 autem
2983 4032 3273 4087 hactenus
3319 4031 3430 4086 iste
3479 4028 3633 4083 liber
3681 4028 3770 4081 de

322 4120 588 4192 lapidum
635 4121 971 4190 virtutibus,
1002 4121 1125 4193 qui,
1178 4138 1249 4177 ne
1300 4123 1441 4194 quid
1500 4122 1919 4178 assentationis
1979 4125 2165 4195 gratia
2213 4125 2411 4178 videar
2457 4123 2696 4186 dixisse,
2729 4121 3257 4178 excellentissimus
3314 4123 3427 4183 est,
3482 4122 3539 4173 et
3598 4116 3777 4172 inter

322 4209 648 4282 praecipuos
698 4211 827 4282 ejus
876 4210 1105 4266 labores
1159 4228 1225 4266 ac
1272 4212 1425 4266 fetus
1476 4216 1732 4267 meretur
1781 4212 2142 4282 prazcipuum
2194 4211 2451 4268 nancisci
2499 4211 2712 4267 locum.
2748 4212 2894 4266 Eum
2946 4210 3061 4265 mei
3108 4208 3298 4281 gratia
3343 4207 3603 4263 Jacobus
3630 4206 3769 4259 Sir-

322 4300 586 4354 mundus
616 4316 645 4354 e
676 4300 953 4354 societate
1001 4298 1163 4368 Jesu,
1197 4300 1282 4353 vir
1316 4299 1458 4354 mihi
1508 4299 1929 4367 amicissimus,
1963 4305 2019 4355 et
2050 4300 2143 4355 his
2172 4301 2406 4365 litteris,
2438 4316 2566 4371 quae
2620 4317 2727 4355 nos
2777 4299 3067 4354 humanos
3118 4298 3358 4362 faciunt,
3393 4312 3510 4350 non
3544 4294 3773 4350 leviter

321 4386 564 4453 tinctus,
596 4404 625 4442 e
655 4387 835 4442 veteri
869 4388 1125 4458 quodam
1169 4388 1366 4443 codice
1413 4389 1746 4460 descripsit,
1778 4394 1835 4442 et
1864 4390 2227 4460 descriptum
2281 4389 2599 4445 liberaliter
2623 4386 3098 4453 communicavit,
3131 4386 3234 4441 sed
3286 4385 3431 4440 adeo
3482 4384 3772 4438 scatebat

327 4476 556 4530 mendis
588 4474 684 4529 ille
732 4476 931 4544 codex,
966 4482 1031 4531 ut
1060 4476 1190 4547 ipsa
1220 4477 1475 4532 soricina
1525 4477 1713 4531 naenia
1746 4484 1904 4533 esset
1935 4479 2261 4533 confossior
2293 4496 2305 4533 :
2340 4478 2522 4532 tantis
2552 4477 2706 4533 enim
2740 4476 3023 4548 repletum
3076 4474 3184 4529 hoc
3216 4472 3512 4544 exemplar
3543 4474 3767 4527 confu-

328 4562 595 4618 sionibus
659 4563 873 4630 inveni,
909 4570 974 4619 ut
1003 4565 1273 4636 quamvis
1301 4566 1371 4619 de
1405 4564 1699 4635 lapidibus
1731 4566 1903 4638 longe
1932 4567 2085 4622 inter
2135 4583 2196 4623 se
2245 4568 2495 4622 diversis
2555 4572 2691 4638 agat
2745 4569 2967 4633 auctor,
2999 4570 3197 4621 tamen
3228 4564 3369 4635 quia
3425 4561 3769 4633 aliquando

329 4668 456 4723 qua
488 4652 600 4707 sibi
632 4654 925 4708 contraria
956 4658 1124 4708 erant
1154 4652 1212 4707 in
1248 4670 1429 4706 unum
1465 4653 1821 4723 coaluerant,
1855 4654 2028 4710 nullis
2069 4655 2238 4727 plane
2270 4656 2705 4711 contrarietatis
2754 4661 2898 4710 notae
2948 4658 3317 4726 apparerent.
3346 4652 3635 4722 Magnum
3666 4655 3773 4705 est

327 4741 534 4810 fateor,
563 4741 634 4795 ab
666 4742 964 4796 erroribus
993 4741 1090 4812 qui
1121 4746 1380 4795 veterum
1439 4742 1615 4795 libros
1648 4743 1937 4812 obsident,
1973 4761 2072 4799 eos
2104 4761 2356 4817 purgare
2385 4750 2441 4800 et
2472 4744 2744 4812 liberare,
2780 4744 2879 4799 sed
2913 4743 3287 4799 confusiones
3331 4740 3553 4812 quibus
3584 4754 3769 4794 mens

329 4830 586 4886 auctoris
617 4831 989 4896 obscuratur,
1023 4830 1164 4883 ordo
1194 4834 1253 4885 et
1284 4829 1465 4885 series
1511 4831 1696 4901 Operis
1734 4832 2397 4904 turbatur,‘similiaque
2448 4837 2711 4887 monstra
2758 4833 3017 4902 domare,
3055 4832 3247 4903 majus
3278 4828 3423 4883 illud
3454 4844 3611 4898 opus
3639 4832 3768 4881 est.

330 4920 491 4984 Quod
524 4924 585 4974 tu
621 4920 799 4990 probe
832 4918 1009 4985 nosti,
1044 4920 1121 4973 mi
1173 4918 1505 4985 Gaulmine,
1536 4920 1637 4991 qui
1693 4921 1749 4975 in
1802 4920 1934 4977 istis
1985 4922 2126 4977 adeo
2178 4939 2240 4977 es
2285 4915 2770 4994 τριϐωνευόμενος,
2804 4924 2869 4975 ut
2897 4938 2927 4975 e
2962 4918 3335 4992 paucissimis
3381 4916 3486 4988 qui
3532 4917 3595 4970 in
3644 4915 3771 4970 hoc

328 5008 493 5063 senio
539 5008 873 5064 litterarum
928 5008 1080 5063 idem
1132 5008 1351 5063 dolium
1402 5014 1655 5075 versant,
1691 5027 1804 5065 non
1837 5027 2037 5066 verear
2066 5016 2123 5066 te
2154 5012 2478 5082 principem
2525 5011 2903 5079 constituere,
2933 5009 3069 5065 licet
3117 5026 3246 5064 eam
3293 5012 3525 5063 aetatem
3558 5006 3773 5060 adhuc

327 5113 443 5151 non
478 5096 765 5169 attigeris,
800 5114 918 5168 qua
968 5098 1220 5167 majores
1252 5098 1524 5153 dicimur.
1561 5099 1749 5153 Tanto
1794 5099 1949 5153 enim
1986 5100 2200 5169 ingenii
2236 5100 2503 5155 acumine
2533 5098 2740 5171 polles,
2764 5104 2829 5154 ut
2865 5115 2995 5170 qua:
3024 5099 3122 5154 alii
3157 5102 3537 5153 assecuturos
3568 5109 3633 5148 se
3662 5094 3779 5148 vix

326 5188 547 5242 audent
594 5187 704 5242 sibi
769 5185 1030 5258 polliceri
1084 5185 1404 5241 multorum
1455 5204 1744 5242 annorum
1776 5188 2090 5255 curriculo,
2123 5194 2178 5243 te
2224 5189 2569 5244 brevissimo
2630 5189 2842 5260 spatio,
2891 5187 3023 5260 ipso
3080 5186 3363 5258 temporis
3428 5189 3652 5255 puncto
3708 5188 3779 5237 et.

327 5280 627 5330 momento
659 5292 724 5330 ea
756 5292 869 5330 non
913 5274 1102 5330 solum
1145 5276 1423 5347 attingas,
1459 5277 1559 5331 sed
1593 5282 1648 5331 et
1677 5276 1851 5349 longe
1884 5278 2107 5348 majora
2134 5283 2192 5334 et
2222 5278 2570 5334 difficiliora.
2604 5276 2821 5333 Omnes
2869 5277 3044 5333 hodie
3090 5279 3193 5349 qui
3240 5274 3456 5330 litteris
3489 5287 3782 5343 operam.

324 5365 393 5415 ut
421 5362 610 5430 decet,
642 5368 889 5433 navant,
922 5367 981 5417 et
1014 5364 1443 5418 humanitatem
1478 5380 1655 5435 quam
1693 5366 1859 5436 pauci
1894 5372 2178 5422 noverunt
2207 5366 2431 5433 colunt,
2463 5365 2551 5420 vel
2581 5366 2653 5420 ad
2687 5365 2945 5436 plurium
2979 5364 3319 5438 linguarum
3350 5360 3783 5434 cognitionem

322 5455 625 5524 pervenire
675 5454 958 5520 gestiunt,
992 5458 1057 5507 ut
1087 5469 1261 5508 omne
1309 5471 1496 5525 genus
1545 5460 1847 5511 auctorum
1883 5457 2045 5512 bonis
2097 5463 2246 5512 notis
2295 5457 2582 5512 familiare
2633 5456 2744 5511 sibi
2797 5456 3039 5511 reddere
3085 5460 3326 5527 queant,
3358 5464 3407 5508 et
3446 5451 3791 5507 historiam

325 5542 398 5597 ab
440 5558 563 5610 ovo,
600 5548 664 5597 ut
721 5544 956 5609 dicitur,
990 5559 1179 5613 usque
1237 5544 1308 5598 ad
1370 5544 1544 5613 mala,
1578 5544 1677 5615 qui
1740 5544 1983 5601 ultimus
2031 5547 2280 5601 studiosi
2333 5551 2390 5600 et
2439 5545 2726 5615 sapientis
2782 5544 3043 5600 hominis
3101 5562 3317 5615 scopus
3375 5557 3505 5597 esse
3565 5540 3797 5603 debet,

327 5632 755 5702 perfectissime
805 5638 1021 5700 tenere,
1054 5632 1141 5686 vel
1194 5633 1472 5689 scientias
1521 5640 1956 5701 consectantur,
2002 5635 2432 5706 philosophiam
2485 5634 2637 5704 dico,
2670 5632 3052 5705 theologiam,
3082 5634 3463 5697 medicinam,
3493 5629 3585 5683 vel
3634 5645 3795 5685 rna-

327 5719 678 5777 thematicas
709 5720 1076 5792 disciplinas,
1112 5726 1214 5778 aut
1253 5722 1411 5793 juris
1462 5727 1663 5779 artem.
1698 5723 1913 5780 Eorum
1947 5723 2051 5797 qui
2095 5723 2155 5780 in
2188 5725 2573 5781 scientiarum
2605 5721 2935 5795 cognitione
2983 5723 3379 5779 immorantur
3408 5721 3566 5775 bona
3596 5734 3791 5791 pars,
