3966 6216
210 398 327 460 883
1190 402 1565 464 LIBELLUS
1610 399 1713 461 DE
1756 400 2112 463 LAPIDUM
2154 401 2650 464 VIRTUTIBUS.
3512 404 3632 463 886

206 528 469 602 linguas,
503 530 631 586 sine
663 530 881 601 quibus
913 530 1133 587 frustra
1164 532 1441 604 cupimus
1471 532 1892 605 scire,iguorat
1921 536 1978 588 et
2007 532 2176 589 bonis
2207 548 2272 588 ac
2304 531 2751 588 humanioribus
2779 531 2993 589 litteris
3023 538 3112 589 est
3141 534 3539 603 destituta,ita
3570 540 3633 591 ut

206 618 268 673 id
302 618 610 675 hominum
661 636 848 692 genus
897 621 1120 677 imitari
1152 627 1208 677 et
1238 638 1439 677 eorum
1470 621 1712 693 vestigia
1746 638 2027 694 premere,
2059 622 2167 677 hoc
2199 622 2278 676 sit
2308 638 2541 695 semper
2569 621 2715 677 velle
2754 622 3025 678 caecutire
3073 628 3131 678 et
3179 640 3313 679 cum
3365 625 3629 680 barbarie

206 706 450 763 luctari.
487 708 894 781 Reliquorum,
926 726 1180 781 quorum
1226 709 1481 782 pusillus
1512 715 1601 766 est
1632 725 1936 776 numerus,
1970 711 2124 766 bona
2152 710 2307 765 enim
2356 714 2550 766 mente
2598 710 2769 783 pauci
2818 711 3044 783 praediti
3092 718 3235 767 sunt
3282 713 3342 766 in
3392 711 3628 781 litteris,

206 812 340 867 qua
392 796 678 853 hodierna
734 804 823 853 est
882 799 1067 854 nostri
1121 799 1317 854 saeculi
1371 799 1695 870 supinitas,
1729 816 1908 855 unam
1959 804 2013 854 te
2066 800 2217 869 novi,
2249 798 2578 868 Gaulmine,
2609 798 2710 870 qui
2761 798 2956 869 plures
3009 799 3243 869 linguas
3301 800 3539 867 calleas,
3573 807 3630 855 et

205 901 416 941 earum
452 887 770 959 cognitioni
802 887 1005 944 sedulo
1037 888 1301 960 quotidie
1344 888 1677 944 incumbas.
1712 889 1918 945 Mirata
1946 893 2035 944 est
2067 888 2205 943 olim
2251 888 2509 943 Athenaei
2542 893 2679 943 aetas
2710 905 2887 944 aurea
2916 892 2974 944 et
2998 889 3330 946 cultissima
3359 890 3627 947 homines

202 970 565 1048 διγλώττους·
598 975 729 1031 vide
778 978 987 1033 amabo
1036 982 1092 1033 te
1139 977 1281 1050 quid
1335 982 1533 1033 nostra
1582 978 1768 1033 ferrea

2092 976 2188 1046 sit,
2224 994 2350 1049 quas
2396 977 2587 1032 virum
2646 994 2761 1033 non
2820 973 3116 1052 δίγλωττον
3173 980 3481 1050 duntaxat,
3525 981 3625 1035 sed

200 1061 623 1139 πεντάγλωττον
655 1065 854 1133 habet,
885 1084 1057 1137 quem
1094 1066 1267 1137 priori
1319 1067 1405 1120 illi
1452 1066 1662 1121 saeculo
1713 1070 1989 1138 opponat.
2021 1071 2098 1120 De
2146 1070 2203 1121 te
2250 1066 2478 1137 loquor,
2514 1066 2843 1135 Gaulmine,
2877 1084 3049 1139 quem
3101 1085 3306 1123 omnes
3338 1069 3437 1139 qui
3470 1074 3524 1124 te
3557 1070 3629 1124 de

198 1153 359 1208 facie
391 1160 701 1220 noverunt,
735 1155 931 1210 sciunt
971 1155 1260 1210 Arabismi
1310 1156 1796 1220 scientissimum,
1832 1155 2179 1224 Hebraismi,
2213 1155 2525 1225 Turcismi,
2557 1156 2628 1209 de
2662 1155 2879 1227 linguis
2918 1156 3070 1211 enim
3107 1158 3302 1212 Graeca
3333 1162 3389 1212 et
3420 1158 3629 1212 Latina

200 1244 348 1316 quid
386 1245 597 1299 attinet
623 1244 829 1315 loqui?
855 1261 989 1301 cum
1026 1244 1081 1299 in
1116 1244 1199 1299 eis
1230 1250 1426 1300 tantos
1471 1246 1765 1316 profectus
1806 1247 1931 1315 jam
1967 1245 2191 1310 feceris,
2228 1250 2288 1298 ut
2322 1244 2486 1315 pauci
2537 1245 2638 1315 qui
2688 1251 2876 1299 tecum
2930 1246 3157 1317 possint
3208 1246 3534 1316 comparari
3566 1246 3625 1300 in

196 1348 413 1386 earum
465 1332 796 1403 cognitione
844 1333 1165 1404 supersint,
1197 1334 1295 1402 qui
1327 1338 1380 1387 te
1409 1339 1645 1404 superet
1676 1350 1863 1387 nemo.
1898 1333 2066 1387 Novit
2117 1333 2225 1385 hoc
2276 1333 2452 1403 probe
2503 1333 2726 1403 pridem
2778 1338 3019 1387 senatus
3070 1333 3418 1388 Parisiensis
3450 1350 3481 1387 a
3512 1350 3625 1404 quo

195 1436 339 1474 cum
378 1422 781 1491 praefecturam
814 1426 977 1476 tuam
1024 1421 1346 1490 ambiebas,
1381 1423 1561 1476 tantis
1592 1427 1869 1477 oneratus
1900 1438 1962 1476 es
1994 1421 2292 1483 laudibus,
2328 1427 2393 1475 ut
2441 1422 2499 1475 in
2555 1422 3009 1491 magistratuum
3061 1438 3371 1477 numerum
3425 1428 3626 1476 contra

191 1524 382 1580 quam
418 1514 615 1563 vetant
645 1510 824 1579 hujus
856 1509 1086 1581 imperii
1136 1509 1318 1581 leges,
1348 1516 1404 1565 te
1435 1510 1561 1565 sine
1608 1511 1949 1581 probatione
1979 1510 2356 1580 cooptaverit.
2391 1510 2563 1565 Nulla
2593 1515 2788 1565 autem
2820 1526 3020 1564 earum
3054 1509 3390 1581 linguarum
3423 1510 3623 1565 Orien-

188 1597 415 1653 talium
447 1603 556 1664 est,
586 1596 676 1651 καὶ
705 1600 869 1651 τοῦτο
904 1597 1364 1670 θαυμαστότατον,
1397 1616 1576 1670 quam
1628 1599 1754 1654 intra

2080 1615 2313 1654 menses
2363 1599 2691 1669 perdiscere
2741 1616 2855 1653 non
2908 1599 3120 1670 possis,
3155 1599 3474 1654 dummodo
3508 1599 3623 1654 fido

191 1686 376 1742 liceat
408 1686 491 1742 uti
546 1687 649 1742 tibi
700 1692 1076 1760 prmeeptore,
1108 1693 1225 1743 tam
1254 1689 1446 1744 tenaci
1480 1688 1762 1744 memoria
1805 1689 2047 1759 gaudes,
2082 1694 2248 1743 tanta
2294 1688 2556 1743 discendi
2608 1694 2664 1743 et
2713 1687 2939 1743 litteras
2986 1688 3277 1743 tractandi
3328 1688 3622 1759 cupidine.

192 1774 367 1830 Faxit
399 1775 552 1831 Deus
574 1776 674 1847 qui
707 1792 816 1831 nos
846 1784 899 1831 et
933 1782 1135 1831 nostra
1156 1776 1354 1831 omnia
1384 1780 1693 1847 temperat,
1721 1780 1787 1831 ut
1806 1776 2119 1831 Nestoreos
2142 1783 2210 1830 ad
2238 1776 2319 1830 rei
2348 1775 2644 1830 litterariae
2677 1776 3107 1831 incrementum
3140 1790 3382 1845 superes
3413 1791 3623 1837 annos,

194 1867 253 1918 et
286 1863 459 1918 tarda
491 1864 569 1918 sit
598 1863 701 1919 illa
741 1864 887 1931 dies,
920 1881 1046 1935 quas
1080 1871 1133 1920 te
1164 1864 1336 1919 nobis
1362 1863 1589 1936 eripiet.
1623 1864 1778 1933 Vale,
1811 1866 1889 1919 mi
1941 1864 2272 1928 Gaulmine,
2305 1863 2431 1919 vive
2464 1864 2521 1918 in
2554 1867 2861 1928 mternum,
2893 1866 2949 1917 et
2981 1863 3195 1934 pignus
3227 1863 3382 1917 istud
3417 1862 3623 1917 amici-

192 1953 293 2005 tiae
324 1951 387 2006 in
420 1956 474 2007 te
498 1958 712 2008 nostrae
744 1953 1136 2009 certissimum
1167 1956 1383 2025 accipe.
1412 1954 1768 2009 'I‘utarenos
1799 1955 1869 2008 ab
1902 1952 2235 2007 invidorum
2270 1951 2511 2024 linguis,
2536 1956 2591 2007 et
2623 1950 3078 2006 tumultuarium
3112 1950 3337 2004 huncce
3364 1949 3625 2005 laborem

193 2045 473 2096 nostrum
506 2039 884 2097 limatissimo
932 2041 1168 2113 ingenio
1198 2046 1297 2097 tuo
1329 2041 1543 2111 excole,
1578 2042 1789 2113 perfice
1840 2045 2014 2112 atque
2044 2041 2267 2096 adorna
2295 2039 2451 2095 curis
2483 2039 2601 2095 tuis
2634 2057 2646 2095 :
2681 2055 2811 2111 quae
2840 2038 2996 2094 enim
3029 2055 3136 2094 nos
3164 2039 3306 2093 dum
3338 2039 3613 2110 procede-

192 2128 340 2185 bant
372 2146 558 2201 opera:
612 2130 985 2202 scripsimus,
1017 2132 1488 2187 emendationem
1537 2130 1733 2204 potius
1763 2130 2021 2187 auctoris
2050 2135 2107 2186 et
2136 2129 2679 2202 interpretationem
2729 2132 3016 2200 spectant,
3045 2144 3223 2199 quam
3267 2128 3614 2183 ilgustratio-

194 2218 445 2275 tionem.
477 2218 700 2275 Iterum
731 2219 881 2276 vale.

266 2307 351 2363 Ex
382 2325 604 2365 musaeo
634 2313 853 2365 nostro.
886 2308 1108 2366 Tolosa
1138 2306 1379 2366 Kalend.
1414 2309 1797 2383 Septembris.
1832 2312 1996 2365 Anno
2037 2307 2308 2365 MDCXV.

1136 2557 1377 2618 Lectori
1410 2554 1715 2616 benevolo
1746 2556 1811 2615 S.
1844 2556 1918 2614 D.
1952 2554 2011 2615 J.
2049 2552 2264 2632 Steph.
2298 2551 2673 2613 Bernardus.

260 2682 348 2743 De
380 2687 556 2743 Pselli
598 2690 784 2746 nostri
834 2690 955 2747 vita
999 2691 1245 2764 ejusque
1295 2692 1556 2764 scriptis,
1589 2707 1704 2746 non
1737 2694 1823 2745 est
1855 2688 2007 2760 quod
2043 2687 2368 2759 quidquam
2419 2701 2760 2751 memorem,
2792 2686 3067 2743 benevole
3116 2686 3319 2753 lector,
3352 2703 3486 2742 cum
3520 2686 3623 2743 illa

192 2793 324 2848 quae
356 2777 473 2833 huc
505 2784 771 2850 spectant
826 2781 1059 2836 abunde
1109 2780 1380 2851 cognosci
1413 2785 1627 2851 queant
1657 2796 1726 2835 ex
1760 2778 1968 2834 Leonis
2002 2776 2188 2831 Allatii
2224 2776 2328 2830 viri
2362 2775 2688 2831 doctissimi
2722 2776 2982 2831 Diatribe
3029 2778 3099 2833 de
3145 2775 3376 2844 Psellis,
3406 2794 3439 2833 a
3470 2777 3587 2832 cele

191 2866 457 2923 beri-imo
502 2868 728 2924 Joanne
778 2869 906 2924 Alb.
942 2871 1204 2926 Fabricio
1237 2874 1449 2926 iterum
1483 2870 1641 2925 edita
1684 2877 1824 2925 tom.
1859 2869 1900 2925 V
1930 2867 2284 2923 Bibliotheca:
2333 2865 2547 2921 Graew.
2580 2866 2839 2923 Breviter
2888 2871 3115 2923 tantum
3167 2868 3478 2923 recensebo
3522 2866 3626 2921 illa

193 2971 327 3027 quas
360 2956 434 3010 de
464 2956 574 3011 hoc
605 2958 677 3012 de
721 2957 985 3030 lapidum
1034 2959 1352 3015 virtutibus
1398 2959 1596 3014 libello
1630 2959 1926 3014 monenda
1974 2958 2193 3024 habeo;
2227 2962 2353 3013 tum
2386 2956 2559 3013 etiam
2595 2958 2735 3029 quid
2767 2958 2893 3032 ipse
2942 2959 3010 3016 ad
3064 2977 3269 3016 novam
3316 2956 3469 3015 hanc
3498 2956 3623 3013 edi-

192 3044 422 3098 tionem
456 3046 829 3116 contulerim,
864 3062 1170 3119 exponam.
1205 3049 1433 3103 Primus
1463 3048 1618 3102 hunc
1656 3047 1923 3103 libellum
1957 3047 2017 3102 in
2052 3046 2241 3103 lucem
2283 3048 2477 3103 emisit
2505 3048 2785 3104 Claudius
2815 3049 3242 3118 Ancantherus,
3283 3054 3345 3104 ut
3374 3052 3624 3104 testatur

196 3132 524 3188 Lindenius
575 3135 649 3189 De
694 3138 918 3206 scriptis
965 3136 1125 3205 Μαι,
1158 3154 1212 3207 ρ.
1250 3154 1329 3192 m.
1359 3138 1484 3192 546.
1518 3138 1906 3193 Nomenclator
1934 3141 2311 3202 Gemmarum,
2344 3153 2465 3208 qua:
2514 3140 2686 3207 magis
2720 3140 2783 3193 iu
2811 3156 2917 3193 usu
2946 3142 3099 3205 sunt,
3130 3155 3255 3193 cum
3301 3138 3618 3193 earumdem

192 3223 520 3289 medicinis,
569 3241 854 3296 nunquam
909 3226 1162 3295 antehac,
1196 3227 1337 3298 quod
1392 3228 1527 3281 sciri
1586 3228 1766 3283 adhuc
1818 3229 2062 3297 potuerit
2115 3226 2317 3295 editus,
2352 3227 2576 3283 Claudio
2606 3228 2956 3283 Ancanthero
3012 3228 3225 3283 medico
3264 3231 3314 3282 et
3368 3229 3623 3284 Caesareo

190 3312 460 3368 historico
514 3330 584 3368 ea:
632 3313 836 3371 erco.
872 3316 1225 3370 Accesserant
1253 3318 1497 3387 ejusdem
1525 3317 1873 3373 Ancantlieii
1911 3318 1973 3371 in
2004 3316 2152 3372 hunc
2182 3317 2435 3371 libellum
2468 3322 2611 3372 notae
2661 3318 2842 3372 breves
2890 3333 3001 3371 non
3049 3319 3428 3387 infructuosae.
3464 3316 3621 3388 Typis

189 3402 669 3473 Otthomarianis,
724 3404 883 3471 1594,
932 3404 1078 3460 ἱη-8.
1130 3405 1348 3460 Prediit
1394 3407 1670 3476 deinceps
1718 3424 1835 3461 una
1884 3423 2017 3461 cum
2075 3406 2389 3461 Plutarcho
2419 3408 2493 3461 De
2538 3408 2865 3475 ﬂuminibus
2913 3423 3054 3461 cura
3113 3406 3367 3477 Philippi
3414 3405 3621 3461 Jacobi

188 3489 515 3552 Maussaci,
548 3492 648 3562 qui
682 3493 905 3564 primus
935 3510 1068 3548 eum
1100 3498 1293 3549 Graece
1322 3494 1526 3560 edidit,
1560 3495 1760 3551 addita
1785 3496 2052 3551 versione
2084 3500 2141 3550 et
2180 3496 2353 3565 notis,
2384 3495 2628 3564 Tolosa,
2659 3496 2814 3550 1615.
2852 3495 2996 3550 in-8.
3030 3494 3359 3550 Transtulit
3390 3510 3623 3565 quoque

190 3578 355 3634 hunc
384 3578 561 3635 Pselli
589 3580 857 3636 libellum
901 3581 959 3637 in
1007 3581 1280 3637 Latinum
1339 3587 1397 3638 et
1444 3583 1714 3639 Italicum
1766 3599 2098 3639 sermonem
2159 3584 2521 3639 anatomicus
2553 3584 2941 3639 dexterrimus
2973 3582 3268 3638 Adrianus
3325 3582 3623 3655 Spigelius

191 3669 353 3739 quod
420 3669 596 3725 refert
656 3674 761 3726 Leo
821 3671 1070 3727 Allatius
1127 3672 1187 3727 in
1248 3672 1499 3727 Diatribe
1557 3689 1684 3745 cap.
1737 3673 1827 3739 47,
1880 3690 1933 3744 p.
1984 3673 2074 3728 31.
2128 3673 2384 3744 Ejusdem
2451 3673 2755 3741 Libellum,
2816 3673 2887 3727 de
2956 3671 3239 3743 Lepidum
3297 3671 3616 3727 vi'rtutibus

188 3756 496 3829 Philippus
550 3759 789 3814 Jacobus
842 3759 1153 3816 Maussacus
1206 3763 1424 3831 primus
1479 3762 1745 3833 vulgavit,
1807 3762 1998 3817 Latine
2053 3764 2216 3817 vertit
2271 3767 2321 3817 et
2378 3762 2687 3817 emendavit
2741 3760 2920 3817 editus
2967 3765 3045 3816 est
3106 3761 3312 3818 Tolosae
3358 3758 3537 3816 Graece
3570 3762 3623 3813 et

190 3845 395 3901 Latine
433 3863 582 3902 anno
640 3848 803 3915 1615,
839 3849 893 3903 8.
956 3850 1146 3904 Verum
1208 3848 1465 3905 libellum
1524 3850 1669 3905 hunc
1727 3858 1852 3906 ante
1902 3850 2245 3906 Maussacum
2300 3852 2494 3906 Latine
2550 3855 2604 3906 et
2659 3850 2848 3906 Italica
2901 3850 3194 3906 redditum
3254 3850 3322 3904 ab
3380 3849 3625 3905 Adriano

188 3933 442 4006 Spigelio
495 3935 821 4007 philosOpho
870 3944 924 3992 et
975 3937 1202 4007 medico,
1256 3944 1307 3993 et
1355 3941 1636 4009 gymnasii
1681 3941 1949 3995 Patavini
2001 3942 2339 4007 anatomico,
2390 3940 2542 4009 apud
2590 3940 2889 3995 liberalem
2938 3942 3195 3995 Cremam
3241 3938 3626 4009 philosOphum

190 4039 257 4078 ac
306 4022 588 4079 medicum
647 4026 995 4081 larvisinum
1050 4030 1578 4096 prestantissimum
1647 4030 1958 4085 conservari
2025 4030 2095 4084 ad
2153 4029 2298 4084 hunc
2369 4029 2550 4099 diem,
2624 4030 2856 4100 epistola
2912 4044 3013 4083 sua
3081 4029 3263 4097 mihi,
3336 4030 3627 4098 utriusque

190 4113 626 4184 amicissimus,
682 4115 917 4172 Jacobus
966 4116 1259 4189 Philippus
1328 4117 1680 4172 Thomasinus
1747 4119 2104 4188 signiﬁcavit.
2187 4119 2385 4173 Libelli
2440 4122 2571 4174 item
2634 4120 2891 4173 meminit
2966 4118 3319 4174 Casaubonus
3373 4118 3433 4172 in
3492 4118 3631 4173 ﬁlii

188 4201 501 4273 Spartiani
549 4205 887 4259 Antoninum
939 4206 1287 4263 Caraeallam
1318 4209 1491 4262 notis.
1538 4208 1603 4262 Et
1646 4209 1832 4263 Justus
1875 4209 2148 4280 Rycquius
2206 4211 2265 4263 in
2315 4210 2484 4279 Epist.
2516 4210 2788 4265 Centuria
2833 4223 2974 4263 nova
3028 4209 3197 4277 Epist.
3229 4207 3321 4273 29,
3356 4208 3417 4261 in
3465 4207 3628 4262 Sare-

183 4292 322 4361 gica
373 4292 711 4348 bibliotheca
756 4296 904 4350 inter
944 4296 1060 4351 alia
1106 4296 1366 4367 opuscula
1411 4300 1794 4368 manuscripta
1824 4299 1984 4352 illum
2011 4314 2066 4353 se
2094 4297 2295 4354 vidisse
2336 4300 2528 4368 refert.
2583 4299 2708 4352 Haec
2756 4297 2866 4352 Leo
2914 4296 3160 4352 Allatius
3188 4295 3298 4351 loc.
3333 4295 3430 4350 cit.
3462 4295 3627 4351 Nun-

188 4397 379 4452 quam
414 4398 573 4452 vero,
608 4383 763 4455 quod
814 4384 1021 4455 sciam,
1051 4384 1291 4456 Spigelii
1324 4386 1512 4441 versio
1544 4385 1733 4442 lucem
1765 4388 2009 4458 aspexit.
2044 4388 2121 4441 Ex
2152 4387 2491 4460 apographo
2521 4386 2722 4443 Jacobi
2754 4385 3049 4442 Sirmondi
3099 4402 3160 4441 se
3209 4385 3365 4440 hunc
3403 4384 3622 4441 librum

181 4468 478 4541 vulgasse
516 4472 731 4527 fatetur
777 4472 1122 4529 Maussacus
1173 4473 1231 4529 in
1281 4474 1530 4546 epistola
1578 4474 1927 4531 dedicatoria
1958 4476 2029 4531 ad
2060 4475 2383 4531 Gilbertum
2418 4476 2821 4531 Gaulminum.
2855 4475 3135 4530 Caeterum
3184 4491 3256 4528 an
3308 4472 3536 4529 Psellus
3568 4480 3625 4529 et

187 4559 480 4627 quisnam
514 4558 627 4613 iste
658 4560 853 4630 fuerit,
886 4577 959 4615 an
991 4577 1126 4616 vero
1158 4561 1311 4617 alius
1361 4562 1541 4633 hujus
1590 4562 1773 4618 libelli
1823 4568 2028 4620 auctor
2057 4564 2407 4620 statuendus
2438 4564 2535 4632 sit,
2567 4562 2844 4634 disquirit
2896 4562 3008 4617 Leo
3057 4560 3301 4617 Allatius
3349 4561 3459 4617 loc.
3494 4562 3619 4632 cit.,

186 4660 329 4716 cap.
372 4646 461 4710 10,
491 4662 549 4717 p.
578 4647 633 4700 8.

262 4734 583 4789 Meditanti
614 4753 749 4792 vero
780 4736 925 4792 mihi
958 4738 1151 4793 denuo
1198 4738 1350 4794 hunc
1398 4738 1659 4794 libellum
1692 4740 1954 4813 vulgare,
1983 4740 2108 4796 sola
2139 4758 2266 4796 sese
2298 4740 2440 4795 mihi
2474 4738 2691 4795 obtulit
2736 4739 2913 4794 editio
2960 4738 3270 4809 Maussaci,
3302 4756 3429 4811 quae
3460 4739 3620 4795 Grae-

183 4839 337 4879 cum
388 4828 617 4878 textum
666 4825 918 4896 sisteret,
952 4842 1130 4897 quam
1184 4826 1307 4882 sola
1357 4828 1599 4898 proinde
1647 4829 1815 4901 sequi
1866 4829 2075 4890 debui:
2110 4846 2298 4899 neque
2329 4829 2505 4884 etiam
2557 4828 2627 4883 cl.
2660 4827 3013 4884 Ancantheri
3060 4827 3383 4883 versionem
3433 4828 3620 4883 oculis

179 4911 461 4967 lustrare
490 4910 680 4975 licuit,
712 4914 983 4983 quamvis
1016 4914 1072 4968 id
1104 4913 1271 4969 valde
1321 4919 1643 4986 optassem,
1676 4916 1971 4988 imprimis
2001 4934 2134 4972 cum
2185 4918 2527 4973 Maussacus
2556 4933 2703 4971 usus
2729 4915 2804 4970 sit
2834 4915 3033 4971 codice
3080 4914 3271 4969 lacero
3299 4915 3617 4970 admodum

181 5016 256 5057 ac
293 5000 541 5066 mutilo,
574 5017 701 5071 quae
733 5018 827 5057 res
854 5002 978 5057 viro
1007 5002 1411 5059 eruditissimo
1445 5003 1750 5075 imposuit,
1786 5010 1849 5060 ut
1879 5006 2024 5061 mire
2056 5008 2322 5077 quaedam
2374 5006 2497 5059 loca
2527 5004 2885 5077 explicuerit.
2919 5004 3197 5071 Quamvis
3247 5009 3441 5059 autem
3473 5004 3621 5059 nihil

176 5096 417 5168 praeter
448 5089 743 5145 Maussaci
787 5090 1104 5147 editionem
1159 5092 1229 5146 ad
1281 5107 1493 5147 manus
1524 5098 1699 5157 esset,
1734 5095 1887 5166 quod
1924 5094 2066 5150 mihi
2102 5094 2310 5150 fuisset
2355 5097 2729 5165 arljuinento;
2780 5094 3087 5164 sperabam
3138 5097 3331 5148 tamen
3384 5094 3505 5148 fore
3558 5097 3622 5148 ut

176 5180 469 5241 maculas
500 5179 551 5235 si
583 5195 699 5234 non
727 5195 957 5248 omnes,
988 5180 1188 5236 saltim
1219 5180 1505 5253 plurimas
1552 5182 1833 5250 eluerem,
1866 5183 1915 5239 si
1958 5184 2295 5255 scriptores,
2326 5184 2425 5255 qui
2456 5184 2661 5239 eodem
2694 5187 3036 5255 argumento
3066 5181 3335 5253 occupati
3362 5181 3618 5253 fuerunt,

176 5269 574 5328 consulerem
627 5272 801 5338 atque
852 5269 1199 5337 conferrem,
1230 5270 1385 5340 quod
1418 5275 1705 5341 quantum
1742 5271 1884 5328 mihi
1918 5272 2204 5344 profuerit
2240 5277 2326 5337 tu,
2359 5272 2575 5339 Lector,
2602 5271 2918 5342 judicabis.
2952 5272 3017 5325 In
3066 5269 3219 5325 notis
3268 5270 3468 5325 studui
3518 5288 3620 5343 po-

176 5359 503 5415 tissimum
556 5373 746 5411 naevos
794 5357 1152 5429 abstergere,
1183 5358 1283 5429 qui
1316 5358 1516 5413 sensui
1548 5361 1859 5415 verborum
1894 5378 1961 5416 ac
1993 5361 2248 5416 auctoris
2281 5362 2459 5415 menti
2492 5362 2811 5427 officerent,
2844 5376 2909 5414 ac
2961 5359 3055 5414 ubi
3108 5358 3166 5412 id
3212 5376 3327 5414 non
3377 5377 3621 5431 prorsus

173 5441 634 5523 ἀπροσδιόνυσον
666 5445 991 5512 videbatur,
1021 5445 1154 5502 aliis
1180 5463 1413 5517 quoque
1445 5450 1783 5505 auctoribus
1817 5449 2073 5522 aliquam
2110 5450 2298 5504 lucem
2346 5450 2644 5515 effundere
2674 5448 2879 5520 sategi.
2906 5448 2990 5502 Tu
3021 5463 3154 5503 vero
3183 5446 3245 5503 Β.
3278 5448 3340 5503 L.
3374 5454 3619 5505 conatus

174 5538 383 5593 hosce
412 5534 552 5589 boni
587 5534 861 5602 consule;
896 5534 980 5589 sic
1012 5535 1083 5590 ad
1118 5533 1286 5607 plura
1315 5538 1599 5593 tentanda
1628 5538 1863 5595 animus
1894 5540 2042 5596 mihi
2072 5539 2400 5608 adjicietur.
2435 5538 2594 5593 Vale.

1878 5736 1952 5750 —
