3966 6216
201 305 293 365 901
1078 300 1181 359 DE
1227 298 1625 359 GREGORIO
1669 298 2113 370 THEOLOGO,
2159 295 2491 371 BASILIO,
2537 296 2709 358 ETG.

200 433 609 447 ﬂ

197 450 610 465 ...ι-η-

3476 306 3593 365 903

1521 590 1770 686 ΤΟΥ
1855 589 2275 685 ΑΥΤΟΥ

1108 810 1574 869 ΧΑΡΑΚΤΗΡΕΣ
1651 808 2028 866 ΓΡΗΓΟΥΙΟΥ
2098 809 2229 864 ΤΟΥ
2303 809 2665 866 ΘΕΟΔΟΓΟΥ

1427 926 1559 981 'ror
1607 923 1938 980 MEI‘AAOr
1976 923 2375 994 ΒΑΣΙΛΕΙΟΥ,

1011 1045 1148 1101 ΤΟΥ
1186 1042 1711 1113 ΧΡΥΣΟΣΤΟΜΟΓ,
1752 1046 1868 1097 ΚΑΙ
1898 1041 2273 1098 ΓΡΗΓΟΡΙΟΥ
2310 1042 2442 1097 ΤΟΥ
2479 1047 2778 1101 ΝΥΣΣΗΣ.

1616 1399 2183 1495 EJUSDEM

1174 1608 1745 1671 CHARAGTERES
1790 1608 2165 1670 GHEGORII
2210 1608 2632 1682 THEOLOGI,

1597 1733 1882 1794 BASlLll
1933 1732 2213 1804 MAGNI,

894 1862 959 1921 S.
1006 1860 1338 1921 JOANNIS
1382 1856 1943 1921 CHRYSOSTOMI
1989 1858 2088 1917 ET
2134 1855 2513 1918 GREGORII
2558 1856 2916 1918 NYSSENI.

267 2210 331 2265 α’.
404 2208 743 2282 ’Πρώτησας,
810 2205 1117 2280 λογιώτατα
1173 2201 1394 2281 amet,
1444 2202 1585 2264 τίνες
1644 2222 1703 2257 τε
1758 2203 1939 2274 καὶΑ
2040 2204 2089 2257 1.

2040 2204 2089 2257 1.
2126 2201 2539 2275 Interrogastis
2572 2218 2684 2270 me,
2720 2219 2752 2257 o
2782 2203 3125 2261 doctissime
3156 2205 3351 2277 frater,
3376 2208 3616 2278 quinam

208 2293 365 2349 πόσοί
428 2298 527 2360 τῆς
583 2291 702 2355 καθ’
732 2292 880 2363 ἡμᾶς
929 2291 1257 2371 φλιοσοφίας
1314 2290 1449 2365 πρὸς
1500 2292 1601 2360 τὴν
1649 2290 1852 2365 τέχνην

206 2383 322 2445 τοὺς
360 2381 604 2443 οἶκείους
652 2379 849 2457 λόγους
900 2378 1174 2450 ἀπέξεσαν,
1212 2380 1303 2434 καὶ
1354 2379 1403 2434 εἴ
1432 2376 1859 2453 ἀξιολογώτατοι

210 2474 303 2529 εἰσι
358 2477 487 2535 τοῖς
522 2472 646 2547 περὶ
696 2470 893 2526 Λυσίαν
948 2470 1038 2524 καὶ
1090 2467 1433 2543 δημοσθένην
1488 2466 1862 2541 διαμιλληθῆ-

205 2587 282 2619 ναι
314 2569 451 2626 ταῖς
477 2585 535 2619 τε
583 2566 986 2639 πραγματικαῖς
1036 2564 1390 2622 κατασκευαῖς
1435 2558 1524 2617 καὶ
1569 2562 1688 2619 ταῖς
1736 2559 1859 2628 ἠθι-

204 2660 314 2719 καῖς
362 2653 693 2722 πιθανότησι
750 2653 841 2706 καὶ
888 2654 959 2724 τῇ
1008 2654 1116 2705 τῶν
1177 2649 1458 2721 ὀνομάτων
1520 2645 1727 2721 ἐκλογῇ
1770 2646 1859 2700 καὶ

204 2745 476 2817 συνθήκῃ,
537 2736 614 2797 ἔτι
674 2742 781 2814 μὴν
843 2744 961 2800 τοῖς
1020 2737 1285 2799 ἐπιθέτοις
1330 2735 1560 2808 κόσμοις
1604 2736 1693 2790 καὶ
1742 2738 1861 2797 τοῖς

205 2844 358 2909 θεατρ
370 2838 518 2896 ικοῖς
543 2833 814 2907 σχήμασι.

274 2942 345 3017 β’.
385 2940 541 3012 Φημὶ
574 2942 705 3015 γοῦν
751 2936 888 3013 πρὸς
938 2935 968 2990 ’ὀ
1015 2934 1257 3007 πυνθάνῃ
1294 2930 1745 3007 ἀποκρινόμενος,
1778 2928 1861 2984 ὅτι

203 3028 382 3092 πολὺς
426 3029 523 3100 μὶν
569 3026 661 3081 καὶ
711 3028 738 3081 ὁ
797 3026 1066 3099 ἡμέτερος
1110 3020 1317 3085 κύκλος
1373 3018 1565 3075 ὁπόσοι
1618 3020 1717 3088 τὴν
1772 3017 1860 3074 εύ-

202 3118 485 3193 γλωττίαν
547 3114 829 3187 ἐζήλωσαν
865 3133 877 3146 ·
944 3113 1202 3186 τέσσαρας
1272 3107 1330 3164 δι
1384 3113 1480 3164 τοῦ
1548 3106 1859 3182 σύμπαντος

203 3212 387 3283 χοροῦ
415 3204 609 3278 τίθημι
659 3200 987 3279 κορυφαίους
1010 3221 1023 3235 ο
1074 3200 1174 3269 τὴν
1236 3196 1513 3272 σάλπιγγα
1538 3204 1638 3267 τῆς
1671 3195 1861 3261 θεολο-

206 3296 322 3369 γίας
396 3293 722 3369 Γρηγόριον,
770 3290 858 3346 καὶ
915 3289 1007 3345 τὸν
1064 3289 1275 3362 ἑταῖρον
1336 3286 1426 3341 καὶ
1489 3285 1659 3360 μὲγαν
1704 3286 1862 3342 Βασί-

206 3384 389 3457 λειον,
426 3384 514 3438 καὶ
548 3384 637 3437 τὸν
670 3381 732 3437 ἐκ
774 3384 884 3435 τῶν
936 3379 1115 3433 αὐτῶν
1166 3376 1487 3452 σπερμάτων
1522 3375 1667 3446 αύτῷ
1696 3374 1867 3451 φύντα

208 3479 244 3528 Γ
246 3474 547 3550 ρηγόριον,
606 3470 696 3525 καὶ
750 3472 850 3539 τὴν
906 3470 1115 3543 χρυσῆν
1172 3464 1341 3541 λύραν
1385 3468 1481 3519 τοῦ
1532 3464 1864 3534 Πνεύματος.

1969 2296 2025 2347 et
2054 2296 2196 2362 quot
2227 2290 2379 2347 inter
2429 2294 2659 2346 nostros
2710 2292 3008 2363 sapientes
3048 2294 3119 2348 ad
3168 2294 3429 2366 regulam
3474 2297 3618 2354 artis

1970 2396 2110 2436 suas
2142 2380 2435 2435 orationes
2468 2378 2798 2451 poliverint,
2838 2385 2895 2436 et
2945 2398 3086 2436 num
3138 2381 3299 2455 digni
3348 2384 3468 2440 sint
3514 2386 3617 2456 qui

1970 2468 2155 2540 Lysim
2195 2473 2251 2523 et
2300 2467 2677 2523 Demostheni
2734 2469 3112 2525 conferantur
3169 2476 3292 2526 tum
3352 2473 3617 2530 studioso

1970 2562 2254 2628 apparatu
2288 2561 2346 2612 et
2378 2556 2701 2612 moralibus
2748 2558 3076 2629 affectibus,
3126 2564 3253 2616 tum
3307 2563 3616 2619 nominum

1971 2646 2197 2701 delectu
2229 2649 2286 2701 et
2312 2646 2751 2713 compositione,
2784 2650 2908 2702 tum
2938 2648 3114 2704 etiam
3162 2650 3362 2707 addito
3409 2656 3617 2708 ornatu

1971 2739 2029 2791 et
2058 2734 2365 2791 concinnis
2400 2734 2623 2790 formis.

2042 2933 2096 2987 2.
2124 2933 2213 2988 Ad
2246 2949 2314 2989 ea
2342 2950 2472 3006 qum
2505 2948 2597 2990 me
2629 2934 2958 3008 interrogas
2988 2940 3314 3010 respondeo
3366 2941 3619 2999 multum

1974 3037 2103 3077 esse
2134 3025 2469 3077 nostrorum
2500 3021 2785 3079 circulum
2817 3026 2919 3096 qui
2947 3025 3284 3099 eloquentia
3331 3030 3623 3101 praestite-

1973 3114 2133 3177 runt;
2168 3114 2421 3181 quatuor
2439 3116 2635 3167 autem
2659 3111 2837 3183 hujus
2857 3113 3017 3169 ebori
3042 3117 3379 3188 coryphaeos
3400 3124 3618 3177 statuo:

1974 3198 2276 3271 theologia:
2290 3200 2846 3273 tubamGregorium
2862 3206 2918 3256 et
2930 3202 3181 3259 amicum
3196 3208 3324 3277 ejus
3340 3223 3620 3279 magnum

1976 3289 2276 3355 Basilium,
2303 3296 2361 3346 et
2390 3309 2524 3347 eum
2559 3294 2660 3363 qui
2692 3309 2759 3348 ex
2790 3294 2996 3349 eodem
3027 3297 3315 3367 sanguine
3340 3303 3503 3354 ortus
3533 3303 3624 3355 est

1974 3379 2315 3451 Gregorium
2340 3385 2397 3435 et
2428 3398 2667 3436 auream
2698 3381 2952 3453 Spiritus
2985 3383 3191 3452 lyram.
3216 3386 3425 3440 Eorum
3459 3387 3623 3458 quis-

1974 3484 2084 3538 que
2109 3468 2363 3524 sustinet
2407 3469 2658 3524 conferri
2702 3469 3033 3541 cuicunque
3082 3472 3239 3528 voles
3287 3490 3356 3528 ex
3407 3476 3624 3531 Graecis

205 3563 434 3617 Τούτων
485 3562 589 3635 γάρ
648 3556 869 3619 ἕκαστος
920 3557 1194 3632 αὐτάρκης
1253 3555 1363 3626 ὅτῳ
1420 3550 1487 3622 δὴ
1547 3551 1734 3627 βούλει
1760 3556 1868 3606 τῶν
1899 3575 1945 3639 Β
1976 3556 2126 3627 sapic

1999 3556 2378 3627 Iapientibus;
2414 3575 2529 3614 non
2561 3559 2715 3630 quod
2750 3559 3161 3631 unusquisque
3192 3578 3400 3618 omnes
3432 3564 3624 3619 omni-

207 3653 334 3724 παρ’
378 3648 624 3719 Ἕλλησι
672 3645 1133 3721 σοφιστευσάντων
1184 3637 1522 3719 παραϐαλεῖν
1556 3660 1569 3672 ·
1631 3640 1741 3715 οὐχ
1795 3640 1868 3703 ὠς

206 3739 442 3793 ἑκάστου
499 3742 629 3790 πᾶσι
697 3737 900 3795 πάντας
961 3727 1389 3809 ὑπερϐαλόντος,
1446 3728 1593 3785 ἀλλὰ
1646 3730 1713 3783 τά
1772 3729 1866 3803 μὲν

214 3827 402 3900 μίρεσί
454 3847 593 3881 τισιν
663 3821 1062 3895 ἁμιλλωμένου
1113 3821 1250 3896 πρὸς
1304 3819 1525 3874 ἕκαστον
1582 3823 1689 3873 τῶν
1746 3824 1870 3894 παρ’

209 3916 449 3977 διείνσις
509 3912 1014 3987 εὐδοκιμησάντων,
1095 3912 1161 3965 τά
1213 3908 1270 3964 δὶ
1328 3908 1553 3964 κατόπιν
1613 3906 1867 3971 ἐλθόντος

211 4003 317 4078 (δεῖ
347 4024 460 4079 γαρ
488 4003 724 4073 τάληθὲς
776 4000 982 4076 λέγειν)
1028 4004 1143 4062 τοῖς
1197 3996 1255 4053 δὲ
1300 3996 1513 4053 πλείοσι
1557 3996 1647 4052 καὶ
1692 4017 1869 4071 παρα-

210 4091 547 4169 δραμόντος.
596 4092 670 4147 Οὐ
709 4092 814 4166 γὰρ
871 4090 1062 4144 ταυτὸν
1105 4088 1362 4161 πείσομαι
1410 4092 1527 4148 τοῖς
1586 4082 1701 4140 ὅσοι
1751 4106 1870 4162 κρι-

208 4184 298 4238 ταὶ
330 4183 618 4259 γεγονότες
667 4178 941 4254 ἑκατέροις
987 4183 1103 4239 τοῖς
1158 4176 1397 4252 μέρεσιν,
1428 4170 1610 4230 ἔπειτα
1638 4180 1717 4247 τῷ
1748 4176 1870 4229 ἑαυ-

209 4278 322 4327 τῶν
405 4269 723 4347 βουλήματι
798 4266 1399 4336 κατακολουθήσαντες,
1473 4264 1535 4320 ού
1619 4264 1756 4339 πρὸς
1807 4265 1870 4319 τὸ

209 4362 451 4416 ἑκάστου
492 4359 687 4433 μέτρον
737 4357 832 4418 τάς
878 4358 1096 4434 ψήφους
1142 4354 1450 4429 ἐξήνεγκαν,
1493 4352 1639 4426 ἀλλ’,
1689 4352 1869 4427 ὥσπερ

207 4457 309 4519 τῆς
348 4448 515 4521 δόξης
542 4448 826 4522 ἀπεχθεῖς,
859 4445 1001 4499 οὕτω
1052 4441 1118 4514 δή
1165 4443 1254 4499 καὶ
1298 4447 1395 4497 τοῦ
1437 4441 1609 4516 λόγου
1640 4441 1871 4517 γεγονό-

206 4560 298 4601 τες
328 4544 452 4601 τοῖς
481 4535 779 4607 Ἕλλησιν,
837 4534 1133 4597 ἀντιθέτοις
1188 4534 1401 4592 ἑαυτοῖς
1447 4532 1583 4603 πρὸς
1636 4530 1870 4592 ἐκείνους

206 4627 553 4703 ἐχρήσαντο,
611 4626 700 4681 καὶ
748 4629 865 4685 τοῖς
927 4622 1149 4683 οἱκείοις
1205 4620 1563 4695 προσθέμενοι
1623 4619 1871 4691 ἐξεπίτη-

208 4714 321 4784 δες,
358 4717 436 4777 ὡς
475 4714 808 4790 ἀλλοτρίους
835 4712 1072 4773 ἐκείνους
1103 4711 1412 4785 ἐτρέψαντο.
1445 4708 1522 4766 Οὐ
1554 4706 1620 4779 δὴ
1654 4712 1872 4780 ποιήσω

204 4807 378 4861 τοῦτο
408 4804 515 4878 ἐγώ
541 4823 553 4835 “
588 4803 697 4878 οὐχ
746 4801 889 4856 οὕτω
937 4799 1274 4878 τετύφωμαι.
1321 4796 1475 4855 Ἀλλ’
1507 4798 1581 4860 ὡς
1611 4797 1869 4853 κάκείνων

206 4892 384 4969 ἴσχῦν
418 4893 504 4947 ἐπὶ
563 4897 678 4953 τοῖς
728 4889 916 4967 λόγοις
976 4889 1215 4964 ἑχοντων
1268 4886 1356 4941 καὶ
1401 4885 1619 4955 πολλὴν
1674 4892 1868 4961 μοῖραν

208 4982 738 5056 συνεισενεγκότνων
786 4983 855 5053 τῇ
906 4976 1076 5052 τέχνῃ
1122 4974 1157 5045 ἤ
1190 4974 1335 5052 παρὰ
1380 4975 1477 5044 τὴν
1521 4974 1720 5050 τεχνην
1754 4980 1870 5037 ταῖς

204 5076 310 5126 τοῦ
369 5070 540 5147 λόγου
586 5067 900 5141 δυνάμεσιν,
960 5065 1101 5121 οὕτω
1157 5062 1224 5134 δὴ
1274 5064 1363 5119 τὸν
1418 5063 1597 5139 ἀγῶνα
1641 5065 1874 5135 ποιήσας

206 5160 303 5215 καὶ
332 5167 404 5214 τᾶ
450 5161 588 5233 πρὸς
634 5156 860 5227 ἄλληλα
906 5153 962 5209 εὖ
1010 5154 1258 5228 θέμενος,
1292 5151 1481 5223 ἰξοίσω
1527 5154 1627 5221 τήν
1669 5156 1874 5228 ψῆφον,

200 5253 485 5304 τοσοῦτον
549 5247 814 5313 ὑπειπὼν,
875 5239 957 5299 ὅτι
1040 5244 1171 5317 ὅπερ
1231 5242 1341 5297 ἐστὶ
1394 5240 1749 5314 Δημοσθένης
1806 5246 1875 5316 τῇ

203 5338 377 5409 ἑτέρᾳ
408 5333 617 5412 μερίδι,
651 5334 795 5413 φημὶ
826 5338 895 5407 τῇ
939 5330 1266 5406 Ἑλληνικῇ,
1298 5335 1458 5385 τοῦτο
1488 5334 1556 5396 τῆ
1587 5332 1706 5394 καθ’
1730 5332 1877 5405 ἡμᾶς

202 5430 232 5483 ὁ
268 5423 560 5502 Θεολόγος
613 5424 934 5501 Γρηγόριος.
990 5424 1172 5497 Τριῶν
1231 5417 1288 5475 δὶ
1346 5416 1516 5474 ὄντων
1570 5415 1725 5473 εἷδῶν
1776 5424 1875 5485 τῆς

202 5517 543 5591 ῥητορικῆς,
576 5514 603 5568 6
640 5514 733 5586 μὲν
784 5511 1138 5584 Δημοσθένης
1189 5513 1267 5581 τῷ
1314 5506 1575 5580 δικανικῷ
1609 5506 1758 5583 μέρει
1791 5509 1876 5564 εύ-

199 5602 601 5677 δοκιμώτατος
629 5601 727 5657 κάν
765 5599 886 5661 ταὶς
929 5593 1271 5674 συμϐουλαῖς
1320 5600 1428 5652 τῶν
1479 5593 1665 5653 ἄλλων
1700 5594 1877 5654 δεινό-

1978 3646 2087 3701 bus
2116 3650 2377 3717 superat,
2408 3648 2509 3703 sed
2543 3648 2695 3719 quod
2729 3647 3087 3719 quibusdam
3121 3650 3389 3721 partibus
3416 3653 3625 3724 singu-

1975 3733 2065 3789 los
2100 3750 2299 3789 eorum
2333 3736 2435 3807 qui
2468 3736 2687 3791 famam
2719 3737 2916 3807 adepti
2948 3742 3088 3792 sunt
3114 3740 3443 3807 aemuletur,
3479 3758 3624 3797 non-

1979 3840 2280 3895 nunquam
2312 3829 2441 3895 post
2461 3825 2700 3880 veniens
2718 3826 2969 3896 (oportet
2989 3828 3143 3881 enim
3165 3844 3365 3884 verum
3390 3830 3627 3901 dicere),

1978 3911 2080 3967 sed
2114 3912 2329 3984 saepius
2363 3914 2950 3985 transgrediens.Non
2983 3917 3141 3971 enim
3175 3932 3345 3987 agam
3381 3919 3503 3974 utii
3527 3920 3629 3991 qui

1980 3999 2291 4073 utriusque
2320 4002 2754 4074 partisjudices
2805 4004 3017 4069 ell'ecti,
3070 4006 3312 4077 preprias
3360 4024 3478 4062 suae
3528 4024 3626 4064 vo-

1977 4088 2190 4145 luntati
2220 4090 2630 4162 obsequentes,
2685 4108 2795 4147 non
2850 4109 2952 4163 pro
3000 4092 3367 4165 singulorum
3418 4097 3626 4152 merito

1978 4178 2260 4251 suffragia
2289 4180 2581 4247 tulerunt;
2631 4182 2732 4235 sed
2784 4186 2959 4252 prout
3003 4183 3277 4237 doctrina:
3326 4191 3489 4239 erant
3538 4187 3627 4241 in-

1979 4267 2149 4337 fensi,
2201 4268 2281 4323 ita
2329 4273 2386 4323 et
2432 4269 2763 4324 Graecorum
2813 4270 3201 4336 orationibus,
3252 4289 3313 4328 se
3364 4273 3481 4328 illis
3531 4275 3630 4329 ad-

1979 4356 2270 4412 versarios
2300 4362 2631 4429 gesserunt,
2657 4363 2715 4412 et
2746 4357 2998 4428 propriis
3028 4358 3246 4414 addicti
3276 4362 3626 4427 oratoribus,

1983 4449 2049 4500 ut
2069 4452 2376 4500 extraneos
2401 4444 2533 4500 illos
2556 4448 2902 4516 reiecerunt.
2940 4450 3063 4501 Non
3098 4446 3207 4502 hoc
3237 4465 3344 4521 ego
3376 4450 3584 4505 faciam
3611 4470 3625 4518 ;

1982 4550 2098 4589 non
2132 4535 2215 4588 ita
2246 4534 2517 4593 cascutio:
2549 4538 2647 4590 sed
2682 4535 3008 4590 concedens
3038 4553 3138 4591 eos
3166 4536 3281 4592 vim
3317 4538 3374 4593 in
3424 4540 3633 4595 oratio-

1982 4623 2157 4678 nibus
2184 4623 2398 4679 babere
2429 4631 2485 4679 et
2516 4622 2763 4679 multum
2796 4623 2919 4678 sive
2949 4625 3080 4693 arti,
3114 4625 3233 4681 sive
3265 4626 3419 4682 ultra
3448 4634 3631 4684 artem

1983 4711 2267 4767 orationis
2297 4712 2567 4784 potentia:
2599 4711 2941 4778 contulisse,
2975 4714 3052 4768 ita
3100 4715 3411 4771 discrimen
3462 4717 3631 4772 insti-

1981 4806 2154 4856 tuens
2220 4806 2279 4855 et
2344 4800 2459 4855 alia
2515 4800 2647 4857 aliis
2717 4818 3044 4873 opponens,
3094 4805 3379 4877 suffragia
3421 4805 3628 4876 feram,

1986 4890 2208 4945 addens
2238 4890 2578 4961 Gregorium
2626 4889 2964 4961 theologum
3016 4894 3169 4963 apud
3223 4900 3457 4950 nostros
3504 4910 3633 4952 esse

1987 4980 2143 5053 quod
2194 4979 2619 5036 Demosthenes
2673 4981 2731 5035 in
2776 4979 2960 5036 altera
3006 4987 3191 5053 parte.
3242 4984 3385 5039 Cum
3436 4989 3633 5040 autem

1987 5068 2107 5125 sint
2135 5068 2249 5123 tria
2295 5067 2643 5140 eloquentia
2692 5084 2927 5141 genera,
2977 5070 3037 5126 in
3077 5071 3349 5142 judiciali
3395 5073 3635 5145 quidem

1987 5156 2405 5213 celeberrimus
2441 5156 2880 5222 Demosthenes,
2907 5162 2964 5213 et
2994 5158 3051 5214 in
3084 5159 3343 5215 consiliis
3376 5160 3636 5217 omnium

1988 5245 2235 5301 aliorum
2285 5244 2681 5317 peritissimus
2729 5251 2837 5312 est,
2887 5248 2958 5302 ad
3012 5249 3393 5321 panegyricas
3441 5253 3639 5305 autem

1989 5334 2282 5390 orationes
2316 5334 2599 5399 delectus,
2632 5341 2688 5389 et
2719 5334 2831 5391 sibi
2861 5342 2917 5391 et
2947 5335 3080 5391 aliis
3110 5337 3350 5391 inferior
3380 5343 3503 5405 est;
3554 5337 3639 5392 illi

1988 5430 2185 5480 autem
2216 5424 2522 5494 oppositus
2551 5424 2888 5497 Gregorius,
2911 5441 2976 5480 eo
2998 5424 3403 5482 laudationum
3428 5442 3639 5499 genere

1988 5529 2102 5568 non
2136 5516 2365 5566 tantum
2416 5512 2930 5568 Demosthenicam
2980 5513 3383 5587 eloquentiam
3434 5516 3637 5585 vincit,

1989 5600 2088 5657 sed
2105 5600 2370 5673 neque,si
2386 5617 2511 5676 quas
2526 5601 2602 5658 sit
2616 5602 2757 5659 tuba
2770 5600 3242 5677 cmlestis,quoad
3264 5604 3415 5663 hanc
3426 5603 3637 5663 saltem
