4032 6202
409 308 524 368 903

1740 301 2165 362 MICHAELIS
2210 299 2481 362 PSELLI

3692 302 3821 363 904

408 444 654 512 partem,
683 435 734 492 ei
767 452 909 492 sono
960 436 1286 507 comparari
1330 434 1512 502 valet;
1570 435 1627 488 in
1671 431 2029 504 judicialibu:

2165 452 2347 501 τατος,
2400 431 2782 507 πανηγυρίζειν
2831 428 2888 486 δέ
2936 434 3340 507 προῃρημὲνος,
3394 433 3585 486 ἑαυτοῦ
3632 453 3690 486 τε
3719 432 3818 485 καὶ

407 536 601 585 autem
636 526 1056 582 certaminibus
1090 532 1146 580 et
1177 524 1232 579 in
1267 525 1340 578 iis
1370 524 1735 578 orationibus
1760 523 1815 576 in
1841 522 2059 592 quibus

406 616 651 673 consilia
680 615 963 687 disponit,
995 614 1149 668 valet
1183 630 1314 668 cum
1349 612 1448 666 illo
1480 613 1795 667 decertare.
1829 612 1951 675 Quo
2000 610 2057 665 in

403 722 614 779 genere
661 704 1064 760 Demosthenis
1115 700 1447 772 eloquentia
1498 718 1651 755 nunc
1698 700 1917 770 ingenti
1966 699 2055 753 in-

402 812 614 851 cursus
646 794 888 849 flumine
913 792 1164 855 eifervet,
1205 808 1359 845 nunc
1392 791 1559 861 quasi
1596 790 1803 844 leniter
1832 788 2055 860 spirare

402 886 656 949 videtur,
694 888 749 937 et
785 883 1009 936 minore
1042 880 1181 934 ﬂatu
1219 880 1420 934 utitur.
1455 880 1733 951 Gregorio
1767 882 1961 933 autem
1996 877 2054 931 in

401 972 717 1030 certamine
749 969 1078 1042 procedenti
1112 968 1263 1038 viget
1294 969 1500 1033 oratio,
1533 979 1585 1023 et
1638 969 1861 1022 ictuum
1914 970 2045 1036 ejus

402 1063 535 1118 ﬁnis
566 1062 733 1133 quasi
782 1058 1176 1129 cataclysmus
1222 1063 1313 1112 est
1364 1074 1477 1129 quo
1528 1058 1823 1123 defertur;
1869 1056 2055 1109 variat

398 1164 594 1215 autem
618 1155 963 1227 judicialem
1014 1156 1338 1210 orationem
1390 1153 1714 1226 hypall'gis
1764 1158 1818 1207 ct
1868 1156 2053 1208 meta-

395 1246 615 1319 phoris,
648 1244 765 1300 alia
796 1244 1051 1316 periodis
1083 1244 1463 1305 concludens,
1498 1242 1610 1297 alia
1642 1242 1853 1313 spiritu
1908 1258 2050 1312 pan-

395 1338 559 1392 dens.
586 1336 652 1390 Et
683 1335 752 1389 ad
786 1349 1017 1388 omnem
1054 1332 1296 1387 Atticam
1332 1348 1560 1387 musam
1596 1331 1888 1402 propriam
1923 1346 2049 1384 ora-

391 1425 609 1480 tionem
644 1422 881 1495 polivit;
919 1422 1108 1492 magis
1139 1428 1334 1475 autem
1383 1419 1692 1475 Aristidem
1745 1420 1940 1487 refert,
1992 1422 2050 1473 et

398 1529 535 1568 eum
567 1512 829 1567 omnium
858 1510 1112 1565 maxime
1145 1509 1410 1564 imitatus
1459 1524 1587 1563 esse
1636 1508 1882 1574 videtur,
1934 1506 2049 1561 nisi

399 1606 597 1657 tamen
651 1600 803 1670 quod
854 1599 1082 1652 Aristiis
1135 1599 1372 1668 quidem
1438 1596 1773 1667 eloquentia
1840 1602 2045 1665 tonat,

400 1689 633 1761 fulgura
660 1705 793 1743 vero
826 1704 941 1742 non
972 1688 1221 1755 emittit;
1257 1685 1465 1741 miscet
1494 1687 1649 1741 enim
1701 1701 1872 1740 aures
1920 1701 2044 1739 om-

2167 524 2273 573 τῶν
2329 516 2516 573 ἄλλων
2574 518 2813 575 ἐλάττων
2868 519 3005 575 ἐστίν
3043 541 3054 553 ·
3109 522 3136 575 ὁ
3187 518 3244 574 δὲ
3301 521 3576 585 ἀντίθετος
3633 520 3818 593 τούτῳ

2168 608 2626 683 Γρηγόριος,την
2690 610 2782 682 μὲν
2833 610 3211 684 πανηγυρικήν
3268 606 3433 677 ἰδέαν,
3482 610 3543 665 οὐ
3571 611 3671 677 τὴν
3706 619 3818 678 Δη-

2172 696 2496 768 μοσθενικῆν
2533 696 2699 767 μόνον
2752 695 3001 770 γλῶτταν
3060 692 3499 771 ὑπερηκόντισεν,
3541 694 3669 750 ἀλλ’
3700 692 3820 750 οὐδ’

2167 783 2211 838 εί
2266 780 2376 838 ἔστι
2421 805 2502 845 τις
2560 782 2790 859 σαλπίγξ
2843 784 3113 858 οὗρανιος,
3160 783 3443 856 ἐκείνῳ.δὴ
3504 786 3815 860 ἀπηχῆσαι

2166 872 2385 928 δύναται
2423 872 2556 927 κατά
2610 894 2671 947 γε
2715 878 2876 927 τοῦτο
2924 874 3087 945 μέρος
3122 892 3134 905 ³
3196 875 3329 947 πρὸς
3380 872 3435 929 δέ
3476 896 3534 947 γε
3567 873 3815 928 δικαστι-

2162 962 2291 1025 κοὺς
2330 963 2539 1037 ἀγωνας
2589 962 2679 1016 καὶ
2730 960 2780 1016 ἐν
2838 963 2916 1025 οἷς
2972 962 3068 1024 τὰς
3118 958 3433 1035 συμϐουλὰς
3492 962 3810 1030 διατίθεται,

2164 1060 2347 1121 ἱκανὸς
2400 1058 2590 1131 ἐκείνῳ
2639 1057 3130 1133 διαμιλλήσασθαι.
3188 1060 3361 1117 Ἀλλά
3414 1067 3495 1133 τῷ
3554 1063 3648 1133 μὶν
3702 1070 3810 1130 Δη-

2165 1150 2412 1221 μοσθένει
2472 1148 2596 1223 περὶ
2645 1152 2811 1203 ταῦτα
2869 1151 2904 1217 ἡ
2962 1147 3182 1223 γλῶττα
3236 1153 3326 1202 νῦν
3384 1152 3478 1221 μὲν
3539 1148 3808 1224 καχλάζει

2160 1236 2358 1309 πολλῷ
2384 1242 2463 1308 τῷ
2513 1236 2737 1311 ῥεύματι
2786 1244 2885 1306 τῆς
2925 1235 3277 1312 καταδρομῆς
3307 1240 3605 1314 χρωμένῳ,
3654 1239 3808 1302 αὗθις

2160 1324 2216 1380 δὶ
2264 1331 2562 1400 παραπνεῖν
2611 1327 2721 1379 οἷον
2764 1323 2929 1393 ἔοικε,
2974 1327 3061 1380 καὶ
3112 1326 3357 1381 ἐλάττονι
3400 1332 3480 1399 τῷ
3536 1328 3801 1399 πνεύματι

2158 1419 2360 1489 χρῆται
2397 1434 2408 1446 ’
2454 1419 2534 1486 τῷ
2583 1415 2880 1489 Γρηγορέῳ
2931 1412 2988 1469 δὶ
3044 1416 3294 1490 προϊὸντι
3343 1415 3393 1470 ἐν
3441 1422 3560 1479 τοῖς
3605 1408 3801 1491 ἀγωσῶ

2156 1505 2385 1576 ἀκμάζει
2422 1501 2636 1575 μᾶλλον
2683 1504 2710 1557 ὁ
2742 1502 2909 1577 λόγος
2953 1503 3042 1557 καὶ
3084 1505 3147 1558 τὸ
3194 1504 3361 1580 πέρας
3392 1505 3539 1577 αὖτῷ
3569 1512 3668 1574 τῆς
3706 1527 3800 1560 κα-

2154 1599 2391 1669 ταφορᾶς
2426 1592 2538 1647 οἶόν
2569 1613 2651 1653 τις
2697 1592 3079 1665 κατακλυσμός
3131 1593 3241 1647 ἐστι
3292 1595 3410 1657 καθ’
3446 1592 3507 1648 οὔ
3538 1596 3751 1672 φέρεται
3787 1614 3799 1628 ·

2154 1678 2429 1736 ποικίλλει
2460 1701 2518 1735 τε
2562 1681 2652 1734 τὸν
2700 1681 3058 1755 ἀγωνιστικὸν
3110 1681 3275 1756 λόγον
3328 1680 3669 1757 ὑπαλλαγαῖς
3710 1684 3797 1737 καὶ

388 1795 493 1833 nes
522 1777 645 1833 suis
694 1775 1063 1847 argumentis
1127 1792 1239 1829 non
1300 1774 1497 1828 minus
1556 1791 1731 1844 quam
1796 1772 2029 1828 Pericles

2157 1775 2506 1847 μεταφοραῖς,
2565 1769 2631 1823 τὰ
2687 1771 2780 1842 μὲν
2836 1767 3031 1824 κλείων
3082 1776 3204 1832 ταῖς
3260 1768 3558 1845 περιόδοις,
3617 1774 3683 1827 τὰ
3740 1770 3798 1827 δί

384 1866 687 1933 Graeciam,
721 1865 821 1919 sed
839 1864 1179 1919 eorumdem
1199 1868 1679 1934 argumentorum
1695 1861 2040 1917 elaboratio—

388 1955 563 2010 nibus
593 1954 892 2009 auditores
926 1953 1121 2018 satiat,
1158 1957 1214 2006 et
1248 1951 1661 2021 unusquisque
1701 1949 1870 2004 vellet
1914 1967 2041 2005 ora-

385 2044 530 2099 toris
562 2043 827 2114 linguam
865 2040 1166 2107 inhibere;
1219 2040 1478 2111 Gregorii
1526 2046 1721 2094 autem
1768 2039 2042 2094 facundia

384 2148 688 2203 nunquam
723 2130 952 2202 fatigat,
980 2129 1239 2200 undique
1274 2128 1508 2184 feriens.
1534 2127 1846 2183 Nominum
1880 2129 2036 2182 enim

380 2225 659 2276 venustas
691 2223 746 2275 et
778 2217 1094 2273 distributa
1125 2216 1417 2272 sermonis
1441 2216 1786 2288 compositio
1809 2221 1864 2271 et
1889 2216 2035 2287 figu-

380 2326 582 2364 rarum
615 2313 858 2364 ornatus
890 2306 1035 2361 nulli
1064 2306 1189 2361 auri
1224 2324 1337 2361 non
1370 2305 1731 2378 voluptatem
1757 2305 2032 2377 praebent.

379 2406 443 2462 In
479 2405 680 2461 multis
714 2410 909 2461 autem
944 2404 1273 2459 orationum
1310 2404 1576 2475 partibus
1628 2403 1863 2475 Lysiaca
1914 2402 2036 2458 elo-

380 2496 621 2565 quentia
653 2493 865 2548 referta
896 2498 1036 2547 sunt
1066 2493 1195 2562 ejus
1228 2493 1470 2563 scripta,
1504 2497 1559 2545 et
1591 2492 1911 2561 praesertim
1966 2509 2034 2548 ea

379 2584 438 2637 in
482 2584 699 2653 quibus
733 2582 1083 2653 simpliciter
1115 2581 1367 2635 exordiri
1401 2580 1654 2647 mavult;
1706 2598 1818 2635 non
1873 2583 2029 2652 quod

376 2670 663 2725 orationis
699 2669 1167 2741 magnitudinem
1205 2668 1474 2723 consulto
1510 2669 1841 2734 recidit,sed
1877 2671 2031 2741 quod

377 2774 443 2813 ea
476 2762 564 2812 est
595 2773 735 2811 cura
783 2761 839 2811 et
888 2763 1117 2825 natura,
1173 2762 1241 2809 ut
1290 2756 1370 2810 ita
1416 2756 1625 2810 dicam.
1679 2757 2032 2828 Plerumque

378 2844 672 2899 nescimus
721 2861 857 2899 eum
908 2849 967 2898 et
1014 2844 1374 2915 Thucydidis
1424 2844 1683 2915 phrasim
1734 2844 2027 2900 imitatum

377 2934 720 2989 esse.Citius
751 2937 949 2987 autem
982 2932 1246 3004 dialogos
1280 2936 1593 3004 permutat,
1618 2937 1674 2988 et
1718 2939 2027 3005 postquam

379 3022 663 3078 orationis
695 3022 885 3075 ordini
918 3022 1167 3076 breviter
1198 3020 1311 3076 vim
1346 3021 1543 3076 intulit
1574 3027 1631 3076 et
1676 3039 1847 3078 aures
1899 3040 2026 3094 per-

377 3110 650 3177 turbavit,
685 3126 921 3165 rursum
957 3110 1013 3164 in
1048 3126 1109 3165 se
1140 3109 1485 3181 regreditur.
1533 3111 1774 3174 Quando
1824 3116 2019 3166 autem

375 3202 696 3256 solemnem
724 3198 985 3271 phrasim
1009 3204 1195 3267 curat,
1227 3215 1294 3253 ex
1323 3199 1593 3255 [socratis
1620 3199 1777 3255 fonte
1804 3201 2019 3255 haurit.

375 3297 516 3352 Inde
550 3302 743 3352 autem
780 3297 920 3351 idea:
953 3296 1175 3351 ﬂuenta
1202 3297 1516 3368 accipiens,
1548 3313 1661 3351 non
1692 3299 1892 3352 eodem
1928 3313 2027 3352 ore

377 3385 479 3440 illa
512 3386 836 3457 profundit,
880 3386 982 3439 sed
1035 3384 1345 3450 convolvit,
1395 3390 1451 3439 et
1498 3391 1779 3456 tanquam
1838 3386 2025 3441 canali

371 3475 677 3546 premit,ut
709 3473 835 3546 ipse
868 3473 1151 3545 loquitur,
1180 3491 1480 3544 nunquam
1515 3476 1715 3529 sinens
1746 3476 2026 3530 orationis

374 3564 589 3619 ﬂumen
624 3562 821 3619 laxum
853 3563 1094 3617 effundi.
1150 3562 1424 3617 Herodoti
1474 3578 1607 3618 vero
1657 3580 1855 3618 musas
1906 3580 2022 3618 non

370 3657 435 3706 ut
464 3652 561 3706 ille
596 3652 842 3705 minutis
876 3651 1181 3705 ornatibus
1213 3651 1667 3715 circumdat,sed
1693 3668 1791 3707 eas
1816 3653 2023 3719 dignas

367 3745 425 3796 et
456 3744 738 3811 augustas
771 3740 969 3794 efficit.
1002 3740 1117 3794 Nec
1159 3740 1655 3809 quemadmodum
1707 3757 1773 3794 ex
1820 3740 2023 3796 multis

366 3829 699 3884 oratoribus
730 3829 1137 3897 concinnatur,
1171 3829 1254 3883 sic
1299 3829 1369 3882 ad
1422 3828 1687 3899 singulas
1738 3831 2023 3885 orationis

366 3926 561 3991 partes
595 3918 949 3985 distribuit;
1004 3920 1102 3973 sed
1154 3920 1654 3988 quemadmodum
1708 3921 1868 3975 misti
1925 3938 2019 3976 co-

362 4007 516 4061 lores
547 4006 723 4061 aliam
771 4008 1087 4076 quamdam
1140 4007 1461 4077 imaginem
1511 4008 1797 4075 efficiunt,
1852 4015 1909 4064 et
1956 4026 2022 4066 ea

364 4112 480 4151 non
512 4096 716 4150 eadem
751 4100 842 4150 est
871 4112 935 4149 ac
978 4094 1084 4163 illi,
1140 4097 1240 4149 sed
1297 4094 1416 4151 illis
1465 4096 1786 4167 pulchrior,
1833 4099 1920 4154 sic
1966 4109 2024 4154 et

362 4184 622 4257 Gregorii
672 4184 1004 4239 orationum
1059 4184 1218 4239 color
1267 4200 1335 4238 ex
1384 4186 1675 4241 sexcentis
1724 4185 2020 4244 coloribus

360 4273 718 4340 eil‘ormatur,
753 4277 809 4329 et
835 4273 989 4328 alius
1020 4278 1110 4330 est
1140 4289 1206 4327 ac
1236 4272 1321 4327 illi
1354 4277 1410 4329 et
1459 4275 1642 4330 multo
1692 4276 2017 4348 pulchrior-

360 4370 631 4424 Extrema
663 4369 818 4425 enim
851 4386 966 4425 non
1009 4386 1242 4440 semper
1290 4370 1497 4425 mediis
1546 4372 1790 4426 meliora
1838 4380 2016 4440 sunt;

361 4458 459 4511 sed
510 4457 725 4512 accidit
776 4462 838 4511 ut
887 4475 955 4513 ea
1005 4458 1123 4512 illis
1174 4463 1469 4529 praestent,
1522 4476 1649 4514 cum
1704 4461 2013 4532 utriusque

358 4551 615 4601 extrema
649 4546 1143 4618 participent.Ego
1175 4547 1330 4601 enim
1379 4564 1496 4602 non
1540 4549 1904 4605 diversorum
1955 4554 2011 4605 et

357 4633 741 4688 dissimilium
775 4634 1179 4689 collectionem
1211 4638 1340 4704 ejus
1372 4637 1695 4693 orationem
1730 4638 1879 4705 dico,
1912 4640 2015 4694 sed

360 4721 713 4775 uniformem
750 4725 1553 4794 naturam,quemadmodum
1589 4743 1721 4781 rosa
1752 4745 1819 4782 ex
1850 4734 2014 4783 terrae

359 4810 683 4864 visceribus
741 4810 856 4864 exit
903 4828 1033 4866 cum
1091 4829 1198 4867 suo
1248 4813 1501 4868 naturali
1556 4814 1768 4883 colore,
1822 4817 2012 4871 multi-

361 4898 606 4953 formem
640 4915 793 4965 vero,
828 4900 875 4953 si
922 4899 1058 4970 quis
1107 4906 1169 4955 ut
1216 4901 1475 4956 colorum
1527 4904 1862 4959 mistionem
1914 4922 2016 4975 per

358 4986 621 5041 diversos
676 4988 904 5043 colores
963 4995 1160 5059 posset
1226 5006 1515 5059 separare.
1580 4991 1639 5045 Si
1708 4993 1885 5063 igitur
1948 4998 2012 5049 ut

357 5074 587 5130 simiam
621 5076 891 5131 videmus
925 5078 995 5131 ad
1034 5078 1419 5132 imitationem
1455 5084 1715 5149 paratam
1751 5099 1864 5137 non
1898 5084 2010 5138 mi-

355 5180 566 5219 norum
594 5169 849 5229 tantum,
883 5167 982 5221 sed
1015 5170 1072 5221 et
1106 5167 1417 5235 majorum,
1470 5168 1550 5223 ita
1600 5175 1655 5223 et
1705 5169 1793 5226 leo
1840 5173 2009 5226 terri-

356 5252 470 5307 bile
537 5253 922 5325 supercilium
991 5271 1232 5309 servans
1300 5254 1508 5309 deinde
1578 5258 1648 5310 ad
1704 5275 1895 5313 mores
1953 5266 2011 5314 et

354 5340 599 5395 habitus
631 5342 875 5397 aliarum
910 5344 1163 5398 ferarum
1199 5360 1260 5397 se
1307 5350 1697 5413 componeret,
1750 5347 2007 5418 idipsum

355 5435 513 5484 esset
543 5430 639 5484 ille
674 5432 1046 5501 divinusvir.
1082 5431 1353 5487 Oratione
1384 5432 1539 5486 enim
1593 5432 1744 5488 leoni
1794 5437 2007 5493 similis

351 5522 465 5587 est,
496 5519 780 5591 dignitate
814 5520 1043 5593 plenus,
1078 5521 1382 5589 terribilis,
1415 5522 1795 5593 supercilium
1836 5527 2005 5583 attol-

352 5607 503 5678 lens,
538 5607 876 5666 inaccessus
909 5609 1205 5684 plerisque
1233 5610 1320 5667 vel
1351 5611 1650 5670 difﬁcilem
1702 5631 2004 5675 accessum

2040 4506 2090 4574 D

2153 1860 2382 1934 ἀνοίγων
2414 1863 2491 1930 τῷ
2539 1858 2823 1930 πνεύματι.
2876 1858 2974 1913 Καὶ
3014 1860 3149 1930 πρὸς
3197 1866 3366 1914 πᾶσαν
3404 1862 3500 1933 μὲν
3542 1863 3797 1930 Ἀττικῆν

2154 1951 2355 2021 μοῦσαν
2411 1948 2503 2002 τὸν
2546 1946 2746 2001 οἷκεῖον
2799 1946 2960 2020 λόγον
3004 1949 3273 2020 ἀπέξεσεν,
3322 1949 3687 2004 ἀπεικόνισται
3739 1948 3799 2004 δὲ

2153 2035 2365 2109 μᾶλλον
2428 2037 2565 2109 πρὸς
2618 2033 2986 2105 Ἀριστείδην,
3033 2036 3123 2090 καὶ
3183 2036 3424 2112 φαίνεται
3478 2039 3570 2092 τὸν
3625 2036 3797 2115 ἄνδρα

2146 2130 2336 2179 τοῦτον
2391 2122 2629 2197 μάλιστα
2673 2128 2780 2179 τῶν
2840 2121 3028 2179 ἄλλων
3091 2123 3409 2195 ἐζηλωκὼς,
3459 2126 3606 2195 πλὴν
3665 2127 3795 2183 ὅσον

2144 2213 2447 2287 Ἀριστείδῃ
2534 2215 2627 2286 μὶν
2718 2215 2752 2281 ἡ
2830 2213 3051 2287 γλῶττα
3113 2215 3393 2289 βροντῶσα
3460 2216 3555 2288 μέν
3626 2215 3794 2288 ἐστιν,

2144 2303 2519 2377 ἀστράπτουσα
2566 2299 2612 2356 δ’
2660 2298 2726 2356 οὕ
2762 2320 2773 2333 ·
2827 2301 3061 2376 ξυγκυκᾷ
3104 2304 3196 2374 μὶν
3241 2304 3342 2378 γὰρ
3391 2310 3561 2358 πᾶσαν
3621 2305 3794 2373 ἀκοὴν

2141 2398 2258 2455 τοῖς
2288 2391 2714 2466 ἐπιχειρήμασιν
2762 2391 2874 2464 οὐχ
2917 2390 3080 2458 ἧττον
3132 2389 3168 2460 ἤ
3222 2390 3493 2467 Περικλῆς
3526 2394 3624 2460 τὴν
3666 2393 3799 2449 Ἐλ-

2144 2478 2301 2548 λάδα,
2384 2480 2473 2534 καὶ
2546 2485 2665 2540 ταῖς
2752 2484 2859 2533 τῶν
2940 2479 3389 2553 ἐπιχειρημάτων
3455 2480 3797 2555 ἐξεργασίαις

2141 2568 2423 2642 πλήσμιος
2470 2568 2575 2623 ἐστῖ
2630 2574 2746 2629 τοῖς
2793 2567 3087 2644 ἀκροαταῖς
3129 2568 3217 2622 καὶ
3280 2567 3525 2643 βούλοιτ’
3574 2570 3630 2623 ἂν
3662 2568 3795 2624 ἔκα-

2142 2680 2265 2720 στος
2298 2660 2395 2727 τήν
2427 2662 2523 2712 τοῦ
2574 2657 2806 2733 ῥήτορος
2854 2656 3208 2732 ἐπισχεθῆναι
3260 2659 3439 2734 φωνήν
3476 2676 3487 2687 ·
3522 2663 3601 2729 τῷ
3635 2656 3694 2712 δέ
3726 2680 3795 2732 γε

2138 2747 2422 2822 Γρηγορίῳ
2454 2746 2741 2819 ἀκόρεστος
2781 2748 2815 2814 ἡ
2862 2746 3084 2821 γλῶττα
3132 2750 3415 2820 πανταχοῦ
3450 2744 3740 2820 βάλλουσα
3776 2768 3789 2781 ”

2138 2845 2171 2914 ἧ
2206 2866 2263 2899 τε
2292 2847 2394 2921 γὰρ
2434 2844 2731 2919 εὐγλωττία
2760 2848 2867 2898 τῶν
2914 2844 3196 2916 ὀνομάτων
3246 2845 3335 2898 καὶ
3385 2847 3418 2913 ἡ
3470 2843 3787 2921 διῃρημένη

2135 2938 2233 2988 τοῦ
2282 2933 2448 3009 λόγου
2496 2935 2735 3003 συνθήκη
2808 2933 2896 2987 καὶ
2948 2934 2998 2987 oi
3054 2937 3163 2987 τῶν
3225 2935 3529 3009 σχημάτων
3578 2935 3787 3006 κόσμοι

2138 3020 2368 3094 οὐδεμιᾷ
2421 3027 2533 3076 τῶν
2580 3023 2754 3076 ἀκοῶν
2818 3021 2906 3098 ἀφ’
2957 3018 3163 3090 ἡδονῆς
3226 3026 3636 3093 καθεστήκασιν.
3689 3024 3787 3080 Ἑν

2133 3110 2369 3173 πολλοῖς
2397 3108 2453 3165 δὲ
2480 3115 2576 3165 τοῦ
2609 3108 2775 3183 λόγον
2822 3109 3006 3185 μέρεσι
3042 3117 3142 3179 τῆς
3182 3118 3455 3180 Λυσιακῆς
3486 3110 3782 3183 εὐστομίας

2135 3200 2515 3274 ἐμπέπλησται
2575 3198 2721 3271 αὐτῷ
2794 3200 2859 3253 τά
2918 3198 3335 3274 συγγράμματα,
3395 3202 3481 3254 καὶ
3544 3201 3786 3273 μάλιστα

2134 3289 2185 3344 ἐν
2215 3290 2291 3349 οἷς
2343 3288 2559 3365 ἀφελῶς
2603 3289 2983 3363 προοιμιάζειν
3034 3288 3369 3363 προῄρηται,
3420 3288 3528 3363 οὐχ
3570 3292 3645 3352 ὡς
3684 3310 3787 3343 κο-

2134 3377 2312 3446 λάζων
2371 3381 2467 3430 τοῦ
2518 3376 2687 3451 λόγου
2742 3377 2804 3431 τὸ
2856 3377 3081 3451 μέγεθος
3129 3374 3458 3447 ἐξεπίτηδες,
3516 3376 3644 3432 ἀλλ’
3701 3379 3781 3439 ὡς

2135 3466 2306 3527 οὕτως
2339 3460 2509 3541 ἔχων,
2560 3465 2757 3534 είπεῑα,
2802 3464 3035 3538 μελέτης
3088 3465 3178 3519 καὶ
3239 3466 3470 3543 φύσεως.
3522 3467 3790 3531 Λανθάνει

2134 3552 2190 3609 δὲ
2219 3556 2285 3609 τά
2316 3553 2503 3609 πολλὰ
2523 3554 2611 3608 καὶ
2641 3555 2743 3623 τῆν
2791 3551 3120 3609 Θουκυδίδου
3165 3554 3353 3631 φράσιν
3388 3555 3736 3627 μιμοῦμενος
3771 3576 3785 3588 ·

2132 3655 2321 3707 Θᾶττον
2384 3650 2441 3706 δέ
2494 3652 2589 3707 τάς
2642 3649 2990 3726 κοινολογίας
3039 3650 3375 3721 διαλλάττει,
3432 3652 3543 3717 καὶ,
3601 3653 3791 3728 βραχῦ

2130 3765 2179 3797 τι
2212 3743 2547 3817 τυραννήσας
2591 3745 2688 3796 τοῦ
2740 3739 2911 3815 λόγου
2960 3743 3061 3810 τήν
3118 3741 3359 3811 σύνταξιν
3406 3741 3496 3794 καὶ
3530 3738 3796 3815 διαθορυ-

2133 3828 2302 3902 δήσας
2361 3833 2459 3901 τήν
2517 3831 2708 3898 ἀκοὴν,
2753 3830 2829 3892 εἷς
2880 3830 3064 3885 ἐαυτὸν
3125 3832 3276 3891 αὖθις
3334 3830 3789 3886 ἀποκαθίσταται.

2129 3922 2297 3985 Ἔνθα
2356 3919 2413 3975 δὲ
2469 3920 2568 3987 τὴν
2640 3921 2839 3991 σεμνὴν
2916 3918 3103 3996 φράσιν
3185 3917 3512 3989 ἐπιτηδεύει,
3570 3919 3630 3973 ἐκ
3687 3923 3794 3989 τῆς

2132 4011 2471 4083 Ἰσοκράτους
2532 4015 2718 4083 πηγῆς
2772 4008 3106 4082 ἀπαρύεται·
3188 4008 3384 4071 ἐκεῖθεν
3447 4005 3503 4062 δὲ
3564 4004 3794 4079 λαμϐα-

2130 4122 2235 4154 νων
2283 4106 2384 4169 τῆς
2436 4095 2581 4159 ἷδέας
2625 4097 2691 4151 τὰ
2740 4096 2972 4169 νάματα,
3033 4096 3130 4151 οὐκ
3177 4096 3282 4151 ἀπὸ
3333 4101 3429 4151 τοῦ
3470 4096 3585 4151 ἴσου
3615 4101 3794 4153 ταῦτα

2130 4193 2420 4263 προχεῖται
2480 4187 2775 4260 στόματος,
2831 4183 2977 4240 ἀλλά
3035 4186 3315 4263 συστρέφει
3370 4186 3459 4239 καὶ
3519 4206 3793 4261 σορογγυ-

2131 4277 2268 4345 λίζει
2326 4275 2537 4340 σωλῆνι
2594 4275 2851 4349 σφίγγων,
2920 4274 2993 4335 ὡς
3049 4275 3211 4336 αὐτὸς
3271 4295 3453 4351 φησιν,
3513 4273 3637 4329 ἀλλ’
3683 4277 3797 4330 οὐκ

2131 4364 2322 4443 ἄφετον
2349 4365 2447 4419 ἐῶν
2498 4368 2595 4419 τοῦ
2644 4361 2811 4438 λόγου
2862 4368 3188 4438 προχεῖσθαι
3236 4364 3296 4417 τὸ
3356 4362 3551 4438 ῥεῦμα.
3582 4363 3688 4425 Τάς
3726 4362 3790 4420 δὶ

2128 4453 2424 4529 Ἡροδότου
2475 4452 2679 4526 μούσας
2737 4453 2847 4527 οὐχ
2891 4452 2963 4514 ὡς
3015 4451 3216 4513 ἐκεῖνος
3264 4450 3617 4524 λεπτολογεῖ,
3652 4451 3792 4509 ἀλλ’

2121 4542 2486 4616 ἀξιωματιιιάς
2548 4540 2827 4617 ἐργάζεται
2883 4540 2974 4595 καὶ
3025 4540 3243 4613 σεμνάς.
3300 4540 3423 4614 Οὖχ
3479 4540 3661 4613 ὥσπερ
3722 4540 3787 4597 δί

2126 4633 2186 4688 ἐκ
2241 4630 2467 4687 πολλῶν
2531 4629 2779 4705 ῥητόρων
2824 4628 3126 4703 ἥρμοσται,
3186 4628 3328 4683 οὕτω
3382 4626 3447 4697 δὴ
3497 4630 3588 4682 καὶ
3638 4631 3787 4703 πρὸς

2123 4716 2341 4775 ἕκαστον
2371 4719 2457 4773 ἐπὶ
2509 4722 2615 4772 τῶν
2674 4721 2772 4772 τοῦ
2830 4715 3003 4791 λόγου
3066 4722 3245 4790 μερῶν
3298 4715 3555 4791 διῄρηται
3600 4734 3616 4751 ⁸
3652 4716 3787 4773 ἀλλ’

2125 4812 2304 4883 ὥσπερ
2363 4809 2429 4862 τά
2484 4805 2954 4881 συγκεραννύμενα
3010 4805 3282 4882 χρώματα
3331 4803 3472 4859 ἄλλο
3530 4827 3583 4859 τι
3632 4804 3787 4870 εἶδος

2121 4912 2288 4974 ποιεῖ,
2321 4905 2411 4959 καὶ
2456 4902 2565 4958 ἔστι
2615 4907 2775 4957 τοῦτο
2826 4903 2934 4978 οὐχ
2981 4904 3092 4957 οἷον
3142 4902 3340 4971 ἐκεῖνα,
3375 4900 3499 4956 ἀλλ’
3533 4901 3680 4956 ἔσυιν
3718 4902 3785 4957 οὗ

2119 4993 2349 5051 κάλλιον
2382 4993 2443 5047 τὸ
2560 4991 2775 5047 ἐκείνων
2828 4993 3006 5046 αὐτῶν
3040 4991 3105 5061 δὴ
3132 4991 3367 5057 τούτων,
3400 4991 3542 5045 οὕτω
3576 4989 3643 5059 δὴ
3686 4994 3783 5047 καὶ

2118 5086 2179 5140 τὸ
2231 5081 2534 5159 Γρηρορίου
2580 5086 2783 5157 χρῶμα
2829 5085 2927 5136 τοῦ
2976 5079 3147 5155 λόγου
3202 5078 3503 5149 διήνθισται
3558 5081 3652 5153 μὶν
3723 5081 3787 5137 ἐκ

2125 5174 2330 5249 μυρίων
2383 5171 2724 5246 χρωμάτων,
2769 5168 2878 5224 ἔστι
2926 5167 2981 5223 δὲ
3013 5168 3154 5225 ἄλλο
3200 5190 3250 5223 τι
3302 5170 3447 5243 παρά
3490 5170 3785 5224 ταῦτακαὶ

2118 5260 2347 5317 κάλλιον
2411 5258 2625 5313 ἐκείνων
2686 5258 2831 5331 παρά
2880 5256 3044 5313 πολύ.
3095 5257 3167 5311 Οὐ
3215 5259 3315 5331 γὰρ
3365 5258 3419 5311 αῖ
3478 5258 3785 5330 ἀκρότητες

2118 5352 2195 5406 ἀεὶ
2224 5349 2499 5425 κρείττους
2525 5350 2632 5401 τῶν
2689 5345 2864 5419 μέσων
2902 5365 2915 5378 ·
2972 5343 3100 5399 ἀλλ’
3152 5343 3290 5400 ἔστιν
3348 5347 3409 5400 οὗ
3437 5344 3600 5399 τοῦτο
3641 5367 3781 5399 συν-

2118 5438 2438 5517 ἀμφοτέρων
2497 5440 2703 5511 κρατεῖ.
2759 5437 2964 5509 Ἕγωγ⁹
3013 5432 3104 5489 οὖν
3153 5430 3277 5488 οὐδὲ
3323 5434 3619 5508 συναίρεμα
3664 5433 3779 5488 ἀλι-

2117 5528 2353 5603 λοτρίων
2386 5525 2472 5579 καὶ
2505 5522 2778 5602 διαφόρων
2831 5526 2921 5578 τὸν
2974 5522 3178 5577 ἐκείνου
3220 5521 3389 5598 λόγον
3423 5522 3590 5600 φημὶ,
3622 5520 3782 5577 ἀλλὰ

2121 5614 2374 5693 μονοειδῆ
2412 5614 2507 5687 μὶν
2552 5615 2652 5683 τὴν
2700 5612 2881 5687 φύσιν,
2928 5612 3109 5685 ὥσπερ
3160 5607 3226 5681 δὴ
3277 5613 3339 5667 τὸ
3372 5609 3529 5688 ῥόδον
3565 5609 3626 5667 ἐκ
3652 5616 3774 5666 τῶν
