3976 6212
173 319 283 379 905

1065 314 1168 376 DE
1211 313 1608 376 caueomo
1652 313 2094 392 THEOLOGO,
2145 313 2482 392 BASILIO,
2530 314 2700 376 ETC.

3472 323 3590 387 906

168 458 261 521 τῆς
308 458 413 527 γῆς
471 450 720 526 λαγόνων
762 447 928 504 ἄνεισι
974 451 1108 523 μετά
1149 453 1248 504 τοῦ
1300 451 1531 524 φυσικοῦ
1577 448 1812 522 χρώμα-
1843 452 1892 520 Α
1929 451 2051 521 prae?

2025 450 2231 518 ebens;
2267 450 2474 507 deinde
2505 457 2563 508 et
2608 452 2875 509 omnium
2907 453 3160 510 ferarum
3210 472 3409 514 vocem
3441 459 3585 519 imi.‘

165 563 277 614 τος,
309 538 577 610 πολυείδῆ
613 539 691 609 δὶ,
723 537 780 595 εἷ’
800 561 882 602 τις
926 540 999 601 ὡς
1053 541 1231 615 μίγμα
1260 540 1323 594 τὸ
1350 543 1558 614 χρῶμα
1589 535 1816 610 διαιρεῖν

168 628 386 686 δύναιτο
416 631 552 705 πρὸς
583 627 878 707 διαφόρους
932 629 1129 705 χροιὰς
1176 628 1226 698 ἐξ
1267 626 1340 681 ὧν
1375 625 1434 681 ἄν
1464 648 1546 688 τις
1571 628 1816 682 τοιοῦτὸν

161 721 513 794 τεχνήσαιτο.
547 719 609 772 El
644 720 738 789 μὲν
789 717 881 772 οὖν
927 712 1108 789 ὥσπερ
1155 717 1254 779 τὰς
1291 717 1562 785 πιθήκους
1602 716 1818 790 ὁρῶμεν

164 808 419 881 ἑτοίμους
471 807 547 870 εἷς
600 807 858 880 μίμησιν,
910 807 971 861 οὒ
1017 807 1124 859 τῶν
1177 804 1506 873 ἐλαττόνων,
1556 803 1816 859 ἀλλὰκαὶ

160 903 266 953 τῶν
303 897 591 971 μειζόνων,
623 893 766 950 οὕτω
796 893 863 965 δὴ
912 895 1001 949 καὶ
1051 896 1100 949 εἶ’
1145 893 1282 949 λέων
1309 916 1392 954 τις
1434 891 1674 969 ἐγεγόνει
1709 894 1822 947 σώ-

163 993 266 1056 ζων
303 988 402 1059 μὲν
434 984 610 1056 ἐαυτῷ
657 984 746 1040 καὶ
794 985 855 1038 τὸ
912 984 1178 1059 βλοσυρὸν
1227 982 1563 1053 ἐπισκύνιον,
1614 982 1724 1036 εἶτα
1751 978 1818 1048 δὴ

159 1076 249 1131 καί
306 1076 447 1148 πρὸς
502 1074 568 1128 τά
622 1071 731 1144 ἤθη
781 1073 870 1129 καὶ
925 1073 1188 1148 σχήματα
1232 1077 1339 1126 τῶν
1383 1070 1577 1144 ἐτέρων
1635 1074 1818 1142 θηρῶν

161 1163 542 1239 μεθηρμόζετο
589 1163 681 1218 καὶ
723 1161 976 1234 ἐμιμεῖτο
1020 1161 1318 1234 ξύμπαντα,
1357 1161 1432 1232 μὴ
1481 1154 1818 1214 καταϐαίνων

157 1259 254 1310 τοῦ
281 1252 618 1326 ἀξιώματος,
651 1250 782 1306 αὐτὸ
829 1249 888 1305 ἂν
927 1255 1087 1305 τοῦτο
1135 1251 1201 1318 ἧν
1235 1251 1264 1303 6
1294 1251 1437 1312 θεῖος
1469 1249 1628 1322 ἀνήρ.
1665 1250 1819 1304 Ἐστι

161 1343 257 1413 μὲν
309 1342 413 1416 γὰρ
471 1340 561 1396 τὸν
613 1337 781 1412 λόγον
842 1338 1017 1392 ὁπόσα
1082 1338 1219 1393 κατά
1268 1337 1425 1412 φύσιν
1487 1342 1569 1408 τῷ
1618 1333 1818 1406 λέοντι,

1931 542 2110 602 tatur,
2144 545 2201 594 et
2231 557 2292 594 se
2314 541 2383 594 ad
2438 558 2925 613 unumquemque
2975 545 3277 616 componit
3307 546 3588 620 imagine,

1933 628 2217 692 moribus,
2269 629 2496 684 habitu.
2551 628 2880 701 Unicuique
2929 631 3176 689 dialecto
3224 650 3398 691 suum
3457 654 3589 707 pro-

1933 716 2126 786 prium
2159 717 2402 772 innectit
2433 719 2726 789 mugitum
2762 739 2775 786 ;
2828 721 3162 777 Graecorum
3215 739 3347 779 vero
3393 734 3587 782 orato-

1931 822 2060 859 rum
2095 805 2349 878 quisque
2371 823 2433 862 se
2466 809 2535 862 ad
2561 825 2740 862 unam
2766 810 3050 866 orationis
3081 811 3327 868 formam
3353 831 3587 873 accom-

1933 895 2179 949 modans
2213 896 2331 949 sive
2363 895 2653 951 excelsam
2686 898 2806 952 sive
2838 900 3088 954 mediam
3136 902 3257 957 sive
3286 902 3590 972 leviorem,

1933 985 2002 1038 ad
2037 1001 2164 1038 eam
2204 983 2388 1039 solam
2409 986 2818 1057 confringitur.
2847 987 3004 1042 Talis
3027 996 3150 1044 erat
3169 990 3448 1063 Gregorio
3462 1010 3592 1050 ora-

1931 1074 2010 1128 tio
2042 1091 2056 1139 ;
2088 1089 2413 1144 omnesque
2444 1074 2754 1130 aemulatur
2783 1081 3042 1132 oratores
3069 1095 3081 1132 :
3116 1079 3219 1150 qui
3257 1081 3414 1136 enim
3446 1100 3594 1154 pra:-

1933 1167 2022 1217 ter
2051 1161 2184 1216 illos
2239 1164 2609 1228 exstiterunt,
2643 1165 2690 1217 si
2729 1170 2858 1234 post
2905 1165 3038 1222 illos
3071 1168 3333 1238 quidem,
3367 1171 3440 1226 ab
3473 1170 3592 1228 illis

1933 1250 2185 1305 mutuati
2219 1257 2378 1320 sunt,
2412 1251 2460 1306 si
2494 1257 2628 1308 ante
2672 1252 2845 1321 ﬁlios,
2880 1254 3244 1326 pulchriores
3295 1259 3585 1332 imagines

1934 1344 2072 1394 sunt
2105 1357 2282 1411 quam
2315 1341 2604 1412 exempla.

161 1429 559 1502 ἀξιωματικός,
615 1423 844 1505 φοϐερὸς
900 1427 1195 1501 βλοσυρὸς,
1251 1425 1545 1500 ἀπρόσιτος
1612 1431 1731 1487 τοῖς
1806 1424 2044 1488 πολλοῖς
2111 1424 2148 1495 ἤ
2222 1424 2580 1502 δυσπρόσιτος
2614 1448 2626 1461 ⁸
2688 1424 2872 1484 ἔπειτα
2921 1427 2978 1484 δὲ
3025 1431 3113 1486 καὶ
3167 1437 3336 1488 πᾶσαν
3395 1442 3592 1509 μιμεῖ.

158 1541 245 1574 ται
301 1518 502 1589 θηρίοῦ
560 1519 776 1594 φωνὴν,
839 1516 927 1571 καὶ
985 1517 1120 1587 πρὸς
1180 1511 1402 1569 ἕκαστον
1455 1511 1914 1588 διεσχημάτισται
1968 1520 2047 1586 τῷ
2076 1513 2228 1586 ε’ίδει,
2259 1521 2338 1588 τῷ
2367 1520 2512 1587 ἧΟει,
2541 1522 2620 1589 τῷ
2648 1522 2918 1593 σχήματι.
2955 1521 3186 1595 Έκάστῃ
3220 1520 3277 1578 δὶ
3308 1521 3575 1599 διαλέκτῳ

158 1612 215 1664 τὸ
281 1608 492 1662 οἰκεῖον
541 1605 1024 1682 παρεμπέπλεκται
1088 1603 1354 1681 βρύχημα
1390 1623 1402 1636 ·
1460 1609 1567 1658 τῶν
1617 1601 1674 1658 δὲ
1723 1605 1849 1676 παρ’
1905 1603 2145 1674 Ἕλλησι
2189 1605 2436 1681 ῥητόρων
2487 1601 2712 1665 ἕκαστος
2764 1608 2886 1680 μίαν
2939 1607 3081 1664 ἰδέαν
3110 1616 3207 1665 τοῦ
3240 1611 3409 1687 λόγου
3464 1627 3591 1688 μεθ-

163 1698 574 1772 αρμοσάμενος,
727 1697 827 1764 τὴν
887 1694 1109 1768 ὑψηλὴν
1247 1695 1346 1762 τήν
1400 1695 1566 1766 μέσην
1640 1690 1676 1761 ἤ
1736 1695 1836 1761 τὴν
1913 1691 2141 1766 λεπτὴν,
2199 1697 2335 1771 πρὸς
2412 1696 2582 1768 μόνην
2648 1697 2816 1766 αὐτὴν
2870 1699 3263 1755 ἀπεικόνισται.
3325 1706 3590 1766 Τοιοῦτος

167 1789 260 1860 μὲν
322 1785 416 1842 οὖν
467 1791 545 1857 τῷ
600 1785 893 1860 Γρηγορίῳ
951 1785 978 1838 6
1039 1781 1225 1860 λόγος,
1277 1784 1365 1838 καὶ
1427 1783 1564 1856 πρὸς
1625 1782 1931 1856 ξύμπαντας
1975 1781 2334 1858 διαμιλλᾶται
2391 1785 2523 1849 τοὺς
2580 1786 2815 1861 ῥήτορας
2853 1808 2864 1822 ο
2906 1788 2957 1841 οἷ
2989 1790 3091 1863 γάρ
3123 1791 3414 1864 παράτοὺς
3447 1792 3600 1868 εῗρη.

169 1877 390 1948 μένους,
441 1874 488 1928 εἰ
543 1875 637 1948 μὲν
702 1874 817 1946 μετ’
875 1872 1128 1936 ἐκείνους·
1189 1870 1388 1936 ἐκεῖθεν
1448 1871 1787 1947 ἡρμόσαντο,
1819 1871 1863 1925 εἷ
1897 1870 1954 1927 δὲ
2002 1873 2108 1950 πρὸ
2168 1873 2410 1944 ἐκείνων,
2442 1873 2709 1939 καλλίους
2739 1879 2792 1932 αἱ
2844 1876 3046 1940 εἰκόνες
3071 1884 3180 1935 τῶν
3211 1880 3588 1958 παράδειγμά-

168 1986 292 2022 των.

225 2072 292 2145 γ’,
328 2071 396 2128 Ὁ
428 2067 488 2125 δέ
541 2089 603 2143 γε
659 2067 824 2143 μέγας
871 2066 1183 2131 Βασίλειος.
1230 2065 1412 2143 ὥσπερ
1463 2065 1530 2136 δὴ
1585 2071 1693 2121 τῶν
1731 2067 1822 2120 ἀν’
1855 2071 1902 2135 Β
2001 2071 2051 2126 3'

2025 2073 2055 2126 ι.
2092 2070 2339 2143 Magnus
2388 2077 2584 2128 autem
2645 2073 2921 2141 Basilius,
2955 2081 3018 2132 ut
3074 2078 3274 2134 omnia
3330 2079 3594 2139 humana

167 2161 461 2232 Θρωπικῶν
521 2160 738 2213 πάντων
789 2157 1047 2231 ὑπερορᾷ,
1100 2154 1246 2211 οὕτω
1289 2153 1354 2224 δὴ
1409 2150 1554 2211 ἔοικε
1592 2155 1820 2211 καὶτῶν

164 2248 423 2312 ἐπιθέτων
454 2253 554 2316 τῆς
601 2248 806 2320 τέχνης
851 2245 1076 2318 κόσμων
1121 2250 1499 2322 καταφρονεῖν,
1562 2244 1652 2299 καὶ
1690 2243 1824 2319 βού-

167 2336 310 2391 λεται
348 2336 518 2398 αὐτὸς
548 2335 661 2390 οἷον
692 2333 858 2409 τέχνο
903 2355 986 2396 τις
1033 2335 1164 2388 εἶναι
1219 2338 1316 2388 τοῦ
1348 2333 1515 2408 λόγου
1551 2355 1564 2367 ·
1600 2331 1728 2387 ἀλλ’
1759 2332 1821 2387 οὐ

165 2427 294 2501 πρὸς
327 2425 532 2500 τέχνην
563 2423 711 2494 αὐτῷ
739 2421 1032 2478 πλάττεται
1062 2423 1128 2477 τά
1162 2423 1581 2497 συγγράμματα.
1605 2427 1732 2483 Τοῖς
1767 2418 1826 2476 δέ

169 2515 398 2590 ῥήτορσι
430 2511 836 2586 συνωμιληκὼς
870 2512 961 2566 καὶ
1001 2511 1261 2584 ξόμπασι,
1305 2509 1532 2584 δύναμιν
1563 2512 1656 2583 μὲν
1685 2510 1823 2564 ἐκεῖ·

167 2607 246 2658 θεν
279 2604 708 2680 λογογραφικῆς
755 2598 899 2662 ἷδέας
950 2600 1236 2667 ἐσπάσατο,
1281 2601 1371 2654 καὶ
1434 2601 1650 2676 μακρῷ,
1692 2600 1829 2654 κατά

168 2715 225 2768 γε
253 2699 425 2748 τοῦτο
446 2693 512 2747 τὸ
546 2693 732 2766 μέρος,
763 2690 1000 2751 ἐκείνους
1054 2684 1420 2765 ὑπερεϐάλετο
1454 2709 1466 2722 ·
1501 2693 1825 2762 κακουργεῖν

168 2782 222 2838 εὶ
265 2785 348 2856 μή
403 2783 790 2856 προῃρημένος
837 2779 961 2853 περὶ
1013 2779 1139 2841 τοὺς
1187 2777 1408 2854 λόγους,
1459 2777 1522 2832 οὐ
1572 2776 1736 2848 ζηλοῖ
1762 2778 1831 2832 τά

170 2872 361 2928 πολλά
390 2871 489 2932 τάς
529 2866 869 2944 ἐμμεθόδους
913 2867 1120 2923 τούτων
1169 2865 1483 2938 δεινότητας
1517 2887 1530 2900 '
1577 2866 1667 2921 καὶ
1717 2865 1829 2921 ἔστι

169 2963 261 3034 μὶν
329 2960 487 3031 αὖτῷ
516 2959 543 3012 ὁ
577 2955 743 3033 λόγος
776 2955 1216 3027 ἀνεπιτήδευτος,
1260 2957 1459 3032 βροντᾷ
1489 2954 1547 3011 δὶ
1587 2956 1830 3030 ἀτεχνῶς

174 3050 358 3123 ὥσπερ
418 3047 479 3102 ἐκ
534 3050 732 3124 νεφῶν,
811 3046 901 3100 καὶ
984 3051 1154 3100 πᾶσαν
1229 3045 1564 3118 ἀποκρύπτει
1619 3045 1827 3122 φωνήν.

170 3141 328 3196 Ἔστι
365 3135 427 3192 δὲ
475 3135 622 3207 αὖτῷ
673 3135 734 3189 τὸ
783 3139 996 3207 πνεῦμα
1047 3139 1145 3189 τοῦ
1193 3132 1360 3210 λόγου
1410 3132 1830 3207 Δημοσθενικὸν,

167 3230 293 3284 ὅσον
327 3227 547 3282 εἷκάσαι
579 3224 664 3298 (οὐ
713 3224 812 3301 γάρ
863 3225 1000 3278 κατά
1039 3222 1205 3294 ζῆλον
1259 3222 1463 3279 ἐκείνου
1513 3222 1780 3297 πρόεισιν)
1815 3241 1826 3253 ⁸

171 3313 572 3391 ἀπαράμιλλον
633 3309 711 3385 δὲ,
764 3309 820 3366 εἷ’
863 3333 946 3374 τις
1005 3313 1140 3388 πρὸς
1199 3309 1424 3382 ἄλληλα
1463 3311 1587 3372 τοὺς
1632 3309 1835 3384 λόγους

171 3403 481 3480 συγκρίνειν
518 3400 796 3476 βοῦλοιτο.
825 3401 900 3458 Τὸ
954 3398 1011 3455 δέ
1057 3421 1119 3475 γε
1158 3399 1648 3476 ἐπιχειρηματικὸν
1690 3395 1831 3462 εἶδος

168 3493 319 3564 αὖτῷ
372 3491 434 3547 ἐκ
477 3495 585 3544 τῶν
634 3486 968 3567 Ἀριστείδου
1015 3487 1198 3563 λόγων
1252 3486 1311 3542 ἄν
1361 3510 1443 3550 τις
1493 3486 1834 3565 χαρακτηρί-

171 3612 314 3646 σειεν
352 3611 366 3623 ·
429 3587 557 3645 ἄλλ’
617 3586 670 3643 εἷ’
719 3609 803 3650 τις
859 3588 1094 3662 ἐκατέρῳ
1134 3581 1443 3662 προσϐάλοι
1511 3588 1609 3656 τὴν
1644 3586 1835 3656 ἀκοὴν,

174 3679 376 3752 ἐκείνῳ
439 3679 535 3751 μὲν
585 3682 665 3750 τῷ
718 3677 909 3753 ῥήτορι
959 3675 1170 3748 αὐτίκα,
1204 3673 1240 3744 ἤ
1297 3675 1685 3745 ἀποκναισθείη
1746 3675 1835 3729 καὶ

1934 2159 2206 2230 despicit,
2242 2161 2320 2216 ita
2351 2165 2408 2215 et
2436 2162 2685 2228 videtur,
2721 2164 2982 2234 adjectos
3014 2166 3158 2221 artis
3188 2172 3431 2225 ornatus
3490 2171 3594 2226 de-

1935 2248 2176 2320 spicere,
2211 2254 2266 2304 et
2296 2249 2418 2304 vult
2449 2250 2646 2322 ipsum
2679 2253 2848 2324 quasi
2882 2254 3163 2310 orationis
3195 2263 3379 2312 artem
3421 2258 3549 2313 ﬁeri
3576 2283 3592 2327 ;

1936 2339 2035 2392 sed
2074 2354 2186 2392 non
2220 2341 2545 2394 secundum
2601 2346 2787 2396 artem
2840 2344 2969 2413 ejus
3001 2345 3220 2415 scripta
3266 2345 3590 2418 ﬁnguntur.

1937 2425 2080 2480 Cum
2113 2426 2446 2482 oratoribus
2481 2427 2769 2484 universis
2801 2433 3318 2498 conversatus,vim
3351 2433 3592 2504 quidem

1939 2515 2074 2570 inde
2104 2516 2399 2570 scribendi
2432 2517 2650 2581 hausit,
2681 2523 2740 2572 et
2772 2518 3022 2573 multum
3057 2536 3155 2575 eos
3197 2520 3255 2575 in
3289 2521 3398 2577 hac
3429 2525 3594 2593 parte

1940 2605 2275 2674 superavit;
2331 2621 2536 2660 nocere
2593 2611 2790 2661 autem
2849 2625 2981 2662 cum
3045 2609 3171 2664 suis
3228 2611 3596 2667 orationibus

1941 2693 2144 2758 nollet,
2170 2693 2516 2765 plerumque
2538 2712 2652 2749 non
2679 2696 2945 2751 imitatur
2972 2698 3360 2754 methodicam
3393 2716 3596 2755 eorum

1942 2783 2210 2854 peritiam
2238 2799 2250 2836 :
2284 2788 2339 2837 et
2360 2784 2486 2852 ejus
2510 2784 2747 2854 quidem
2771 2785 2956 2840 oratio
2989 2803 3102 2841 non
3127 2803 3331 2843 curam
3354 2787 3596 2855 redolet,

1944 2877 2108 2926 tonat
2155 2877 2349 2926 autem
2397 2872 2567 2941 quasi
2618 2891 2686 2928 ex
2737 2875 2914 2937 nube.
2967 2880 3024 2930 et
3077 2893 3312 2931 omnem
3347 2877 3602 2933 extrahit

1941 2976 2164 3015 vocem.
2199 2959 2495 3016 Orationis
2525 2963 2656 3030 ejus
2687 2963 2933 3034 spiritus
2967 2964 3454 3021 Demosthenicus
3485 2970 3596 3032 est,

1944 3055 2231 3120 quantum
2267 3054 2457 3120 potest
2488 3049 2735 3120 conjici;
2789 3050 2951 3107 nulla
2980 3058 3178 3108 autem
3234 3054 3596 3125 comparatio

1943 3138 2257 3194 statuenda
2287 3143 2399 3205 est,
2431 3137 2480 3194 si
2515 3137 2646 3209 quis
2691 3139 2986 3195 orationes
3032 3141 3396 3198 orationibus
3425 3141 3599 3198 vellet

1944 3243 2302 3299 comparare.
2346 3229 2840 3298 Argumentorum
2893 3233 3086 3284 autem
3136 3231 3264 3300 ejus
3313 3231 3501 3286 forma
3529 3245 3601 3286 ex

1945 3315 2224 3372 Aristidis
2248 3315 2614 3372 orationibus
2647 3315 2908 3388 apprime
2938 3317 3342 3388 insigniretur.
3367 3317 3427 3375 Si
3450 3318 3566 3374 utri
3584 3347 3601 3361 -

1946 3423 2060 3478 que
2089 3422 2289 3461 aurem
2323 3405 2455 3476 quis
2505 3405 2809 3476 praeberet,
2839 3407 2910 3461 ab
2951 3405 3053 3461 illo
3103 3406 3338 3478 quidem
3369 3411 3602 3463 oratore

1945 3495 2372 3552 obtunderetur
2403 3499 2460 3549 et
2484 3495 2659 3550 aliam
2691 3495 3109 3550 transferretur
3139 3512 3358 3564 vocem,
3390 3496 3602 3552 oratio-

1946 3601 2090 3641 num
2125 3588 2319 3639 autem
2348 3583 2548 3639 Basilii
2579 3583 2895 3640 tonitribus
2917 3584 3159 3640 suavius
3186 3584 3605 3657 disponeretur

1947 3679 2003 3730 et
2032 3674 2102 3729 ad
2135 3689 2340 3729 eorum
2372 3690 2585 3729 sonum
2619 3673 2878 3730 saltaret.

174 3770 318 3842 πρὸς
350 3766 532 3838 ἄλλην
563 3765 878 3841 μετενέγκοι
922 3767 1131 3841 φωνήν,
1166 3765 1302 3842 πρὸς
1342 3762 1398 3820 δὲ
1440 3765 1534 3828 τάς
1577 3763 1866 3822 Βασιλείου
1913 3767 2018 3817 τῶν
2053 3759 2230 3838 λόγων
2285 3761 2513 3838 βροντὰς
2559 3758 2820 3839 ήδύτερον
2871 3759 2930 3819 ἂν
2991 3760 3259 3831 διατεθείη
3319 3763 3410 3819 καὶ
3472 3784 3602 3818 συν-

178 3859 551 3934 ιξορχήσαιτο
583 3854 706 3931 περὶ
734 3856 832 3924 τήν
860 3855 1010 3930 ἠχώ.

248 3963 319 4021 δ’.
353 3967 614 4023 Τοιοῦτος
651 3963 746 4034 μὲν
777 3963 867 4017 οὗν
914 3962 1064 4034 αὐτῷ
1109 3961 1198 4016 καὶ
1232 3962 1259 4016 6
1288 3958 1524 4040 ἀδελφὸς
1566 3957 1662 4036 ἔφυ
1695 3967 1838 4034 Γρη-

173 4056 392 4128 γόριος.
430 4050 669 4114 Οὐδένας
719 4052 823 4126 γὰρ
870 4047 1042 4127 ἔγωγε
1089 4050 1407 4124 ξυμπάντων
1460 4049 1711 4127 ῥητόρων
1747 4070 1840 4121 με·

172 4141 676 4221 γαλοφωνοτέρους
713 4144 820 4194 τῶν
863 4136 1006 4195 δυεῖν
1049 4138 1257 4194 τούτων
1314 4139 1569 4210 ἐγνώκειν
1604 4135 1838 4211 ἀνδρῶν.

174 4233 347 4288 Ἀλλ’
378 4231 410 4286 ’ὀ
441 4235 558 4292 τοῖς
591 4227 788 4291 ἄλλοις
833 4227 1092 4305 ῥήτορσιν
1139 4229 1168 4283 ὁ
1209 4227 1488 4290 Νυσσαεὺς
1516 4229 1842 4296 καθεστήκοι

171 4321 526 4395 Γρηγόριος,
553 4323 714 4373 τοῦτο
745 4315 814 4387 δὴ
857 4319 994 4391 πρὸς
1037 4316 1228 4373 τοῦτον
1267 4319 1295 4372 6
1344 4319 1510 4392 μέγας
1540 4315 1842 4377 Βασίλειος.

171 4411 326 4485 Epic
367 4411 464 4483 μὲν
492 4409 594 4484 γὰρ
640 4410 740 4477 τήν
791 4407 1084 4465 Βασιλείου
1132 4405 1414 4483 σάλπιγγα
1470 4406 1622 4478 αὐλῴ
1671 4403 1729 4462 ἄν
1760 4427 1844 4468 τις

166 4503 272 4570 τὴν
321 4503 427 4554 τοῖ’)
475 4496 718 4573 ἀδελφοῦ
764 4497 1016 4572 γλῶσσαν
1075 4497 1332 4552 εἷκάσειεν
1365 4516 1378 4528 ο
1431 4497 1568 4573 πρὸς
1611 4492 1669 4550 δὲ
1718 4493 1844 4556 τοὺς

165 4590 304 4664 περὶ
359 4588 718 4661 Δημοσθένην
765 4586 854 4642 καὶ
905 4583 1240 4664 Ἀριστείδην
1290 4584 1570 4661 σάλπιγγα
1623 4585 1715 4640 τὸν
1755 4585 1846 4640 ἄν·

164 4676 274 4754 δρα
336 4682 534 4732 τοῦτον
575 4675 1020 4749 κατονομάσειεν.
1070 4673 1253 4732 ’Δλλά
1298 4674 1684 4751 πανηγυρίζειν
1752 4674 1846 4746 μὲν

160 4767 422 4838 ἥττηται
465 4764 750 4824 Βασιλείαυ
797 4767 945 4842 παρά
981 4765 1127 4822 πολύ
1163 4786 1176 4798 ·
1226 4763 1567 4837 ἀνακαλύψαι
1617 4762 1675 4817 δὲ
1716 4763 1848 4838 βου-

160 4857 426 4930 λόμενος
459 4854 584 4917 σοὺς
619 4854 796 4918 θείους
845 4855 1134 4931 χρησμοὺς
1180 4856 1267 4910 καὶ
1306 4853 1480 4909 ὁπόσα
1507 4857 1614 4908 τῶν
1643 4850 1845 4927 λογίων

160 4947 510 5021 κέκρυπται.
565 4942 782 4999 ’ίόταται
843 4946 936 5017 μὶν
990 4945 1117 5020 παρ’
1175 4943 1379 5000 ἐκεῖνον
1440 4943 1700 5017 ἀτρέμας,
1757 4941 1849 4995 καὶ

160 5039 190 5092 ὁ
234 5033 564 5111 συγκρίνων
595 5031 761 5111 ἄμφω
786 5034 921 5088 κατά
967 5038 1135 5088 τοῦτο
1184 5033 1246 5088 τὸ
1293 5032 1458 5109 μέρος
1493 5029 1592 5086 οὐκ
1622 5030 1682 5084 ἄν
1717 5030 1848 5104 ὑπὲρ

159 5122 480 5180 Βασιλείω
511 5123 579 5176 τα
601 5123 777 5177 πάντα
798 5121 1123 5197 ψηφίσαιτο.

231 5218 300 5271 ε’.
365 5213 435 5270 ⁸0
485 5208 546 5266 δὲ
583 5213 683 5281 τήν
741 5210 989 5287 γλῶτταν
1045 5214 1284 5286 χρυσοῦς
1340 5211 1616 5279 Ἰωάννης,
1667 5207 1712 5263 εἰ
1760 5206 1850 5262 καὶ

153 5307 266 5374 τήν
341 5301 554 5375 ἀρετὴν
613 5300 758 5364 θεῖός
813 5300 924 5355 ἐστι
979 5301 1065 5356 καὶ
1115 5305 1233 5361 τοῖς
1288 5305 1451 5354 πᾶσιν
1507 5298 1850 5373 ἀσύγκριτος,

2023 3960 2178 4017 Talis
2209 3965 2266 4016 et
2297 3961 2421 4031 ipse
2452 3960 2564 4016 iuit
2611 3962 2740 4031 ejus
2771 3961 2949 4017 frater
2994 3962 3330 4032 Gregorius.
3364 3961 3601 4017 Nullum

1952 4049 2190 4121 quidem
2221 4066 2290 4105 ex
2329 4050 2607 4105 omnibus
2657 4051 2989 4106 oratoribus
3023 4051 3210 4121 magis
3253 4049 3604 4121 altiloquum

1951 4139 2082 4194 novi
2114 4155 2292 4208 quam
2345 4137 2478 4194 illos
2509 4139 2657 4194 duos
2712 4139 2888 4194 viros.
2923 4140 3084 4204 Quod
3137 4144 3334 4194 autem
3385 4143 3443 4194 et
3473 4137 3606 4194 aliis

1953 4229 2284 4283 oratoribus
2323 4233 2412 4282 est
2441 4228 2762 4299 Nyssenus,
2796 4228 2904 4282 hoc
2935 4228 3017 4281 illi
3053 4244 3304 4297 magnus
3338 4227 3604 4283 Basilius.

1954 4317 2105 4372 Dum
2127 4317 2285 4371 enim
2309 4316 2526 4386 aliquis
2552 4317 2751 4371 Basilii
2775 4317 3170 4386 eloquentiam
3206 4317 3356 4370 tubas
3387 4317 3608 4372 confer-

1955 4410 2062 4471 ret,
2095 4405 2292 4460 fratris
2323 4421 2518 4460 vocem
2545 4405 2696 4459 tibiae
2718 4405 3105 4472 assimularet;
3133 4407 3232 4460 sed
3263 4405 3607 4461 Demosthe-

1956 4494 2017 4550 ni
2073 4499 2131 4550 et
2186 4493 2428 4549 Aristidi
2485 4499 2889 4563 comparatum
2950 4496 3152 4547 tubam
3213 4493 3370 4548 hunc
3419 4494 3609 4549 virum

1957 4582 2306 4639 nominaret.
2339 4582 2448 4636 Sed
2489 4581 2549 4636 in
2581 4580 3020 4636 laudationibus
3051 4581 3266 4637 Basilio
3299 4581 3483 4638 multo
3517 4583 3610 4638 in-

1957 4672 2130 4728 ferior
2156 4675 2282 4739 est;
2317 4687 2450 4726 cum
2483 4674 2678 4726 autem
2713 4670 2910 4726 divina
2941 4670 3178 4726 oracula
3231 4671 3488 4727 revelare
3521 4671 3610 4727 in-

1959 4762 2144 4818 tendit
2172 4766 2229 4817 et
2254 4776 2621 4832 quaecunque
2652 4761 2899 4830 antiqua
2929 4760 3398 4830 absconduntur,
3434 4777 3611 4832 prope

1957 4850 2124 4906 illum
2159 4855 2278 4907 stat
2309 4848 2660 4920 intrepidus,
2691 4852 2745 4903 et
2772 4850 2820 4903 si
2854 4848 2987 4919 quis
3019 4849 3188 4904 ambo
3216 4849 3274 4903 in
3307 4848 3414 4904 hac
3447 4853 3612 4921 parte

1959 4941 2220 4997 conferre
2249 4938 2405 5008 velit,
2441 4955 2554 4994 non
2586 4938 2784 4994 omnia
2816 4955 2917 5009 pro
2952 4937 3159 4993 Basilio
3208 4938 3372 4994 dabit
3401 4939 3612 4995 suifra-

1959 5045 2073 5101 gia.

2027 5210 2082 5264 5.
2113 5208 2370 5265 Joannes
2402 5211 2597 5262 autem
2629 5205 3100 5278 Chrysostomus,
3130 5204 3180 5260 si
3228 5203 3441 5259 virtute
3464 5204 3614 5260 divi-

1961 5316 2076 5357 nus
2106 5301 2197 5354 est
2225 5301 2281 5352 et
2312 5296 2456 5351 nulli
2488 5293 2927 5367 comparabilis,
2963 5311 3079 5349 non
3112 5294 3615 5364 quemadmodum

1955 5389 2092 5457 alia,
2124 5392 2180 5442 et
2209 5386 2384 5441 verba
2434 5385 2734 5456 despexit;
2769 5385 2871 5440 sed
2919 5389 3010 5439 est
3040 5382 3210 5452 quasi
3264 5383 3411 5437 artis
3441 5399 3621 5440 orna-

1957 5481 2243 5533 mentum.
2303 5475 2592 5530 Omnibus
2649 5474 2806 5529 enim
2865 5472 3070 5527 formis
3129 5471 3517 5527 concinnatur
3563 5479 3624 5528 et

1957 5564 2205 5638 politicze
2233 5562 2578 5634 eloquentiae
2613 5561 2824 5617 ardens
2856 5559 3159 5616 amulator
3188 5564 3279 5616 est
3308 5564 3366 5616 et
3397 5575 3622 5626 unum-

1959 5653 2235 5728 quodque
2289 5669 2358 5710 ex
2418 5651 2720 5709 rhetoricae
2779 5649 3097 5723 generibus
3155 5650 3470 5707 artiﬁciose
3503 5653 3620 5706 tra-

149 5392 295 5450 ἀλλ’
329 5388 471 5466 οὐχ’
501 5389 684 5464 ὥσπερ
715 5394 821 5444 τῶν
866 5386 1077 5460 ἄλλων,
1111 5388 1254 5444 οὕτω
1299 5387 1368 5457 δὴ
1399 5389 1486 5444 καὶ
1520 5391 1626 5442 τῶν
1661 5386 1841 5461 λόγων

149 5480 570 5560 ὑπερεώρων
604 5499 618 5512 ·
652 5477 778 5534 ἀλλ’
806 5473 918 5534 ἔστι
945 5486 1048 5548 τῆς
1075 5478 1279 5556 τέχνης
1310 5479 1384 5540 ὡς
1417 5477 1642 5548 ἀληθῶς
1668 5473 1844 5551 ἄγαλ-

149 5595 254 5649 μα.
318 5570 441 5626 Ἐκ
491 5569 670 5639 πάσης
712 5589 772 5623 τε
831 5568 935 5646 γὰρ
983 5565 1124 5631 ἶδέας
1173 5569 1541 5643 ξυνήρμοσται
1597 5566 1687 5620 καὶ
1745 5568 1844 5621 τοῦ

143 5660 484 5722 πολιτικοῦ
513 5655 682 5734 λόγου
721 5654 884 5737 ἄκρος
929 5657 1039 5714 ἐστὶ
1089 5655 1371 5731 ζηλωτὴς,
1399 5659 1506 5712 τῶν
1533 5675 1592 5712 τε
1613 5660 1715 5726 τῆς
1747 5653 1847 5734 ῥη-

520 5790 782 5853 Ρλτιιοι.
830 5791 942 5854 Gn.
989 5787 1223 5854 CXXII.
3220 5780 3296 5840 29
