4032 6202
464 314 581 375 9οἹ

1808 313 2221 375 MICHAELIS
2268 314 2537 375 PSELLI
2568 326 2573 329 ‘

3763 320 3874 381 908

468 449 600 501 ctat.
638 447 707 501 Et
762 447 921 501 novit
976 447 1212 521 quidem
1272 448 1571 521 oppositas
1626 462 1819 513 voces,
1875 446 2036 502 novit
2065 450 2108 501 et

2235 447 2467 521 τορικῆς
2496 444 2656 501 εῗδῶν
2699 446 2925 503 ἕκαστον
2979 446 3245 525 ἐντέχνως
3297 446 3874 523 μεταχειρίζεται.Ῑζαῖ

469 536 797 609 panegyrici
857 539 1086 609 generis
1146 538 1665 609 pulchritudinem.
1730 539 1809 591 Ad
1872 535 2118 591 consilia

468 632 663 680 autem
696 633 1013 697 apparatur
1043 644 1155 681 non
1190 634 1312 682 arte
1345 633 1407 681 ut
1430 626 1631 698 regula
1660 644 1825 689 usus,
1862 627 1958 680 sed
1993 626 2117 693 ipse

469 714 600 770 aliis
650 715 829 785 hujus
885 716 1114 787 generis
1164 718 1365 788 regula
1425 718 1683 771 effectus.
1722 717 1838 771 Nec
1890 716 2114 787 Lysiam

468 810 757 860 oratorem
788 805 1092 871 imitatur;
1138 808 1268 876 ejus
1312 813 1508 860 tamen
1542 806 1727 860 oratio
1782 804 1963 877 Lysias
1992 820 2117 859 ora-

468 892 693 949 tionum
754 894 1123 948 festivitatem
1194 899 1593 965 repraesentat,
1664 900 1903 965 excepto
1963 894 2117 965 quod

466 982 565 1036 ille
597 980 941 1052 simplicior,
977 982 1065 1037 hic
1098 984 1496 1039 abundantior
1529 989 1584 1038 et
1619 983 1983 1055 splendidior
2013 988 2121 1037 est.

464 1069 702 1125 Extollit
732 1076 927 1125 autem
959 1072 1284 1126 orationem
1341 1089 1453 1127 non
1487 1072 1673 1144 tropis
1723 1077 1779 1127 et
1826 1071 2122 1143 allegoriis

466 1163 521 1213 et
572 1159 1017 1230 periphrasibus
1076 1177 1259 1231 neque
1320 1161 1518 1233 lyricis
1568 1166 1626 1216 et
1673 1160 2124 1234 ditbyrambicis

465 1248 822 1318 nominibus,
858 1250 958 1305 sed
1000 1256 1272 1306 accurata
1324 1250 1753 1323 compositione
1785 1254 1840 1306 et
1892 1249 2125 1321 phrasis

465 1336 769 1409 dignitate.

537 1519 590 1571 6.
624 1517 742 1590 Ego
764 1517 941 1587 igitur
961 1517 1164 1574 vellem
1190 1523 1245 1574 et
1288 1524 1547 1590 optarem
1598 1519 1836 1575 laudare
1869 1524 1935 1574 ut
1982 1519 2125 1574 Gre-

470 1607 669 1679 gorius
699 1607 1029 1678 theologus,
1063 1608 1368 1679 splendide
1416 1609 1576 1680 loqui
1610 1614 1673 1664 ut
1732 1624 1983 1680 magnus
2019 1609 2125 1663 Ba-

469 1696 658 1764 silius,
719 1696 917 1750 divina
988 1697 1226 1751 oracula
1301 1698 1594 1768 explicare
1673 1702 1735 1752 ut
1810 1697 2124 1768 Gregorius

467 1786 789 1857 Nyssenus,
820 1784 1260 1841 deliberativum
1297 1802 1485 1858 genus
1532 1791 1786 1841 tractare
1814 1792 1872 1841 et
1902 1785 2115 1841 oratio-

465 1892 597 1931 nem
630 1873 882 1929 hilarare
903 1875 1272 1947 simplicibus
1295 1880 1350 1930 et
1373 1876 1864 1932 inonarrabilibus
1888 1875 2112 1948 gratiis,

464 1969 529 2022 ut
557 1964 751 2021 divina
778 1964 1034 2037 Spiritus
1065 1966 1252 2021 sancti
1284 1965 1406 2036 lyra
1435 1964 1905 2038 Chrysostomus.

2227 531 2337 587 οἶδε
2363 534 2456 605 μὲν
2489 535 2583 594 τὰς
2633 533 2941 598 ἀντιθέτους
2993 538 3195 614 φωνὰς,
3245 535 3359 592 οἶδε
3412 536 3468 591 δὲ
3497 544 3596 607 τῆς
3626 560 3861 614 πανηγυ-

2228 629 2383 696 ρικῆς
2413 620 2555 685 ἰδέας
2584 625 2645 679 τὸ
2691 623 2922 687 κάλλος.
2976 626 3439 701 Διεσχημάτισται
3500 625 3557 682 δὲ
3612 629 3739 703 περὶ
3784 629 3870 691 τὰς

2230 706 2568 784 συμϐουλὰς,
2620 713 2682 767 οὗ
2729 715 2909 769 κανόνι
2956 714 3094 788 πρὸς
3146 720 3304 770 τοῦτο
3349 715 3416 790 τῇ
3453 715 3621 791 τέχνῃ
3666 720 3875 792 χρησά-

2232 822 2412 873 μενος,
2442 799 2569 855 ἀλλ’
2602 800 2761 864 αὐτὸς
2805 804 3008 876 ἑτέροις
3056 804 3235 858 κανὼν
3262 811 3363 874 τῆς
3395 802 3536 866 ἰδέας
3565 807 3875 879 γενόμενος,

2231 890 2326 945 Καὶ
2362 890 2561 945 Λυσίαν
2601 892 2693 964 μὲν
2728 891 2790 946 οὐ
2846 898 3097 965 μιμεῖται
3139 894 3229 947 τὸν
3283 892 3487 968 ῥήτορα
3520 913 3533 926 ·
3568 895 3596 949 6
3628 892 3685 949 δὲ
3720 894 3874 970 λόγος

2231 979 2377 1051 αὐτῷ
2435 981 2570 1055 πρὸς
2623 982 2723 1049 τήν
2769 982 3058 1054 εὐστομίαν
3099 981 3303 1037 ἐκείνου
3370 982 3682 1050 εἰκόνισται,
3736 985 3872 1053 πλὴν

2233 1067 2355 1122 ὅσον
2404 1070 2432 1123 6
2486 1071 2579 1141 μὲν
2626 1069 3009 1148 ἀφελέστερος,
3069 1072 3096 1125 6
3155 1068 3212 1126 δὲ
3264 1070 3553 1148 ἀδρότερος
3602 1074 3692 1127 καὶ
3750 1073 3876 1147 λαμ-

2231 1158 2514 1231 πρότερος·
2550 1160 2778 1235 Ἐξαίρει
2839 1157 2897 1214 δὲ
2950 1160 3045 1214 τὸν
3084 1160 3249 1235 λόγον
3306 1160 3368 1215 οὐ
3407 1168 3635 1235 τροπαῖς
3662 1162 3754 1217 καὶ
3784 1162 3874 1217 ἀλ-

2236 1247 2527 1321 ληγορίαις
2582 1249 2672 1302 καὶ
2730 1250 3133 1327 περιφράσεσιν,
3185 1247 3309 1304 οὐδὲ
3361 1257 3478 1313 τοῖς
3540 1247 3872 1328 ὑποϐάκχοις

2232 1337 2324 1390 καὶ
2358 1332 2708 1411 διθυράμϐων
2742 1338 3026 1409 ὀνόμασιν,
3075 1335 3221 1393 ἀλλᾶ
3265 1342 3334 1412 τῇ
3385 1339 3619 1413 ἐμμελεῖ
3648 1342 3869 1416 συνθήκῃ

2234 1428 2323 1481 καὶ
2353 1432 2431 1499 τῷ
2462 1435 2561 1496 τῆς
2594 1429 2842 1504 φράσεως
2881 1430 3171 1501 ἀξιώματι.

2306 1519 2370 1580 ς’.
2405 1520 2601 1591 Ἔγωγ¹
2659 1516 2751 1572 οὖν
2813 1515 3123 1593 βουλοίμην
3183 1519 3270 1573 καὶ
3330 1519 3597 1594 ἀγαπώην
3653 1519 3869 1575 avum-

2235 1607 2507 1683 ηγυρίζειν
2541 1608 2633 1679 μὲν
2685 1608 2758 1668 ὡς
2789 1608 2816 1662 6
2862 1604 3124 1682 θεολόγος
3177 1609 3510 1685 Γρηγόριος,
3541 1608 3872 1687 λαμπροφω-

2232 1702 2340 1750 νεῖν
2375 1693 2432 1749 δὲ
2469 1696 2544 1758 ὡς
2590 1697 2618 1751 6
2679 1695 2843 1771 μέγας
2898 1695 3205 1769 Βασίλειος,
3257 1696 3561 1773 ἐξηγεῖσθαι
3612 1695 3671 1753 δὲ
3711 1699 3872 1763 θείους

2233 1784 2525 1861 χρησμοὺς
2581 1786 2655 1847 ὡς
2710 1787 2738 1840 6
2798 1785 3073 1845 Νυσσαεὺς
3133 1788 3458 1863 Γρηγόριος,
3512 1786 3764 1851 ἵστασθαι
3818 1786 3871 1843 δὲ

2226 1877 2361 1950 πρὸς
2391 1877 2453 1929 τὸ
2487 1870 2952 1947 συμϐουλεντικὸν
3002 1874 3144 1937 εἶδος
3195 1876 3285 1930 καὶ
3328 1874 3619 1954 ἇφηδύνιιν
3670 1879 3761 1932 τὸν
3792 1876 3876 1931 λό·

2222 1986 2319 2039 γον
2349 1970 2466 2027 ταῖς
2499 1963 2699 2026 ἁπλαῖς
2756 1965 2845 2019 καὶ
2889 1962 3221 2040 ἀδιηγήτοις
3263 1966 3505 2041 χάρισιν,
3542 1966 3618 2029 ὡς
3647 1969 3683 2037 ἡ
3708 1972 3875 2042 χρυσῆ

2224 2053 2366 2130 λύρα
2393 2058 2494 2108 τοῦ
2526 2053 2860 2127 Πνεύματος.

1140 2425 1487 2556 ΤΟΥ
1587 2423 2382 2553 ΙΩΑΝΝΟΥ
2477 2421 3200 2554 ΨΕΛΛΟΥ

2053 2660 2286 2715 ΣΤΙΧΟΙ

942 2840 1140 2934 ΕΙΣ
1251 2838 1568 2935 ΤΟΥΣ
1683 2837 2133 2934 ΑΓΙΟΥΣ
2253 2838 2614 2932 ΤΡΕΙΣ
2743 2837 3392 2933 ΙΕΡΑΡΧΑΣ.

1300 3187 2179 3341 JOANNIS
2278 3186 2997 3340 PSELLI

2008 3431 2283 3489 VERSUS

1119 3597 1251 3691 IN
1325 3593 1885 3690 SANCTOS
1950 3592 2275 3688 TRES
2346 3592 3214 3731 HIEBARCHAS.

1435 3789 1605 3861 (Opp.
1638 3786 1925 3843 Theodori
1955 3785 2284 3857 Prodromi,
2315 3788 2392 3855 8°,
2426 3786 2663 3843 Basileaa
2699 3787 2882 3859 1536.)

446 4129 617 4194 Tace,
652 4126 962 4198 spectator,
992 4126 1048 4178 et
1077 4122 1247 4177 breve
1278 4135 1447 4175 mane
1480 4126 1732 4191 tempus,

446 4218 529 4273 Ne
561 4216 799 4289 quando
830 4213 1031 4269 turbes
1062 4210 1364 4283 pulchram
1399 4209 1885 4264 consuetudinem

442 4311 512 4363 Et
563 4307 848 4362 mundum
907 4304 1121 4359 damno
1180 4300 1401 4357 afﬁcias
1460 4314 1796 4354 sermonum
1849 4296 2099 4354 Numine

1716 4386 2094 4459 [afﬂatorum.

440 4487 483 4541 E
516 4485 659 4541 coelo
692 4483 847 4539 enim
879 4498 1082 4537 recens
1113 4480 1223 4536 hoc
1254 4479 1423 4534 tertio

442 4574 611 4630 Venit
638 4574 884 4628 alferens
913 4570 1126 4626 Paulus
1159 4570 1522 4625 aerioursor:

445 4664 636 4719 Movet
689 4667 882 4717 autem
936 4676 1176 4715 manum
1227 4659 1297 4714 ad
1353 4657 1668 4728 Scriptum
1700 4653 2093 4710 ministerium

442 4752 613 4810 Orbis
648 4749 1002 4823 prodigium,
1038 4764 1279 4803 aureum
1315 4763 1379 4800 os
1409 4762 1421 4799 :

440 4841 735 4899 Emulare
764 4845 1037 4895 caeterum
1070 4854 1239 4907 quem
1274 4839 1409 4890 ante
1434 4834 1650 4905 januas
1682 4832 1865 4901 vides,

446 4935 589 4987 Cum
620 4929 720 4985 illo
752 4933 945 4984 autem
980 4926 1193 4980 mirare
1224 4928 1279 4978 et
1307 4921 1504 4979 animo
1536 4920 1809 4976 consiste.

987 5071 1047 5123 In
1083 5068 1546 5137 Chrysostomum.

438 5202 525 5255 An
558 5198 823 5268 linguam
855 5192 1143 5262 repertam
1175 5185 1371 5257 ignem
1404 5187 1746 5259 spirantem,
1780 5186 1984 5259 pictor,

439 5286 636 5343 Solam
668 5279 937 5345 emisisti,
973 5282 1239 5331 metuens
1272 5276 1571 5331 ﬂammam
1594 5276 1621 5330 ?

434 5377 551 5430 Aut
579 5371 776 5427 omnia
806 5369 1029 5425 audens
1062 5365 1306 5421 ascribis
1337 5366 1489 5436 quod
1527 5382 1700 5420 urens
1732 5369 1840 5433 est,

433 5467 504 5518 Et
533 5465 705 5518 sonat
736 5458 977 5531 quidem
1008 5459 1063 5510 et
1093 5453 1354 5526 loquitur
1383 5453 1817 5510 exhortationes
1838 5452 1866 5506 ?

430 5553 538 5609 Sed
571 5555 660 5608 est
690 5566 827 5606 voce
859 5544 1061 5621 gracili
1092 5560 1160 5600 ex
1188 5544 1301 5599 cibi
1334 5543 1726 5611 abstinentia;

431 5644 619 5702 Meam
651 5645 924 5699 czeterum
958 5636 1114 5691 enim
1148 5650 1351 5690 aurem
1385 5649 1501 5691 non
1533 5633 1859 5707 praebebam
1887 5648 1901 5688 :

2117 5498 2165 5563 D

2130 4122 2172 4188 C
2213 4121 2373 4190 Σῖγα,
2411 4115 2592 4183 θεατὰ,
2622 4115 2714 4171 καὶ
2748 4116 2954 4194 βραχὺν
2990 4122 3173 4190 μεῖνον
3207 4118 3432 4193 χρόνον.

2208 4207 2421 4274 Mf,an
2450 4206 2676 4280 τεράξῃς
2702 4207 2800 4275 τὴν
2839 4204 3013 4274 καλὴν
3048 4206 3347 4274 συνουσίαν,

2209 4294 2310 4351 Καὶ
2345 4294 2633 4369 ζημιώσῃς
2658 4294 2862 4368 κόσμον
2894 4293 3106 4359 ἐνθέους
3138 4294 3356 4372 λόγους.

2208 4472 2292 4541 Ἐξ
2326 4471 2551 4547 οὐρανοῦ
2581 4474 2683 4550 γὰρ
2709 4474 2827 4543 ἄρτι
2857 4473 3054 4529 τούτου
3079 4478 3177 4530 τυῦ
3205 4475 3391 4550 τρίτου

2203 4561 2359 4615 Ἣκει
2390 4563 2633 4634 κομίζων
2669 4562 2886 4627 Παῦλος
2910 4561 3330 4639 αἱθεροδρόμος,

2206 4655 2356 4703 Κινεῖ
2386 4648 2442 4704 δὲ
2472 4656 2635 4727 χεῖρα
2663 4653 2801 4726 πρὸς
2825 4658 3043 4730 Γραφῆς
3075 4653 3373 4727 ὑπουργίαν
3408 4670 3423 4683 ·

2205 4738 2550 4812 Οἰκουμένης
2577 4741 2638 4795 τὸ
2670 4742 2848 4813 θαῦμα
2870 4742 2930 4795 τὸ
2960 4745 3199 4817 χρυσοῦν
3233 4741 3427 4814 στόμα,

2204 4826 2385 4898 Ζήλου
2414 4830 2474 4883 τὸ
2509 4828 2726 4897 λοιπὸν,
2761 4831 2818 4883 ὃν
2851 4832 2957 4905 πρὸ
2986 4835 3093 4884 τῶν
3118 4832 3291 4890 Θυρῶν
3329 4828 3579 4905 βλέπεις,

2203 4916 2391 4989 Τούτῳ
2423 4915 2480 4972 δὲ
2511 4917 2851 4992 συνθαῦμαζε
2879 4919 2971 4973 καὶ
3000 4918 3371 4995 συγκαρτὲρει.

2701 5060 2793 5124 Εἷς
2818 5062 2909 5116 τὸν
2940 5060 3352 5137 Χρυσόστομον.

2201 5185 2272 5240 Ἦ
2305 5181 2557 5258 γλῶσσαν
2582 5185 2754 5260 εὑρὼν
2788 5189 2893 5257 πῦρ
2916 5186 3199 5255 πνέουσαν,
3235 5183 3505 5263 ζωγράφε,

2203 5268 2390 5342 Μάνην
2423 5272 2658 5349 ἀφῆκας,
2692 5268 3014 5344 εὐλαϐηθεὶς
3044 5275 3143 5342 τὴν
3178 5272 3357 5352 φλόγα
3387 5291 3403 5341 ;

2201 5364 2271 5418 ’Ή
2304 5363 2479 5417 πάντα
2506 5360 2731 5436 τολμῶν
2761 5364 3125 5440 προσγράφοις
3157 5363 3245 5418 καὶ
3275 5363 3338 5418 τὸ
3367 5360 3579 5441 φλέγον
3612 5382 3625 5395 ·

2200 5453 2294 5506 Καὶ
2331 5450 2606 5530 φθέγγεται
2642 5453 2736 5525 μὶν
2768 5452 2859 5506 καὶ
2892 5450 3053 5507 λαλεῖ
3081 5454 3445 5527 παραινέσεις,

2193 5539 2352 5597 Ἀλλ’
2380 5536 2524 5596 ἔστιν
2558 5539 2905 5619 ἴσχνόφωνος
2936 5540 2986 5613 ἐξ
3018 5541 3247 5613 ἀσιτίας,

2193 5630 2357 5704 Ἐμὸν
2388 5630 2449 5685 τὸ
2483 5629 2677 5685 λοιπὸν
2704 5630 2766 5685 οὐ
2795 5630 2899 5708 γὰρ
2931 5630 3024 5694 οὓς
3054 5632 3415 5708 παρεσχόμην
3450 5650 3467 5702 ;
