  <div class='ocr_page' id='page_1' title='image "/cluster/home/n/w/nwhite01/storage/ocr_20150623/122/hvd.32044073502460/472.png"; bbox 0 0 3976 6212; ppageno 0'>
   <div class='ocr_carea' id='block_1_1' title="bbox 181 341 3576 409">
    <p class='ocr_par' dir='ltr' id='par_1_1' title="bbox 181 341 3576 409">
     <span class='ocr_line' id='line_1_1' title="bbox 181 341 3576 409; baseline 0.001 -5"><span class='ocrx_word' id='word_1_1' title='bbox 181 348 273 406; x_wconf 82' lang='lat'><strong>909</strong></span> <span class='ocrx_word' id='word_1_2' title='bbox 1329 343 1408 402; x_wconf 87' lang='lat' dir='ltr'>IN</span> <span class='ocrx_word' id='word_1_3' title='bbox 1458 343 1570 403; x_wconf 89' lang='lat' dir='ltr'>SS.</span> <span class='ocrx_word' id='word_1_4' title='bbox 1617 341 1817 403; x_wconf 77' lang='lat' dir='ltr'>TRES</span> <span class='ocrx_word' id='word_1_5' title='bbox 1861 343 2388 405; x_wconf 73' lang='lat' dir='ltr'>HlERAltCHAS.</span> <span class='ocrx_word' id='word_1_6' title='bbox 3453 347 3576 409; x_wconf 81' lang='grc'>910</span> 
     </span>
    </p>
   </div>
   <div class='ocr_carea' id='block_1_2' title="bbox 179 469 1403 550">
    <p class='ocr_par' dir='ltr' id='par_1_2' title="bbox 179 469 1403 550">
     <span class='ocr_line' id='line_1_2' title="bbox 179 469 1403 550; baseline -0.002 -20"><span class='ocrx_word' id='word_1_7' title='bbox 179 479 265 531; x_wconf 72' lang='grc' dir='ltr'>Νῦν</span> <span class='ocrx_word' id='word_1_8' title='bbox 298 473 392 529; x_wconf 71' lang='grc' dir='ltr'>οὖν</span> <span class='ocrx_word' id='word_1_9' title='bbox 427 472 684 550; x_wconf 78' lang='grc' dir='ltr'>ὑποσχὼν</span> <span class='ocrx_word' id='word_1_10' title='bbox 714 473 993 550; x_wconf 75' lang='grc' dir='ltr'>γνώσομαι</span> <span class='ocrx_word' id='word_1_11' title='bbox 1022 469 1076 528; x_wconf 85' lang='grc' dir='ltr'>τί</span> <span class='ocrx_word' id='word_1_12' title='bbox 1108 493 1201 547; x_wconf 88' lang='grc' dir='ltr'>μοι</span> <span class='ocrx_word' id='word_1_13' title='bbox 1233 470 1403 548; x_wconf 67' lang='grc' dir='ltr'>λέγει·</span> 
     </span>
    </p>
   </div>
   <div class='ocr_carea' id='block_1_3' title="bbox 178 560 1351 642">
    <p class='ocr_par' dir='ltr' id='par_1_3' title="bbox 178 560 1351 642">
     <span class='ocr_line' id='line_1_3' title="bbox 178 560 1351 642; baseline -0.001 -23"><span class='ocrx_word' id='word_1_14' title='bbox 178 560 329 624; x_wconf 72' lang='grc' dir='ltr'>Βαϐαῖ</span> <span class='ocrx_word' id='word_1_15' title='bbox 358 567 369 618; x_wconf 76' lang='lat' dir='ltr'>l</span> <span class='ocrx_word' id='word_1_16' title='bbox 404 569 753 642; x_wconf 80' lang='grc' dir='ltr'>καταφρονεῖν</span> <span class='ocrx_word' id='word_1_17' title='bbox 789 585 855 638; x_wconf 83' lang='grc' dir='ltr'>με</span> <span class='ocrx_word' id='word_1_18' title='bbox 886 564 1055 619; x_wconf 83' lang='grc' dir='ltr'>πείθει</span> <span class='ocrx_word' id='word_1_19' title='bbox 1087 568 1181 617; x_wconf 75' lang='grc' dir='ltr'>τοῦ</span> <span class='ocrx_word' id='word_1_20' title='bbox 1209 562 1351 638; x_wconf 87' lang='grc' dir='ltr'>βίου.</span> 
     </span>
    </p>
   </div>
   <div class='ocr_carea' id='block_1_4' title="bbox 546 705 1426 783">
    <p class='ocr_par' dir='ltr' id='par_1_4' title="bbox 546 705 1426 783">
     <span class='ocr_line' id='line_1_4' title="bbox 546 705 1426 783; baseline 0.001 -21"><span class='ocrx_word' id='word_1_21' title='bbox 546 707 640 769; x_wconf 76' lang='grc' dir='ltr'>Εἷς</span> <span class='ocrx_word' id='word_1_22' title='bbox 672 706 973 783; x_wconf 80' lang='grc' dir='ltr'>Γρηγόριον</span> <span class='ocrx_word' id='word_1_23' title='bbox 1006 706 1099 761; x_wconf 84' lang='grc' dir='ltr'>τὸν</span> <span class='ocrx_word' id='word_1_24' title='bbox 1133 705 1426 781; x_wconf 86' lang='grc' dir='ltr'>Θεόλογον.</span> 
     </span>
    </p>
   </div>
   <div class='ocr_carea' id='block_1_5' title="bbox 176 829 1494 907">
    <p class='ocr_par' dir='ltr' id='par_1_5' title="bbox 176 829 1494 907">
     <span class='ocr_line' id='line_1_5' title="bbox 176 829 1494 907; baseline -0.005 -18"><span class='ocrx_word' id='word_1_25' title='bbox 176 835 222 889; x_wconf 83' lang='grc' dir='ltr'>Τί</span> <span class='ocrx_word' id='word_1_26' title='bbox 248 855 333 888; x_wconf 89' lang='grc' dir='ltr'>σοι</span> <span class='ocrx_word' id='word_1_27' title='bbox 362 833 427 888; x_wconf 79' lang='grc' dir='ltr'>τὸ</span> <span class='ocrx_word' id='word_1_28' title='bbox 459 832 675 887; x_wconf 67' lang='grc' dir='ltr'>σύννουν</span> <span class='ocrx_word' id='word_1_29' title='bbox 714 829 940 907; x_wconf 72' lang='grc' dir='ltr'>βλέμμα</span> <span class='ocrx_word' id='word_1_30' title='bbox 973 829 1247 906; x_wconf 65' lang='grc' dir='ltr'>βούλεται,</span> <span class='ocrx_word' id='word_1_31' title='bbox 1283 831 1494 905; x_wconf 82' lang='grc' dir='ltr'>Πάτερ;</span> 
     </span>
    </p>
   </div>
   <div class='ocr_carea' id='block_1_6' title="bbox 176 916 1230 994">
    <p class='ocr_par' dir='ltr' id='par_1_6' title="bbox 176 916 1230 994">
     <span class='ocr_line' id='line_1_6' title="bbox 176 916 1230 994; baseline -0.006 -14"><span class='ocrx_word' id='word_1_32' title='bbox 176 925 340 994; x_wconf 66' lang='grc' dir='ltr'>Λέξειν</span> <span class='ocrx_word' id='word_1_33' title='bbox 372 945 426 977; x_wconf 88' lang='grc' dir='ltr'>τι</span> <span class='ocrx_word' id='word_1_34' title='bbox 458 927 644 976; x_wconf 70' lang='grc' dir='ltr'>καινοῦ</span> <span class='ocrx_word' id='word_1_35' title='bbox 675 916 906 989; x_wconf 70' lang='grc' dir='ltr'>ἐκϐιάζει</span> <span class='ocrx_word' id='word_1_36' title='bbox 944 941 1038 993; x_wconf 87' lang='grc' dir='ltr'>μοι</span> <span class='ocrx_word' id='word_1_37' title='bbox 1067 923 1230 994; x_wconf 76' lang='grc' dir='ltr'>τάχα.</span> 
     </span>
    </p>
   </div>
   <div class='ocr_carea' id='block_1_7' title="bbox 174 1008 1579 1085">
    <p class='ocr_par' dir='ltr' id='par_1_7' title="bbox 174 1008 1579 1085">
     <span class='ocr_line' id='line_1_7' title="bbox 174 1008 1579 1085; baseline -0.006 -16"><span class='ocrx_word' id='word_1_38' title='bbox 174 1011 321 1070; x_wconf 82' lang='grc' dir='ltr'>Ἀλλ’</span> <span class='ocrx_word' id='word_1_39' title='bbox 362 1013 466 1068; x_wconf 80' lang='grc' dir='ltr'>οὐκ</span> <span class='ocrx_word' id='word_1_40' title='bbox 494 1012 555 1067; x_wconf 71' lang='grc' dir='ltr'>ἂν</span> <span class='ocrx_word' id='word_1_41' title='bbox 588 1008 765 1084; x_wconf 69' lang='grc' dir='ltr'>εὕρῃς·</span> <span class='ocrx_word' id='word_1_42' title='bbox 801 1015 905 1064; x_wconf 71' lang='grc' dir='ltr'>πᾶν</span> <span class='ocrx_word' id='word_1_43' title='bbox 935 1010 1037 1085; x_wconf 76' lang='grc' dir='ltr'>γάρ</span> <span class='ocrx_word' id='word_1_44' title='bbox 1066 1009 1379 1085; x_wconf 83' lang='grc' dir='ltr'>ἀνθρώποις</span> <span class='ocrx_word' id='word_1_45' title='bbox 1409 1008 1579 1079; x_wconf 64' lang='grc' dir='ltr'>ξενον,</span> 
     </span>
    </p>
   </div>
   <div class='ocr_carea' id='block_1_8' title="bbox 172 1186 1352 1269">
    <p class='ocr_par' dir='ltr' id='par_1_8' title="bbox 172 1186 1352 1269">
     <span class='ocr_line' id='line_1_8' title="bbox 172 1186 1352 1269; baseline -0.003 -21"><span class='ocrx_word' id='word_1_46' title='bbox 172 1190 485 1269; x_wconf 82' lang='grc' dir='ltr'>’Βγνώρισαν</span> <span class='ocrx_word' id='word_1_47' title='bbox 519 1189 809 1268; x_wconf 74' lang='grc' dir='ltr'>φθάσαντες</span> <span class='ocrx_word' id='word_1_48' title='bbox 838 1189 889 1243; x_wconf 80' lang='grc' dir='ltr'>οἱ</span> <span class='ocrx_word' id='word_1_49' title='bbox 923 1189 1006 1243; x_wconf 85' lang='grc' dir='ltr'>σοί</span> <span class='ocrx_word' id='word_1_50' title='bbox 1049 1209 1142 1262; x_wconf 89' lang='grc' dir='ltr'>μοι</span> <span class='ocrx_word' id='word_1_51' title='bbox 1174 1186 1352 1264; x_wconf 90' lang='grc' dir='ltr'>λόγοι.</span> 
     </span>
    </p>
   </div>
   <div class='ocr_carea' id='block_1_9' title="bbox 611 1329 1362 1407">
    <p class='ocr_par' dir='ltr' id='par_1_9' title="bbox 611 1329 1362 1407">
     <span class='ocr_line' id='line_1_9' title="bbox 611 1329 1362 1407; baseline 0.001 -20"><span class='ocrx_word' id='word_1_52' title='bbox 611 1333 703 1396; x_wconf 85' lang='grc' dir='ltr'>Εἰς</span> <span class='ocrx_word' id='word_1_53' title='bbox 727 1333 819 1387; x_wconf 73' lang='grc' dir='ltr'>τὸν</span> <span class='ocrx_word' id='word_1_54' title='bbox 854 1333 1022 1407; x_wconf 69' lang='grc' dir='ltr'>μέγαν</span> <span class='ocrx_word' id='word_1_55' title='bbox 1058 1329 1362 1388; x_wconf 77' lang='grc' dir='ltr'>Βασίλειον.</span> 
     </span>
    </p>
   </div>
   <div class='ocr_carea' id='block_1_10' title="bbox 174 1456 1238 1535">
    <p class='ocr_par' dir='ltr' id='par_1_10' title="bbox 174 1456 1238 1535">
     <span class='ocr_line' id='line_1_10' title="bbox 174 1456 1238 1535; baseline -0.005 -20"><span class='ocrx_word' id='word_1_56' title='bbox 174 1460 484 1535; x_wconf 79' lang='grc' dir='ltr'>Ἐπιπρὲπει</span> <span class='ocrx_word' id='word_1_57' title='bbox 513 1480 596 1521; x_wconf 88' lang='grc' dir='ltr'>τις</span> <span class='ocrx_word' id='word_1_58' title='bbox 628 1459 953 1531; x_wconf 84' lang='grc' dir='ltr'>σεμνοποιὸς</span> <span class='ocrx_word' id='word_1_59' title='bbox 980 1456 1238 1532; x_wconf 84' lang='grc' dir='ltr'>ὠχρότης</span> 
     </span>
    </p>
   </div>
   <div class='ocr_carea' id='block_1_11' title="bbox 173 1544 1241 1625">
    <p class='ocr_par' dir='ltr' id='par_1_11' title="bbox 173 1544 1241 1625">
     <span class='ocr_line' id='line_1_11' title="bbox 173 1544 1241 1625; baseline -0.005 -20"><span class='ocrx_word' id='word_1_60' title='bbox 173 1553 245 1623; x_wconf 78' lang='grc' dir='ltr'>Ἐξ</span> <span class='ocrx_word' id='word_1_61' title='bbox 276 1549 592 1625; x_wconf 68' lang='grc' dir='ltr'>ἐγκρατείας</span> <span class='ocrx_word' id='word_1_62' title='bbox 618 1547 697 1620; x_wconf 84' lang='grc' dir='ltr'>τῷ</span> <span class='ocrx_word' id='word_1_63' title='bbox 723 1552 875 1625; x_wconf 79' lang='grc' dir='ltr'>σοφῷ</span> <span class='ocrx_word' id='word_1_64' title='bbox 906 1544 1241 1619; x_wconf 77' lang='grc' dir='ltr'>διδασκάλῳ.</span> 
     </span>
    </p>
   </div>
   <div class='ocr_carea' id='block_1_12' title="bbox 174 1633 1419 1710">
    <p class='ocr_par' dir='ltr' id='par_1_12' title="bbox 174 1633 1419 1710">
     <span class='ocr_line' id='line_1_12' title="bbox 174 1633 1419 1710; baseline -0.005 -16"><span class='ocrx_word' id='word_1_65' title='bbox 174 1638 315 1695; x_wconf 78' lang='grc' dir='ltr'>Ἀλλ’</span> <span class='ocrx_word' id='word_1_66' title='bbox 347 1638 393 1693; x_wconf 84' lang='grc' dir='ltr'>εἰ</span> <span class='ocrx_word' id='word_1_67' title='bbox 426 1636 657 1707; x_wconf 73' lang='grc' dir='ltr'>λαλήσει</span> <span class='ocrx_word' id='word_1_68' title='bbox 693 1640 785 1709; x_wconf 75' lang='grc' dir='ltr'>ζῇν</span> <span class='ocrx_word' id='word_1_69' title='bbox 820 1633 971 1690; x_wconf 81' lang='grc' dir='ltr'>δοκεῖ</span> <span class='ocrx_word' id='word_1_70' title='bbox 1000 1635 1101 1710; x_wconf 76' lang='grc' dir='ltr'>γὰρ</span> <span class='ocrx_word' id='word_1_71' title='bbox 1129 1636 1216 1689; x_wconf 84' lang='grc' dir='ltr'>καὶ</span> <span class='ocrx_word' id='word_1_72' title='bbox 1250 1634 1419 1697; x_wconf 70' lang='grc' dir='ltr'>τόπος</span> 
     </span>
    </p>
   </div>
   <div class='ocr_carea' id='block_1_13' title="bbox 175 1721 1437 1803">
    <p class='ocr_par' dir='ltr' id='par_1_13' title="bbox 175 1721 1437 1803">
     <span class='ocr_line' id='line_1_13' title="bbox 175 1721 1437 1803; baseline -0.008 -19"><span class='ocrx_word' id='word_1_73' title='bbox 175 1728 359 1803; x_wconf 74' lang='grc' dir='ltr'>Τρυφὴ</span> <span class='ocrx_word' id='word_1_74' title='bbox 388 1728 452 1781; x_wconf 85' lang='grc' dir='ltr'>τὸ</span> <span class='ocrx_word' id='word_1_75' title='bbox 482 1732 699 1802; x_wconf 78' lang='grc' dir='ltr'>χρῆμα,</span> <span class='ocrx_word' id='word_1_76' title='bbox 730 1726 1026 1801; x_wconf 76' lang='grc' dir='ltr'>τερπνότης</span> <span class='ocrx_word' id='word_1_77' title='bbox 1056 1726 1089 1793; x_wconf 77' lang='grc' dir='ltr'>ἡ</span> <span class='ocrx_word' id='word_1_78' title='bbox 1126 1721 1437 1801; x_wconf 72' lang='grc' dir='ltr'>φαιδρότης,</span> 
     </span>
    </p>
   </div>
   <div class='ocr_carea' id='block_1_14' title="bbox 175 1812 1518 1891">
    <p class='ocr_par' dir='ltr' id='par_1_14' title="bbox 175 1812 1518 1891">
     <span class='ocr_line' id='line_1_14' title="bbox 175 1812 1518 1891; baseline -0.004 -18"><span class='ocrx_word' id='word_1_79' title='bbox 175 1818 375 1874; x_wconf 72' lang='grc' dir='ltr'>Οὖκοῦν</span> <span class='ocrx_word' id='word_1_80' title='bbox 405 1816 475 1871; x_wconf 74' lang='grc' dir='ltr'>τὰ</span> <span class='ocrx_word' id='word_1_81' title='bbox 502 1814 666 1891; x_wconf 83' lang='grc' dir='ltr'>χείλη</span> <span class='ocrx_word' id='word_1_82' title='bbox 700 1815 835 1889; x_wconf 85' lang='grc' dir='ltr'>πρὸς</span> <span class='ocrx_word' id='word_1_83' title='bbox 868 1812 1063 1889; x_wconf 84' lang='grc' dir='ltr'>λόγους</span> <span class='ocrx_word' id='word_1_84' title='bbox 1101 1818 1291 1881; x_wconf 82' lang='grc' dir='ltr'>κινεῖς,</span> <span class='ocrx_word' id='word_1_85' title='bbox 1322 1814 1518 1889; x_wconf 80' lang='grc' dir='ltr'>Πάτερ,</span> 
     </span>
    </p>
   </div>
   <div class='ocr_carea' id='block_1_15' title="bbox 176 1899 1433 1978">
    <p class='ocr_par' dir='ltr' id='par_1_15' title="bbox 176 1899 1433 1978">
     <span class='ocr_line' id='line_1_15' title="bbox 176 1899 1433 1978; baseline -0.002 -19"><span class='ocrx_word' id='word_1_86' title='bbox 176 1907 290 1968; x_wconf 63' lang='grc' dir='ltr'>Τοὺς</span> <span class='ocrx_word' id='word_1_87' title='bbox 318 1906 413 1960; x_wconf 74' lang='grc' dir='ltr'>καὶ</span> <span class='ocrx_word' id='word_1_88' title='bbox 447 1904 635 1967; x_wconf 79' lang='grc' dir='ltr'>λίθους</span> <span class='ocrx_word' id='word_1_89' title='bbox 672 1904 984 1978; x_wconf 75' lang='grc' dir='ltr'>θὲλγοντας’</span> <span class='ocrx_word' id='word_1_90' title='bbox 1021 1900 1165 1957; x_wconf 72' lang='grc' dir='ltr'>ἀλλὰ</span> <span class='ocrx_word' id='word_1_91' title='bbox 1201 1902 1276 1975; x_wconf 73' lang='grc' dir='ltr'>μὴ</span> <span class='ocrx_word' id='word_1_92' title='bbox 1309 1899 1433 1977; x_wconf 74' lang='grc' dir='ltr'>λὲγε</span> 
     </span>
    </p>
   </div>
   <div class='ocr_carea' id='block_1_16' title="bbox 173 1989 1316 2069">
    <p class='ocr_par' dir='ltr' id='par_1_16' title="bbox 173 1989 1316 2069">
     <span class='ocr_line' id='line_1_16' title="bbox 173 1989 1316 2069; baseline -0.004 -17"><span class='ocrx_word' id='word_1_93' title='bbox 173 1999 336 2069; x_wconf 79' lang='grc' dir='ltr'>Ἀπερ</span> <span class='ocrx_word' id='word_1_94' title='bbox 372 1992 640 2049; x_wconf 75' lang='grc' dir='ltr'>διδάσκων</span> <span class='ocrx_word' id='word_1_95' title='bbox 676 1993 750 2055; x_wconf 80' lang='grc' dir='ltr'>εἰς</span> <span class='ocrx_word' id='word_1_96' title='bbox 774 1992 1112 2063; x_wconf 74' lang='grc' dir='ltr'>συναίσθησιν</span> <span class='ocrx_word' id='word_1_97' title='bbox 1148 1989 1316 2067; x_wconf 73' lang='grc' dir='ltr'>ἄγεις.</span> 
     </span>
    </p>
   </div>
   <div class='ocr_carea' id='block_1_17' title="bbox 178 2079 1387 2161">
    <p class='ocr_par' dir='ltr' id='par_1_17' title="bbox 178 2079 1387 2161">
     <span class='ocr_line' id='line_1_17' title="bbox 178 2079 1387 2161; baseline -0.005 -21"><span class='ocrx_word' id='word_1_98' title='bbox 178 2085 383 2141; x_wconf 78' lang='grc' dir='ltr'>Δάκνειν</span> <span class='ocrx_word' id='word_1_99' title='bbox 414 2085 515 2161; x_wconf 75' lang='grc' dir='ltr'>γάρ</span> <span class='ocrx_word' id='word_1_100' title='bbox 546 2081 667 2138; x_wconf 72' lang='grc' dir='ltr'>οἶδα</span> <span class='ocrx_word' id='word_1_101' title='bbox 694 2086 879 2150; x_wconf 73' lang='grc' dir='ltr'>ταῦτα,</span> <span class='ocrx_word' id='word_1_102' title='bbox 914 2081 1008 2137; x_wconf 63' lang='grc' dir='ltr'>κᾶν</span> <span class='ocrx_word' id='word_1_103' title='bbox 1042 2082 1205 2155; x_wconf 78' lang='grc' dir='ltr'>στάζῃ</span> <span class='ocrx_word' id='word_1_104' title='bbox 1238 2079 1387 2154; x_wconf 80' lang='grc' dir='ltr'>μὲλι,</span> 
     </span>
    </p>
   </div>
   <div class='ocr_carea' id='block_1_18' title="bbox 176 2169 1369 2249">
    <p class='ocr_par' dir='ltr' id='par_1_18' title="bbox 176 2169 1369 2249">
     <span class='ocr_line' id='line_1_18' title="bbox 176 2169 1369 2249; baseline -0.004 -19"><span class='ocrx_word' id='word_1_105' title='bbox 176 2180 284 2237; x_wconf 83' lang='grc' dir='ltr'>Τοῖς</span> <span class='ocrx_word' id='word_1_106' title='bbox 316 2173 508 2230; x_wconf 80' lang='grc' dir='ltr'>ἔλκυσι</span> <span class='ocrx_word' id='word_1_107' title='bbox 543 2171 822 2249; x_wconf 63' lang='grc' dir='ltr'>βρέοντας,</span> <span class='ocrx_word' id='word_1_108' title='bbox 858 2170 909 2241; x_wconf 78' lang='grc' dir='ltr'>ἐξ</span> <span class='ocrx_word' id='word_1_109' title='bbox 935 2172 1009 2225; x_wconf 84' lang='grc' dir='ltr'>ὧν</span> <span class='ocrx_word' id='word_1_110' title='bbox 1044 2169 1369 2245; x_wconf 80' lang='grc' dir='ltr'>στυγνότης,</span> 
     </span>
    </p>
   </div>
   <div class='ocr_carea' id='block_1_19' title="bbox 178 2259 1481 2341">
    <p class='ocr_par' dir='ltr' id='par_1_19' title="bbox 178 2259 1481 2341">
     <span class='ocr_line' id='line_1_19' title="bbox 178 2259 1481 2341; baseline -0.002 -22"><span class='ocrx_word' id='word_1_111' title='bbox 178 2269 303 2341; x_wconf 70' lang='lat' dir='ltr'>llch</span> <span class='ocrx_word' id='word_1_112' title='bbox 335 2265 399 2333; x_wconf 80' lang='grc' dir='ltr'>ἣν</span> <span class='ocrx_word' id='word_1_113' title='bbox 434 2262 709 2339; x_wconf 71' lang='grc' dir='ltr'>ἐπαρθεὶς,</span> <span class='ocrx_word' id='word_1_114' title='bbox 741 2262 828 2316; x_wconf 82' lang='grc' dir='ltr'>καὶ</span> <span class='ocrx_word' id='word_1_115' title='bbox 858 2260 1080 2338; x_wconf 81' lang='grc' dir='ltr'>γράφεις</span> <span class='ocrx_word' id='word_1_116' title='bbox 1115 2259 1256 2314; x_wconf 70' lang='grc' dir='ltr'>οὕτω</span> <span class='ocrx_word' id='word_1_117' title='bbox 1293 2260 1481 2333; x_wconf 87' lang='grc' dir='ltr'>μόνον.</span> 
     </span>
    </p>
   </div>
   <div class='ocr_carea' id='block_1_20' title="bbox 702 2403 1284 2480">
    <p class='ocr_par' dir='ltr' id='par_1_20' title="bbox 702 2403 1284 2480">
     <span class='ocr_line' id='line_1_20' title="bbox 702 2403 1284 2480; baseline -0.007 -18"><span class='ocrx_word' id='word_1_118' title='bbox 702 2406 796 2467; x_wconf 66' lang='grc' dir='ltr'>Εἲς</span> <span class='ocrx_word' id='word_1_119' title='bbox 822 2403 951 2467; x_wconf 79' lang='grc' dir='ltr'>τοὺς</span> <span class='ocrx_word' id='word_1_120' title='bbox 981 2409 1127 2480; x_wconf 76' lang='grc' dir='ltr'>τρεῖς</span> <span class='ocrx_word' id='word_1_121' title='bbox 1151 2405 1284 2479; x_wconf 79' lang='grc' dir='ltr'>ἅμα,</span> 
     </span>
    </p>
   </div>
   <div class='ocr_carea' id='block_1_21' title="bbox 180 2529 1381 2613">
    <p class='ocr_par' dir='ltr' id='par_1_21' title="bbox 180 2529 1381 2613">
     <span class='ocr_line' id='line_1_21' title="bbox 180 2529 1381 2613; baseline -0.006 -23"><span class='ocrx_word' id='word_1_122' title='bbox 180 2536 327 2613; x_wconf 67' lang='grc' dir='ltr'>Τριὰς</span> <span class='ocrx_word' id='word_1_123' title='bbox 366 2534 460 2608; x_wconf 71' lang='grc' dir='ltr'>μὲν</span> <span class='ocrx_word' id='word_1_124' title='bbox 496 2533 644 2608; x_wconf 79' lang='grc' dir='ltr'>εὗρεν</span> <span class='ocrx_word' id='word_1_125' title='bbox 678 2529 996 2604; x_wconf 78' lang='grc' dir='ltr'>ἰσαρίθμους</span> <span class='ocrx_word' id='word_1_126' title='bbox 1031 2530 1381 2605; x_wconf 84' lang='grc' dir='ltr'>συμμάχους.</span> 
     </span>
    </p>
   </div>
   <div class='ocr_carea' id='block_1_22' title="bbox 177 2704 1287 2788">
    <p class='ocr_par' dir='ltr' id='par_1_22' title="bbox 177 2704 1287 2788">
     <span class='ocr_line' id='line_1_22' title="bbox 177 2704 1287 2788; baseline -0.006 -20"><span class='ocrx_word' id='word_1_127' title='bbox 177 2714 547 2788; x_wconf 78' lang='grc' dir='ltr'>Ύπερμάχους</span> <span class='ocrx_word' id='word_1_128' title='bbox 578 2708 624 2764; x_wconf 80' lang='grc' dir='ltr'>δ’</span> <span class='ocrx_word' id='word_1_129' title='bbox 649 2708 837 2780; x_wconf 67' lang='grc' dir='ltr'>’ίστησι</span> <span class='ocrx_word' id='word_1_130' title='bbox 868 2710 1050 2772; x_wconf 81' lang='grc' dir='ltr'>πίστις</span> <span class='ocrx_word' id='word_1_131' title='bbox 1083 2704 1287 2775; x_wconf 76' lang='grc' dir='ltr'>ἐνθάδε,</span> 
     </span>
    </p>
   </div>
   <div class='ocr_carea' id='block_1_23' title="bbox 176 2796 1237 2876">
    <p class='ocr_par' dir='ltr' id='par_1_23' title="bbox 176 2796 1237 2876">
     <span class='ocr_line' id='line_1_23' title="bbox 176 2796 1237 2876; baseline -0.008 -17"><span class='ocrx_word' id='word_1_132' title='bbox 176 2803 419 2873; x_wconf 77' lang='grc' dir='ltr'>’Δνάξιον</span> <span class='ocrx_word' id='word_1_133' title='bbox 449 2800 674 2876; x_wconf 78' lang='grc' dir='ltr'>κρίνασα</span> <span class='ocrx_word' id='word_1_134' title='bbox 701 2800 791 2853; x_wconf 85' lang='grc' dir='ltr'>καὶ</span> <span class='ocrx_word' id='word_1_135' title='bbox 824 2797 1011 2875; x_wconf 74' lang='grc' dir='ltr'>πόρρω</span> <span class='ocrx_word' id='word_1_136' title='bbox 1045 2796 1237 2873; x_wconf 86' lang='grc' dir='ltr'>λόγου,</span> 
     </span>
    </p>
   </div>
   <div class='ocr_carea' id='block_1_24' title="bbox 174 2884 1445 2961">
    <p class='ocr_par' dir='ltr' id='par_1_24' title="bbox 174 2884 1445 2961">
     <span class='ocr_line' id='line_1_24' title="bbox 174 2884 1445 2961; baseline -0.002 -15"><span class='ocrx_word' id='word_1_137' title='bbox 174 2895 260 2946; x_wconf 81' lang='grc' dir='ltr'>Ὧν</span> <span class='ocrx_word' id='word_1_138' title='bbox 288 2896 414 2953; x_wconf 75' lang='grc' dir='ltr'>τοῖς</span> <span class='ocrx_word' id='word_1_139' title='bbox 446 2888 641 2952; x_wconf 78' lang='grc' dir='ltr'>ἄλλοις</span> <span class='ocrx_word' id='word_1_140' title='bbox 675 2888 884 2944; x_wconf 75' lang='grc' dir='ltr'>σύνεστι</span> <span class='ocrx_word' id='word_1_141' title='bbox 917 2884 1057 2961; x_wconf 76' lang='grc' dir='ltr'>μηδὲ</span> <span class='ocrx_word' id='word_1_142' title='bbox 1081 2892 1197 2950; x_wconf 81' lang='grc' dir='ltr'>τοῖς</span> <span class='ocrx_word' id='word_1_143' title='bbox 1226 2885 1445 2950; x_wconf 69' lang='grc' dir='ltr'>τύποις.</span> 
     </span>
    </p>
   </div>
   <div class='ocr_carea' id='block_1_25' title="bbox 173 3062 1397 3147">
    <p class='ocr_par' dir='ltr' id='par_1_25' title="bbox 173 3062 1397 3147">
     <span class='ocr_line' id='line_1_25' title="bbox 173 3062 1397 3147; baseline -0.006 -21"><span class='ocrx_word' id='word_1_144' title='bbox 173 3072 321 3128; x_wconf 84' lang='grc' dir='ltr'>Ὅθεν</span> <span class='ocrx_word' id='word_1_145' title='bbox 351 3070 672 3147; x_wconf 70' lang='grc' dir='ltr'>γραφέντες,</span> <span class='ocrx_word' id='word_1_146' title='bbox 707 3070 803 3141; x_wconf 77' lang='grc' dir='ltr'>ζῇν</span> <span class='ocrx_word' id='word_1_147' title='bbox 832 3062 1072 3138; x_wconf 76' lang='grc' dir='ltr'>δοκοῦσι,</span> <span class='ocrx_word' id='word_1_148' title='bbox 1102 3066 1191 3120; x_wconf 87' lang='grc' dir='ltr'>καὶ</span> <span class='ocrx_word' id='word_1_149' title='bbox 1222 3063 1397 3140; x_wconf 72' lang='grc' dir='ltr'>λέγειν</span> 
     </span>
    </p>
   </div>
   <div class='ocr_carea' id='block_1_26' title="bbox 171 3150 1284 3237">
    <p class='ocr_par' dir='ltr' id='par_1_26' title="bbox 171 3150 1284 3237">
     <span class='ocr_line' id='line_1_26' title="bbox 171 3150 1284 3237; baseline -0.007 -20"><span class='ocrx_word' id='word_1_150' title='bbox 171 3163 339 3235; x_wconf 81' lang='grc' dir='ltr'>Ἀπερ</span> <span class='ocrx_word' id='word_1_151' title='bbox 374 3161 632 3237; x_wconf 68' lang='grc' dir='ltr'>φέρουσιν</span> <span class='ocrx_word' id='word_1_152' title='bbox 666 3157 721 3212; x_wconf 74' lang='grc' dir='ltr'>αἱ</span> <span class='ocrx_word' id='word_1_153' title='bbox 754 3155 1041 3233; x_wconf 84' lang='grc' dir='ltr'>θεόγραφοι</span> <span class='ocrx_word' id='word_1_154' title='bbox 1074 3150 1284 3231; x_wconf 80' lang='grc' dir='ltr'>βίϐλοι.</span> 
     </span>
    </p>
   </div>
   <div class='ocr_carea' id='block_1_27' title="bbox 171 3241 1366 3322">
    <p class='ocr_par' dir='ltr' id='par_1_27' title="bbox 171 3241 1366 3322">
     <span class='ocr_line' id='line_1_27' title="bbox 171 3241 1366 3322; baseline -0.006 -18"><span class='ocrx_word' id='word_1_155' title='bbox 171 3248 382 3321; x_wconf 67' lang='grc' dir='ltr'>Ταῦτην</span> <span class='ocrx_word' id='word_1_156' title='bbox 417 3242 660 3322; x_wconf 72' lang='grc' dir='ltr'>ἀμοιϐὴν</span> <span class='ocrx_word' id='word_1_157' title='bbox 689 3250 809 3307; x_wconf 82' lang='grc' dir='ltr'>τοῖς</span> <span class='ocrx_word' id='word_1_158' title='bbox 840 3241 1188 3308; x_wconf 66' lang='grc' dir='ltr'>διδασκάλοις</span> <span class='ocrx_word' id='word_1_159' title='bbox 1217 3243 1366 3318; x_wconf 75' lang='grc' dir='ltr'>νέμει</span> 
     </span>
    </p>
   </div>
   <div class='ocr_carea' id='block_1_28' title="bbox 171 3332 1235 3411">
    <p class='ocr_par' dir='ltr' id='par_1_28' title="bbox 171 3332 1235 3411">
     <span class='ocr_line' id='line_1_28' title="bbox 171 3332 1235 3411; baseline -0.005 -17"><span class='ocrx_word' id='word_1_160' title='bbox 171 3338 384 3400; x_wconf 71' lang='grc' dir='ltr'>Εὔνους</span> <span class='ocrx_word' id='word_1_161' title='bbox 422 3337 674 3411; x_wconf 78' lang='grc' dir='ltr'>μαθητὴς</span> <span class='ocrx_word' id='word_1_162' title='bbox 706 3332 921 3405; x_wconf 70' lang='grc' dir='ltr'>οἰκέτης</span> <span class='ocrx_word' id='word_1_163' title='bbox 951 3334 1235 3399; x_wconf 77' lang='grc' dir='ltr'>Ἰωάννης.</span> 
     </span>
    </p>
   </div>
   <div class='ocr_carea' id='block_1_29' title="bbox 684 3476 1341 3553">
    <p class='ocr_par' dir='ltr' id='par_1_29' title="bbox 684 3476 1341 3553">
     <span class='ocr_line' id='line_1_29' title="bbox 684 3476 1341 3553; baseline -0.003 -20"><span class='ocrx_word' id='word_1_164' title='bbox 684 3477 780 3541; x_wconf 75' lang='grc' dir='ltr'>Εἷς</span> <span class='ocrx_word' id='word_1_165' title='bbox 808 3478 898 3533; x_wconf 88' lang='grc' dir='ltr'>τὸν</span> <span class='ocrx_word' id='word_1_166' title='bbox 931 3476 1315 3553; x_wconf 87' lang='grc' dir='ltr'>Χρυσόστομον</span> <span class='ocrx_word' id='word_1_167' title='bbox 1327 3520 1341 3536; x_wconf 92' lang='grc'>.</span> 
     </span>
    </p>
   </div>
   <div class='ocr_carea' id='block_1_30' title="bbox 174 3598 1379 3681">
    <p class='ocr_par' dir='ltr' id='par_1_30' title="bbox 174 3598 1379 3681">
     <span class='ocr_line' id='line_1_30' title="bbox 174 3598 1379 3681; baseline -0.006 -19"><span class='ocrx_word' id='word_1_168' title='bbox 174 3608 235 3662; x_wconf 79' lang='grc' dir='ltr'><strong>Ὀ</strong></span> <span class='ocrx_word' id='word_1_169' title='bbox 265 3609 515 3681; x_wconf 72' lang='grc' dir='ltr'>χρυσοῦς</span> <span class='ocrx_word' id='word_1_170' title='bbox 545 3605 703 3664; x_wconf 80' lang='grc' dir='ltr'>οὗτος</span> <span class='ocrx_word' id='word_1_171' title='bbox 735 3603 892 3670; x_wconf 82' lang='grc' dir='ltr'>ἣλιος</span> <span class='ocrx_word' id='word_1_172' title='bbox 921 3599 1030 3657; x_wconf 78' lang='grc' dir='ltr'>τῶν</span> <span class='ocrx_word' id='word_1_173' title='bbox 1065 3598 1379 3675; x_wconf 80' lang='grc' dir='ltr'>δογμάτων,</span> 
     </span>
    </p>
   </div>
   <div class='ocr_carea' id='block_1_31' title="bbox 176 3687 1301 3765">
    <p class='ocr_par' dir='ltr' id='par_1_31' title="bbox 176 3687 1301 3765">
     <span class='ocr_line' id='line_1_31' title="bbox 176 3687 1301 3765; baseline -0.007 -15"><span class='ocrx_word' id='word_1_174' title='bbox 176 3695 445 3750; x_wconf 80' lang='grc' dir='ltr'>Ἀκτίνεσ’</span> <span class='ocrx_word' id='word_1_175' title='bbox 474 3691 666 3747; x_wconf 81' lang='grc' dir='ltr'>ἀπλῶν</span> <span class='ocrx_word' id='word_1_176' title='bbox 693 3693 897 3760; x_wconf 82' lang='grc' dir='ltr'>ἠθικῶν</span> <span class='ocrx_word' id='word_1_177' title='bbox 932 3687 1301 3765; x_wconf 84' lang='grc' dir='ltr'>διδαγμάτων,</span> 
     </span>
    </p>
   </div>
   <div class='ocr_carea' id='block_1_32' title="bbox 176 3778 1239 3857">
    <p class='ocr_par' dir='ltr' id='par_1_32' title="bbox 176 3778 1239 3857">
     <span class='ocr_line' id='line_1_32' title="bbox 176 3778 1239 3857; baseline -0.006 -19"><span class='ocrx_word' id='word_1_178' title='bbox 176 3780 529 3849; x_wconf 69' lang='grc' dir='ltr'>Διαπεόάζει</span> <span class='ocrx_word' id='word_1_179' title='bbox 560 3784 665 3834; x_wconf 78' lang='grc' dir='ltr'>πᾶν</span> <span class='ocrx_word' id='word_1_180' title='bbox 695 3778 1029 3857; x_wconf 74' lang='grc' dir='ltr'>φιλάργυρον</span> <span class='ocrx_word' id='word_1_181' title='bbox 1061 3779 1239 3855; x_wconf 81' lang='grc' dir='ltr'>νὲφος,</span> 
     </span>
    </p>
   </div>
   <div class='ocr_carea' id='block_1_33' title="bbox 176 3868 1264 3949">
    <p class='ocr_par' dir='ltr' id='par_1_33' title="bbox 176 3868 1264 3949">
     <span class='ocr_line' id='line_1_33' title="bbox 176 3868 1264 3949; baseline -0.002 -22"><span class='ocrx_word' id='word_1_182' title='bbox 176 3872 275 3928; x_wconf 79' lang='grc' dir='ltr'>Καέ</span> <span class='ocrx_word' id='word_1_183' title='bbox 306 3873 650 3949; x_wconf 74' lang='grc' dir='ltr'>φωταγωγεῖ</span> <span class='ocrx_word' id='word_1_184' title='bbox 678 3874 808 3922; x_wconf 80' lang='grc' dir='ltr'>πᾶσι</span> <span class='ocrx_word' id='word_1_185' title='bbox 836 3869 936 3937; x_wconf 77' lang='grc' dir='ltr'>τήν</span> <span class='ocrx_word' id='word_1_186' title='bbox 971 3868 1264 3943; x_wconf 83' lang='grc' dir='ltr'>σωτηρίαν.</span> 
     </span>
    </p>
   </div>
   <div class='ocr_carea' id='block_1_34' title="bbox 617 4011 1410 4088">
    <p class='ocr_par' dir='ltr' id='par_1_34' title="bbox 617 4011 1410 4088">
     <span class='ocr_line' id='line_1_34' title="bbox 617 4011 1410 4088; baseline 0.005 -22"><span class='ocrx_word' id='word_1_187' title='bbox 617 4012 711 4075; x_wconf 81' lang='grc' dir='ltr'>Εἰς</span> <span class='ocrx_word' id='word_1_188' title='bbox 742 4014 841 4083; x_wconf 77' lang='grc' dir='ltr'>τὴν</span> <span class='ocrx_word' id='word_1_189' title='bbox 868 4012 1036 4067; x_wconf 81' lang='grc' dir='ltr'>αὐτοῦ</span> <span class='ocrx_word' id='word_1_190' title='bbox 1079 4011 1410 4088; x_wconf 82' lang='grc' dir='ltr'>καθαίρεσιν.</span> 
     </span>
    </p>
   </div>
   <div class='ocr_carea' id='block_1_35' title="bbox 172 4134 1421 4214">
    <p class='ocr_par' dir='ltr' id='par_1_35' title="bbox 172 4134 1421 4214">
     <span class='ocr_line' id='line_1_35' title="bbox 172 4134 1421 4214; baseline -0.002 -21"><span class='ocrx_word' id='word_1_191' title='bbox 172 4143 270 4194; x_wconf 79' lang='grc' dir='ltr'>Τὸν</span> <span class='ocrx_word' id='word_1_192' title='bbox 305 4140 480 4209; x_wconf 72' lang='grc' dir='ltr'>ἥλιον</span> <span class='ocrx_word' id='word_1_193' title='bbox 506 4138 801 4214; x_wconf 84' lang='grc' dir='ltr'>χραίνουσι</span> <span class='ocrx_word' id='word_1_194' title='bbox 842 4134 1177 4210; x_wconf 84' lang='grc' dir='ltr'>πλασμάτων</span> <span class='ocrx_word' id='word_1_195' title='bbox 1212 4136 1421 4208; x_wconf 85' lang='grc' dir='ltr'>σπίλοι,</span> 
     </span>
    </p>
   </div>
   <div class='ocr_carea' id='block_1_36' title="bbox 173 4225 1445 4304">
    <p class='ocr_par' dir='ltr' id='par_1_36' title="bbox 173 4225 1445 4304">
     <span class='ocr_line' id='line_1_36' title="bbox 173 4225 1445 4304; baseline -0.003 -18"><span class='ocrx_word' id='word_1_196' title='bbox 173 4227 295 4286; x_wconf 79' lang='grc' dir='ltr'>Ὅό’</span> <span class='ocrx_word' id='word_1_197' title='bbox 328 4226 485 4283; x_wconf 78' lang='grc' dir='ltr'>ἀλλὰ</span> <span class='ocrx_word' id='word_1_198' title='bbox 516 4226 768 4304; x_wconf 82' lang='grc' dir='ltr'>φαιδρὸς,</span> <span class='ocrx_word' id='word_1_199' title='bbox 800 4230 974 4280; x_wconf 83' lang='grc' dir='ltr'>πᾶσαν</span> <span class='ocrx_word' id='word_1_200' title='bbox 1010 4225 1223 4301; x_wconf 78' lang='grc' dir='ltr'>αὐγάζει</span> <span class='ocrx_word' id='word_1_201' title='bbox 1254 4227 1445 4301; x_wconf 84' lang='grc' dir='ltr'>χθόνα.</span> 
     </span>
    </p>
   </div>
   <div class='ocr_carea' id='block_1_37' title="bbox 171 4314 1257 4394">
    <p class='ocr_par' dir='ltr' id='par_1_37' title="bbox 171 4314 1257 4394">
     <span class='ocr_line' id='line_1_37' title="bbox 171 4314 1257 4394; baseline -0.003 -21"><span class='ocrx_word' id='word_1_202' title='bbox 171 4319 251 4374; x_wconf 80' lang='grc' dir='ltr'>Οὐ</span> <span class='ocrx_word' id='word_1_203' title='bbox 280 4318 397 4391; x_wconf 70' lang='grc' dir='ltr'>γὰρ</span> <span class='ocrx_word' id='word_1_204' title='bbox 430 4316 750 4394; x_wconf 81' lang='grc' dir='ltr'>ἀφανίζουσι</span> <span class='ocrx_word' id='word_1_205' title='bbox 782 4314 1073 4393; x_wconf 77' lang='grc' dir='ltr'>φωσφόρον</span> <span class='ocrx_word' id='word_1_206' title='bbox 1106 4316 1257 4391; x_wconf 80' lang='grc' dir='ltr'>νέφη.</span> 
     </span>
    </p>
   </div>
   <div class='ocr_carea' id='block_1_38' title="bbox 174 4401 1439 4479">
    <p class='ocr_par' dir='ltr' id='par_1_38' title="bbox 174 4401 1439 4479">
     <span class='ocr_line' id='line_1_38' title="bbox 174 4401 1439 4479; baseline -0.001 -19"><span class='ocrx_word' id='word_1_207' title='bbox 174 4402 413 4462; x_wconf 75' lang='grc' dir='ltr'>Στίλϐει</span> <span class='ocrx_word' id='word_1_208' title='bbox 445 4426 510 4479; x_wconf 81' lang='grc' dir='ltr'>γε</span> <span class='ocrx_word' id='word_1_209' title='bbox 540 4404 769 4479; x_wconf 85' lang='grc' dir='ltr'>χρυσὸς,</span> <span class='ocrx_word' id='word_1_210' title='bbox 796 4401 956 4477; x_wconf 77' lang='grc' dir='ltr'>κᾶνγε</span> <span class='ocrx_word' id='word_1_211' title='bbox 987 4401 1200 4478; x_wconf 83' lang='grc' dir='ltr'>χαλκὸς</span> <span class='ocrx_word' id='word_1_212' title='bbox 1231 4404 1439 4477; x_wconf 84' lang='grc' dir='ltr'>ἐκρίθη.</span> 
     </span>
    </p>
   </div>
   <div class='ocr_carea' id='block_1_39' title="bbox 170 4490 1450 4569">
    <p class='ocr_par' dir='ltr' id='par_1_39' title="bbox 170 4490 1450 4569">
     <span class='ocr_line' id='line_1_39' title="bbox 170 4490 1450 4569; baseline -0.003 -18"><span class='ocrx_word' id='word_1_213' title='bbox 170 4498 268 4551; x_wconf 75' lang='grc' dir='ltr'>Καὶ</span> <span class='ocrx_word' id='word_1_214' title='bbox 300 4496 550 4569; x_wconf 73' lang='grc' dir='ltr'>Χριστὸς</span> <span class='ocrx_word' id='word_1_215' title='bbox 576 4494 739 4555; x_wconf 79' lang='grc' dir='ltr'>αὐτὸς</span> <span class='ocrx_word' id='word_1_216' title='bbox 771 4490 1055 4566; x_wconf 82' lang='grc' dir='ltr'>δαιμονᾷν,</span> <span class='ocrx_word' id='word_1_217' title='bbox 1087 4498 1207 4567; x_wconf 81' lang='grc' dir='ltr'>φεῦ,</span> <span class='ocrx_word' id='word_1_218' title='bbox 1239 4493 1450 4567; x_wconf 75' lang='grc' dir='ltr'>ἐκρίθη,</span> 
     </span>
    </p>
   </div>
   <div class='ocr_carea' id='block_1_40' title="bbox 168 4581 1403 4662">
    <p class='ocr_par' dir='ltr' id='par_1_40' title="bbox 168 4581 1403 4662">
     <span class='ocr_line' id='line_1_40' title="bbox 168 4581 1403 4662; baseline -0.002 -22"><span class='ocrx_word' id='word_1_219' title='bbox 168 4588 361 4662; x_wconf 74' lang='grc' dir='ltr'>Φάγος</span> <span class='ocrx_word' id='word_1_220' title='bbox 393 4606 478 4655; x_wconf 87' lang='grc' dir='ltr'>τε,</span> <span class='ocrx_word' id='word_1_221' title='bbox 510 4584 603 4637; x_wconf 80' lang='grc' dir='ltr'>καὶ</span> <span class='ocrx_word' id='word_1_222' title='bbox 633 4581 882 4660; x_wconf 82' lang='grc' dir='ltr'>φίλοινος</span> <span class='ocrx_word' id='word_1_223' title='bbox 910 4582 945 4652; x_wconf 73' lang='grc' dir='ltr'>ἢ</span> <span class='ocrx_word' id='word_1_224' title='bbox 978 4586 1189 4657; x_wconf 81' lang='grc' dir='ltr'>πορνῶν</span> <span class='ocrx_word' id='word_1_225' title='bbox 1220 4582 1403 4660; x_wconf 82' lang='grc' dir='ltr'>φίλος,</span> 
     </span>
    </p>
   </div>
   <div class='ocr_carea' id='block_1_41' title="bbox 166 4668 1313 4745">
    <p class='ocr_par' dir='ltr' id='par_1_41' title="bbox 166 4668 1313 4745">
     <span class='ocr_line' id='line_1_41' title="bbox 166 4668 1313 4745; baseline -0.004 -13"><span class='ocrx_word' id='word_1_226' title='bbox 166 4676 469 4739; x_wconf 70' lang='grc' dir='ltr'>Ἀντίθεος</span> <span class='ocrx_word' id='word_1_227' title='bbox 492 4674 557 4728; x_wconf 86' lang='grc' dir='ltr'>τὸ</span> <span class='ocrx_word' id='word_1_228' title='bbox 592 4677 801 4745; x_wconf 82' lang='grc' dir='ltr'>μεῖζον,</span> <span class='ocrx_word' id='word_1_229' title='bbox 830 4668 1054 4745; x_wconf 74' lang='grc' dir='ltr'>ἄνομος,</span> <span class='ocrx_word' id='word_1_230' title='bbox 1082 4671 1313 4735; x_wconf 83' lang='grc' dir='ltr'>πλάνος.</span> 
     </span>
    </p>
   </div>
   <div class='ocr_carea' id='block_1_42' title="bbox 165 4759 1455 4841">
    <p class='ocr_par' dir='ltr' id='par_1_42' title="bbox 165 4759 1455 4841">
     <span class='ocr_line' id='line_1_42' title="bbox 165 4759 1455 4841; baseline -0.003 -21"><span class='ocrx_word' id='word_1_231' title='bbox 165 4763 495 4841; x_wconf 77' lang='grc' dir='ltr'>Κατεκρίθη</span> <span class='ocrx_word' id='word_1_232' title='bbox 532 4761 758 4835; x_wconf 80' lang='grc' dir='ltr'>σταυρόν</span> <span class='ocrx_word' id='word_1_233' title='bbox 792 4781 848 4815; x_wconf 81' lang='grc' dir='ltr'>τε</span> <span class='ocrx_word' id='word_1_234' title='bbox 876 4760 966 4816; x_wconf 83' lang='grc' dir='ltr'>καὶ</span> <span class='ocrx_word' id='word_1_235' title='bbox 998 4759 1207 4836; x_wconf 80' lang='grc' dir='ltr'>χλεύην</span> <span class='ocrx_word' id='word_1_236' title='bbox 1245 4759 1411 4831; x_wconf 85' lang='grc' dir='ltr'>πόσην</span> <span class='ocrx_word' id='word_1_237' title='bbox 1441 4780 1455 4831; x_wconf 90' lang='grc'>;</span> 
     </span>
    </p>
   </div>
   <div class='ocr_carea' id='block_1_43' title="bbox 165 4937 1335 5010">
    <p class='ocr_par' dir='ltr' id='par_1_43' title="bbox 165 4937 1335 5010">
     <span class='ocr_line' id='line_1_43' title="bbox 165 4937 1335 5010; baseline -0.003 -13"><span class='ocrx_word' id='word_1_238' title='bbox 165 4944 263 4997; x_wconf 76' lang='grc' dir='ltr'>Καὶ</span> <span class='ocrx_word' id='word_1_239' title='bbox 298 4943 507 4997; x_wconf 80' lang='grc' dir='ltr'>καινὸν</span> <span class='ocrx_word' id='word_1_240' title='bbox 541 4937 716 5010; x_wconf 76' lang='grc' dir='ltr'>οὐδὲν,</span> <span class='ocrx_word' id='word_1_241' title='bbox 750 4938 795 4993; x_wconf 83' lang='grc' dir='ltr'>εί</span> <span class='ocrx_word' id='word_1_242' title='bbox 828 4943 960 4994; x_wconf 77' lang='grc' dir='ltr'>Θεοῦ</span> <span class='ocrx_word' id='word_1_243' title='bbox 992 4944 1136 5003; x_wconf 78' lang='grc' dir='ltr'>θεῖος</span> <span class='ocrx_word' id='word_1_244' title='bbox 1168 4938 1335 5009; x_wconf 75' lang='grc' dir='ltr'>θύτης</span> 
     </span>
    </p>
   </div>
   <div class='ocr_carea' id='block_1_44' title="bbox 159 5028 1373 5107">
    <p class='ocr_par' dir='ltr' id='par_1_44' title="bbox 159 5028 1373 5107">
     <span class='ocr_line' id='line_1_44' title="bbox 159 5028 1373 5107; baseline -0.004 -17"><span class='ocrx_word' id='word_1_245' title='bbox 159 5037 395 5107; x_wconf 72' lang='grc' dir='ltr'>⁸Ὀμοια</span> <span class='ocrx_word' id='word_1_246' title='bbox 432 5030 639 5105; x_wconf 81' lang='grc' dir='ltr'>πάσχει</span> <span class='ocrx_word' id='word_1_247' title='bbox 667 5030 753 5083; x_wconf 79' lang='grc' dir='ltr'>καὶ</span> <span class='ocrx_word' id='word_1_248' title='bbox 786 5033 1119 5103; x_wconf 78' lang='grc' dir='ltr'>καθαιριῖται</span> <span class='ocrx_word' id='word_1_249' title='bbox 1154 5028 1373 5102; x_wconf 89' lang='grc' dir='ltr'>θρόνου.</span> 
     </span>
    </p>
   </div>
   <div class='ocr_carea' id='block_1_45' title="bbox 1838 474 3570 550">
    <p class='ocr_par' dir='ltr' id='par_1_45' title="bbox 1838 474 3570 550">
     <span class='ocr_line' id='line_1_45' title="bbox 1838 474 3570 550; baseline 0.005 -21"><span class='ocrx_word' id='word_1_250' title='bbox 1838 474 1892 541; x_wconf 84' lang='grc' dir='ltr'><strong>Α</strong></span> <span class='ocrx_word' id='word_1_251' title='bbox 1920 475 2087 530; x_wconf 89' lang='lat' dir='ltr'>Nunc</span> <span class='ocrx_word' id='word_1_252' title='bbox 2111 474 2287 548; x_wconf 79' lang='lat' dir='ltr'>igitur</span> <span class='ocrx_word' id='word_1_253' title='bbox 2307 475 2663 533; x_wconf 72' lang='lat' dir='ltr'>submittens</span> <span class='ocrx_word' id='word_1_254' title='bbox 2686 491 3037 550; x_wconf 83' lang='lat' dir='ltr'>cognoscam</span> <span class='ocrx_word' id='word_1_255' title='bbox 3057 475 3197 549; x_wconf 87' lang='lat' dir='ltr'>quid</span> <span class='ocrx_word' id='word_1_256' title='bbox 3222 475 3366 533; x_wconf 88' lang='lat' dir='ltr'>mihi</span> <span class='ocrx_word' id='word_1_257' title='bbox 3392 477 3570 537; x_wconf 80' lang='lat' dir='ltr'>dicit:</span> 
     </span>
    </p>
   </div>
   <div class='ocr_carea' id='block_1_46' title="bbox 1920 565 3283 637">
    <p class='ocr_par' dir='ltr' id='par_1_46' title="bbox 1920 565 3283 637">
     <span class='ocr_line' id='line_1_46' title="bbox 1920 565 3283 637; baseline 0.001 -17"><span class='ocrx_word' id='word_1_258' title='bbox 1920 566 2082 636; x_wconf 66' lang='lat' dir='ltr'>Papa:</span> <span class='ocrx_word' id='word_1_259' title='bbox 2110 565 2121 619; x_wconf 89' lang='lat' dir='ltr'>l</span> <span class='ocrx_word' id='word_1_260' title='bbox 2157 566 2454 637; x_wconf 81' lang='lat' dir='ltr'>despicere</span> <span class='ocrx_word' id='word_1_261' title='bbox 2490 567 2633 621; x_wconf 90' lang='lat' dir='ltr'>mihi</span> <span class='ocrx_word' id='word_1_262' title='bbox 2661 568 2873 623; x_wconf 78' lang='lat' dir='ltr'>suadet</span> <span class='ocrx_word' id='word_1_263' title='bbox 2900 567 3050 622; x_wconf 86' lang='lat' dir='ltr'>hanc</span> <span class='ocrx_word' id='word_1_264' title='bbox 3082 567 3283 623; x_wconf 90' lang='lat' dir='ltr'>vitam.</span> 
     </span>
    </p>
   </div>
   <div class='ocr_carea' id='block_1_47' title="bbox 2344 710 3144 782">
    <p class='ocr_par' dir='ltr' id='par_1_47' title="bbox 2344 710 3144 782">
     <span class='ocr_line' id='line_1_47' title="bbox 2344 710 3144 782; baseline 0.003 -17"><span class='ocrx_word' id='word_1_265' title='bbox 2344 712 2406 765; x_wconf 86' lang='lat' dir='ltr'>In</span> <span class='ocrx_word' id='word_1_266' title='bbox 2439 710 2760 781; x_wconf 76' lang='lat' dir='ltr'>Gregorium</span> <span class='ocrx_word' id='word_1_267' title='bbox 2792 710 3144 782; x_wconf 80' lang='lat' dir='ltr'>Theologum.</span> 
     </span>
    </p>
   </div>
   <div class='ocr_carea' id='block_1_48' title="bbox 1919 833 3295 908">
    <p class='ocr_par' dir='ltr' id='par_1_48' title="bbox 1919 833 3295 908">
     <span class='ocr_line' id='line_1_48' title="bbox 1919 833 3295 908; baseline 0.004 -21"><span class='ocrx_word' id='word_1_268' title='bbox 1919 833 2065 897; x_wconf 89' lang='lat' dir='ltr'>Quid</span> <span class='ocrx_word' id='word_1_269' title='bbox 2100 833 2211 889; x_wconf 88' lang='lat' dir='ltr'>sibi</span> <span class='ocrx_word' id='word_1_270' title='bbox 2245 834 2367 889; x_wconf 82' lang='lat' dir='ltr'>vult</span> <span class='ocrx_word' id='word_1_271' title='bbox 2399 836 2592 906; x_wconf 81' lang='lat' dir='ltr'>gravis</span> <span class='ocrx_word' id='word_1_272' title='bbox 2619 835 2716 891; x_wconf 92' lang='lat' dir='ltr'>ille</span> <span class='ocrx_word' id='word_1_273' title='bbox 2752 842 3048 908; x_wconf 88' lang='lat' dir='ltr'>aspectus,</span> <span class='ocrx_word' id='word_1_274' title='bbox 3083 835 3295 892; x_wconf 83' lang='lat' dir='ltr'>Pater?</span> 
     </span>
    </p>
   </div>
   <div class='ocr_carea' id='block_1_49' title="bbox 1921 923 3244 996">
    <p class='ocr_par' dir='ltr' id='par_1_49' title="bbox 1921 923 3244 996">
     <span class='ocr_line' id='line_1_49' title="bbox 1921 923 3244 996; baseline -0.001 -19"><span class='ocrx_word' id='word_1_275' title='bbox 1921 924 2119 978; x_wconf 82' lang='lat' dir='ltr'>Dicere</span> <span class='ocrx_word' id='word_1_276' title='bbox 2144 923 2365 995; x_wconf 88' lang='lat' dir='ltr'>aliquid</span> <span class='ocrx_word' id='word_1_277' title='bbox 2399 925 2525 979; x_wconf 89' lang='lat' dir='ltr'>novi</span> <span class='ocrx_word' id='word_1_278' title='bbox 2559 925 2822 996; x_wconf 88' lang='lat' dir='ltr'>erumpis</span> <span class='ocrx_word' id='word_1_279' title='bbox 2856 924 2998 980; x_wconf 87' lang='lat' dir='ltr'>mihi</span> <span class='ocrx_word' id='word_1_280' title='bbox 3028 925 3244 980; x_wconf 84' lang='lat' dir='ltr'>statim.</span> 
     </span>
    </p>
   </div>
   <div class='ocr_carea' id='block_1_50' title="bbox 1918 1012 3571 1086">
    <p class='ocr_par' dir='ltr' id='par_1_50' title="bbox 1918 1012 3571 1086">
     <span class='ocr_line' id='line_1_50' title="bbox 1918 1012 3571 1086; baseline 0.002 -19"><span class='ocrx_word' id='word_1_281' title='bbox 1918 1012 2030 1067; x_wconf 89' lang='lat' dir='ltr'>Sed</span> <span class='ocrx_word' id='word_1_282' title='bbox 2063 1030 2175 1067; x_wconf 92' lang='lat' dir='ltr'>non</span> <span class='ocrx_word' id='word_1_283' title='bbox 2208 1012 2506 1081; x_wconf 84' lang='lat' dir='ltr'>invenies;</span> <span class='ocrx_word' id='word_1_284' title='bbox 2541 1014 2825 1086; x_wconf 87' lang='lat' dir='ltr'>quidquid</span> <span class='ocrx_word' id='word_1_285' title='bbox 2857 1014 3013 1069; x_wconf 87' lang='lat' dir='ltr'>enim</span> <span class='ocrx_word' id='word_1_286' title='bbox 3060 1013 3399 1070; x_wconf 87' lang='lat' dir='ltr'>hominibus</span> <span class='ocrx_word' id='word_1_287' title='bbox 3431 1015 3571 1071; x_wconf 82' lang='lat' dir='ltr'>alie-</span> 
     </span>
    </p>
   </div>
   <div class='ocr_carea' id='block_1_51' title="bbox 3376 1105 3568 1175">
    <p class='ocr_par' dir='ltr' id='par_1_51' title="bbox 3376 1105 3568 1175">
     <span class='ocr_line' id='line_1_51' title="bbox 3376 1105 3568 1175; baseline 0.005 -16"><span class='ocrx_word' id='word_1_288' title='bbox 3376 1105 3568 1175; x_wconf 88' lang='lat' dir='ltr'>[num,</span> 
     </span>
    </p>
   </div>
   <div class='ocr_carea' id='block_1_52' title="bbox 1919 1191 3566 1266">
    <p class='ocr_par' dir='ltr' id='par_1_52' title="bbox 1919 1191 3566 1266">
     <span class='ocr_line' id='line_1_52' title="bbox 1919 1191 3566 1266; baseline 0.002 -19"><span class='ocrx_word' id='word_1_289' title='bbox 1919 1192 2135 1247; x_wconf 89' lang='lat' dir='ltr'>Notum</span> <span class='ocrx_word' id='word_1_290' title='bbox 2171 1191 2314 1248; x_wconf 86' lang='lat' dir='ltr'>mihi</span> <span class='ocrx_word' id='word_1_291' title='bbox 2346 1192 2626 1261; x_wconf 80' lang='lat' dir='ltr'>fecerunt,</span> <span class='ocrx_word' id='word_1_292' title='bbox 2662 1193 3101 1266; x_wconf 72' lang='lat' dir='ltr'>praevenientes,</span> <span class='ocrx_word' id='word_1_293' title='bbox 3126 1193 3210 1249; x_wconf 88' lang='lat' dir='ltr'>tui</span> <span class='ocrx_word' id='word_1_294' title='bbox 3242 1209 3566 1251; x_wconf 85' lang='lat' dir='ltr'>sermones.</span> 
     </span>
    </p>
   </div>
   <div class='ocr_carea' id='block_1_53' title="bbox 2411 1335 3081 1407">
    <p class='ocr_par' dir='ltr' id='par_1_53' title="bbox 2411 1335 3081 1407">
     <span class='ocr_line' id='line_1_53' title="bbox 2411 1335 3081 1407; baseline 0.003 -17"><span class='ocrx_word' id='word_1_295' title='bbox 2411 1337 2470 1391; x_wconf 83' lang='lat' dir='ltr'>In</span> <span class='ocrx_word' id='word_1_296' title='bbox 2503 1335 2758 1407; x_wconf 79' lang='lat' dir='ltr'>Magnum</span> <span class='ocrx_word' id='word_1_297' title='bbox 2789 1337 3081 1392; x_wconf 72' lang='lat' dir='ltr'>Basiliam.</span> 
     </span>
    </p>
   </div>
   <div class='ocr_carea' id='block_1_54' title="bbox 1920 1460 2961 1533">
    <p class='ocr_par' dir='ltr' id='par_1_54' title="bbox 1920 1460 2961 1533">
     <span class='ocr_line' id='line_1_54' title="bbox 1920 1460 2961 1533; baseline 0 -18"><span class='ocrx_word' id='word_1_298' title='bbox 1920 1460 2093 1515; x_wconf 84' lang='lat' dir='ltr'>Decet</span> <span class='ocrx_word' id='word_1_299' title='bbox 2119 1460 2359 1532; x_wconf 89' lang='lat' dir='ltr'>quidam</span> <span class='ocrx_word' id='word_1_300' title='bbox 2392 1460 2741 1517; x_wconf 81' lang='lat' dir='ltr'>venerabilis</span> <span class='ocrx_word' id='word_1_301' title='bbox 2775 1460 2961 1533; x_wconf 83' lang='lat' dir='ltr'>pallor</span> 
     </span>
    </p>
   </div>
   <div class='ocr_carea' id='block_1_55' title="bbox 1920 1548 3153 1621">
    <p class='ocr_par' dir='ltr' id='par_1_55' title="bbox 1920 1548 3153 1621">
     <span class='ocr_line' id='line_1_55' title="bbox 1920 1548 3153 1621; baseline 0.002 -18"><span class='ocrx_word' id='word_1_302' title='bbox 1920 1550 2002 1603; x_wconf 84' lang='lat' dir='ltr'>Ex</span> <span class='ocrx_word' id='word_1_303' title='bbox 2031 1548 2391 1605; x_wconf 77' lang='lat' dir='ltr'>continentia</span> <span class='ocrx_word' id='word_1_304' title='bbox 2420 1549 2743 1621; x_wconf 86' lang='lat' dir='ltr'>sapientem</span> <span class='ocrx_word' id='word_1_305' title='bbox 2779 1550 3153 1621; x_wconf 85' lang='lat' dir='ltr'>magistrum.</span> 
     </span>
    </p>
   </div>
   <div class='ocr_carea' id='block_1_56' title="bbox 1920 1637 3289 1711">
    <p class='ocr_par' dir='ltr' id='par_1_56' title="bbox 1920 1637 3289 1711">
     <span class='ocr_line' id='line_1_56' title="bbox 1920 1637 3289 1711; baseline 0.001 -18"><span class='ocrx_word' id='word_1_306' title='bbox 1920 1641 1993 1693; x_wconf 89' lang='lat' dir='ltr'>At</span> <span class='ocrx_word' id='word_1_307' title='bbox 2024 1639 2074 1693; x_wconf 90' lang='lat' dir='ltr'>si</span> <span class='ocrx_word' id='word_1_308' title='bbox 2107 1637 2340 1711; x_wconf 87' lang='lat' dir='ltr'>loquela</span> <span class='ocrx_word' id='word_1_309' title='bbox 2368 1638 2559 1694; x_wconf 87' lang='lat' dir='ltr'>vivere</span> <span class='ocrx_word' id='word_1_310' title='bbox 2590 1638 2819 1694; x_wconf 90' lang='lat' dir='ltr'>videtur</span> <span class='ocrx_word' id='word_1_311' title='bbox 2852 1638 3086 1708; x_wconf 84' lang='lat' dir='ltr'>(etenim</span> <span class='ocrx_word' id='word_1_312' title='bbox 3119 1644 3289 1711; x_wconf 82' lang='lat' dir='ltr'>typus</span> 
     </span>
    </p>
   </div>
   <div class='ocr_carea' id='block_1_57' title="bbox 1925 1726 3375 1799">
    <p class='ocr_par' dir='ltr' id='par_1_57' title="bbox 1925 1726 3375 1799">
     <span class='ocr_line' id='line_1_57' title="bbox 1925 1726 3375 1799; baseline -0.001 -14"><span class='ocrx_word' id='word_1_313' title='bbox 1925 1728 2200 1799; x_wconf 87' lang='lat' dir='ltr'>Voluptas</span> <span class='ocrx_word' id='word_1_314' title='bbox 2231 1727 2465 1791; x_wconf 69' lang='lat' dir='ltr'>divitiae,</span> <span class='ocrx_word' id='word_1_315' title='bbox 2498 1731 2671 1799; x_wconf 84' lang='lat' dir='ltr'>typus</span> <span class='ocrx_word' id='word_1_316' title='bbox 2703 1726 3036 1799; x_wconf 86' lang='lat' dir='ltr'>delectatio)</span> <span class='ocrx_word' id='word_1_317' title='bbox 3066 1727 3333 1783; x_wconf 86' lang='lat' dir='ltr'>hilaritas</span> <span class='ocrx_word' id='word_1_318' title='bbox 3360 1744 3375 1785; x_wconf 89' lang='lat'>:</span> 
     </span>
    </p>
   </div>
   <div class='ocr_carea' id='block_1_58' title="bbox 1846 1816 3199 1916">
    <p class='ocr_par' dir='ltr' id='par_1_58' title="bbox 1846 1816 3199 1916">
     <span class='ocr_line' id='line_1_58' title="bbox 1846 1816 3199 1916; baseline 0 -44"><span class='ocrx_word' id='word_1_319' title='bbox 1846 1853 1891 1916; x_wconf 78' lang='grc' dir='ltr'><strong>Β</strong></span> <span class='ocrx_word' id='word_1_320' title='bbox 1925 1817 2107 1887; x_wconf 80' lang='lat' dir='ltr'>Igitur</span> <span class='ocrx_word' id='word_1_321' title='bbox 2138 1816 2294 1872; x_wconf 87' lang='lat' dir='ltr'>labia</span> <span class='ocrx_word' id='word_1_322' title='bbox 2320 1817 2390 1871; x_wconf 91' lang='lat' dir='ltr'>ad</span> <span class='ocrx_word' id='word_1_323' title='bbox 2424 1833 2725 1873; x_wconf 88' lang='lat' dir='ltr'>sermones</span> <span class='ocrx_word' id='word_1_324' title='bbox 2758 1834 2976 1886; x_wconf 85' lang='lat' dir='ltr'>moves,</span> <span class='ocrx_word' id='word_1_325' title='bbox 3012 1817 3199 1888; x_wconf 88' lang='lat' dir='ltr'>Pater,</span> 
     </span>
    </p>
   </div>
   <div class='ocr_carea' id='block_1_59' title="bbox 1926 1906 3092 1978">
    <p class='ocr_par' dir='ltr' id='par_1_59' title="bbox 1926 1906 3092 1978">
     <span class='ocr_line' id='line_1_59' title="bbox 1926 1906 3092 1978; baseline 0.001 -16"><span class='ocrx_word' id='word_1_326' title='bbox 1926 1908 1989 1962; x_wconf 78' lang='lat' dir='ltr'>Et</span> <span class='ocrx_word' id='word_1_327' title='bbox 2021 1912 2215 1978; x_wconf 83' lang='lat' dir='ltr'>petras</span> <span class='ocrx_word' id='word_1_328' title='bbox 2245 1906 2612 1962; x_wconf 89' lang='lat' dir='ltr'>emollientes</span> <span class='ocrx_word' id='word_1_329' title='bbox 2646 1925 2658 1962; x_wconf 92' lang='lat'>:</span> <span class='ocrx_word' id='word_1_330' title='bbox 2694 1908 2793 1963; x_wconf 88' lang='lat' dir='ltr'>sed</span> <span class='ocrx_word' id='word_1_331' title='bbox 2831 1924 2900 1963; x_wconf 91' lang='lat' dir='ltr'>ne</span> <span class='ocrx_word' id='word_1_332' title='bbox 2932 1907 3092 1963; x_wconf 87' lang='lat' dir='ltr'>dicas</span> 
     </span>
    </p>
   </div>
   <div class='ocr_carea' id='block_1_60' title="bbox 1924 1995 3574 2069">
    <p class='ocr_par' dir='ltr' id='par_1_60' title="bbox 1924 1995 3574 2069">
     <span class='ocr_line' id='line_1_60' title="bbox 1924 1995 3574 2069; baseline 0 -18"><span class='ocrx_word' id='word_1_333' title='bbox 1924 1998 2057 2062; x_wconf 69' lang='lat' dir='ltr'>Quae</span> <span class='ocrx_word' id='word_1_334' title='bbox 2088 1997 2349 2051; x_wconf 81' lang='lat' dir='ltr'>dooendo</span> <span class='ocrx_word' id='word_1_335' title='bbox 2383 1997 2453 2051; x_wconf 88' lang='lat' dir='ltr'>ad</span> <span class='ocrx_word' id='word_1_336' title='bbox 2485 2012 2768 2052; x_wconf 85' lang='lat' dir='ltr'>sensuum</span> <span class='ocrx_word' id='word_1_337' title='bbox 2801 1997 3233 2069; x_wconf 89' lang='lat' dir='ltr'>perceptionem</span> <span class='ocrx_word' id='word_1_338' title='bbox 3294 1995 3574 2052; x_wconf 85' lang='lat' dir='ltr'>adducis:</span> 
     </span>
    </p>
   </div>
   <div class='ocr_carea' id='block_1_61' title="bbox 1927 2084 3435 2158">
    <p class='ocr_par' dir='ltr' id='par_1_61' title="bbox 1927 2084 3435 2158">
     <span class='ocr_line' id='line_1_61' title="bbox 1927 2084 3435 2158; baseline -0.001 -16"><span class='ocrx_word' id='word_1_339' title='bbox 1927 2086 2189 2142; x_wconf 85' lang='lat' dir='ltr'>Mordere</span> <span class='ocrx_word' id='word_1_340' title='bbox 2219 2086 2377 2141; x_wconf 87' lang='lat' dir='ltr'>enim</span> <span class='ocrx_word' id='word_1_341' title='bbox 2408 2085 2529 2141; x_wconf 60' lang='lat' dir='ltr'>hac</span> <span class='ocrx_word' id='word_1_342' title='bbox 2562 2086 2716 2155; x_wconf 89' lang='lat' dir='ltr'>novi,</span> <span class='ocrx_word' id='word_1_343' title='bbox 2748 2085 3016 2158; x_wconf 84' lang='lat' dir='ltr'>quamvis</span> <span class='ocrx_word' id='word_1_344' title='bbox 3048 2085 3159 2141; x_wconf 87' lang='lat' dir='ltr'>mel</span> <span class='ocrx_word' id='word_1_345' title='bbox 3193 2084 3435 2152; x_wconf 83' lang='lat' dir='ltr'>stillent,</span> 
     </span>
    </p>
   </div>
   <div class='ocr_carea' id='block_1_62' title="bbox 1922 2175 3307 2245">
    <p class='ocr_par' dir='ltr' id='par_1_62' title="bbox 1922 2175 3307 2245">
     <span class='ocr_line' id='line_1_62' title="bbox 1922 2175 3307 2245; baseline -0.001 -14"><span class='ocrx_word' id='word_1_346' title='bbox 1922 2175 2383 2231; x_wconf 88' lang='lat' dir='ltr'>Attractionibus</span> <span class='ocrx_word' id='word_1_347' title='bbox 2416 2176 2676 2241; x_wconf 88' lang='lat' dir='ltr'>refertos,</span> <span class='ocrx_word' id='word_1_348' title='bbox 2709 2192 2779 2230; x_wconf 82' lang='lat' dir='ltr'>ex</span> <span class='ocrx_word' id='word_1_349' title='bbox 2810 2175 3025 2245; x_wconf 89' lang='lat' dir='ltr'>quibus</span> <span class='ocrx_word' id='word_1_350' title='bbox 3058 2192 3307 2230; x_wconf 74' lang='lat' dir='ltr'>mceror:</span> 
     </span>
    </p>
   </div>
   <div class='ocr_carea' id='block_1_63' title="bbox 1925 2263 3434 2336">
    <p class='ocr_par' dir='ltr' id='par_1_63' title="bbox 1925 2263 3434 2336">
     <span class='ocr_line' id='line_1_63' title="bbox 1925 2263 3434 2336; baseline -0.002 -16"><span class='ocrx_word' id='word_1_351' title='bbox 1925 2265 2220 2320; x_wconf 90' lang='lat' dir='ltr'>Adversus</span> <span class='ocrx_word' id='word_1_352' title='bbox 2254 2280 2427 2336; x_wconf 76' lang='lat' dir='ltr'>quem</span> <span class='ocrx_word' id='word_1_353' title='bbox 2456 2263 2791 2336; x_wconf 84' lang='lat' dir='ltr'>insurgens,</span> <span class='ocrx_word' id='word_1_354' title='bbox 2824 2263 2907 2319; x_wconf 90' lang='lat' dir='ltr'>sic</span> <span class='ocrx_word' id='word_1_355' title='bbox 2939 2268 3169 2320; x_wconf 87' lang='lat' dir='ltr'>tantum</span> <span class='ocrx_word' id='word_1_356' title='bbox 3203 2263 3434 2319; x_wconf 86' lang='lat' dir='ltr'>scribis.</span> 
     </span>
    </p>
   </div>
   <div class='ocr_carea' id='block_1_64' title="bbox 2541 2408 2962 2464">
    <p class='ocr_par' dir='ltr' id='par_1_64' title="bbox 2541 2408 2962 2464">
     <span class='ocr_line' id='line_1_64' title="bbox 2541 2408 2962 2464; baseline 0.002 -1"><span class='ocrx_word' id='word_1_357' title='bbox 2541 2409 2597 2463; x_wconf 84' lang='lat' dir='ltr'>In</span> <span class='ocrx_word' id='word_1_358' title='bbox 2632 2416 2745 2463; x_wconf 73' lang='lat' dir='ltr'>(res</span> <span class='ocrx_word' id='word_1_359' title='bbox 2773 2408 2962 2464; x_wconf 82' lang='lat' dir='ltr'>simul.</span> 
     </span>
    </p>
   </div>
   <div class='ocr_carea' id='block_1_65' title="bbox 1932 2531 3584 2606">
    <p class='ocr_par' dir='ltr' id='par_1_65' title="bbox 1932 2531 3584 2606">
     <span class='ocr_line' id='line_1_65' title="bbox 1932 2531 3584 2606; baseline -0.002 -15"><span class='ocrx_word' id='word_1_360' title='bbox 1932 2534 2189 2592; x_wconf 85' lang='lat' dir='ltr'>Trinitas</span> <span class='ocrx_word' id='word_1_361' title='bbox 2238 2533 2475 2605; x_wconf 88' lang='lat' dir='ltr'>quidem</span> <span class='ocrx_word' id='word_1_362' title='bbox 2518 2531 2743 2587; x_wconf 87' lang='lat' dir='ltr'>invenit</span> <span class='ocrx_word' id='word_1_363' title='bbox 2784 2548 3030 2588; x_wconf 88' lang='lat' dir='ltr'>numero</span> <span class='ocrx_word' id='word_1_364' title='bbox 3080 2532 3334 2604; x_wconf 67' lang='lat' dir='ltr'>aequales</span> <span class='ocrx_word' id='word_1_365' title='bbox 3365 2548 3584 2606; x_wconf 88' lang='lat' dir='ltr'>propu-</span> 
     </span>
    </p>
   </div>
   <div class='ocr_carea' id='block_1_66' title="bbox 3246 2622 3586 2694">
    <p class='ocr_par' dir='ltr' id='par_1_66' title="bbox 3246 2622 3586 2694">
     <span class='ocr_line' id='line_1_66' title="bbox 3246 2622 3586 2694; baseline 0.003 -17"><span class='ocrx_word' id='word_1_366' title='bbox 3246 2622 3545 2694; x_wconf 83' lang='lat' dir='ltr'>[gnatores</span> <span class='ocrx_word' id='word_1_367' title='bbox 3571 2636 3586 2678; x_wconf 87' lang='lat'><strong>:</strong></span> 
     </span>
    </p>
   </div>
   <div class='ocr_carea' id='block_1_67' title="bbox 1936 2709 3088 2779">
    <p class='ocr_par' dir='ltr' id='par_1_67' title="bbox 1936 2709 3088 2779">
     <span class='ocr_line' id='line_1_67' title="bbox 1936 2709 3088 2779; baseline -0.003 -10"><span class='ocrx_word' id='word_1_368' title='bbox 1936 2715 2046 2769; x_wconf 86' lang='lat' dir='ltr'>Eos</span> <span class='ocrx_word' id='word_1_369' title='bbox 2076 2715 2274 2767; x_wconf 89' lang='lat' dir='ltr'>autem</span> <span class='ocrx_word' id='word_1_370' title='bbox 2306 2709 2551 2767; x_wconf 89' lang='lat' dir='ltr'>invictos</span> <span class='ocrx_word' id='word_1_371' title='bbox 2582 2710 2772 2766; x_wconf 76' lang='lat' dir='ltr'>eli&#39;ecit</span> <span class='ocrx_word' id='word_1_372' title='bbox 2802 2711 2946 2766; x_wconf 86' lang='lat' dir='ltr'>fides</span> <span class='ocrx_word' id='word_1_373' title='bbox 2986 2711 3088 2779; x_wconf 89' lang='lat' dir='ltr'>ibi,</span> 
     </span>
    </p>
   </div>
   <div class='ocr_carea' id='block_1_68' title="bbox 1936 2800 3020 2875">
    <p class='ocr_par' dir='ltr' id='par_1_68' title="bbox 1936 2800 3020 2875">
     <span class='ocr_line' id='line_1_68' title="bbox 1936 2800 3020 2875; baseline -0.002 -18"><span class='ocrx_word' id='word_1_374' title='bbox 1936 2802 2247 2875; x_wconf 84' lang='lat' dir='ltr'>Indignum</span> <span class='ocrx_word' id='word_1_375' title='bbox 2272 2800 2554 2870; x_wconf 88' lang='lat' dir='ltr'>judicans</span> <span class='ocrx_word' id='word_1_376' title='bbox 2584 2804 2641 2855; x_wconf 90' lang='lat' dir='ltr'>et</span> <span class='ocrx_word' id='word_1_377' title='bbox 2671 2801 3020 2869; x_wconf 79' lang='lat' dir='ltr'>absurdum,</span> 
     </span>
    </p>
   </div>
   <div class='ocr_carea' id='block_1_69' title="bbox 1935 2888 3589 2962">
    <p class='ocr_par' dir='ltr' id='par_1_69' title="bbox 1935 2888 3589 2962">
     <span class='ocr_line' id='line_1_69' title="bbox 1935 2888 3589 2962; baseline -0.002 -15"><span class='ocrx_word' id='word_1_378' title='bbox 1935 2893 2046 2947; x_wconf 89' lang='lat' dir='ltr'>Eos</span> <span class='ocrx_word' id='word_1_379' title='bbox 2090 2891 2192 2962; x_wconf 92' lang='lat' dir='ltr'>qui</span> <span class='ocrx_word' id='word_1_380' title='bbox 2250 2889 2472 2945; x_wconf 76' lang='lat' dir='ltr'>caeteris</span> <span class='ocrx_word' id='word_1_381' title='bbox 2529 2889 2829 2959; x_wconf 90' lang='lat' dir='ltr'>conjuncti</span> <span class='ocrx_word' id='word_1_382' title='bbox 2887 2894 3050 2956; x_wconf 88' lang='lat' dir='ltr'>sunt,</span> <span class='ocrx_word' id='word_1_383' title='bbox 3105 2906 3221 2945; x_wconf 91' lang='lat' dir='ltr'>non</span> <span class='ocrx_word' id='word_1_384' title='bbox 3279 2888 3498 2962; x_wconf 88' lang='lat' dir='ltr'>pariter</span> <span class='ocrx_word' id='word_1_385' title='bbox 3528 2888 3589 2944; x_wconf 89' lang='lat' dir='ltr'>in</span> 
     </span>
    </p>
   </div>
   <div class='ocr_carea' id='block_1_70' title="bbox 2575 2978 3589 3050">
    <p class='ocr_par' dir='ltr' id='par_1_70' title="bbox 2575 2978 3589 3050">
     <span class='ocr_line' id='line_1_70' title="bbox 2575 2978 3589 3050; baseline 0 -18"><span class='ocrx_word' id='word_1_386' title='bbox 2575 2978 3033 3050; x_wconf 86' lang='lat' dir='ltr'>[exemplaribus</span> <span class='ocrx_word' id='word_1_387' title='bbox 3063 2993 3192 3035; x_wconf 90' lang='lat' dir='ltr'>esse</span> <span class='ocrx_word' id='word_1_388' title='bbox 3224 2980 3589 3050; x_wconf 89' lang='lat' dir='ltr'>conjunctos.</span> 
     </span>
    </p>
   </div>
   <div class='ocr_carea' id='block_1_71' title="bbox 1938 3066 3151 3140">
    <p class='ocr_par' dir='ltr' id='par_1_71' title="bbox 1938 3066 3151 3140">
     <span class='ocr_line' id='line_1_71' title="bbox 1938 3066 3151 3140; baseline -0.003 -15"><span class='ocrx_word' id='word_1_389' title='bbox 1938 3069 2071 3125; x_wconf 91' lang='lat' dir='ltr'>Ideo</span> <span class='ocrx_word' id='word_1_390' title='bbox 2102 3067 2319 3140; x_wconf 89' lang='lat' dir='ltr'>depicti</span> <span class='ocrx_word' id='word_1_391' title='bbox 2347 3068 2539 3122; x_wconf 89' lang='lat' dir='ltr'>vivere</span> <span class='ocrx_word' id='word_1_392' title='bbox 2567 3067 2841 3121; x_wconf 89' lang='lat' dir='ltr'>videntur</span> <span class='ocrx_word' id='word_1_393' title='bbox 2870 3072 2927 3121; x_wconf 90' lang='lat' dir='ltr'>et</span> <span class='ocrx_word' id='word_1_394' title='bbox 2958 3066 3151 3123; x_wconf 85' lang='lat' dir='ltr'>dicere</span> 
     </span>
    </p>
   </div>
   <div class='ocr_carea' id='block_1_72' title="bbox 1940 3157 3198 3231">
    <p class='ocr_par' dir='ltr' id='par_1_72' title="bbox 1940 3157 3198 3231">
     <span class='ocr_line' id='line_1_72' title="bbox 1940 3157 3198 3231; baseline -0.005 -15"><span class='ocrx_word' id='word_1_395' title='bbox 1940 3163 2075 3227; x_wconf 65' lang='lat' dir='ltr'>Qum</span> <span class='ocrx_word' id='word_1_396' title='bbox 2108 3175 2224 3231; x_wconf 79' lang='lat' dir='ltr'>prae</span> <span class='ocrx_word' id='word_1_397' title='bbox 2256 3175 2318 3214; x_wconf 90' lang='lat' dir='ltr'>se</span> <span class='ocrx_word' id='word_1_398' title='bbox 2350 3158 2546 3214; x_wconf 82' lang='lat' dir='ltr'>ferunt</span> <span class='ocrx_word' id='word_1_399' title='bbox 2577 3174 2610 3213; x_wconf 91' lang='lat' dir='ltr'>a</span> <span class='ocrx_word' id='word_1_400' title='bbox 2644 3162 2755 3213; x_wconf 92' lang='lat' dir='ltr'>Deo</span> <span class='ocrx_word' id='word_1_401' title='bbox 2789 3158 2989 3229; x_wconf 88' lang='lat' dir='ltr'>scripti</span> <span class='ocrx_word' id='word_1_402' title='bbox 3023 3157 3198 3212; x_wconf 91' lang='lat' dir='ltr'>Libri.</span> 
     </span>
    </p>
   </div>
   <div class='ocr_carea' id='block_1_73' title="bbox 1861 3224 3312 3317">
    <p class='ocr_par' dir='ltr' id='par_1_73' title="bbox 1861 3224 3312 3317">
     <span class='ocr_line' id='line_1_73' title="bbox 1861 3224 3312 3317; baseline -0.003 -12"><span class='ocrx_word' id='word_1_403' title='bbox 1861 3224 1904 3289; x_wconf 66' lang='grc' dir='ltr'>α</span> <span class='ocrx_word' id='word_1_404' title='bbox 1944 3224 2578 3305; x_wconf 47' lang='lat' dir='ltr'>[lane-retributionem</span> <span class='ocrx_word' id='word_1_405' title='bbox 2611 3247 2735 3301; x_wconf 88' lang='lat' dir='ltr'>suis</span> <span class='ocrx_word' id='word_1_406' title='bbox 2767 3224 3067 3317; x_wconf 81' lang='lat' dir='ltr'>magistris</span> <span class='ocrx_word' id='word_1_407' title='bbox 3101 3246 3312 3302; x_wconf 90' lang='lat' dir='ltr'>tribuit</span> 
     </span>
    </p>
   </div>
   <div class='ocr_carea' id='block_1_74' title="bbox 1944 3334 3138 3408">
    <p class='ocr_par' dir='ltr' id='par_1_74' title="bbox 1944 3334 3138 3408">
     <span class='ocr_line' id='line_1_74' title="bbox 1944 3334 3138 3408; baseline -0.004 -14"><span class='ocrx_word' id='word_1_408' title='bbox 1944 3340 2137 3394; x_wconf 87' lang='lat' dir='ltr'>Bonus</span> <span class='ocrx_word' id='word_1_409' title='bbox 2168 3335 2499 3408; x_wconf 89' lang='lat' dir='ltr'>discipulus</span> <span class='ocrx_word' id='word_1_410' title='bbox 2529 3334 2834 3390; x_wconf 80' lang='lat' dir='ltr'>familiaris</span> <span class='ocrx_word' id='word_1_411' title='bbox 2862 3335 3138 3391; x_wconf 86' lang='lat' dir='ltr'>Joannes.</span> 
     </span>
    </p>
   </div>
   <div class='ocr_carea' id='block_1_75' title="bbox 2481 3479 3051 3550">
    <p class='ocr_par' dir='ltr' id='par_1_75' title="bbox 2481 3479 3051 3550">
     <span class='ocr_line' id='line_1_75' title="bbox 2481 3479 3051 3550; baseline -0.004 -15"><span class='ocrx_word' id='word_1_412' title='bbox 2481 3484 2553 3536; x_wconf 82' lang='lat' dir='ltr'>In</span> <span class='ocrx_word' id='word_1_413' title='bbox 2587 3479 3051 3550; x_wconf 75' lang='lat' dir='ltr'>Chrysostomum.</span> 
     </span>
    </p>
   </div>
   <div class='ocr_carea' id='block_1_76' title="bbox 1942 3604 2820 3677">
    <p class='ocr_par' dir='ltr' id='par_1_76' title="bbox 1942 3604 2820 3677">
     <span class='ocr_line' id='line_1_76' title="bbox 1942 3604 2820 3677; baseline -0.007 -13"><span class='ocrx_word' id='word_1_414' title='bbox 1942 3612 2171 3664; x_wconf 84' lang='lat' dir='ltr'>Aureus</span> <span class='ocrx_word' id='word_1_415' title='bbox 2203 3606 2300 3661; x_wconf 88' lang='lat' dir='ltr'>ille</span> <span class='ocrx_word' id='word_1_416' title='bbox 2330 3604 2416 3662; x_wconf 90' lang='lat' dir='ltr'>sol</span> <span class='ocrx_word' id='word_1_417' title='bbox 2449 3605 2820 3677; x_wconf 87' lang='lat' dir='ltr'>dogmatum,</span> 
     </span>
    </p>
   </div>
   <div class='ocr_carea' id='block_1_77' title="bbox 1948 3692 3379 3767">
    <p class='ocr_par' dir='ltr' id='par_1_77' title="bbox 1948 3692 3379 3767">
     <span class='ocr_line' id='line_1_77' title="bbox 1948 3692 3379 3767; baseline -0.003 -14"><span class='ocrx_word' id='word_1_418' title='bbox 1948 3697 2163 3753; x_wconf 86' lang='lat' dir='ltr'>Radios</span> <span class='ocrx_word' id='word_1_419' title='bbox 2195 3695 2530 3767; x_wconf 84' lang='lat' dir='ltr'>expandens</span> <span class='ocrx_word' id='word_1_420' title='bbox 2564 3692 2877 3748; x_wconf 90' lang='lat' dir='ltr'>moralium</span> <span class='ocrx_word' id='word_1_421' title='bbox 2908 3692 3379 3765; x_wconf 87' lang='lat' dir='ltr'>disciplinarum,</span> 
     </span>
    </p>
   </div>
   <div class='ocr_carea' id='block_1_78' title="bbox 1946 3781 3068 3857">
    <p class='ocr_par' dir='ltr' id='par_1_78' title="bbox 1946 3781 3068 3857">
     <span class='ocr_line' id='line_1_78' title="bbox 1946 3781 3068 3857; baseline -0.004 -16"><span class='ocrx_word' id='word_1_422' title='bbox 1946 3785 2209 3857; x_wconf 86' lang='lat' dir='ltr'>Dissipat</span> <span class='ocrx_word' id='word_1_423' title='bbox 2237 3799 2469 3839; x_wconf 86' lang='lat' dir='ltr'>omnem</span> <span class='ocrx_word' id='word_1_424' title='bbox 2501 3799 2732 3838; x_wconf 87' lang='lat' dir='ltr'>avaram</span> <span class='ocrx_word' id='word_1_425' title='bbox 2767 3781 3068 3851; x_wconf 88' lang='lat' dir='ltr'>nebulam,</span> 
     </span>
    </p>
   </div>
   <div class='ocr_carea' id='block_1_79' title="bbox 1946 3870 3098 3930">
    <p class='ocr_par' dir='ltr' id='par_1_79' title="bbox 1946 3870 3098 3930">
     <span class='ocr_line' id='line_1_79' title="bbox 1946 3870 3098 3930; baseline -0.003 -2"><span class='ocrx_word' id='word_1_426' title='bbox 1946 3880 2016 3930; x_wconf 87' lang='lat' dir='ltr'>Et</span> <span class='ocrx_word' id='word_1_427' title='bbox 2044 3872 2342 3929; x_wconf 87' lang='lat' dir='ltr'>illuminat</span> <span class='ocrx_word' id='word_1_428' title='bbox 2370 3873 2645 3928; x_wconf 90' lang='lat' dir='ltr'>omnibus</span> <span class='ocrx_word' id='word_1_429' title='bbox 2674 3871 2827 3926; x_wconf 79' lang='lat' dir='ltr'>viam</span> <span class='ocrx_word' id='word_1_430' title='bbox 2866 3870 3098 3927; x_wconf 88' lang='lat' dir='ltr'>salutis.</span> 
     </span>
    </p>
   </div>
   <div class='ocr_carea' id='block_1_80' title="bbox 1951 4014 3601 4087">
    <p class='ocr_par' dir='ltr' id='par_1_80' title="bbox 1951 4014 3601 4087">
     <span class='ocr_line' id='line_1_80' title="bbox 1951 4014 3601 4087; baseline -0.005 -11"><span class='ocrx_word' id='word_1_431' title='bbox 1951 4022 2010 4076; x_wconf 83' lang='lat' dir='ltr'>In</span> <span class='ocrx_word' id='word_1_432' title='bbox 2067 4017 2309 4087; x_wconf 70' lang='lat' dir='ltr'>ejusdem</span> <span class='ocrx_word' id='word_1_433' title='bbox 2366 4015 2660 4085; x_wconf 89' lang='lat' dir='ltr'>(Joannis</span> <span class='ocrx_word' id='word_1_434' title='bbox 2709 4014 3159 4086; x_wconf 81' lang='lat' dir='ltr'>Chrysostomi)</span> <span class='ocrx_word' id='word_1_435' title='bbox 3209 4014 3601 4086; x_wconf 74' lang='lat' dir='ltr'>depositioncm</span> 
     </span>
    </p>
   </div>
   <div class='ocr_carea' id='block_1_81' title="bbox 1950 4137 3251 4213">
    <p class='ocr_par' dir='ltr' id='par_1_81' title="bbox 1950 4137 3251 4213">
     <span class='ocr_line' id='line_1_81' title="bbox 1950 4137 3251 4213; baseline -0.007 -13"><span class='ocrx_word' id='word_1_436' title='bbox 1950 4144 2139 4200; x_wconf 87' lang='lat' dir='ltr'>Solem</span> <span class='ocrx_word' id='word_1_437' title='bbox 2174 4141 2490 4213; x_wconf 88' lang='lat' dir='ltr'>inquinant</span> <span class='ocrx_word' id='word_1_438' title='bbox 2523 4141 2931 4210; x_wconf 81' lang='lat' dir='ltr'>ﬁgmentorum</span> <span class='ocrx_word' id='word_1_439' title='bbox 2966 4137 3207 4193; x_wconf 73' lang='lat' dir='ltr'>maculae</span> <span class='ocrx_word' id='word_1_440' title='bbox 3237 4158 3251 4206; x_wconf 89' lang='lat'><strong>;</strong></span> 
     </span>
    </p>
   </div>
   <div class='ocr_carea' id='block_1_82' title="bbox 1953 4226 3448 4301">
    <p class='ocr_par' dir='ltr' id='par_1_82' title="bbox 1953 4226 3448 4301">
     <span class='ocr_line' id='line_1_82' title="bbox 1953 4226 3448 4301; baseline -0.005 -13"><span class='ocrx_word' id='word_1_441' title='bbox 1953 4233 2056 4288; x_wconf 89' lang='lat' dir='ltr'>Hic</span> <span class='ocrx_word' id='word_1_442' title='bbox 2087 4235 2282 4287; x_wconf 90' lang='lat' dir='ltr'>autem</span> <span class='ocrx_word' id='word_1_443' title='bbox 2316 4229 2663 4301; x_wconf 88' lang='lat' dir='ltr'>splendidus</span> <span class='ocrx_word' id='word_1_444' title='bbox 2693 4232 2873 4282; x_wconf 89' lang='lat' dir='ltr'>totam</span> <span class='ocrx_word' id='word_1_445' title='bbox 2907 4226 3168 4281; x_wconf 89' lang='lat' dir='ltr'>illustrat</span> <span class='ocrx_word' id='word_1_446' title='bbox 3196 4231 3409 4280; x_wconf 86' lang='lat' dir='ltr'>terram</span> <span class='ocrx_word' id='word_1_447' title='bbox 3435 4242 3448 4280; x_wconf 90' lang='lat'><strong>:</strong></span> 
     </span>
    </p>
   </div>
   <div class='ocr_carea' id='block_1_83' title="bbox 1950 4313 3324 4376">
    <p class='ocr_par' dir='ltr' id='par_1_83' title="bbox 1950 4313 3324 4376">
     <span class='ocr_line' id='line_1_83' title="bbox 1950 4313 3324 4376; baseline -0.007 0"><span class='ocrx_word' id='word_1_448' title='bbox 1950 4322 2076 4376; x_wconf 91' lang='lat' dir='ltr'>Non</span> <span class='ocrx_word' id='word_1_449' title='bbox 2109 4320 2262 4375; x_wconf 91' lang='lat' dir='ltr'>enim</span> <span class='ocrx_word' id='word_1_450' title='bbox 2296 4316 2629 4373; x_wconf 89' lang='lat' dir='ltr'>annibilant</span> <span class='ocrx_word' id='word_1_451' title='bbox 2658 4315 2967 4370; x_wconf 87' lang='lat' dir='ltr'>luciferum</span> <span class='ocrx_word' id='word_1_452' title='bbox 3001 4313 3324 4369; x_wconf 66' lang='lat' dir='ltr'>nubeculae.</span> 
     </span>
    </p>
   </div>
   <div class='ocr_carea' id='block_1_84' title="bbox 1952 4404 3291 4482">
    <p class='ocr_par' dir='ltr' id='par_1_84' title="bbox 1952 4404 3291 4482">
     <span class='ocr_line' id='line_1_84' title="bbox 1952 4404 3291 4482; baseline -0.006 -17"><span class='ocrx_word' id='word_1_453' title='bbox 1952 4410 2158 4482; x_wconf 88' lang='lat' dir='ltr'>Fulget</span> <span class='ocrx_word' id='word_1_454' title='bbox 2185 4424 2416 4469; x_wconf 89' lang='lat' dir='ltr'>aurum,</span> <span class='ocrx_word' id='word_1_455' title='bbox 2450 4405 2685 4461; x_wconf 87' lang='lat' dir='ltr'>tametsi</span> <span class='ocrx_word' id='word_1_456' title='bbox 2717 4421 2794 4459; x_wconf 76' lang='lat' dir='ltr'>aes</span> <span class='ocrx_word' id='word_1_457' title='bbox 2821 4404 3150 4474; x_wconf 87' lang='lat' dir='ltr'>judicatum</span> <span class='ocrx_word' id='word_1_458' title='bbox 3183 4408 3291 4471; x_wconf 90' lang='lat' dir='ltr'>est,</span> 
     </span>
    </p>
   </div>
   <div class='ocr_carea' id='block_1_85' title="bbox 1952 4491 3606 4566">
    <p class='ocr_par' dir='ltr' id='par_1_85' title="bbox 1952 4491 3606 4566">
     <span class='ocr_line' id='line_1_85' title="bbox 1952 4491 3606 4566; baseline -0.002 -14"><span class='ocrx_word' id='word_1_459' title='bbox 1952 4499 2021 4553; x_wconf 87' lang='lat' dir='ltr'>Et</span> <span class='ocrx_word' id='word_1_460' title='bbox 2050 4497 2317 4553; x_wconf 86' lang='lat' dir='ltr'>Christus</span> <span class='ocrx_word' id='word_1_461' title='bbox 2345 4495 2473 4566; x_wconf 91' lang='lat' dir='ltr'>ipse</span> <span class='ocrx_word' id='word_1_462' title='bbox 2516 4495 2843 4548; x_wconf 65' lang='lat' dir='ltr'>daemonum</span> <span class='ocrx_word' id='word_1_463' title='bbox 2899 4492 3111 4546; x_wconf 89' lang='lat' dir='ltr'>habere</span> <span class='ocrx_word' id='word_1_464' title='bbox 3160 4491 3464 4561; x_wconf 86' lang='lat' dir='ltr'>judicatus</span> <span class='ocrx_word' id='word_1_465' title='bbox 3494 4496 3606 4563; x_wconf 90' lang='lat' dir='ltr'>est,</span> 
     </span>
    </p>
   </div>
   <div class='ocr_carea' id='block_1_86' title="bbox 1876 4584 3171 4658">
    <p class='ocr_par' dir='ltr' id='par_1_86' title="bbox 1876 4584 3171 4658">
     <span class='ocr_line' id='line_1_86' title="bbox 1876 4584 3171 4658; baseline -0.005 -16"><span class='ocrx_word' id='word_1_466' title='bbox 1876 4595 1921 4658; x_wconf 75' lang='grc' dir='ltr'>Β</span> <span class='ocrx_word' id='word_1_467' title='bbox 1953 4586 2228 4653; x_wconf 90' lang='lat' dir='ltr'>Gulosus,</span> <span class='ocrx_word' id='word_1_468' title='bbox 2260 4584 2523 4647; x_wconf 84' lang='lat' dir='ltr'>vinosus,</span> <span class='ocrx_word' id='word_1_469' title='bbox 2559 4586 2887 4638; x_wconf 88' lang='lat' dir='ltr'>scortorum</span> <span class='ocrx_word' id='word_1_470' title='bbox 2920 4587 3171 4645; x_wconf 85' lang='lat' dir='ltr'>amator,</span> 
     </span>
    </p>
   </div>
   <div class='ocr_carea' id='block_1_87' title="bbox 1956 4669 3294 4741">
    <p class='ocr_par' dir='ltr' id='par_1_87' title="bbox 1956 4669 3294 4741">
     <span class='ocr_line' id='line_1_87' title="bbox 1956 4669 3294 4741; baseline -0.004 -11"><span class='ocrx_word' id='word_1_471' title='bbox 1956 4676 2072 4731; x_wconf 92' lang='lat' dir='ltr'>Deo</span> <span class='ocrx_word' id='word_1_472' title='bbox 2105 4672 2474 4730; x_wconf 78' lang='lat' dir='ltr'>adversarius</span> <span class='ocrx_word' id='word_1_473' title='bbox 2507 4671 2719 4741; x_wconf 87' lang='lat' dir='ltr'>majus,</span> <span class='ocrx_word' id='word_1_474' title='bbox 2751 4670 2937 4738; x_wconf 83' lang='lat' dir='ltr'>exlex,</span> <span class='ocrx_word' id='word_1_475' title='bbox 2969 4669 3255 4725; x_wconf 90' lang='lat' dir='ltr'>erraticus</span> <span class='ocrx_word' id='word_1_476' title='bbox 3282 4686 3294 4725; x_wconf 93' lang='lat'><strong>:</strong></span> 
     </span>
    </p>
   </div>
   <div class='ocr_carea' id='block_1_88' title="bbox 1958 4758 3615 4830">
    <p class='ocr_par' dir='ltr' id='par_1_88' title="bbox 1958 4758 3615 4830">
     <span class='ocr_line' id='line_1_88' title="bbox 1958 4758 3615 4830; baseline -0.004 -10"><span class='ocrx_word' id='word_1_477' title='bbox 1958 4770 2283 4820; x_wconf 90' lang='lat' dir='ltr'>Damnatus</span> <span class='ocrx_word' id='word_1_478' title='bbox 2311 4766 2402 4817; x_wconf 89' lang='lat' dir='ltr'>est</span> <span class='ocrx_word' id='word_1_479' title='bbox 2451 4761 2519 4816; x_wconf 91' lang='lat' dir='ltr'>ad</span> <span class='ocrx_word' id='word_1_480' title='bbox 2554 4776 2813 4829; x_wconf 89' lang='lat' dir='ltr'>crucem,</span> <span class='ocrx_word' id='word_1_481' title='bbox 2846 4763 2905 4814; x_wconf 86' lang='lat' dir='ltr'>et</span> <span class='ocrx_word' id='word_1_482' title='bbox 2948 4759 3019 4814; x_wconf 91' lang='lat' dir='ltr'>ad</span> <span class='ocrx_word' id='word_1_483' title='bbox 3072 4758 3394 4814; x_wconf 88' lang='lat' dir='ltr'>ludibrium</span> <span class='ocrx_word' id='word_1_484' title='bbox 3426 4775 3615 4830; x_wconf 88' lang='lat' dir='ltr'>quan-</span> 
     </span>
    </p>
   </div>
   <div class='ocr_carea' id='block_1_89' title="bbox 3422 4846 3612 4918">
    <p class='ocr_par' dir='ltr' id='par_1_89' title="bbox 3422 4846 3612 4918">
     <span class='ocr_line' id='line_1_89' title="bbox 3422 4846 3612 4918; baseline -0.005 -16"><span class='ocrx_word' id='word_1_485' title='bbox 3422 4847 3571 4918; x_wconf 88' lang='lat' dir='ltr'>[tum</span> <span class='ocrx_word' id='word_1_486' title='bbox 3598 4846 3612 4901; x_wconf 84' lang='lat' dir='ltr'>l</span> 
     </span>
    </p>
   </div>
   <div class='ocr_carea' id='block_1_90' title="bbox 1957 4936 3348 5008">
    <p class='ocr_par' dir='ltr' id='par_1_90' title="bbox 1957 4936 3348 5008">
     <span class='ocr_line' id='line_1_90' title="bbox 1957 4936 3348 5008; baseline -0.005 -10"><span class='ocrx_word' id='word_1_487' title='bbox 1957 4944 2025 4998; x_wconf 90' lang='lat' dir='ltr'>Et</span> <span class='ocrx_word' id='word_1_488' title='bbox 2058 4940 2207 4997; x_wconf 90' lang='lat' dir='ltr'>nihil</span> <span class='ocrx_word' id='word_1_489' title='bbox 2239 4956 2476 5008; x_wconf 88' lang='lat' dir='ltr'>novum,</span> <span class='ocrx_word' id='word_1_490' title='bbox 2504 4938 2551 4993; x_wconf 88' lang='lat' dir='ltr'>si</span> <span class='ocrx_word' id='word_1_491' title='bbox 2586 4938 2684 4992; x_wconf 91' lang='lat' dir='ltr'>Dei</span> <span class='ocrx_word' id='word_1_492' title='bbox 2716 4936 2948 4992; x_wconf 89' lang='lat' dir='ltr'>divinus</span> <span class='ocrx_word' id='word_1_493' title='bbox 2984 4936 3348 4991; x_wconf 86' lang='lat' dir='ltr'>sacriﬁcator</span> 
     </span>
    </p>
   </div>
   <div class='ocr_carea' id='block_1_91' title="bbox 1959 5026 3050 5100">
    <p class='ocr_par' dir='ltr' id='par_1_91' title="bbox 1959 5026 3050 5100">
     <span class='ocr_line' id='line_1_91' title="bbox 1959 5026 3050 5100; baseline -0.006 -12"><span class='ocrx_word' id='word_1_494' title='bbox 1959 5030 2191 5089; x_wconf 88' lang='lat' dir='ltr'>Similia</span> <span class='ocrx_word' id='word_1_495' title='bbox 2221 5030 2442 5100; x_wconf 86' lang='lat' dir='ltr'>patitur</span> <span class='ocrx_word' id='word_1_496' title='bbox 2468 5033 2525 5082; x_wconf 84' lang='lat' dir='ltr'>et</span> <span class='ocrx_word' id='word_1_497' title='bbox 2554 5026 2787 5097; x_wconf 88' lang='lat' dir='ltr'>ejicitur</span> <span class='ocrx_word' id='word_1_498' title='bbox 2815 5026 3050 5081; x_wconf 83' lang='lat' dir='ltr'>throno.</span> 
     </span>
    </p>
   </div>
   <div class='ocr_carea' id='block_1_92' title="bbox 1368 5254 2448 5352">
    <p class='ocr_par' dir='ltr' id='par_1_92' title="bbox 1368 5254 2448 5352">
     <span class='ocr_line' id='line_1_92' title="bbox 1368 5254 2448 5352; baseline -0.002 -5"><span class='ocrx_word' id='word_1_499' title='bbox 1368 5255 1936 5352; x_wconf 88' lang='lat' dir='ltr'>EJUSDEM</span> <span class='ocrx_word' id='word_1_500' title='bbox 2013 5254 2448 5351; x_wconf 87' lang='lat' dir='ltr'>PSELLI</span> 
     </span>
    </p>
   </div>
   <div class='ocr_carea' id='block_1_93' title="bbox 868 5405 2947 5473">
    <p class='ocr_par' dir='ltr' id='par_1_93' title="bbox 868 5405 2947 5473">
     <span class='ocr_line' id='line_1_93' title="bbox 868 5405 2947 5473; baseline -0.002 -3"><span class='ocrx_word' id='word_1_501' title='bbox 868 5410 1285 5471; x_wconf 87' lang='lat' dir='ltr'>ENCOMIUM</span> <span class='ocrx_word' id='word_1_502' title='bbox 1333 5410 1436 5469; x_wconf 89' lang='lat' dir='ltr'>ET</span> <span class='ocrx_word' id='word_1_503' title='bbox 1480 5411 1847 5473; x_wconf 84' lang='lat' dir='ltr'>OFFICIUM</span> <span class='ocrx_word' id='word_1_504' title='bbox 1894 5410 2292 5472; x_wconf 84' lang='lat' dir='ltr'>SYMEONIS</span> <span class='ocrx_word' id='word_1_505' title='bbox 2341 5405 2947 5467; x_wconf 58' lang='lat' dir='ltr'>METAPHRASTIE</span> 
     </span>
    </p>
   </div>
   <div class='ocr_carea' id='block_1_94' title="bbox 1340 5539 2503 5613">
    <p class='ocr_par' dir='ltr' id='par_1_94' title="bbox 1340 5539 2503 5613">
     <span class='ocr_line' id='line_1_94' title="bbox 1340 5539 2503 5613; baseline -0.001 -16"><span class='ocrx_word' id='word_1_506' title='bbox 1340 5541 1484 5598; x_wconf 85' lang='lat' dir='ltr'>Vide</span> <span class='ocrx_word' id='word_1_507' title='bbox 1515 5546 1745 5600; x_wconf 85' lang='lat' dir='ltr'>tomum</span> <span class='ocrx_word' id='word_1_508' title='bbox 1783 5544 1983 5613; x_wconf 86' lang='lat' dir='ltr'>CXIV,</span> <span class='ocrx_word' id='word_1_509' title='bbox 2013 5542 2123 5600; x_wconf 90' lang='lat' dir='ltr'>col.</span> <span class='ocrx_word' id='word_1_510' title='bbox 2160 5541 2261 5597; x_wconf 90' lang='grc'>183</span> <span class='ocrx_word' id='word_1_511' title='bbox 2293 5543 2350 5596; x_wconf 89' lang='lat' dir='ltr'>et</span> <span class='ocrx_word' id='word_1_512' title='bbox 2382 5539 2503 5596; x_wconf 82' lang='grc'>199.</span> 
     </span>
    </p>
   </div>
  </div>
