4032 6202
478 351 601 411 911
1836 349 2259 410 MICHAELIS
2307 350 2570 410 PSELLI
3785 356 3905 417 912

494 512 3901 541 Μ

1194 694 2786 826 ἹῚΠΤΑΥΤΤΟΥ’ΨΕΛ

1658 694 3192 828 ΑΥΤΤΟΥ’ΨΕΛΛΟΥ

2023 925 2334 999 ΜΟΝῼΔΙΑ

846 1090 1045 1183 ΕΙΣ
1129 1088 1386 1183 ΤΗΝ
1472 1089 1713 1182 ΤΗΣ
1801 1086 2160 1181 ΑΓΙΛΣ
2243 1086 2699 1183 ΣΟΦΙΑΣ
2786 1087 3528 1184 ΣΥΜΠΤΩΣΙΝ

1292 1292 2238 1569 ΕΠΙΞΒΕΜ
2364 1414 3086 1568 PSELLI

2022 1649 2350 1708 MONODIA

723 1801 859 1896 IN
928 1800 1906 1897 GOLLAPSIONEM
1970 1799 2454 1894 TEMPLI
2525 1800 3056 1897 SANCTZE
3117 1800 3650 1899 SOPHI/E.

1370 1986 1508 2058 (Leo
1540 1984 1791 2043 Allatios
1820 1984 1880 2041 in
1912 1988 2035 2041 not.
2068 1984 2143 2041 ad
2172 1987 2380 2057 Georg.
2411 1982 2727 2057 Acropolit.
2762 2001 2819 2056 p.
2850 1984 3002 2058 281.)

540 2285 668 2341 Fuit
696 2285 875 2356 igitur
932 2289 990 2341 et
1036 2285 1342 2342 calamitas
1399 2285 1753 2351 calamitate,
1815 2289 1873 2342 et
1922 2284 2119 2357 passio

2307 2284 2399 2339 ’Hv
2480 2283 2581 2355 ἄρα
2650 2282 2739 2337 καὶ
2816 2283 3070 2361 συμφορά
3144 2289 3457 2362 συμφορᾶς,
3542 2284 3633 2339 καὶ
3717 2284 3881 2347 πάθος

460 2375 750 2445 passione,
783 2381 840 2430 et
885 2374 1081 2431 luctus
1130 2374 1313 2442 luctu,
1347 2381 1405 2430 et
1452 2376 1795 2431 lamentatio
1828 2374 2048 2430 lament

2285 2372 2451 2441 ἱΟους,
2502 2371 2593 2425 καὶ
2644 2369 2789 2442 λύπη
2825 2370 3026 2444 λύπης,
3059 2371 3147 2426 καὶ
3206 2373 3456 2447 οἰμωγῆς
3514 2373 3877 2449 οἷμωγή,καί

457 2462 636 2529 tione,
673 2469 731 2517 et
758 2462 1011 2531 ejulatus
1059 2464 1283 2531 ejulatu
1318 2465 1508 2533 major
1537 2470 1594 2518 et
1644 2463 1965 2519 molestior.
1993 2463 2049 2517 Ci

2294 2466 2423 2529 ῆνος
2474 2462 2677 2534 θρήνου
2729 2460 2929 2531 μείζων
2976 2481 3033 2515 τε
3080 2459 3167 2515 καὶ
3214 2460 3648 2537 ἀργαλεώτερος.
3686 2464 3787 2518 Καὶ
3817 2465 3880 2518 τὰ

457 2557 612 2607 teras
648 2552 887 2623 quidem
921 2552 1309 2619 calamitates,
1360 2559 1614 2623 quantas
1647 2553 1759 2608 fert
1808 2554 2049 2608 memori

2283 2570 2320 2602 ιν
2377 2546 2521 2603 ἄλλα
2573 2553 2677 2601 τῶν
2711 2549 3070 2621 παθημάτων,
3106 2550 3203 2603 ὅσα
3253 2552 3343 2603 καὶ
3379 2552 3615 2622 μνῆμαι,
3657 2551 3875 2628 φέρουσι

458 2640 695 2695 urbium
753 2642 1105 2709 eversiones,
1157 2640 1513 2710 templorum
1563 2640 1976 2705 desolationes,
2010 2641 2043 2695 d

2280 2636 2437 2692 Ξλεων
2478 2640 2844 2714 κατασκαφὰς,
2896 2642 3037 2693 ναῶν
3086 2637 3413 2714 ἑρημώσεις,
3446 2637 3612 2693 οἷ’κων
3646 2640 3872 2716 ἐρειπώ-

460 2746 694 2784 morum
753 2730 981 2800 lapsus,
1038 2728 1489 2785 simulacrorum
1522 2747 1715 2797 casus,
1772 2731 2052 2785 seditione

2277 2747 2354 2791 ,tq,
2416 2725 2744 2800 ἀγαλμάτων
2805 2728 3182 2798 συμπτώσεις,
3239 2726 3487 2801 στάσεις,
3555 2728 3869 2804 ἀπαγωγὰς,

459 2818 862 2881 abductiones,
914 2818 1278 2888 captivitates
1327 2820 1707 2889 cognovimus
1751 2824 1808 2874 et
1864 2819 2049 2874 scimu

2275 2812 2614 2891 Γχμαλωσίας
2662 2814 2971 2891 ἐγνώκαμεν
3014 2835 3073 2870 τε
3127 2818 3214 2871 καὶ
3259 2814 3505 2889 οἷ’δαμεν.
3540 2815 3783 2890 Εῗδομεν
3840 2816 3867 2871 ἃ

460 2907 720 2963 Vidimus
750 2924 877 2978 quae
909 2924 1025 2963 non
1084 2923 1549 2978 speraveramus,
1585 2924 1773 2978 neque
1802 2919 2052 2979 exspect:

2272 2905 2320 2958 ix
2374 2900 2710 2976 ἠλπίσαμεν,
2770 2902 2895 2959 οὐδὲ
2950 2902 3453 2981 προσεδοκήσαμεν,
3486 2906 3589 2961 οὐκ
3619 2905 3684 2961 ἃν
3739 2928 3864 2962 ποτε

458 3013 747 3063 veramus,
773 3012 962 3066 neque
984 3012 1244 3067 unquam
1266 2996 1323 3049 in
1348 3005 1605 3051 mentem
1628 2996 2050 3053 induxissemu:

2271 3014 2294 3053 ς
2353 2997 2473 3046 νοῦν
2533 2992 2978 3065 ἆόετυπώσαμεν·
3039 2993 3128 3047 καὶ
3188 2994 3249 3048 οὐ
3306 3000 3489 3067 μεῖζον
3536 2996 3703 3050 κακὸν
3769 2995 3862 3051 οὐκ

458 3102 649 3157 neque
702 3086 895 3155 majus
970 3084 1193 3140 malum
1269 3085 1465 3141 videre
1540 3092 1665 3141 erat
1735 3087 1893 3157 (ante
1951 3104 2050 3156 quc

2269 3104 2280 3134 ι
2342 3078 2473 3136 ἰδεῖν
2527 3082 2617 3135 καὶ
2678 3082 2740 3135 οὗ
2793 3088 3190 3157 προαποθανεῖν
3239 3081 3539 3145 πάντωςᾶν
3601 3082 3861 3161 ἡνέγκατό

457 3175 699 3230 omnino
755 3190 994 3230 necesse
1050 3174 1260 3230 fuisset
1310 3189 1603 3247 quemque
1660 3174 1867 3243 mori),
1926 3192 2043 3246 qua

2272 3191 2318 3241 ς,
2378 3172 2411 3240 ἢ
2451 3175 2632 3243 τοῦτο,
2672 3171 2766 3225 τὸν
2812 3170 3018 3243 κόσμον
3078 3174 3262 3244 ἡμῶν,
3318 3173 3410 3227 τὸν
3462 3171 3719 3249 οὐρανὸν,
3772 3175 3857 3229 τὸν

453 3263 621 3333 illud,
655 3267 923 3320 nostrum
955 3264 1271 3334 mundum,
1324 3262 1559 3333 coelum,
1592 3262 1801 3335 solem,
1836 3270 2039 3321 nostru

2266 3258 2396 3329 λιον,
2456 3261 2553 3328 τὴν
2602 3260 2828 3330 σκέπην,
2887 3260 2977 3314 καὶ
3034 3262 3347 3338 καταφυγὴν
3406 3262 3590 3335 ἡμῶν,
3625 3264 3729 3331 τὴν
3774 3262 3858 3319 ἔλ-

454 3353 814 3426 przesidium,
875 3354 1240 3425 confugium,
1304 3362 1566 3409 nostram
1628 3370 1816 3426 spem,
1868 3356 2041 3410 unica

2262 3345 2365 3416 i601,
2424 3351 2522 3418 τήν
2589 3350 2759 3422 μόνην
2792 3349 3173 3426 ψυχαγωγίαν,
3208 3351 3305 3420 τὴν
3343 3349 3513 3423 μόνην
3547 3350 3854 3424 ἀντίληψιν,

453 3443 785 3498 animarum
842 3442 1281 3511 adductionem,
1341 3442 1575 3498 unicam
1633 3444 2045 3514 opitulatione:

2261 3459 2273 3490 ι
2327 3433 2571 3512 ἔρεισμα,
2623 3438 2686 3491 τὸ
2720 3437 3060 3512 ἱλαστήριον,
3090 3440 3181 3494 τὸν
3234 3437 3542 3515 περικαλλῆ
3575 3440 3738 3509 νεὼν,
3770 3441 3853 3495 τὸν

454 3532 887 3597 lulcimentum,
937 3532 1440 3603 propitiatorium,
1473 3533 1893 3603 perpulchrum
1956 3541 2046 3588 ten

2262 3526 2531 3601 τῦγκριτον
2589 3527 2760 3595 οἷκον,
2794 3528 2852 3581 ὃν
2910 3525 3265 3601 ᾠκοδόμησεν
3313 3530 3349 3598 ἡ
3409 3528 3582 3607 Σοφία
3639 3528 3727 3584 ἐπὶ
3784 3538 3854 3601 τῷ

454 3620 641 3693 plum,
698 3620 1216 3691 incomparabilem
1277 3622 1517 3676 domum
1566 3637 1740 3691 quam
1798 3624 2046 3679 aediﬁcav

2266 3622 2403 3685 ευτῆς
2457 3615 2727 3688 ὀνόματι,
2787 3617 2875 3670 καὶ
2926 3615 2987 3670 o6
3049 3617 3307 3691 ὑπήρεισε
3360 3616 3487 3679 τοὺς
3544 3618 3683 3673 ἑπτὰ
3739 3620 3858 3674 στύ-

456 3672 641 3693 τν-η.
698 3672 1211 3691 --ηη-τη-γκηπν
1288 3672 1515 3676 η-κ-ηκ
1574 3672 1740 3691 τ-νπ
1802 3672 2044 3679 ππ---η-

456 3710 676 3780 Sophia
706 3708 766 3764 in
799 3726 904 3763 suo
955 3710 1210 3777 nomine,
1244 3715 1303 3764 et
1355 3712 1524 3779 cujus
1558 3716 1780 3782 septem
1815 3712 1945 3766 illas
1977 3731 2045 3769 su

2265 3725 2341 3766 >υς
2398 3703 2649 3767 ἐκείνους·
2710 3706 2839 3779 ὑπὲρ
2898 3706 2959 3760 06
3013 3708 3102 3761 καὶ
3158 3707 3356 3777 ἑαυτῆς
3410 3706 3598 3778 ἔσφαξε
3651 3708 3857 3781 θῦματα

456 3797 622 3853 fulsit
651 3798 995 3865 columnas;
1031 3815 1213 3869 supra
1255 3814 1431 3868 quam
1487 3816 1626 3853 suas
1670 3800 1858 3870 ipsius
1890 3802 2048 3857 immt

2266 3794 2300 3848 ιὶ
2358 3794 2447 3848 τὸν
2505 3802 2749 3869 κρατῆρα
2805 3793 3069 3870 ἐκέρασεν’
3106 3794 3151 3850 ὢ
3207 3801 3304 3851 106
3362 3796 3605 3860 πάθουςέ
3663 3797 3709 3851 ὦ
3767 3804 3858 3866 τῆς

456 3887 599 3942 lavit
643 3886 935 3953 victimas,
985 3890 1041 3941 et
1099 3887 1373 3956 poculum
1434 3888 1694 3942 miscuit.
1742 3888 1785 3943 Ο
1839 3890 2037 3947 dolori

2266 3885 2530 3961 ιμφορᾶςῐ
2566 3882 2609 3936 ὣ
2639 3888 2735 3937 106
2772 3884 3033 3959 μεγέθους
3082 3889 3187 3939 τῶν
3235 3890 3413 3940 κακῶν
3443 3888 3455 3941 !
3486 3882 3530 3939 ὣ
3574 3892 3677 3955 τῆς
3739 3885 3858 3943 Ἰλι-

456 3971 799 4031 calamitas!
835 3991 867 4029 o
902 3975 1247 4045 magnitudo
1300 3974 1627 4030 malorum!
1683 3976 1726 4032 Ο
1762 3975 1931 4033 Ilias!
1968 3998 2043 4052 qu

2268 3974 2368 4035 ῖοςΣ
2421 3973 2517 4034 Τίς
2551 3972 2649 4027 οὐκ
2681 3973 2739 4027 ἃν
2770 3973 2859 4028 καὶ
2887 3976 2983 4043 τήν
3016 3974 3266 4051 γλῶτταν
3312 3971 3536 4049 ἑνδώκῃ,
3596 3976 3743 4029 ὥστε
3791 3977 3860 4047 μὴ

454 4082 569 4121 non
602 4073 657 4121 et
686 4082 856 4121 suam
888 4064 1154 4137 linguam
1195 4065 1474 4131 dedisset,
1509 4071 1573 4120 ut
1624 4084 1695 4121 ne
1726 4068 2046 4139 loqueretui

2272 4066 2417 4129 rtei’v;
2467 4062 2557 4123 Τίς
2601 4060 2699 4115 οὐκ
2745 4060 2802 4115 ἂν
2854 4063 2943 4115 καὶ
2990 4061 3125 4116 ἑκὼν
3177 4061 3488 4138 ἐμπνιγείη,
3539 4064 3667 4136 πρίν
3712 4062 3864 4118 ἔκλα·

454 4155 585 4227 quis
644 4172 759 4211 non
791 4155 965 4211 etiam
1026 4155 1213 4211 libens
1270 4156 1480 4211 fuisset
1511 4156 1849 4223 sulTocalus,
1910 4160 2037 4230 priu

2272 4157 2373 4219 jcai
2421 4154 2611 4205 τοῦτον
2661 4150 2862 4205 ἐκεῖνον
2922 4152 2981 4206 ὃν
3011 4152 3038 4205 6
3071 4153 3201 4213 Θεὸς
3232 4151 3531 4224 ἐξελέξατο,
3562 4152 3608 4222 ᾧ
3642 4150 3864 4229 ἐπεφοί-

451 4263 628 4318 quam
659 4263 798 4301 voce
846 4245 1199 4317 exprimeret
1246 4245 1355 4300 hoc
1403 4244 1547 4300 illud
1600 4248 1755 4318 quod
1801 4252 1952 4304 Deus
1984 4255 2043 4305 eli

2279 4240 2366 4311 ,ᾧ
2428 4238 2641 4313 μᾶλλον
2701 4239 2867 4295 εἰπεῖν
2928 4237 3203 4314 ἐνεδήμει,
3266 4241 3311 4313 ᾧ
3367 4241 3653 4315 ἠρέσκετο,
3689 4240 3866 4313 ᾧέπ-

449 4340 632 4408 gerat,
684 4336 840 4407 quod
890 4334 1317 4406 frequentabat,
1371 4336 1429 4389 in
1478 4352 1615 4407 quo,
1672 4341 1733 4391 ut
1786 4339 1979 4409 potius
2013 4341 2041 4393 d

2273 4329 2478 4402 ἑρπετο,
2528 4328 2601 4391 εἷς
2649 4330 2706 4384 ὃν
2751 4328 2999 4384 ἀπέκειτο
3052 4330 3119 4384 τὰ
3174 4330 3498 4401 τιμιώτατα,
3547 4330 3611 4382 τὸ
3668 4334 3865 4404 μῦρον,

449 4426 724 4491 cendum,
772 4424 1093 4489 habitabat,
1142 4422 1201 4477 in
1250 4440 1364 4494 quo
1397 4424 1535 4501 tsibi
1586 4426 2041 4499 complacebat,t

2376 4418 2547 4492 δῖσμα,
2598 4420 2658 4473 τὸ
2713 4418 2995 4493 βασιλικὸν
3054 4418 3198 4496 λέγω
3256 4422 3343 4474 καὶ
3405 4420 3699 4495 ἱερατικὸν,
3730 4418 3866 4475 εἴπω
3958 4470 3968 4501 ,

451 4530 564 4584 quo
595 4513 959 4577 versabatur,
988 4513 1044 4567 in
1098 4514 1252 4583 quod
1288 4513 1544 4583 seposita
1582 4520 1748 4569 erant
1800 4517 2035 4587 pretiosi

2323 4506 2623 4582 παράδοξον
2678 4509 2738 4563 τὸ
2793 4512 2891 4563 106
2951 4512 3083 4564 Θεοῦ
3136 4514 3296 4582 σῶμα
3350 4508 3439 4564 καὶ
3472 4510 3649 4581 αἷμας
3718 4509 3769 4564 ἓν
3820 4511 3864 4580 ᾧ

451 4603 626 4669 sima,
656 4600 851 4657 oleum
896 4598 1226 4669 odoratum,
1287 4601 1563 4669 chrisma,
1616 4604 1809 4675 regale
1856 4606 2035 4677 inqua

2270 4596 2386 4652 6510
2438 4598 2615 4659 οὗτος.
2676 4599 2764 4659 Τίς
2818 4598 2986 4653 εἰπεῖν
3047 4597 3321 4671 τολμήσει
3345 4598 3406 4654 τὸ
3454 4600 3733 4674 γεγονόςς
3766 4600 3861 4660 Τίς

452 4697 510 4748 et
558 4690 940 4757 sacerdotale,
990 4692 1117 4746 dico
1178 4692 1602 4763 prodigiosum,
1644 4692 1745 4748 Dei
1802 4710 2044 4766 corpusi

2267 4686 2386 4760 ἑγκῃ
2434 4687 2586 4761 ψυχὴ
2640 4693 2987 4762 προενεγκεῖν
3044 4688 3144 4756 τὴν
3205 4689 3390 4766 φωνήν
3417 4708 3433 4759 ;
3464 4686 3644 4751 Οὗτος
3676 4689 3706 4743 6
3739 4686 3859 4743 διώ⁴

453 4779 734 4852 sanguis:
768 4780 827 4834 in
860 4796 975 4850 quo
1034 4779 1453 4835 immolabatur
1511 4780 1607 4835 ille
1654 4781 1796 4851 ipse.
1838 4785 1978 4847 Quis
2009 4785 2043 4839 d

2264 4797 2395 4848 ημος,
2445 4776 2472 4829 6
2522 4771 2872 4849 περιϐόητος,
2908 4778 2935 4831 6
2962 4774 3181 4849 ἄσυλος,
3235 4773 3439 4847 ἔπεσιν,
3474 4774 3629 4849 οἷ’μοι
3659 4779 3673 4833 !
3708 4776 3856 4832 ἔπεσε

452 4883 580 4924 cere
613 4866 851 4922 audebit
876 4866 1189 4921 eventum?
1220 4868 1355 4931 Quae
1389 4868 1587 4923 tulerit
1612 4869 1811 4925 anima
1842 4873 2044 4942 proferi

2370 4869 2412 4934 ᾦ
2472 4866 2783 4932 κλονηθείς,
2836 4865 2924 4919 καὶ
2982 4866 3214 4940 βρασμῷ
3260 4870 3360 4939 γῆς
3408 4867 3722 4942 τιναχοεὶς’
3769 4868 3854 4920 καί

446 4954 693 5011 vocem?
746 4955 895 5011 Illud
956 4957 1267 5022 famosum,
1327 4957 1676 5026 percelebre,
1740 4959 2035 5017 inviolabil

2368 4947 2570 5007 Ξλὲπιυν
2631 4952 2717 5007 ἐπὶ
2747 4954 2845 5022 τήν
2879 4960 2987 5027 γῆν
3040 4954 3129 5008 καὶ
3162 4958 3335 5008 ποιῶν
3384 4954 3552 5023 αὐτὴν
3610 4956 3852 5029 τρέμειν.
3956 4965 3960 5059 γ

2412 5043 2424 5059 9
2444 5040 2465 5057 λ
2486 5041 2495 5059 1
2790 5043 2801 5059 ἳ
2912 5043 2923 5055 V
2947 5041 2991 5059 Nl
3040 5046 3063 5059 Λ
3173 5042 3195 5057 ‘1
3388 5043 3400 5059 9
3514 5044 3527 5059 ς
3543 5040 3560 5059 Ν
3586 5044 3597 5059 Ι
3817 5046 3828 5059 Ι

442 5045 671 5112 cecidit,
704 5045 797 5100 hei
830 5045 1009 5099 mihi!
1045 5045 1255 5099 cecidit
1303 5050 1467 5099 terrae
1518 5053 1680 5101 motu
1713 5064 2034 5105 concussum

2259 5064 2302 5095 ›κ
2358 5040 2685 5112 ηὐδόκησεν,
2745 5043 2847 5097 οὐκ
2899 5041 3104 5117 ᾐδέσθη
3163 5042 3283 5117 ἄρα,
3346 5043 3444 5097 οὐκ
3499 5040 3713 5113 ἠλέησε
3768 5046 3851 5096 πί·

435 5136 814 5191 succussione
845 5140 1009 5188 terrm
1041 5133 1307 5189 avulsum
1334 5150 1346 5187 :
1407 5139 1464 5187 et
1496 5136 1595 5204 qui
1648 5137 1883 5208 inspicit
1912 5156 2022 5209 sup

2256 5152 2418 5185 ποντα·
2479 5131 2615 5206 πρὸς
2645 5132 2699 5185 σε
2748 5133 2874 5206 γὰρ,
2919 5134 2947 5187 6
3008 5132 3203 5208 Λόγος,
3253 5134 3375 5193 ναὸς
3424 5135 3522 5187 106
3570 5137 3712 5187 Θεοῦ
3766 5131 3848 5185 καῖ

434 5228 673 5291 terram,
708 5225 809 5296 qui
858 5240 987 5277 eam
1044 5227 1390 5290 commovet,
1443 5240 1557 5277 non
1603 5233 1833 5295 gratum
1862 5227 2026 5281 habu'

2252 5226 2370 5295 ὦμα
2426 5218 2716 5297 γενόμενον
2772 5223 2861 5277 καὶ
2923 5220 3341 5297 διαλελυμένον,
3372 5224 3464 5279 καὶ
3500 5226 3643 5300 πρὸς
3696 5223 3844 5277 αὐτὸν

441 5328 556 5367 non
589 5317 900 5368 veneratus
929 5314 1038 5378 est,
1073 5326 1186 5363 non
1221 5310 1499 5366 misertus
1538 5317 1627 5366 est
1677 5313 1821 5368 illud
1854 5317 2031 5370 caden

2253 5307 2363 5364 ὶλιν
2422 5311 2702 5385 κονιορτὸν
2763 5310 3050 5384 αἰρόμενον
3112 5311 3201 5366 καὶ
3262 5313 3698 5389 ἀναφερόμενον,
3756 5309 3845 5365 οὗκ

441 5400 529 5454 Ad
562 5406 615 5456 te
650 5408 867 5466 tamen,
918 5415 949 5453 ο
1012 5397 1285 5465 Verbum,
1333 5398 1621 5469 templum
1682 5400 1781 5456 Dei
1831 5409 1887 5458 et
1916 5421 2033 5477 aggi

2246 5399 2553 5476 πεστράςρη,
2616 5399 2675 5454 οὐ
2733 5400 2993 5474 κατενύγη
3056 5398 3143 5455 ἐπὶ
3205 5401 3289 5454 σοὶ
3340 5402 3369 5455 6
3421 5398 3838 5475 εὔσπλαγχνος·

445 5489 666 5544 factum
697 5495 755 5544 et
806 5486 1185 5551 dissolutum,
1219 5492 1276 5541 et
1334 5487 1404 5541 ad
1464 5487 1655 5559 ipsum
1711 5507 1915 5547 rursus
1958 5510 2034 5565 pu

2245 5491 2387 5549 ὶυτος
2420 5485 2508 5542 διὰ
2534 5492 2695 5543 τοῦτο
2722 5486 2869 5543 ἔσται
2899 5489 2991 5544 καὶ
3023 5487 3458 5567 ἀκαλλιέργητος
3485 5511 3498 5561 ;
3531 5490 3623 5544 καὶ
3657 5488 3837 5563 διαμε-

444 5592 641 5633 verem
672 5580 1076 5648 assurgentem
1109 5583 1164 5631 et
1212 5592 1449 5632 sursum
1488 5575 1731 5644 elatum,
1781 5596 1895 5637 non
1928 5598 2036 5638 ave:

2356 5574 2689 5650 ιελῲδητος,
2722 5577 2811 5633 καὶ
2836 5575 3098 5653 ἄψαλτος,
3130 5577 3219 5634 καί
3247 5579 3708 5659 ἀπροσφώνητος,
3756 5576 3832 5632 καὶ

446 5669 611 5723 satus
642 5670 749 5739 est,
801 5682 915 5721 non
964 5669 1353 5740 compunctus
1403 5670 1493 5723 est
1550 5667 1620 5723 de
1668 5672 1725 5726 to
1758 5669 2038 5728 misericm

1036 5669 1353 5740 mpunctus
1403 5670 1493 5723 est
1550 5667 1620 5723 de
1668 5672 1725 5726 to
1758 5669 2090 5729 misericors
2196 5668 2628 5747 ἀπροσαύδητος,
