4032 6202
198 356 317 417 913

1148 358 1229 420 ΙΝ
1275 357 1870 421 COLLAPSIONEM
1914 357 2199 419 TEMPLI
2247 360 2312 419 S.
2361 358 2690 421 SOPHIIE.

3499 362 3617 421 9M

268 489 412 545 ’Δνθ’
445 486 521 545 ὧν
548 491 649 548 οὐκ
701 489 863 549 ἔπαθέ
910 514 962 548 τι
1022 490 1110 548 ἐπὶ
1156 494 1225 567 τῇ
1272 486 1532 565 συντριϐῇ
1580 511 1696 546 σου·
1729 488 1854 547 ἀλλ’

1968 490 2085 548 ille.
2116 491 2253 548 Sine
2284 493 2572 549 sacrificio
2604 498 2909 566 propterea
2935 493 3046 549 erit
3075 498 3131 549 et
3177 492 3303 549 sine
3352 491 3613 565 pulchris

194 578 358 649 ἔθηκε
382 581 444 635 τὸ
474 582 764 657 πρόσωπον
798 583 962 638 αὐτοῦ
990 585 1064 645 ὼς
1095 584 1335 658 στερεὰν,
1368 583 1588 657 πέτραν,
1615 578 1688 634 ’ἶν’
1730 576 1847 653 εἰδῇ

192 669 283 723 καί
312 672 503 743 αὐτὸς,
534 673 578 727 εἱ
618 672 706 727 καὶ
738 674 849 741 νῦν,
902 673 978 735 ὡς
1010 671 1204 740 ἔοικεν,
1242 670 1621 741 ἐπιλέλησται,
1667 668 1736 723 ’ίν’
1770 670 1855 723 ἀν-

192 758 484 833 θρωπίνως
561 760 699 817 εἴπω
772 763 861 817 καὶ
920 764 1255 837 περιπαθῶς·
1330 760 1404 823 ὡς
1460 756 1743 835 ἅνθρωπός
1797 780 1854 813 τε

192 848 400 923 ἐγένετο
449 851 539 905 καὶ
614 854 680 906 τὰ
753 852 1041 925 σωματικᾶ
1096 848 1397 921 ἀνεδέξατο*
1461 850 1615 921 ὑμεῖς
1673 846 1729 902 δὲ
1801 848 1852 901 οἱ

193 938 302 992 υἱοῖ
368 941 511 994 Σιὼν
571 942 624 996 οἱ
665 941 864 1015 τίμιοι,
918 942 969 996 οἱ
1030 940 1360 1017 λειτουργοὶ,
1399 939 1489 994 καὶ
1545 940 1732 1013 ἱερεῖς,
1762 937 1851 992 καὶ

189 1030 346 1092 θύται
377 1035 477 1085 τοῦ
511 1030 751 1105 μεγάλου
798 1032 885 1086 καὶ
938 1034 1125 1086 καινοῦ
1168 1030 1429 1103 θύματος,
1461 1028 1549 1083 καὶ
1584 1026 1639 1083 εἶ’
1662 1049 1711 1082 τι
1737 1024 1849 1081 ἓτε-

190 1140 283 1193 ρον
344 1119 397 1173 ἐν
459 1118 749 1191 διακόνοις,
811 1122 897 1176 καὶ
963 1118 1341 1181 ὑποδιακόνοις
1373 1125 1492 1181 τοῖς
1542 1118 1849 1193 α’ίρουσιτὰ

189 1207 353 1278 σκεύη
392 1209 479 1264 καὶ
531 1210 849 1287 καθαίρουσι
896 1211 986 1265 καὶ
1020 1210 1369 1286 μελουργοῖς,
1412 1209 1500 1264 καὶ
1526 1205 1845 1280 ’μελῳδοῖς,

186 1298 273 1349 καὶ
309 1296 545 1370 ψάλταις
599 1298 849 1371 σύστημά
892 1319 970 1366 τε,
1002 1299 1092 1353 καὶ
1145 1298 1451 1373 πλήρωμα,
1484 1298 1558 1363 οἳ,
1594 1296 1665 1357 ὡς
1694 1297 1848 1369 Ἰερε-

187 1385 315 1456 μίας
350 1388 508 1463 φησί,
538 1388 634 1449 τὰς
668 1388 902 1461 ὑψώσεις
954 1392 1050 1442 τοῦ
1081 1391 1214 1443 Θεοῦ
1246 1385 1297 1441 ἐν
1326 1391 1403 1457 τῷ
1437 1385 1662 1460 λάρυγγι
1690 1404 1843 1457 περι-

183 1473 461 1551 ρέροντες,
514 1481 619 1530 ποῦ
670 1481 763 1530 νῦν
819 1478 1174 1550 μετετέθητες
1208 1480 1320 1529 ποῦ
1368 1479 1455 1528 νῦν
1487 1473 1795 1548 ἀθροίζεσθε
1828 1491 1842 1542 ;

182 1575 303 1631 πῶς
363 1570 601 1650 ἐστράφη
662 1572 740 1634 εἷς
796 1575 991 1635 πένθος
1046 1575 1080 1642 ἡ
1142 1572 1289 1648 χαρὰ
1349 1572 1497 1644 ὑμῶν
1549 1589 1562 1639 ;
1614 1573 1731 1633 πῶς
1788 1570 1841 1623 αἱ

183 1658 369 1734 ἑορταὶ
429 1658 505 1720 εἷς
553 1667 756 1735 θρῆνον
793 1680 806 1730 ;
840 1660 904 1716 ού
960 1659 1128 1715 καλὸν
1174 1661 1240 1730 ἦν
1300 1660 1427 1733 ὑμῖν
1459 1659 1553 1713 κπὶ
1586 1657 1737 1712 ὅσιον
1766 1655 1841 1719 ὠς

181 1751 274 1805 καὶ
336 1750 462 1824 ἐμοὶ
495 1752 583 1807 καὶ
622 1758 781 1806 πᾶσιν
832 1750 978 1822 ἔδοξε
1025 1753 1447 1828 προαποθανεῖν,
1479 1750 1514 1819 ἢ
1570 1754 1838 1813 συνθανεῖν

183 1842 264 1911 τῷ
322 1842 690 1914 συμπτώματι
724 1860 737 1909 ;
771 1843 916 1898 Ἐπεὶ
972 1838 1029 1896 δὲ
1076 1842 1103 1895 ὁ
1154 1842 1282 1903 Θεὸς
1335 1844 1429 1913 ζῇν
1462 1843 1595 1913 ἡμῖν
1646 1835 1835 1911 ἔδωκε,

184 1930 276 1984 καὶ
324 1930 737 2004 ἐγκατάλειμμα
789 1933 936 2005 ἡμᾶς
998 1932 1125 2004 ὑμῖν
1183 1928 1562 2005 ἐγκατελέξατο
1597 1972 1611 1997 ,
1668 1932 1835 1999 ζητῶ,

184 2022 292 2073 ποῦ
322 2019 386 2073 τὸ
412 2020 557 2095 ἱερὸν
592 2021 743 2092 ὑμῶν
792 2022 1019 2090 κάθηται
1060 2024 1151 2073 νῦν
1185 2020 1218 2090 ἢ
1245 2019 1459 2074 ’ίσταται
1491 2017 1836 2093 σεμνολόγη-

187 2133 283 2184 μα,
316 2114 425 2165 ποῦ
472 2112 506 2179 ἡ
562 2110 888 2180 συνέλευσις,
922 2116 1027 2166 ποῦ
1074 2114 1109 2181 ἡ
1162 2113 1455 2182 συζήτησις
1496 2115 1601 2164 τῶν
1651 2130 1840 2186 γραφι-

178 2204 287 2254 κῶν
344 2198 661 2275 ῥητῶν;τί
723 2200 843 2275 περέ
905 2207 1004 2270 τῆς
1062 2205 1347 2276 συμφορᾶς
1406 2199 1616 2270 ἐκείνης
1676 2198 1837 2275 φιλο-

176 2302 392 2372 σοφεῖτε
447 2324 462 2366 ;
508 2298 633 2373 περί
714 2294 1081 2368 εὐδοκήσεως,
1140 2298 1261 2368 περὶ
1342 2298 1836 2373 παραχωρήσεως;

180 2393 197 2409 ⁹
231 2386 429 2457 νομίας
464 2408 477 2454 ς
510 2384 634 2461 περὶ
667 2390 777 2439 τῶν
808 2385 1102 2463 ἀνεφίκτων
1134 2385 1398 2462 ῥημάτων
1435 2404 1451 2455 ;
1482 2382 1535 2440 εἷ’
1570 2406 1651 2448 τις
1672 2382 1831 2455 ἐδόθη

184 2476 331 2547 Spfw,
381 2474 417 2543 ἢ
478 2474 832 2545 ἀπεκαλύφην
894 2474 1091 2551 λόγος,
1151 2473 1336 2529 εἷ’πατε
1376 2474 1466 2529 καὶ
1516 2476 1592 2547 μὴ
1646 2473 1837 2543 ἐάσητε

183 2564 332 2635 μόνῳ
418 2567 499 2635 τῷ
583 2564 970 2636 ἀποσπάσματι
1055 2568 1152 2618 τοῦ
1231 2564 1381 2639 ἱεροῦ
1454 2562 1832 2639 προσανέχειν·

176 2652 272 2707 οὒκ
312 2652 456 2707 ἔστιν
490 2651 544 2707 ἐν
575 2658 654 2725 τῷ
678 2657 851 2726 καιρῷ
878 2652 1058 2726 τούτῳ
1082 2656 1103 2678 ⁶
1134 2650 1345 2729 ἄρχων,
1386 2674 1475 2707 και
1526 2654 1836 2731 προφήτης,

177 2741 260 2795 καὶ
302 2741 636 2817 ἡγούμενος,
689 2740 814 2797 οὐδὲ
864 2740 1261 2814 ὁλοκαύτωσις,
1313 2741 1437 2797 οὐδὲ
1484 2742 1657 2810 θυσία,
1709 2740 1837 2797 ούδὶ

177 2830 485 2908 προσφορὰ,
556 2829 685 2886 οὐδὲ
751 2832 1197 2905 θυμίαμα¹πῶς
1262 2837 1339 2901 τῷ
1396 2837 1681 2908 καρπῶσαι
1747 2830 1836 2886 ἐν-

183 2921 350 2974 ώπιόν
414 2940 511 2974 σου
569 2919 659 2975 καί
717 2922 888 2996 εὑρεῖν
949 2916 1123 2983 ἔλεος·
1160 2921 1319 2977 Ἀλλ’
1377 2921 1533 2994 ὑμεῖς
1594 2922 1686 2994 μὲν
1744 2920 1834 2976 καὶ

183 3010 466 3079 σώζοισθε,
495 3010 586 3065 καὶ
639 3007 807 3065 ἴδοιτε
848 3012 946 3081 τήν
998 3010 1115 3065 νέαν
1168 3010 1533 3086 Ἰερουσαλὴμ
1572 3009 1831 3087 ἐναγομέ-

179 3122 264 3165 νην
314 3120 375 3154 τε
427 3098 503 3161 sic
556 3098 718 3175 ὕψος,
763 3099 851 3155 καὶ
901 3101 1413 3174 ἀνακαινιζομένην,
1461 3102 1549 3155 καὶ
1592 3106 1710 3164 ταῖς
1744 3098 1833 3155 εύ-

178 3192 305 3263 χαῖς
364 3187 722 3263 συγκάμοιτε,
792 3189 881 3244 καὶ
960 3188 1382 3261 δσξασθήσοισθε
1434 3189 1486 3245 ἐν
1546 3190 1682 3265 αὐτῇ
1741 3190 1827 3245 καὶ

178 3276 732 3354 λαμπρυνθήσοισθε.
786 3277 861 3333 Σὺ
939 3275 1017 3344 δὲ,
1094 3278 1251 3353 ἥλιε,
1308 3279 1396 3335 καὶ
1456 3277 1684 3352 σελήνη,
1740 3281 1829 3335 καὶ

173 3366 396 3441 ἀστέρες
432 3410 447 3435 ,
506 3367 663 3441 ὑμεῖς
713 3372 818 3423 ποῦ
878 3389 1012 3424 ποτε
1067 3366 1187 3446 ἄρτι
1246 3370 1495 3447 φαίνεσθε
1542 3374 1695 3439 ;ποῐ’›
1748 3374 1837 3425 νῦν

172 3456 441 3532 αὖγάζετε
497 3476 512 3526 ;
571 3462 676 3512 ποῦ
736 3457 828 3519 τὰς
881 3459 1096 3521 ἀκτῖνας
1168 3458 1481 3536 ἀνίσχοντες
1552 3460 1837 3533 «timere;

174 3551 343 3608 ποῖος
405 3545 545 3619 ὑμᾶς
597 3550 747 3609 οἶκος
796 3547 997 3619 ἀρτίως
1047 3546 1348 3624 ἐκδέχεται,
1402 3550 1435 3618 ἢ
1472 3546 1841 3625 ἀποδέχεται;

174 3634 284 3689 τίνι
333 3633 739 3709 ἀντιλάμπετες
773 3637 920 3710 ποίῳ
978 3633 1124 3713 ἔργω
1179 3638 1502 3711 σεμνύνεσθε
1534 3659 1549 3709 ;
1578 3639 1659 3700 τίς
1710 3637 1841 3694 ἰδεῖν

183 3722 332 3797 ῧμᾶς
366 3721 479 3778 ἄνω
530 3724 747 3800 βλέπων
780 3724 959 3790 ἐθέλοι
994 3746 1007 3797 ;
1039 3727 1119 3789 τίς
1162 3728 1297 3802 οὐχὶ
1336 3724 1550 3801 μᾶλλον
1581 3726 1632 3782 ἐν
1666 3727 1845 3783 σκότει

180 3813 407 3869 κύπτων
452 3810 855 3889 διαπορεύεται,
914 3814 1005 3871 καί
1066 3821 1180 3891 φῶς
1240 3817 1679 3895 ἀποστρέφεται;
1731 3818 1848 3875 Οὐκ

186 3900 294 3957 ἔδει
357 3923 414 3957 σε
488 3898 876 3977 περιϐαλέσθαι
952 3905 1143 3968 σκότος
1195 3907 1257 3962 τὸ
1316 3908 1583 3979 πένθιμον
1641 3905 1845 3961 ἐκείνου

184 3990 383 4046 τούτου
422 3989 555 4063 -ἤδη
619 3990 889 4067 δεύτερον·
925 3996 970 4049 ὦ
1027 3998 1330 4073 φωστήρων
1383 3993 1566 4069 ἄριστε
1612 3997 1701 4051 καὶ
1759 3996 1845 4069 μέ-

184 4101 362 4156 γιστε,
433 4080 583 4153 ἥλιε,
640 4080 773 4158 οὐχὶ
850 4084 929 4154 σὶ,
1009 4082 1337 4155 πανσέληνε,
1396 4082 1688 4141 κονιοειδεῖ
1740 4107 1847 4140 τινι

192 4169 488 4242 σκιάσματι
544 4168 880 4247 ὑποδραμεῖν
939 4172 1030 4227 καὶ
1094 4170 1468 4248 ύποκρυϐἦναι
1504 4221 1517 4244 ,
1577 4175 1611 4243 ἢ
1674 4172 1846 4229 ἐκλεῖο

186 4262 281 4331 ψαι
320 4278 335 4327 ;
371 4257 498 4315 ἀλλ’
543 4259 687 4315 οὕτω
736 4259 1021 4336 παρείδετε
1049 4263 1111 4317 τὸ
1145 4265 1367 4339 γεγονὸς
1401 4262 1476 4327 ὠς
1500 4262 1794 4339 ἆγγύνητον
1832 4283 1845 4331 ;

188 4357 274 4410 καὶ
339 4357 447 4411 ποῦ
507 4354 941 4431 δοξασθήσεσθε;
994 4362 1133 4436 Ἐγὼ
1187 4366 1319 4436 γοῦν
1378 4359 1651 4422 πολλάκις
1708 4361 1845 4434 ὑμᾶς

188 4444 331 4501 εἶδον
370 4444 419 4499 ἐν
472 4451 550 4519 τῷ
599 4444 919 4525 σελασφόρῳ
974 4448 1163 4522 ἐκεινῷ
1211 4455 1344 4522 ναῷ,
1376 4452 1463 4505 καὶ
1515 4448 1644 4505 ἰδὼν
1694 4450 1847 4514 ἐθαύ-

193 4554 363 4606 μασα,
423 4536 513 4588 καὶ
556 4537 654 4604 τήν
716 4536 891 4591 αῗτίαν
939 4538 1237 4614 ἡρεύνησα,
1300 4536 1367 4593 δι’
1426 4541 1491 4609 ἦν
1549 4538 1710 4594 τοῦτο
1755 4540 1847 4594 ὑπ-

1964 581 2389 649 oblationibus,
2424 588 2480 637 et
2509 584 2771 638 manebit
2802 583 2929 639 sine
2961 582 3252 646 melodiis,
3285 582 3410 638 sine
3457 582 3611 653 psal-

1964 673 2100 739 mis,
2153 671 2278 727 sine
2330 672 2816 728 invocationibus.
2864 678 2973 728 Pro
3006 672 3221 744 quibus
3253 671 3399 727 nihil
3430 672 3616 728 doluit

1963 761 2034 819 de
2088 766 2189 816 tua
2253 761 2667 831 confractione,
2719 763 2818 818 sed
2879 761 3075 833 posuit
3139 759 3368 815 vultum
3436 777 3613 816 suum

1963 850 2131 922 quasi
2160 851 2370 906 duram
2406 855 2654 922 petram,
2675 854 2738 905 ut
2770 849 2957 905 videat
2988 854 3045 906 et
3076 850 3426 922 ipse,utrum
3460 866 3616 906 nunc

1961 940 2137 995 etiam
2195 938 2417 994 oblitus
2477 944 2586 1007 est,
2639 944 2703 993 ut
2753 939 3008 994 humane
3064 939 3252 993 dicam
3306 942 3361 994 et
3409 939 3613 994 affecto

1960 1028 2157 1084 animo
2194 1046 2206 1083 :
2242 1032 2307 1083 ut
2336 1028 2511 1084 homo
2545 1029 2731 1084 factus
2764 1033 2872 1095 est,
2904 1032 2961 1083 et
2990 1027 3311 1098 corporalia
3355 1027 3467 1081 sibi
3516 1043 3612 1082 ac-

1958 1118 2157 1191 cepit:
2194 1135 2292 1173 vos
2337 1122 2556 1182 autem,
2611 1116 2711 1172 ﬁlii
2761 1119 2894 1173 Sion
2945 1117 3127 1183 cbari,
3175 1134 3277 1172 vos
3326 1116 3607 1189 ministri,

1958 1220 2014 1272 et
2036 1217 2394 1283 sacerdotes,
2430 1220 2486 1271 et
2514 1215 2938 1271 sacriﬁcatores
2971 1214 3129 1269 illius
3162 1214 3360 1287 magni
3390 1218 3447 1269 et
3478 1215 3609 1271 novi

1957 1305 2254 1374 sacriﬁcii,
2288 1309 2345 1360 et
2375 1305 2421 1360 si
2457 1322 2583 1377 qua:
2617 1304 2739 1359 aliae
2772 1305 2829 1359 in
2881 1304 3143 1359 diaconis
3192 1308 3249 1359 et
3299 1303 3606 1359 subdiaco-

1956 1395 2048 1450 nis
2075 1394 2483 1450 attollentibus
2514 1411 2651 1449 vasa
2681 1398 2737 1448 et
2784 1392 3254 1466 puriﬁcantibus,
3304 1396 3361 1447 et
3406 1397 3607 1448 canto-

1954 1485 2142 1554 ribus,
2175 1488 2230 1539 et
2262 1483 2593 1538 carminum
2627 1482 3115 1547 modulatoribus,
3151 1482 3497 1555 compositio
3548 1486 3608 1538 et

1953 1573 2278 1646 plenitudo,
2329 1590 2431 1629 vos
2485 1574 2609 1645 qui,
2662 1577 2725 1629 ut
2773 1573 2853 1629 ait
2881 1572 3191 1638 Jeremias,
3223 1571 3607 1629 exaltationes

1946 1665 2048 1721 Dei
2099 1662 2158 1718 in
2212 1663 2482 1718 faucibus
2535 1663 2747 1717 vestris
2815 1661 3230 1729 circumfertis,
3280 1677 3395 1733 quo
3445 1678 3601 1717 nunc

1950 1752 2263 1826 migratis?
2296 1768 2411 1824 quo
2443 1770 2599 1808 nunc
2631 1750 3110 1825 congregamini?
3140 1738 3441 1817 Quomodo
3470 1768 3601 1806 ver-

1876 1868 1919 1932 B
1951 1864 2082 1902 sum
2115 1850 2205 1901 est
2236 1844 2291 1899 in
2325 1844 2626 1900 tristitiam
2661 1845 2940 1915 gaudium
2974 1846 3277 1899 vestrum?
3307 1843 3598 1914 quomodo

1950 1932 2294 1989 festivitates
2367 1932 2425 1986 in
2499 1932 3021 1988 lamentationem?
3089 1934 3213 1985 Non
3280 1930 3595 2002 pulchrum

1948 2027 2072 2078 erat
2105 2022 2268 2077 vobis
2307 2037 2412 2076 nec
2460 2024 2753 2084 sanctum.
2803 2025 2867 2075 ut
2914 2026 2971 2076 et
3020 2019 3164 2075 mihi
3217 2024 3272 2075 et
3320 2019 3597 2075 omnibus

1945 2112 2135 2167 visum
2186 2117 2297 2176 est,
2345 2110 2631 2165 antemori
2696 2117 2797 2163 aut
2859 2109 3142 2165 commori
3196 2108 3333 2164 huic
3381 2108 3595 2180 lapsui.

1947 2212 2435 2283 Quandoquidem
2481 2228 2613 2265 vero
2662 2216 2815 2265 Deus
2864 2213 3054 2264 vivere
3087 2210 3256 2264 nobis
3287 2208 3596 2274 concessit,

1947 2305 2005 2357 et
2039 2300 2315 2371 reliquias
2349 2315 2455 2353 nos
2486 2299 2650 2354 vobis
2681 2297 3012 2369 dereliquit,
3041 2315 3235 2369 quaaro
3286 2297 3386 2351 ubi
3432 2313 3602 2352 sacra

1944 2394 2137 2445 vestra
2164 2392 2321 2444 sedet
2351 2388 2435 2444 vel
2489 2388 2791 2460 reponitur
2837 2388 3031 2459 gravis
3081 2386 3448 2457 eloquentia:
3500 2385 3599 2440 ubi

1947 2482 2289 2542 conventus,
2358 2476 2459 2532 ubi
2533 2476 2839 2547 inquisitio
2908 2476 3218 2545 Scriptura:
3284 2475 3597 2530 dictorum.

1948 2568 2095 2634 Quid
2128 2567 2198 2621 de
2230 2565 2561 2621 calamitate
2595 2564 2693 2619 illa
2727 2563 3272 2636 pbilosophamini?
3304 2564 3375 2617 de
3424 2564 3599 2619 bene-

1944 2655 2242 2713 volentia?
2291 2655 2360 2709 de
2410 2652 2829 2709 concessione?
2880 2652 3337 2708 distributione?
3386 2652 3456 2706 de
3505 2652 3599 2707 in-

1946 2744 2201 2802 accessis
2232 2741 2462 2799 verbis?
2494 2742 2552 2798 Si
2585 2742 2719 2814 quis
2751 2742 2924 2797 datus
2953 2746 3043 2797 est
3072 2741 3236 2797 vobis
3289 2744 3392 2795 aut
3440 2755 3599 2796 reve-

1945 2834 2102 2890 latus
2150 2838 2240 2889 est
2287 2849 2502 2897 sermo,
2549 2831 2747 2901 dicite,
2791 2847 2977 2901 neque
3026 2829 3237 2885 sinatis
3291 2828 3465 2885 unico
3511 2828 3597 2885 la-

1946 2924 2097 2980 cinio
2145 2922 2350 2994 templi
2400 2922 2712 2977 confidere.
2762 2925 2885 2976 Non
2938 2924 3027 2975 est
3068 2919 3126 2974 in
3178 2919 3286 2975 hoc
3337 2923 3597 2992 tempore

1944 3013 2237 3085 princeps,
2271 3028 2375 3066 nec
2408 3010 2709 3082 propheta,
2743 3026 2848 3065 nec
2896 3009 3290 3081 hegumenus,
3340 3024 3446 3063 nec
3492 3009 3595 3065 ho-

1943 3101 2187 3158 locausti
2222 3098 2598 3163 sacriﬁcium,
2649 3115 2753 3153 nec
2804 3097 3152 3165 immolatio,
3205 3114 3312 3155 nec
3357 3098 3597 3167 oblatio,

1944 3208 2050 3247 nec
2080 3189 2271 3246 thuris
2318 3188 2667 3244 combustio.
2718 3188 3018 3253 Quomodo
3074 3186 3323 3242 ferretur
3369 3187 3596 3243 fructus

1946 3282 2006 3338 in
2065 3282 2383 3352 conspectu
2442 3282 2567 3347 tuo,
2627 3274 3147 3347 misericordiaque
3202 3276 3600 3333 obtineretur?

1949 3380 2060 3436 Sed
2112 3394 2214 3435 vos
2258 3377 2496 3449 quidem
2541 3375 2688 3433 salvi
2720 3379 2928 3446 estote,
2962 3377 3019 3430 et
3047 3374 3235 3430 videte
3267 3391 3476 3431 novam
3503 3375 3599 3431 Je-

1951 3469 2206 3526 rusalem
2242 3468 2543 3522 inductam
2578 3465 2635 3520 in
2669 3464 3041 3521 altitudinem
3074 3468 3131 3519 et
3161 3466 3603 3531 renovatam,et

1954 3559 2224 3632 precibus
2296 3556 2639 3624 incumbite,
2691 3560 2746 3609 et
2793 3552 3202 3626 gloriﬁcemini
3261 3552 3320 3608 in
3374 3552 3501 3624 ipsa
3548 3556 3605 3608 et

1954 3648 2245 3719 fulgentes
2312 3643 2671 3699 efﬁciamini.
2732 3645 2817 3699 Tu
2888 3659 3044 3711 vero,
3078 3642 3165 3698 sol
3214 3646 3273 3697 et
3336 3641 3498 3709 luna,
3546 3645 3605 3697 et

1955 3741 2132 3804 astra,
2169 3734 2265 3791 ubi
2296 3751 2450 3789 nunc
2481 3750 2582 3789 vos
2614 3732 2976 3806 splendetis?
3010 3732 3108 3787 ubi
3140 3748 3294 3787 nunc
3327 3731 3604 3803 fulgetis?

1956 3825 2056 3881 ubi
2089 3825 2286 3880 radios
2310 3823 2653 3879 cohibentes
2688 3821 2965 3878 mittitis?
2994 3821 3192 3886 Qualis
3240 3837 3341 3877 vos
3390 3821 3601 3877 domus

1958 3932 2145 3986 nuper
2190 3912 2405 3985 excipit
2452 3916 2555 3967 aut
2602 3911 2905 3967 admittit?
2955 3911 3047 3965 cui
3100 3909 3448 3982 refulgstis?
3480 3911 3603 3976 Quo

1958 4020 2131 4077 opere
2163 4000 2603 4075 magnificatis?
2628 4001 2767 4067 Quis
2800 4001 2992 4056 videre
3022 4017 3122 4056 vos
3154 4016 3391 4055 sursum
3443 4000 3602 4071 aspi-

1958 4094 2119 4149 ciens
2167 4091 2380 4148 vellet?
2428 4090 2569 4155 Quis
2620 4109 2733 4145 non
2780 4090 2973 4162 potius
3023 4090 3080 4144 in
3130 4089 3385 4146 tenebris
3444 4088 3608 4144 incli-

1958 4187 2131 4238 natus
2181 4181 2465 4252 pervadit,
2518 4184 2576 4235 et
2624 4179 2811 4234 lucem
2847 4179 3188 4235 aversatur?
3219 4179 3344 4234 Non
3376 4182 3607 4250 oporte-

1958 4271 2059 4325 bat
2088 4273 2143 4325 te
2174 4268 2563 4323 circumindui
2590 4267 2849 4322 tenebris
2880 4266 3169 4322 luctuosis
3201 4266 3381 4336 hujus
3436 4264 3607 4321 istius

1948 4360 2075 4430 jam
2146 4358 2423 4413 secundo.
2474 4360 2517 4412 Ο
2566 4362 2859 4412 astrorum
2926 4354 3483 4428 praestantissimum
3551 4358 3609 4409 et

1961 4446 2283 4501 maximum
2332 4444 2440 4513 sol,
2508 4462 2702 4500 nonne
2762 4461 2843 4514 se,
2895 4444 3078 4516 plenis
3149 4443 3301 4498 lunas
3370 4441 3605 4513 similis,

1960 4548 2070 4602 sub
2118 4544 2389 4617 pulverea
2438 4544 2693 4615 quadam
2726 4543 3173 4599 obumbratione
3204 4559 3436 4598 currere
3466 4546 3524 4597 et
3554 4546 3608 4598 te

190 4622 385 4692 ἑστητε
410 4624 503 4677 καὶ
532 4625 596 4679 τὸ
633 4628 730 4679 τοῦ
759 4630 850 4679 νῦν
882 4626 1124 4689 κάλλους
1158 4626 1329 4683 α’ίτιον
1373 4625 1570 4701 ἔμαθον
1603 4636 1700 4698 τῆς
1735 4626 1851 4683 δια-

1960 4598 2745 4700 abscdndere,autdeﬁcere
2785 4632 3174 4704 (oportebat)?
3216 4632 3325 4687 Sed
3373 4630 3457 4687 sic
3508 4633 3606 4687 de-

187 4709 395 4788 τριϐἧς
449 4712 680 4785 ἐκείνης,
727 4716 904 4770 γαίτοι
956 4713 1262 4791 δυσέρωτας
1312 4719 1451 4791 ὑμᾶς
1499 4714 1659 4792 ᾤμην
1720 4720 1849 4773 εἶναι

184 4804 273 4857 καὶ
312 4803 607 4876 ἀνίρωτας.
644 4806 783 4860 Ποτὲ
832 4803 888 4860 δὲ
929 4807 1017 4860 καὶ
1067 4804 1139 4861 δι’
1189 4805 1328 4878 ὅλης
1378 4808 1588 4883 ἡμέρας
1632 4808 1849 4885 ἐφάνης,

182 4892 339 4963 ἥλιε,
402 4890 850 4969 συμφιλοχωρῶν
914 4894 1115 4964 ἐκεῖσε,
1175 4895 1264 4951 καὶ
1322 4897 1851 4974 στρεφόμενος,καὶ

185 4980 459 5053 λάμπων,
518 4980 607 5035 καὶ
666 4982 801 5037 ἐκὼν
863 4983 961 5038 οὐκ
1019 4983 1281 5063 ἀφίστασο
1338 4985 1373 5053 ἢ
1430 4986 1712 5058 μεθίστασο
1754 4988 1853 5055 τὴν

185 5067 462 5145 διάδοχόν
496 5090 591 5124 σου
635 5070 873 5142 σελήνην
923 5072 1123 5150 φέρων.
1158 5075 1254 5129 Καὶ
1292 5080 1456 5129 τοῦτο
1490 5074 1598 5149 ἐγὼ
1633 5073 1850 5150 βλέπων

181 5157 554 5235 ἐλογιζόμην,
612 5158 738 5214 ὅταν
796 5160 884 5215 καί
943 5161 1174 5237 γίγαντα
1231 5164 1318 5217 καὶ
1376 5164 1603 5242 νυμφίον
1654 5162 1713 5218 ἐκ
1758 5168 1853 5217 τοῦ

180 5244 401 5311 παςτοῦ
461 5244 844 5324 ἐξερχόμενον,
905 5249 933 5305 ὀ
997 5249 1244 5325 μελῳδὸς
1322 5250 1487 5307 Δαυῖδ
1548 5274 1605 5307 σε
1656 5274 1855 5328 προαν-

184 5338 465 5416 εφώνησε·
546 5335 768 5415 προεῖδε
849 5337 948 5416 γᾶρ
1038 5362 1095 5396 σε
1169 5340 1469 5410 κάκεῖνος,
1545 5346 1643 5397 τοῦ
1707 5363 1853 5415 παμ-

186 5431 369 5503 φαοῦς
427 5425 634 5482 ἐκείνου
690 5432 822 5483 ναοῦ
880 5428 1111 5504 ἐρῶντα’
1166 5430 1254 5485 καὶ
1308 5428 1475 5506 ἐπῇδέ
1534 5453 1617 5485 σοι
1669 5437 1854 5488 ταῦτα.

187 5524 302 5582 Καὶ
358 5527 452 5579 νῦν
507 5530 699 5581 τοῦτον
758 5526 855 5582 ούκ
912 5527 1183 5606 ἐκτράπῃς
1236 5528 1525 5596 πίπτοντα,
1578 5527 1647 5584 δι’
1689 5531 1746 5585 ’ὀν
1788 5531 1857 5599 ἧς

192 5616 433 5690 μείζων,
491 5612 564 5668 δι’
602 5614 661 5669 ’ὃν
709 5613 1073 5694 ἐνδοξότερος,
1132 5616 1200 5673 δι’
1249 5620 1307 5674 ὃν
1360 5616 1712 5696 φαιδρότερος
1744 5613 1854 5694 ἔσῃ.

188 5705 290 5763 καὶ
340 5703 407 5760 σὺ
458 5707 677 5769 πάντως
724 5702 1039 5779 ἐνδόξαστος
1078 5710 1461 5781 ταπεινωθήση
1526 5710 1716 5783 μικρὸν
1769 5712 1854 5766 καὶ

1960 4724 2236 4797 spexistis
2268 4728 2539 4779 eventum
2595 4727 2658 4778 ut
2702 4723 2967 4794 ignotum
3015 4717 3341 4796 (ἄγνωτον)ἶ
3390 4721 3459 4776 Et
3504 4721 3607 4777 ubi

1960 4812 2478 4887 gloriﬁcabimini?
2526 4813 2643 4883 Ego
2694 4811 2874 4883 igitur
2924 4828 3075 4884 saepe
3122 4827 3224 4865 vos
3272 4810 3387 4865 vidi
3422 4810 3480 4864 in
3512 4809 3604 4865 lu-

1962 4903 2137 4959 cifero
2210 4902 2319 4957 hoc
2388 4902 2627 4970 templo,
2677 4906 2734 4955 et
2782 4900 2985 4955 videns
3049 4899 3298 4955 miratus
3346 4916 3500 4967 sum,
3552 4905 3609 4955 et

1962 5008 2198 5047 causam
2247 4990 2534 5061 exquisivi
2604 4994 2839 5062 propter
2895 5006 3072 5060 quam
3144 4988 3251 5044 hoc
3318 4988 3609 5057 subiistis,

1962 5086 2018 5137 et
2045 5081 2222 5151 hujus
2255 5096 2410 5134 nunc
2461 5078 2919 5151 pulchritudinis
2958 5095 3194 5135 causam
3250 5078 3427 5134 didici
3482 5096 3611 5152 pro-

1964 5170 2401 5226 crastinationis
2441 5168 2621 5238 illius,
2682 5173 2740 5224 et
2788 5173 2941 5224 certe
2985 5167 3298 5224 infeliciter
3345 5173 3608 5223 amantes

1962 5277 2064 5316 vos
2096 5260 2374 5332 putabam
2408 5275 2536 5315 esse
2566 5261 2621 5313 et
2650 5259 2866 5313 amoris
2914 5262 3199 5330 expertes.
3252 5257 3610 5329 Quandoque

1963 5367 2098 5406 vero
2132 5367 2232 5422 per
2260 5353 2440 5404 totam
2474 5349 2627 5403 diem
2658 5348 3006 5421 apparuisti,
3038 5348 3145 5416 sol,
3195 5345 3389 5402 locum
3439 5346 3609 5404 illum

1967 5457 2194 5507 amans,
2228 5444 2283 5495 et
2315 5443 2580 5495 versatus
2611 5438 2727 5493 illic
2759 5442 2814 5493 et
2839 5437 3176 5509 splendens,
3209 5452 3393 5507 neque
3424 5436 3612 5494 libens

1968 5529 2322 5587 abscedebas
2342 5528 2430 5585 vel
2456 5528 2804 5602 migrabaris
2837 5527 3241 5584 succedentem
3276 5528 3378 5583 tibi
3411 5526 3611 5583 lunam

1970 5620 2181 5676 ferens.
2235 5620 2301 5675 Et
2348 5619 2456 5675 hoc
2513 5636 2617 5693 ego
2683 5619 2906 5685 videns,
2978 5631 3175 5671 meum
3242 5617 3607 5687 reputabam,

1970 5710 2204 5782 quando
2238 5713 2293 5765 et
2341 5710 2637 5782 gigantem
2688 5714 2744 5763 et
2790 5721 3076 5779 sponsum
3128 5720 3157 5761 θ
3202 5704 3462 5761 thalamo
3510 5720 3610 5761 ex-
