4032 6202
379 357 501 419 915

1726 353 2151 418 MICHAELIS
2195 354 2464 416 PSELLI

3678 348 3807 407 916

380 494 619 547 euntem
654 494 862 546 cantor
896 489 1069 544 David
1103 493 1159 544 te
1190 488 1403 545 aﬂ‘atus
1436 493 1561 543 est:
1590 488 1854 560 praevidit
1881 488 2039 544 enim

2163 485 2444 560 συχνάσεις
2501 483 2589 539 ἐπὶ
2646 487 2726 555 τῷ
2780 485 3055 556 πτώματι·
3112 470 3205 536 ἵνα.
3252 482 3427 556 μάθῃς
3494 477 3812 541 ἆλλοιωτὸς

387 585 443 636 te
487 579 583 635 ille
632 578 1021 650 perfulgentis
1088 577 1269 645 hujus
1335 576 1539 647 templi
1589 582 1936 643 amatorem,
1983 582 2040 633 et

380 670 504 725 hac
537 671 643 724 tibi
680 669 913 725 cecinit.
946 668 1015 722 Et
1049 684 1205 722 nunc
1237 684 1307 722 ne
1338 672 1394 721 te
1421 672 1648 722 avertas
1679 668 1751 723 ab
1800 668 1899 723 illo
1951 668 2034 722 la-

380 760 577 829 bente,
633 763 872 829 propter
920 773 1094 827 quem
1140 773 1269 811 eras
1320 756 1529 827 major,
1581 762 1815 828 propter
1862 772 2035 826 quem

377 847 690 913 illustrior,
726 851 963 918 propter
994 862 1164 916 quem
1195 845 1406 900 clarior
1454 846 1572 901 eris
1607 863 1618 900 :
1654 850 1709 901 et
1756 849 1818 899 tu
1868 845 2038 900 valde

379 935 767 1007 glorificatus,
802 932 1210 989 humiliaberis
1243 933 1553 1005 paululum
1587 938 1643 988 et
1683 932 2037 1003 spissaberis

2148 575 2307 636 αὐτὸς
2354 574 2444 627 καὶ
2492 573 2722 649 τρεπτὸς
2774 574 3015 647 γεγονὼς
3060 572 3151 627 καὶ
3198 576 3372 647 φθορᾷ
3422 569 3811 642 ὑποκείμενος.

2148 665 2319 725 Οὗτος
2375 661 2433 717 δὲ
2490 662 2540 717 εἲ
2614 663 2707 736 μὶν
2760 662 3152 732 ἀναστήσεται,
3212 660 3247 729 ἢ
3304 657 3807 729 συντελεσθήσεται,

2148 753 2182 822 ἢ
2214 752 2756 822 καλλωπισθήσεται,
2800 752 2902 806 οὐκ
2953 750 3082 824 ἐμὸν
3133 747 3348 805 εἰδέναιο
3396 750 3458 803 τὸ
3509 746 3567 803 δὶ
3598 748 3733 821 ἐμὸν
3761 749 3807 803 εἰ

2148 838 2450 913 ἐπιϐιώσω,
2513 841 2557 895 εἰ
2616 840 2866 909 εἰσέλθω,
2907 840 2951 895 εἶ
3011 837 3160 907 εἴδω,
3220 840 3267 894 εἷ’
3317 840 3705 914 προσκυνήσω,
3760 835 3805 891 εἰ

2148 929 2522 1001 θεοκλυτήσω,
2559 935 2692 985 Θεοῦ
2723 927 2825 1005 ἄρα
2853 934 3017 986 τοῦτο
3046 929 3264 983 κάγεῖνο
3299 925 3529 988 εἰδότος.

379 1026 450 1081 ad
478 1025 635 1079 hunc
665 1023 933 1095 lapsum;
971 1027 1035 1077 ut
1064 1022 1258 1078 discas
1288 1031 1342 1077 te
1371 1025 1563 1095 ipsum
1600 1022 1966 1091 mutabilem,
1998 1027 2055 1077 et
2083 1021 2415 1078 versatilem
2452 1022 2693 1088 factum,
2726 1026 2779 1076 et
2831 1020 3190 1092 corruptioni
3240 1020 3596 1089 subjectum.
3654 1017 3801 1073 Illud

378 1118 576 1169 autem
627 1118 829 1167 utrum
882 1118 1371 1179 resurrecturum,
1422 1118 1524 1167 aut
1572 1112 2018 1183 perficiendum,
2071 1118 2173 1167 aut
2221 1112 2626 1166 exornandum
2682 1110 2776 1172 sit.
2830 1127 2944 1166 non
2996 1126 3192 1165 meum
3224 1114 3317 1165 est
3345 1124 3520 1164 nosse
3554 1124 3567 1163 :
3602 1124 3801 1163 meum

381 1207 577 1258 autem
610 1207 811 1257 utrum
846 1204 1241 1273 supervixero,
1275 1207 1470 1257 utrum
1501 1201 1799 1268 introiere,
1836 1208 2036 1257 utrum
2067 1202 2288 1272 videro,
2332 1206 2533 1256 utrum
2581 1200 2914 1267 adoravero,
2951 1204 3151 1255 utrum
3203 1203 3382 1254 Deum
3433 1199 3801 1263 invocavero,

380 1294 494 1347 Deo
526 1290 781 1363 profecto
811 1295 869 1346 et
897 1290 1055 1346 istud
1088 1294 1497 1363 cognoscente.

940 1631 1287 1761 ΤΟΥ
1376 1628 2434 1761 ΣΟΦΩΤΑΤΟΥ
2521 1627 3243 1759 ΨΕΛΛΟΥ

1896 1873 2302 1929 ΑΝΤΙΙῬΑΦΗ

949 2034 1128 2088 ΠΡΟΣ
1169 2032 1527 2090 ΕΡΩΤΗΣΙΝ
1567 2031 1780 2089 ΤΙΝΟΣ
1820 2031 2151 2088 ΜΟΝΑΧΟΥ
2188 2031 2351 2088 ΠΕΡΙ
2389 2031 2696 2090 ΟΡΙΣΜΟΥ
2726 2030 2854 2087 ΤΟΥ
2892 2028 3241 2086 ΘΑΝΔΤΟΥ.

1119 2375 2378 2501 SAPIENTISSIMI
2472 2372 3067 2498 PSELLI

1905 2598 2297 2656 RESPONSIO

595 2748 698 2808 AD
745 2749 1155 2811 CUJUSDAM
1202 2752 1560 2811 MONACHI
1606 2750 2365 2813 INTERROGATIONEM
2413 2752 2513 2811 DE
2558 2748 2855 2812 MORTIS
2901 2748 3601 2810 DETERMINATIONE

2069 2942 2142 2956 —

472 3080 523 3134 1.
557 3079 681 3136 Non
704 3084 984 3154 tanquam
1011 3084 1260 3139 obscura
1282 3086 1437 3139 esset
1457 3099 1489 3138 a
1512 3087 1569 3138 te
1592 3082 1886 3155 preposita
1907 3098 2047 3152 quae-

2237 3082 2300 3136 a'.
2334 3079 2456 3156 Οὐχ
2487 3079 2560 3142 ὠς
2589 3079 2865 3156 ἠπόρηται
2915 3081 2974 3134 τὸ
3023 3078 3168 3154 παρᾶ
3216 3083 3312 3134 σοῦ
3356 3072 3671 3153 προϐληθὲν
3710 3079 3815 3147 ζή-

404 3168 518 3224 stio
555 3170 895 3227 doctissime
926 3174 1116 3242 Pater,
1151 3190 1243 3227 me
1290 3172 1699 3243 interrogasti;
1751 3171 2048 3243 quomodo

401 3256 557 3313 enim
590 3275 715 3313 eam
752 3262 1122 3331 proposuisti,
1156 3264 1285 3331 ejus
1317 3263 1488 3317 obvia
1518 3268 1605 3317 est
1636 3261 1871 3317 solutio.
1898 3258 2053 3314 Nihil

399 3346 555 3401 enim
588 3346 701 3404 Deo
735 3348 1107 3405 indeﬁnitum
1142 3357 1249 3421 est,
1271 3368 1461 3423 neque
1492 3350 1628 3415 vita,
1654 3365 1841 3421 neque
1872 3364 2053 3415 mors,

399 3451 588 3506 neque
608 3439 930 3507 generatio,
966 3456 1154 3511 neque
1175 3442 1451 3504 essentia,
1487 3456 1675 3509 neque
1697 3454 1896 3495 eorum
1926 3453 2054 3508 quae

399 3524 691 3579 exsistunt
720 3527 1069 3598 quidquam.
1090 3529 1149 3583 Si
1172 3531 1323 3584 enim
1351 3529 1637 3583 Divinitas
1668 3528 1933 3583 omnium
1966 3531 2053 3581 est

400 3613 711 3680 terminus,
764 3618 1059 3686 quomodo
1112 3634 1177 3672 ex
1235 3617 1326 3673 his
1391 3618 1666 3673 omnibus
1732 3616 2053 3687 quidquam

400 3699 922 3758 indeterminatum
974 3705 1175 3759 esset?
1224 3709 1312 3769 Et,
1362 3706 1410 3759 si
1443 3722 1613 3759 omne
1638 3708 1869 3774 tempus
1901 3719 2056 3757 com-

403 3788 735 3860 prehendit,
768 3790 885 3846 imo
920 3793 965 3846 si
1000 3798 1135 3847 ante
1166 3798 1399 3864 tempus
1430 3800 1487 3848 et
1516 3808 1697 3847 aavum
1734 3808 1833 3863 per
1858 3806 1917 3844 se
1957 3807 2054 3845 ex-

403 3876 581 3947 sistit,
614 3880 905 3949 quomodo
954 3897 1207 3950 praesens
1257 3882 1488 3951 quidem
1540 3881 1734 3950 sciret,
1789 3880 2051 3935 futurum

402 3981 536 4021 vero
585 3966 921 4038 ignoraret?
968 3970 1051 4024 Ad
1100 3987 1205 4025 nos
1256 3971 1373 4025 haec
1420 3970 1750 4042 ignorantia
1783 3970 2052 4041 pertinet,

404 4054 619 4125 quibus
651 4062 884 4126 tempus
917 4057 1169 4113 divisum
1204 4065 1311 4129 est,
1346 4059 1445 4130 qui
1478 4060 1785 4131 praesentia
1815 4059 2055 4130 quidem

403 4142 673 4199 novimus
705 4147 943 4215 quando
977 4148 1146 4203 nobis
1180 4149 1236 4202 in
1291 4149 1559 4204 notitiam
1602 4147 1845 4203 veniunt
1894 4146 2055 4201 futu-

402 4247 532 4287 rum
558 4250 690 4289 vero
713 4236 953 4292 omnino
978 4237 1342 4308 ignoramus,
1367 4239 1505 4309 quia
1530 4255 1659 4293 cum
1689 4238 1907 4292 futuris
1938 4253 2054 4291 non

400 4320 672 4391 vivimus,
706 4325 806 4379 sed
840 4326 913 4380 ab
942 4326 1014 4382 iis
1046 4344 1148 4397 per
1177 4344 1302 4382 eam
1340 4328 1397 4381 in
1435 4328 1704 4398 praesenti
1736 4327 1917 4381 vitam
1965 4339 2054 4380 se-

2161 3190 2334 3241 τημα,
2391 3168 2692 3244 λογιώτατε
2746 3168 2942 3243 Πάτερ,
2992 3168 3164 3230 οὕτως
3211 3168 3521 3243 ἠρώτησας·
3575 3168 3651 3229 ὡς
3707 3169 3812 3241 γὰρ

2164 3255 2230 3325 δὴ
2292 3279 2610 3334 προετεινω,
2660 3263 2757 3313 τοῦ
2811 3256 3174 3333 ἐρωτηθέντος
3212 3259 3247 3326 ἡ
3289 3256 3443 3317 λύσις
3488 3258 3812 3331 πρόχειρος.

2164 3345 2325 3402 Οὐδὲν
2376 3348 2478 3422 γὰρ
2527 3348 2777 3423 ἀόριστον
2821 3353 2901 3419 τῷ
2945 3351 3082 3418 Θεῷ,
3130 3343 3253 3401 οὕτε
3299 3347 3434 3414 ζωὴ,
3485 3343 3613 3400 οὔτε
3650 3346 3812 3399 Θάνα-

2163 3457 2277 3504 τος,
2320 3436 2381 3491 οὐ
2420 3439 2645 3511 γένεσις,
2679 3436 2778 3491 οὐκ
2821 3435 2995 3503 οὐσία,
3040 3431 3164 3488 οὔτε
3193 3439 3299 3489 τῶν
3350 3429 3519 3488 ὄντων
3549 3432 3673 3489 οὔτε
3701 3438 3813 3489 τῶν

2161 3530 2466 3600 γινομένων
2519 3524 2693 3581 οὐδὲν,
2731 3524 2791 3581 Εἰ
2829 3526 2931 3599 γὰρ
2978 3521 3044 3591 δὴ
3088 3524 3151 3578 τὸ
3198 3524 3341 3578 θεῖον
3390 3520 3516 3597 ὄρος
3564 3522 3675 3577 ἐστί
3716 3528 3815 3577 τοῦ

2165 3616 2382 3683 παντὸς,
2434 3620 2550 3677 πῶς
2601 3613 2665 3685 δή
2700 3635 2751 3669 τι
2802 3619 2909 3669 τῶν
2941 3620 3157 3667 πάντων
3203 3610 3390 3684 ἐκείνῳ
3421 3612 3763 3685 ἀοριστήσειε
3798 3630 3813 3680 ;

2165 3706 2276 3770 καὶ,
2310 3704 2358 3759 εἴ
2387 3705 2449 3759 τὸ
2488 3710 2590 3758 πᾶν
2643 3702 2934 3779 συνείληφε
2969 3706 3065 3757 τοῦ
3113 3697 3340 3776 χρόνου,
3376 3699 3587 3772 μᾶλλον
3634 3699 3695 3755 δὲ
3720 3700 3816 3755 καὶ

2165 3796 2270 3867 πρὸ
2308 3793 2513 3869 ’χρόνου
2558 3793 2649 3847 καὶ
2697 3793 2801 3867 πρὸ
2850 3791 3047 3852 αἲῶνος
3094 3790 3173 3868 ἐφ’
3219 3791 3410 3844 ἑαυτοῦ
3445 3788 3663 3859 ἕστηκε,
3694 3793 3818 3851 πῶς

2164 3884 2227 3937 τὸ
2288 3884 2380 3956 μὲν
2419 3883 2588 3955 παρὸν
2640 3880 2828 3953 εἷδεέη,
2875 3885 2982 3935 τῶν
3035 3878 3091 3935 δὲ
3143 3878 3460 3952 μελλόντων
3502 3900 3553 3933 τι
3599 3878 3819 3953 ἀγνοή-

2168 3992 2322 4043 σειε;
2362 3971 2485 4046 περὶ
2526 3974 2674 4044 ἡμᾶς
2733 3972 2837 4045 γὰρ
2881 3973 3069 4037 ταῦτα,
3118 3971 3200 4030 οἷς
3243 3970 3270 4023 ὁ
3322 3968 3525 4043 χρόνος
3571 3988 3819 4041 καταμε-

2170 4063 2439 4135 μὲρισται,
2490 4062 2540 4115 οἳ
2593 4063 2656 4115 τὸ
2704 4061 2795 4132 μὲν
2851 4059 3075 4119 ἐνεστὼς
3128 4056 3279 4130 ἴσμεν
3329 4057 3526 4111 ὁπόσον
3558 4060 3701 4129 ἡμῖν
3734 4057 3817 4118 εἷς

2163 4156 2359 4227 γνῶσιν
2394 4146 2570 4220 ἔλθοι,
2601 4151 2663 4205 τὸ
2713 4147 2769 4204 δὲ
2821 4148 3024 4221 μέλλον
3066 4148 3398 4202 παντάπασιν
3430 4149 3819 4221 ἡγνοήιιαμεν,

2166 4241 2247 4295 δτι
2297 4237 2437 4313 μηδὲ
2488 4244 2731 4312 συζῶμεν
2781 4242 2863 4309 τῷ
2912 4236 3143 4303 ἐπιόντι,
3203 4233 3347 4291 ἀλλᾶ
3397 4239 3493 4289 τοῦ
3548 4233 3821 4307 ἐσομένου

2162 4334 2242 4401 τῷ
2283 4329 2419 4383 κατὰ
2474 4328 2538 4383 τὸ
2600 4327 2822 4390 ἐνεστὼς
2881 4330 2974 4400 ζῇν
3038 4325 3373 4379 παντάπασιν
3427 4324 3820 4396 ἀπῳκίσμεοα.

401 4426 699 4480 paramur.
733 4414 1033 4470 Facillime
1079 4416 1262 4488 igitur
1310 4416 1453 4471 adeo
1503 4434 1625 4486 qua
1678 4404 2047 4487 interrogasti

2164 4418 2354 4489 Ῥᾴστη
2424 4421 2709 4493 τοιγαροῦν
2766 4416 2900 4491 πρὸς
2965 4414 3095 4488 ὅπερ
3149 4414 3441 4487 ἠρώτησας
3492 4415 3527 4482 ἡ
3576 4413 3827 4489 ἀπόκρι-

402 4501 726 4571 responsio.

471 4589 525 4642 2.
560 4590 940 4648 Notissimam
976 4599 1168 4649 autem
1203 4611 1327 4649 eam
1364 4595 1743 4667 quaestionem
1778 4595 1861 4663 (ut
1894 4608 2055 4648 sum‘

405 4679 609 4733 matim
642 4679 746 4734 tibi
779 4687 837 4736 et
867 4683 924 4737 in
976 4683 1232 4753 epistola:
1289 4688 1474 4740 forma
1519 4690 1702 4739 totum
1751 4667 2054 4754 colligam)

405 4765 487 4821 ita
517 4775 857 4840 proponunt
889 4772 1193 4843 peritiores
1228 4779 1291 4828 ut
1341 4792 1453 4828 non
1504 4777 1572 4828 de
1622 4773 1870 4827 termino
1924 4773 2050 4826 vitae

400 4858 655 4925 tantum,
688 4860 786 4914 sed
822 4868 878 4915 et
907 4862 980 4916 de
1006 4862 1136 4917 aliis
1169 4862 1444 4917 omnibus
1476 4879 1601 4932 quae
1635 4867 1776 4917 sunt
1822 4877 2049 4917 sermo-

402 4958 535 4998 nem
569 4949 941 5016 protendant.

466 5033 522 5088 3.
557 5035 927 5110 Interrogant
956 5040 1108 5095 enim
1142 5056 1277 5094 num
1314 5040 1467 5094 Deus
1502 5039 1764 5094 futurum
1800 5038 2045 5107 noverit,

396 5138 529 5179 cum
554 5130 751 5181 autem
778 5129 985 5182 annuit
1006 5126 1496 5197 colloquens(non
1519 5130 1674 5183 enim
1692 5134 2044 5201 potestcom-

395 5212 559 5266 muni
584 5216 786 5270 sensui
809 5216 1223 5282 contradicere)
1257 5218 1501 5271 addunt:
1527 5242 1553 5267 «
1585 5217 1787 5272 Utrum
1822 5216 1904 5270 illi
1940 5216 2042 5270 de-

392 5298 561 5355 finita
580 5307 673 5356 est
696 5303 876 5358 futuri
901 5302 1207 5371 notitia,an
1233 5305 1478 5360 utuobis
1504 5305 2046 5360 indeﬁnituﬂonce‘

394 5386 666 5444 dentibus
699 5398 894 5446 autem
929 5392 1095 5446 nobis
1127 5392 1242 5447 Deo
1278 5393 1541 5448 notitiam
1593 5393 2039 5447 determinatam

395 5477 806 5547 esse(alterum
824 5480 974 5533 enim
994 5480 1246 5536 solidum
1265 5488 1395 5549 est),
1423 5482 1621 5537 statim
1638 5482 1867 5552 aliquod
1900 5498 2042 5536 con-

398 5580 652 5635 sequens
684 5566 961 5623 stolidum
992 5569 1492 5625 aﬂ'erunt.Dicunt
1514 5570 1667 5625 enim
1704 5589 1716 5626 :
1752 5594 1779 5619 ‹‹
1812 5571 1863 5625 Si
1899 5570 2039 5626 deﬁ-

397 5650 517 5708 nite
546 5654 721 5709 sciret
751 5655 883 5726 quis
915 5657 1144 5716 futurus
1174 5660 1476 5729 sitjustus
1508 5665 1563 5715 et
1595 5660 1728 5733 quis
1758 5660 2038 5732 injustus,

2164 4529 2269 4570 σις.

2237 4597 2301 4672 β’.
2332 4596 2402 4651 Τὸ
2443 4593 2499 4651 δὲ
2535 4592 2939 4669 θρυλλούμενον
2998 4592 3148 4648 τουτὶ
3189 4594 3429 4664 ζήτημα,
3464 4589 3555 4645 ’ἱνα
3614 4589 3687 4663 δή
3734 4616 3821 4649 σοι

2163 4683 2555 4763 κεφαλαιωδῶς
2629 4684 2718 4738 καὶ
2794 4682 2845 4737 ἐν
2924 4680 3219 4746 ἐπιπολῆς
3279 4682 3522 4755 σχήματι
3582 4683 3818 4754 ξυνείρω

2159 4775 2219 4829 τὸ
2252 4779 2378 4839 πᾶν,
2420 4773 2563 4829 οὕτω
2603 4771 2669 4841 δὴ
2711 4766 3121 4848 προϐάλλονται
3154 4770 3204 4824 οἱ
3246 4766 3563 4844 δεινότεροι,
3594 4771 3663 4825 οὐ
3688 4772 3816 4847 περὶ

2160 4864 2289 4933 ὅρου
2324 4862 2487 4935 μόνον
2534 4867 2701 4930 ζωῆς,
2735 4858 2881 4915 ἀλλὰ
2918 4860 3006 4914 καὶ
3056 4858 3180 4933 περί
3228 4858 3423 4919 παντὸς
3478 4858 3669 4933 ὲτὲρου
3701 4866 3812 4915 τῶν

2157 4953 2461 5026 γινομένων
2488 4952 2578 5006 τὸν
2612 4950 2775 5026 λόγον
2808 4948 3155 5024 προάγοντες.

2226 5044 2508 5117 Ἐρωτῶσι
2565 5040 2667 5114 γὰρ
2724 5038 2769 5093 εἰ
2820 5036 2933 5093 οἶδε
2984 5038 3045 5092 τὸ
3099 5035 3303 5109 μέλλον
3343 5038 3370 5093 ὁ
3403 5037 3534 5098 Θεός
3591 5037 3714 5093 εἶτα
3746 5037 3815 5108 δὴ

2156 5130 2700 5203 συνομολογήσαντος
2758 5131 2856 5182 τοῦ
2914 5123 3453 5201 προσδιαλεγομένου
3504 5124 3663 5197 (οὖδὶ
3712 5129 3814 5203 γὰρ

2153 5221 2217 5287 ἦν
2258 5217 2555 5293 ἀντιλέγειν
2601 5218 2735 5291 πρὸς
2784 5217 2972 5284 κοινὴν
3025 5212 3280 5286 ἔννοιαν),
3338 5214 3617 5289 ἐπάγουσιο
3651 5241 3684 5267 «
3721 5218 3815 5272 πό-

2151 5327 2307 5381 τιρον
2357 5304 2413 5360 δὲ
2463 5306 2687 5379 ὥρισται
2740 5303 2887 5375 αὐτῷ
2935 5306 2968 5372 ἡ
3017 5306 3218 5377 γνῶσις
3263 5306 3358 5356 τοῦ
3410 5302 3744 5373 μέλλοντος,
3777 5306 3813 5374 ἦ

2152 5394 2479 5470 ἀορισταίνει
2539 5392 2719 5468 ὥσπερ
2778 5396 2914 5464 ἡμῖν
2949 5412 2960 5460 ;
2995 5418 3023 5442 ››
3083 5388 3283 5445 δόντων
3354 5388 3411 5445 δὲ
3458 5392 3619 5463 ἡμῶν
3675 5393 3812 5463 ὠρί-

2151 5486 2269 5538 σΟαι
2322 5484 2470 5554 αὺτῷ
2516 5484 2613 5550 τήν
2666 5486 2865 5555 γνῶσιν
2917 5481 3159 5555 (θάτερον
3205 5480 3307 5554 γὰρ
3355 5478 3603 5549 ἄτοπον),
3650 5481 3814 5545 εὐθὺς

2151 5572 2223 5633 ὡς
2276 5570 2540 5642 ἐπόμινόν
2587 5592 2638 5624 τι
2698 5569 2897 5625 ἄτοπον
2953 5568 3287 5647 ἐπιφέρουσι·
3345 5569 3484 5625 Φασὶ
3541 5569 3641 5645 γὰρ
3701 5570 3807 5640 ὡς,

2151 5660 2197 5717 εἶ’
2246 5660 2564 5737 ὠρισμένως
2612 5656 2778 5731 εἰδείη
2822 5660 2912 5713 τόν
2945 5679 3002 5713 τε
3038 5656 3294 5731 ἐσόμενον
3326 5655 3533 5714 δίκαιον
3571 5660 3663 5714 καὶ
3709 5662 3806 5716 τὸν
