4032 6202
211 355 326 413 917

1310 356 1412 415 DE
1440 356 1750 415 ‘MURTIS
1796 356 2529 420 DETERMINATIONE.

3505 364 3626 425 918

219 486 479 560 εσόμενον
536 483 745 555 ἄδικον,
794 448 885 542 τόν
940 508 997 542 τε
1051 482 1224 549 οὕτως
1273 486 1308 557 ἦ
1360 485 1577 549 ἐκείνως
1616 485 1864 558 τεθνηξό-

1978 490 2110 562 quis
2142 490 2250 547 hoc
2278 491 2362 547 vel
2396 492 2495 547 illo
2530 494 2702 548 modo
2737 494 3059 551 moriturus
3089 496 3182 563 sit,
3218 499 3624 569 nequejustus

212 596 400 649 μενον,
463 576 578 640 οὐθ’
635 577 663 631 6
719 573 927 638 δίκαιος
983 576 1072 654 ἀφ’
1131 578 1321 632 ἑαυτοῦ
1377 575 1627 647 δίκαιος,
1684 577 1798 639 οὐθ’
1838 576 1865 631 6

203 664 393 727 ἄδικος
454 666 633 742 ἀρχὴν
695 663 905 728 ἀδικίας
959 668 1056 735 τὴν
1113 668 1425 742 προαίρεσιν
1484 664 1859 741 ἐκληρώσατο·

200 754 331 812 ἀλλ’
380 754 495 811 οὐδ’
540 757 567 810 ὁ
616 754 813 834 φονεὺς
874 752 1079 819 ἄδικος·
1132 757 1485 829 περιώρισται
1518 758 1622 830 γᾶρ
1673 760 1749 827 τῷ
1776 777 1863 809 τε-

210 846 437 916 θνηκότι
471 846 499 901 6
540 853 640 914 τῆς
696 850 839 915 ζωῆς
884 842 1109 921 χρόνος,
1162 846 1276 916 καὶ,
1326 842 1493 901 εἰδότι
1528 850 1642 917 Θεῷ
1675 846 1747 907 ὡς
1780 844 1867 899 οὕ-

201 957 309 997 τως
365 936 710 1008 τεθνήξεται,
766 934 1206 1007 ἐπηκολούθησεν
1269 938 1302 1005 ἡ
1362 936 1628 1009 ἀναίρεσις
1664 980 1678 992 .
1743 938 1864 996 Πῶς

201 1026 307 1101 γᾶρ
366 1026 435 1095 ἧν
494 1022 690 1080 εἰδέναι
747 1026 841 1098 μὲν
910 1024 1228 1099 ὡρισμένως
1296 1025 1386 1080 τὸν
1447 1027 1574 1081 Θεὸν
1653 1024 1859 1080 ἐκεῖνον

199 1114 673 1190 ἀναιρεθήσεσθαι,
718 1113 970 1192 ἐκφυγεῖν
1031 1112 1087 1169 δὲ
1147 1119 1337 1169 τοῦτον
1395 1116 1486 1169 τὸν
1519 1116 1721 1190 τρόπον
1763 1121 1864 1184 τῆς

197 1202 525 1277 ἀναιρέσεως
578 1226 593 1275 ;
647 1202 784 1259 ὣστε
857 1205 947 1259 καὶ
1007 1206 1034 1259 6
1109 1204 1302 1279 φονεὺς
1375 1204 1684 1280 προγνώσει
1747 1203 1863 1277 θείᾳ

201 1293 567 1369 ὖπουργηκὼς
617 1293 679 1348 οὗ
739 1292 905 1366 μόνον
964 1295 1141 1355 ἀθῶος
1182 1295 1485 1349 παντάπασι
1538 1294 1858 1369 λογισθήσε-

202 1403 312 1450 ται,
374 1381 524 1437 ἀλλὰ
576 1382 666 1437 καὶ
719 1378 957 1456 ἀμοιϐῆς
990 1380 1162 1456 ἄξιος,
1222 1383 1295 1445 ὡς
1351 1384 1414 1438 τὸ
1461 1387 1556 1437 τοῦ
1598 1380 1860 1438 δεσπότου

200 1470 335 1543 θέλη
346 1492 424 1545 μα
455 1470 827 1535 ἐκτετελεκώς.

273 1574 338 1634 δ’.
372 1578 449 1633 Τὸ
508 1578 604 1649 μὲν
665 1576 756 1633 οῦν
818 1580 1041 1652 ζήτημα
1093 1578 1235 1634 οὕτω
1294 1577 1360 1649 δή
1421 1580 1753 1633 συντιθέασιν
1808 1578 1860 1634 οἱ

200 1666 324 1741 περὶ
367 1669 539 1721 ταῦτα
597 1663 780 1722 δεινοί·
816 1670 850 1737 ἡ
906 1665 1052 1744 δέγε
1101 1666 1258 1730 λύσις
1308 1667 1479 1729 οὕτως
1529 1666 1681 1732 αὖθις
1712 1669 1861 1741 παρὰ

200 1759 310 1810 τῶν
364 1756 691 1833 σοφωτέρων
737 1755 989 1832 ἐπάγεται
1037 1758 1173 1832 πρὸς
1219 1758 1281 1811 τὸ
1320 1752 1645 1833 πρόϐλημα·
1696 1759 1771 1819 ὡς
1822 1760 1857 1826 ἠ

1977 595 2080 650 per
2109 597 2169 634 se
2215 582 2413 651 justus
2446 588 2554 651 est,
2581 599 2767 653 neque
2819 582 3044 653 injusto
3074 583 3375 655 injustitio'e
3410 587 3626 657 princi-

1976 668 2138 740 pium
2169 675 2257 724 est
2288 671 2523 741 propria
2556 671 2872 727 voluntatis
2894 672 3120 727 electio.
3150 674 3259 727 Sed
3285 691 3471 745 neque
3504 676 3629 747 ipse

1976 758 2278 813 homidida
2311 759 2700 829 injustusest.
2727 761 2956 816 Mortuo
2989 761 3144 816 enim
3177 764 3630 820 determinatam

1975 854 2065 902 est
2094 848 2223 901 vitae
2256 853 2513 919 tempus,
2539 855 2613 914 et,
2640 850 2754 905 Deo
2780 850 2997 906 sciente
3019 868 3153 905 eum
3184 851 3287 906 tali
3319 854 3489 907 modo
3516 870 3634 908 mo-

1975 936 2229 991 riturum
2258 953 2406 1005 esse,
2434 943 2632 993 secuta
2656 943 2745 993 est
2768 939 3116 997 interfectio.
3142 943 3443 1007 Quomodo
3475 943 3631 999 enim

1976 1027 2098 1081 fieri
2148 1031 2348 1097 posset
2400 1031 2581 1081 Deum
2616 1028 3002 1084 determinate
3047 1029 3198 1085 scire
3246 1031 3367 1085 fore
3414 1035 3479 1085 ut
3532 1031 3629 1087 ille

1974 1114 2359 1185 occideretur,
2392 1115 2681 1187 illumque
2726 1134 2859 1171 eum
2911 1118 3334 1174 interfectionis
3385 1121 3626 1177 modum

1971 1205 2254 1278 effugere;
2291 1205 2373 1260 ita
2421 1210 2485 1261 ut
2534 1205 2831 1261 homicida
2860 1206 3064 1261 divinae
3102 1207 3481 1263 Providentiae
3513 1210 3620 1264 ob-

1972 1312 2225 1367 sequens
2259 1312 2372 1350 non
2407 1296 2579 1350 modo
2614 1296 2897 1352 innocens
2924 1298 3355 1369 computandus
3388 1298 3626 1355 omnino

1970 1384 2066 1452 sit,
2102 1385 2203 1440 sed
2255 1388 2344 1440 est
2398 1386 2664 1441 mercede
2695 1386 2942 1459 dignus;
2978 1386 3195 1459 quippe
3244 1387 3346 1459 qui
3392 1388 3628 1443 Domini

1971 1473 2330 1531 voluntatem
2366 1474 2694 1546 perfecerit.

2044 1584 2093 1637 4.
2127 1581 2516 1645 Quaestionem
2570 1582 2753 1654 igitur
2782 1584 2865 1639 sic
2896 1588 3259 1654 componunt
3297 1584 3505 1641 barum
3537 1602 3627 1640 re-

1967 1689 2100 1728 rum
2148 1671 2591 1744 periti.Solutio
2642 1676 2839 1728 autem
2888 1689 3127 1729 rursum
3178 1690 3210 1728 a
3257 1674 3626 1745 sapientibus

1969 1762 2041 1817 ad
2093 1762 2459 1833 propositum
2510 1763 2843 1818 adducitur.
2881 1764 3125 1831 Notitia,
3159 1764 3456 1836 inquiunt,
3488 1782 3623 1821 cum

199 1848 427 1920 γνῶσις,
463 1843 599 1916 μέση
646 1845 777 1899 οὖσα
822 1850 920 1900 τοῦ
970 1846 1380 1921 γινωσκομένου
1429 1847 1520 1901 καὶ
1566 1851 1664 1901 τοῦ
1694 1847 1861 1920 γινώ-

1978 1852 2046 1906 sit
2077 1851 2270 1906 media
2300 1851 2451 1906 inter
2480 1852 2782 1924 cognitum
2831 1858 2888 1909 et
2915 1860 3389 1925 cognoscentem,
3417 1853 3625 1926 incipit

204 1954 452 2005 σκοντος,
506 1930 758 2008 ὥρμηται
815 1936 909 2007 μὲν
952 1936 1057 1990 ἀπὸ
1110 1940 1206 1990 τοῦ
1259 1937 1646 2010 γινώσκοντος,
1691 1934 1862 1991 εἰλεῖ-

208 2045 300 2078 ται
360 2021 421 2078 δὶ
494 2024 619 2097 περὶ
686 2025 749 2079 τὸ
818 2023 1215 2099 γινωσκόμενον
1279 2024 1367 2079 καὶ
1440 2024 1723 2098 ὡμοίωται
1781 2028 1863 2096 τῷ

210 2113 561 2188 γινώσκοντι·
622 2112 813 2168 ὁποῖόν
865 2135 917 2169 τι
973 2112 1141 2189 λέγω⁸
1204 2112 1350 2184 ἄλλη
1410 2118 1595 2189 ψυχῆς
1638 2118 1861 2188 γνῶσις,

208 2202 301 2257 καὶ
347 2201 496 2273 ἄλλη
552 2206 669 2273 νοῦ,
720 2202 810 2257 καὶ
860 2202 1005 2273 ἄλλη
1040 2207 1195 2258 Θεοῦ·
1248 2206 1282 2272 ἡ
1341 2204 1433 2276 μὶν
1488 2202 1577 2257 οὖν
1611 2206 1861 2278 ψυχικῶς

207 2286 377 2359 οἶδεν,
426 2286 542 2344 ὀιδέ
588 2294 817 2365 νοερῶς,
848 2290 877 2344 6
908 2287 966 2344 δὲ
1012 2290 1145 2366 ὑπὲρ
1171 2295 1295 2345 νοῦν
1328 2290 1417 2345 καὶ
1450 2290 1714 2348 ἐπέκεινα.
1747 2290 1864 2348 Οὐκ

204 2378 495 2435 ἀλλοιοῦσι
525 2377 584 2436 δὶ
613 2382 668 2435 αἱ
688 2381 917 2458 γνώσεις
938 2380 1005 2436 τὰ
1026 2383 1343 2457 πράγματα,
1368 2380 1494 2437 ἀλλ’
1520 2382 1575 2435 αἱ
1606 2383 1698 2455 μὲν
1726 2382 1861 2435 κατὰ

197 2469 264 2524 τὰ
318 2470 658 2544 γινώσκοντα
696 2469 967 2539 ⁹ίστανται,
1012 2472 1080 2526 τὰ
1123 2468 1180 2525 δὲ
1225 2469 1481 2545 γινόμενα
1528 2477 1629 2539 τῆς
1659 2469 1860 2531 οἰκείας

199 2559 300 2613 οὔκ
349 2558 644 2632 ἐξίστανται
695 2560 929 2637 φύσεως.
962 2562 1024 2618 Ὁ
1084 2562 1179 2634 μὲν
1223 2558 1312 2615 οῦν
1360 2561 1511 2631 Θεὸς,
1547 2562 1675 2635 ὅρος
1726 2560 1798 2613 ὣν
1833 2561 1860 2614 6

203 2652 424 2704 πάντων
474 2649 793 2726 ἀκρότατος,
836 2651 972 2705 κατὰ
1020 2652 1120 2720 τήν
1178 2649 1377 2705 οἰκείαν
1427 2649 1701 2725 ἀκρότητα
1748 2647 1862 2704 οἶδε

199 2740 266 2793 τὰ
328 2741 643 2814 πράγματα,
704 2740 1021 2816 ὡρισμένως
1083 2742 1176 2813 μὶν
1236 2740 1304 2794 τὰ
1361 2740 1583 2815 ἀόριστα
1621 2784 1635 2810 ,
1696 2740 1861 2814 ἀναγ-

200 2830 375 2891 καίως
440 2827 497 2884 δὲ
547 2830 614 2884 τὰ
670 2828 1020 2905 ἐνδεχόμενα·
1086 2829 1145 2884 οὐ
1194 2830 1293 2905 γὰρ
1338 2824 1855 2902 συμμεταϐάλλεται

202 2924 325 2980 τοῖς
354 2918 687 2992 γινομένοις,
720 2917 848 2974 ἀλλ’
900 2919 975 2983 ὡς
1025 2916 1141 2994 ἔχει
1190 2918 1401 2995 φύσεως
1444 2920 1541 2986 τὴν
1576 2918 1721 2988 τάξιν
1750 2914 1863 2971 οἶδε

202 3012 312 3062 τῶν
346 3003 541 3061 ὄντων·
582 3008 650 3063 τὰ
700 3005 756 3063 δὶ
803 3008 941 3063 κατὰ
983 3010 1081 3077 τήν
1125 3005 1327 3062 οἰκείαν
1371 3005 1525 3083 φύσιν
1577 3005 1659 3083 ῥεῖ
1687 3027 1744 3061 τε
1773 3004 1861 3060 καὶ

206 3098 423 3173 φέρεται
436 3139 449 3151 .

1972 1958 2005 1996 a
2052 1944 2459 2011 cognoscente,
2492 1942 2969 1998 circumvolvitur
3015 1944 3171 1998 circa
3221 1944 3520 2015 cognitum
3569 1946 3627 1998 et

1972 2030 2186 2085 similis
2217 2030 2589 2100 cognoscenti
2622 2031 2905 2097 efﬁcitur;
2938 2038 2995 2086 et
3027 2036 3091 2087 ut
3123 2048 3310 2087 meam
3343 2031 3628 2105 explicem

1973 2118 2346 2186 sententiam,
2379 2118 2494 2173 alia
2524 2124 2613 2173 est
2661 2119 2871 2173 anima:
2923 2120 3195 2190 cognitio,
3227 2120 3341 2175 alia
3389 2122 3627 2189 mentis,

1972 2212 2030 2262 et
2059 2205 2174 2262 alia
2204 2206 2304 2261 Dei
2338 2223 2351 2261 :
2386 2206 2487 2261 illa
2540 2207 2778 2278 quidem
2828 2208 3182 2277 animaliter,
3217 2225 3383 2265 mens
3432 2214 3629 2266 autem

1973 2294 2368 2364 mutabiliter;
2402 2296 2556 2366 quod
2591 2302 2787 2351 autem
2819 2314 2998 2368 supra
3024 2304 3281 2353 mentem
3312 2302 3422 2367 est,
3455 2300 3631 2353 modo

1973 2384 2086 2441 sibi
2129 2384 2384 2455 proprio.
2416 2385 2793 2457 Cognitiones
2826 2391 3020 2441 autem
3073 2403 3164 2441 res
3213 2404 3327 2441 non
3364 2391 3628 2456 mutant;

1972 2475 2073 2530 sed
2106 2472 2216 2529 illa:
2262 2472 2320 2528 in
2352 2474 2844 2545 cognoscentibus
2876 2480 3054 2543 stant,
3085 2492 3211 2545 qua:
3263 2480 3457 2531 autem
3494 2480 3635 2531 sunt

1975 2562 2271 2635 propriam
2306 2569 2575 2617 naturam
2632 2580 2743 2617 non
2777 2564 3075 2620 amittunt.
3105 2565 3258 2619 Deus
3308 2564 3507 2636 igitur,
3542 2565 3635 2622 ul-

1973 2652 2155 2708 timus
2186 2651 2453 2707 omnium
2485 2652 2797 2720 terminus,
2824 2654 3147 2709 secundum
3182 2655 3476 2725 propriam
3512 2653 3631 2709 cel-

1972 2741 2294 2797 situdinem
2349 2757 2439 2796 res
2490 2742 2813 2813 cognoscit,
2846 2742 3087 2797 deﬁnite
3135 2759 3263 2812 quae
3316 2742 3631 2797 indeﬁnite:

1973 2838 2134 2897 sunt,
2170 2831 2497 2886 necessario
2531 2848 2659 2901 quin
2693 2835 2835 2886 sunt
2859 2831 3294 2903 contingentes;
3330 2848 3440 2887 non
3472 2832 3629 2887 enim

1974 2924 2241 2975 mutatur
2272 2919 2452 2973 simul
2483 2936 2617 2974 cum
2649 2920 2734 2976 eis
2764 2937 2891 2991 qua
2941 2921 3111 2988 fiunt,
3144 2922 3243 2976 sed
3292 2938 3395 2993 pro
3426 2938 3629 2976 earum

1974 3013 2185 3063 natura
2216 3014 2616 3062 creaturarum
2650 3009 2915 3063 ordinem
2962 3008 3150 3076 novit;
3185 3025 3265 3064 eae
3308 3014 3501 3065 autem
3536 3025 3630 3065 se-

1973 3098 2233 3152 cundum
2270 3097 2567 3169 propriam
2604 3103 2876 3153 naturam
2908 3098 3100 3153 ﬂuunt
3131 3102 3187 3154 et
3216 3100 3503 3154 feruntur.

276 3212 335 3260 ε’.
393 3205 536 3277 Φέρε
591 3204 694 3279 γὰρ
752 3205 888 3279 πρὸς
936 3209 1088 3260 Θεοῦ·
1148 3209 1256 3259 τῶν
1316 3205 1584 3276 σωμάτων
1646 3201 1859 3273 διεστη-

2044 3206 2097 3258 5.
2135 3204 2397 3275 Agedum
2430 3204 2585 3258 enim
2640 3220 2742 3275 per
2792 3207 3006 3270 Deum;
3038 3222 3172 3260 cum
3224 3206 3345 3260 sint
3392 3221 3634 3276 corpora

201 3294 405 3361 κότων,
460 3297 575 3354 πῶς
623 3291 735 3348 οἶδε
784 3298 951 3348 ταῦτα
1000 3294 1128 3355 Θεός
1162 3313 1174 3361 ;
1207 3291 1507 3354 διαστατῶς
1539 3292 1574 3361 ἢ
1609 3290 1861 3347 ἀδιαστά-

196 3404 311 3443 τως
349 3402 363 3450 ;
400 3382 504 3436 οὐκ
561 3379 890 3445 ἀδιαστάτως
922 3404 936 3452 ;
970 3383 1047 3441 Οὐ
1106 3383 1209 3458 γὰρ
1270 3381 1409 3456 ἐρεῖς
1458 3402 1564 3436 που
1617 3386 1859 3457 θάτερον·

200 3472 267 3527 οὗ
299 3472 405 3546 γὰρ
459 3468 721 3526 διίσταται
769 3478 889 3534 τοῖς
942 3474 1124 3547 βάθεσι
1184 3472 1389 3525 τούτων
1434 3471 1469 3539 ἢ
1517 3477 1634 3532 τοῖς
1695 3472 1863 3543 μήκε-

197 3581 283 3613 σιν
348 3562 383 3629 ἢ
436 3566 555 3621 τοῖς
619 3560 899 3615 πλάτεσιν·
961 3560 1087 3616 ἀλλ’
1145 3558 1464 3615 ἀδιάστατον
1528 3560 1704 3614 αὐτῶν
1764 3561 1860 3627 τὴν

196 3654 408 3723 γνῶσιν
467 3645 765 3723 προέλαϐεν
808 3692 821 3706 .
877 3652 995 3725 Ἆρ’
1047 3651 1137 3704 οὗν
1196 3650 1257 3704 τὸ
1316 3649 1488 3711 οὕτως
1548 3646 1743 3703 εἰδέναι
1803 3648 1867 3701 τὰ

200 3739 437 3809 σώματα
466 3739 555 3792 τὸν
589 3739 715 3793 Θεὸν
767 3740 863 3803 τὰς
916 3737 1215 3799 διαστάσεις
1247 3738 1467 3793 ἐκείνων
1513 3740 1642 3811 μετή
1657 3740 1815 3810 μειψε
1850 3756 1863 3807 ;

204 3825 361 3882 Κατᾶ
409 3825 502 3880 τὸν
565 3826 722 3881 αὐτὸν
783 3826 970 3902 λόγον,
1002 3827 1091 3880 καὶ
1144 3828 1241 3895 τὴν
1304 3827 1459 3901 φύσιν
1523 3825 1655 3899 ὑπὲρ
1709 3823 1863 3901 φύσιν

202 3913 371 3976 εἰδὼς
423 3915 513 3969 καὶ
568 3915 631 3969 τὸ
692 3915 937 3991 ἀόριστον
1000 3916 1343 3990 ὡρισμένως,
1390 3910 1511 3967 οὔτε
1558 3914 1660 3981 τὴν
1714 3912 1867 3989 φύσιν

209 4004 576 4077 μετήλλαξεν,
649 4003 772 4060 οὕτε
848 4008 948 4075 τὴν
1001 4006 1278 4081 ἀοριστίαν
1339 4008 1444 4058 τῶν
1523 4004 1860 4077 πραγμάτων

206 4095 569 4165 μετήμειψεν·
631 4094 695 4148 οὐ
725 4094 827 4170 γὰρ
872 4093 1015 4148 αἶτία
1062 4099 1166 4148 τῶν
1208 4094 1512 4169 γινομένων
1544 4093 1579 4161 ἡ
1612 4090 1867 4164 πρόγνω-

200 4203 309 4243 σις.
345 4181 425 4238 Οὐ
473 4182 679 4249 τοίνυν,
716 4182 760 4237 εἰ
808 4187 915 4237 τῶν
976 4184 1069 4256 μὲν
1108 4184 1422 4257 προέγνωκε
1457 4182 1557 4249 τήν
1587 4176 1866 4249 φαυλότη-

196 4292 287 4339 τα,
320 4276 433 4325 τῶν
468 4268 523 4325 δὲ
571 4273 673 4341 τὴν
732 4269 1076 4342 δικαιοσωην
1125 4266 1422 4347 προέλαϐε,
1475 4267 1565 4324 διὰ
1618 4274 1787 4324 ταῦτα
1817 4268 1867 4341 ἐξ

198 4362 446 4435 ἀνάγκης
507 4361 557 4413 οἱ
621 4361 715 4433 μὶν
785 4360 1007 4438 φαῦλοι,
1068 4363 1120 4415 oi
1175 4358 1231 4414 δὲ
1278 4361 1597 4434 γεγένηνται
1645 4355 1864 4412 δίκαιοι·

202 4446 335 4504 ἀλλ’
398 4448 601 4511 ἐκεῖνός
659 4470 717 4504 τε
774 4450 911 4505 κατᾶ
966 4452 1061 4518 τὴν
1114 4449 1312 4504 οἰκείαν
1354 4448 1510 4523 φύσιν
1543 4450 1641 4515 τὴν
1675 4451 1871 4522 γνῶσιν

202 4532 341 4612 ἔσχε
398 4542 504 4591 τῶν
556 4542 886 4613 γινομένων,
936 4541 1155 4594 κάκεῖνα
1203 4539 1338 4593 κατὰ
1391 4538 1480 4591 τὸν
1514 4534 1647 4589 ἴδιον
1680 4536 1867 4610 ε’ρμὸν

1978 3292 2280 3361 distantia,
2341 3296 2633 3364 quomodo
2692 3311 2761 3349 ea
2820 3294 2981 3348 novit
3036 3294 3241 3349 Deus?
3302 3294 3509 3349 Utrum
3572 3298 3636 3348 ut

1974 3382 2258 3440 distantia
2318 3382 2557 3437 annon?
2607 3382 2729 3437 Non
2788 3382 3117 3437 distantia?
3164 3383 3427 3438 Alterum
3478 3382 3633 3437 enim

1977 3490 2093 3529 non
2127 3473 2307 3527 dices.
2344 3471 2467 3525 Non
2501 3471 2654 3525 enim
2708 3472 2779 3525 ab
2832 3470 2950 3526 illis
2983 3472 3163 3526 distat
3209 3470 3519 3525 altitudine
3546 3470 3635 3525 vel

1976 3561 2347 3633 longitudine
2375 3560 2464 3615 vel
2514 3559 2855 3627 latitudine;
2891 3578 3006 3615 non
3059 3561 3379 3616 distantem
3431 3576 3635 3615 eorum

1976 3651 2369 3723 cognitionem
2423 3650 2715 3721 praecepit.
2758 3650 2908 3704 Num
2972 3650 3153 3719 igitur
3204 3666 3269 3704 eo
3319 3650 3474 3719 quod
3525 3648 3638 3704 scit

1979 3746 2129 3795 Deus
2170 3754 2665 3809 corpora,eorum
2718 3738 2962 3794 mutavit
3010 3738 3367 3793 distantias?
3420 3739 3634 3793 Eadem

1976 3828 2224 3893 ratione,
2278 3832 2549 3881 naturam
2602 3828 3149 3897 supernaturaliter
3180 3843 3428 3881 noscens
3461 3830 3517 3879 et
3546 3826 3636 3881 in-

1977 3917 2288 3973 deﬁnitum
2323 3916 2495 3970 modo
2526 3915 2789 3985 deﬁnito,
2826 3932 3015 3987 neque
3056 3921 3327 3971 naturam
3365 3915 3635 3983 mutavit,

1978 4022 2165 4077 neque
2186 4020 2381 4059 rerum
2428 4004 3073 4071 indeterminationem;
3117 4021 3231 4059 non
3255 4004 3409 4058 enim
3433 4019 3637 4058 eorum

1976 4112 2108 4165 quae
2164 4098 2305 4148 sunt
2366 4091 2735 4163 prmscientia
2788 4110 2967 4149 causa
3023 4098 3131 4149 est.
3164 4093 3289 4148 Non
3345 4093 3545 4163 igitur.
3589 4090 3638 4146 si

1978 4184 2227 4239 aliorum
2295 4182 2585 4253 praescivit
2655 4181 2979 4246 malitiam,
3035 4181 3283 4236 aliorum
3340 4180 3640 4250 justitiam

1981 4271 2397 4345 praesumpsit,
2460 4287 2574 4325 non
2650 4276 2957 4341 prOptei-ea
3011 4287 3079 4324 ex
3136 4268 3483 4324 necessitate
3542 4268 3642 4323 alii

1981 4361 2120 4416 mali
2178 4360 2315 4415 facti
2375 4363 2536 4427 sunt,
2599 4359 2696 4413 alii
2748 4360 2932 4429 justi;
2994 4360 3093 4413 sed
3155 4358 3253 4412 ille
3314 4357 3641 4412 secundum

1981 4449 2275 4523 propriam
2310 4452 2579 4502 naturam
2627 4463 2695 4501 ea
2743 4464 2869 4517 quae
2923 4452 3062 4501 sunt
3111 4445 3401 4517 cognovit,
3435 4449 3490 4499 et
3522 4444 3644 4499 haec

1978 4538 2303 4594 secundum
2342 4536 2642 4607 pr0prium
2694 4551 2907 4589 nexum
2943 4536 3233 4589 feruntur.
3269 4534 3339 4588 Et
3368 4533 3478 4588 scit
3508 4550 3641 4589 eum

204 4625 452 4703 φέρεται·
514 4627 606 4681 καὶ
682 4629 772 4682 τὸν
824 4628 1037 4702 ἀγχόνῃ
1111 4627 1290 4681 τοίνυν
1351 4628 1703 4701 χρησάμενον
1761 4624 1864 4679 οἶδε

1979 4627 2078 4698 qui
2112 4626 2320 4696 laqueo
2367 4640 2429 4678 se
2485 4624 2815 4695 suspendit,
2851 4625 2934 4678 sic
2987 4624 3341 4677 moriturum
3392 4639 3517 4678 esse
3546 4627 3643 4690 (ne

211 4716 312 4786 μὶν
374 4715 449 4777 ὡς
520 4716 662 4770 οὕτω
718 4720 1033 4789 τεθνήξαιτο
1088 4718 1189 4789 (μὴ
1248 4716 1347 4790 γὰρ
1407 4736 1464 4769 σε
1518 4712 1750 4788 διαλάθῃ
1807 4714 1869 4768 τὸ

207 4804 482 4879 πρότερον
530 4804 889 4880 ὁμολόγημα,
938 4807 1011 4868 ὡς
1042 4808 1076 4875 ἡ
1111 4810 1309 4880 γνῶσις
1360 4805 1644 4876 ὡμοίωται
1674 4807 1751 4874 τῷ
1786 4813 1871 4876 γιέ

204 4894 509 4963 νώσκοντι)
567 4896 632 4950 οὐ
674 4893 761 4950 διὰ
810 4898 909 4965 τὴν
955 4901 1153 4972 γνῶσιν
1200 4892 1257 4949 δὲ
1304 4893 1507 4955 ἐκεῖνος
1555 4892 1744 4967 βιαίως
1786 4890 1870 4945 ἐκ·

204 4981 523 5053 πέπτωκεν,
570 4981 715 5039 ἀλλὰ
762 4982 847 5039 διὰ
883 4986 982 5054 τὴν
1029 4984 1339 5059 προαίρεσιν
1374 4986 1601 5053 πονηρῷ
1654 4979 1871 5055 χρησά-

207 5092 380 5143 μενος
411 5068 653 5143 δαίμονι.
706 5073 832 5147 Καὶ,
866 5076 929 5129 τὸ
977 5074 1193 5147 σύμπαν
1246 5072 1413 5126 εἰπεῖν
1466 5065 1605 5123 ὥστε
1632 5090 1715 5123 σοι
1753 5068 1871 5123 ἐπι-

201 5159 479 5225 λελῦσθαι
507 5162 571 5217 τὸ
615 5164 856 5236 ζήτημα,
908 5169 985 5236 τῷ
1026 5165 1121 5236 μὶν
1172 5166 1286 5233 Θεῷ
1316 5160 1450 5215 κατὰ
1477 5161 1577 5229 τήν
1626 5157 1874 5232 πρόγνω-

201 5272 295 5305 σιν
357 5251 422 5304 τὸ
474 5257 575 5321 τῆς
658 5251 884 5308 ἐκάστου
958 5259 1103 5322 ζωῆς
1185 5252 1549 5324 συμπέρασμα
1604 5246 1870 5323 ὥρισται·

202 5335 492 5413 προέλαϐε
548 5340 651 5417 γὰρ
706 5341 911 5405 ἐκεῖνος
984 5345 1084 5411 τὴν
1144 5346 1343 5417 γνῶσιν
1412 5343 1508 5394 τοῦ
1568 5337 1872 5409 ἐσομένου·

202 5433 355 5500 ἡμῖν
414 5426 470 5483 δὲ
526 5430 855 5505 ἀορισταίνει
897 5432 959 5486 τὸ
1010 5425 1453 5505 συμϐησόμενον·
1490 5427 1628 5481 ὥστε
1672 5426 1873 5499 τρόπον

211 5520 321 5593 μέν
381 5538 505 5572 τινα
564 5518 812 5595 ὥρισται,
843 5523 1049 5597 τρόπον
1113 5517 1169 5575 δὶ
1228 5518 1317 5573 καὶ
1374 5516 1479 5592 οὐχ
1530 5512 1773 5589 ὥρισται·
1831 5516 1876 5588 ᾦ

216 5607 327 5683 μὶν
378 5608 483 5683 γὰρ
537 5606 650 5664 οἶδε
699 5611 827 5673 Θεὸς
873 5610 1121 5685 ὥρισται,
1153 5610 1198 5682 ᾧ
1249 5606 1304 5662 δὶ
1351 5609 1385 5677 ἡ
1432 5605 1739 5681 πρόγνωσις
1773 5604 1879 5681 οὐχ

209 5698 400 5773 ὁρίζει
456 5698 524 5753 τὸ
582 5700 972 5776 γενησόμενον,
1006 5700 1115 5777 οὐχ
1158 5694 1405 5775 ὥρισται.
1456 5693 1774 5751 Ἐπιδεαιτῶ
1822 5693 1879 5752 δέ

1982 4722 2037 4771 te
2081 4715 2267 4785 fugiat
2316 4713 2470 4784 quod
2531 4712 2787 4783 primum
2851 4713 3102 4767 contessi
3165 4729 3399 4782 sumus,
3435 4728 3644 4783 nempe

1982 4803 2379 4875 cognitionem
2424 4801 2799 4873 cognoscenti
2845 4801 3100 4856 similem
3151 4806 3322 4869 esse),
3356 4818 3471 4855 non
3506 4817 3643 4870 pro-

1982 4899 2109 4965 pter
2158 4892 2308 4946 banc
2358 4891 2749 4961 cognitionum
2803 4890 2897 4945 ille
2944 4890 3227 4945 violenter
3278 4889 3507 4955 cecidit,
3542 4891 3643 4945 sed

1983 4999 2083 5054 per
2110 4980 2470 5035 voluntatem
2508 4980 2661 5035 malo
2697 4996 2838 5034 usus
2870 4979 3125 5051 ingenio.
3154 4979 3221 5034 Et
3256 4983 3318 5033 ut
3349 4976 3498 5033 nihil
3531 4994 3646 5032 non

1983 5070 2175 5125 dicam
2209 5070 2361 5139 quod
2394 5068 2499 5123 tibi
2534 5068 2683 5122 banc
2716 5069 3100 5139 quaastionem
3133 5066 3341 5137 solvat,
3364 5066 3482 5121 Deo
3515 5066 3645 5138 qui-

1983 5160 2114 5213 dem
2149 5174 2250 5230 per
2298 5156 2725 5228 praescientiam
2764 5156 2893 5211 vitae
2945 5156 3414 5226 uniuscujusque
3448 5153 3648 5209 termi-

1986 5265 2097 5303 nus
2125 5246 2404 5303 deﬁnitus
2436 5251 2553 5314 est;
2598 5247 2973 5319 prmsumpsit
3004 5246 3156 5302 enim
3218 5244 3397 5299 futuri
3454 5241 3650 5297 scien-

1984 5337 2163 5405 tiam;
2198 5337 2365 5392 nobis
2407 5341 2602 5392 autem
2656 5336 2917 5391 futurum
2970 5334 3346 5390 indeﬁnitum
3395 5337 3485 5389 est
3519 5349 3533 5387 :
3568 5332 3650 5388 ita

1989 5433 2052 5481 ut
2098 5427 2533 5497 quodammodo
2594 5425 2905 5481 deﬁnitum
2966 5427 3063 5495 sit,
3105 5428 3161 5479 et
3208 5422 3647 5494 quodammodo

1988 5517 2396 5586 indefinitum;
2433 5517 2606 5572 modo
2656 5516 2813 5572 enim
2864 5533 2977 5588 quo
3032 5514 3187 5568 novit
3237 5518 3405 5579 Deus,
3440 5511 3649 5567 defini-

1990 5611 2115 5661 tum
2149 5611 2265 5675 est;
2304 5612 2475 5678 prout
2500 5612 2694 5663 autem
2730 5604 3091 5678 praescientia
3115 5620 3229 5659 non
3254 5603 3461 5659 deﬁnit
3490 5603 3648 5657 iutu-

1996 5715 2156 5769 rum,
2182 5698 2547 5754 indefinitum
2572 5703 2678 5753 est.
2699 5697 2945 5753 Attende
2967 5700 3022 5752 ct
3047 5695 3284 5751 Patrum
3315 5698 3649 5752 nostrorum
