4032 6202
384 357 500 417 919

1724 360 2145 423 MICHAELIS
2190 361 2460 421 PSELLI

3686 358 3799 418 920

3774 458 3797 491 ν

391 490 581 564 libris,
612 497 677 549 ut
719 493 767 549 si
800 495 1156 566 quibusdam
1206 495 1528 551 occurreris
1560 495 1656 567 qui
1694 494 1762 550 de
1794 494 2042 549 termino

2169 492 2245 547 ιιαῖ
2278 498 2395 555 τοῖς
2435 498 2545 549 τῶν
2591 493 2837 565 πατέρων
2890 496 3050 568 ἡμῶν
3108 491 3319 570 λόγοις,
3365 492 3441 546 ’ἶν’
3468 489 3517 546 εἴ
3561 512 3668 545 τισι
3712 491 3773 563 μὶ

393 583 522 637 vitae
556 588 767 639 nostra
797 585 1035 641 definito
1082 586 1426 657 loquuntur,
1462 589 1513 639 et
1547 584 1900 655 quibusdam
1946 583 2046 655 qui

396 672 467 727 de
499 674 701 729 eodem
740 678 801 728 ut
846 674 1172 739 indeﬁnito,
1208 690 1320 728 non
1370 678 1542 744 putes
1573 674 1869 728 doctrinas
1900 673 2051 727 inter

399 779 462 818 se
483 763 815 831 dissentire,
843 766 943 819 sed
970 765 1203 835 judices
1234 763 1374 818 illud
1402 763 1638 834 quidem
1664 763 1855 834 priore
1878 763 2049 818 modo

399 850 668 921 exprimi,
701 850 808 905 hoc
842 855 1037 906 autem
1071 850 1275 907 altero.

467 1031 519 1085 6.
554 1034 837 1085 Praeterea
866 1035 919 1085 te
949 1030 1077 1085 volo
1118 1030 1267 1085 scire
1316 1035 1577 1085 nostram
1632 1036 1900 1085 naturam
1934 1046 2050 1085 non

399 1136 527 1175 esse
558 1118 908 1189 simplicem,
943 1121 1041 1175 sed
1088 1136 1193 1173 nos
1242 1120 1444 1189 plenos
1476 1136 1605 1173 esse
1636 1126 1691 1174 et
1724 1120 2055 1175 substantia

399 1211 455 1262 et
510 1207 912 1278 generatione,
966 1224 1257 1279 agereque
1307 1214 1432 1262 tum
1484 1207 1877 1279 providentia,
1928 1214 2053 1262 tum

399 1299 629 1361 natura,
662 1300 783 1350 tum
833 1295 1154 1352 voluntate.
1216 1297 1485 1368 llludque
1536 1298 1664 1351 dico
1725 1313 1839 1351 non
1898 1297 2050 1367 quod

398 1383 621 1455 aliquid
671 1385 820 1456 fugit
871 1386 1300 1441 Providentiam
1334 1392 1389 1441 et
1418 1386 1624 1451 Deum,
1660 1386 1759 1440 sed
1810 1386 1963 1457 quod
1998 1390 2054 1440 et

398 1473 514 1530 alia
545 1492 670 1547 quae
717 1477 852 1532 inde
900 1478 1304 1532 exsistentiam
1359 1483 1724 1549 receperunt,
1760 1477 1879 1531 sive
1910 1476 2053 1548 phy-

400 1566 519 1621 sice
549 1567 670 1621 sive
719 1567 899 1622 libere
946 1568 1004 1622 in
1058 1584 1163 1622 nos
1214 1573 1552 1638 operantur.
1606 1568 1739 1622 Ideo
1788 1566 1968 1638 igitur
1999 1571 2056 1622 et

397 1656 620 1726 frigora
649 1664 701 1711 et
734 1656 957 1712 calores
990 1674 1098 1713 nos
1130 1673 1159 1711 e
1190 1657 1304 1711 vita
1345 1657 1640 1722 auferunt,
1664 1657 1802 1728 quia
1832 1661 2053 1711 naturae

400 1746 716 1817 participes
759 1762 990 1815 sumus,
1023 1752 1079 1800 et
1111 1763 1345 1801 rursum
1394 1745 1609 1800 stolida
1639 1746 1884 1801 consilia
1916 1762 2054 1801 nos—

398 1835 547 1888 tram
578 1834 761 1888 vitam
813 1836 1196 1907 exstinguunt
1253 1851 1321 1889 ex
1378 1834 1659 1889 electione
1712 1833 2050 1890 voluntatis.

394 1921 604 1977 Omnia
633 1924 871 1994 quidem
905 1924 1146 1978 definite
1200 1924 1361 1979 novit
1390 1924 1573 1991 Deus;
1624 1922 1727 1978 illa
1774 1939 1907 1979 vero
1954 1939 2048 1980 εθ-

394 2012 656 2066 cundum
690 2027 861 2067 suam
894 2016 1166 2067 naturam
1200 2017 1537 2083 operantur.

462 2189 628 2246 Nunc
658 2190 894 2247 brevem
926 2191 1109 2247 habes
1138 2196 1251 2247 tuae
1294 2190 1638 2263 quazstionis
1672 2190 2047 2262 solutionem,

398 2279 634 2335 Patrum
666 2281 1006 2337 doctissime
1034 2286 1091 2336 et
1122 2281 1630 2337 reverendissime.

2158 582 2409 658 ἐντύχοις
2479 584 2554 647 ὡς
2627 585 2749 657 περὶ
2825 582 3130 659 ὡρισμένου
3185 586 3282 638 τοῦ
3352 579 3796 656 συμπεράσματος

2155 676 2254 737 τῆς
2302 679 2446 742 ζωῆς
2481 675 2639 746 ἡμῶν
2693 672 2938 748 λέγουσι,
2991 674 3101 728 τισὲ
3135 670 3191 728 δὲ
3242 670 3317 733 ὠς
3366 670 3487 745 περῖ
3534 670 3798 744 ἀορίστου,

2163 764 2238 835 μή
2299 761 2585 839 διαφωνεῖν
2643 764 2782 838 πρὸς
2836 761 3059 832 ἄλληλα
3124 760 3368 831 οἰηθείης
3420 760 3486 814 τὰ
3543 756 3796 833 δόγματα,

2159 851 2286 908 ἀλλ’
2319 852 2613 928 ἐπικρίνοις
2646 853 2721 914 ὡς
2750 857 2915 907 ταῦτα
2952 852 3045 924 μὲν
3077 850 3212 906 κατά
3256 855 3450 905 τοῦτον
3483 849 3574 903 τὸν
3606 848 3795 923 τρόπον

2160 941 2516 1012 ἐξενήνεκται,
2551 940 2727 996 ἐκεῖνα
2757 939 2814 995 δὲ
2844 940 2978 995 κατὰ
3007 940 3099 994 τὸν
3129 937 3332 1014 ἕτερον.

2233 1032 2295 1093 ς’.
2357 1031 2494 1105 Πρὸς
2550 1026 2606 1083 δε
2664 1028 2878 1091 τούτοις
2934 1027 3125 1084 εἰδέναι
3187 1049 3243 1082 σε
3278 1027 3549 1104 βούλομαι
3600 1025 3675 1089 ὡς
3701 1025 3799 1101 οὐχ

2161 1119 2309 1188 ἁπλῆ
2368 1140 2448 1180 τις
2507 1118 2647 1173 ἐστὶν
2707 1122 2741 1187 ἡ
2802 1119 2920 1172 καθ’
2951 1122 3099 1191 ἡμᾶς
3153 1117 3330 1195 φύσις,
3381 1114 3525 1172 ἀλλὰ
3577 1114 3799 1189 πλήρεις

2162 1208 2320 1281 ἐσμὲν
2377 1210 2465 1262 καὶ
2512 1204 2811 1269 τοῦηὸντος
2863 1208 2950 1261 καὶ
3004 1208 3102 1277 τῆς
3143 1206 3421 1280 γενέσεως,
3455 1203 3797 1277 διοικούμεθὰ

2160 1298 2312 1353 τετὰ
2360 1299 2453 1369 μὲν
2515 1298 2617 1352 ὑπὸ
2658 1295 2958 1372 προνοίας,
2992 1297 3058 1350 τὰ
3116 1293 3161 1350 δ’
3220 1297 3322 1350 ὑπὸ
3384 1296 3616 1370 φύσεως,
3667 1293 3728 1345 τὰ
3754 1289 3795 1345 δ’

2164 1386 2222 1442 ἐκ
2279 1388 2668 1462 προαιρέσεως,
2732 1386 2832 1443 Καὶ
2892 1385 2953 1440 οὐ
3012 1389 3169 1439 τοῦτο
3232 1384 3395 1459 λέγω,
3448 1384 3522 1443 ὡς
3563 1378 3794 1451 διὲστηκέ

2159 1497 2211 1531 τι
2264 1484 2362 1546 τῆς
2419 1475 2673 1551 προνοίας
2724 1476 2814 1530 καὶ
2858 1479 2954 1529 τοῦ
3006 1478 3165 1545 Θεοῦ,
3209 1471 3450 1528 ἀλλ’ὅτι
3492 1473 3581 1526 καὶ
3630 1468 3795 1525 τᾶλλα

2164 1565 2363 1620 ἐκεῖθεν
2413 1566 2511 1634 τὴν
2570 1564 2751 1619 οὐσίαν
2803 1562 3046 1638 λαχόντα
3104 1562 3139 1632 ἢ
3190 1567 3431 1641 φυσικῶς
3477 1562 3599 1634 περὶ
3660 1562 3794 1632 ἡμᾶς

2164 1656 2368 1731 ἐνεργεῖ
2422 1654 2457 1723 ἢ
2503 1656 2898 1729 προαιρετικῶς
2934 1696 2947 1708 .
3003 1653 3099 1707 Διά
3153 1656 3320 1706 ταῦτα
3374 1653 3663 1726 τοιγαροῦν
3716 1649 3794 1703 καὶ

2161 1743 2363 1819 κρυμοὶ
2394 1744 2484 1799 καὶ
2536 1742 2717 1813 θάλπη
2769 1743 3083 1819 ἐκφέρουσιν
3118 1743 3265 1814 ἡμᾶς
3296 1743 3393 1809 τῆς
3434 1745 3581 1808 ζωῆς
3611 1736 3793 1792 ὅτικαέ

2164 1833 2373 1911 φύσεως
2450 1834 2861 1907 μετεσχήκαμεν
2895 1851 2907 1863 ·
2964 1830 3053 1885 καὶ
3138 1830 3291 1893 αὖθις
3350 1825 3543 1883 ἄτοποι
3594 1830 3794 1903 γνῶμαι

2162 1916 2500 1975 σϐεννύουσιν
2553 1924 2712 1993 ἡμῶν
2743 1921 2844 1988 τήν
2880 1921 3047 1989 ζωὴν,
3078 1920 3227 1995 παρά
3252 1919 3314 1973 τὸ
3350 1917 3511 1991 μέρος
3538 1924 3638 1985 τῆς
3670 1937 3794 1990 προ·

2160 2012 2436 2087 αιρέσεως.
2470 2013 2713 2066 Ἃπαντα
2762 2007 2876 2064 οἶδε
2909 2010 3002 2081 μὲν
3037 2007 3358 2084 ὡρισμένως
3388 2009 3416 2062 ὁ
3454 2006 3586 2069 Θεὸς
3628 2005 3793 2060 ἐκεῖνα

2161 2099 2219 2156 δὲ
2246 2100 2379 2155 κατὰ
2408 2101 2506 2168 τήν
2539 2101 2740 2155 ἑαυτῶν
2773 2097 2927 2176 φύσιν
2953 2098 3053 2166 τὴν
3084 2097 3355 2173 ἐνέργειαν
3384 2095 3625 2171 ἔχουσιν.

2229 2192 2416 2266 Ἔχεις
2448 2186 2567 2244 ἰδοὺ
2592 2191 2690 2258 τήν
2724 2186 2879 2243 λύσιν
2909 2187 2993 2241 ἐπὶ
3031 2188 3269 2263 βραχέος
3302 2186 3464 2259 οὗπερ
3490 2185 3797 2259 ἠρώτησας,

2163 2278 2416 2353 Πατέρων
2448 2278 2571 2351 ἐμοὶ
2605 2276 2905 2353 λογιώτατε
2939 2276 3027 2331 καὶ
3060 2271 3487 2349 σεϐασμιώτατε.

1155 2632 2256 2805 MICHAELIS
2374 2632 3081 2798 PSELLI

826 2911 1660 3036 OPERUM
1787 2911 2305 3035 PARS
2449 2901 3387 3036 SECUNDA

1903 3123 2321 3169 COMPLECTENS

1449 3249 1930 3337 LEGALIA
2011 3251 2157 3337 ET
2217 3249 2779 3338 CANONICA

614 3532 1142 3701 animo
1219 3553 1954 3701 NOMOCANONIS
2026 3623 2042 3700 ι

2244 3554 2454 3702 llll’.
2530 3554 3127 3701 lllClllELEil
3205 3552 3547 3699 llUCAll

776 3786 1095 3858 (Meerman
1125 3787 1465 3844 Thesaurus
1494 3789 1517 3843 J
1529 3786 1672 3858 uris,
1696 3789 1739 3855 Ι,
1773 3804 1831 3858 p.
1853 3787 1946 3856 77,
1968 3787 2191 3857 Graece;
2222 3788 2767 3860 interpretationem
2799 3792 3063 3846 nostram
3094 3785 3478 3857 addidimus.)

806 3986 817 4011 \

492 4081 842 4153 Cognoscas,
878 4100 1096 4155 qumso,
1129 4084 1467 4155 imperator,
1500 4085 1674 4141 etiam
1715 4084 2042 4141 Nomocano

2186 4086 2323 4160 Ἔχε
2358 4106 2447 4158 μοι
2476 4091 2700 4161 γνῶσιν,
2736 4084 2989 4157 δέσποτα,
3020 4083 3109 4139 καὶ
3136 4087 3233 4139 τοῦ
3267 4080 3676 4156 Νομοκανόνος.

1846 4191 2003 4231 nem.

340 4250 343 4253 5
425 4262 532 4325 Qui
563 4262 713 4318 liber
741 4266 967 4319 constat
998 4263 1228 4335 legibus
1259 4267 1315 4319 et
1346 4264 1694 4332 canonibus,
1820 4176 1837 4245 [

424 4351 757 4407 Canonibus
789 4352 1168 4423 synodalibus
1200 4356 1258 4407 et
1290 4353 1518 4424 legibus
1548 4352 1746 4415 variis,

427 4440 721 4512 Praecipue
752 4446 946 4495 autem
984 4442 1285 4514 praeceptis
1318 4442 1650 4497 recentibus
1682 4442 2079 4513 sapientibus-

1875 4531 2011 4601 [que

427 4615 561 4678 Qua:
594 4616 828 4687 scriptis
861 4618 1189 4674 canonibus
1221 4619 1437 4690 optime
1472 4618 1933 4690 patrocinantur.

429 4703 530 4758 Est
561 4707 755 4757 autem
790 4707 1050 4776 synodus
1092 4706 1282 4779 prima
1314 4711 1370 4761 et
1400 4706 1619 4761 honore
1650 4712 1705 4760 et
1736 4705 1941 4761 ordine

430 4792 669 4846 Patrum
704 4792 931 4863 piorum
965 4795 1065 4866 qui
1097 4800 1493 4850 convenerunt
1522 4795 1795 4865 Nicaeam,

431 4881 551 4935 Sub
584 4880 739 4935 fideli
769 4881 1121 4954 imperatore
1151 4885 1530 4940 Constantino

432 4970 539 5032 Qui
572 4985 822 5042 magnus
853 4973 1221 5044 eximiusque
1254 4973 1458 5028 merito
1490 4973 1941 5045 cognominatus
1965 4978 2080 5042 est;

434 5062 803 5131 Fueruntque
836 5078 1079 5117 numero
1112 5064 1350 5118 trecenti
1376 5065 1407 5117 d
1421 5062 1797 5133 undeviginti.

434 5147 571 5203 Post
602 5148 750 5203 hanc
790 5151 1049 5204 secunda
1080 5151 1209 5218 fuit,
1243 5152 1511 5222 quamvis
1543 5158 1801 5223 tempore
1835 5151 2012 5223 prior,

436 5239 738 5294 Beatorum
774 5238 1009 5295 Patrum
1042 5241 1271 5312 Ancyrae
1306 5241 1682 5296 collectorum

434 5326 540 5390 Qui
573 5327 774 5399 viginti
811 5333 1064 5398 quatuor
1093 5345 1348 5384 canones
1380 5332 1711 5395 ediderunt,

434 5420 575 5470 Cum
609 5417 869 5488 synodus
898 5417 1129 5472 Nicaana
1159 5419 1394 5473 nonnisi
1425 5417 1627 5488 viginti
1662 5417 1962 5473 edidisset.

435 5504 633 5559 Tertia
664 5504 864 5558 habita
895 5511 982 5559 est
1012 5505 1393 5561 Neocaesarcaa
1426 5506 1685 5577 synodus

438 5592 573 5656 Qum
605 5592 780 5647 etiam
814 5592 1106 5650 Nicenam
1140 5596 1455 5666 precessit,

438 5678 697 5733 Tertium
731 5682 925 5736 autem
956 5685 1115 5737 tenet
1145 5681 1361 5753 locum,
1394 5687 1458 5739 ut
1492 5683 1720 5741 duabus
1752 5683 1944 5740 minor

2188 4260 2452 4323 Σύνθετος
2483 4258 2675 4336 βίϐλος
2705 4262 2908 4339 πέφυκε
2937 4260 3122 4333 νόμων
3161 4281 3220 4315 τε
3248 4257 3338 4313 καέ
3365 4258 3622 4314 κανόνων.

2187 4351 2439 4407 Κανόνων
2472 4351 2565 4424 μὲν
2601 4349 2919 4420 συνοδικῶν,
2952 4350 3041 4403 καὶ
3074 4348 3258 4423 νόμων
3288 4347 3587 4426 διαφόρων,

2186 4444 2307 4495 Τῶν
2338 4445 2535 4516 νεαρῶν
2566 4439 2621 4496 δὲ
2656 4440 2893 4514 μάλιστα
2924 4440 3215 4517 πανσόφων
3248 4439 3651 4509 θεσπισμάτων,

2192 4623 2624 4693 Συνηγορνῦνται
2656 4616 2925 4673 κάλλιστα
2953 4623 3069 4679 τοῖς
3102 4621 3355 4694 γραφεῖσι
3384 4609 3625 4672 κανόσιν.

2190 4709 2342 4764 Ἐστι
2377 4705 2434 4762 δὲ
2464 4709 2654 4781 πρώτη
2691 4704 2912 4769 σύνοδος
2932 4710 3000 4779 τῇ
3031 4710 3169 4779 τιμῇ
3201 4706 3288 4760 καὶ
3413 4703 3577 4773 τάξει,

2189 4799 2311 4853 Τῶν
2346 4796 2709 4851 συνελθόντων
2744 4791 2974 4851 εὐσεϐῶν
3010 4796 3084 4857 εἰς
3115 4795 3343 4851 Νικαιαν
3378 4793 3659 4867 Πατὲρων,

2190 4885 2310 4941 Ἐπὶ
2339 4890 2436 4940 τοῦ
2468 4886 2871 4961 αὐτοκράτορος
2904 4885 2993 4939 καὶ
3025 4888 3221 4938 πιστοῦ
3252 4880 3679 4950 Κωνσταντίνου,

2191 4977 2285 5036 ’ος
2321 4974 2502 5050 μέγας,
2536 4974 2594 5036 ’ὸς
2631 4974 2896 5050 ἐξαίρετος
2924 4971 3109 5035 καλῶς
3143 4970 3525 5045 ἐπωνομάσθη.

2192 5066 2285 5118 Ὠν
2318 5063 2461 5117 ὀκτὼ
2491 5063 2580 5117 καὶ
2610 5060 2719 5119 δέκ.
2756 5063 2985 5137 ἀριθμὸς
3015 5063 3154 5136 πρὸς
3177 5066 3297 5122 τοῖς
3323 5057 3683 5133 τριακοσίοις.

2196 5151 2420 5227 Δευτέρα
2448 5151 2649 5221 ταύτης
2680 5150 2905 5225 πέφυκε,
2938 5153 3015 5221 τῷ
3047 5150 3238 5223 χρόνῳ
3269 5146 3328 5203 δὲ
3357 5145 3613 5222 προτέρα,

2194 5244 2306 5293 Τῶν
2342 5238 2611 5295 ἐλθόντων
2644 5239 2720 5302 εἷς
2747 5241 3022 5313 ’Ἄγκυραν
3056 5239 3309 5313 Ματέρων
3346 5236 3651 5309 μακαρίων,

2195 5330 2257 5383 Οἳ
2288 5330 2545 5402 τέσσαρας
2577 5328 2711 5400 πρὸς
2746 5325 2915 5381 εἶ’κοσι
2944 5326 3181 5396 ἐξέθεντο
3220 5326 3467 5392 κανόνας,

2114 5441 2160 5505 D
2196 5419 2258 5471 Oi
2291 5415 2335 5471 δ’
2367 5417 2419 5471 ἐν
2454 5414 2648 5486 Νικαίᾴ
2680 5413 2848 5471 εἷ’κοσι
2881 5414 3115 5485 ἐξέθεντο
3143 5414 3231 5468 καὶ
3268 5414 3494 5487 μόνους.

2192 5506 2352 5581 Τρέτη
2388 5503 2612 5567 σύνοδος
2639 5506 2858 5579 γέγονεν
2888 5503 2937 5557 ἐν
2973 5503 3378 5577 Νεοκαισαρεῖᾳ·

2192 5594 2343 5663 Αὕτη
2377 5599 2594 5669 πρῶτον
2624 5595 2826 5671 πέφυκε
2856 5593 2944 5647 καὶ
2969 5599 3070 5662 τῆς
3101 5591 3153 5646 ἐν
3182 5591 3250 5666 τῇ
3277 5591 3490 5662 Νικαίᾳ,

2192 5682 2397 5757 Τρίτην
2425 5680 2480 5738 δὲ
2509 5682 2653 5755 τάξιν
2687 5680 2932 5760 εἴληφεν,
2962 5681 3035 5745 ὠς
3065 5685 3172 5737 τῶν
3203 5678 3351 5737 δυοῖν
3384 5678 3590 5738 ἐλάττω
