4032 6202
295 270 410 331 921

299 407 417 474 Τῆς
451 402 546 476 μὶν
574 408 673 473 τῆς
699 399 1028 478 ἁγιωτάτης,
1054 408 1155 473 τῆς
1188 399 1247 458 δέ
1275 401 1480 479 χρόνου
1505 395 1781 479 πρεσϐείᾳ.

301 492 537 555 Κανόνες
572 490 632 547 ιδ’
655 492 744 546 καὶ
774 492 976 563 ταύτης
1006 499 1105 562 τῆς
1139 489 1387 550 συνόδου.

294 674 543 745 Τετάρτῃ
576 678 676 741 τῆς
710 670 761 727 ἒν
793 669 1036 747 Σαρδικῇ
1075 673 1209 745 μετὰ
1233 671 1358 733 τοὺς
1388 670 1442 727 ἐν
1470 670 1670 741 Νικαίᾳ

297 762 530 825 Κανόνες
558 764 633 823 εἷς
666 761 801 837 πρὸς
834 758 1003 815 εἵκοσι
1029 762 1115 815 καὶ
1148 761 1348 831 ταύτης
1375 768 1477 831 τῆς
1505 757 1753 815 συνόδου⁵

295 855 359 910 Ἡ
422 852 646 924 πέμπτη
705 856 811 906 τῶν
868 852 919 906 ἐν
992 858 1029 906 Γ
1034 854 1259 928 άγγραις
1325 851 1383 907 δὲ
1449 852 1701 925 Πατέρων
1761 849 1947 905 συνελ-

1625 941 1873 1014 [θόντων,

284 1034 380 1084 Ὧν
417 1028 479 1084 οἷ
502 1027 719 1091 κανόνες
749 1030 921 1084 εἳκοσι
952 1030 1288 1105 τυγχάνουσι
1319 1030 1407 1085 καὶ
1445 1030 1623 1102 μόνοι.

284 1120 455 1188 Ἕκτη
488 1122 597 1173 τῶν
628 1117 706 1179 εἷς
740 1117 1041 1173 Θεούπολιν
1076 1122 1234 1191 κοινῇ
1269 1116 1710 1192 δεδραμηκότων,

284 1206 447 1264 Οὕτω
476 1208 581 1281 γὰρ
617 1206 945 1279 ὀνομάζουσι
977 1209 1077 1276 τὴν
1108 1208 1397 1283 Ἀντιόχου
1427 1208 1613 1277 πόλιν,

280 1303 379 1352 Ὠν
410 1298 566 1351 πέντε
594 1298 731 1372 πρὸς
760 1304 874 1359 τοῖς
907 1298 1080 1353 εἴκοσι
1108 1300 1442 1374 τυγχάνουσι
1474 1297 1711 1360 κανόνες.

276 1381 528 1459 Ἑϐδόμη
562 1388 771 1441 τούτων
802 1385 1002 1464 πέφυκε
1030 1392 1141 1442 τῶν
1171 1386 1223 1441 ἐν
1259 1386 1565 1459 Λαοδικείᾳ.

285 1476 403 1552 Ὑφ’
437 1476 510 1529 ὧν
540 1475 951 1554 ἐξεφωνήθησαν
987 1474 1308 1551 δογματικοὶ
1341 1472 1560 1537 κανὸνες

279 1566 474 1620 Ἐννέα
504 1567 639 1639 πρὸς
672 1568 1007 1636 πεντήκοντα
1036 1567 1269 1628 πίστεως
1301 1565 1425 1622 ’ὀλοι
1451 1565 1705 1640 πλήρεις.

281 1656 406 1710 Τῶν
443 1651 488 1708 δ’
522 1652 599 1715 εἷς
634 1654 1034 1708 Κωνσταντίνου
1057 1653 1220 1709 πόλιν
1265 1656 1518 1726 Πατέρων
1551 1653 1941 1726 συνελθόντων⁹

283 1740 492 1816 Ὀγδόη
523 1745 730 1797 τούτων
764 1740 989 1805 σύνοδος
1025 1744 1100 1797 ὧν
1128 1742 1263 1799 ἑπτα
1293 1745 1343 1798 οἱ
1373 1744 1608 1809 κανόνες.

278 1833 341 1887 Ἠ
377 1829 436 1885 δέ
473 1833 523 1905 γ’
554 1831 743 1902 ἐννάτη
779 1830 1002 1895 σύνοδος
1032 1834 1247 1907 γέγονεν
1277 1833 1327 1888 ἐν
1361 1834 1569 1912 Ἐφέσῳ

282 1920 401 1995 Ὑφ’
435 1922 501 1988 ἧς
531 1918 941 1997 ἒξειρωνήθησαν
972 1920 1122 1976 ἐννέα
1148 1922 1368 1983 κανόνες
1403 1924 1581 1995 μόνοι.

288 2008 497 2080 Δεκάτη
533 2006 589 2064 δὲ
620 2012 697 2082 τῷ
724 2010 941 2086 ἀριθμῷ
970 2016 1077 2065 τῶν
1111 2012 1163 2067 ἐν
1194 2016 1262 2086 τῇ
1290 2010 1599 2083 Χαλγηδόνι

286 2204 402 2278 Πὰρ
434 2206 508 2258 ὧν
542 2206 675 2260 ἑπτά
703 2206 839 2280 πρὸς
871 2205 1073 2261 είκοσιν
1106 2207 1359 2278 ἐτέθησαν
1391 2209 1625 2273 κανόνες.

280 2296 342 2351 Ὀ
378 2292 550 2368 μέγας
580 2292 637 2349 δὲ
669 2296 697 2348 6
731 2293 1007 2358 Βασίλειος
1042 2299 1076 2366 ἡ
1114 2296 1266 2372 βάσις
1296 2302 1402 2352 τῶν
1436 2295 1750 2372 δογμάτων,

286 2384 462 2438 Ὀκτὼ
495 2384 633 2458 πρὸς
660 2389 778 2447 τοῖς
813 2386 1071 2456 ἑξήκοντα
1100 2384 1346 2441 ἐθέσπισε
1375 2387 1619 2449 κανόνας.

293 2475 385 2539 Εἷς
416 2473 473 2530 δὲ
506 2476 909 2531 Κωνσταντίνου
938 2472 1099 2531 πόλιν
1132 2477 1219 2531 καὶ
1255 2475 1336 2539 δὶς
1365 2478 1453 2533 καὶ
1478 2477 1596 2554 τρὶς
1619 2478 1883 2553 ἠθροίσθη

292 2564 471 2639 Λογὰς
495 2564 752 2640 ΙΙατέρων
786 2560 1016 2620 εὐσεϐῶν
1051 2564 1123 2619 ὧν
1158 2567 1208 2620 οἱ
1237 2567 1456 2629 κανόνες
1489 2565 1673 2636 δῆλοι.

294 2650 499 2709 Ἄλλοι
530 2675 590 2708 τε
621 2655 869 2709 πλεῖστοι
900 2655 1007 2709 τῶν
1040 2660 1241 2711 πιστῶν
1279 2654 1485 2733 ἀνδρῶν
1515 2652 1822 2732 σεϐασμίων

290 2742 531 2802 Κανόνας
562 2740 879 2814 ἐκτεθήκασι
912 2746 1263 2821 κρατύνοντες
1291 2749 1389 2818 τὴν
1422 2746 1621 2805 πίστιν.

288 2833 494 2907 Ὦνπερ
530 2832 558 2886 6
589 2832 868 2896 Διονύσιος
902 2834 929 2888 6
958 2838 1058 2900 τῆς
1092 2834 1517 2913 Ἀλεξανδρείας,

288 2920 595 2997 Γρηγόριος
622 2920 913 2985 ἐπίσκοπος
946 2924 974 2978 6
1004 2925 1446 3001 Νεοκαισαρείας,

285 3008 581 3083 Τιμόθειος
615 3009 644 3065 ὁ
676 3006 926 3083 εὐσεϐὴς,
959 3012 1046 3067 καὶ
1079 3014 1357 3085 Κόριλλος
1387 3017 1415 3070 6
1445 3018 1605 3088 πάνυ,

287 3095 580 3162 Γεννάδιος
611 3099 640 3155 6
672 3102 978 3174 θαυμαστὸς
1007 3102 1260 3167 θεσπίσας
1288 3102 1616 3180 ἐγκυκλίως.

288 3189 405 3265 Πρὸ
436 3187 646 3245 τούτων
680 3186 769 3246 διὰ
797 3190 1119 3267 Κλήμεντος
1149 3193 1518 3275 ἐνεγράφησαν
1549 3197 1783 3267 κανόνες,

286 3387 411 3443 Τῶν
448 3380 754 3459 σεϐασμίων
788 3387 877 3444 καὶ
910 3394 1115 3445 σεπτῶν
1147 3392 1236 3446 καὶ
1260 3392 1419 3456 θείων
1448 3392 1795 3465 ἀποστόλων,

292 3473 460 3530 Πέντε
488 3475 626 3550 πρὸς
660 3474 1005 3552 ὀγδοήκοντα
1032 3475 1320 3554 σεϐάσμιοι
1346 3482 1587 3545 κανόνες.

292 3563 371 3621 Οὐ
399 3563 596 3627 πάντες
630 3562 1026 3637 δὲ’θεσπίζοοσι
1060 3571 1181 3645 περὶ
1218 3570 1539 3647 Θεολογίας,

293 3652 459 3709 Ἀλλ’
484 3655 537 3709 οἱ
572 3656 665 3727 μὲν
695 3656 764 3712 τά
792 3665 894 3727 τῆς
924 3659 1156 3722 πίστεως
1186 3661 1537 3737 κρατύνουσιν
1572 3660 1840 3737 εὐλόγως,

292 3744 361 3800 Οἱ
393 3740 455 3798 δὲ
482 3749 597 3805 τοῖς
630 3746 1031 3823 ἁμαρτάνουσιν
1068 3751 1235 3825 μέτρα
1262 3757 1365 3821 τῆς
1403 3751 1707 3825 μετανοίας,

294 3831 516 3896 Εὐθέως
545 3834 882 3905 κανονίζουσι
912 3837 1039 3900 τοὺς
1072 3840 1615 3915 χειροτονουμένους.

293 3922 502 3982 Πάντες
536 3918 593 3976 δὲ
625 3920 968 3981 λυσιτέλειαν
999 3926 1277 4002 εἷ’σάγουσι
1309 3934 1391 4002 τῷ
1425 3929 1528 4005 βίῳ

292 4012 350 4066 Ὀ
378 4009 638 4073 κανοίσας
664 4009 711 4067 δ¹
741 4015 974 4077 ἅπαντας
1004 4015 1269 4092 ἐντέχνως
1299 4018 1425 4082 τοὺς
1455 4017 1700 4088 κανόνας,

292 4100 497 4159 Ὅσους
526 4097 734 4175 ἐφεῦρε,
769 4100 1020 4173 δέσποτα,
1054 4105 1279 4168 κανόνας
1312 4111 1416 4161 τῶν
1442 4109 1715 4182 Πατέρων,

293 4188 443 4259 Πρὸς
467 4190 571 4257 τὴν
613 4189 778 4259 αὐτὴν
813 4193 1062 4248 ὑπόθεσιν
1098 4194 1359 4270 εὐκαίρως
1388 4196 1824 4271 γεγραμμένους,

294 4277 510 4338 Πάντας
544 4278 621 4340 εἷς
652 4276 705 4334 ἓν
742 4283 1040 4357 συνήγαγεν
1076 4282 1255 4357 ὥσπερ
1291 4285 1393 4339 ὑπὸ
1420 4284 1532 4340 τίτ)
1552 4307 1666 4348 ους.

293 4364 452 4422 Ἀλλ’
530 4364 1059 4445 κληρονομουμένον
1140 4370 1392 4444 δέσποτα;
1481 4373 1686 4430 πολλοὶ
1763 4372 1849 4429 διά
1899 4397 1952 4431 τι

1596 4471 1879 4541 [πταῖσμα,

294 4547 553 4607 Ἀδεκτοι
585 4554 977 4622 καθεστήκασιν
1010 4553 1084 4618 εἷς
1116 4555 1174 4609 ’ὸν
1208 4552 1427 4631 ἄγονται
1460 4555 1693 4631 κλῆρον,

298 4638 520 4695 Πολλοὶ
554 4645 685 4715 γοῦν
716 4639 1022 4698 ἐκανόνισαν
1052 4646 1118 4698 τὰ
1147 4644 1271 4719 περὶ
1300 4649 1407 4699 τῶν
1435 4643 1695 4715 ἀδέκτων,

295 4731 434 4786 Ἠτε
457 4730 632 4805 Αογᾶς
659 4734 766 4785 τῶν
794 4726 1066 4786 σεϐαστῶν
1097 4732 1185 4788 καί
1219 4734 1373 4798 θείων
1404 4734 1778 4807 Ἀποστόλων,

295 4906 361 4965 Ὀ
397 4907 573 4981 μέγας
603 4928 661 4962 τε
699 4906 988 4972 Βασίλειος
1021 4907 1222 4985 ἔγραψε
1255 4912 1377 4987 περὶ
1408 4912 1633 4968 τούτων.

294 4998 376 5052 Ἰν
408 4997 503 5051 οὖν
542 4997 619 5071 μή
655 4994 1080 5074 δυσχεραίνηται
1112 5000 1339 5074 ἐρευνῶν
1372 5001 1497 5065 τοὺς
1526 5001 1777 5073 κανόνας,

294 5176 357 5232 Ὁ
387 5174 749 5251 συναθροίσας
782 5178 1016 5239 ἅπαντας
1051 5176 1209 5240 εἷςνὲν
1241 5179 1488 5249 πυκτίον,
1522 5181 1670 5253 ἄναξ,

297 5263 518 5341 Τέχνην
554 5263 986 5340 ἐδημιούργησεν
1019 5267 1068 5322 ἐν
1100 5268 1279 5343 τούτῳ
1312 5271 1634 5343 θαυμασίαν,

297 5354 448 5429 Πρὸς
475 5355 577 5422 τὴν
612 5354 974 5429 ὑποκειμένην
1001 5356 1100 5433 γὰρ
1130 5358 1219 5413 καὶ
1255 5360 1591 5433 ζητουμένην
1625 5358 1780 5437 φύσιν

300 5532 543 5595 Κανόνας
571 5531 697 5596 τοὺς
722 5536 1095 5609 προσήκοντας
1124 5538 1473 5614 συνήθροισεν
1502 5535 1784 5614 ἐντέχνως.

300 5622 453 5677 Ἐστι
486 5622 578 5677 καὶ
608 5623 776 5696 τάξις,
810 5621 1060 5698 δέσποτα,
1094 5625 1183 5682 καὶ
1215 5626 1421 5701 βαθμὸς
1450 5631 1556 5683 τῶν
1587 5627 1847 5686 κανόνων.

1380 267 1485 328 DE
1530 266 2070 329 NOMOCANONE
2113 268 2214 330 ET
2265 266 2622 330 SYNODIS.

1983 405 2037 473 Α
2070 404 2198 469 Quae
2230 405 2441 477 partim
2477 404 2810 471 sanctitate,
2859 401 3073 475 partim
3101 402 3387 457 vetustate
3433 399 3711 459 eminent.

3587 267 3706 329 922

2059 494 2248 565 Hujus
2295 511 2529 567 quoque
2578 494 2785 567 synodi
2836 489 3280 565 quatuordecim
3337 495 3567 546 exstant
3616 508 3708 547 ca-

3409 580 3634 651 [nones.

2060 676 2277 740 Quarta
2309 674 2562 730 Serdicae
2594 674 2888 730 celebrata
2917 676 3007 728 est
3038 675 3169 743 post
3192 669 3484 725 Nicmnam

2059 765 2128 819 Et
2158 780 2415 819 canones
2447 764 2641 820 sanxit
2668 763 2869 835 viginti
2900 778 3111 817 unum.

2059 855 2275 921 Quinta
2304 859 2657 926 congregata
2689 854 2798 908 fuit
2830 851 3100 923 Gangris,
3133 849 3235 904 ubi

2058 1032 2278 1105 Viginti
2311 1032 2681 1088 solummodo
2716 1046 2970 1085 canones
3011 1026 3455 1099 promulgavere
3486 1026 3706 1081 Patres.

2057 1124 2139 1177 Ad
2173 1128 2397 1177 sextam
2430 1136 2748 1177 convenere
2777 1118 3137 1189 Theopolim,

2055 1212 2151 1268 Sic
2181 1212 2337 1267 enim
2366 1210 2666 1284 appellant
2694 1208 2959 1264 Antiochi
2994 1209 3197 1262 urbem
3224 1222 3238 1259 :

2055 1302 2295 1357 Exstant
2312 1304 2506 1356 autem
2526 1300 2702 1367 huius
2724 1298 2928 1370 synodi
2945 1295 3148 1365 viginti
3168 1294 3429 1366 quinque
3450 1308 3702 1348 canones

2054 1391 2318 1462 Septima
2348 1389 2638 1445 celebrata
2669 1393 2756 1442 est
2787 1388 3045 1459 synodus
3081 1384 3389 1448 Laodiceae,

2052 1479 2457 1550 Publicatique
2488 1482 2628 1533 sunt
2659 1492 2914 1532 canones
2946 1473 3263 1545 dogmatici

2052 1569 2491 1641 Quinquaginta
2524 1582 2729 1622 novem
2760 1566 2873 1621 ﬁde
2905 1565 3144 1620 omnino
3177 1562 3542 1618 excellentes.

2052 1660 2259 1715 Habita
2288 1664 2377 1714 est
2404 1655 2902 1727 Constantinopoli
2936 1672 2969 1709 a
3000 1653 3269 1708 Patribus
3299 1648 3667 1722 congregatis

1971 1784 2017 1848 B
2052 1749 2263 1804 Octava
2296 1748 2555 1821 synodus
2587 1747 2757 1817 cujus
2789 1750 3016 1815 septem
3051 1758 3305 1798 canones
3338 1743 3587 1796 exstant.

2048 1841 2211 1897 Nona
2241 1845 2434 1895 autem
2469 1838 2729 1911 synodus
2759 1835 2971 1908 Ephesi
3004 1840 3093 1890 est
3123 1833 3323 1888 habita

2046 1934 2084 1985 Α
2117 1948 2233 2001 qua
2267 1929 2498 1984 nonnisi
2532 1943 2736 1983 novem
2770 1924 3121 1997 promulgati
3154 1925 3296 1978 sunt
3327 1934 3600 1975 canones.

2044 2019 2305 2083 Decima,
2336 2017 2660 2072 secundum
2694 2030 3029 2080 numerum,
3060 2011 3291 2082 collegit
3331 2008 3697 2066 Chalcedone

3405 2099 3627 2169 [Patres

2049 2213 2155 2281 Qui
2186 2212 2392 2286 viginti
2424 2216 2647 2284 septem
2681 2225 2931 2265 canones
2963 2211 3303 2263 sanxerunt.

2120 2301 2372 2357 Basilius
2401 2301 2671 2372 Magnus,
2705 2300 3043 2371 dogmatum
3080 2296 3552 2365 fundamentum,

2047 2392 2355 2464 Sexaginta
2382 2395 2509 2446 octo
2539 2389 2723 2446 edidit
2752 2403 3023 2444 canones.

2051 2480 2551 2552 ConstantinOpoli
2583 2484 2777 2534 autem
2808 2476 2899 2532 bis
2929 2481 3133 2547 terque
3163 2474 3433 2530 convenit

2052 2574 2259 2629 Manus
2282 2571 2464 2626 electa
2487 2569 2715 2642 piorum
2735 2569 2973 2623 Patrum
2998 2582 3245 2637 quorum
3278 2580 3531 2619 canones
3555 2562 3698 2618 noti.

2052 2661 2284 2733 Aliique
2315 2659 2554 2732 plurimi
2589 2658 3046 2714 venerandorum
3078 2656 3334 2709 virorum
3371 2652 3630 2708 fidelium

2052 2752 2318 2808 Canones
2349 2748 2785 2805 constituerunt
2817 2745 2948 2801 ﬁdei
2984 2744 3283 2800 ﬁrmanda:
3315 2742 3521 2816 gratia.

2054 2842 2209 2898 Inter
2238 2854 2382 2911 quos
2414 2838 2728 2910 Dionysius
2758 2834 3142 2900 Alexandriae,

2056 2929 2371 3002 Gregorius
2402 2928 2780 2983 Neocaesaresa
2810 2924 3143 2997 episcopus,

2052 3020 2402 3079 Timotheus
2427 3019 2560 3091 pius
2590 3022 2647 3072 et
2677 3015 2928 3087 Cyrillus
2961 3012 3319 3087 praecellens,

2058 3109 2311 3182 Insignis
2343 3106 2681 3166 Gennadius
2713 3105 2812 3177 qui
2844 3103 3168 3177 eneyclicas
3197 3101 3610 3175 promulgavit.

2054 3202 2204 3257 Ante
2233 3200 2340 3256 hos
2371 3202 2566 3255 autem
2598 3212 2700 3269 per
2728 3194 3086 3252 Clementem
3109 3191 3419 3265 compositi
3451 3197 3591 3247 sunt
3620 3206 3709 3247 ea-

3429 3280 3635 3352 [nones

2053 3388 3267 3458 Venerandorum,sanctorum,divinorum
3287 3386 3707 3459 apostolorum,

2056 3485 2365 3557 Octoginta
2396 3483 2656 3556 quinque
2684 3496 2937 3537 canones
2968 3470 3145 3535 sacri.

2055 3580 2183 3632 Non
2212 3579 2412 3630 tamen
2442 3588 2648 3628 omnes
2677 3571 2749 3626 de
2778 3569 3072 3641 theologia
3100 3569 3421 3639 exponunt,

2055 3666 2166 3724 Sed
2198 3664 2413 3737 partim
2444 3667 2579 3734 apto
2611 3676 2877 3717 sermone
2908 3659 3082 3714 {idem
3117 3657 3518 3723 corroborant,

2059 3758 2276 3813 Partim
2300 3751 2700 3825 peccatoribus
2726 3744 3080 3823 poenitentiae
3107 3748 3391 3803 terminos
3424 3746 3707 3812 indicant,

2058 3843 2279 3901 Partim
2312 3843 2370 3897 in
2403 3840 2624 3897 clerum
2658 3844 2919 3911 receptos
2947 3838 3289 3892 instruunt:

2060 3935 2275 3990 Omnes
2306 3936 2503 3986 tamen
2535 3928 2851 3984 utilitatem
2884 3928 3137 3982 afferunt
3168 3927 3317 3981 vitae.

2059 4022 2166 4088 Qui
2199 4025 2393 4076 autem
2426 4035 2630 4095 omnes
2664 4032 2915 4072 canones
2949 4015 3250 4086 ingeniose
3281 4012 3533 4084 collegit,

2059 4113 2354 4180 Quotquot
2383 4106 2663 4161 nimirum
2697 4104 2915 4176 reperit
2944 4104 3183 4159 Patrum
3218 4118 3470 4157 canones

2059 4198 2139 4254 De
2168 4198 2369 4253 eodem
2403 4198 2751 4267 argumento
2782 4197 3108 4264 opportune
3143 4190 3534 4261 conscriptos,

2060 4287 2276 4343 Omnes
2307 4286 2366 4341 in
2400 4300 2584 4339 unum
2615 4281 2841 4354 redegit
2869 4280 3177 4351 titulisque
3208 4278 3494 4334 distinxit.

2058 4379 2186 4434 Jam
2218 4392 2351 4432 vero
2382 4374 2729 4430 clerieoium
2762 4371 2918 4426 haud
2942 4368 3134 4442 pauci,
3150 4368 3221 4424 ob
3244 4367 3478 4439 lapsum
3504 4383 3713 4439 quem-

3461 4457 3644 4528 [dam,

1991 4519 2036 4584 D
2070 4552 2534 4613 Inadmissibiles
2554 4552 2701 4607 fiunt
2718 4551 2773 4605 in
2795 4566 2967 4623 quem
2990 4548 3243 4620 cooptati
3256 4547 3416 4602 fuere
3429 4519 3715 4601 ordinem.

2068 4648 2254 4712 Quare
2275 4643 2443 4700 multi
2467 4657 2721 4698 canones
2746 4640 3054 4695 ediderunt
3084 4639 3157 4693 de
3178 4653 3294 4692 non
3318 4635 3720 4706 admittendis,

2066 4736 2138 4791 Et
2169 4751 2378 4791 manus
2407 4732 2589 4789 electa
2618 4730 3083 4785 venerandorum
3109 4744 3177 4784 ac
3209 4730 3549 4782 sanctorum
3584 4740 3725 4797 apo-

3310 4814 3641 4889 [stolorum,

2068 4914 2135 4969 Et
2166 4912 2417 4969 Basilius
2450 4912 2700 4984 Magnus
2734 4910 2804 4965 de
2832 4908 2927 4964 his
2959 4908 3242 4964 tractavit.

2068 5003 2151 5061 Ne
2181 5002 2314 5075 quis
2345 5001 2526 5074 igitur
2556 5001 2613 5055 in
2645 4996 2978 5055 evolvendis
3032 4997 3357 5054 eanonihus
3389 4994 3717 5052 molestiam

2205 5114 2212 5121 -
3388 5084 3643 5157 [sentiat,

2069 5182 2168 5239 Ille
2201 5181 2301 5255 qui
2334 5184 2575 5237 cunctos
2608 5179 2665 5235 in
2698 5194 2881 5235 unum
2912 5176 3209 5249 congessit
3239 5174 3532 5240 volumen,

2065 5272 2437 5328 Admiranda
2468 5270 2578 5327 hac
2607 5269 2667 5326 in
2700 5286 2759 5325 re
2791 5268 2933 5325 artis
2967 5266 3150 5324 edidit
3179 5264 3497 5338 specimen.

2067 5362 2402 5420 Secundum
2435 5363 2592 5417 enim
2650 5359 2731 5417 rei
2778 5358 3036 5432 quaesitae
3086 5358 3501 5427 argumentum
3544 5356 3713 5408 natu-

3376 5445 3643 5516 [remque

2066 5542 2331 5600 Canones
2360 5542 2459 5615 qui
2486 5540 2602 5597 huc
2633 5538 2928 5613 pertinent
2956 5534 3147 5607 coegit
3176 5531 3655 5608 prudentissime.

2066 5633 2169 5689 Est
2198 5632 2372 5689 etiam
2406 5630 2569 5702 ordo,
2596 5626 2852 5694 domine,
2885 5629 2943 5682 et
2973 5623 3307 5697 progressio
3347 5633 3637 5678 canonum
