4054 6200
287 307 404 367 923
1625 298 1888 359 MlCHAl

2101 297 2361 359 PSELLI
3580 296 3702 354 924

286 436 688 496 Diversimode
743 439 946 491 contra
997 434 1256 490 diversas
1303 431 1606 505 passiones
1654 446 1887 501 compos

1773 430 1945 501 lposi-
1976 433 2029 497 Α
2058 431 2189 492 Τοῖς
2216 412 2500 506 διαφόροις
2528 412 2720 492 adiacet
2749 428 3048 502 τεχθέντων
3083 412 3374 499 διάφόρων.

287 531 437 595 Sunt
468 526 623 581 enim
657 525 758 597 qui
790 525 987 580 divina
1018 523 1275 579 Ecclesia
1306 522 1567 591 ejiciant,
1690 521 1888 590 [torua

1853 536 1935 576 tn.
2054 519 2119 574 Οἱ
2156 519 2250 589 μὲν
2282 520 2382 593 γὰρ
2415 517 2777 573 ἀπελαύνουσι
2807 521 2907 583 τῆς
2941 517 3083 581 θείας
3104 515 3454 589 Ἐκκλησίας,

288 618 399 674 Alii
450 622 648 672 autem
698 614 941 670 clericos
991 611 1362 667 solummodo
1409 625 1649 665 munere
1695 609 1889 680 privan

1881 613 1944 663 ιι.
2059 608 2125 663 Οἱ
2157 604 2214 661 δὲ
2244 608 2443 679 μόνους
2473 608 2787 681 καθαίρουσι
2820 606 2946 668 τοὺς
2970 607 3482 681 χειροτονηθέντας.

289 706 569 763 Nonnulli
626 704 753 776 pios
813 701 1435 758 excommunicationis
1486 716 1657 770 poena
1706 705 1890 753 terren

1853 702 1944 763 nt,
2058 697 2124 752 Οἱ
2161 697 2254 770 μὶν
2287 696 2623 770 προστίμους
2654 694 2889 771 ἄγχουσι
2917 703 3017 765 τῆς
3043 693 3454 765 ἀκοινωνησίας.

291 798 401 853 Alii
433 799 505 853 de
536 795 847 868 suppliciis
872 794 1167 864 judiciose
1198 797 1479 847 tractant.

2057 789 2125 845 Ol.
2158 784 2214 841 δὲ
2247 784 2347 841 εἱσι
2382 786 2654 865 σώφρονες
2678 784 2727 840 ἐν
2768 791 2885 847 τοῖς
2915 784 3235 858 ἐπιτιμίοις.

291 891 375 941 En
404 886 587 941 habes
621 884 914 939 concisam
935 898 1237 938 sacrorum
1269 897 1559 936 canonum
1594 880 1892 935 doctriuan

1766 880 1943 936 illam.
2058 875 2266 949 Δίδαξπς
2302 875 2436 947 αὕτη
2467 876 2739 948 σύντομος
2770 880 2878 930 τῶν
2908 876 3069 951 ἰερῶν
3102 873 3362 930 κανόνων.

1044 1224 2142 1392 MICHAELIS
2256 1223 2960 1389 PSELLI

1252 1518 2064 1643 SYNOPSIS
2188 1517 2757 1642 LEGUM

509 1742 702 1801 Graece
732 1743 909 1816 edita,
941 1743 1152 1799 Latina
1201 1742 1682 1815 interpretatione
1711 1748 1768 1800 et
1798 1744 1951 1801 notis
2004 1744 2316 1816 illustrata,
2347 1760 2522 1815 opera
2550 1748 2607 1799 et
2664 1743 2866 1816 studio
2893 1739 3187 1816 Francisci
3216 1736 3494 1811 Bosqueti

938 1814 1803 1887 Narbonensisjurisconsulti,
1836 1834 1903 1873 ex
1935 1814 2736 1888 bibliothecaarchiepiscopi
2770 1814 3067 1882 Tolosani,

752 1960 992 2031 Adjecta,’
1021 1969 1150 2017 sunt
1177 1962 1279 2017 hac
1323 1962 1522 2018 iterata
1549 1962 1793 2021 editione
1825 1963 2239 2021 Observationes
2287 1963 2534 2019 Cornelii
2563 1963 2812 2019 Siebenii
2831 1960 3241 2034 jurisconsulti.

1431 2106 1767 2180 (MEERMAN,
1808 2108 2123 2166 Thesaqu
2144 2108 2317 2181 juris,
2350 2124 2407 2180 p.
2456 2107 2569 2180 36.)

1693 2404 2319 2495 PRZEFA'I'IO,

373 2601 647 2658 Succedit
677 2601 977 2657 Michaelis
1029 2602 1205 2658 Pselli
1266 2602 1528 2675 Synopsis
1562 2605 1782 2673 Legum,
1841 2605 2111 2661 versibus
2142 2605 2355 2660 iambis
2411 2609 2468 2659 et
2514 2603 2770 2675 politicis
2828 2599 3186 2672 conscripta,
3220 2614 3393 2669 quam
3427 2597 3727 2665 integram

305 2689 535 2761 primus
593 2691 651 2744 in
703 2689 892 2745 lucem
952 2692 1136 2745 edidit
1198 2692 1422 2747 Franc.
1485 2693 1831 2764 Bosquetus,
1891 2694 2293 2749 Narbonensis
2349 2693 2559 2758 JCtus,
2626 2691 2858 2747 Parisiis
2890 2690 3044 2760 apud
3101 2689 3388 2743 Joannem
3446 2688 3731 2740 Camusat

306 2779 675 2847 MDCXXXII,
712 2779 767 2832 in
801 2782 880 2834 8°.
921 2781 1046 2835 Haec
1078 2797 1211 2835 vero
1243 2782 1428 2836 Editio
1479 2798 1614 2837 cum
1648 2798 1931 2855 perquam
1979 2801 2112 2839 rara
2140 2784 2409 2849 evaserit,
2460 2798 2618 2837 novae
2650 2789 2701 2836 et
2731 2779 3113 2835 accuratioris
3164 2776 3498 2832 emittenda
3527 2773 3727 2830 consi-

310 2867 454 2922 lium
487 2873 720 2939 ceperat
749 2867 851 2922 Vir
881 2868 1119 2924 Clariss.
1153 2869 1457 2925 Cornelius
1491 2872 1800 2927 Siebenius
1828 2890 1840 2939 ;
1873 2878 1929 2927 at
1960 2889 2084 2944 quae
2117 2889 2273 2944 spes,
2303 2872 2439 2926 Viro
2472 2870 2823 2925 Doctissimo
2866 2868 3010 2924 vivis
3042 2871 3260 2939 erepto,
3315 2864 3551 2920 omnino
3585 2878 3726 2918 eva-

313 2956 462 3011 nuit.
495 2956 604 3011 Sed
639 2956 785 3011 bene
817 2957 1053 3026 factum,
1089 2959 1242 3028 quod
1277 2960 1466 3015 varias
1499 2961 2055 3017 Animadversiones
2086 2962 2146 3016 in
2178 2962 2409 3017 Poetam
2444 2965 2710 3014 nostrum
2743 2957 3059 3030 separatim
3094 2961 3265 3011 antea
3286 2952 3727 3023 ediderit,quas

318 3061 387 3100 ex
418 3045 777 3100 Miscetlaneis
810 3045 1296 3103 Observationibus
1329 3050 1388 3103 in
1418 3050 1677 3104 Auctores
1710 3050 1918 3106 Veteres
1948 3059 2000 3105 et
2027 3052 2355 3106 recentiores
2391 3051 2497 3105 Vol.
2537 3048 2615 3115 Vl,
2644 3064 2771 3119 pag.
2805 3046 2926 3101 199.
2972 3061 3115 3117 seqq.
3148 3045 3529 3116 depromptae
3557 3039 3729 3097 Notis

314 3132 591 3205 Bosqueti
620 3134 866 3205 subjeci,
900 3134 1057 3206 quod
1089 3137 1159 3191 ad
1188 3136 1548 3193 intellectum
1583 3138 1753 3194 Pselli
1784 3157 1878 3194 eas
1909 3140 2147 3195 omnino
2180 3138 2543 3195 necessarias
2569 3135 2977 3207 judicaverim.
3010 3138 3211 3205 Neque
3248 3132 3402 3189 enim
3439 3129 3724 3201 Bosqueti

318 3222 508 3278 versio
540 3224 721 3278 menti
761 3222 1031 3279 Auctoris
1064 3224 1282 3296 ubique
1311 3229 1751 3283 accommodata
1781 3229 1911 3294 fuit,
1945 3236 2009 3283 ut
2038 3228 2097 3283 in
2142 3245 2260 3300 qua
2289 3243 2517 3283 crassos
2548 3225 2844 3281 interdum
2877 3240 3101 3279 errores
3133 3220 3450 3290 commisit,
3483 3224 3542 3274 et
3570 3217 3730 3289 quod

310 3312 479 3383 pejus
511 3316 620 3377 est,
654 3311 913 3383 integros
945 3312 1121 3368 etiam
1152 3330 1355 3369 versus
1388 3315 1757 3386 interpretari
1786 3317 2073 3389 neglexit;
2103 3317 2375 3388 quocirca
2404 3321 2599 3371 tamen
2630 3314 2729 3368 Vir
2759 3317 2965 3369 caetera
2998 3311 3274 3366 Eruditus
3305 3309 3535 3364 veniam
3567 3306 3730 3379 apud

314 3416 514 3471 aaquos
546 3418 740 3456 rerum
794 3401 1051 3456 arbitros
1083 3409 1361 3472 meretur,
1417 3409 1618 3475 utpote
1650 3406 1750 3475 qui
1787 3406 1932 3460 hanc
1984 3406 2519 3478 interpretationem
2572 3404 2775 3475 paucis
2830 3402 3041 3457 diebus
3072 3399 3339 3463 absolvit,
3386 3398 3594 3468 vixque
3627 3413 3733 3452 no-

317 3488 640 3544 vemde’cim
674 3492 802 3543 tum
837 3490 1119 3561 temporis
1153 3507 1339 3545 annos
1374 3490 1737 3563 impleverat.
1768 3493 1896 3548 Vid.
1931 3493 2175 3550 Niceron
2214 3496 2356 3549 Tom.
2391 3494 2479 3548 XII
2529 3493 2595 3547 de
2620 3509 2700 3548 ses
2733 3492 3043 3553 Memoires,
3072 3505 3203 3560 pag.
3238 3488 3358 3542 168.
3402 3484 3566 3541 Hunc
3597 3500 3735 3539 vero

314 3578 607 3634 detectum
643 3577 914 3647 pluribus
948 3579 1004 3633 in
1039 3578 1182 3633 locis
1215 3582 1529 3652 supplevit,
1582 3588 1639 3636 et
1669 3585 2017 3647 versionem,
2054 3585 2150 3638 ubi
2208 3585 2515 3639 manifeste
2559 3581 2705 3636 falsa
2738 3581 2823 3636 vel
2859 3579 3068 3635 mutila
3125 3583 3269 3644 erat,
3303 3575 3639 3632 emendavit
3669 3588 3737 3628 ac

316 3668 575 3723 restituit
604 3667 707 3721 Vir
738 3667 1110 3723 Reverendus
1140 3675 1314 3739 atque
1364 3670 1822 3725 Eruditissimus
1871 3673 2183 3728 Archibald
2218 3672 2525 3737 Maclaine,
2557 3672 2615 3727 in
2666 3671 2921 3726 Ecclesia
2952 3668 3220 3741 Anglica,
3265 3683 3392 3738 quae
3422 3665 3592 3735 Baga:
3624 3663 3733 3718 Co-

315 3756 525 3812 mitum
579 3760 692 3821 est,
724 3756 882 3810 verbi
935 3757 1111 3810 divini
1146 3758 1410 3813 Minister
1465 3759 1913 3828 solertissimus,
1947 3763 2047 3833 qui
2079 3762 2229 3817 hanc
2258 3764 2615 3833 provinciam
2644 3765 2852 3833 sponte
2911 3776 3019 3815 sua
3050 3757 3331 3829 suscepit,
3376 3755 3588 3824 cuique
3620 3753 3735 3807 hoc

322 3842 560 3899 nomine
592 3848 784 3914 grates
816 3860 945 3915 ago,
978 3862 1124 3916 quas
1158 3862 1421 3916 possum,
1469 3849 1777 3903 maximas.
1826 3851 1987 3914 Quod
2018 3859 2213 3906 autem
2247 3854 2317 3907 ad
2370 3850 2705 3908 Michaelem
2741 3848 2992 3905 Psellum
3022 3848 3220 3919 ipsum
3274 3844 3503 3913 attinet,
3536 3841 3650 3896 fuit
3683 3841 3734 3894 is

314 3936 461 4004 Imp.
498 3931 797 3988 Michaelis
831 3938 997 3989 Ducas
1027 3935 1365 4007 Przeceptor,
1393 3937 1832 4009 ejusquejussu
1865 3940 2015 3996 hanc
2043 3942 2331 4014 Synopsin
2367 3942 2750 4013 conscripsit:
2786 3939 2922 3994 huic
2944 3940 3101 3994 enim
3142 3933 3487 4007 Imperatori
3519 3931 3734 3987 inscri-

313 4020 474 4075 bitur
505 4021 560 4075 id
620 4020 986 4092 Opusculum
1020 4023 1083 4077 in
1142 4023 1436 4096 plerisque
1470 4027 1782 4083 Codicibus
1840 4030 2286 4101 manuscriptis,
2342 4031 2521 4101 idque
2558 4029 2824 4100 pluribus
2884 4025 3175 4082 adstruxit
3220 4025 3332 4079 Leo
3389 4020 3735 4076 Allatiusin

316 4110 569 4165 Diatriba
599 4109 664 4165 de
693 4110 900 4166 Psettis
930 4116 979 4167 et
1009 4129 1191 4169 eorum
1243 4117 1479 4187 scriptis,
1514 4119 1541 4185 §
1572 4118 1660 4188 48,
1719 4118 1818 4172 ubi
1851 4119 1920 4173 de
1970 4121 2222 4175 Auctore
2255 4123 2453 4175 nostro
2511 4120 2757 4189 ejusque
2785 4116 3073 4186 Operibus
3132 4111 3477 4185 plenissime
3505 4108 3645 4180 egit,
3679 4112 3740 4163 et

314 4200 341 4267 §
368 4199 437 4253 33
468 4198 833 4257 luculentum
862 4202 932 4256 de
966 4203 1151 4274 ipsius
1183 4206 1515 4261 eruditione
1545 4206 1947 4263 testimonium
1980 4208 2072 4263 his
2104 4209 2298 4265 verbis
2330 4210 2581 4281 praebet:
2619 4209 2713 4263 Hic
2742 4222 2877 4275 ergo
2908 4204 3144 4274 Psettus,
3177 4212 3237 4258 ut
3263 4202 3517 4257 doctrina
3554 4213 3739 4270 praes-

311 4292 678 4359 tantissimus,
716 4293 795 4347 ita
823 4295 1076 4347 omnium
1105 4293 1610 4371 πολυγραφώτατσς
1641 4300 1767 4368 fuit.
1816 4299 2006 4353 Ausim
2052 4298 2251 4368 dicere,
2291 4300 2570 4353 neminem
2616 4314 2679 4352 ea
2708 4295 2798 4352 vel
2844 4296 3199 4366 subsequente
3245 4300 3402 4347 atate
3431 4294 3624 4346 Graece
3652 4287 3743 4343 vel

316 4379 586 4433 invenisse
615 4382 824 4447 acrius,
857 4383 941 4437 vel
972 4383 1257 4439 ordinasse
1288 4388 1502 4457 aptius,
1554 4385 1642 4442 vel
1673 4392 1914 4443 locutum
1966 4388 2330 4458 eloquentius,
2364 4388 2450 4442 vet
2504 4386 2834 4458 profundius
2866 4401 2948 4439 res
2993 4387 3358 4455 perlractasse
3379 4398 3399 4435 :
3425 4377 3597 4433 nulla
3627 4378 3745 4447 fuit

315 4469 612 4534 sententia,
645 4486 811 4539 quam
842 4471 953 4541 ipse
982 4473 1059 4527 vel
1090 4475 1237 4528 notis
1266 4490 1377 4529 non
1400 4475 1790 4542 illustravcrit,
1827 4477 1906 4531 vel
1933 4476 2249 4549 compendio
2277 4492 2383 4531 non
2414 4476 2755 4543 tractaverit,
2786 4475 2867 4529 vel
2898 4475 3103 4544 optima
3152 4468 3396 4525 methodo
3425 4484 3532 4523 non
3566 4482 3743 4536 expe-

322 4555 510 4610 dierit.
540 4558 700 4620 Quod
734 4563 930 4614 tamen
957 4561 1271 4632 judicium,
1304 4562 1440 4619 licet
1470 4564 1695 4620 Psellus
1728 4582 1842 4620 non
1876 4566 2115 4620 omnino
2148 4564 2320 4620 laude
2352 4582 2458 4620 sua
2488 4564 2928 4620 deiraudandus
2974 4561 3072 4626 sit,
3105 4560 3296 4631 quoad
3331 4558 3481 4613 hanc
3511 4556 3741 4627 Synep-

318 4644 408 4699 sin
440 4644 645 4700 multis
677 4647 824 4701 forte
886 4650 1063 4705 nimis
1093 4652 1413 4722 benignum
1475 4654 1793 4721 videbitur,
1843 4671 1977 4709 cum
2008 4660 2065 4709 et
2112 4655 2280 4711 aliter
2335 4655 2405 4709 de
2435 4670 2502 4709 ea
2552 4653 2802 4709 senserit
2860 4656 3077 4705 Anton.
3108 4647 3476 4721 Augustinus
3506 4645 3628 4699 Lib.
3666 4647 3741 4701 IV

318 4733 613 4790 Emendat.
646 4751 766 4806 cap.
798 4736 852 4791 3.
887 4738 1172 4796 Cazterum
1204 4742 1297 4797 Jo.
1334 4743 1722 4799 Leunclavius
1744 4744 1870 4813 jam
1899 4750 2033 4800 ante
2063 4745 2419 4816 Bosquetum
2456 4760 2643 4814 pauca
2672 4759 2741 4797 ex
2770 4742 2879 4796 hac
2927 4739 3175 4812 Synopsi
3207 4738 3473 4793 ediderat
3504 4736 3662 4790 Tomo
3693 4735 3749 4791 Π

318 4825 468 4879 luris
500 4823 973 4898 Graeco-Romani,
1007 4846 1187 4899 eaque
1221 4836 1500 4902 tanquam
1531 4832 1765 4888 Scholia
1794 4834 2047 4904 subjecit
2081 4830 2451 4905 Pragmatica:
2486 4831 2662 4887 Mich.
2720 4830 3027 4896 Attaliataa,
3061 4827 3161 4900 qui
3192 4826 3303 4882 sub
3342 4825 3546 4881 eodem
3582 4828 3744 4878 Duca

322 4912 538 4982 ﬂoruit,
572 4913 657 4968 ita
685 4923 898 4984 tamen,
930 4923 993 4971 ut
1043 4922 1415 4990 ignoraverit,
1465 4938 1593 4976 eam
1628 4928 1812 4978 metro
1870 4923 2260 4993 conscriptam
2296 4922 2498 4986 fuisse,
2531 4921 2615 4975 uti
2671 4919 2927 4975 Allatius
2955 4920 3012 4974 ά.
3046 4917 3075 4990 §
3133 4918 3202 4971 48
3228 4917 3347 4987 jam
3383 4913 3742 4969 observavit.

319 4999 564 5056 Exstant
595 5018 729 5059 vero
761 5006 1086 5063 etiamnum
1145 5010 1291 5064 varii
1320 5010 1560 5066 Codices
1610 5012 1761 5067 MSS.
1796 5014 1974 5083 hujus
2022 5018 2373 5084 Synopseos,
2404 5018 2471 5066 ut
2501 5013 2558 5065 in
2614 5008 2971 5065 Bibliotheca
3002 5006 3181 5075 Regia
3232 5001 3590 5060 Parisiensi:
3620 5002 3743 5056 vid.

325 5090 468 5144 Tom.
507 5089 553 5145 Il
588 5092 765 5151 Calai.
799 5097 1071 5151 Manuscr.
1118 5115 1176 5153 n.
1214 5100 1337 5163 476,
1368 5116 1425 5153 n.
1480 5101 1618 5156 1482
1647 5102 1771 5172 (ubi
1805 5102 2059 5173 plurima
2110 5100 2224 5156 alia
2256 5099 2429 5155 Pselli
2480 5100 2716 5170 scripta,
2750 5099 2927 5153 etiam
2972 5095 3259 5164 Juridica,
3293 5088 3745 5161 memorantur),

320 5195 377 5234 n.
414 5179 573 5248 1371,
608 5187 664 5238 et
695 5184 874 5251 27/19;
906 5188 961 5239 in
994 5186 1261 5242 Caesarea
1292 5188 1762 5245 Vindobonensi:
1799 5192 1913 5245 vid.
1972 5190 2311 5245 Lambecius
2344 5191 2485 5244 Tom.
2523 5190 2583 5244 VI
2634 5187 2933 5242 Comment.
2964 5202 3097 5257 pag.
3131 5185 3220 5251 46,
3251 5187 3308 5239 et
3352 5178 3653 5236 Nesselius
3683 5178 3744 5233 in

319 5273 575 5326 Breviar.
608 5277 764 5329 Part.
803 5276 872 5341 ll,
902 5293 1031 5346 pag.
1065 5281 1171 5344 28;
1208 5280 1262 5333 in
1292 5281 1566 5346 Medicea,
1598 5281 1713 5336 vid.
1751 5282 1928 5337 Wilh.
1984 5281 2188 5351 Langii
2219 5282 2392 5336 Catal.
2436 5281 2586 5336 Plut.
2637 5280 2727 5345 80,
2760 5295 2817 5333 n.
2850 5279 2922 5334 ὃς
2959 5276 3018 5330 in
3067 5274 3369 5340 Vaticana,
3402 5271 3518 5327 vid.
3552 5271 3746 5326 Mont-

318 5359 531 5416 faucon
567 5362 625 5415 in
663 5365 919 5421 Biblioth.
954 5366 1428 5424 Bibltothecarum
1484 5370 1634 5425 MSS.
1679 5372 1818 5426 Tom.
1871 5376 1921 5436 Ι,
1952 5388 2079 5441 pag.
2114 5372 2182 5438 9;
2246 5387 2415 5442 porro
2448 5371 2625 5425 etiam
2675 5368 2733 5423 in
2767 5367 3049 5433 Palatina,
3107 5382 3234 5437 qua
3274 5365 3400 5435 jam
3448 5360 3746 5417 Vaticana

309 5449 521 5518 juncta
550 5457 658 5516 est,
691 5453 820 5508 Cod.
857 5455 983 5523 316,
1018 5460 1075 5512 et
1126 5457 1793 5528 Constantinopolitana,
1838 5459 2030 5516 indice
2086 5459 2175 5514 J0.
2208 5463 2349 5513 Mar.
2384 5459 2656 5515 Suaresio
2716 5458 2774 5513 in
2804 5458 2982 5513 Notit.
3012 5452 3253 5510 Basilic.
3286 5452 3396 5521 §7,
3427 5467 3497 5507 ex
3520 5449 3743 5522 quibus

316 5537 466 5593 forte
492 5537 541 5593 si
574 5539 747 5596 variae
797 5540 1077 5602 lectiones
1105 5547 1177 5603 ad
1228 5563 1439 5601 manus
1470 5546 1746 5616 fuissent,
1796 5548 1995 5619 plures
2026 5548 2139 5604 loci
2190 5548 2251 5604 in
2283 5548 2488 5619 Psello,
2539 5548 2639 5620 qui
2688 5551 2961 5619 corrupte
2984 5546 3112 5615 jam
3169 5542 3467 5615 leguntur,
3499 5537 3738 5596 restitui

323 5625 675 5699 potuissent.
