4054 6200
298 374 424 434 925

1657 379 2034 442 SYNOPSIS
2079 380 2371 443 LEGUM.

3602 386 3719 444 926

1405 653 1534 710 ΤΟΥ
1584 655 1996 711 ΣΟΦΩΤΛΤΟΥ
2039 658 2157 711 ΚΑΙ
2204 656 2617 712 ΥΙΙΕΡἹΊΜΙΟΥ

812 856 1657 989 ΜΙΧΑΗΛ
1801 862 2206 992 ΤΟΥ

2353 860 3209 991 ΨΕΛΛΟΥ

974 1109 1283 1167 ΣΥΝΟΨΙΣ
1326 1112 1472 1168 ΤΟΝ
1504 1115 1763 1184 ΝΟΜΩΝ,
1796 1118 1910 1171 AIA
1941 1117 2191 1172 ΣΤΙΧΩΝ
2228 1117 2496 1172 ΙΑΜΒΩΝ
2530 1122 2647 1170 ΚΑΙ
2677 1120 3049 1171 ΠΟΛΙΤΙΚΩΝ

548 1274 697 1351 Πρὸς
726 1275 818 1331 τὸν
857 1274 1084 1350 βασιλέα
1116 1276 1355 1355 Καίσαρα
1386 1278 1620 1356 Μιχαὴλ
1651 1282 1741 1337 τὸν
1776 1287 1999 1354 Δοῦκαν,
2032 1282 2091 1339 ἑκ
2119 1283 2460 1359 προστάξεως
2488 1287 2586 1339 τοῦ
2615 1284 2819 1360 πατρὸς
2849 1281 3013 1339 αὐτοῦ
3042 1283 3127 1337 καὶ
3166 1281 3456 1361 βασιλέως.

1365 1596 1893 1653 SAPIENTISSIMI
1931 1598 2024 1653 ET
2065 1596 2636 1655 HONORATISSIMI

829 1795 2165 1953 MIGHAELIS

2340 1798 3192 1952 PSELLI

1109 2080 1544 2140 COMPENDIUM
1583 2081 1811 2141 LEGUM
1851 2081 2169 2141 VERSIBUS
2207 2081 2433 2139 lAMBIS
2469 2084 2555 2139 ET
2584 2081 2910 2139 POLITICIS

520 2258 621 2320 Ad
648 2257 1102 2340 imperatorem
1135 2263 1442 2325 Caesarem
1473 2262 1849 2327 Michaelem
1888 2267 2151 2338 Ducam,
2191 2279 2269 2324 ex
2303 2260 2486 2342 jussu
2516 2262 2713 2342 patris
2743 2218 2940 2342 ipsius
2967 2265 3030 2324 et
3058 2259 3480 2342 imperatoris.

286 2594 443 2651 Πολὺ
474 2596 561 2651 καὶ
597 2592 999 2673 δυσθεώρητον,
1025 2601 1088 2655 τὸ
1114 2603 1342 2676 μάθημα
1371 2606 1467 2658 τοῦ
1496 2606 1691 2678 νόμου,

294 2691 383 2741 Ἐν
425 2684 618 2741 πλάτει
654 2684 1117 2760 δυσπερίληπτον,
1150 2691 1349 2769 ἀσαφὲς
1381 2693 1431 2748 ἰν
1466 2695 1702 2768 συνόψει,

291 2774 393 2829 Καὶ
428 2774 583 2850 λόγῳ
615 2773 1066 2849 δυσερμήνευτον·
1102 2777 1230 2834 ἀλλ’
1260 2779 1411 2853 ὅμως
1443 2782 1756 2858 άνάγκαῖον,

299 2863 399 2917 Καὶ
434 2861 516 2919 δεῖ
544 2865 637 2919 τὸν
668 2866 1044 2943 αὐτοκράτορα
1062 2869 1262 2923 τούτου
1298 2870 1511 2943 μᾶλλον
1543 2874 1871 2947 φροντίζειν,

296 2951 534 3014 Δικαῖως
562 2952 664 3029 γάρ
692 2976 751 3008 τε
782 2952 987 3011 δίκαιον
1020 2955 1072 3012 ἐν
1108 2955 1281 3023 δίκαις
1310 2960 1631 3037 φυλακτέον.

287 3044 451 3097 Ὅθεν
485 3040 595 3117 ἐγώ
628 3064 710 3098 σοι
740 3045 808 3098 τὰ
836 3043 1022 3100 πολλᾶ
1051 3051 1150 3100 τοῦ
1184 3046 1350 3123 λόγου
1384 3050 1693 3124 συνοψίσας,

291 3130 616 3206 Εὖθήρατόν
646 3153 698 3186 τι
731 3133 1001 3208 σύνταγμα
1030 3135 1305 3206 πεποίηκα
1329 3143 1435 3192 τῶν
1467 3140 1674 3212 νόμων.

292 3223 524 3289 Πρῶτον
557 3217 603 3274 δ’
634 3220 989 3295 ἑρμηνευτέον
1023 3246 1130 3293 σοι,
1164 3225 1304 3280 πόσα
1329 3232 1424 3281 τοῦ
1454 3228 1627 3303 νόμου
1663 3230 1823 3306 μέρη.

285 3307 367 3363 Τό
405 3307 502 3380 μὲν
532 3308 633 3385 γάρ
663 3310 870 3366 τούτων
904 3310 1149 3377 Κώδικος
1179 3313 1349 3377 οὕτως
1381 3315 1790 3393 ὠνομασμένον,

294 3396 539 3471 ΙΙτυχῖον
573 3395 1001 3469 δωδεκάϐιϐλον,
1036 3403 1063 3457 ὃ
1094 3425 1219 3481 φασι
1255 3404 1546 3475 Διατάξεις“

284 3486 451 3559 ’Έχει
486 3482 544 3539 δὲ
565 3492 727 3541 τοῦτο
759 3485 1027 3563 δόγματα,
1071 3488 1324 3563 δέσποτα,
1363 3492 1655 3568 βασιλέων,

288 3574 657 3652 Ἀντιγραιράς
683 3598 741 3631 τε
772 3577 1021 3650 νομικὰς,
1054 3580 1142 3634 καὶ
1177 3578 1343 3636 δικῶν
1375 3582 1689 3661 ἀποφάσεις.

285 3663 371 3718 Τὸ
404 3660 462 3716 δὲ
491 3670 719 3719 καλοῦσι
753 3666 994 3742 Δίγεστα,
1027 3670 1307 3742 Ῥωμαική
1344 3669 1391 3725 δ’
1421 3675 1454 3741 ἡ
1488 3660 1705 3737 κλῆσις.

281 3753 549 3828 ’Υπάρχει
585 3751 641 3807 δε
668 3756 729 3809 τὸ
763 3756 1013 3830 Λίγεστα,
1046 3757 1387 3827 Ἑλληνικῶς
1420 3759 1750 3833 Πανδέκτης,

289 3840 417 3896 ’Ὁτι
450 3842 539 3895 καὶ
572 3839 751 3915 νόμων
784 3845 987 3919 πέφυκε
1018 3845 1376 3902 παντοδαπῶν
1407 3846 1623 3925 δοχεῖον
1642 3869 1653 3883 θ

287 3930 385 3982 Καὶ
421 3929 672 3986 πλεῖστοι
705 3935 1104 4009 συνεγράψαντο
1135 3936 1262 3998 τοὺς
1286 3937 1487 4010 νόμους
1544 3945 1640 3994 τοῦ
1704 3938 1937 3996 Πανδέκ-

1724 4034 1859 4104 [του.

350 4281 728 4352 Multiplicem
743 4285 1301 4355 estetcontemplatu
1319 4287 1580 4342 difficilis
1593 4289 1739 4359 legis
1752 4290 1930 4345 scien-

276 4370 381 4435 tia,
418 4386 544 4441 quas
602 4375 852 4426 obscura
904 4374 961 4427 in
1020 4378 1389 4445 compendio,
1426 4394 1529 4430 nec
1587 4381 1931 4434 summatim

276 4458 724 4529 comprehendi,
754 4477 861 4515 nec
891 4478 1157 4518 sermone
1190 4465 1358 4519 facile
1388 4467 1663 4536 explicari
1702 4473 1927 4536 potest:

275 4546 383 4601 illa
408 4552 603 4601 tamen
640 4550 969 4603 necessaria
1002 4556 1109 4616 est,
1160 4554 1532 4621 potissimum
1571 4556 1927 4629 imperatori,

274 4650 455 4705 quem
486 4638 613 4705 ejus
662 4652 863 4691 curam
921 4641 1170 4694 maxime
1224 4642 1437 4697 habere
1476 4650 1739 4713 oportet:
1768 4648 1931 4715 juste

272 4722 437 4777 enim
466 4724 521 4777 in
549 4724 790 4791 judiciis
811 4727 914 4795 jus
944 4733 1034 4781 est
1063 4729 1515 4788 observandum.
1566 4734 1931 4805 Quapropter

270 4826 384 4882 ego
417 4811 616 4865 multis
644 4812 703 4865 in
737 4815 1151 4883 compendium
1188 4820 1459 4880 redactis.
1487 4820 1675 4876 facilis
1699 4824 1927 4889 indagi-

271 4900 371 4953 nis
401 4903 673 4955 volumen
706 4903 901 4973 legum
934 4903 1041 4957 tibi
1073 4908 1400 4974 composui.
1436 4910 1503 4963 Et
1534 4910 1929 4982 primumqui-

267 4988 409 5042 clem
441 4988 546 5042 tibi
577 4988 985 5058 explicandum
1019 5000 1127 5057 est,
1160 5000 1302 5064 quot
1342 5003 1480 5051 sunt
1530 5006 1723 5069 partes
1758 5001 1920 5065 legis.

267 5079 355 5133 Ea
384 5093 512 5148 quae
544 5076 722 5132 Codex
770 5078 1006 5146 dicitur,
1039 5089 1129 5137 est
1158 5100 1372 5154 corpus
1419 5087 1725 5145 duodecim
1759 5089 1923 5147 libris

263 5171 573 5235 constans,
605 5165 1071 5225 Constitutiones
1102 5179 1328 5240 vocant,
1353 5174 1590 5245 quibus,
1614 5194 1645 5231 ο
1668 5179 1920 5248 domine,

263 5256 694 5326 imperatorum
730 5256 964 5327 placita,
996 5258 1258 5331 legitima
1306 5267 1611 5336 rescripta,
1645 5273 1701 5321 et
1729 5268 1919 5324 litium

262 5345 598 5401 decisiones
631 5351 809 5416 atque
861 5351 1158 5405 sententia:
1202 5354 1597 5409 continentur.
1648 5356 1924 5427 Sequitur

263 5451 424 5505 pars,
461 5450 640 5505 quam
674 5436 903 5506 Digesta
934 5436 1137 5493 Latina
1191 5457 1350 5506 voce,
1384 5443 1694 5498 Pandecten
1725 5445 1922 5501 Graeca

263 5522 600 5591 nominant,
634 5523 788 5593 quod
820 5523 896 5579 sit
936 5528 1384 5586 omnifariarum
1418 5530 1611 5600 legum
1662 5539 1921 5604 recepta-

261 5610 487 5679 culum,
519 5616 580 5666 et
633 5609 790 5681 leges
836 5610 1153 5670 Pandectes
1199 5617 1371 5673 multi
1420 5619 1917 5691 conscripserunt.

260 5698 665 5771 Digestorum,
697 5716 730 5756 ο
760 5700 1018 5774 domine,
1050 5704 1219 5763 variae
1251 5711 1390 5766 sunt
1421 5714 1638 5782 partes,
1671 5725 1919 5781 quarum

1975 2612 2026 2678 Α
2059 2611 2173 2663 Τῶν
2205 2605 2262 2663 δὲ
2294 2608 2584 2683 Διγέστων,
2618 2603 2871 2672 δέσποτα,
2904 2599 3223 2658 παντοδαπὰ
3250 2602 3316 2655 τὰ
3350 2601 3510 2675 μέρηο

2054 2697 2137 2753 Τὰ
2175 2697 2269 2769 μὲν
2300 2696 2401 2772 γάρ
2433 2700 2627 2770 πρῶτα
2654 2693 2899 2769 λέγουσι,
2927 2693 3047 2767 περὶ
3083 2689 3572 2765 συναλλαγμάτων.

2053 2780 2425 2857 Τετράϐιὸλος
2456 2782 2501 2838 δ’
2534 2786 2568 2852 ἡ
2602 2783 2843 2855 σύνταξις
2866 2781 3063 2849 κλῆσις
3090 2784 3199 2834 τῶν
3224 2780 3455 2853 πρώτων
3489 2778 3725 2852 πρώτη,

2058 2874 2135 2930 Τὸ
2172 2876 2304 2947 μετᾶ
2326 2878 2493 2929 ταῦτα
2524 2875 2727 2945 πέφυκε
2768 2865 3096 2925 ἐπτάϐιϐλυν
3130 2868 3380 2944 πτυχίον,

2052 2968 2378 3035 Ῥωμαϊκῶς
2411 2962 2706 3038 λεγόμενον
2741 2959 2907 3028 οὕτω,
2939 2960 3003 3013 Δὲ
3035 2955 3326 3027 Ἰουδικῆς,

2056 3055 2213 3106 ’Ἡτοι
2243 3058 2352 3107 τῶν
2384 3053 2507 3125 περὶ
2538 3051 2789 3125 κρίσεων,
2826 3045 2981 3109 εἷ’τις
3012 3044 3371 3116 ἐξελληνίζει.

2054 3142 2132 3198 Τὸ
2158 3140 2338 3215 τρίτον
2372 3138 2429 3195 δὲ
2462 3142 2829 3214 συνάθροισμα
2860 3136 3105 3191 καλεῖται
3140 3130 3452 3215 ΔεγΡεϐους,

2056 3224 2418 3285 Ὀκτάϐιϐλὸν
2450 3251 2501 3283 τι
2535 3229 2811 3304 σύνταγμα
2837 3224 3154 3302 χωρητικὸν
3184 3224 3540 3299 πραγμάτων.

2052 3320 2322 3395 Τέταρτος
2348 3319 2519 3383 τόπος
2548 3320 2751 3397 πέφυκε
2779 3322 2886 3372 τῶν
2919 3317 3161 3387 νομικῶν
3185 3312 3450 3388 Διγέστων

2054 3410 2308 3484 Καθάπερ
2341 3406 2395 3462 εἷ’
2417 3429 2501 3469 τις
2533 3406 2818 3485 ὀφθαλμὸς
2846 3408 2953 3459 τῶν
2989 3401 3133 3457 ὅλων
3160 3402 3569 3474 συνταγμάτων,

2050 3492 2410 3551 Ὀκτάϐιϐλον
2444 3498 2534 3551 τὸν
2570 3495 2797 3571 ἀριθμὸν
2831 3494 3015 3566 νόμων
3041 3488 3269 3546 πολλῶν
3302 3486 3348 3544 δ’
3380 3488 3699 3562 ὠνομάσθη,

2049 3586 2119 3639 Τὸ
2150 3588 2397 3659 πέμπτον
2430 3583 2477 3640 δ’
2508 3579 2851 3639 ἐννεάϐιϐλον
2889 3584 2947 3637 ἐκ
2979 3582 3174 3655 μέρους
3208 3577 3249 3631 δ’
3275 3577 3592 3650 ὠνομάσθη,

2050 3675 2181 3749 Περὶ
2216 3673 2489 3746 διαθηκῶν
2525 3697 2709 3754 φησιν,
2744 3673 2856 3749 ἔχει
2894 3670 2937 3726 δ’
2972 3668 3119 3725 ἄλλα
3152 3669 3338 3741 μυρία.

2048 3766 2123 3822 Τὸ
2157 3763 2201 3819 δ’
2230 3762 2385 3820 ἕκτον
2420 3752 2557 3840 ἔχειν,
2593 3761 2845 3830 δέσποτα,
2885 3763 3018 3835 μόνα
3049 3756 3143 3813 δύο
3178 3752 3389 3833 βιϐλία,

2052 3859 2245 3932 Σαφῶς
2282 3852 2337 3909 δὲ
2370 3852 2696 3930 διαλέγεται,
2734 3853 2862 3926 Περὶ
2900 3853 3121 3927 βαθμῶν
3154 3844 3444 3918 ποικίλων,

2051 3939 2422 4015 Διαλαμϐάνει
2450 3964 2509 3998 τε
2541 3944 2721 4021 σαφῶς
2750 3942 2872 4016 περὶ
2903 3936 3302 4013 κληρονομίας,

2044 4035 2165 4089 Τῶν
2195 4032 2473 4110 Ὀρφιτίου
2509 4031 2802 4106 μέμνηται,
2836 4030 2924 4085 καὶ
2957 4024 3253 4102 Τιρτιλίου
3284 4023 3492 4094 νόμιον,

3331 4120 3497 4171 Vers.
3532 4115 3619 4169 33.

2045 4295 2265 4365 priores
2296 4296 2366 4349 de
2399 4294 2797 4350 contractibus
2848 4293 3147 4353 dicuntur,
3180 4293 3385 4359 estque
3429 4285 3690 4357 priorum

2043 4384 2231 4455 prima
2262 4384 2525 4439 collectio
2574 4387 2827 4454 quatuor
2870 4382 3034 4435 libris
3085 4377 3431 4449 composita.
3482 4378 3693 4430 Postea

2039 4477 2262 4543 septem
2342 4473 2627 4527 librorum
2702 4471 2975 4526 volumen
3037 4468 3238 4523 Latine
3312 4466 3383 4519 De
3430 4464 3689 4534 judicia,

2040 4562 2232 4615 Grmce
2294 4559 2418 4633 Περί
2487 4558 2736 4632 κρίσεων.
2790 4558 2988 4612 Tertia
3063 4554 3325 4611 collectio
3401 4553 3473 4606 De
3529 4552 3689 4606 rebus

2039 4650 2276 4713 dicitur,
2338 4655 2466 4705 octo
2524 4650 2693 4703 libris
2750 4664 2945 4702 rerum
3004 4648 3318 4699 tractatum
3356 4641 3683 4696 continens.

2038 4742 2320 4805 Quartum
2357 4737 2753 4798 locum.veluti
2782 4734 3427 4799 oculusuniversorum
3453 4734 3684 4785 contra—

2036 4835 2262 4890 ctuum.
2295 4833 2422 4883 octo
2453 4844 2653 4883 earum
2696 4826 2829 4880 libri
2882 4824 3205 4878 multarum
3238 4820 3433 4891 legum
3479 4833 3689 4873 conce-

2039 4918 2270 4987 ptacula
2300 4918 2412 4973 sibi
2439 4917 2761 4973 vindicant.
2794 4914 3073 4978 Quintum
3121 4926 3255 4965 vero
3286 4923 3493 4963 novem
3525 4904 3685 4973 libri,

2038 5023 2070 5060 a
2101 5011 2263 5076 parte
2319 5008 2609 5076 praecipua
2660 5005 2735 5058 De
2781 5003 3115 5057 testamentis
3146 4997 3354 5065 vocati,
3408 4995 3543 5051 licet
3574 4996 3689 5051 alia

2038 5096 2345 5149 innumera
2375 5093 2892 5163 comprehendant.
2942 5094 3115 5145 Sexta
3165 5104 3317 5158 pars.
3349 5102 3382 5140 ο
3426 5085 3683 5150 domine,

2033 5184 2181 5237 duos
2212 5184 2542 5253 singulares
2574 5181 2755 5236 libros
2781 5180 3057 5245 continet,
3088 5177 3188 5247 qui
3220 5180 3373 5230 recte
3404 5177 3687 5227 vocantur

2032 5272 2104 5327 De
2132 5272 2364 5326 diversis
2394 5270 2686 5341 gradibus,
2720 5275 2776 5322 et
2816 5267 3119 5338 perspicue
3149 5265 3402 5318 tractant
3448 5260 3519 5314 de
3548 5276 3681 5315 suc-

2032 5361 2316 5423 cessione,
2350 5366 2407 5414 et
2432 5357 2961 5414 senatusconsultis
2983 5353 3320 5422 Orphitiano
3341 5355 3400 5404 et
3420 5347 3684 5404 Tertilia-

2032 5467 2105 5506 no
2136 5456 2193 5505 et
2240 5448 2626 5519 multiplicem
2675 5446 2848 5501 aliam
2897 5445 3090 5515 legum
3143 5440 3573 5496 ordinationem
3615 5452 3683 5491 ea

2030 5554 2167 5608 pars
2198 5536 2627 5609 complectitur.
2676 5533 2936 5603 Septima
2964 5538 3021 5586 et
3050 5529 3261 5585 ultima
3308 5529 3680 5598 Digestorum

2029 5626 2293 5698 legitima
2325 5642 2480 5697 pars,
2515 5625 2587 5679 de
2619 5621 2974 5677 ﬁrmissimis
3006 5615 3489 5690 stipulationibus
3523 5610 3679 5665 volu-

2030 5731 2162 5772 men
2194 5716 2425 5771 duobus
2484 5711 2650 5768 libris
2707 5706 3112 5779 singularibus
3170 5702 3427 5770 conﬁcit,
3459 5698 3676 5770 quibus
