4054 6200
299 306 415 366 927

299 435 514 508 ’Ἄλλην
546 458 607 491 τε
635 434 893 507 πλείστην
926 437 1170 509 σύνταξιν
1202 440 1307 491 τῶν
1340 438 1523 509 νόμων
1554 434 1822 511 περιέχει,

303 530 374 585 Τὸ
406 526 452 582 δ’
480 522 715 600 ἕϐδομον
748 527 833 581 καὶ
875 526 1098 581 ὕστατον
1131 526 1366 599 νόμιμον
1398 527 1503 579 τῶν
1539 526 1824 601 Διγέστων,

303 616 434 691 Περὶ
468 617 855 691 έπερωτγξσεων
884 615 1299 693 ἀσφαλεστάτων
1335 614 1504 690 λέγει,

299 705 405 766 Καῖ
436 704 761 780 συμπληροῖ
787 706 848 758 τὸ
881 702 1154 778 σύνταγμα
1186 700 1279 756 δύο
1317 698 1503 777 βιϐλία
1541 704 1697 775 μόνα.

298 795 403 852 Καὶ
442 793 576 867 μετᾶ
604 798 764 848 τοῦτο
797 791 998 869 πέφυκε
1030 789 1125 845 δύο
1159 793 1355 869 φρικτᾶ
1393 787 1600 866 βιϐλία,

300 887 413 955 Τὴν
449 884 741 957 αὐστηρίαν
771 878 969 959 ἔχοντα
998 887 1105 937 τῶν
1139 888 1341 938 ποινῶν
1373 884 1716 959 ἐγκειμένην.

300 974 449 1031 Μετὰ
480 972 536 1029 δὲ
555 975 652 1042 τὴν
686 974 991 1046 ὲπτάτομον
1025 972 1226 1043 ταύτην
1248 975 1425 1046 τομὴν
1459 978 1567 1027 τῶν
1596 974 1804 1047 νόμων,

306 1063 559 1133 Σύνταξις
593 1059 737 1132 άλλη
772 1061 976 1136 πέφυκε
1006 1062 1257 1134 νομίςιων
1293 1060 1590 1142 διαφόρων,

303 1153 599 1229 [Ιληροῦσα
624 1152 689 1207 τὰ
719 1155 1056 1223 πεντήκοντα
1084 1148 1273 1229 βιϐλία
1304 1159 1411 1208 τῶν
1446 1155 1740 1229 Διγέστων.

376 1244 517 1317 Πρὸς
542 1242 763 1304 τούτοις
800 1242 964 1318 μέρος
996 1240 1225 1321 πέφυκεν
1250 1244 1303 1297 αἱ
1334 1244 1537 1318 Νεαραὶ
1575 1243 1877 1316 Συντάξεις,

304 1333 435 1392 Εἶτα
460 1334 923 1407 συνοπτικώτερον
958 1336 1053 1385 υοῦ
1089 1334 1320 1397 Λέοντος
1356 1328 1593 1409 βιϐλίον,

301 1424 378 1480 Τὸ
404 1428 505 1477 πᾶν
541 1416 996 1492 έξηκοντάϐιϐλον
1040 1420 1242 1484 πάντας
1283 1444 1407 1477 τους
1441 1422 1643 1495 νόμους
1678 1421 1830 1499 ἔχον,

300 1511 433 1574 Τοὺς
462 1508 733 1582 Κώδικας,
766 1510 831 1564 τὰ
863 1510 1109 1585 Δίγεστα,
1140 1511 1235 1575 τάς
1265 1511 1469 1585 Νεαρᾶς
1501 1514 1798 1586 συντόμως,

301 1602 376 1658 Τὰ
413 1599 691 1679 σύμφυλα,
723 1600 787 1654 τά
820 1600 1070 1672 σύμπνοα
1098 1604 1203 1654 τῶν
1239 1599 1512 1679 διαφόρων
1540 1601 1743 1675 νόμῶν,

306 1694 639 1765 Διακρινοῦν,
674 1686 1003 1743 ὑποτιτλοῦν
1039 1688 1255 1752 οἷ’κείως
1282 1691 1371 1745 καὶ
1403 1691 1663 1765 γνησίως,

302 1778 465 1836 Ἀλλ’
498 1774 608 1833 ἔστι
638 1776 1090 1854 δυσερμήνευτον,
1124 1776 1251 1834 ἀλλ’
1277 1778 1473 1857 ἀσαφὲς
1503 1778 1769 1856 ἐσχάτως.

305 1876 459 1924 Ἔστι
492 1868 582 1922 καὶ
619 1867 781 1944 μέρος
809 1865 988 1944 ἕτερον
1021 1870 1135 1923 οἷον
1167 1864 1290 1943 ὄψις
1318 1873 1425 1924 τῶν
1457 1869 1663 1943 νόμων,

302 1959 392 2021 Ὠς
416 1957 909 2034 εἷσαγωγικώτερον
937 1962 1042 2012 τῶν
1079 1956 1262 2013 ἄλλων
1294 1957 1636 2036 δεδειγμένη,

307 2050 432 2106 Τῶν
458 2048 643 2119 νόμων
670 2044 818 2123 ἔχων
849 2048 1052 2101 ἅπασαν
1079 2048 1178 2117 τήν
1206 2046 1567 2125 γενεαλογίαν,

306 2138 379 2193 ’Ἠ
414 2135 627 2209 μᾶλλον
661 2136 833 2197 οὕτως
866 2136 1079 2209 εἷποιμι
1118 2139 1215 2206 τὴν
1252 2138 1665 2217 ἀρχαιολογίαν.

307 2228 400 2297 Τῷ
432 2224 488 2280 δὲ
523 2220 727 2298 βιϐλίῳ
757 2225 934 2297 τούτῳ
966 2224 1022 2281 δὲ
1049 2229 1082 2295 ἡ
1124 2226 1321 2296 κλῆσις
1354 2230 1701 2288 Ἰνστιτοῦτα.

382 2313 597 2370 Πολλοὶ
628 2313 685 2369 δὶ
718 2314 1111 2388 συλλεξάμενοι
1144 2317 1238 2379 τὰς
1273 2318 1484 2394 ἀγωγὰς
1514 2318 1671 2392 ἰδίας,

317 2402 607 2480 Σόνταγμα
642 2406 989 2477 συνετάξαντο
1021 2403 1168 2476 όίξιον
1196 2406 1488 2485 εὐφημίας.

318 2494 424 2562 Τήν
458 2492 614 2571 φυσῖν
645 2494 749 2569 γὰρ
781 2498 887 2547 τῶν
918 2494 1146 2570 ἀγωγῶν
1177 2494 1403 2568 ἑκάστης
1439 2498 1747 2571 ἑρμηνεύει,

315 2584 417 2641 Καὶ
448 2582 621 2637 πάντα
649 2582 715 2637 τὰ
744 2585 1051 2655 ζητήματα,
1080 2586 1170 2639 καὶ
1202 2585 1373 2649 πάσας
1411 2588 1710 2662 ὑποθέσεις,

313 2672 404 2734 Εἷς
432 2672 531 2741 τὴν
561 2672 760 2727 οἶκείαν
795 2674 1009 2749 ἀγωγὴν
1038 2676 1325 2753 πανσόφως
1353 2677 1623 2754 ἀναφέρει.

312 2765 489 2822 Τοῦτο
518 2760 606 2816 καί
643 2761 804 2834 μόνον
838 2762 1040 2841 πέφυκε
1072 2764 1382 2844 Φιλόσοφον
1405 2772 1512 2821 τῶν
1538 2767 1745 2843 νόμων,

312 2849 417 2906 Κᾶν
452 2849 498 2906 έί
525 2873 609 2915 τις
636 2846 936 2928 ἀκριϐώσαι
968 2853 1187 2909 τοιοῦτο
1221 2852 1287 2923 δή
1318 2859 1379 2909 τὸ
1415 2852 1655 2930 βιϐλίον,

313 2940 486 3002 Οὗτος
520 2941 547 2994 ὁ
577 2941 955 3013 νομικώτατος
984 2944 1307 3015 νομομαθὴς
1336 2944 1614 3021 τυγχάνει.

316 3029 529 3105 Ἓτεροι
606 3026 795 3099 πάλιν,
872 3026 1123 3103 δέσποτα,
1198 3033 1296 3094 τὰς
1373 3032 1591 3110 ῥοπάς,
1668 3039 1754 3092 καὶ
1833 3039 1959 3103 τοὺς

1634 3127 1891 3202 [χρόνους

318 3428 750 3485 subnectuntur
780 3430 896 3485 duo
927 3431 1217 3487 terribiles
1250 3432 1380 3488 libri
1430 3435 1736 3492 severitate
1768 3453 1970 3508 poena-

318 3533 444 3573 rum
478 3518 773 3574 instructi.
821 3520 963 3575 Huic
1010 3521 1377 3592 septemplici
1428 3522 1623 3595 legum
1676 3525 1969 3594 divisioni,

318 3606 682 3661 diversorum
729 3607 955 3675 jurium
998 3608 1259 3664 collectio
1311 3611 1608 3681 adjicitur,
1642 3630 1769 3683 quae
1802 3614 1971 3684 quin-

320 3695 602 3767 quaginta
633 3694 1003 3765 Digestorum
1031 3696 1197 3751 libris
1228 3698 1404 3753 finem
1439 3700 1707 3772 imponit.

392 3783 847 3854 Prmtereajuris
880 3790 1103 3855 partem
1150 3790 1421 3842 statuunt
1465 3789 1711 3845 Novella
1744 3792 1973 3848 Consti-

321 3873 600 3928 tutiones.
656 3873 868 3927 Deinde
920 3874 1404 3945 compendiosum
1436 3877 1645 3934 Leonis
1677 3880 1970 3939 volumen.

322 3961 475 4033 quod
509 3960 809 4031 sexaginta
866 3961 1037 4019 libris
1096 3964 1399 4020 universas
1444 3966 1625 4038 leges,
1682 3970 1977 4039 Codicem,

326 4049 582 4120 Digesta,
616 4055 673 4104 et
704 4050 971 4105 Novellas
1005 4052 1258 4107 breviter
1310 4056 1738 4128 complectitur,
1771 4076 1975 4115 conve-

326 4139 553 4194 nientes
576 4144 631 4194 et
644 4143 925 4211 cognatas
942 4142 1131 4197 varias
1150 4141 1308 4213 leges
1326 4145 1437 4200 sub
1454 4145 1643 4203 titulis
1656 4164 1979 4205 accommo—

328 4227 461 4283 date
511 4228 868 4300 disponens:
921 4231 1022 4286 sed
1079 4247 1307 4288 summe
1355 4235 1672 4292 obscurum
1716 4242 1827 4303 est,
1872 4255 1979 4294 nec

328 4316 556 4372 facilem
608 4317 1145 4389 interpretationem
1182 4322 1420 4393 patitur.
1472 4325 1572 4380 Est
1610 4330 1667 4381 et
1700 4326 1812 4381 alia
1845 4344 1979 4399 pars

330 4405 499 4477 quasi
528 4406 723 4477 legum
754 4408 937 4477 visus,
971 4414 1026 4463 et
1075 4409 1435 4482 reliquarum
1481 4413 1746 4485 speciosa
1794 4417 1978 4472 intro-

330 4494 548 4561 ductio,
598 4496 930 4552 universam
974 4499 1133 4569 juris
1164 4500 1472 4571 originem,
1506 4507 1563 4559 et
1610 4505 1981 4577 antiquitatis

328 4582 638 4639 historiam
671 4585 997 4653 continens,
1034 4588 1308 4645 instituta
1337 4595 1640 4648 vocantur.

401 4670 569 4727 Multi
627 4672 865 4742 quidem
950 4677 1217 4747 proprias
1291 4678 1549 4736 actiones
1617 4681 1979 4755 colligentes,

331 4759 573 4831 dignum
595 4762 877 4818 memoria
896 4770 1206 4837 syntagma
1224 4776 1683 4839 composuerunt
1706 4785 1720 4827 :
1742 4772 1983 4842 cujusli-

332 4849 430 4905 bet
458 4849 612 4904 enim
646 4850 889 4907 actionis
922 4858 1190 4909 naturam
1226 4855 1660 4928 interpretatur,
1694 4865 1752 4916 et
1782 4877 1984 4919 omnes

334 4937 709 5010 quaestiones,
765 4942 963 4997 omnia
1021 4944 1168 4999 facta
1215 4948 1272 5000 et
1328 4961 1537 5002 causas
1583 4949 1651 5003 ad
1690 4950 1983 5023 propriam

332 5028 619 5084 actionem
652 5030 865 5086 refert:
913 5031 1057 5087 illud
1093 5049 1235 5089 sane
1265 5034 1389 5091 sola
1440 5040 1529 5092 est
1560 5036 1754 5108 legum
1786 5040 1981 5097 Philo-

332 5115 742 5189 sophia,quem
777 5118 992 5174 librum
1018 5120 1066 5175 si
1100 5122 1233 5191 quis
1256 5126 1409 5179 recte
1440 5123 1724 5197 calluerit,
1749 5128 1903 5198 juris
1925 5133 1985 5184 et

330 5203 521 5276 legum
547 5206 1025 5264 consultissimus
1056 5211 1276 5266 evadet.
1324 5212 1549 5269 Rursus
1578 5214 1698 5285 alii,
1732 5233 1763 5272 ο
1790 5216 1982 5271 domi-

336 5310 428 5362 nc,
462 5301 755 5352 momenta
777 5302 834 5353 et
865 5302 1128 5369 tempora
1152 5299 1412 5373 legitima
1436 5302 1491 5357 in
1519 5304 1978 5361 brevemlibrum

336 5383 705 5455 redegerunt,
737 5387 837 5457 qui
870 5403 902 5441 a
934 5392 1095 5459 parte
1125 5389 1419 5447 Momenta
1446 5394 1981 5464 vocatur,quamvis

336 5475 395 5528 et
422 5488 609 5530 annos
640 5475 1117 5547 comprehendat.

411 5566 521 5618 Lex
546 5580 679 5619 vero
711 5581 837 5636 quae
872 5565 971 5623 illa
1008 5569 1208 5625 omnia
1251 5568 1677 5642 complectitur,
1708 5575 1794 5629 est
1822 5588 1979 5630 com-

335 5652 533 5709 munis
562 5653 741 5711 totius
772 5655 1103 5728 reipublicae
1154 5659 1413 5731 sponsio,
1446 5659 1791 5720 delictorum
1821 5681 1979 5723 coer-

1648 300 2064 363 MlCHAELlS
2109 302 2380 362 PSELLl

3590 306 3714 366 928

1977 439 2033 506 Α
2062 432 2197 515 Τοὺς
2229 435 2494 509 νομικοὺς
2528 436 2809 506 συνέταξαν
2844 432 2920 499 εἶς
2957 434 3134 513 βραχὺ
3164 459 3215 492 τι
3252 432 3491 514 βιϐλίον·

2060 527 2257 589 Ῥοπὰς
2316 524 2362 581 δ’
2418 525 2475 583 ἐκ
2537 527 2735 603 μέρους
2794 526 3035 604 λέγουσι,
3084 528 3227 604 ἓχει,
3277 529 3380 605 γὰρ
3438 527 3531 583 καὶ
3585 526 3718 591 τοὺς

3355 618 3639 695 [χρόνους.

2131 707 2192 764 Ὀ
2227 705 2282 762 δέ
2308 728 2367 782 γε
2399 708 2739 781 περιεκτικὸς
2778 707 2985 762 τούτων
3020 705 3269 763 ἁπάντων
3300 707 3494 783 νόμος,

2060 797 2226 866 Κοινὴ
2263 798 2495 867 συνθήκη
2529 796 2732 874 πέφυκε
2763 797 2943 867 πάσης
2969 804 3067 867 τῆς
3099 796 3396 869 πολιτείας,

2060 884 2384 959 Πλημμελη
2399 887 2581 959 μάτων
2608 885 2873 959 κώλυσις,
2904 890 3011 941 τῶν
3046 887 3179 942 κατὰ
3200 887 3395 963 γνῶσιν
3429 888 3625 958 πλέον,

2062 975 2417 1045 Δικαιοσύνης
2441 976 2709 1051 χορηγὸς,
2744 973 2925 1051 δόγμα
2955 976 3348 1053 συνετωτέρων.

2134 1073 2456 1136 Δικαιοσύνη
2493 1064 2549 1120 δέ
2579 1064 2689 1120 ἐστι
2725 1068 3103 1142 σταθηροτάτη
3136 1068 3330 1144 γνώμη

2058 1159 2190 1217 Τοῖς
2220 1162 2347 1210 πᾶσι
2383 1153 2709 1229 διανέμουσα
2740 1156 2801 1210 τὸ
2833 1157 2949 1210 κατ’
2978 1156 3125 1227 ἀξίαν
3164 1155 3374 1231 μέτρον·

2059 1246 2135 1303 Τὸ
2157 1244 2390 1319 νόμιμνν
2425 1242 2481 1300 δὲ
2514 1246 2714 1323 πέφυκε
2748 1244 3094 1316 δικαιοσόνης
3130 1247 3313 1323 μέρος.

2060 1335 2206 1407 Αὕτη
2238 1336 2340 1410 γάρ
2374 1335 2459 1390 καὶ
2491 1335 2553 1389 τὸ
2581 1336 2805 1412 φυσικὸν
2837 1334 2977 1391 ἄλλο
3001 1358 3051 1391 τι
3091 1335 3251 1412 μέρος
3284 1334 3423 1412 ἔχει,

2059 1427 2128 1480 Τὸ
2159 1425 2294 1480 κατὰ
2322 1427 2421 1495 τήν
2447 1423 2751 1492 συνείδησιν
2783 1428 3106 1502 κρειττόνων
3138 1425 3226 1480 καῖ
3259 1423 3551 1502 χειρόνων.

2059 1516 2133 1571 Τὸ
2165 1515 2268 1591 γὰρ
2302 1512 2496 1569 λοιπὸν
2527 1514 2590 1570 τὸ
2620 1515 2865 1593 φυσικὸν,
2896 1516 3078 1591 τρίτον
3105 1519 3202 1570 τοῦ
3231 1517 3404 1591 νόμου
3438 1517 3627 1591 μέρος.

2057 1603 2127 1658 Τὸ
2164 1605 2258 1677 μὲν
2289 1606 2389 1679 γάρ
2421 1602 2625 1659 τοῦτων
2662 1606 2906 1682 φυσικὸν,
2938 1606 2998 1659 τὸ
3029 1606 3080 1680 γ’
3111 1603 3319 1669 ἐθνικὸν
3352 1606 3631 1683 τυγχάνει,

2058 1695 2127 1748 Τὸ
2170 1691 2225 1748 δὲ
2256 1692 2704 1769 πολιτικώτερον,
2732 1694 2821 1748 καὶ
2858 1693 3219 1769 μερικώτερόν
3248 1716 3385 1767 πως,

1984 1824 2026 1888 Β
2058 1783 2262 1888 Text»
2294 1783 2398 1859 γὰρ
2429 1780 2552 1858 περὶ
2582 1786 2823 1859 φυσικῶν
2845 1781 3178 1859 πραγμάτων
3212 1781 3565 1859 δογματίζον,

2062 1870 2423 1946 Συλλήψεως,
2452 1873 2773 1948 γεννήσεως,
2809 1873 3069 1947 σχέσεως,
3103 1872 3407 1951 συναφείας.

2059 1962 2238 2019 Αὐτοῦ
2269 1960 2434 2035 ψιλοῦ
2464 1965 2561 2015 τοῦ
2593 1961 2937 2036 πράγματος,
2969 1966 3064 2016 τοῦ
3093 1959 3273 2033 τοῦδε,
3302 1962 3391 2016 καὶ
3422 1959 3662 2033 τοιοῦδε,

2062 2052 2318 2125 Νόμιμον
2352 2048 2578 2126 γενικῶς
2611 2050 2743 2123 ἐστι,
2779 2052 3000 2129 φυσικὸν
3026 2048 3070 2106 δ’
3100 2049 3185 2105 ἐπὶ
3222 2051 3435 2128 μέρους.

2064 2144 2142 2200 Τὸ
2177 2141 2377 2217 βλέπον
2409 2138 2453 2195 δ’
2486 2141 2559 2202 εἷς
2594 2136 2906 2213 συμϐόλαια
2936 2140 3093 2219 φύσιν
3128 2139 3622 2217 συναλλαγμάτων,

2067 2231 2289 2289 Πάντων
2324 2231 2491 2285 εἰπεῖν
2518 2234 2626 2285 τῶν
2658 2230 2776 2293 καθ’
2814 2232 2963 2303 ἡμᾶς
2990 2227 3188 2285 κοινῶν
3218 2228 3665 2304 πολιτευμάτων,

2067 2321 2323 2394 Νόμιμον
2356 2319 2564 2384 ἐθνικόν
2598 2319 2757 2391 ἐστιν,
2792 2319 2919 2395 οὐχὶ
2945 2320 3008 2375 τὸ
3045 2314 3418 2395 βαρϐαρῶδες,

2068 2410 2140 2467 Td
2172 2413 2274 2486 γὰρ
2304 2414 2400 2465 τοῦ
2425 2407 2614 2474 ’έθνους
2646 2405 2818 2482 ὄνομα
2847 2413 3091 2482 νομικῶς
3128 2408 3244 2485 εἷρη
3259 2410 3433 2481 μένον,

2071 2505 2239 2557 Γενῶν
2269 2499 2644 2570 συλληπτικόν
2667 2498 2775 2553 ἐστι
2805 2494 2997 2571 νόμοις
3025 2499 3415 2571 ὑποκειμένων.

2075 2588 2369 2648 Πολιτικὸν
2404 2586 2461 2643 δὲ
2490 2588 2751 2662 νόμιμον,
2777 2588 3025 2658 τοπικὸν,
3058 2587 3147 2642 καὶ
3179 2583 3461 2665 χρειῶδες.

2065 2681 2144 2738 Τὸ
2166 2677 2337 2735 πάλαι
2367 2677 2621 2754 τριμερές
2656 2676 2766 2733 ἐστι
2791 2676 2985 2732 τούτου
3018 2678 3122 2752 γὰρ
3153 2681 3250 2732 τοῦ
3281 2676 3543 2750 νομίμου,

2068 2774 2251 2827 ’Ἔστιν
2283 2770 2310 2823 ὁ
2343 2765 2744 2831 δωδεκάδελτος
2770 2771 2877 2822 τῶν
2908 2764 3115 2822 δώδεκα
3146 2764 3372 2841 λογίων,

2069 2862 2143 2914 Τὰ
2177 2857 2442 2936 βασιλέων
2478 2858 2750 2935 Δόγματα,
2786 2858 2835 2911 οἱ
2868 2857 3049 2929 Νόμοι
3082 2861 3191 2911 τῶν
3223 2856 3568 2931 πραιτώρων.

2144 2948 2273 3024 Περὶ
2307 2946 2352 3003 δ’
2386 2948 2415 3002 ἂ
2446 2948 2882 3021 πραγματεύεται
2914 2947 2974 3000 τὸ
3003 2945 3244 3019 νόμιμον
3278 2944 3488 3021 ῥητέον.

2072 3038 2189 3095 Εἰσὶ
2223 3036 2280 3093 δὲ
2306 3042 2492 3109 ταῦτα,
2522 3040 2809 3112 πρόσωπα,
2844 3034 3164 3112 πράγματα,
3198 3034 3400 3111 ἀγωγαί
3429 3054 3506 3089 τε.

2078 3126 2313 3184 Πολλῶν
2348 3125 2392 3182 δ’
2424 3126 2596 3182 οὐσῶν
2629 3130 2734 3182 τῶν
2770 3126 3003 3203 ἀγωγῶν
3032 3126 3283 3201 τέσσαρες
3320 3126 3374 3180 αἱ
3407 3121 3662 3200 μητέρες,

3367 3213 3532 3271 Vers.
3564 3214 3661 3269 93.

2000 3438 2042 3504 C
2082 3436 2238 3505 citio,
2272 3453 2472 3493 eorum
2522 3436 2775 3492 maxime
2823 3450 2950 3506 quae
3004 3436 3211 3505 sponte
3260 3430 3739 3498 committuntur,

2073 3526 2321 3599 justitiae
2374 3526 2610 3598 praesul,
2662 3522 3089 3597 sapientiorum
3138 3527 3195 3577 et
3243 3519 3743 3593 perspicaciorum

2083 3618 2404 3672 decretum.

2152 3705 2390 3760 Justitia
2420 3708 2509 3760 est
2540 3701 3026 3758 constantissima
3054 3700 3347 3769 voluntas,
3380 3714 3482 3770 pro
3531 3697 3745 3753 merito

2082 3798 2139 3850 et
2168 3794 2452 3866 dignitate
2496 3792 2773 3848 omnibus
2822 3806 3163 3846 mensuram
3212 3788 3597 3843 distribuens.
3628 3787 3747 3842 Jus

2083 3886 2173 3939 est
2199 3882 2435 3951 justitiaa
2470 3898 2626 3953 pars,
2660 3898 2787 3952 qua
2836 3884 2895 3935 et
2927 3879 3102 3935 aliam
3156 3882 3378 3949 partem
3414 3876 3615 3946 habet,
3642 3877 3749 3947 jus

2087 3970 2352 4027 naturale
2404 3969 2645 4036 scilicet,
2680 3969 2834 4041 quod
2886 3968 2946 4023 in
2996 3968 3282 4023 bonorum
3336 3971 3393 4021 et
3446 3964 3747 4020 malorum

2087 4058 2446 4116 conscientia
2477 4062 2767 4114 consistit.
2820 4057 3132 4129 Reliquum
3168 4072 3297 4111 vero
3322 4056 3425 4126 jus
3476 4054 3755 4109 naturale

2087 4154 2176 4206 est
2206 4148 2376 4204 tertia
2424 4165 2559 4218 pars
2604 4147 2777 4217 juris,
2830 4147 2984 4217 quod
3039 4144 3326 4199 dividitur
3369 4143 3430 4198 in
3480 4141 3758 4197 naturale

2088 4237 2352 4309 gentium
2384 4241 2441 4291 et
2469 4235 2657 4301 civile,
2684 4251 2784 4290 seu
2818 4233 3019 4289 locale.
3052 4233 3214 4295 Quod
3260 4232 3331 4287 de
3365 4231 3543 4287 rebus
3577 4238 3759 4285 natu-

2090 4325 2314 4381 ralibus
2366 4325 2595 4391 statuit,
2638 4322 3033 4395 conceptione,
3081 4320 3405 4387 nativitate,
3457 4318 3757 4390 appetitu,

2092 4414 2273 4470 maris
2322 4419 2378 4468 et
2426 4413 2655 4469 feminae
2710 4410 3145 4482 conjunctione,
3195 4408 3294 4463 illo
3334 4413 3393 4463 et
3451 4406 3552 4462 illo
3588 4406 3759 4461 nudo

2092 4504 2347 4575 negotio,
2382 4507 2473 4558 est
2528 4503 2584 4557 in
2639 4517 2847 4574 genere
2896 4502 3023 4571 jus,
3075 4498 3131 4553 in
3187 4496 3403 4568 specie,
3452 4494 3757 4551 naturale.

2091 4592 2251 4657 Quod
2285 4608 2417 4647 vero
2448 4594 2675 4664 spectat
2704 4593 2975 4645 naturam
3006 4590 3437 4654 contractuum,
3460 4588 3520 4640 et
3542 4600 3756 4639 earum

2092 4681 2358 4737 omnium
2402 4680 2695 4736 actionum
2747 4695 2873 4750 quae
2924 4678 2994 4733 ad
3046 4689 3423 4733 communem
3481 4677 3757 4729 nostram

2094 4771 2433 4826 societatem
2468 4768 2781 4840 pertinent,
2806 4769 2909 4837 jus
2939 4763 3199 4836 gentium
3235 4763 3474 4829 dicitur,
3508 4778 3628 4818 non
3658 4766 3757 4817 ta-

2096 4877 2228 4916 men
2281 4858 2686 4915 barbaricum:
2743 4872 2953 4912 nomen
3005 4853 3163 4909 enim
3214 4852 3481 4925 gentium
3541 4850 3643 4907 hic
3674 4851 3763 4906 ita

2103 4949 2275 5004 debet
2304 4947 2508 5019 accipi,
2543 4952 2607 5001 ut
2660 4963 2758 5002 eas
2810 4945 2999 5001 solum
3052 4942 3320 4998 nationes
3362 4957 3492 5013 quae
3521 4938 3764 5013 legibus

2102 5044 2327 5111 parent,
2348 5055 2474 5094 com
2484 5036 2736 5109 plectatu
2748 5052 2786 5091 r.
2798 5033 2975 5089 Civile
2987 5034 3089 5105 jus
3106 5036 3196 5088 est
3218 5029 3422 5096 locale,
3445 5033 3502 5084 et
3516 5046 3587 5084 ex
3616 5046 3763 5099 usu,

2099 5128 2252 5198 quod
2280 5126 2638 5199 jampridem
2661 5124 3021 5197 tripertitum
3052 5126 3163 5177 est.
3192 5120 3380 5192 Hujus
3412 5118 3570 5175 enim
3594 5117 3764 5188 juris

2099 5223 2293 5288 partes
2324 5222 2486 5285 sunt,
2533 5218 2712 5289 Leges
2761 5213 3065 5271 duodecim
3118 5211 3479 5281 tabularum,
3510 5212 3763 5265 Decreta

2100 5307 2458 5379 principum,
2489 5306 2689 5361 Edicta
2719 5308 3054 5377 praetorum.

2170 5397 2336 5451 Nunc
2366 5412 2498 5451 vero
2529 5394 2842 5450 dicendum
2875 5396 2961 5449 est
2990 5391 3144 5447 circa
3180 5406 3309 5461 qua:
3331 5388 3435 5460 jus
3460 5390 3754 5443 versetur.

2098 5485 2178 5542 Ea
2208 5489 2349 5541 sunt
2380 5501 2664 5557 personae,
2697 5500 2787 5539 res
2838 5487 2897 5538 et
2918 5480 3197 5537 actiones.
3247 5477 3586 5543 Actionum,
3620 5491 3755 5548 qua

2098 5575 2295 5648 plures
2327 5578 2484 5641 sunt,
2520 5578 2772 5646 quatuor
2820 5574 3039 5627 matres
3072 5569 3370 5635 dicuntur,
3402 5581 3550 5638 quas
3600 5563 3758 5621 obli-

2096 5665 2356 5739 gationes
2385 5668 2612 5735 vocant,
2636 5662 2895 5735 legitima
2915 5658 3165 5730 vincula,
3197 5674 3278 5731 re,
3308 5656 3484 5715 verbis
3516 5653 3756 5723 Litteris,
