4054 6200
314 345 441 405 9‘29

316 481 419 542 Ἀς
448 476 642 554 ένοχᾶς
676 477 986 551 ὠνόμασαν,
1019 473 1252 550 δεσμούς
1276 497 1427 539 τινας
1457 474 1721 540 δικαίους.

323 569 389 623 Ἥ
421 568 531 636 Ῥὲ,
564 569 599 637 ἡ
632 561 853 641 Βέρὸις,
887 567 1150 641 Δίττερις,
1183 565 1410 644 τετάρτη
1445 569 1479 636 ἡ
1511 567 1826 623 Κονσένσου.

317 658 391 713 Ἠ
428 657 514 712 Ῥὲ
545 661 710 732 γεννᾷ
739 655 1120 730 πραγματικὰς
1150 655 1365 731 ἀγωγὰς
1395 661 1521 732 γοῦν
1565 655 1654 711 καὶ
1691 655 1875 729 μόνας.

319 749 523 821 Μήτηρ
554 743 612 802 δὲ
641 740 838 823 Βέρϐις
869 744 1046 824 πέφυκ
1075 746 1087 767 ⁹
1113 749 1147 816 ἡ
1181 747 1303 822 περὶ
1338 744 1389 817 ἐξ
1421 744 1774 804 στιπουλάτο.

323 835 564 892 Πλάττει
593 835 684 891 καὶ
713 837 747 906 ἠ
780 837 1084 893 Κονσένσου
1117 832 1174 891 δὲ
1202 835 1296 897 τὰς
1317 835 1641 899 συναινέσεις
1673 832 1805 909 ἅμα.

319 926 392 982 Ἦ
422 925 673 1000 Λίττερις
701 924 769 981 τὰ
791 923 1088 1000 γράμματα
1115 923 1294 1002 γυμνᾶ
1318 923 1653 1002 πραγμάτων
1677 924 1885 1001 τεύχει,

323 1015 392 1073 Εἰ
421 1016 523 1092 γὰρ
552 1035 636 1076 τις
671 1013 836 1090 χρέος
864 1014 1121 1090 γράψειεν
1154 1013 1457 1090 ἀνάργυρον
1489 1012 1539 1070 έν
1572 1014 1808 1082 τούτοις,

325 1103 429 1159 Καὶ
464 1105 542 1177 μῆ
575 1104 900 1178 προσθήσει,
932 1099 1186 1171 δέσποτα,
1223 1101 1427 1176 μέμψιν
1460 1100 1806 1178 ἀναργυρίας,

324 1193 429 1249 Καὶ
460 1190 645 1262 διετής
678 1191 944 1267 ἐκρεύσειε
974 1190 1176 1267 χρόνος
1207 1188 1259 1245 ἐν
1297 1193 1444 1264 μέσῳ
1475 1189 1664 1262 πάλιν,

327 1284 647 1360 Γράμμασι,
680 1279 932 1351 δέσποτα,
963 1279 1156 1337 λοιπὸν
1191 1285 1600 1355 κατακρατεῖται
1637 1301 1844 1354 μονοις.

325 1374 443 1442 Τὴν
477 1372 683 1448 λίτεριν
716 1369 774 1428 δὲ
793 1369 1121 1426 πλάττουσιν
1154 1369 1204 1441 ἐξ
1244 1369 1476 1446 ἡσυχίας
1512 1371 1702 1444 μόνης,

327 1463 522 1532 ἩῬὶ,
564 1460 817 1536 σημαίνει
849 1460 1161 1539 πράγματα,
1195 1462 1230 1530 ἡ
1283 1454 1500 1535 Βέρϐις,
1533 1458 1732 1534 ψιλοὺς
1771 1457 1991 1535 λόγους.

330 1555 402 1611 Ἣ
432 1552 702 1626 Λίττερις,
733 1553 799 1606 τὰ
827 1550 1151 1626 γράμματα,
1174 1549 1452 1619 κονσένσο,
1486 1548 1836 1612 συναινέσεις.

332 1641 571 1713 Ἑκάστη
606 1637 664 1696 δὲ
692 1645 800 1695 τῶν
832 1641 1064 1716 ἀγωγῶν
1098 1639 1317 1715 ἀγωγὰς
1348 1637 1563 1701 πολλὰς
1593 1637 1789 1697 τίκτει.

336 1732 464 1788 Ἐπὶ
496 1728 552 1787 δέ
577 1752 663 1793 τις
693 1729 934 1807 ἐνέχεται
957 1726 1334 1803 πλημμελῶν.
1365 1726 1402 1798 ἤ
1436 1723 1797 1801 συμϐάλλων,

333 1823 407 1878 Ἠ
438 1821 810 1900 φανερώτερον
837 1819 1029 1887 εἰπεῖν,
1063 1818 1198 1894 πρός
1229 1839 1379 1882 τινας
1405 1816 1816 1876 συναλλάσσων.

336 1912 481 1967 Ἀπὸ
513 1908 569 1966 δὶ
588 1908 1082 1984 πλημμελήματος
1113 1909 1329 1986 ἀγωγὰς
1359 1905 1537 1983 εὕροις
1564 1908 1786 1978 ταύτας,

332 2003 446 2069 Τῆν
507 1999 785 2076 Φούρτην,
835 2001 932 2069 τὴν
994 1999 1120 2076 περὶ
1175 1997 1412 2068 κλοπῆς,
1464 2005 1528 2054 Βι
1590 1999 1868 2074 βονορουμ
1899 2019 1998 2075 ρα-

1591 2093 1887 2164 Ιπτορουμ,

333 2179 496 2240 Ἦτις
529 2177 704 2254 βιαίαν
739 2178 988 2254 ἁρπαγὴν
1033 2179 1366 2252 πραγμάτων
1402 2177 1714 2253 ὲρμηνεύει,

333 2269 454 2336 Τὴν
491 2269 893 2342 Ἰνιουριάρουμ
922 2268 1000 2337 τὲ,
1032 2266 1153 2336 ἥτις
1187 2262 1340 2341 ὕϐριν
1369 2267 1651 2339 σημαίνει,

330 2358 441 2416 Τὸν
471 2378 532 2412 τε
565 2356 657 2431 μὶν
688 2356 1023 2427 ’Δκουίλιον,
1054 2358 1145 2410 τὸν
1175 2355 1296 2430 περὶ
1327 2360 1427 2421 τῆς
1462 2355 1661 2429 ζημίας
1695 2373 1707 2388 ·

329 2447 424 2517 Ἐξ
457 2448 529 2501 ὧν
558 2446 723 2502 πάλιν
756 2446 830 2508 ὡς
861 2451 1148 2519 ποταμῶν,
1182 2445 1464 2522 ῥευμάτων
1492 2465 1547 2499 τε
1580 2442 1870 2518 δευτέρων,

332 2535 610 2609 Κρουνοὺς
643 2535 888 2609 εὑρήσεις
921 2535 1145 2610 ἀγωγῶν
1179 2534 1506 2611 προσφόρως
1540 2532 1885 2608 ἐκχυθέντας.

407 2626 575 2700 Ὅρος
606 2621 664 2679 δὲ
694 2623 1170 2698 συναλλαγματος,
1205 2624 1279 2686 ὡς
1302 2621 1465 2697 ἤρεσε
1494 2628 1610 2684 τοῖς
1642 2622 1858 2695 νόμοις,

331 2713 672 2776 Συναίνεσις,
703 2713 794 2768 καὶ
825 2713 1096 2772 σύννευσις
1126 2710 1396 2766 πλειόνων
1429 2709 1777 2783 θελημάτων,

327 2805 405 2860 Ἦ
435 2801 532 2857 δύο
561 2803 624 2857 τὸ
655 2801 972 2878 ἐλάχιστον,
1005 2802 1081 2863 εἱς
1114 2800 1243 2855 αὐτὸ
1275 2798 1720 2874 συνδραμόντων.

328 2893 483 2947 “Ὠστ’
515 2889 712 2966 ἐνοχῆς
747 2892 1077 2961 ποιήσασθαι
1110 2887 1336 2961 δύναμιν
1370 2889 1675 2964 παραυτίκα
1708 2908 1720 2920 ·

332 2983 427 3043 Εἷς
457 2982 620 3056 χάριν
649 2978 705 3035 δὶ
736 2979 927 3057 ῥητέον
960 3001 1057 3034 σου
1087 2982 1194 3034 τῶν
1226 2977 1428 3053 ένιδχῶν
1463 2977 1713 3048 ἑκάστην,

329 3071 447 3134 Τὰς
477 3070 751 3147 φυομὲνας
780 3069 999 3145 ἀγωγὰς
1023 3066 1096 3122 ’ἶν’
1122 3063 1254 3142 ἔχῃς
1283 3065 1622 3141 ἀσυγχύτως.

331 3159 440 3216 Καὶ
468 3159 567 3221 τὰς
604 3159 839 3231 μητέρας
859 3153 1119 3233 ἀκριϐῶς,
1152 3157 1287 3232 πρὸς
1323 3154 1380 3211 δὶ
1407 3156 1503 3218 τὰς
1533 3154 1842 3231 θυγατέρας.

331 3251 454 3317 Τῆς
485 3247 547 3324 et
572 3254 673 3318 τῆς
697 3246 751 3302 ἰν
778 3253 896 3310 τοῖς
925 3247 1231 3324 πράγμασιν
1260 3242 1392 3316 ἔστι,
1425 3247 1460 3314 ἡ
1493 3244 1789 3314 Δεποσίτης

331 3553 544 3621 quarta
599 3548 896 3604 Camenae.
956 3546 1246 3620 Obligatio
1304 3563 1432 3618 qua:
1489 3563 1550 3601 re
1602 3546 1991 3615 contrahitur,

337 3639 535 3711 gignit
566 3637 720 3693 solas
753 3637 939 3692 reales
971 3638 1251 3692 actiones.
1285 3641 1419 3704 Quen
1461 3638 1655 3701 verbis,
1692 3640 1878 3690 mater
1908 3639 1997 3690 est

336 3728 590 3784 actionis
619 3744 689 3782 ex
719 3725 1025 3798 stipulato.
1060 3728 1195 3790 Quae
1217 3725 1724 3792 consensu,l‘ormat
1754 3740 1996 3781 conven-

336 3818 552 3872 tiones.
585 3818 720 3882 Qua
755 3815 978 3881 lit/eris,
1005 3815 1226 3870 nudam
1251 3831 1444 3869 rerum
1478 3813 1829 3885 scripturam
1854 3830 1996 3868 con-

335 3906 532 3960 struit.
569 3905 628 3960 Si
663 3904 793 3976 quis
824 3904 980 3959 enim
1012 3904 1274 3958 debitum
1311 3920 1422 3958 non
1487 3906 1795 3957 numerata
1822 3918 1996 3972 pecu-

337 3995 436 4050 nia
468 3993 791 4064 scripserit,
844 4009 1052 4064 neque,
1105 4009 1137 4047 o
1182 3993 1438 4059 domine,
1495 3991 1651 4046 intra
1690 3990 1996 4046 biennium

337 4085 406 4139 de
438 4083 691 4155 pecunia
722 4099 834 4137 non
870 4087 1182 4136 numerata
1211 4082 1505 4152 querelam
1542 4079 1807 4143 moverit,
1841 4077 1999 4134 dein-

338 4188 477 4244 ceps
508 4172 663 4238 quod
715 4171 856 4227 solis
902 4170 1116 4226 litteris
1167 4170 1425 4225 debitum
1462 4174 1573 4236 est,
1621 4168 1994 4240 praevalebit:

339 4260 466 4316 solo
497 4259 732 4315 silentio
779 4259 1060 4331 obligatio
1107 4258 1317 4314 litteris
1365 4257 1753 4314 contrahitur.
1786 4259 1880 4322 Kc,
1912 4256 1998 4312 si-

338 4349 586 4422 gniﬁcat
645 4365 737 4404 res
803 4350 1014 4415 Verbis,
1077 4348 1268 4404 nudos
1327 4364 1687 4403 sermones:
1746 4348 1996 4418 Litteris,

339 4439 701 4510 scripturam
730 4453 744 4493 :
778 4437 1074 4507 Consensu,
1123 4441 1311 4509 pacta.
1368 4437 1582 4492 Deinde
1611 4435 1744 4507 quis
1773 4435 1997 4508 obliga-

339 4533 463 4593 tur,
494 4525 582 4581 vel
614 4527 986 4599 delinquens,
1019 4526 1105 4582 vel
1139 4525 1512 4593 contrahens,
1540 4524 1651 4596 vel,
1685 4528 1750 4579 ut
1780 4524 1998 4581 clarius

340 4615 562 4682 dicam,
595 4631 718 4670 rem
770 4615 1024 4685 aliquam
1085 4631 1216 4670 cum
1251 4614 1384 4669 aliis
1417 4631 1617 4686 agens.
1675 4613 1757 4668 Ex
1785 4612 1996 4668 delicto

344 4706 454 4759 has
513 4704 776 4760 actiones
854 4704 1217 4776 comperies,
1276 4705 1470 4772 Furti,
1530 4700 1658 4775 Περὶ
1714 4697 1929 4769 κλοπῆς
1979 4718 1994 4758 :

351 4795 412 4848 Vi
473 4793 736 4849 bonarum
793 4800 1114 4863 raptorum,
1174 4808 1351 4863 quam
1423 4790 1741 4845 violentum
1797 4807 1993 4846 rerum

339 4887 581 4954 raptum
613 4883 1034 4953 interpretare:
1069 4882 1435 4950 Iniuriarum,
1469 4896 1595 4951 qua:
1641 4879 1996 4951 petulantem

340 4971 767 5027 contumeliam
828 4971 1159 5041 significat:
1221 4971 1459 5042 Aquilia?
1488 4969 1633 5042 legis
1684 4969 1996 5038 actionem,

340 5061 467 5116 sive
499 5061 576 5115 De
602 5060 820 5115 danmo.
864 5061 945 5115 Ex
974 5060 1186 5130 quiblis
1240 5065 1523 5129 tanquam
1579 5059 1913 5129 liuviorum,
1942 5064 2000 5114 et

340 5153 633 5206 ﬂuctuum
669 5150 1064 5204 secundorum
1097 5149 1487 5220 scaturigines
1519 5147 1816 5202 actionum
1849 5163 2001 5202 com-

341 5239 519 5294 mode
551 5237 826 5298 salientes
857 5238 1128 5309 reperies.

417 5326 689 5382 Deﬁnitio
701 5331 1057 5394 contractus,
1084 5331 1144 5381 ut
1161 5326 1388 5398 legibus
1407 5324 1744 5398 placuit,est
1761 5341 2002 5380 consen-

342 5433 451 5473 sus
483 5420 540 5469 et
568 5416 925 5487 conspiratio
958 5415 1240 5487 plurium,
1272 5415 1360 5470 vel
1405 5415 1477 5469 ad
1511 5415 1708 5469 minus
1747 5414 1999 5470 duarum

342 5504 719 5560 voluntatum
753 5504 826 5558 ad
857 5503 1012 5558 idem
1055 5503 1552 5558 concurrentium.
1605 5502 2001 5566 Quemadmo-

345 5594 493 5651 dum
543 5592 826 5665 obligatio
885 5593 1065 5649 robur
1118 5593 1400 5662 obtineat,
1459 5591 1657 5649 statim
1716 5591 1998 5649 dicemus.

343 5683 519 5746 Nunc
549 5683 708 5742 enim
745 5681 828 5740 tui
874 5681 1062 5760 gratia
1107 5681 1352 5758 singulas
1395 5681 1780 5759 obligationss
1818 5682 1998 5759 expli-

1677 345 2056 408 SYNOPSIS
2103 345 2394 409 LEGUM.

3619 343 3742 408 930

1999 481 2053 549 Α
2085 476 2396 548 Ἑλληνιστῖ
2431 475 2482 532 δῖ
2504 476 2705 556 πέφυκε
2726 480 2761 548 ἡ
2794 477 3220 554 παρακαταθήκη
3254 497 3267 510 ·

2088 571 2149 626 Ἠ
2173 564 2514 642 Κομμοδάτη
2549 565 2817 642 δεύτερον,
2843 574 3042 643 χρῆσις
3069 571 3176 622 τῶν
3212 564 3510 641 δεδομένων
3544 588 3558 604 ο

2093 659 2155 714 Ἠ
2190 656 2568 734 Πιγνερατικία
2595 678 2674 727 τε,
2707 659 2742 726 ἡ
2764 658 2887 733 περὶ
2912 655 3182 733 ἐνεχύρων
3213 675 3225 689 ·

2091 747 2156 805 Ἡ
2187 747 2310 823 περὶ
2342 748 2682 818 ἀπαιτήσεως
2716 744 3095 823 κληρονομίας
3124 744 3295 820 ἄλλη,

2093 839 2194 894 "HV
2227 833 2573 913 Ἐρεδιτάτης
2606 836 2827 912 λέγουσι
2859 836 3101 913 περίτζιο
3134 842 3354 892 Λατῖνοι
3390 857 3402 871 ο

2095 926 2236 1002 Πρὸς
2270 923 2327 980 δὲ
2356 923 2420 981 αδ
2451 921 2772 1000 εξιϐεύδουμ
2801 925 3043 990 Λατίνως
3066 925 3352 1002 εἷρημένη,

2094 1016 2159 1074 Ἣ
2190 1015 2314 1091 περὶ
2341 1014 2724 1090 παραστάσεως
2752 1016 3084 1092 πραγμάτων
3117 1016 3526 1091 κεκρυμμένων.

2094 1107 2201 1169 Τῆς
2230 1103 2288 1180 ῥὲ
2316 1101 2764 1174 κονδικίκιος,.ἠν
2793 1102 2898 1180 ῥὲμ
2927 1101 2984 1159 δὲ
3013 1107 3046 1174 ἡ
3078 1104 3316 1160 καθόλου
3341 1123 3355 1137 ·

2097 1194 2240 1269 Πρὸς
2267 1192 2483 1255 τούτοις
2511 1195 2576 1249 τὰ
2608 1190 2953 1270 Ἰντέρδικτα,
2985 1193 3109 1263 ἤτοι
3141 1195 3526 1272 παραγγελίαι.

2095 1289 2203 1353 Τῆς
2263 1277 2456 1357 Βερϐις
2516 1279 2573 1338 δὲ
2628 1289 2728 1354 τῆς
2793 1281 2996 1358 ἐνοχῆς
3074 1283 3238 1357 ἐστιν,
3316 1287 3350 1355 ἡ
3415 1283 3466 1356 ἐξ
3524 1306 3745 1342 στιπου-

3462 1376 3640 1450 [Λάτο,

2098 1461 2220 1538 Ἀφ’
2241 1461 2310 1530 ἧς
2339 1461 2366 1515 ὁ
2397 1461 2615 1538 τζέρτος
2645 1460 2848 1540 πέφυκε
2879 1460 3247 1527 κονδικτίκιος
3275 1465 3482 1539 τρέχει,

2102 1550 2242 1624 Πρὸς
2267 1549 2466 1620 ταύτης
2493 1550 2581 1605 καὶ
2615 1550 2642 1605 ὁ
2677 1547 2969 1627 ῗντζερτος,
3006 1552 3211 1627 ἀῦωγαὶ
3240 1549 3287 1607 δ’
3316 1553 3472 1609 αὗται
3501 1551 3620 1625 δύο,

2106 1641 2192 1713 Ἐξ
2225 1638 2558 1696 στιπουλάτο
2593 1636 2648 1694 δέ
2680 1640 2848 1708 ἐστιν,
2879 1640 3239 1717 ἐπερώτησις,
3270 1639 3414 1713 ἅναξ.

2111 1733 2258 1787 Πᾶσα
2292 1725 2352 1784 δέ
2375 1731 2424 1805 γ’
2452 1727 2810 1804 ἐπερώτησις,
2841 1727 2876 1799 ἤ
2909 1728 3120 1803 δήλων,
3222 1730 3486 1807 κρυφίων,

2109 1821 2326 1842 ’r‘,,!_"_
2364 1819 2378 1842 ς
2419 1840 2472 1842 ..γ
2524 1816 2547 1842 9
2578 1819 2688 1842 ,,,',,
2731 1840 2739 1842 ξ
2769 1841 2777 1842 ,
2843 1817 2868 1838 ν
2907 1820 3013 1842 ουρ.
3201 1819 3226 1842 ν
3259 1820 3276 1838 ιτ
3348 1822 3393 1842 ul

2109 1821 2120 1842 ν
2213 1821 2224 1840 ν
2280 1821 2302 1836 ν-
2524 1819 2547 1835 ﬁ
2650 1819 2660 1837 ,
2843 1819 2868 1838 ν
2972 1820 2982 1840 1
3201 1819 3226 1842 ν
3259 1820 3276 1838 ’Υ
3382 1822 3393 1839 Ι

2031 1862 2078 1926 Β
2110 1825 2205 1926 Et?
2247 1819 2386 1926 Otia
2419 1837 2801 1926 κοέοικτικιος,
2833 1841 2866 1889 η
2899 1824 3160 1926 τςερτων,
3191 1843 3224 1926 η
3261 1827 3567 1898 ιντζερτων.

2110 1910 2259 1965 Ἐστι
2293 1905 2349 1964 δὲ
2371 1906 2737 1972 κονδικτίκιος
2767 1908 3112 1980 ἀπαιτήσεως
3146 1910 3326 1988 φύσις,

2107 2001 2176 2056 ’Ή
2207 1997 2449 2074 τζέρτος,
2469 1995 2594 2066 ἤτοι
2627 2000 2871 2076 φανερὸς,
2897 1997 3175 2074 ’ίντζερτος
3207 2001 3602 2075 κεκρυμμένος.

2109 2089 2224 2156 Τῆς
2258 2081 2441 2163 βερϐίς
2474 2086 2676 2162 ἐνοχῆς
2711 2087 2848 2143 ἐστιν
2882 2089 2917 2157 ἥ
2953 2088 3368 2165 Ἐξστιματόρια

2104 2177 2267 2234 Ὅταν
2299 2173 2707 2250 διατιμύσωμαι
2739 2183 2970 2253 πρᾶγμα
2992 2177 3082 2233 καί
3105 2197 3192 2235 σοι
3225 2178 3457 2253 παρέξω,

2106 2265 2314 2336 Εἰπὼν,
2348 2267 2423 2327 ὡς
2455 2265 2684 2340 πράσας,
2719 2267 2963 2340 Κόμισον
2987 2267 3300 2342 νομίσματά
3333 2289 3427 2340 μοι
3456 2266 3610 2338 τόσα,

2105 2355 2165 2411 Εἰ
2199 2353 2255 2410 δὲ
2290 2356 2365 2428 μή
2389 2354 2522 2409 τόσα
2553 2352 2674 2426 δοίη
2709 2377 2810 2420 τις,
2847 2353 2997 2411 δίδου
3027 2358 3088 2410 τὸ
3122 2353 3430 2429 διδομένον.

2103 2449 2210 2515 Τῆς
2245 2438 2430 2520 βερϐις
2461 2445 2612 2508 αὖθις
2645 2443 2848 2520 ἐνοχῆς
2879 2443 2983 2519 ἦγε
3009 2446 3195 2518 Δάμνη
3229 2446 3467 2524 ὶνφάκτι,

2101 2538 2258 2596 ’Ήτις
2291 2539 2517 2589 κινεῖται
2551 2532 2848 2598 πίπτοντος
2877 2533 3120 2609 γείτονος
3152 2532 3448 2609 δωματίου.

2101 2629 2210 2692 Τῆς
2237 2617 2422 2699 βέρϐις
2451 2623 2617 2677 πάλιν
2649 2624 2850 2701 πέφυκε
2881 2623 2982 2698 ἥγε
3009 2623 3366 2700 Ηρεγατορία,

2102 2718 2170 2781 ᾟ
2201 2713 2289 2767 τὸν
2319 2711 2818 2788 κληρονομήσαντα
2852 2710 3099 2787 εὐλόγως
3131 2713 3217 2767 καὶ
3250 2713 3578 2792 προσφόρως

2103 2802 2196 2856 Ἐκ
2223 2801 2396 2855 πόσου
2431 2800 2628 2875 μέρους
2662 2799 2833 2874 ἐρωτᾷ
2863 2805 3038 2871 ζητεῖν
3071 2801 3468 2877 κληρονομίαν.

2099 2890 2162 2945 Ἠ
2194 2890 2570 2966 Λεγατόρουμ,
2602 2887 2746 2960 ἄλλη
2781 2911 2860 2951 τις
2892 2889 3155 2968 ἀσφάλεια
3186 2890 3440 2966 λεγάτου.

2099 2979 2164 3034 Ἠ
2197 3000 2256 3032 τε
2291 2979 2384 3049 μὲν
2410 2978 2701 3034 11εκνυνίαε
2731 2979 3108 3033 κονστιτούταε
3141 2979 3312 3050 αὖθις,

2095 3070 2251 3128 ’Ἠτις
2283 3068 2380 3134 τὴν
2413 3066 2800 3142 ἀντιφώνησιν,
2827 3067 2915 3120 καὶ
2949 3069 3048 3135 τήν
3082 3067 3275 3143 ἐγγύην
3307 3067 3472 3146 λέγει.

2097 3157 2213 3224 Τῆς
2243 3151 2289 3209 δ’
2313 3153 2510 3229 ὲνογῆς
2538 3160 2639 3222 τῆς
2664 3153 2906 3229 Λίττερις
2931 3156 3114 3230 ἀγωγὴ
3149 3151 3380 3212 Νοϐάτιο

2017 3230 2061 3296 C
2096 3244 2174 3300 Τὸ
2202 3243 2364 3320 χρέος
2387 3245 2758 3322 μεταφέρουσα
2783 3245 2846 3298 τὸ
2868 3242 3099 3300 παλαιὸν
3131 3243 3208 3309 εἷς
3232 3247 3373 3304 νέον.

3347 3335 3517 3392 Vers.
3553 3337 3678 3393 155.

2105 3545 2302 3601 caudae
2334 3547 2574 3611 sunt,ut
2605 3543 2881 3600 distincte
2910 3549 2966 3600 et
2995 3550 3212 3616 exacte,
3246 3550 3461 3604 matres
3493 3552 3550 3604 et
3577 3549 3753 3624 ﬁlias,

2106 3639 2272 3690 natas
2304 3634 2523 3690 scilicet
2571 3634 2853 3701 actiones,
2901 3634 3136 3691 habeas.
3194 3635 3484 3710 Obligatio
3533 3655 3661 3710 quae
3693 3656 3760 3697 re

2103 3722 2470 3779 contrahitur
2500 3723 2554 3777 in
2590 3723 2766 3778 rebus
2820 3729 2927 3792 est,
2960 3739 3028 3778 ex
3086 3741 3202 3796 qua
3233 3725 3420 3781 oritur
3468 3728 3618 3784 actio
3648 3730 3756 3784 De-

2103 3815 2289 3884 positi,
2341 3812 2535 3868 Graece
2583 3812 3055 3886 παρακαταθήκης
3105 3816 3468 3882 Commodati,
3501 3834 3629 3889 quae
3669 3823 3759 3874 est

2106 3919 2250 3958 usus
2308 3901 2390 3957 rei
2444 3901 2674 3956 tradita
2733 3906 2789 3956 et
2847 3901 3293 3958 commodatis:
3354 3907 3756 3977 Pignoralitia,

2105 4008 2232 4062 qua:
2263 3995 2352 4045 est
2382 3991 2452 4046 de
2485 3990 2848 4063 pignoribus.
2901 3989 3032 4046 Alia
3081 3989 3374 4061 ἀπαίτησις
3420 3998 3520 4063 τῆς
3547 3991 3757 4068 κληρο-

2103 4079 2340 4150 νομίας,,
2389 4097 2561 4150 quam
2615 4079 2802 4134 Latini
2856 4079 3195 4150 petitionem
3246 4081 3604 4140 haereditatis
3657 4100 3758 4139 vo-

2106 4176 2280 4224 cant:
2313 4169 2465 4223 actio
2498 4168 2673 4223 etiam
2727 4168 2798 4222 ad
2835 4168 3228 4238 exhibendum,
3281 4175 3345 4225 ut
3385 4172 3581 4227 Latine
3611 4173 3758 4229 dici-

2106 4262 2221 4327 tur,
2256 4274 2385 4329 que:
2413 4257 2484 4312 de
2516 4257 2691 4312 rebus
2722 4255 2988 4326 occultis,
3023 4262 3089 4311 ut
3124 4261 3314 4329 palam
3347 4259 3756 4330 exhibeantur,

2106 4351 2309 4402 contra
2340 4345 2486 4400 clam
2523 4345 2925 4416 possidentem
2976 4345 3253 4401 instituta
3301 4352 3425 4402 est:
3471 4350 3600 4420 ejus
3631 4365 3760 4420 quis

2106 4452 2166 4490 re
2199 4434 2566 4490 contrahitur
2613 4439 2703 4488 est
2759 4433 3068 4504 condictio,
3121 4451 3250 4506 quae
3305 4438 3652 4508 generaliter
3698 4438 3759 4494 in

2107 4541 2231 4579 rem
2284 4523 2518 4581 dicitur.
2572 4523 2681 4578 Eas
2731 4522 2992 4578 actiones
3042 4531 3376 4594 sequuntur
3423 4527 3756 4596 interdicta,

2107 4615 2226 4670 sive
2285 4613 2782 4669 denuntiationes.
2836 4618 2913 4668 Ex
2965 4613 3318 4686 obligatione
3365 4634 3488 4686 quae
3540 4619 3754 4688 verbis,

2106 4703 2263 4758 venit
2291 4720 2358 4759 ex
2406 4701 2717 4774 stipulato,
2752 4719 2781 4756 e
2832 4718 2949 4773 qua
2979 4702 3106 4756 dua:
3160 4703 3422 4761 actiones
3465 4706 3756 4778 oriuntur,

2108 4792 2397 4848 condictio
2428 4792 2573 4846 certi
2624 4795 2679 4846 et
2728 4790 2954 4845 incerti.
2991 4791 3067 4845 Ex
3114 4792 3391 4865 stipulato
3423 4800 3514 4851 est
3552 4793 3759 4870 ἐπερώ-

2105 4901 2284 4950 τησις,
2318 4881 2436 4936 sive
2483 4879 2887 4951 interrogatio,
2943 4897 2976 4934 o
3025 4880 3363 4954 imperator.
3420 4883 3624 4940 Omnis
3655 4902 3758 4941 au-

2107 4975 2220 5025 tem
2253 4969 2556 5040 stipulatio
2606 4973 2696 5023 est
2742 4984 2936 5024 rerum
2989 4970 3461 5037 manifestarum,
3505 4973 3595 5030 vel
3652 4975 3758 5030 ob-

2108 5075 2434 5124 scurarum,
2470 5058 2624 5112 unde
2657 5057 2797 5112 certi
2851 5062 2908 5112 et
2958 5057 3158 5114 incerti
3212 5061 3538 5118 condictio:
3587 5069 3761 5118 natu-

2108 5163 2229 5202 ram
2289 5145 2590 5218 petitionis
2639 5147 2929 5201 condictio
2978 5148 3361 5220 demonstrat,
3413 5152 3549 5205 certi
3605 5151 3758 5205 dilu-

2109 5237 2328 5303 cidum,
2362 5235 2566 5291 incerti
2617 5236 2914 5291 occultum
2950 5236 3260 5309 signiﬁcat.
3295 5243 3373 5293 Ex
3405 5238 3761 5312 obligatione

2108 5325 2324 5392 verbis,
2359 5324 2623 5380 nascitur
2649 5325 2824 5380 etiam
2884 5327 3269 5381 [Eslimatort’a
3298 5345 3316 5380 :
3349 5327 3398 5382 si
3431 5345 3550 5384 rem
3603 5329 3749 5384 aesti-

2110 5430 2289 5485 mem,
2320 5418 2377 5469 et
2403 5414 2508 5469 tibi
2545 5415 3004 5482 tradam,dicens
3036 5431 3101 5469 ac
3130 5415 3178 5469 si
3209 5416 3518 5473 venderem
3545 5434 3557 5474 :
3587 5417 3758 5474 Dabis

2111 5503 2257 5558 mihi
2307 5506 2395 5558 tot
2441 5519 2742 5572 nummos,
2794 5508 2849 5558 et
2899 5503 3011 5558 nisi
3065 5502 3316 5574 dederis,
3368 5507 3577 5562 reddes
3635 5521 3758 5562 rem

2108 5593 2410 5651 traditam.
2443 5595 2662 5651 Iterum
2694 5608 2764 5648 ex
2813 5591 3162 5664 obligatione
3194 5594 3386 5653 verbis
3432 5595 3756 5667 descendit,

2110 5683 2318 5742 Damni
2345 5684 2558 5756 infecti,
2589 5698 2716 5758 quas
2767 5680 2960 5738 vicina
3008 5681 3182 5741 domo
3230 5684 3463 5741 ruinam
3494 5683 3756 5747 minante
