3976 6212
324 275 431 333 931

325 403 542 472 Ταύτης
573 404 608 470 ἠ
643 398 955 475 Δελεγάτιο,
987 396 1113 467 ἤτοι
1144 395 1268 472 περὶ
1300 394 1550 471 λεγάτου.

322 497 431 563 Τῆς
464 491 515 547 δί
546 489 800 546 κονσὲνσο
834 491 1034 564 ὲνοχῆς
1066 488 1206 541 ἐστιν
1238 488 1272 555 ἡ
1307 486 1355 558 ἐξ
1392 482 1630 551 Βενδίτο,

321 586 422 641 ’Ἡν
457 580 629 643 οὕτως
662 579 1023 654 ἒρμηνεύουσι
1054 578 1177 651 περὶ
1204 578 1473 650 πράσεως,
1508 573 1655 642 ἄναξ,

322 673 410 743 Ἐξ
437 672 641 743 ὅμπτο,
673 668 797 744 περὶ
829 668 1025 742 ἀγορᾶς
1058 686 1069 698 ·
1101 665 1323 731 Λοκάτι,
1360 662 1622 736 μίσθωσίς
1650 683 1732 723 τις
1768 682 1780 694 ·

323 759 645 828 Κονδούκτι,
676 761 712 828 ἠ
747 757 1075 831 ἐκμίσθωσις
1110 775 1123 788 ”
1159 751 1377 821 ἐντολή,
1412 754 1446 821 ἡ
1478 748 1717 805 Μανδάτι
1753 770 1765 783 ·

321 852 387 908 Ἦ
420 851 532 923 Πρὸ
563 869 715 902 σοκιο
748 844 804 901 δὲ
835 846 975 900 ἐστιν
1006 847 1039 913 ἡ
1073 844 1193 917 περὶ
1229 840 1515 902 κοινωνίας
1548 860 1560 872 ⁸

322 942 475 1010 Ἤτε,
509 937 629 1013 περὶ
662 934 1072 1005 Μνηστεύσεως,
1105 933 1191 986 καὶ
1228 936 1472 1005 Δωρεῶν,
1498 930 1588 983 καὶ
1622 930 1840 1001 Γάμων.

322 1030 422 1085 Καί
451 1049 612 1083 τινων
647 1026 831 1080 ἄλλων
867 1024 1126 1098 ἀγωγῶν,
1159 1021 1249 1077 καὶ
1274 1025 1440 1095 τριῶν
1474 1017 1818 1095 ἰντερδίκτων
1852 1038 1864 1051 ·

322 1119 610 1190 Σύμπασαι
640 1116 794 1168 αὗται
828 1112 1041 1187 ἀγωγαὶ
1072 1110 1274 1185 ἐνοχῆς
1303 1116 1401 1178 τῆς
1434 1112 1741 1164 κονσὲνσου.

318 1210 427 1275 Τὴν
464 1206 586 1279 περὶ
620 1203 946 1278 προστασίας
980 1198 1036 1254 δὲ
1062 1201 1402 1277 πραγμάτων
1436 1197 1771 1272 ἀλλοτρίων,

318 1298 472 1350 Τοῦτ’
506 1293 613 1348 ἔστι
652 1295 725 1365 μὴ
756 1292 1120 1365 γινώσκοντος
1154 1288 1415 1361 μηδόλως
1442 1292 1538 1342 τοῦ
1572 1285 1855 1353 δεσπότου,

320 1384 703 1459 Νεγοτιόρουμ
732 1380 957 1454 λέγουσι
989 1380 1191 1447 ταύτην
1218 1380 1353 1438 τινες
1387 1376 1724 1448 Γεστόρουμ,

320 1475 508 1530 Ἔοικε
541 1470 989 1542 συναλλάγματος
1013 1467 1370 1541 συνάλλαγμα
1390 1467 1665 1540 τυγχάνον
1699 1485 1711 1497 ·

315 1563 561 1636 Ὁμοίως
594 1564 628 1629 ἡ
662 1558 955 1625 Τουτέλαε,
989 1560 1023 1626 ἡ
1056 1558 1191 1612 κατὰ
1219 1556 1552 1630 ἐπιτρόπων.

319 1654 385 1708 Ἦ
416 1651 540 1724 περὶ
574 1651 896 1723 Διαιρέσεως
926 1646 1255 1723 πραγμάτων
1288 1644 1598 1713 ἐπικοίνων,

318 1742 381 1797 Ἦ
413 1740 536 1813 περὶ
560 1736 860 1793 Πεκουλίου
890 1758 967 1807 τε,
1000 1735 1035 1804 ἤ
1068 1756 1125 1789 τε
1156 1734 1214 1789 ἐκ
1240 1732 1527 1803 διαθήκης,

321 1830 388 1884 ⁶Η
420 1828 741 1901 Ἰνστιτορία
769 1848 847 1893 τε,
882 1825 968 1894 ἤτ’
1002 1824 1420 1899 ἐξκερτκιτορία,

320 1922 386 1972 Ἢ
415 1919 549 1971 κατὰ
577 1921 673 1970 τοῦ
701 1918 1107 1989 προστήσαντος
1137 1912 1259 1967 τινὰ
1291 1911 1667 1987 ἐργαστηρίου,

324 2007 423 2062 Καὶ
445 2006 579 2061 κατὰ
611 2010 708 2060 τοῖ’)
738 2006 1145 2079 προστήσαντος
1185 2002 1300 2054 τινά
1328 2000 1415 2054 ἐπὶ
1444 1999 1736 2069 θαλάσσην.

322 2097 402 2153 Τὸ
434 2093 728 2168 Κουόρουμ
754 2091 1100 2167 λεγατόρουμ
1128 2112 1185 2145 τε
1216 2086 1563 2163 ’[ντὲρδικτον
1595 2088 1884 2163 τυγχάνον,

319 2184 564 2251 Ὁοῦσος,
599 2185 626 2237 6
654 2182 1115 2258 ούσούφρουκτος,
1150 2177 1314 2233 ἄλλαι
1346 2181 1392 2232 τ’
1438 2178 1646 2253 ἀγωγαὶ
1696 2177 1967 2233 πλεῖσται.

321 2278 440 2329 Τῶν
473 2273 663 2326 ὡσανεὶ
696 2272 1025 2345 τυγχάνουσι
1057 2275 1220 2323 πᾶσαι
1257 2266 1748 2341 συναλλαγμάτων.

321 2364 393 2419 Αἱ
427 2360 472 2416 δ’
503 2360 712 2435 ἀγωγαὶ
742 2365 848 2414 τῶν
884 2360 1073 2412 ὡσανεὶ
1107 2357 1269 2412 πάλιν
1306 2359 1521 2429 άμαρτη
1535 2357 1740 2429 μάτων,

320 2453 382 2507 Ἣ
406 2451 541 2506 κατὰ
568 2454 663 2503 τοῦ
697 2446 1033 2513 δικάσαντος,
1068 2448 1156 2501 καὶ
1190 2446 1673 2519 παρανομηκότος,

320 2544 385 2596 ἹΙ
416 2540 551 2595 κατὰ
579 2542 675 2593 σοῦ
706 2536 1064 2612 συρῥήξαντος
1097 2533 1304 2589 ἔδικτον
1340 2532 1737 2608 ἀναισχύντως.

321 2626 524 2686 Ἀλλαι
558 2628 615 2681 τὲ
642 2647 783 2687 τινες
818 2625 1046 2699 ἀγωγαὶ,
1078 2623 1167 2677 καί
1196 2644 1335 2684 τινες
1367 2627 1473 2677 τῶν
1510 2621 1866 2699 Ἱμφάκτουμ.

323 2719 498 2793 Δὲχου
530 2713 696 2771 πάλιν
732 2712 991 2786 διαίρεσιν
1026 2716 1132 2767 τῶν
1159 2713 1392 2787 ἀγωγῶν
1425 2711 1707 2781 ποικίλην.

326 2811 450 2866 Τῶν
483 2807 709 2881 ἀγωγῶν
742 2804 795 2858 αἱ
834 2802 926 2875 μὲν
961 2800 1063 2856 εἶσι
1092 2802 1196 2855 ἀπὸ
1228 2798 1717 2874 συναλλαγμάτων.

323 2897 392 2955 Ai
424 2893 482 2950 δὲ
506 2892 670 2950 πάλιν
698 2894 1017 2968 κατάγονται
1048 2890 1154 2945 ἀπὸ
1180 2882 1394 2964 άμαρτη
1407 2890 1611 2961 μάτων.

322 2985 394 3044 Ai!
427 2983 520 3057 μέν
557 2983 658 3038 εἶσι
690 2980 1085 3058 πραγματικαὶ,
1110 2980 1166 3034 αἱ
1198 2976 1255 3033 δὲ
1285 2978 1419 3033 κατὰ
1448 2978 1779 3053 προσώπων.

257 3079 272 3093 ⁴
332 3072 401 3131 Δί
436 3074 530 3149 μὲν
563 3071 666 3128 εἶσι
691 3075 869 3127 πίστει
899 3068 1067 3143 καλῇ,
1097 3068 1153 3123 αἱ
1185 3065 1241 3123 δέ
1266 3066 1368 3124 εἰσί
1392 3089 1510 3131 πως
1540 3067 1801 3141 στοίκται,

331 3372 613 3426 movetur.
666 3367 895 3424 Rursus
940 3381 1009 3421 ex
1060 3380 1128 3420 ea
1174 3362 1440 3418 nascitur
1494 3362 1832 3428 Precatoria,
1864 3379 1983 3434 qua

330 3460 546 3515 directe
604 3457 917 3512 institutus
966 3454 1150 3509 heres
1209 3456 1449 3524 rogatur
1495 3468 1563 3507 ex
1611 3455 1789 3517 quota
1821 3457 1983 3523 parte

330 3550 493 3605 adire
521 3546 943 3602 baareditatem.
994 3542 1115 3597 Alia
1161 3546 1249 3597 est
1281 3544 1626 3612 Legatorum,
1677 3541 1869 3595 cautio
1900 3540 1980 3595 le-

328 3637 447 3709 gati
479 3634 736 3690 nomine.
774 3630 1034 3687 Pecuniae
1074 3632 1399 3693 constitutae,
1431 3645 1557 3699 qua:
1602 3628 1980 3700 sponsionem

328 3732 385 3780 et
406 3722 925 3795 expromissicnem
960 3716 1219 3789 pecuniae
1250 3718 1560 3789 signiﬁcat.
1594 3716 1982 3787 Obligationis

327 3830 462 3868 vero
494 3828 618 3883 quae
654 3811 873 3864 Litteris
904 3807 1267 3863 contrahitur
1295 3807 1445 3861 actio
1475 3810 1560 3861 est
1589 3806 1980 3875 Novatio,qusa

325 3908 495 3957 vetus
527 3899 789 3954 debitum
840 3898 895 3951 in
950 3912 1162 3950 novum
1214 3896 1530 3950 transfert:
1578 3898 1635 3947 et
1678 3893 1978 3961 Delegatio,

328 3992 448 4049 sive
479 3991 548 4045 de
578 3988 789 4061 legato.
835 3985 1220 4057 Obligationis
1249 4001 1321 4039 ex
1361 3988 1659 4047 Consensu,
1692 3987 1799 4050 est,
1833 3981 1980 4037 actio

325 4100 398 4138 ex
431 4080 671 4150 Vendilo,
708 4096 907 4152 quam.
933 4094 965 4133 0
997 4077 1141 4149 imp,
1175 4073 1297 4147 περὶ
1328 4070 1575 4147 πρᾶσεως
1598 4076 1981 4145 interpretan-

325 4178 441 4229 tur.
500 4173 585 4227 Ex
639 4178 859 4240 empto,
917 4164 1040 4239 περὶ
1100 4163 1335 4238 ἀγορᾶς.
1395 4165 1607 4229 Locati,
1673 4159 1978 4234 μίσθωσις.

328 4262 614 4331 Conducti,
667 4255 1020 4329 ἐκμίσθωσις.
1072 4253 1349 4319 Mandau‘,
1400 4249 1593 4319 ἐντολή
1622 4267 1635 4306 :
1665 4268 1767 4323 pro
1814 4252 1978 4319 socio,

323 4351 447 4426 περὶ
476 4346 800 4408 κοινωνίαςε
835 4351 1113 4419 ρνωίοτοο
1164 4344 1236 4397 de
1286 4339 1674 4413 Sponsalibus,
1726 4341 1981 4395 Donatio-

1661 259 2087 341 MianELIs
2132 260 2401 321 PSELLI

1992 404 2047 470 Α
2080 390 2145 445 Αἱ
2196 391 2289 463 μὲν
2345 394 2569 465 πρᾶγμα
2614 386 3052 463 εἰσπράττουσιν,
3110 389 3166 444 αἱ
3225 385 3282 444 δὲ
3340 390 3562 461 ποινῆν,
3608 390 3665 445 αἱ
3694 387 3740 445 δ’

3625 262 3741 322 932

3433 477 3647 556 [ἄμφω.

2083 569 2153 623 Αἱ
2189 568 2282 638 μὶν
2314 573 2584 623 κινοῦνται
2609 568 2697 631 ἐἷς
2726 570 2788 624 τὸ
2820 575 2947 639 πᾶν,
2971 569 3024 623 αἱ
3059 565 3116 622 δὲ
3156 567 3231 631 εἷς
3270 568 3433 642 μέρος
3469 569 3661 641 μόνον,

2094 659 2164 713 Αἱ
2212 660 2304 731 μὲν
2358 657 2567 712 ἁπλοῦν
2616 658 3045 735 εἰσπράττουσιν,
3098 658 3151 711 αἱ
3219 655 3275 712 δὲ
3335 654 3590 727 διπλοῦν,
3621 679 3737 734 τρι-

3346 753 3546 828 [πλοῦν
3568 776 3648 827 τε,

2087 846 2157 901 A't
2189 845 2282 917 μὲν
2313 846 2401 900 καὶ
2432 845 2852 921 τετραπλάσιον,
2886 848 2939 899 αἱ
2964 841 3020 899 δὲ
3040 845 3129 898 καὶ
3160 842 3326 899 πλέον
3357 844 3579 901 τούτου.

2088 935 2155 988 Αἱ
2186 935 2392 988 τούτων
2423 932 2480 989 δὶ
2512 936 2798 1011 βαρύτεραι
2829 934 2965 1006 πρὸς
2996 932 3211 997 τούτοις
3248 932 3563 1005 άτιμοῦσιν,

2087 1023 2153 1079 Αἱ
2190 1022 2282 1093 μὲν
2320 1023 2450 1077 εἰσιν
2486 1024 2777 1097 ἐπίκαιροι,
2811 1023 2955 1083 τινὲς
2987 1019 3042 1077 δὲ
3070 1026 3177 1076 τῶν
3211 1022 3476 1097 χρονίων,

2086 1112 2152 1167 Αἱ
2185 1109 2241 1165 δὲ
2271 1112 2671 1188 περιορίζονταί
2699 1112 3095 1186 τεσσαράκοντα
3126 1110 3378 1186 χρόνοις.

2086 1202 2244 1264 Τινὲς
2273 1198 2329 1255 δὲ
2352 1196 2691 1256 διαϐαίνουσι
2723 1200 2812 1255 καὶ
2842 1201 2981 1254 κατὰ
3008 1199 3394 1273 κληρονόμων.

2086 1291 2158 1345 Αἱ
2193 1291 2285 1363 μὲν
2312 1291 2413 1345 εἰσι
2446 1292 2521 1353 ὡς
2559 1290 2783 1364 λέγουσι
2811 1288 3019 1344 τούτων
3053 1284 3424 1363 άρὸιτραρίαι,

2084 1380 2212 1433 Ὑπό
2242 1401 2301 1433 τε
2330 1382 2427 1447 τῆς
2462 1378 2777 1441 δικαστικοῖς
2806 1376 3069 1452 ἤρτηνται
3109 1378 3403 1450 μεσιτείας,

2086 1472 2220 1530 Ταῖς
2248 1466 2305 1523 δὲ
2334 1476 2434 1537 τῆς
2469 1466 2799 1542 ὑπολήψεως
2826 1471 2921 1520 τοῦ
2947 1467 3229 1540 κρίνοντος
3260 1466 3303 1521 εἰ
3338 1464 3561 1541 μέλλει.

2156 1556 2341 1626 Ἀλλη
2373 1578 2433 1612 τε
2461 1556 2690 1626 πλείστη
2724 1558 2928 1632 πέφυκε
2956 1554 3212 1630 διαίρισις
3249 1560 3355 1610 τῶν
3386 1556 3600 1630 νόμων,

2086 1646 2189 1702 Καὶ
2219 1644 2462 1700 τοῦτοδὲ
2497 1667 2589 1718 μοι
2622 1639 2903 1720 πρόσλαϐε
2933 1646 3204 1719 τυγχάνον
3237 1645 3563 1719 ἀναγκαῖον.

2084 1737 2171 1797 Ὡς
2205 1737 2257 1789 οἱ
2286 1736 2505 1795 κανόνες
2538 1734 2767 1795 ἅπαντες
2796 1739 2903 1787 τῶν
2923 1734 3127 1805 νόμων,
3162 1734 3492 1811 στείρηφόρε,

2082 1824 2403 1897 Ὑπόσαθροι
2438 1825 2795 1899 τυγχάνουσι,
2828 1820 3114 1897 ψευδονται
3147 1824 3246 1898 γὰρ
3280 1822 3330 1876 ἐν
3368 1822 3542 1899 μέρει.

2082 1912 2266 1967 Κανὼν
2310 1910 2368 1966 δὲ
2402 1911 2513 1966 ἐστι
2542 1917 2639 1966 τοῦ
2670 1913 2989 1988 πράγματος
3017 1913 3450 1984 συντετμημὲνος
3481 1911 3674 1989 λόγος.

2082 2004 2250 2075 Ὅπερ
2285 2003 2356 2063 ὡς
2391 2001 2742 2075 ὑποκείμενον
2775 2001 3041 2076 τυγχάνει
3068 2007 3147 2073 τῷ
3175 2001 3384 2069 κανόνι,

2084 2089 2320 2169 Σφειλας
2347 2088 2392 2144 δ’
2424 2090 2694 2150 ἐκπίπτει,
2728 2088 2980 2158 δὲσποτα,
3014 2090 3103 2144 καὶ
3134 2094 3231 2145 τοῦ
3266 2092 3634 2164 ὑποκειμενου

2083 2185 2225 2244 Τοὺς
2259 2182 2461 2254 νόμους
2489 2180 2545 2236 δὲ
2584 2180 2923 2257 βουλόμενος
2956 2184 3157 2244 πάντας
3188 2203 3270 2237 σοι
3301 2185 3639 2256 συνοψίζειν,

2082 2273 2412 2347 Ὁριστικοῖς
2442 2273 2869 2346 προσχρήσομαι
2984 2292 3136 2343 μασι,
3167 2271 3256 2325 καὶ
3282 2272 3606 2346 συντόμοις.

2159 2360 2479 2430 Δικαιοσύνη
2516 2361 2717 2437 πέφυκε
2738 2359 2974 2432 νόμησις
3005 2364 3105 2413 τοῦ
3137 2356 3371 2414 δικαίου.

2158 2458 2374 2504 Δικαιον
2404 2448 2626 2528 φυσικόν
2662 2448 2772 2503 ἐστι
2803 2448 2984 2503 κοινὸν
3013 2454 3141 2503 πᾶσι
3172 2453 3286 2510 τοῖς
3324 2450 3509 2518 ζώοις,

2085 2541 2209 2595 Τῶν
2239 2537 2425 2610 νόμῶν
2457 2539 2483 2592 6
2520 2540 2613 2610 μὲν
2645 2536 2931 2615 ἔγγραφος,
2966 2538 2993 2592 6
3026 2534 3073 2591 δ’
3104 2534 3340 2615 ἄγραφος
3374 2538 3453 2601 ὡς
3486 2534 3637 2602 ἔθος.

2084 2626 2415 2699 Ἐλευθερία,
2447 2625 2678 2702 πέφυκεν
2716 2624 2865 2681 ἄδεια
2895 2628 3092 2703 φυσική
3125 2647 3206 2689 τις
3240 2645 3253 2658 °

2087 2714 2317 2770 Δουλεία
2343 2713 2401 2770 δὲ
2432 2716 2674 2792 ὑποταγὴ
2714 2718 2971 2791 τυγχάνει
3005 2713 3337 2783 δεσποτείας,

2086 2808 2264 2876 Ἤτις,
2297 2806 2372 2866 ὡς
2400 2803 2715 2883 ἀδιάφορος,
2748 2802 2948 2877 ἅτομόν
2979 2826 3031 2859 τι
3056 2806 3332 2880 τυγχάνει.

2084 2896 2145 2951 Ἣ
2172 2896 2425 2972 συμφορά
2457 2892 2515 2949 δὲ
2530 2902 2629 2964 τῆς
2666 2894 3057 2969 μητρὸς,τοῦτ’
3090 2890 3230 2948 ἔστιν
3262 2897 3296 2963 ἡ
3326 2898 3581 2969 πορνεία,

2085 2982 2161 3042 Οὐ
2220 2983 2449 3060 βλάπτει
2497 2985 2589 3039 τὸν
2646 2982 2696 3038 ἐν
2742 2987 2812 3057 τῇ
2879 2983 3091 3060 γαστρὶ,
3149 2988 3409 3060 στεροῦη
3467 2990 3579 3040 τῶν
3636 3007 3746 3041 πα-

3435 3076 3677 3150 [19W-

3355 3166 3516 3222 Vers.
3547 3167 3677 3222 214.

2090 3364 2346 3421 edictum
2377 3365 2753 3437 impudenter
2801 3365 3080 3438 corrupit.
3134 3366 3283 3422 Sunt
3324 3368 3381 3421 et
3428 3363 3558 3421 alia:
3591 3383 3748 3438 que-

2092 3454 2227 3508 dam
2259 3454 2519 3510 actiones
2572 3455 2629 3509 in
2692 3456 2933 3510 factum.
3000 3456 3214 3510 Iterum
3270 3455 3471 3527 accipe
3521 3457 3748 3512 variam

2092 3542 2387 3598 actionum
2420 3542 2807 3599 divisionem:
2870 3544 3135 3614 quaedam
3187 3544 3463 3599 oriuntur
3506 3562 3577 3601 ex
3609 3563 3753 3602 con-

2090 3632 2399 3697 tractibus,
2454 3633 2716 3704 quaedam
2766 3649 2972 3688 rursus
3022 3649 3090 3688 ex
3140 3633 3407 3689 delictis:
3473 3637 3753 3705 quaedam

2090 3725 2231 3775 sunt
2264 3721 2468 3790 reales,
2521 3723 2787 3792 quaedam
2839 3726 3044 3777 contra
3096 3739 3422 3793 personas:
3476 3725 3756 3795 quaedam

2091 3814 2230 3865 sunt
2259 3808 2421 3865 bonae
2472 3812 2626 3879 ﬁdei,
2679 3812 2946 3883 quadam
3000 3811 3254 3867 strictae:
3309 3814 3589 3883 quaedam
3633 3831 3758 3870 rem

2091 3900 2368 3971 exigunt:
2428 3900 2695 3971 quaedam
2758 3918 3025 3974 pcenam,
3066 3900 3332 3971 quaedam
3384 3906 3757 3975 utrumque:

2091 3988 2213 4044 aliae
2294 4006 2395 4059 pro
2469 3994 2588 4044 toto
2684 3994 3040 4057 moventur,
3124 3988 3251 4045 alia:
3330 4007 3433 4063 pro
3520 3998 3758 4063 parte:

2090 4076 2216 4132 aliae
2275 4077 2555 4150 simplum
2616 4079 2906 4150 exigunt,
2963 4078 3088 4133 aliae
3148 4078 3417 4149 duplum,
3480 4080 3761 4153 triplum,

2090 4166 2512 4238 quadruplum,
2558 4167 2682 4222 aliae
2714 4173 2770 4223 et
2819 4167 3113 4239 amplius:
3148 4167 3274 4223 alias
3324 4168 3637 4240 graviores
3665 4171 3759 4226 in-

2090 4258 2313 4311 famant
2362 4274 2460 4312 eos
2510 4274 2655 4328 quos
2704 4256 3007 4312 afﬁciunt:
3062 4256 3269 4328 aliqua:
3319 4263 3463 4312 sunt
3519 4263 3762 4331 tempo-

2091 4342 2264 4409 rales,
2299 4342 2506 4415 aliquie
2540 4350 2851 4416 perpetuae,
2888 4343 3097 4415 aliquae
3151 4345 3322 4399 annis
3355 4346 3765 4419 quadraginta

324 4441 509 4507 nibus,
541 4447 591 4494 et
618 4438 856 4509 Nuptiis,
889 4438 945 4491 et
994 4433 1119 4488 alia:
1168 4431 1455 4499 actiones,
1488 4436 1544 4483 et
1574 4430 1687 4484 tria
1740 4428 1979 4483 interdi-
2013 4436 2058 4499 Β
2091 4432 2695 4505 ἀοίὶοἰυοίυτ,ει1ἰᾳιιω
2712 4434 3214 4489 transeuntetiam
3233 4439 3439 4490 contra
3455 4435 3760 4495 haeredes:

325 4535 454 4583 cta:
490 4543 695 4582 omnes
728 4524 841 4580 illae
871 4523 1131 4578 actiones
1164 4524 1303 4575 sunt
1332 4518 1709 4589 obligationis
1740 4534 1810 4572 ox
1840 4534 1977 4573 con-

326 4634 527 4674 sensu.
561 4616 694 4679 Quae
727 4615 798 4669 ob
832 4628 1033 4668 curam
1083 4624 1279 4665 rerum
1325 4608 1651 4663 alienarum
1682 4606 1980 4662 nesciente

326 4707 565 4762 domino
617 4706 976 4773 susceptam,
1040 4703 1323 4763 movetur,
1384 4713 1560 4768 quam
1620 4696 1979 4767 Negotiorum

324 4800 599 4865 gestorum
653 4795 878 4859 vocant,
930 4792 1265 4844 contractus
1314 4784 1545 4839 videtur
1574 4800 1703 4839 esse
1750 4789 1979 4838 contra-

326 4893 477 4940 ctus.
532 4880 833 4947 Similiter,
898 4879 1116 4944 Tutelae,
1168 4893 1293 4947 qua:
1354 4879 1556 4929 contra
1612 4877 1873 4927 tutores:
1908 4874 1980 4927 De

325 4975 704 5030 communium
752 4985 939 5024 rerum
986 4966 1271 5033 diiisione,
1322 4963 1387 5018 de
1416 4964 1651 5031 peculio,
1686 4979 1755 5017 ex
1802 4967 1977 5016 testa-

327 5072 551 5130 mento,
584 5058 901 5127 Institoria,
949 5053 1323 5122 Exercitoria,
1358 5069 1485 5125 quas
1535 5058 1737 5107 contra
1769 5056 1978 5107 nautas

326 5159 381 5207 et
412 5167 729 5225 caupones,
785 5152 849 5205 ut
906 5147 966 5201 in
1014 5143 1207 5199 navim
1266 5141 1354 5195 vel
1408 5142 1713 5196 tabernam
1746 5144 1981 5211 recepta

325 5243 659 5298 restituant.
726 5236 1107 5295 Interdiutum
1166 5231 1319 5303 quod
1383 5232 1623 5298 Quorum
1674 5230 1981 5300 legatorum

325 5331 561 5399 dicitur,
594 5330 766 5397 Usus,
802 5325 1201 5391 ususfructus,
1232 5324 1290 5375 et
1321 5318 1444 5372 alia:
1487 5318 1685 5373 multa;
1718 5318 1979 5373 actiones

325 5423 466 5475 sunt
496 5434 700 5474 omnes
749 5434 818 5473 ex
848 5414 1018 5488 quasi
1067 5408 1487 5467 contractibus.
1544 5408 1817 5462 Actiones
1851 5424 1978 5461 rur-

327 5524 461 5566 sum
493 5506 665 5582 quasi
696 5523 765 5563 ex
810 5504 1071 5561 delictis:
1106 5516 1236 5573 qua:
1258 5498 1433 5553 datur
1462 5500 1666 5551 contra
1694 5494 1978 5567 judicem,

284 5605 289 5611 '
330 5598 431 5677 qui
461 5600 663 5655 contra
712 5594 870 5670 leges
911 5588 1233 5668 judicavit:
1286 5602 1414 5662 quas
1462 5589 1666 5643 contra
1709 5600 1844 5643 eum
1877 5583 1979 5658 qui

2088 4526 2228 4575 sunt
2259 4525 2313 4576 et
2345 4520 2455 4575 illae
2499 4539 2647 4593 quas
2696 4522 3031 4578 arbitraria:
3060 4528 3288 4590 vocant,
3322 4539 3455 4594 qua:
3477 4524 3760 4595 judiciali

2089 4610 2332 4665 arbitrio
2356 4610 2732 4666 instruuntur
2754 4611 3053 4682 exjudicis
3074 4611 3502 4668 aestimationes
3518 4614 3575 4669 si
3599 4614 3758 4670 velit.

2159 4698 2258 4752 Est
2317 4698 2624 4771 multiplex
2681 4698 2797 4754 alia
2848 4699 3041 4772 legum
3102 4686 3336 4755 divisio.
3396 4702 3568 4766 Quod
3626 4720 3759 4760 vero

2089 4802 2245 4839 nunc
2278 4784 2419 4838 mibi
2455 4785 2851 4841 necessarium
2906 4788 3156 4855 videtur,
3209 4786 3447 4859 accipe:
3502 4795 3571 4845 ut
3602 4792 3757 4865 quod

2089 4874 2501 4945 omneslegum
2518 4892 2794 4945 canones,
2816 4893 2848 4930 0
2870 4875 3039 4948 imp.,
3060 4876 3395 4948 subputridi
3425 4884 3758 4946 sunt,men-

2087 4962 2319 5015 tiuntur
2349 4963 2500 5016 enim
2534 4980 2601 5018 ex
2634 4968 2815 5034 parte.
2871 4967 3064 5018 Canon
3111 4968 3307 5018 autem
3362 4982 3466 5020 seu
3503 4966 3761 5039 Regula,

2088 5055 2176 5104 est
2205 5066 2401 5106 sermo
2457 5068 2578 5107 rem
2638 5052 2887 5108 breviter
2942 5053 3228 5118 dividens,
3266 5071 3391 5125 quas
3451 5060 3545 5111 est
3588 5058 3759 5129 quasi

2089 5139 2422 5210 subjectum
2480 5140 2714 5212 regulas,
2763 5158 2890 5213 qua:
2940 5141 3039 5196 ubi
3089 5141 3149 5195 in
3204 5141 3399 5213 aliquo
3446 5144 3693 5209 titubat,
3725 5164 3760 5202 ο

2089 5230 2270 5297 dom.,
2307 5246 2337 5284 e
2368 5230 2632 5296 subjecto
2682 5230 2913 5285 excidit.
2950 5232 3021 5284 At
3068 5230 3205 5299 quia
3262 5232 3428 5286 sedet
3460 5232 3517 5287 in
3555 5234 3761 5290 animo

2087 5316 2193 5370 tibi
2228 5332 2433 5371 omnes
2466 5316 2622 5389 leges
2665 5316 2723 5371 in
2774 5316 3191 5388 compendium
3239 5317 3524 5388 redigere,
3560 5320 3766 5378 verbis

2089 5410 2224 5459 utar
2252 5404 2569 5461 deﬁnitivis
2601 5410 2657 5461 et
2698 5406 3011 5473 brevibus;
3042 5405 3280 5461 Justitia
3310 5412 3399 5461 est
3442 5408 3597 5479 justi
3631 5408 3762 5466 dis-

2088 5492 2351 5548 tributio.
2382 5493 2491 5550 Jus
2524 5492 2790 5549 naturale
2829 5498 2918 5549 est
2947 5509 3259 5549 commune
3307 5495 3592 5552 omnibus
3622 5499 3764 5553 ani-

2090 5582 2410 5640 mantibus.
2466 5584 2683 5657 Legum
2730 5582 2846 5640 alia
2875 5586 2965 5640 est
3012 5586 3253 5657 scripta,
3285 5583 3400 5640 alia
3450 5603 3565 5642 non
3602 5589 3762 5646 seri-
