3976 6212
271 343 401 404 933

276 473 456 537 Οὖθλν
485 469 541 527 εἶ’
556 492 640 533 τις
672 472 746 543 (1)
781 468 1095 543 ἐλευθεροῦν
1130 465 1404 529 δανειστάς
1448 469 1823 547 περιγράφων,

275 563 435 619 Μετὰ
462 563 560 629 τήν
584 555 751 631 ἥϐην,
784 559 1010 633 γράψειν
1034 578 1116 619 τις
1151 554 1369 611 δύναται
1405 555 1695 628 διαθήκην

278 654 643 726 Ἐλευθερῶν
676 646 733 704 δὶ
765 645 984 702 δύναται
1018 648 1045 701 6
1077 643 1547 715 έπτακαιδεκέτης.

270 747 399 797 Τῶν
432 738 640 795 παίδων
676 735 1005 808 ὁπεξοῦσιοι,
1039 736 1091 789 οἱ
1122 734 1181 790 ἐκ
1210 737 1462 808 νομίμων
1497 740 1715 810 γάμων,

274 831 452 888 Οὗτοι
485 829 585 903 γὰρ
622 827 781 901 μόνοι
810 828 1057 898 νομικῶς
1091 824 1354 879 ὑπάκουσι
1386 826 1670 898 πατράσιν.

281 918 358 978 Εἴ
381 939 466 980 τις
498 917 558 973 tu
587 918 778 995 τρίσκου
806 910 970 970 λάϐοι
1000 936 1051 968 τι
1086 911 1391 987 δωροδντος
1436 912 1723 989 βασιλέως,

274 1011 344 1065 Ἥ
382 1005 763 1063 συναλλάττων
798 1006 933 1081 πρὸς
968 1004 1151 1075 αὐτοῦ,
1186 1003 1341 1067 εὐθὺς
1367 1002 1563 1057 τούτου
1596 1000 1867 1073 δεσπόζει,

280 1100 529 1159 Ἐκεῖνος
563 1094 621 1150 δὲ
652 1095 893 1171 ένάγεται
932 1094 1095 1169 μέχρι
1125 1095 1450 1169 τετραετίας.

276 1190 346 1245 Ἡ
380 1208 571 1262 μορτις
601 1206 771 1240 καυσα
803 1182 999 1258 δωρεὰ,
1032 1180 1176 1238 ἔοικε
1204 1187 1283 1254 τῷ
1314 1181 1549 1256 λεγάτῳ.

278 1276 366 1332 Ti
393 1284 492 1346 τῆς
520 1275 749 1351 προικὸς
780 1273 1005 1344 ἀκίνητα
1038 1272 1145 1347 οὐχ
1177 1270 1467 1341 ὑποτίθησί
1496 1292 1603 1335 τις,

277 1363 428 1422 Οὗδε
458 1366 777 1440 πιπράσκειν
815 1362 1055 1429 δύναται,
1086 1359 1202 1416 οὐδ’
1235 1361 1468 1415 έκποιεῖν
1502 1358 1769 1423 οὒδόλως.

280 1452 607 1524 Ἐκποίησιν
641 1453 669 1507 6
701 1449 974 1511 πούπιλος
1008 1449 1343 1525 πραγμάτων
1373 1448 1434 1502 οὗ
1468 1452 1725 1514 ποιεῖται,

281 1539 432 1600 Οὖδέ
460 1563 510 1597 τι
542 1540 794 1616 πράττειν
829 1538 1045 1594 δύναται
1081 1539 1256 1614 χωρὶς
1276 1542 1384 1591 τῶν
1414 1536 1742 1612 ἐπιτρόπων,

374 1632 388 1648 ι
486 1632 499 1647 ε
579 1631 593 1651 ε
750 1630 764 1650 ο
991 1628 1003 1644 ι
1044 1626 1067 1645 η
1107 1632 1130 1643 -

285 1639 389 1687 Kat
422 1632 540 1692 υἱος
574 1630 888 1700 υπεξουσιος
918 1650 1006 1683 και
1040 1628 1239 1689 οουλος
1268 1626 1648 1703 προσπορίζει,

273 1723 343 1777 Ὁ
379 1722 474 1793 μέν
505 1741 565 1794 γε
601 1723 681 1791 τῷ
713 1716 1051 1787 δεσπόζοντι,
1085 1718 1113 1771 6
1148 1714 1205 1770 δὲ
1234 1721 1313 1788 τῷ
1346 1712 1697 1793 φυτοσπόρῳ.

278 1809 397 1865 Κᾶν
435 1811 511 1882 μή
542 1809 884 1884 τυγχάνωσιν
919 1806 1071 1861 αὐτοὶ
1103 1808 1202 1875 τὴν
1232 1805 1423 1879 πρᾶξιν
1456 1802 1772 1879 ἐγνωκότες,

278 1899 411 1958 Υἱὸς
442 1895 502 1952 δὲ
534 1895 664 1972 δίχα
692 1901 791 1951 τοῦ
821 1896 1047 1969 πατρὸς,
1081 1897 1115 1965 ἢ
1151 1892 1349 1954 δοῦλος
1375 1898 1471 1948 τοῦ
1504 1890 1788 1961 δεσπότου,

282 1988 366 2045 05
397 1986 615 2041 δύναται
648 1984 1044 2059 κληρονομεῖν,
1078 1983 1202 2038 ἀλλ’
1237 1981 1364 2038 οὐδὲ
1395 1979 1681 2054 ἁδιτεῦειν,

282 2075 395 2131 Κᾶν
422 2096 507 2137 τις
536 2075 1063 2152 οῶσουφρουκτάριος
1095 2076 1230 2146 ἡμῖν
1264 2071 1406 2127 ἐστιν
1440 2070 1676 2140 οἰκέτης,

285 2165 511 2240 Εῗσάγει
541 2166 632 2219 τὸν
662 2164 1103 2239 προσπορισμὸν,
1138 2161 1319 2235 ὥσπερ
1352 2163 1380 2216 6
1417 2162 1548 2237 βονα
1574 2157 1717 2238 φιδε.

281 2256 349 2312 Ὀ
384 2252 831 2331 φιδικομισάριος
861 2253 953 2307 σὺν
984 2257 1065 2323 τῷ
1096 2250 1421 2326 λιγαταρίῳ,

281 2341 634 2416 Ὁλόκληρον
669 2339 933 2416 διαδοχὴν
966 2341 1068 2396 οὐκ
1093 2334 1281 2415 ἔχουσι
1316 2337 1547 2408 δικαίου,

276 2438 343 2491 Ὁ
373 2431 732 2508 κληρονόμος
766 2431 934 2503 μόνος
958 2431 1060 2506 γὰρ
1091 2431 1154 2485 τὸ
1186 2427 1395 2485 δῖκαιον
1423 2432 1571 2485 τοῦτ’
1602 2426 1743 2505 ἔχει.

281 2522 579 2599 Ἀγράφως
608 2518 933 2584 διατίθεσθαι
968 2519 1067 2574 οὐκ
1098 2519 1364 2594 εἴργουσιν
1400 2522 1452 2573 οἱ
1482 2520 1667 2591 νόμοι.

277 2610 613 2675 Οἷκειακους
644 2608 703 2664 δὶ
735 2611 1011 2685 μάρτυρας
1044 2608 1269 2672 εἰκότως
1298 2609 1595 2673 άθετοῦσιν.

273 2700 346 2757 Εἳ
375 2722 459 2762 τις
493 2697 735 2754 διάθοιτο
756 2698 924 2773 τυχὸν
955 2702 1064 2752 τῶν
1097 2696 1624 2773 έκστρατευομένων,

272 2792 342 2845 Ἦ
378 2786 617 2858 διαθήκη
649 2782 878 2863 ἔρρωται
920 2786 998 2849 εἷς
1030 2785 1341 2862 ὁλόκληρον
1375 2788 1599 2863 χρόνον.

272 2879 382 2933 Καὶ
420 2877 556 2951 μετὰ
585 2877 682 2946 τὴν
716 2877 965 2946 ἀθέτησιν
996 2882 1096 2945 τῆς
1122 2877 1388 2951 προτέρας
1421 2876 1723 2951 στρατείας.

296 2972 347 3025 Ο
379 2964 425 3021 δ’
461 2965 777 3037 ὑπεξούσιος
810 2966 924 3027 υἱὸς
958 2965 1021 3020 οὑ
1050 2971 1199 3020 ποιεῖ
1230 2962 1511 3037 διαθήκας,

1638 337 2013 400 SYNOPSIS
2063 341 2345 411 LEGUM.

3587 355 3707 414 934

1964 474 2013 538 Α
2044 468 2153 528 Κᾶν
2186 471 2212 525 ὁ
2244 474 2422 547 πατὴρ
2452 472 2746 547 κελεύσειε,
2778 476 2958 551 χωρὶς
2996 481 3101 531 τῶν
3126 481 3507 555 καστρενσίων,

2050 560 2165 617 Οὐκ
2190 562 2470 638 ἀνατρέπει
2502 560 2722 626 ἕκαστος
2753 560 3027 639 προϐᾶσαν
3063 564 3351 639 διαθήκην.

2051 649 2111 703 Εἰ
2146 646 2201 703 δέ
2229 673 2311 713 τις
2336 652 2752 727 ἑμμαγκιπατος
2784 650 3299 730 κοντραταϐούλλας
3333 656 3470 735 ἔχει.

2050 738 2148 793 Καὶ
2183 737 2380 794 δοῦλον
2412 738 2465 795 εἷ’
2485 762 2569 803 τις
2604 742 2864 815 βούλοιτο
2896 743 3073 799 ένίστα
3098 743 3476 821 κληρονόμον.

2051 826 2390 902 Οὗγκίασμοι
2423 828 2479 884 δὲ
2511 828 2743 896 δώδεκα,
2772 832 2967 906 μέτρον
3008 833 3414 909 κληρονομίας.

2049 918 2135 972 Ὠς
2167 918 2195 970 ὁ
2220 917 2514 992 τεστάτωρ,
2548 917 2790 987 δύναται,
2832 920 3049 991 οἷκέτης
3077 922 3451 999 κληρονόμος.

2051 1003 2246 1068 Οὐδεὶς
2275 1004 2668 1081 διατιθέμενος,
2698 1009 2745 1064 εἴ
2779 1011 2854 1082 μὴ
2882 1010 2917 1083 ᾖ
2947 1026 3305 1087 στρατιώτης,

2052 1096 2216 1170 Μέρει
2254 1098 2346 1168 μὲν
2382 1094 2697 1167 διατίθεται,
2734 1100 2884 1173 μέρει
2912 1096 2959 1153 δ’
2990 1101 3077 1169 οὐ,
3110 1109 3208 1171 τῆς
3241 1104 3448 1167 οὐσίας.

2051 1186 2234 1253 Ἔστιν
2268 1187 2721 1256 ἀποκατάστασις,
2758 1188 2899 1242 οὕτω
2935 1186 3000 1257 δὴ
3031 1192 3366 1263 τυπουμένη,

2052 1273 2479 1348 Κληρονομείτω
2510 1278 2691 1338 Τίτιος
2719 1282 2826 1331 τῶν
2858 1276 3096 1349 ἐμαυτοῦ
3129 1281 3484 1355 πραγμάτων*

2054 1362 2113 1416 Εἰ
2146 1361 2190 1416 δ’
2221 1363 2375 1425 οὗτος
2406 1365 2469 1418 οὗ
2503 1362 2865 1440 βεϐούληται,
2899 1366 3103 1441 πρίμος
3137 1368 3582 1445 κληρονομείτω.

2052 1453 2566 1529 Ἀθεμιτογαμήσας
2592 1476 2675 1515 τις
2703 1456 2790 1509 καὶ
2821 1453 3008 1516 δεινῶς
3031 1464 3377 1531 τιμωρεῖται,

2050 1540 2147 1594 Καὶ
2178 1547 2284 1595 τῶν
2312 1542 2611 1617 τεχθέντων
2644 1544 2696 1614 ἐξ
2728 1546 2897 1598 αὐτοῦ
2930 1545 2995 1599 οὐ
3024 1548 3446 1618 κατεξουσιάζει.

2048 1630 2112 1684 Εἰ
2145 1627 2201 1684 δέ
2230 1652 2311 1692 τις
2338 1630 2533 1693 παῖδας
2563 1632 2736 1688 ἔτεκεν
2766 1633 2824 1687 έκ
2853 1634 3106 1702 παλακῆς
3137 1643 3429 1711 προτέρας,

2051 1719 2338 1792 Νομίμους
2376 1721 2744 1797 ἀπεργάσηται
2777 1725 3070 1799 πρεικῴοις
3100 1724 3154 1779 έν
3200 1730 3540 1804 συμφώνοις.

1969 1855 2018 1919 Β
2047 1807 2315 1885 Τέταρτον
2351 1812 2516 1882 μέρος
2547 1818 2814 1887 χρεωστεῖ
2836 1818 2914 1882 τῷ
2944 1814 3338 1887 υἱοθετηθέντι,

2052 1899 2104 1919 ιθ(
2154 1910 2173 1919 Α
2262 1901 2275 1919 1
2448 1900 2459 1919 Ι
2702 1906 2729 1916 ~
2799 1903 2814 1919 ι
2963 1907 2986 1917 ~
3228 1904 3238 1919 ο

2052 1899 2376 1969 Υἱοθετήσας
2407 1900 2490 1961 τίς
2515 1922 2634 1954 τινα
2664 1906 2770 1955 τῶν
2799 1903 2989 1957 ἑαυτοῦ
3020 1904 3377 1980 πραγμάτων.

2050 1986 2279 2053 Ἀτελῆς
2310 1990 2731 2063 συγγινώσκεται
2764 1993 2970 2065 μήτηρ,
3008 1992 3084 2064 μὴ
3118 1992 3420 2048 ἀπαιτοῦσα

2050 2079 2162 2145 Τοῦ
2188 2075 2383 2151 ἀνδρὸς
2411 2077 2836 2148 τελευτήσαντος
2868 2080 3158 2153 ἐπίτροπον
3190 2087 3308 2145 τοῖς
3338 2085 3569 2146 τέκνοις.

2051 2167 2353 2241 Ἐπιτροπὴ
2387 2165 2444 2221 δὲ
2473 2167 2676 2245 πέφυκε
2705 2170 2907 2241 νομική
2942 2168 3151 2241 ἐξουσία

2049 2256 2181 2310 Κατ’
2212 2254 2495 2330 ἐλευθέρας
2526 2256 2791 2334 κεφαλῆς,
2826 2258 2901 2319 εἷς
2935 2260 3189 2333 βοήθειαν
3219 2260 3444 2331 ταύτης.

2049 2342 2385 2420 Ἐπίτροπος
2416 2342 2473 2399 δὲ
2503 2343 2699 2399 διοικεῖ
2728 2345 2893 2421 μέχρι
2923 2355 3023 2416 τῆς
3051 2343 3190 2419 ἥϐης
3228 2350 3414 2422 μόνον.

2050 2432 2320 2496 Ἐντεῦθεν
2355 2430 2412 2487 δὲ
2442 2433 2747 2503 αὖθέξονται
2779 2455 3107 2511 κουρατορες
3138 2442 3235 2491 τοῦ
3265 2438 3408 2496 νέου.

2048 2521 2343 2595 Ἀγνάτους
2374 2522 2468 2593 μὲν
2498 2522 2748 2594 ὠνόμαζε
2776 2524 2900 2584 τοὺς
2932 2523 2985 2593 ἐξ
3014 2524 3252 2600 ἀρῥένων
3284 2527 3486 2583 τόκων.

2050 2611 2359 2683 Κογνατους
2388 2608 2432 2664 δ’
2459 2609 2777 2683 ἐπωνόμαζε
2807 2612 2934 2675 τοὺς
2964 2611 3022 2667 ἐκ
3054 2612 3405 2688 θηλυγονίας.

2048 2700 2188 2773 Ἔφη
2200 2693 2296 2760 ϐος
2325 2698 2528 2774 γίνεται
2552 2701 2579 2753 ὁ
2609 2705 2736 2761 παῖς
2765 2700 2898 2755 ἐτῶν
2931 2699 3356 2779 δεκατεσσάρων,

2046 2783 2289 2865 Ἔφηϐος
2321 2785 2377 2842 δέ
2396 2810 2455 2843 τε
2485 2789 2680 2858 θήλεια
2711 2790 2844 2844 οὖσα
2876 2787 3241 2862 δωδεκαέτης.

2047 2879 2142 2949 Τῷ
2173 2874 2357 2952 ἔχοντι
2388 2876 2678 2951 ἐπίτροπον
2706 2880 2991 2954 κουράτῳρ
3026 2877 3236 2936 δίδοταί
3264 2904 3370 2945 τις.

2046 2972 2379 3041 Κατηγορεῖν
2413 2966 2474 3022 οὐ
2508 2964 2721 3022 δύναται
2756 2963 2955 3039 άνηϐος
2986 2968 3306 3046 ἐπιτρόπου,

3290 3065 3433 3120 Vers
3460 3062 3587 3119 272.

278 3358 486 3428 pta,ut
515 3352 900 3409 consuetudo.
936 3352 1201 3408 Libertas
1249 3355 1339 3407 est
1360 3351 1630 3424 quaedam
1666 3347 1951 3405 naturalis
1980 3352 2023 3415 C
2062 3346 2188 3403 rius
2208 3350 2265 3401 et
2321 3344 2640 3417 legatarius
2687 3345 2747 3401 in
2797 3347 3139 3402 universum
3182 3347 3284 3418 jus
3334 3364 3449 3403 non
3508 3366 3711 3407 succe-

276 3442 559 3499 licentia:
609 3441 857 3498 servitus
889 3444 979 3497 est
1028 3440 1320 3512 subjectio
1377 3438 1788 3506 dominationi,
1819 3454 1946 3509 qua:

280 3538 352 3588 ut
387 3529 614 3587 nullam
642 3530 867 3586 habens
897 3530 1313 3599 differentiam,
1370 3528 1743 3584 individuum
1803 3527 1943 3598 quid

283 3620 454 3675 dicit.
489 3618 804 3674 Calamitas
836 3618 1061 3687 matris,
1122 3618 1179 3673 id
1212 3622 1301 3673 est
1330 3616 1700 3673 meretricius
1734 3615 1943 3683 coitus,

282 3727 407 3766 non
443 3713 612 3765 nocet
643 3709 693 3764 ei
726 3708 827 3780 qui
859 3713 950 3763 est
978 3707 1039 3762 in
1079 3714 1299 3776 ventre,
1351 3708 1589 3778 privans
1642 3706 1813 3762 bonis
1851 3722 1948 3777 pa-

278 3799 488 3855 ternis.
502 3798 999 3853 Circumscribens
1031 3798 1350 3853 creditores
1383 3795 1798 3851 manumittere
1830 3812 1945 3850 non

280 3892 505 3960 potest.
528 3887 664 3942 Post
700 3886 1063 3958 pubertatem
1124 3890 1318 3958 potest
1362 3884 1495 3956 quis
1545 3884 1802 3939 scribere
1856 3889 1944 3938 te-

282 3982 677 4033 stamentum.
708 3978 909 4031 Annos
939 3980 1114 4030 natus
1145 3975 1346 4029 decem
1377 3980 1435 4029 et
1472 3978 1697 4044 septem
1732 3989 1942 4028 manu-

284 4069 527 4122 mittere
558 4070 771 4138 potest.
806 4065 996 4120 Liberi
1055 4064 1115 4118 in
1172 4067 1458 4135 potestate
1518 4068 1678 4131 sunt,
1732 4064 1833 4134 qui
1876 4079 1944 4117 ex

280 4154 571 4227 legitimis
595 4153 819 4225 nuptiis
850 4153 1160 4225 procreati,
1210 4152 1295 4207 illi
1327 4152 1484 4208 enim
1537 4150 1645 4207 soli
1685 4149 1943 4222 legitime

279 4244 639 4317 parentibus
669 4243 970 4297 obedinnt.
1005 4242 1067 4296 Si
1100 4241 1233 4313 quis
1266 4258 1335 4295 ex
1384 4241 1763 4312 imperatoris
1794 4240 1941 4294 libe-

280 4334 525 4388 ralitate
553 4349 589 4386 a
616 4331 759 4385 ﬁsco
793 4346 915 4385 rem
941 4330 1212 4402 accipiat,
1249 4334 1351 4384 aut
1400 4329 1515 4384 alio
1548 4330 1723 4384 modo
1753 4328 1825 4383 ab
1875 4344 1942 4383 eo

281 4436 412 4477 rem
461 4425 781 4491 comparet,
840 4420 1038 4474 statim
1100 4419 1289 4489 ipsius
1371 4418 1437 4473 ﬁt
1492 4417 1789 4484 dominus,
1838 4432 1941 4471 nec

280 4513 420 4583 post
441 4508 898 4581 quadriennium
960 4509 1320 4562 convenitur.
1352 4506 1555 4561 Mortis
1601 4522 1782 4561 causa
1837 4506 1939 4560 do-

284 4600 471 4663 natio,
500 4597 712 4653 similis
740 4603 830 4652 est
853 4597 1063 4668 legato.
1126 4595 1461 4651 Immobilia
1496 4596 1647 4650 bona
1698 4593 1938 4661 dotalia,

282 4704 478 4758 neque
514 4686 757 4785 pignori
795 4691 869 4785 ειῐ⁵
901 4685 1240 4785 hypothecze
1301 4684 1448 4749 dari,
1502 4700 1689 4784 neque
1744 4684 1939 4783 vendi,
1966 4721 2015 4785 D

283 4793 481 4847 neque
521 4775 783 4843 alienari,
844 4776 1047 4829 fraude
1103 4775 1308 4829 etiamv
1349 4791 1463 4829 non
1516 4774 1935 4829 interveniente

282 4870 560 4938 possunt.
595 4863 861 4936 Pupillus
922 4880 1026 4918 nec
1078 4879 1170 4918 res
1228 4880 1368 4918 suas
1424 4862 1699 4931 alienare,
1746 4878 1935 4933 neque

284 4955 516 5025 aliquid
550 4970 721 5026 agere
752 4958 943 5024 potest
982 4953 1109 5007 sine
1130 4952 1450 5007 tutoribus.
1476 4952 1659 5007 Filius
1684 4951 1936 5007 familias

283 5050 345 5099 et
404 5059 610 5098 servus
653 5042 985 5114 acquirunt,
1046 5041 1142 5095 hic
1193 5040 1454 5110 domino,
1532 5040 1628 5096 ille
1686 5040 1934 5111 parenti,

282 5132 524 5187 etiarnsi
549 5136 791 5203 uterque
821 5147 943 5186 rem
970 5129 1467 5201 gestamignoret:
1506 5130 1663 5185 ﬁlius
1698 5130 1935 5201 quidem

281 5228 343 5277 et
384 5238 613 5287 servus,
666 5220 794 5276 sine
850 5220 1035 5292 patris
1092 5224 1148 5274 et
1194 5219 1416 5275 domini
1462 5234 1751 5274 consensu
1801 5236 1937 5275 suc-

282 5311 494 5367 cedere
518 5328 631 5366 non
682 5314 951 5382 possunt,
978 5325 1082 5364 nec
1138 5308 1539 5363 hereditatem
1589 5307 1771 5363 adire.
1805 5309 1935 5363 Ser-

277 5417 396 5456 vus
419 5401 897 5456 usut‘ruetuarius
929 5399 1101 5455 nobis
1136 5399 1403 5469 acquirit,
1435 5399 1933 5469 quemadmodum

206 5511 219 5519 ν
278 5490 435 5546 liber
456 5491 632 5546 homo
664 5490 766 5562 qui
821 5489 978 5544 bona
1030 5487 1144 5543 ﬁde
1173 5488 1370 5543 servit.
1406 5487 1565 5545 Fidei
1596 5487 1936 5543 commissa-

352 5661 436 5734 (1)
468 5658 547 5717 Οὐ
581 5658 749 5715 σθένει
779 5678 885 5721 τις.

2056 3439 2205 3494 dunt
2239 3452 2251 3492 :
2285 3436 2342 3491 id
2374 3436 2530 3490 enim
2555 3436 2659 3505 jus
2716 3435 2877 3492 solus
2932 3436 3116 3492 haeres
3161 3437 3359 3493 habet.
3390 3438 3526 3495 Sine
3565 3441 3710 3496 scri-

2055 3530 2155 3599 pto
2203 3524 2405 3581 testari
2486 3525 2643 3596 leges
2695 3542 2811 3581 non
2893 3526 3206 3596 prohibent
3256 3544 3269 3582 :
3350 3528 3708 3584 domesticos

2054 3618 2285 3689 quidem
2319 3621 2501 3672 testes
2545 3616 2785 3671 meritos
2842 3617 3200 3688 improbant.
3244 3619 3304 3674 Si
3361 3619 3491 3690 quis
3538 3625 3711 3677 testa-

2053 3714 2153 3764 tus
2187 3706 2359 3762 fuerit
2404 3706 2476 3761 de
2527 3706 2950 3773 castrensibus,
3002 3711 3421 3763 testamentum
3455 3710 3512 3765 in
3538 3726 3709 3765 omne

2053 3801 2287 3866 tempus
2343 3794 2519 3862 valet,
2576 3794 2751 3849 etiam
2828 3798 2958 3865 post
3006 3794 3436 3851 abdicationem
3499 3798 3709 3868 prioris

2056 3885 2301 3941 militiae.
2334 3883 2661 3939 Filiusfam.
2708 3887 3130 3939 testamentum
3164 3901 3281 3939 non
3304 3885 3460 3952 facit,
3496 3903 3709 3958 quam-

2051 3972 2139 4028 vis
2172 3976 2336 4044 pater
2358 3972 2589 4043 jubeat,
2622 3972 2735 4027 nisi
2794 3971 2865 4027 de
2914 3972 3337 4029 castrensibus.
3387 3975 3565 4031 Furor
3603 3976 3706 4030 ad-

2048 4062 2290 4117 veniens
2321 4078 2436 4117 non
2468 4062 2675 4117 evertit
2705 4061 2869 4132 prius
2902 4061 3207 4117 conditum
3258 4068 3702 4120 testamentum.

2052 4151 2256 4218 Filius,
2283 4151 2333 4206 si
2362 4151 2791 4221 emancipatus,
2824 4150 3001 4206 habet
3047 4152 3333 4208 bonorum
3380 4153 3709 4224 possessio-

2051 4255 2186 4293 nem
2213 4244 2416 4294 contra
2465 4238 2715 4294 tabulas.
2776 4241 3014 4294 Servum
3065 4242 3260 4310 etiam,
3313 4242 3361 4297 si
3421 4242 3555 4312 quis
3614 4259 3707 4298 ve-

2049 4326 2139 4396 lit,
2172 4332 2363 4398 potest
2419 4327 2706 4382 haeredem
2755 4327 3084 4382 instituere.
3142 4328 3461 4384 Duodecim
3524 4329 3707 4385 uncia:

2050 4423 2190 4473 sunt
2258 4434 2537 4472 mensura
2586 4417 2964 4472 hiereditatis.
3021 4417 3093 4473 Ut
3178 4424 3446 4487 testator,
3516 4425 3708 4492 potest

2049 4507 2236 4562 hieres
2266 4522 2396 4561 esse
2426 4507 2807 4561 domesticus.
2842 4506 3025 4561 Nemo
3079 4506 3192 4563 nisi
3222 4508 3393 4564 miles
3442 4526 3509 4564 ex
3541 4514 3705 4580 parte

2050 4597 2121 4651 de
2152 4613 2211 4651 re
2241 4613 2348 4651 sua
2403 4600 2675 4665 testatur,
2726 4612 2829 4666 pro
2888 4602 3050 4667 parte
3096 4614 3207 4651 non
3244 4602 3518 4662 testatur,
3552 4598 3705 4652 Sub-

2050 4684 2278 4741 stitutio
2301 4684 2383 4740 sic
2416 4686 2737 4739 formatur:
2773 4685 2990 4740 Rerum
3025 4703 3289 4742 mearum
3311 4688 3499 4742 Titius
3517 4686 3701 4741 haeres

2046 4779 2170 4829 esto
2204 4774 2291 4841 ;si
2324 4773 2422 4828 ille
2453 4772 2726 4839 noluerit,
2784 4774 3018 4829 Primus
3076 4775 3259 4831 haeres
3315 4782 3457 4831 esto.
3517 4776 3691 4831 Nefa-

2044 4861 2160 4917 rias
2213 4861 2452 4932 nuptias
2511 4860 2862 4916 contrahens
2920 4862 3193 4917 atrociter
3248 4863 3515 4935 punitur,
3575 4878 3707 4917 neci

2043 4953 2260 5007 liberos
2317 4967 2385 5005 ex
2436 4950 2553 5005 illis
2603 4954 2773 5005 natos
2849 4950 3027 5005 habet
3080 4953 3137 5007 in
3217 4959 3523 5025 potestate.
3583 4954 3669 5016 Qu

2045 5045 2196 5099 ﬁlios
2227 5042 2430 5114 genuit
2461 5058 2528 5096 ex
2560 5040 2763 5112 pellice
2798 5042 3011 5112 priore,
3062 5043 3351 5115 legitimat
3406 5062 3505 5100 eos
3536 5044 3697 5098 dota-

2044 5132 2200 5187 libus
2273 5130 2705 5185 instrumentis.
2767 5136 3049 5197 Quartam
3120 5149 3357 5187 suorum
3410 5134 3699 5187 bonorum

2048 5222 2272 5291 partem
2298 5218 2572 5288 adoptato
2623 5218 2817 5283 debet,
2867 5220 2916 5274 is
2978 5221 3076 5289 qui
3110 5219 3423 5290 adoptavit.
3454 5217 3700 5273 Infamia

2048 5310 2113 5364 ﬁt
2145 5314 2352 5373 mater,
2384 5324 2511 5378 qua;
2565 5313 2797 5363 mortuo
2853 5310 2976 5364 viro
3018 5309 3214 5363 liberis
3266 5313 3520 5364 tutorem
3585 5326 3703 5366 non

2048 5398 2437 5470 petit.Tutela
2467 5401 2557 5451 est
2578 5396 2843 5468 legitima
2874 5402 3131 5469 potestas
3164 5398 3223 5453 in
3245 5403 3420 5470 caput
3449 5399 3700 5456 liberum

2049 5488 2122 5545 ad
2179 5487 2307 5560 ejus
2364 5485 2785 5542 defensionem.
2847 5490 3027 5543 Tutor
3073 5487 3455 5546 administrat
3508 5489 3701 5547 solum
