4054 6200
414 313 529 375 935

410 438 657 523 Ἕφηῦος
684 446 782 498 τοῦ
812 464 1162 519 κουρατωρος
1191 448 1463 522 συγγενῶν
1498 444 1917 521 συνεργούντων.

413 532 489 588 Τὰ
521 529 754 606 μηδενός
784 553 842 587 τε
872 532 1154 610 πρότερον,
1188 538 1283 588 τοῦ
1313 529 1850 606 προκαταλαϐόντος.

417 624 495 680 Τὸ
526 626 671 695 κῦμα
699 623 763 677 τὸ
793 623 1102 699 χειμέριον,
1134 621 1385 697 αἰγιαλὸν
1426 624 1615 696 ὁρίζει.

416 709 567 769 Ε’ίκει
596 712 663 767 τὰ
692 710 1005 785 ἐπικείμενα
1033 717 1149 776 τοῖς
1176 733 1235 786 γε
1268 712 1671 785 ὑποκειμένοις.

415 803 553 877 Ἵτερ
586 799 725 858 ἐστὶν
760 799 885 865 ὁδὸς
914 804 1094 871 στενὴ,
1129 800 1311 865 ἅκτοις
1342 805 1375 871 ἡ
1409 802 1742 879 πλατυτέρα.

412 890 475 948 Ὀ
514 896 738 967 πρᾶγμα
765 891 826 945 τὸ
855 888 1146 965 ἀλλότριον
1202 890 1433 946 ἐκποιῶν
1470 891 1520 947 ἐν
1554 890 1782 963 εἶδήσει,

416 981 487 1036 ’Ἢ
519 977 706 1041 ἄλλως
733 977 1060 1051 τραδιτεύων
1092 1001 1197 1052 τις,
1231 982 1305 1043 ὡς
1336 980 1552 1051 κλοπήν
1581 983 1900 1058 ἁμαρτάνει.

414 1069 643 1144 Δευτέρα
674 1066 1007 1133 διατύπωσις
1039 1069 1268 1145 ῥήγνυσι
1298 1073 1397 1140 τήν
1430 1070 1720 1147 προτέραν.

413 1159 524 1227 Τὴν
555 1156 611 1212 δὲ
646 1156 969 1235 ἷνοφικιόζο,
1002 1155 1193 1221 παῖδες
1222 1165 1429 1214 κινοῦσι
1465 1160 1646 1232 μόνοι.

413 1244 605 1309 Οὐδείς
635 1248 1057 1311 ὑποκαθίσταται
1090 1245 1244 1302 παιδί
1278 1247 1710 1324 πουπιλιαρίως,

422 1336 483 1393 Εἰ
519 1337 593 1408 μὴ
626 1338 846 1406 ποιήσει
876 1337 1139 1411 πρότερον
1172 1338 1246 1399 εἰς
1275 1337 1434 1393 αὐτὸν
1468 1336 1753 1409 διαθήκην.

418 1426 479 1481 Ὁ
512 1424 654 1501 ἔχων
685 1426 783 1493 τὴν
812 1426 1117 1502 ἐναγωγήν,
1151 1424 1419 1497 ἀποδείξει
1451 1428 1715 1503 βαρεῖται.

416 1514 496 1568 Τὰ
522 1517 620 1579 τῆς
648 1515 874 1587 προικὸς
900 1516 1096 1583 κινητὰ
1128 1515 1501 1589 εἰσπράττεται
1533 1516 1744 1588 αὐτίκα,

416 1608 543 1665 Τοῖς
576 1603 857 1673 ἀκινήτοις
890 1601 1202 1679 ὁλόκληρος
1236 1604 1311 1666 εἷς
1340 1605 1631 1676 ἀπαίτησιν
1662 1607 1884 1680 γρόνος,

414 1694 520 1760 Τῆς
554 1689 816 1762 διαθήκης
851 1695 885 1761 ἡ
918 1694 1122 1767 κρηπὶς
1154 1692 1398 1756 ἔνστασις
1430 1692 1804 1767 κληρονόμου.
1889 1709 1892 1711 ‘

418 1780 513 1835 Καὶ
544 1782 689 1853 τομὴ
721 1780 812 1835 καὶ
850 1780 1129 1853 μετάθεσις
1155 1782 1357 1857 γίνεται
1390 1788 1484 1836 τοῦ
1520 1781 1769 1859 λεγάτου,

416 1870 502 1925 Ἐν
534 1890 592 1924 τε
623 1868 1033 1927 διατυπώσεσιν.
1058 1867 1112 1924 ἓν
1141 1892 1199 1924 τε
1227 1877 1343 1933 τοῖς
1375 1870 1761 1935 κωδικὲλλοις.

412 1958 488 2014 Τὸ
515 1959 699 2031 τρίτον
733 1958 760 2011 ὁ
791 1957 1080 2036 φαλκίδιος
1110 1958 1270 2029 σώζει
1304 1964 1382 2015 τῶ
1412 1959 1779 2035 κληρονόμῳ,

415 2049 509 2105 Ἐκ
537 2053 644 2102 τῶν
678 2047 921 2123 λεγάτων
954 2049 1208 2121 άμάντων
1243 2051 1377 2103 κατὰ
1406 2049 1724 2125 ἀναλογίαν,

412 2138 468 2191 Ὁ
499 2134 808 2212 Αὔγουστος
833 2137 1146 2212 προσέταξε,
1178 2138 1328 2216 φασὶ,
1360 2140 1487 2201 τοὺς
1518 2137 1919 2210 κωδικὲλλους,

411 2228 495 2281 Ἐν
531 2229 613 2290 οἷς
642 2223 765 2281 οὔτε
795 2225 1061 2296 ἐνίστησιν
1096 2228 1123 2280 ὀ
1152 2228 1374 2304 γράφων
1414 2230 1799 2304 κληρονόμον,

409 2312 537 2372 Οὕτ⁹
568 2316 786 2391 ἀφαιρεῖ
814 2315 872 2370 ’ὸν
903 2312 1134 2391 ἔγραψεν
1170 2316 1220 2370 ἐν
1252 2320 1321 2389 τῇ
1358 2316 1705 2374 διατυπώσει,

408 2407 485 2461 Τὸ
521 2405 612 2477 μὲν
642 2402 1078 2479 Τερτουλιάνειον
1111 2402 1301 2480 δόγμα
1330 2405 1490 2461 καλεῖ
1520 2406 1850 2482 προσφόρως

410 2493 505 2555 Εἷς
535 2493 601 2548 τὰ
624 2498 731 2548 τῶν
758 2494 955 2547 τέκνων
989 2494 1285 2569 πράγματα
1315 2495 1409 2557 τὰς
1440 2494 1654 2550 ἐκείνων
1692 2494 1953 2571 μητέρας.

410 2582 484 2638 Τὸ
517 2580 572 2636 δέ
603 2584 653 2657 γ’
686 2583 1074 2658 ὐρφιτιάνειον
1115 2582 1266 2646 αὖθις
1298 2583 1357 2636 ἐκ
1385 2588 1482 2637 τοῦ
1509 2582 1772 2651 ἐναντίου,

412 2670 505 2732 Εἷς
536 2672 603 2725 τὰ
635 2673 885 2747 μητέρων
918 2672 1213 2747 πράγματα
1248 2671 1375 2734 τοὺς
1406 2670 1602 2735 παῖδας
1622 2672 2000 2749 προκαλεῖται.

411 2760 470 2813 Ἡ
508 2762 691 2834 μήτηρ
722 2756 838 2835 ἔχει
871 2758 1177 2831 πρόκλησιν
1207 2760 1453 2814 ἁπάντων
1485 2766 1594 2815 τῶν
1630 2763 1894 2837 ἀγνάτων,

408 2847 501 2909 Εἷς
529 2849 597 2902 τά
632 2852 739 2902 τῶν
769 2847 969 2902 τέκνων
1002 2848 1318 2923 πράγματα,
1350 2850 1524 2923 χωρὶς
1554 2855 1661 2904 τῶν
1696 2851 1997 2927 ὁμογνίων.

406 2937 553 2992 Μετά
579 2939 679 3013 γὰρ
712 2936 915 2991 τούτων
948 2934 1167 3011 ἔρχεται
1201 2937 1276 2999 εἷς
1305 2939 1403 3006 τήν
1432 2938 1832 3012 κληρονομίαν.

411 3024 572 3082 Ἀλλ’
598 3027 641 3082 εἰ
679 3028 773 3100 μὲν
803 3025 1033 3105 ἀδελφαί
1062 3027 1162 3081 εἰσι
1188 3028 1251 3082 τὸ
1282 3026 1453 3101 ἥμισυ
1487 3024 1783 3102 λαμϐάνες·

401 3420 589 3476 usque
620 3403 692 3458 ad
727 3403 1092 3474 pubertatem
1119 3418 1131 3455 :
1157 3402 1365 3458 exinde
1397 3406 1699 3458 curatores
1732 3403 1790 3458 in
1850 3404 2042 3461 adole-
2073 3407 2116 3472 C

399 3498 657 3549 scentem
700 3496 1045 3562 potestatem
1106 3498 1396 3547 exercent.
1457 3496 1714 3560 Agnatos
1769 3509 1910 3548 voca
1941 3494 2046 3549 de-

396 3584 743 3637 scendentes
773 3596 841 3635 ex
872 3581 1155 3647 maribus,
1204 3585 1479 3651 cognatos
1509 3597 1577 3635 ex
1608 3581 1863 3637 feminis.
1893 3584 2044 3638 Ado-

399 3671 625 3725 lescens
657 3668 893 3736 dicitur,
919 3669 1364 3739 quatuordecim
1399 3686 1583 3723 annos
1615 3669 2045 3725 natus:mulier

399 3774 534 3813 vero
553 3760 642 3812 est
672 3757 857 3829 puber
882 3772 1035 3810 anno
1058 3756 1424 3811 duodecimo.
1446 3756 2042 3829 Adolescentiquitu-

402 3853 585 3903 torem
617 3845 812 3911 habet,
832 3851 1064 3900 curator
1092 3846 1282 3900 datur.
1319 3845 1581 3916 Pupillus
1605 3851 1853 3901 tutorem
1868 3864 2039 3903 accu-

399 3953 531 3991 sare
553 3951 669 3989 non
701 3933 1273 4004 potest.Adolescens
1304 3950 1435 3988 vero
1467 3940 1794 3990 curatorem
1828 3942 2038 4008 potest,

397 4024 661 4095 cognatis
684 4021 1047 4091 juvantibus.
1082 4023 1215 4087 Qua:
1239 4026 1373 4077 ante
1406 4022 1625 4078 nullius
1658 4030 1816 4093 sunt,
1853 4026 2038 4096 primo

393 4111 735 4183 occupantis
768 4110 935 4165 ﬁunt.
975 4111 1163 4165 Littus
1217 4110 1394 4167 ﬂuctu
1443 4111 1683 4167 hiberno
1734 4114 2036 4169 deﬁnitur.

392 4202 667 4273 Subjecto
698 4198 823 4256 solo
876 4200 1029 4254 cedit
1061 4199 1425 4270 superﬁcies.
1472 4202 1588 4256 Iter
1616 4206 1703 4256 est
1726 4201 1817 4256 via
1847 4219 2039 4274 augu-

393 4294 483 4348 sta
516 4306 529 4347 :
567 4295 747 4345 Actus
772 4287 1023 4359 amplior
1068 4287 1178 4343 via.
1242 4287 1349 4354 Qui
1382 4291 1524 4343 ‘rem
1573 4289 1813 4345 alterius
1844 4292 2038 4346 sciens

393 4380 628 4442 alienat,
686 4377 772 4432 vel
805 4376 973 4432 aliter
1001 4377 1201 4441 tradit,
1235 4378 1404 4447 quasi
1446 4378 1663 4433 lurtum
1696 4380 2035 4435 committit.

392 4467 691 4523 Posterius
737 4470 1155 4520 testamentum
1208 4467 1370 4536 prius
1421 4467 1688 4539 rumpit:
1737 4470 2036 4539 querelam

390 4556 461 4610 de
494 4555 816 4609 inofﬁcioso
847 4552 954 4607 soli
1006 4552 1109 4607 ﬁlii
1164 4561 1417 4610 movent.
1452 4560 1632 4610 Nemo
1683 4573 1862 4627 puero
1902 4559 2037 4613 sub-

387 4645 539 4699 stitit
562 4640 948 4715 pupillariter,
1000 4641 1112 4697 nisi
1145 4642 1306 4713 prius
1358 4644 1559 4699 fecerit
1589 4650 2033 4701 testamentum.

387 4731 581 4788 Actori
636 4730 996 4800 probationis
1078 4748 1229 4791 onus
1288 4732 1593 4788 incumbit.
1648 4737 1761 4789 Res
1810 4733 2036 4792 dotales

391 4820 638 4876 mobiles
669 4818 825 4873 illico
869 4819 1616 4890 petuntur;immobilium
1673 4839 1808 4878 vero
1866 4840 2033 4896 repe-

386 4910 580 4964 titioni
629 4909 856 4981 integer
884 4925 1076 4963 annus
1106 4908 1277 4963 cedit.
1324 4910 1681 4966 Testamenti
1731 4913 1891 4969 basis
1947 4919 2035 4970 est

393 4998 635 5054 haaredis
666 4998 980 5053 institutio.
1030 4997 1240 5069 Legata
1288 4999 1635 5054 adimuntur
1693 5006 1750 5056 et
1782 5004 2033 5057 transfe-

385 5094 600 5144 runtur
645 5090 995 5143 testamento
1052 5090 1109 5141 et
1155 5086 1457 5143 codicillis.
1512 5090 1626 5144 Lex
1676 5090 1935 5146 Falcidia
1963 5107 2033 5146 ex

383 5180 658 5234 omnibus
688 5176 898 5247 legatis
951 5190 1056 5245 pro
1106 5180 1232 5229 rata
1289 5186 1477 5232 servat
1524 5180 1759 5234 tertiam
1804 5186 2030 5251 partem

383 5264 1068 5337 haeredi.Augustusjus
1111 5264 1513 5321 codicillorum
1569 5267 1847 5335 instituit,
1900 5269 2030 5339 qui-

388 5359 498 5411 bus
523 5371 625 5410 neo
645 5356 826 5411 bmres
884 5354 1115 5410 institui
1175 5361 1385 5426 potest,
1441 5374 1545 5413 nec
1572 5358 1631 5413 in
1676 5363 2029 5414 testamento

378 5444 635 5519 scriptus
681 5442 882 5500 deleri.
952 5444 1539 5503 Senatusoonsultum
1591 5446 2023 5504 Tertullianum

2066 4779 2111 4842 D

452 5645 530 5720 (2)
558 5640 676 5699 Ἐπ’
711 5636 853 5713 ἴσης.

1758 311 2174 375 MICHAELIS
2218 310 2485 373 PSELLI

2093 448 2146 514 Α
2178 444 2240 501 Εἰ
2270 440 2316 498 δ’
2350 440 2579 521 ἀδελφαὶ
2608 442 2698 498 καὶ
2730 440 2979 523 ἀδελφοὶ,
3009 446 3103 500 ’ἰσα
3130 443 3596 519 κληρονομοῧσιν.

3711 313 3841 379 936

2175 533 2442 601 Ὑπούσης
2477 530 2813 607 διακατοχῆς
2844 539 2970 595 παῖς
3000 533 3089 589 καὶ
3118 534 3302 609 γονεὺς
3335 535 3620 605 ὡσαύτως,

2177 621 2451 677 Ἐνιαυτὸν
2487 620 2800 698 ὁλόκληρον
2824 620 3014 699 ἔχουσι
3051 624 3377 699 βοηθοῦντα.

2174 709 2411 785 Ἡμέρας
2445 716 2613 783 μόνας
2643 711 2827 767 ἑκατὸν
2860 717 2969 767 τῶν
3005 718 3275 789 συγγενῶν
3302 713 3561 789 ἐχόντων·

2176 801 2344 867 Ποινή
2372 800 2583 877 ὀφείλει
2610 802 2850 857 τίθεσθαι
2884 802 2959 866 εἷς
2982 802 3076 864 τὰς
3109 801 3492 875 ἐπερωτήσεις.

2175 889 2243 946 Ἠ
2277 888 2582 965 περπὲτουα
2615 889 2900 963 μίσθωσις,
2934 889 3256 969 ἐμφύτευσις
3288 894 3567 967 τυγχάνει,

2178 978 2255 1034 Τὸ
2287 975 2811 1052 διαπλασιαζόμενον
2840 976 2901 1034 ἓκ
2926 1001 3073 1042 τινος
3102 980 3429 1055 ἡρνηκότος,

2178 1062 2526 1138 Καταϐληθὶν
2559 1063 2824 1123 ἷνδέϐιτον
2858 1069 3144 1140 ἀπαίτησιν
3178 1070 3277 1124 οὐκ
3302 1068 3444 1145 ἔχει.

2175 1158 2374 1227 Κλοπή
2409 1156 2520 1212 ἐστι
2551 1157 2875 1235 ψηλάφησις
2905 1160 3241 1233 πραγμάτων
3276 1160 3409 1214 κατὰ
3438 1156 3628 1231 δόλον,

2176 1246 2358 1320 Χωρὶς
2388 1253 2560 1315 κακῆς
2588 1248 2893 1322 προθέσεως
2924 1246 3139 1318 κλοπὴν
3173 1248 3281 1324 οὐχ
3306 1248 3657 1322 ἁμαρτάνεις,

2175 1335 2326 1390 Κατά
2354 1339 2448 1390 τοῦ
2476 1335 2737 1403 κλέπτου,
2770 1332 3087 1414 φούρτιϐον,
3120 1336 3216 1391 κᾶν
3253 1339 3328 1410 μή
3363 1336 3593 1409 νὲμηται
3624 1333 3824 1409 δώσας,

2173 1425 2260 1496 Τῴ
2290 1423 2570 1479 ἐκπεσόντι
2600 1423 2917 1498 πράγματος
2950 1420 3292 1480 πουϐλίκανα
3320 1425 3569 1499 ἁρμόζει.

2176 1513 2458 1582 ΙΙαυλιανὴ
2489 1511 2547 1567 δὲ
2576 1511 2784 1568 δίδοται
2817 1519 2894 1585 τῷ
2926 1516 3440 1590 περιγεγραμμένη),

2175 1603 2269 1666 Εἷς
2300 1610 2495 1677 πρᾶσιν
2529 1603 2602 1665 εἷς
2637 1602 2920 1674 ἐκποίησιν
2954 1608 3060 1658 τῶν
3096 1605 3288 1659 ἑαυτοῦ
3315 1603 3674 1679 πραγμάτων.

2176 1695 2291 1761 Τήν
2321 1693 2558 1769 φούρτην
2594 1690 2915 1761 δὶπλασίάζε
2946 1693 3036 1747 σὺν
3068 1699 3148 1765 τῷ
3178 1693 3493 1765 Ἀκουιλίῳ.

2096 1822 2142 1887 Β
2175 1784 2356 1855 Νόμος
2389 1785 2417 1838 ὁ
2445 1780 2847 1843 δωδεκάδελτος
2875 1784 2975 1849 τήν
3000 1780 3252 1853 νοξαλίαν
3288 1784 3549 1857 φούρτην,

2174 1873 2276 1928 Καὶ
2305 1873 2392 1927 τὸν
2427 1870 2677 1942 νοξάλιον
2710 1871 2869 1926 αὐτὸν
2905 1869 3217 1928 Ἀκουίλιον
3243 1872 3457 1950 γράφει.

2174 1962 2509 2035 Παραγραφή
2547 1960 2656 2015 ἐστι
2683 1960 2858 2032 σαφὴς
2891 1962 2925 2028 ἡ
2960 1957 3328 2035 δικαιολογία,

2174 2054 2283 2106 Τοῦ
2310 2049 2432 2125 ρέου
2459 2050 2597 2124 πρὸς
2622 2049 2712 2103 τὸν
2747 2050 2949 2124 ἁκτορα
2978 2051 3093 2104 κατ’
3126 2049 3347 2123 ἀγωγῆς
3384 2043 3623 2124 βεϐαίας,

2173 2142 2260 2209 Τῷ
2288 2138 2443 2210 νόμῳ
2478 2136 2569 2210 μέν
2602 2142 2715 2199 πῶς
2744 2137 2991 2212 ἰσχυρᾶς,
3014 2142 3081 2211 τῇ
3114 2140 3269 2215 φύσει
3307 2135 3352 2192 δ’
3380 2135 3699 2199 ἀδικούσας.

2176 2228 2338 2293 Δίκην
2369 2224 2414 2281 δ’
2447 2224 2626 2289 οὐδεὶς
2654 2227 2961 2297 συνίστησιν
2994 2227 3289 2301 ἀγνώστων
3318 2224 3645 2284 αὖτοδίκων.

2175 2315 2397 2387 Ἐπίσης
2524 2313 2859 2378 δικαιώσεως
2891 2316 2919 2369 ὁ
2952 2311 3257 2387 νεμόμενος
3288 2315 3570 2389 κρείττων.

2172 2406 2227 2458 '0
2259 2405 2477 2482 φθείρας
2512 2404 2603 2478 βίᾳ
2629 2404 2727 2472 τήν
2762 2406 2988 2476 σεμνὴν,
3021 2402 3253 2480 εὔπορος
3290 2406 3382 2477 μὶν
3407 2406 3720 2479 τυγχάνων,

2170 2496 2227 2551 Ἥ
2242 2495 2425 2567 μίσεος
2457 2494 2731 2570 ἀφαίρεσιν
2757 2490 2874 2568 ἓχει
2902 2498 3009 2547 τῶν
3046 2515 3207 2563 κεκτη
3220 2492 3413 2566 μενων⁹

2168 2586 2230 2642 Ὁ
2263 2582 2308 2639 δ’
2341 2586 2566 2658 ἄπορος,
2600 2582 2869 2658 ἐξόριστος
2901 2582 3098 2658 γίνεται
3130 2584 3454 2655 παραυτίκα.

2168 2677 2258 2743 Τᾦ
2292 2670 2566 2744 Κορνελίῳ
2594 2667 2788 2745 ἓνοχυς
2821 2676 2923 2731 πᾶς
2953 2671 3145 2747 φονεὺς
3173 2671 3453 2747 τυγχάνει,

2166 2766 2253 2833 Τῷ
2276 2756 2645 2823 Ῥεπετοῦνδις
2675 2758 2870 2833 ἔνοχος
2903 2757 3162 2827 δικαστὴς
3192 2757 3523 2833 δωροδόκος.

2168 2851 2254 2922 Τῷ
2286 2847 2345 2905 δὶ
2375 2847 2630 2925 δελφάσις
2770 2845 2965 2923 ἔνοχος
2996 2848 3055 2909 ὃς
3086 2847 3251 2917 ἁλοίη
3284 2847 3621 2903 αλαστεύων.

2168 2941 2246 2996 Τὸ
2278 2940 2498 3014 χρόνιον
2529 2935 2586 2992 δὲ
2610 2939 2836 3008 σύνηθες
2872 2938 3044 3009 νόμου
3077 2933 3343 3009 λαμϐάνει
3364 2937 3555 2993 τόπον.

2167 3031 2235 3087 Οἱ
2264 3029 2468 3104 γενικοὶ
2497 3033 2603 3083 τῶν
2637 3025 2853 3082 εἰδικων
2886 3025 3285 3103 ἐγκρατέστεροι
3319 3027 3527 3098 νόμων.

3512 3118 3658 3175 Vere
3686 3119 3821 3175 332.

2155 3405 2459 3462 commode
2489 3408 2653 3459 vocat
2713 3406 2930 3459 matres
2952 3402 3022 3457 ad
3077 3401 3225 3457 bona
3258 3400 3513 3456 ﬁliorum
3548 3416 3565 3455 :
3600 3415 3819 3457 rursus

2155 3511 2185 3549 e
2217 3500 2413 3549 contra
2434 3491 2848 3563 Orphitianum
2883 3490 3035 3545 ﬁlios
3068 3490 3140 3546 ad
3176 3491 3329 3545 bona
3364 3495 3641 3544 matrum.
3678 3488 3815 3544 Ma-

2153 3589 2240 3638 ter
2268 3583 2328 3638 in
2382 3581 2755 3637 successione
2812 3580 3097 3634 bonorum
3160 3578 3260 3633 ﬁlii
3297 3577 3567 3649 praecedit
3598 3592 3819 3632 omnes

2152 3676 2421 3743 agnatos,
2445 3668 2699 3740 exceptis
2731 3666 3207 3739 consanguineis,
3241 3667 3598 3737 quibuscum
3647 3666 3823 3721 venit

2152 3762 2221 3815 ad
2259 3759 2652 3814 hereditatem
2690 3774 2702 3811 :
2738 3758 2841 3812 sed
2874 3756 2925 3811 si
2991 3771 3220 3811 sorores
3281 3755 3561 3810 defuncto
3593 3771 3823 3826 super-

2150 3851 2291 3918 sint,
2323 3848 2637 3903 dimidium
2668 3846 2825 3919 capit
2857 3862 2872 3913 ;
2931 3846 2981 3900 si
3014 3861 3148 3900 vero
3199 3846 3406 3900 fratres
3462 3850 3519 3899 et
3550 3860 3827 3912 sorores,

2150 3937 2431 4009 exsequis
2506 3935 2772 4008 partibus
2829 3935 3171 3989 succedunt.
3230 3934 3312 3988 Ad
3369 3933 3827 4005 agnoscendam

2148 4028 2433 4081 bonorum
2501 4024 2960 4096 possessionem,
3019 4022 3243 4088 liberis,
3338 4026 3397 4076 et
3455 4022 3830 4093 parentibus

2147 4132 2339 4170 annus
2378 4114 2603 4183 integer
2662 4111 2999 4179 auxiliatur,
3032 4111 3167 4166 aliis
3226 4109 3491 4180 cognatis
3561 4117 3825 4165 centum

2148 4203 2273 4258 dies
2303 4203 2517 4259 solum.
2553 4203 2724 4257 Poena
2754 4200 3116 4271 stipulationi
3151 4198 3368 4270 apponi
3386 4199 3577 4254 debet.

2217 4291 2635 4364 Empbyteusis
2684 4295 2775 4345 est
2806 4294 3090 4361 perpetua
3119 4288 3352 4344 locatio.
3387 4287 3650 4358 Duplum
3716 4304 3831 4344 so-

2145 4382 2333 4437 lutum
2376 4382 2448 4435 ab
2506 4395 2572 4435 eo
2631 4379 2732 4450 qui
2789 4378 3085 4433 inﬁciatus
3132 4384 3244 4446 est,
3302 4376 3548 4432 indebiti
3589 4378 3827 4433 condi-

2146 4470 2336 4525 ctione
2387 4486 2503 4524 non
2546 4468 2850 4539 repetitur.
2913 4468 3156 4523 Furtum
3200 4472 3289 4521 est
3338 4465 3540 4521 dolosa
3601 4482 3829 4523 rerum

2145 4559 2568 4616 contrectatio:
2630 4561 2757 4612 sine
2817 4556 2970 4612 mala
3015 4555 3352 4611 admotione
3392 4555 3621 4610 furtum
3694 4574 3825 4613 non

2146 4648 2309 4703 facis.
2370 4646 2710 4702 Publiciaua
2768 4645 3048 4717 competit
3120 4645 3171 4699 ei
3232 4644 3332 4714 qui
3384 4659 3507 4698 rem
3569 4646 3828 4711 amisit,

2145 4753 2278 4792 cum
2313 4753 2426 4790 non
2452 4733 2769 4806 possideat,
2804 4750 2922 4788 rem
2960 4733 3235 4787 furtivam
3268 4734 3552 4787 adversus
3583 4732 3823 4789 furem.

2146 4826 2426 4880 Pauliana
2483 4826 2659 4879 datur
2709 4821 3154 4893 circumscripto
3213 4823 3270 4877 in
3326 4820 3698 4888 venditione,
3763 4830 3828 4878 et

2143 4914 2493 4969 alienatione
2524 4928 2717 4967 rerum
2751 4928 3016 4966 suarum.
3039 4910 3219 4976 Furti,
3250 4915 3308 4964 et
3336 4926 3405 4965 ex
3435 4908 3563 4981 lege
3626 4913 3828 4983 Aqui-

2141 5003 2221 5057 lia
2250 5003 2309 5056 in
2342 5001 2589 5072 duplum
2623 5000 2875 5071 agimus.
2923 5000 3036 5055 Lex
3082 4999 3404 5054 Duodecim
3454 4998 3825 5056 tabularum

2141 5092 2277 5146 furti
2321 5096 2380 5146 et
2428 5089 2666 5162 Aquilia:
2720 5089 3001 5159 actiones,
3054 5087 3291 5144 noxales
3341 5087 3565 5143 scribit.
3630 5089 3831 5145 Exce-

2140 5181 2259 5251 ptio
2290 5184 2380 5236 est
2408 5185 2565 5235 certa
2595 5183 2650 5235 et
2680 5177 2994 5233 manifesta
3014 5177 3275 5249 exceptio
3293 5177 3373 5232 rei
3407 5178 3478 5234 ad
3511 5184 3824 5236 actorem.

2138 5274 2342 5325 contra
2400 5268 2689 5324 actionem
2738 5266 2865 5337 lege
2895 5266 3136 5337 quidem
3190 5266 3442 5330 ﬁrmam,
3495 5267 3598 5322 sed
3638 5280 3828 5323 natu-

2138 5358 2245 5413 rali
2271 5360 2406 5429 jure
2437 5358 2744 5428 injustam.
2795 5355 2982 5411 Litem
3042 5372 3217 5412 nemo
3267 5355 3529 5411 instituit
3560 5359 3826 5415 nescius

2137 5448 2227 5505 sui
2248 5447 2425 5520 juris.
2463 5449 2524 5503 In
2574 5447 2712 5519 jure
2764 5444 2976 5518 aquati
3034 5444 3231 5518 potior
3257 5449 3349 5502 est
3378 5445 3479 5517 qui
3507 5447 3824 5518 possidet.

2206 5644 2282 5720 (3)
2312 5643 2377 5700 Δὶ
2408 5639 2629 5724 φάλσις.
