3976 6212
247 253 367 313 937

239 387 464 441 Ἵῐττων
496 385 609 442 ini
635 392 747 443 τῶν
775 386 1011 461 Θηλειῶν
1046 388 1250 467 αἵρεσις
1285 395 1393 448 τῶν
1426 391 1689 470 ἀρῥένων.

239 476 307 529 Οἱ
470 478 748 553 τεχθὲντες
776 479 1011 555 νόμιμοι
1040 478 1263 538 ἕπονται
1292 490 1409 547 τοῖς
1439 488 1721 561 πατράσιν.

239 565 313 619 Οἱ
342 564 535 641 (ξύντες
569 564 616 621 δ’
641 567 700 622 lx
728 569 1124 644 πορνεύματος,
1155 568 1377 628 ἕπονται
1407 580 1525 635 ταῖς
1558 576 1794 649 μητράσι

234 650 313 707 Τδ
347 653 503 731 φύσει
535 658 987 731 χρεωστοόμενον
1018 656 1359 732 καταϐληθὲν
1392 662 1492 718 οὐκ
1520 663 1637 739 ἔχει

230 742 405 806 Αὖθις
433 742 795 819 ρεπετιτίονα,
838 746 914 813 ὠς
944 743 1095 820 ἔδοξε
1118 754 1197 821 τῷ
1221 747 1397 825 νόμῳ.

230 830 425 887 Histra
454 834 521 887 τὰ
552 831 802 891 ἰδιωτικὰ
834 833 1101 910 δημόσιον
1135 838 1198 894 οὐ
1235 840 1490 916 βλάπτει,

230 921 661 987 Ἀποκαθίστατ’
692 921 944 994 ἀϐλαϐὴς
978 928 1006 982 6
1040 927 1155 991 νέος
1180 930 1317 984 κατὰ
1347 931 1576 1003 νόμους.

226 1011 410 1087 ’Όπερ
442 1011 554 1067 ἐστὶ
583 1018 700 1076 τοῖς
730 1014 920 1084 ἥττοσι
949 1016 1014 1072 τὸ
1046 1016 1497 1089 ἀποκαθιστάναι,

226 1101 415 1155 Τοῦτο
447 1101 684 1174 μείζοσιν
717 1100 981 1178 ἔγκλητος
1011 1107 1150 1181 πρὸς
1179 1107 1379 1184 λόγους
1413 1108 1731 1184 ἀναλόγους.

223 1190 450 1265 Πατρὸς
472 1191 562 1246 καὶ
594 1190 802 1247 παίδων
839 1194 1034 1267 μεταξὺ
1062 1200 1174 1252 τῶν
1200 1217 1265 1272 γε
1299 1198 1622 1270 ὑπεξουσίων

221 1276 306 1334 Οὐ
344 1279 552 1355 πέφυκε
582 1280 924 1346 συνίστασθαι
958 1280 1116 1355 δίκης
1148 1280 1489 1362 ἀμφιϐολίας

220 1366 414 1423 Ὅπου
441 1364 500 1422 δὲ
528 1370 563 1439 ἡ
602 1371 977 1447 προκάταρξις,
1010 1372 1123 1428 ἐκεῖ
1149 1375 1239 1429 καὶ
1270 1374 1534 1447 καταδίκη

222 1456 300 1509 T6
333 1462 526 1529 μεῖζον
560 1455 908 1535 δικαστήριον
940 1462 1003 1517 τὸ
1031 1460 1255 1519 ἔλαττον
1290 1464 1589 1539 προκρίνει.

221 1554 283 1607 Ὀ
315 1551 509 1620 διδοὺς
530 1557 592 1611 τὸ
626 1553 891 1615 ἷνδὲϐιτον
920 1558 1064 1637 ἔχων
1099 1558 1305 1632 εἴδησιν
1336 1562 1533 1617 τούτου

221 1641 344 1699 Οὐκ
372 1639 492 1720 ἔχει
522 1644 689 1700 πάλιν
717 1644 993 1724 εἴσπραξιν
1023 1654 1120 1704 τοῦ
1155 1644 1519 1725 βεϐλημένου,

220 1730 448 1795 Ὁσάκις
482 1733 814 1805 ἐξετάζοντες
846 1738 969 1813 περὶ
1001 1744 1225 1814 καρπῶν
1256 1745 1589 1815 σκοποῦμεν,

222 1820 368 1877 ’Όσα
398 1817 588 1877 λάϐειν
618 1822 851 1894 ἠδύνατο
884 1827 913 1881 6
951 1826 1165 1901 νομεὺς,
1198 1823 1551 1903 ἀκριϐοὒμεν,

226 1909 317 1972 Εἰς
351 1906 551 1987 ἔδαφος
584 1911 855 1969 ἐπίκοινον
886 1916 914 1969 6
944 1917 1205 1979 κοινωνὸς
1234 1918 1300 1972 οὑ
1330 1919 1522 1987 κτίζει.

224 2000 519 2071 Ἐξωτικὸς
553 2003 616 2057 οὖ
647 2000 866 2059 δύναται
892 2001 1139 2061 δουλείαν
1166 2007 1574 2082 προσπορίζειν,

224 2089 343 2166 Ἐφ’
375 2089 451 2143 ὧν
480 2091 509 2145 6
541 2091 849 2155 ’Λκουίλιος
883 2094 1129 2167 θεμάτων
1164 2094 1273 2171 οὐχ
1302 2097 1553 2172 ἁρμόζει,

222 2176 460 2241 Τοῦτοις
518 2176 565 2234 δ’
623 2179 930 2259 ἷνφάκτουμ
982 2180 1216 2257 δίδοται,
1272 2185 1469 2259 σαθρὸς
1531 2182 1577 2239 δ’
1628 2184 1656 2239 6
1704 2181 1875 2239 κανὼν

1675 2274 1876 2347 [οὗτος.

219 2362 427 2418 Ὁπόσα
458 2359 516 2418 δὲ
548 2365 624 2437 μή
658 2362 875 2441 ἔχουσιν
909 2368 1068 2444 ἱσχὺν
1100 2371 1237 2425 κατὰ
1262 2375 1369 2425 τῶν
1397 2371 1607 2444 νόμων,

216 2452 416 2526 Χωρὲς
448 2452 884 2528 ἀποτελέσματὸς
912 2453 1138 2521 δοθέντα
1157 2460 1294 2515 κατὰ
1324 2457 1560 2531 πλάνην,

217 2538 337 2597 Οὗκ
372 2534 491 2617 ἔχει
525 2541 848 2618 ῥετνετίτιον,
881 2542 996 2601 οὔδ’
1027 2545 1299 2625 ε”σπραξιν
1332 2548 1530 2605 ὁπίσω.

215 2631 457 2706 Χείρονα
485 2638 662 2689 ποιεῖν
695 2633 897 2707 α’ίρεσιν
926 2640 1061 2713 γυνὴ
1095 2640 1323 2714 προικὸς
1357 2637 1518 2708 ἰδίας,

215 2724 422 2798 Σαφῶς
451 2722 553 2777 οὑκ
581 2717 698 2799 ἔχει
732 2721 959 2799 δύναμιν
992 2726 1046 2781 ἐν
1076 2732 1365 2783 συνεστῶτι
1404 2728 1587 2803 γάμῳ.

210 2814 302 2882 Τῷ
327 2806 519 2885 ἔχοντι
549 2811 864 2888 ἆπίτροπον,
894 2810 1079 2890 ἕτερος
1110 2816 1173 2871 οὗ
1200 2813 1408 2879 δοτὲος.

210 2899 283 2953 Τὸ
318 2905 510 2973 μεῖζον
542 2897 915 2977 δικαστήριον,
941 2910 1185 2980 κρεῖττον
1217 2909 1325 2961 τῶν
1360 2904 1690 2975 ἐλαττόνων,

1616 264 1992 328 SYNOPSIS
2038 270 2333 332 LEGUM.

3551 285 3672 347 938

1931 409 1985 475 Α
2018 402 2174 459 Ἤτοι
2204 403 2267 458 τὸ
2297 402 2730 479 ἔγκληματικόν,
2759 406 2858 462 τοῦ
2885 406 3009 484 περὶ
3039 410 3148 465 τῶν
3172 414 3501 487 χρημάτων·

2019 489 2323 564 Ἐκδίκησιν
2359 492 2681 569 ἐγκλήματα
2711 492 2977 570 λαμϐάνει
3015 500 3118 568 τήν
3152 498 3381 561 δικαίαν.

2018 580 2105 636 Ἐν
2135 580 2327 644 τόποις
2359 584 2442 645 οἷς
2474 583 2812 659 ἡμάρτηται,
2846 582 2967 641 ἔνθα
2997 588 3253 664 κρείττων
3289 594 3323 661 ἡ
3355 599 3577 669 γνῶσις.

2014 669 2193 725 ’Όπου
2224 668 2281 725 δὲ
2309 673 2344 740 ἡ
2372 673 2754 749 προκάταρξις,
2786 673 2897 731 ἐκεῖ
2923 676 3014 732 καὶ
3043 676 3333 751 καταδίκη.

2083 758 2359 815 Ἐντεῦθεν
2390 762 2478 815 καὶ
2509 762 2737 825 κανόνας
2767 785 2850 819 σοι
2880 770 2989 820 τῶν
3019 773 3237 843 Νεαρῶν
3270 770 3523 848 εἰσφέρω,

2011 844 2337 915 Δηλούντων
2364 849 2429 903 τὰ
2464 846 2793 923 βουλήματα
2822 854 3038 908 πάντων
3072 856 3180 910 τῶν
3207 844 3605 931 τελευτώντων,

2009 937 2144 990 Ὅσα
2172 938 2248 1009 μὴ
2285 934 2651 1015 διαμάχονται
2679 946 2798 1003 τοῖς
2828 942 3023 1015 νόμοις
3052 949 3169 1007 τοῖς
3206 946 3500 1021 κειμᾶνοις.

2009 1029 2216 1101 Προῖκα
2294 1028 2388 1100 μὲν
2470 1030 2646 1103 γάμος
2728 1029 2954 1108 ἐνεργεῖ,
3015 1036 3189 1107 γάμον
3251 1032 3299 1089 δ’
3357 1038 3420 1092 οὗ
3495 1036 3663 1115 δρῶσι

3390 1128 3660 1203 [προῖκες.

2002 1204 2174 1280 Ὅπερ
2204 1204 2232 1259 6
2262 1204 2428 1279 νόμος
2458 1204 2675 1278 δίδωσι,
2705 1210 2806 1265 οὑκ
2834 1209 2895 1265 ἃν
2920 1208 3183 1289 ἀφίλοιτό
3212 1234 3315 1277 τις.

2000 1298 2365 1369 Ιίαραγραφῆς
2398 1295 2670 1361 ἀντίθεσις
2702 1298 2801 1354 οὐκ
2828 1297 2938 1355 ἔστι
2970 1298 3246 1375 δημοσίῳ.

2000 1384 2061 1441 Ἣ
2091 1381 2615 1461 δευτερογαμήσασα
2645 1391 2751 1467 πρὸ
2779 1394 2877 1445 τοῦ
2907 1391 3171 1466 πενθίμου
3204 1395 3432 1470 χρόνου,

2001 1474 2223 1529 Πάντων
2261 1474 2510 1532 ἇκπίπτει
2570 1478 2657 1533 καὶ
2718 1480 2987 1555 προικῶν,
3045 1481 3134 1536 καὶ
3201 1481 3405 1560 κερδῶν
3438 1506 3655 1563 παραυ-

3500 1574 3649 1649 τίκα,

1993 1650 2080 1721 Ἐξ
2111 1650 2395 1729 ἐλευθέρας
2425 1655 2686 1731 θυγατρὸς
2719 1658 2781 1712 οὐ
2812 1656 3049 1715 τίκτεται
3078 1681 3161 1723 τις
3190 1657 3407 1724 δοῦλος.

1994 1745 2108 1795 Τῶν
2139 1740 2517 1800 τελευτώντων
2550 1744 2815 1821 βούλησιν
2848 1745 3039 1821 μηδεὶς
3072 1750 3435 1827 ἀνατρεπὲτω.

1997 1829 2179 1903 Γάμος
2210 1828 2255 1885 δ’
2288 1831 2346 1887 ix
2376 1829 2664 1897 διαθέσεως
2696 1838 3006 1894 συνίσταται
3033 1840 3122 1894 καὶ
3158 1839 3348 1913 μόνης,

1990 1916 2094 1972 Κᾶν
2130 1920 2206 1992 μὴ
2238 1916 2486 1997 προδῶσι
2519 1926 2732 1999 γαμικᾶ
2763 1923 3075 2000 συμϐόλαια
3107 1930 3242 2005 πρὸς
3275 1930 3503 2001 ταῦτης.

1988 2007 2270 2094 Δειρίνσωρ
2302 2008 2630 2083 ἐπιτήδειος,
2664 2012 2842 2077 οὐδεὶς
2876 2015 3052 2092 χωρὶς
3085 2016 3303 2094 ἰγγόης.

1988 2096 2043 2149 ’0
2074 2093 2258 2151 δοῦναι
2290 2097 2664 2175 προελόμενος
2696 2102 2807 2166 ἴσος
2834 2109 2912 2177 τῷ
2941 2093 3223 2162 δεδωκότι’

1987 2184 2395 2258 Ἐπιτροπεῦειν
2420 2187 2667 2246 δύνανται
2697 2196 2805 2247 τῶν
2831 2194 3031 2249 τέκνων
3066 2197 3119 2249 αἱ
3154 2198 3406 2271 μητέρες.

1987 2273 2075 2330 Ἐν
2109 2274 2257 2348 μέσῳ
2287 2273 2447 2345 δίκης
2477 2276 2658 2335 ἄδικον
2691 2281 2921 2356 γίνεσθαι
2954 2282 3128 2345 θείους
3155 2284 3381 2348 τόπους.

1985 2364 2046 2420 Ἣ
2081 2367 2278 2439 γνώμη
2309 2372 2405 2422 τοῦ
2434 2368 2773 2447 τεστάτωρος
2804 2373 3018 2428 πάντων
3050 2377 3419 2450 προκιμητὲα.

1984 2452 2151 2516 Τόκος
2182 2454 2611 2531 ἀνεπερώτητος,
2645 2461 2719 2522 είς
2752 2458 2963 2517 δάνειον
2997 2463 3060 2519 οὗ
3089 2464 3299 2540 τρέχει.

1984 2543 2091 2611 Τὴν
2122 2547 2228 2599 τῶν
2263 2551 2441 2601 κακῶν
2475 2547 2774 2626 εἰσαγωγὴν
2810 2549 2870 2605 οὐ
2901 2549 3114 2629 σφίγγει
3149 2553 3356 2629 μακρὸς
3387 2553 3590 2631 χρόνος

1986 2632 2109 2687 Τῶν
2142 2634 2336 2707 γάμων
2361 2636 2413 2690 οἱ
2444 2636 2718 2710 ἀθὲμιτοι,
2755 2645 2960 2701 ποιναῖς
2989 2641 3351 2715 τιμωρητέοι.

1984 2720 2053 2777 Οἱ
2078 2718 2539 2796 πλημμελοῦντες
2571 2726 2788 2800 κόλασι,
2823 2726 3122 2785 διδότωσαν
3158 2728 3407 2803 δικαίως,

1985 2808 2405 2897 Φυλαττόμενον
2436 2820 2681 2889 νομικῶς
2710 2818 2972 2892 νομίμοις
3004 2816 3310 2897 διαδόχοις,

1980 2899 2075 2952 Ὧν
2103 2895 2322 2976 ἔχουσιν
2355 2903 2408 2958 ol
2440 2904 2760 2969 πταίσαντες
2786 2906 3039 2981 νομίμων
3070 2907 3163 2963 καί
3192 2895 3559 2985 Ῠπραγματων.

3232 2999 3399 3058 Vers.
3438 3002 3566 3059 387.

210 3187 328 3254 Qui
361 3187 417 3243 vi
468 3188 800 3263 religiosam
856 3192 1143 3268 virginem
1189 3194 1473 3268 corrupit,
1521 3195 1571 3251 si
1601 3196 1865 3271 locuples
1896 3197 1939 3266 C
1978 3197 2143 3254 locus
2174 3196 2302 3254 erit.
2336 3196 2543 3252 Mulier
2584 3200 2891 3254 constante
2934 3200 3333 3269 matrimonio,
3385 3203 3635 3261 faculta-

209 3277 313 3349 sit,
350 3279 639 3338 bonorum
696 3300 940 3340 suorum
990 3287 1323 3342 medietatis
1360 3287 1658 3359 jacturam
1718 3287 1867 3360 pati-

207 3372 354 3424 tur:
388 3386 609 3442 pauper
638 3389 772 3429 vero
802 3374 1004 3431 statim
1039 3376 1099 3431 in
1121 3376 1395 3432 exsilium
1429 3376 1706 3431 mittitur.
1742 3376 1871 3433 Om-

206 3457 306 3513 nis
339 3457 633 3516 homicida
689 3462 985 3535 obligatus
1042 3471 1131 3522 est
1188 3465 1301 3539 legi
1348 3465 1646 3521 Corneliis.
1680 3465 1870 3522 Judex

208 3547 513 3619 sordidus,
532 3556 591 3605 et
617 3568 863 3609 munera
882 3553 1195 3626 accipiens,
1224 3556 1681 3627 repetundarum
1708 3560 1866 3612 tene-

205 3641 330 3695 tur.
371 3642 503 3712 Legi
552 3658 688 3699 vero
731 3644 803 3700 de
831 3644 997 3702 falsis
1048 3645 1358 3717 obligatur,
1391 3648 1493 3719 qui
1541 3647 1727 3702 variat
1758 3646 1867 3702 fal-

207 3744 350 3783 sum
398 3730 682 3789 scribens.
732 3733 1024 3789 Diuturna
1076 3735 1438 3791 consuetudo
1499 3735 1642 3808 legis
1672 3736 1866 3791 locum

206 3815 442 3889 implet.
478 3819 653 3892 Leges
682 3822 987 3892 generales
1019 3823 1273 3896 potiores
1325 3827 1464 3879 sunt
1494 3823 1553 3878 in
1600 3824 1864 3895 judiciis.

207 3904 382 3974 Pejor
435 3912 524 3961 est
581 3908 934 3965 feminarum
1000 3911 1278 3981 conditio,
1338 3927 1514 3984 quam
1576 3910 1856 3968 marium.

204 3991 482 4066 Legitimi
512 3995 681 4052 liberi
715 4001 941 4070 patrem
992 4004 1343 4072 sequuntur,
1377 4001 1495 4056 nati
1528 4017 1596 4056 ex
1639 4005 1866 4056 scorta-

204 4083 372 4139 tione
404 4088 674 4141 matrem.
725 4087 886 4152 Quod
941 4092 1155 4144 natura
1201 4089 1447 4145 debetur
1491 4088 1746 4145 solutum
1781 4106 1866 4145 re-

202 4171 327 4244 peti
384 4189 501 4229 non
562 4180 775 4247 potest,
811 4180 875 4232 ut
931 4177 1162 4251 legibus
1215 4178 1454 4251 placuit.
1518 4178 1691 4237 Nulla
1749 4178 1867 4251 pri-

170 4256 173 4259 ’
202 4267 341 4316 vata
372 4262 609 4335 publico
632 4270 864 4322 nocent.
899 4266 1250 4324 Restituitur
1280 4267 1498 4325 illaasus
1525 4268 1866 4324 adolescens

200 4353 540 4409 secundum
571 4352 752 4425 leges,
798 4356 952 4428 quod
1000 4356 1058 4412 in
1110 4357 1439 4414 minoribus
1469 4356 1647 4414 efﬁcit
1692 4357 1865 4415 resti-

198 4440 380 4512 tutio,
412 4439 469 4496 id
505 4442 566 4497 in
598 4444 924 4515 majoribus
963 4445 1300 4518 appellatio,
1355 4448 1558 4502 eadem
1620 4463 1866 4519 propor-

197 4529 551 4587 tione.lnter
563 4536 782 4604 patrem
803 4540 860 4590 et
874 4533 1027 4591 filios
1040 4552 1189 4607 quos
1203 4535 1297 4592 ille
1310 4536 1488 4592 habet
1502 4536 1560 4591 in
1581 4540 1866 4610 potestate

194 4617 327 4675 litis
357 4619 677 4677 discrimen
707 4621 937 4682 institui
991 4642 1102 4681 non
1137 4630 1350 4697 potest.
1398 4624 1747 4697 Ubicunque
1776 4631 1867 4681 est

194 4706 324 4763 litis
355 4711 725 4781 contestatio,
758 4710 878 4767 illic
909 4714 1273 4784 etjudicatio
1304 4718 1415 4770 est.
1451 4714 1642 4785 Majus
1676 4715 1864 4770 tribu-

196 4796 297 4852 nal
331 4797 405 4853 de
430 4796 641 4854 minori
666 4800 911 4871 judicat.
939 4802 1047 4867 Qui
1079 4804 1273 4859 sciens
1306 4802 1479 4859 solvit
1508 4804 1863 4871 indebitum,

194 4887 376 4942 soluti
431 4887 707 4961 deinceps
740 4891 1171 4948 condictionem
1235 4909 1351 4947 non
1386 4893 1581 4949 habet.
1636 4893 1872 4959 Quoties

194 4976 564 5031 aestimantes
623 4977 911 5034 rationem
986 4979 1284 5036 fructuum
1345 4980 1659 5051 habemus,
1720 4999 1872 5054 quos

194 5080 514 5137 possessor
541 5066 838 5139 percipere
888 5073 1139 5140 poterat,
1187 5075 1388 5126 exacte
1438 5071 1870 5143 perquirimus,

192 5153 257 5209 In
291 5152 423 5209 solo
474 5156 774 5210 communi
826 5158 1025 5213 socius
1055 5175 1169 5214 non
1221 5159 1491 5215 aediﬁcat.
1541 5163 1872 5216 Extraneus

193 5260 314 5300 non
349 5246 544 5315 potest
589 5244 929 5301 servitutem
979 5247 1301 5319 acquirere.
1338 5249 1418 5304 Ex
1462 5249 1681 5321 quibus
1714 5249 1867 5305 casi-

192 5332 312 5389 bus
342 5330 580 5404 Aquilia
627 5349 744 5388 non
797 5334 1100 5409 competit,
1148 5336 1323 5393 datur
1372 5336 1588 5393 actioni
1620 5337 1872 5407 factum,

192 5420 479 5495 putribus
524 5425 723 5478 autem
772 5428 862 5481 est
909 5424 1008 5481 ille
1065 5442 1276 5482 canon.
1310 5427 1394 5483 Ex
1439 5425 1532 5483 his
1587 5426 1869 5483 omnibus

192 5510 394 5567 causis
427 5526 559 5583 quas
579 5511 717 5582 jure
747 5529 863 5569 non
888 5513 1224 5584 valuerunt,
1257 5515 1344 5571 vel
1379 5532 1497 5571 non
1528 5514 1874 5573 habuerunt

196 5602 502 5669 electum,
534 5603 737 5658 secuta
760 5618 862 5676 per
882 5617 1142 5660 errorem
1172 5603 1490 5671 solutione,
1513 5603 1870 5661 condictioni

530 5732 798 5794 PATROL.
846 5733 961 5795 Gn.
1005 5733 1249 5796 CXXII.

1977 3290 2095 3343 tem
2127 3303 2242 3343 non
2276 3286 2454 3341 habet
2506 3286 2855 3342 deteriorem
2890 3287 3144 3344 faciendi
3197 3290 3353 3346 dotis
3382 3292 3633 3364 preprie

1977 3375 2395 3432 conditionem.
2430 3376 2705 3430 Tutorem
2740 3376 2980 3431 habenti
3012 3377 3165 3433 alius
3204 3382 3369 3434 tutor
3394 3395 3509 3436 non
3542 3386 3635 3437 est

1978 3465 2231 3521 dandus.
2267 3464 2458 3535 Majus
2488 3463 2746 3519 tribunal
2778 3466 2972 3536 potius
3002 3470 3094 3522 est
3126 3466 3478 3534 minoribus,
3510 3468 3633 3525 sive

1978 3554 2302 3622 criminale,
2337 3553 2694 3625 pecuniaria.
2747 3553 3008 3610 Crimina
3031 3555 3260 3625 justam
3310 3556 3631 3612 vindictam

1976 3643 2213 3700 habent.
2248 3645 2372 3707 Quo
2402 3641 2529 3697 loco
2558 3642 2688 3714 quis
2738 3641 2991 3714 drliquit
3022 3644 3094 3698 de
3143 3644 3384 3701 crimine
3413 3661 3629 3718 cogno-

1976 3734 2182 3790 scitur.
2218 3732 2562 3804 Ubicunque
2606 3736 2696 3788 est
2722 3730 2843 3787 litis
2877 3732 3247 3804 contestatio,
3292 3732 3374 3789 ibi
3403 3737 3461 3789 et
3488 3750 3629 3791 con-

1976 3820 2293 3879 damnatio.

2047 3912 2269 3968 Deinde
2299 3910 2405 3966 tibi
2438 3911 2615 3967 atl'ero
2658 3910 3031 3967 Novellarum
3082 3913 3317 3985 regulas
3364 3929 3494 3985 que
3524 3914 3628 3971 de-

1976 4002 2202 4059 clarant
2229 4000 2421 4056 valere
2454 4000 2835 4055 morientium
2876 4002 3233 4069 voluntates,
3264 4018 3631 4075 quaecunque

1976 4091 2205 4165 legibus
2264 4088 2470 4162 positis
2527 4105 2644 4145 non
2729 4094 3083 4163 repugnant.
3145 4091 3373 4162 Nuptiae
3431 4093 3627 4149 dotem

1976 4181 2395 4243 constituunt,
2457 4180 2694 4250 nuptias
2752 4194 2886 4233 vero
2943 4179 3107 4234 dotes
3164 4196 3281 4234 non
3338 4179 3627 4237 efficiunt.

1976 4270 2137 4343 Quod
2170 4268 2261 4324 lex
2293 4268 2393 4323 dat
2422 4283 2590 4322 nemo
2640 4266 2850 4321 aufert.
2885 4266 3348 4337 Praescriptionis
3394 4268 3630 4339 opposi-

1974 4359 2057 4415 tio
2116 4374 2229 4413 non
2264 4360 2355 4412 est
2413 4356 2575 4412 ﬁsco.
2631 4354 2836 4411 Mulier
2894 4356 3153 4411 srcundo
3210 4355 3443 4412 nubens
3474 4356 3630 4413 intra

1971 4447 2168 4503 luctus
2200 4450 2455 4517 tempus,
2511 4443 2732 4499 amittit
2780 4442 2938 4498 illico
2988 4448 3044 4498 et
3096 4444 3292 4499 dotem
3341 4450 3400 4500 et
3430 4446 3632 4501 omnia

1974 4537 2158 4593 lucra.
2191 4534 2273 4589 Ex
2308 4533 2431 4588 tilia
2462 4532 2643 4587 libera
2675 4548 2791 4587 non
2824 4531 3089 4586 nascitur
3116 4548 3342 4588 servus.
3374 4533 3630 4589 Morien-

1972 4626 2118 4682 tium
2153 4623 2514 4679 voluntatem
2548 4637 2718 4676 nemo
2766 4620 3108 4675 subvertito.
3142 4620 3279 4677 Sola
3327 4621 3633 4677 affectione

1973 4713 2194 4786 nuptiae
2244 4710 2689 4771 contrahuntur,
2726 4709 2859 4764 licet
2888 4709 3050 4763 illam
3094 4710 3382 4781 nuptialia
3411 4711 3631 4765 instru-

1983 4807 2184 4859 menta
2240 4818 2356 4856 non
2426 4800 2868 4872 praecesserint.
2930 4797 3140 4853 Nullus
3213 4799 3487 4854 defensor
3542 4804 3633 4855 est

1982 4893 2230 4947 idoneus
2261 4891 2387 4944 sine
2438 4888 2840 4942 satisdatione.
2887 4888 2971 4941 Ad
3021 4887 3364 4942 donandum
3398 4902 3632 4959 progre-

1983 4982 2151 5036 diens
2204 4977 2417 5033 similis
2448 4983 2538 5031 est
2596 4975 2677 5030 illi
2730 4978 2829 5047 qui
2891 4976 3051 5031 dedit
3117 4980 3331 5031 Matres
3386 4980 3637 5047 possunt

1983 5070 2236 5125 ﬁliorum
2288 5083 2529 5122 suorum
2583 5065 2827 5120 tutelam
2880 5080 3098 5134 gerere.
3157 5065 3219 5120 In
3272 5066 3461 5119 medio
3509 5065 3634 5118 litis

1985 5164 2191 5214 contra
2246 5157 2340 5226 ius
2400 5156 2548 5209 {lunt
2628 5170 2805 5209 sacrae
2864 5158 3098 5210 formae.
3157 5151 3480 5209 Testatoris
3534 5167 3633 5207 vo-

1982 5248 2181 5303 luntas
2212 5244 2488 5300 omnibus
2528 5247 2619 5298 est
2668 5243 3096 5314 anteponenda.
3131 5240 3329 5297 Usura:
3379 5255 3496 5295 non
3531 5239 3635 5296 sti-

1982 5335 2198 5409 pulatus
2228 5334 2285 5388 in
2320 5332 2587 5388 debitum
2639 5347 2754 5386 non
2801 5330 3064 5386 veniunt.
3098 5328 3504 5400 Improborum
3536 5343 3633 5384 ac-

1981 5424 2209 5483 cusatio
2262 5424 2436 5496 longo
2486 5426 2751 5495 tempore
2802 5436 2920 5475 non
2967 5417 3356 5476 concluditur.
3407 5417 3635 5491 Nuptim

1981 5513 2218 5571 nefaria:
2266 5512 2456 5585 poenis
2503 5513 2643 5567 sunt
2698 5507 3037 5580 plectendas.
3099 5506 3206 5575 Qui
3257 5506 3637 5580 deliquerunt

1983 5605 2124 5661 dent
2144 5604 2306 5676 juste
2336 5601 2451 5659 reis
2495 5597 2774 5658 ambitus.
2826 5595 3130 5670 Legitimis
3185 5592 3633 5655 successoribus

3230 5722 3310 5785 30
