4054 6200
431 294 550 354 939

429 428 492 482 Ὁ
525 422 711 500 ἄρχων
749 423 1036 500 ὑπερόριος
1067 422 1274 490 οἴκοθεν
1306 423 1610 481 δαπανάτω.

431 516 645 590 Μοιχὸς
678 513 735 569 δέ
764 537 846 578 τις
877 512 1226 589 ἀποδειχϐεἷς
1252 516 1347 577 τὰς
1377 515 1568 576 ποινὰς
1601 514 1872 590 ὑπεχέτω,

431 603 672 659 Διδὸσθω
705 603 760 660 δὲ
790 605 858 679 τῇ
889 606 1096 679 γυναικὶ
1134 605 1192 658 ἐκ
1221 609 1327 658 τῶν
1360 604 1524 658 αὐτοῦ
1555 605 1886 679 πραγμάτων

425 695 484 750 Ἡ
523 695 686 771 προὶξ
718 695 808 748 σὺν
842 692 1019 757 ἕδνοις
1047 695 1244 763 ἅπασα,
1279 695 1324 747 εἰ
1353 691 1398 747 δ’
1429 690 1694 766 ἅπροικος
1723 691 2004 768 τυγχάνει,

423 786 595 853 Μέρος
628 784 800 860 ἐχέτω
829 785 1083 858 τέταρτον
1111 788 1220 838 τῶν
1255 783 1463 838 ἐκείνου
1493 783 1851 858 πραγμάτων·

425 875 507 930 Τά
537 872 594 928 δὲ
625 873 792 930 λοιπᾶ
821 878 922 928 τοῦ
951 873 1273 934 πταίσαντος
1304 872 1600 948 πράγματα
1637 871 1935 946 μεριζέσθω

423 963 521 1026 Εἷς
579 961 796 1035 παῖδας,
855 963 930 1025 εἷς
987 963 1114 1026 τοὺς
1167 961 1453 1037 φύσαντας,
1518 959 1647 1036 ἄχρι
1712 961 1926 1036 βαθμοῦ
1980 961 2077 1012 τοῦ

1845 1047 2073 1123 [τρίτου.

421 1142 489 1197 Ei’
519 1141 563 1197 δ’
595 1142 716 1198 οὕτε
747 1147 892 1210 παῖς,
919 1139 1037 1197 οὔτε
1071 1140 1261 1215 γονεὺς
1299 1137 1612 1215 ὑπάρχουσι
1643 1143 1722 1209 τῷ
1755 1138 2006 1211 πταίστῃ,

417 1237 504 1303 Τῷ
538 1230 710 1309 φίσκῳ
740 1231 1266 1308 προσκυρούσθωσαν
1298 1228 1548 1284 τάκείνου
1589 1227 2000 1304 προσηκόντως.

419 1327 525 1390 Τῆς
558 1322 948 1396 μοιχευθείσης
979 1319 1254 1395 γυναικὸς,
1291 1313 1533 1394 ἀκριϐῶς
1569 1314 1941 1392 τηρουμένης,

419 1410 484 1466 Εἰ
517 1412 543 1464 6
579 1410 827 1472 σύνοικος
861 1408 1145 1485 βούλοιτο,
1175 1407 1519 1484 θαρῥοῦντως
1553 1403 1877 1479 λαμϐανέτω

418 1501 531 1568 Τήν
565 1499 858 1555 πταίσασαν
893 1498 1126 1570 ἀζήμιον
1160 1496 1309 1558 ἐντὸς
1338 1503 1437 1565 τῆς
1471 1494 1688 1556 διετίας⁶

419 1589 637 1658 Χρόνου
669 1586 726 1642 δὲ
757 1586 1168 1662 διαρῥεύσαντος
1197 1590 1306 1640 τοῦ
1335 1583 1787 1659 διηγορευμένου,

421 1680 483 1732 Ἡ
517 1679 612 1749 μὲν
643 1677 717 1738 εἷς
758 1678 1118 1750 μοναστήριον
1153 1672 1378 1736 ἐνδίκως
1412 1671 1663 1746 διαγέτω,

417 1764 868 1843 Μελαμιροροῦσα
899 1763 1127 1818 πάντοτε
1156 1762 1290 1817 κατά
1309 1763 1403 1823 τὰς
1434 1762 1784 1836 κεκαρμένας·

414 1855 484 1910 Εἴ
515 1853 701 1916 παῖδες
733 1855 858 1924 εἶσὶ,
889 1854 950 1908 τὸ
985 1851 1234 1928 δίμοιρον
1278 1850 1547 1926 ἐχέτωσαν
1580 1853 1652 1905 ὧν
1682 1847 1819 1927 ἔχει,

412 1945 482 1998 Τὸ
514 1943 569 1998 δέ
602 1965 665 2020 γε
699 1945 1063 2019 μοναστήριον
1094 1943 1156 1996 τὸ
1186 1941 1368 2017 τρίτον
1404 1936 1745 2014 λαμϐανέτω.

414 2036 483 2092 Αἱ
511 2034 738 2104 κλήσεις
767 2037 874 2088 τῶν
906 2030 1216 2108 ἐγκλήματι
1248 2029 1478 2086 θανάτου
1508 2033 1874 2088 πεπτωκότων

420 2126 552 2186 Τοῖς
586 2129 716 2178 πᾶσι
745 2123 1128 2198 ἅρμοζέτωσαν
1164 2120 1196 2190 ἢ
1231 2122 1340 2175 ἅνω
1371 2125 1484 2182 τοῖς
1517 2126 1750 2194 γονεῦσι.

418 2215 518 2274 Τάς
551 2210 700 2274 δίκας
727 2214 822 2274 τὰς
855 2212 906 2266 ἐν
939 2214 1191 2288 χρήμασι
1220 2210 1315 2272 τὰς
1346 2210 1479 2265 κατᾶ
1509 2215 1616 2264 τῶν
1649 2210 1698 2265 ἐν
1729 2209 1924 2286 κλήρῳ

419 2303 738 2358 Ἐπίσκοποι
769 2301 1089 2378 κρινέτωσαν
1119 2296 1486 2374 ἠκριϐωμένῳ
1519 2299 1688 2375 λόγῳ.

417 2394 568 2454 Ἐνὸς
603 2390 658 2446 δὲ
693 2393 766 2465 μὴ
804 2393 1201 2466 στοιχήσαντος
1229 2394 1325 2443 τοῦ
1355 2390 1628 2460 κρίνοντος
1657 2394 1725 2456 τῆ
1765 2393 1955 2468 ψήφῳ,

415 2483 475 2539 .0
513 2480 699 2557 ἄρχων
727 2481 985 2551 ἐξετάσειε
1013 2479 1212 2549 ταύτην
1247 2473 1660 2554 ιῖικριϐεστεέ,ρι,ι)ς⁹

417 2573 503 2626 Ἐν
538 2569 594 2625 δὲ
622 2577 737 2632 τοῖς
768 2572 1122 2644 ἁμαρτήμασι
1153 2574 1267 2628 τοῖς
1298 2567 1769 2644 πολιτικωτέροις,

415 2662 483 2717 Οἱ
513 2659 772 2736 κληρικοὶ
801 2665 918 2722 τοῖς
949 2656 1181 2733 ἄρχουσι
1213 2656 1517 2712 ὑπόκεινται
1553 2656 1796 2721 δικαίως.

417 2749 560 2812 Τοὺς
594 2747 829 2810 εὐτελεῖς
863 2745 920 2802 δὲ
953 2748 1225 2822 μάρτυρας
1259 2747 1285 2800 6
1317 2748 1508 2822 κριτὴς
1537 2746 1844 2817 κολαζέτω,

414 2840 555 2912 Πρὸς
584 2837 844 2909 ἀληθείας
873 2837 1075 2909 εὕρεσιν
1107 2834 1195 2891 καὶ
1227 2836 1417 2914 μηρεῖς
1450 2834 1724 2897 αἲτιάσθω.

416 2929 536 2985 Ἐπὶ
567 2931 673 2983 τῶν
701 2925 1064 3004 ἐγκλημάτων
1101 2923 1158 2980 δὲ
1194 2929 1303 2980 τῶν
1338 2923 1389 2979 ἐν
1421 2921 1773 3000 δικαστηρίῳ,

416 3019 479 3072 Οἱ
515 3019 778 3094 μάρτυρες
806 3022 923 3080 τοῖς
957 3013 1231 3078 δικασταῖς
1258 3013 1599 3092 προσίτωσαν
1629 3013 1682 3070 ἐν
1713 3016 1888 3089 νόμῳ.

1760 292 2180 352 MICHAELIS
2225 291 2495 352 PSELLI

2112 427 2160 493 Α
2191 421 2510 496 Κηδεμόνας
2539 427 2656 485 τοῖς
2688 422 2944 500 ὀρφανοῖς
2974 423 3002 478 δ
3033 421 3224 501 ἅρχων
3251 427 3558 502 παρεχέτω.

3709 302 3834 363 940

2191 514 2303 587 Χρὴ
2337 513 2430 567 τὸν
2462 512 2512 583 ἐξ
2544 512 2830 574 αἲτιάσεως
2863 514 3276 585 ὑπομνησθέντα
3297 518 3543 590 πρώτης,

2187 597 2420 658 Βιϐλίου
2454 599 2811 677 ὑποδέχεσθαι
2843 608 2945 671 τῆς
2975 602 3307 676 κινουμένης
3333 601 3506 675 δίκης,

2189 692 2292 748 Καὶ
2322 693 2657 768 προθεσμίαν
2690 695 2913 766 ἡμερῶν
2946 691 3117 748 εἴκοσι
3148 691 3612 769 προσλαμϐάνειν.

2187 783 2249 838 Ὁ
2278 779 2334 836 δὲ
2364 780 2424 837 ἐκ
2451 781 2815 856 περιστάσεως
2847 776 3030 836 λαϐὼν
3063 780 3314 857 δευτέραν
3343 786 3542 860 κρίσιν,

2187 870 2264 928 Οὐ
2295 868 2511 925 δύναται
2541 871 2633 925 τὸν
2663 867 2912 942 δεύτερον
2945 868 3203 939 δικαστὴν
3237 877 3639 949 παραιτεῖσθαι,

2188 959 2333 1014 Μετὰ
2365 956 2648 1030 διομοσίαν
2684 956 2741 1012 δὲ
2767 963 2863 1012 τοῦ
2905 958 3026 1034 ῥὲου
3055 960 3458 1034 κρυπτομένου,

2190 1048 2290 1103 Καὶ
2327 1049 2403 1120 μὴ
2435 1049 2982 1120 προσαπαντήσαντος
3013 1051 3150 1103 κατά
3180 1051 3280 1118 τὴν
3307 1053 3664 1127 προθεσμίαν,

2189 1135 2279 1198 Εἷς
2311 1138 2378 1190 τὰ
2408 1135 2615 1191 ἐκείνου
2647 1137 2942 1209 πράγματα
2969 1135 3268 1208 πεμπὲσθω
3299 1140 3327 1193 ὁ
3359 1139 3585 1216 ἐνάγων.

2185 1226 2301 1282 Οὐκ
2332 1224 2518 1286 ἄλλως
2551 1222 2597 1279 δ’
2627 1221 2921 1278 ἀναδίδωσι
2955 1226 3021 1278 τὰ
3051 1227 3344 1300 πράγματα
3371 1234 3448 1300 τῷ
3477 1229 3586 1306 ρἐ

2188 1314 2249 1370 Εἰ
2285 1315 2360 1385 μὴ
2390 1315 2491 1382 τὴν
2523 1318 2694 1368 πᾶσαν
2726 1314 2988 1388 πρότερον
3021 1312 3263 1383 δαπάνην
3295 1317 3611 1389 ἀπαιτήσω.

2186 1407 2324 1474 Γυνή
2355 1425 2439 1465 τις
2473 1401 2605 1464 ἴσως
2627 1402 2832 1477 ἄπορος
2864 1401 2954 1457 έπί
2983 1401 3138 1478 ἀνδρὶ
3169 1407 3390 1481 ιύπόρῳ

2185 1497 2428 1549 Θανοῦσα
2455 1490 2588 1567 δίχα
2615 1497 2865 1566 γαμικῶν
2895 1491 3122 1557 τελείως
3154 1491 3530 1570 συμϐολαίων¹

2183 1585 2271 1646 Ὠς
2302 1580 2359 1637 δὲ
2387 1580 2481 1637 κᾶν
2516 1581 2721 1656 ἄπορος
2751 1583 2888 1656 ἀνὴρ
2918 1581 3005 1637 ἐπὶ
3036 1583 3253 1658 εὐπόρῳ
3283 1588 3453 1646 Θάνοι,

2181 1670 2275 1732 Εἷς
2311 1672 2475 1744 μόνον
2512 1670 2675 1746 μέρος
2704 1669 2962 1745 τέταρτον
2991 1676 3100 1726 τῶν
3131 1674 3320 1730 ἑαυτοῦ
3349 1679 3667 1752 κτημάτων,

2183 1759 2319 1814 Ἀπὸ
2349 1763 2446 1814 τοῦ
2474 1764 2680 1828 ζῶντος
2713 1760 2740 1814 ὑ
2773 1759 2946 1823 θανὼν
2971 1758 3156 1825 καλῶς
3184 1761 3623 1840 κληρονομείτω.

2180 1849 2240 1904 Ὁ
2267 1849 2386 1922 τρὶς
2416 1850 2649 1922 κομίσας
2686 1847 2959 1922 μάρτυρας
2991 1850 3141 1912 αὖθις
3177 1853 3251 1924 μή
3281 1858 3589 1931 παραγέτω.

2177 1939 2235 1994 Ὀ
2270 1937 2430 2010 μέσος
2465 1935 2522 1993 δὲ
2549 1944 2666 1999 τοῖς
2700 1937 2880 2012 μέρεσι
2911 1940 3147 2013 γεγονὼς
3172 1943 3367 2016 γνώμη
3401 1947 3632 2022 τούτων,

2177 2027 2292 2104 Ἐφ’
2324 2029 2407 2089 οἷς
2440 2028 2588 2082 οὗτοι
2623 2025 2927 2096 δικάζονται
2958 2027 3048 2082 καὶ
3077 2025 3219 2084 ἄκων
3248 2036 3609 2111 μαρτυρείτω.

2179 2117 2269 2184 Μὴ
2302 2118 2474 2177 πάσας
2506 2113 2551 2170 δ’
2583 2114 2728 2187 οἷόυ,
2761 2113 3013 2185 δέσποτα,
3045 2117 3138 2181 τὰς
3168 2123 3363 2194 νεαρὰς
3397 2124 3746 2200 εὐχρήστους

2176 2205 2245 2260 Αἰ
2279 2206 2373 2277 μὲν
2404 2206 2504 2279 γάρ
2536 2205 2633 2260 οὐκ
2671 2204 2927 2275 ἐτέθησαν
2956 2212 3070 2268 τοῖς
3105 2209 3335 2272 Λέοντος
3370 2207 3612 2285 βιϐλίοις

2173 2298 2267 2350 “Ὠν
2301 2299 2334 2364 ἡ
2371 2297 2464 2368 μὲν
2488 2301 2686 2371 γνῶσις
2713 2294 2987 2374 ἀσφαλὴς,
3028 2299 3283 2373 βασιλικὴ
3318 2298 3363 2356 δ’
3393 2305 3426 2372 ἡ
3459 2303 3658 2374 κλῆσις

2174 2387 2242 2442 At
2275 2383 2320 2438 δ’
2355 2385 2399 2440 εἶ
2433 2388 2522 2440 καὶ
2554 2386 3006 2460 κατεστρώθησαν
3041 2386 3343 2463 ἐσχόλασαν
3373 2398 3451 2464 τῷ
3481 2396 3698 2470 χρόνῳ,

2175 2475 2244 2530 Αἱ
2277 2471 2323 2528 δ’
2353 2473 2600 2551 ἤργησαν
2632 2473 2931 2530 ἀλλοίωσιν
2963 2479 3061 2530 τοῦ
3097 2477 3220 2552 βίου
3247 2476 3556 2554 δεξαμένου.

2173 2567 2301 2622 Οἴον
2334 2566 2400 2619 τά
2431 2565 2553 2640 περὶ
2592 2562 2923 2638 βουλευτῶν,
2955 2567 3022 2619 τὰ
3052 2567 3178 2640 περὶ
3207 2573 3315 2622 τῶν
3347 2574 3704 2648 πραιτώρων,

2174 2654 2256 2710 Τὰ
2285 2653 2407 2727 περὶ
2443 2651 2846 2728 μοδεράτωρος,
2876 2653 2942 2708 τὰ
2969 2654 3092 2730 περὶ
3124 2661 3521 2734 κοιαιστὼρων,

2171 2747 2252 2800 Τὰ
2279 2745 2402 2819 περὶ
2433 2749 2541 2800 τῶν
2574 2745 2855 2821 ἐπαρχιῶν
2886 2747 2993 2802 τῶν
3024 2747 3516 2824 ἀπηριθμημὲνων.

2169 2835 2303 2888 Ὅσα
2331 2837 2466 2890 κατὰ
2498 2833 2787 2890 συναίνεσιν
2819 2835 2911 2890 τὸν
2941 2839 3118 2910 γάμον
3151 2836 3442 2914 διαιροῦσι,

2168 2923 2242 2977 Τὰ
2272 2923 2395 2998 περὶ
2427 2925 2834 3000 συγχωρήσεων
2860 2923 3140 2982 λοιπάδων
3173 2925 3476 3002 δημοσίων,

2171 3012 2244 3067 Τὰ
2273 3014 2395 3088 περί
2424 3017 2530 3068 τῶν
2563 3011 2868 3084 ἐκκλησιῶν
2903 3017 2981 3090 (4)
3007 3020 3114 3071 τῶν
3142 3015 3195 3072 ἐν
3227 3021 3296 3093 τῇ
3332 3017 3579 3092 Σικελίᾳ,

3415 3111 3581 3169 Vera.
3627 3113 3755 3171 446.

410 3371 697 3428 servanda
735 3369 874 3440 jura
930 3372 987 3424 et
1042 3383 1136 3424 res
1184 3383 1309 3438 quae
1367 3366 1590 3423 habent
1624 3365 2051 3438 delinquentes.
2086 3367 2128 3435 C
2169 3366 2613 3439 questionibus,
2659 3367 2982 3424 secundum
3031 3367 3192 3442 leges
3246 3367 3307 3426 in
3356 3371 3582 3442 judicio
3644 3378 3824 3433 testes

410 3460 790 3533 Magistratus
822 3460 983 3514 extra
1014 3455 1370 3529 provinciam
1418 3457 1489 3511 de
1521 3454 1753 3528 proprio
1783 3459 2058 3527 sumptus

410 3550 624 3604 facito.
687 3547 948 3602 Moechus
1006 3547 1360 3600 manifestus
1440 3545 1625 3612 poenis
1693 3544 2053 3616 subjicitor:

406 3654 475 3692 ex
505 3638 693 3709 ipsius
723 3635 893 3691 bonis
943 3635 1069 3703 dos,
1115 3651 1247 3688 cum
1301 3635 1459 3687 omni
1508 3633 1853 3703 sponsalitia
1883 3633 2055 3703 largi-

405 3731 523 3780 tate
576 3724 806 3779 mulieri
856 3725 1062 3778 dator:
1114 3722 1164 3776 si
1214 3738 1347 3776 vero
1397 3719 1498 3776 illa
1545 3722 1828 3789 indotata,
1875 3738 2055 3792 quar-

401 3818 522 3868 tam
567 3816 786 3882 partem
821 3813 1108 3866 bonorum
1143 3811 1302 3864 illius
1338 3810 1588 3865 habeat:
1638 3809 1895 3879 reliquas
1926 3811 2054 3880 ejus

402 3901 502 3972 qui
535 3900 783 3971 deliquit
813 3901 965 3955 bona
987 3899 1139 3953 inter
1170 3899 1384 3953 liberos
1407 3904 1464 3953 et
1486 3903 1757 3969 parentes
1786 3899 2054 3954 dividun-

400 3996 493 4045 tor
523 4006 710 4061 usque
742 3990 812 4044 ad
844 3988 1085 4044 tertium
1119 3988 1366 4057 gradum
1395 4004 1406 4041 :
1444 3988 1490 4042 si
1524 4002 1655 4041 vero
1688 3987 2050 4059 delinquenti

401 4096 590 4151 neque
622 4078 800 4146 filius,
854 4093 1043 4148 neque
1093 4093 1306 4148 parens
1351 4077 1448 4144 sit,
1483 4076 1892 4133 convenienter
1922 4078 2049 4148 ejus

395 4169 550 4224 bona
596 4169 734 4224 fisco
783 4169 1148 4223 addicuntor.
1203 4165 1506 4221 Mulierem
1556 4165 1880 4221 adulteram
1912 4166 2048 4220 dili-

393 4264 594 4330 genter
647 4259 1037 4324 observatam,
1087 4256 1357 4322 maritus,
1391 4255 1439 4308 si
1489 4256 1647 4323 velit,
1696 4254 1853 4310 intra
1883 4256 2047 4310 bien-

393 4348 557 4403 nium
588 4347 944 4419 impunitam
976 4345 1256 4416 recipito:
1292 4344 1508 4398 et‘ﬂuxo
1561 4337 1694 4398 vero
1726 4343 2044 4398 constitdto

390 4442 674 4508 tempore,
726 4436 827 4490 illa
858 4436 916 4490 in
965 4432 1389 4488 monasterium
1445 4433 1654 4486 merito
1696 4432 2046 4502 detruditor,

391 4543 523 4580 cum
561 4524 916 4580 monialibus
949 4523 1108 4578 omni
1140 4523 1271 4576 vita:
1307 4527 1567 4592 tempore
1620 4527 1813 4575 vestes
1845 4523 2042 4593 nigras

388 4614 634 4669 induta:
668 4614 715 4668 si
749 4613 915 4667 liberi
951 4613 1188 4680 fuerint,
1216 4611 1345 4679 ejus
1393 4611 1680 4664 bonorum
1723 4611 1872 4665 duas
1903 4627 2040 4680 par-

387 4707 474 4759 tes
505 4703 778 4770 habento,
814 4701 1236 4756 monasterium
1291 4699 1522 4754 tertiam
1578 4698 1789 4768 capito.
1824 4699 2035 4754 Eorum

388 4793 538 4847 bona
565 4809 712 4864 quos
744 4791 965 4847 crimen
1001 4789 1171 4844 morti
1204 4788 1464 4859 subjicit,
1489 4787 1688 4843 liberis
1715 4787 1800 4841 vel
1833 4805 2035 4843 ascen-

388 4881 665 4936 dentibus
697 4885 1056 4951 competunt.
1091 4877 1447 4934 Clericorum
1502 4875 1867 4948 pecuniarias
1897 4895 2035 4934 cau-

389 4985 484 5024 sas
517 4975 714 5026 exacto
738 4968 961 5040 judicio
994 4966 1246 5037 episcopi
1291 4965 1636 5036 judicanto:
1688 4964 1869 5021 altera
1896 4983 2031 5021 vero

382 5058 638 5132 partium
671 5055 1306 5127 sententiajudicantis
1331 5071 1440 5108 non
1468 5053 2030 5124 acquiescente,eam

382 5149 642 5205 exactius
674 5147 932 5202 locorum
968 5145 1353 5216 magistratus
1389 5141 1702 5197 examinet.
1738 5143 1800 5194 In
1831 5139 2029 5195 crimi-

382 5237 553 5292 nibus
605 5235 878 5292 civilibus
925 5232 1118 5289 clerici
1167 5229 1612 5302 magistratibus
1653 5229 1860 5283 merito
1892 5228 2028 5284 sub-

375 5325 684 5398 jiciuntur.
747 5321 1008 5379 Humiles
1063 5325 1243 5376 testes
1299 5321 1528 5390 reperta
1571 5317 1808 5373 veritate
1846 5317 2029 5388 judex

377 5415 711 5489 castigato,
769 5422 825 5472 et
881 5428 1052 5470 nemo
1113 5411 1388 5466 causetur
1422 5451 1436 5465 .
1498 5408 1559 5465 In
1616 5406 2026 5464 criminalibus

447 5624 524 5699 (4)
553 5619 894 5694 Ἕκκλήτων.

2067 4749 2114 4814 D

2159 3456 2464 3526 judicibus
2515 3457 2935 3527 producuntor.
2988 3457 3234 3528 Pupillis
3284 3467 3582 3517 curatores
3638 3465 3830 3536 magi-

2167 3549 2388 3600 stratus
2413 3545 2569 3600 dato.
2603 3545 2843 3617 Oportet
2871 3562 3006 3601 eum
3039 3549 3141 3618 qui
3186 3565 3253 3604 ex
3285 3550 3478 3620 prima
3521 3553 3830 3610 vocatione

2167 3635 2541 3691 submonitus
2591 3643 2700 3697 est,
2747 3635 3011 3691 libellum
3062 3637 3183 3692 litis
3243 3655 3371 3710 quae
3425 3647 3704 3697 movetur
3733 3661 3830 3700 ac-

2165 3725 2376 3794 cipere,
2409 3729 2465 3780 et
2496 3725 2699 3797 viginti
2743 3726 2968 3780 dierum
3024 3726 3292 3784 induc-ias
3339 3728 3573 3785 habere.
3611 3733 3725 3796 Qui
3759 3748 3831 3788 ex

2165 3813 2529 3868 recusatione
2559 3815 2882 3868 secundum
2922 3815 3217 3884 judicium
3267 3818 3576 3889 acceperit,
3615 3822 3835 3892 nequit

2162 3903 2490 3957 secundum
2541 3903 2801 3970 judicem
2863 3919 3162 3959 recusare.
3223 3904 3361 3959 Post
3408 3907 3830 3974 juramentum

2161 3991 2243 4045 rei
2303 3991 2626 4058 latitantis,
2689 4007 2876 4061 neque
2933 3991 3090 4047 intra
3166 3993 3323 4047 diem
3403 3999 3702 4051 statutum
3767 4013 3832 4054 se

2159 4079 2526 4148 exhibentis,
2587 4083 2749 4134 actor
2807 4079 2867 4134 in
2925 4081 3056 4149 ejus
3119 4096 3314 4136 rerum
3375 4085 3830 4152 possessionem

2159 4168 2448 4222 mittitor:
2484 4184 2670 4238 neque
2702 4167 2847 4223 alias
2893 4185 2989 4223 reo
3021 4169 3148 4237 eius
3200 4169 3353 4225 bona
3403 4171 3833 4244 restituantur,

2158 4271 2333 4326 quam
2395 4256 2443 4310 si
2477 4257 2694 4310 damna
2751 4261 2809 4310 et
2847 4272 3053 4312 omnes
3112 4257 3336 4327 priores
3385 4265 3674 4330 sumptus
3728 4277 3835 4319 re-

2157 4345 2391 4413 pendat.
2439 4343 2497 4398 Si
2526 4343 2632 4397 viri
2693 4342 3002 4415 locupletis
3057 4361 3279 4416 pauper
3336 4363 3479 4402 uxor
3526 4365 3654 4404 non
3693 4367 3832 4422 per-

2154 4432 2319 4487 fectis
2369 4431 2661 4487 dotalibus
2721 4433 3131 4488 instrumentis
3187 4435 3452 4503 decedat,
3510 4437 3608 4492 vel
3656 4441 3828 4498 dives

2154 4520 2365 4575 mulier
2394 4521 2513 4575 viro
2545 4521 2788 4591 pauperi
2836 4522 2912 4576 sit
2941 4527 3264 4592 superstes,
3298 4523 3359 4578 in
3408 4523 3601 4582 solam
3638 4544 3825 4600 quar-

2149 4612 2269 4664 tam
2302 4609 2592 4664 demortui
2642 4610 2932 4664 bonorum
2984 4616 3209 4682 partem
3264 4619 3567 4684 superstes
3603 4632 3820 4674 succe-

2149 4697 2269 4752 dat.
2320 4697 2427 4760 Qui
2487 4703 2576 4753 ter
2623 4699 2864 4753 adduxit
2921 4704 3118 4769 testes,
3176 4701 3389 4757 iterum
3450 4720 3524 4758 ne
3585 4707 3819 4776 produ-

2146 4785 2278 4841 cito.
2315 4787 2598 4842 Mediator
2647 4788 2970 4843 scientibus
3021 4794 3078 4845 et
3129 4789 3462 4846 volentibus
3507 4795 3817 4863 partibus.

2142 4892 2210 4930 ea
2241 4876 2313 4930 de
2335 4893 2396 4931 re
2451 4877 2520 4930 de
2556 4893 2670 4946 qua
2726 4875 2980 4948 litigant,
3037 4878 3214 4933 etiam
3273 4879 3493 4935 invitus
3543 4884 3822 4940 testimo-

2144 4964 2306 5018 nium
2339 4964 2536 5019 dicito.
2571 4965 2653 5018 Ne
2686 4970 2882 5019 tamen
2915 4983 3117 5022 omnes
3150 4967 3430 5037 novellas,
3462 4985 3494 5024 o
3542 4971 3816 5036 domine.

2141 5052 2315 5108 utiles
2373 5054 2559 5108 crede.
2622 5053 2897 5119 Quaedam
2949 5055 3104 5110 enim
3140 5055 3343 5128 positis
3402 5074 3519 5113 non
3572 5061 3815 5116 suntin

2141 5142 2350 5197 Leonis
2379 5141 2567 5211 libris,
2619 5158 2872 5214 quorum
2915 5143 3157 5200 scientia
3204 5145 3571 5213 ﬁrmissima,
3610 5154 3674 5204 et
3711 5166 3817 5207 no-

2137 5247 2270 5286 men
2329 5230 2572 5301 Regium
2627 5237 2756 5287 est:
2817 5233 3107 5304 quaedam,
3164 5233 3297 5291 licet
3329 5234 3408 5289 ibi
3467 5235 3806 5306 collocata,

2134 5323 2398 5393 tempore
2429 5321 2642 5376 feriatae
2675 5325 2833 5390 sunt,
2866 5323 3132 5392 quaedam
3165 5324 3364 5379 otiose
3395 5329 3563 5394 sunt,
3599 5333 3808 5384 muta-

2133 5409 2352 5466 tionem
2383 5411 2500 5469 vita
2532 5410 2865 5484 recipiente.
2901 5410 3113 5478 Quales
3166 5429 3292 5488 quis
3324 5413 3394 5471 de
3442 5412 3806 5474 Decurioni-
