4054 6200
195 325 312 385 9M

194 450 277 506 Τὰ
308 452 434 526 περὶ
465 453 563 506 τοῦ
596 451 672 524 μὴ
698 448 939 527 γίνεσθαι
971 450 1115 506 οἳκοι
1143 449 1241 513 τὰς
1279 447 1645 526 λειτουργίας,

195 541 278 594 Ti:
310 541 434 614 περὲ
463 545 560 595 τοῦ
593 539 862 612 διηνεκῶς
892 545 1066 594 ποιεῖν
1093 541 1188 602 τὰς
1223 540 1594 617 ἐμφυτεύσεις,

193 632 280 685 Τὰ
309 631 435 705 περὶ
467 636 572 684 τῶν
609 629 663 685 ἐν
696 633 950 708 Ἀςρρικῇ,
983 628 1138 683 θείων
1172 627 1582 706 ἀφιδρυμάτων.

189 717 500 795 Εὗχρηοτα
527 718 583 774 δὲ
615 719 706 774 καὶ
744 719 1047 793 θαυμαστὰ,
1075 720 1144 773 τὰ
1172 718 1293 794 περὶ
1323 716 1626 774 Φαλκιδίου

189 810 275 867 Ti
309 812 438 885 περὶ
475 809 662 886 γάμων
697 807 906 872 λύσεως
935 813 1051 870 τοῖς
1082 809 1378 877 καθήκουσι
1418 808 1668 882 τρόποις,

187 900 267 954 Ti
300 900 427 975 περὶ
465 896 778 959 ἀποδόσεως
808 899 1142 974 πραγμάτων
1177 898 1567 971 προικιμαίων,

187 991 276 1046 Τὰ
309 988 437 1064 περὶ
468 992 858 1060 καινοτομιῶν,
890 987 957 1041 τὰ
984 987 1108 1062 περὶ
1138 984 1485 1058 κηδεμόνων,

185 1078 266 1131 Τὰ
298 1077 380 1141 εἷς
410 1076 674 1152 ἀμέτρους
709 1075 916 1150 δωρεὰς
947 1075 1428 1148 ἀποτετοξευμὲνα,

184 1168 263 1222 Τὰ
297 1167 424 1239 περὶ
456 1173 557 1235 τῆς
587 1166 636 1220 ἐν
669 1171 738 1239 τῇ
770 1167 952 1240 προικί
987 1185 1184 1243 σαφοες
1219 1163 1545 1240 ἀναργυρίας

183 1256 268 1312 Οὐ
293 1255 482 1310 τοίνυν
513 1254 642 1310 ὅλον
677 1251 982 1330 εὔχρηστον
1012 1259 1120 1308 τῶν
1152 1257 1355 1329 νεαρῶν
1395 1247 1634 1328 βιϐλίον,

179 1344 352 1404 Ἀλλ’
385 1347 460 1400 ὧν
493 1347 527 1413 ἡ
561 1347 751 1420 πρᾶξις
786 1343 1015 1418 συνεχὴς
1043 1343 1236 1416 νόμοις
1268 1341 1666 1418 κεκροτημὲνη.

255 1439 386 1490 Τῶν
421 1432 469 1488 δ’
493 1434 724 1509 ἀγωγῶν
755 1436 789 1503 ἡ
825 1432 1066 1502 σύνταξις
1100 1431 1284 1502 πολλή
1318 1453 1376 1487 τε
1401 1432 1490 1486 καὶ
1521 1429 1774 1500 ποικίλη,

178 1523 489 1584 Ἰταλικοῖς
521 1521 748 1595 ὀνόμασι
790 1523 881 1594 μὲν
913 1522 1407 1594 κατωνομασμένη,

177 1613 550 1684 ⁸Ελληνικαῖς
583 1609 639 1666 δὲ
666 1611 924 1682 κλήσεσιν
956 1610 1108 1672 αὖθις
1135 1609 1541 1680 ἀντικληοεῖσα,

181 1703 420 1760 Τοῦτων
452 1701 875 1775 ἦτυμολόγηται
896 1702 963 1754 τὰ
992 1697 1171 1754 πλείω
1200 1699 1534 1772 θαυμασίως.

181 1791 590 1868 Ἀδουλτερίης
623 1785 795 1863 ὄνομα
824 1794 994 1844 κεῖται
1019 1790 1139 1864 περὶ
1179 1787 1450 1864 μοιχείας,

183 1883 288 1936 Καὶ
321 1881 604 1953 θαῦμασον
639 1881 736 1947 τὴν
773 1878 1013 1942 σύνθεσιν
1037 1883 1136 1932 τοῦ
1167 1877 1581 1951 ὀνοματοθέτουο

176 1973 241 2025 Ὁ
273 1969 486 2031 Ἰταλὸς
509 1971 607 2038 τήν
635 1970 873 2023 νὸθευσιν
905 1965 1066 2023 καλεῖ
1095 1971 1210 2028 πῶς
1240 1965 1596 2040 ἆδυυλτὲραν,

178 2063 374 2124 Ἔνθεν
407 2063 538 2134 γοῦν
571 2057 1012 2130 κατωνόμασται,
1043 2057 1106 2110 τὸ
1137 2061 1418 2130 στρῶπτον
1446 2062 1545 2125 τῆς
1567 2051 1839 2131 μοιχείας,

178 2151 248 2208 Ἦ
280 2150 388 2225 γὰρ
423 2147 648 2223 μοιχεία
677 2148 944 2214 νόθευσις,
970 2149 1055 2200 καὶ
1081 2143 1459 2221 παραχάραξίς
1484 2165 1588 2207 τις.

179 2243 403 2294 Κινοῦσι
436 2235 496 2292 δὲ
517 2238 582 2292 τὸ
615 2235 870 2311 μοιχικὸν
907 2236 1065 2309 ἀνὴρ,
1098 2236 1302 2311 πατὴρ,
1329 2234 1419 2289 καὶ
1461 2236 1626 2303 θεῖος,

180 2331 324 2404 Πρὸς
355 2334 458 2397 τῆς
492 2326 722 2402 μητρὸς,
753 2325 889 2397 πρὸς
920 2328 1018 2380 τοῦ
1049 2324 1277 2399 πατρὸς,
1311 2322 1574 2399 σόγγονός
1621 2343 1680 2377 τε
1704 2321 1839 2397 πρὸς

1507 2410 1769 2484 [τούτοις,

186 2507 317 2565 Μετ’
385 2504 671 2582 ὲγγραφῶν
732 2504 784 2559 οἱ
845 2502 1196 2576 σύμπαντες,
1256 2503 1352 2557 κᾶν
1413 2501 1458 2556 εἶ
1516 2501 1606 2555 τὸν
1676 2496 1842 2572 ἄνδρα

1560 2584 1767 2661 [λέγῃς.

180 2690 245 2740 Ἠ
275 2681 609 2748 Ἀδοπτίων,
645 2678 902 2750 δέσποτα,
937 2681 1134 2741 Θὲσεως
1169 2674 1347 2752 ὄνομά
1372 2698 1456 2750 τι,

181 2773 279 2835 Εἲς
307 2771 407 2828 δύο
441 2770 500 2826 δὲ
531 2770 769 2843 ὀνόματα
797 2771 898 2839 τὴν
933 2767 1192 2844 διαίρεσιν
1221 2765 1364 2843 ἔχει,

183 2865 280 2918 Ὧν
306 2862 372 2917 τὸ
405 2863 501 2934 μὲν
537 2857 892 2936 ἀδρογάτων,⁸
909 2859 973 2914 τὸ
1003 2857 1062 2913 δὲ
1087 2853 1346 2913 ἀδόπτιον
1379 2854 1521 2929 λέγε.

181 2954 277 3008 Τὸν
309 2950 498 3007 τοίνυν
534 2948 842 3020 αὖτεξούσω
879 2943 1144 3022 λαμϐάνει
1169 2968 1252 3009 τις
1285 2945 1360 3008 εἷς
1391 2946 1558 3013 Θὲσιν,

1566 323 1938 385 SYNOPSIS
1984 324 2277 384 LEGUM.

1879 1838 1923 1902 B

3496 337 3616 396 942

1886 455 1939 521 Α
1968 451 2047 522 Τῇ
2073 456 2171 519 τῆς
2202 450 2579 529 ἆρνογατίονος
2605 453 2798 524 κλήσει
2827 473 2886 510 τε
2913 456 3002 512 καὶ
3033 454 3280 532 δυνάμει,

1969 540 2031 595 Ὁ
2064 536 2120 593 δέ
2149 562 2208 616 γε
2231 542 2564 611 υἱοθετηθεὶς
2599 538 2801 614 ἄνηϐος
2835 543 3114 614 ἑκουσίως,

1969 626 2308 701 Ἐξερεδάτος
2337 632 2578 705 γεγονὼς
2605 633 2787 703 τρίτον
2822 630 3088 708 λαμϐάνει
3123 637 3307 710 μέρος.

1967 717 2026 772 Ὁ
2059 714 2114 771 δέ
2143 739 2202 793 γε
2234 719 2544 782 Ἀκουίλιος
2576 721 2765 797 ἀγωγή
2796 743 2878 785 τις
2909 724 3191 799 τυγχάνει,

1967 807 2116 861 Κατὰ
2144 811 2240 861 τοῦ
2270 809 2346 880 μὴ
2380 809 2716 885 παρέχοντος
2744 817 2824 884 τῷ
2855 808 3138 886 σεϐασμίῳ
3166 813 3343 887 τόπῳ,

1965 897 2136 970 ’Όπερ
2177 895 2400 970 λεγατον
2435 897 2598 974 ὥρισε
2626 907 2810 964 σαφῶς
2843 903 2869 956 ὁ
2901 902 3252 976 τελευτήσας,

1965 991 2120 1060 Ἔχει
2154 984 2200 1039 δ’
2231 987 2519 1058 ἀπαίτησιν
2552 995 2774 1064 καρπῶν
2805 988 2954 1065 εἰπερ
2990 994 3278 1066 ὑπερθοῖτό
3309 1015 3415 1057 τις.

1962 1075 2024 1130 Ἣ
2057 1071 2113 1128 δέ
2141 1097 2200 1148 γε
2230 1072 2645 1152 Ἀδεξιϐἑνδουμ
2677 1079 2796 1134 λίαν
2831 1079 2940 1135 ἐστὶ
2968 1079 3267 1157 χρειώδης,

1962 1164 2302 1240 Ηραγμάτων
2360 1163 2406 1220 δ’
2479 1164 2621 1222 ἔστιν
2695 1166 2947 1247 ἓκπραξις
3015 1172 3121 1226 τῶν
3190 1171 3609 1248 ἀποκεκρυμμέ-

3387 1268 3534 1334 [νων,

1961 1342 2295 1417 Περσοναλία
2324 1343 2380 1398 τὲ
2421 1345 2552 1416 ἐστι,
2584 1348 2718 1421 πρὸς
2749 1344 2824 1420 δὲ,
2859 1344 3200 1424 ἀρϐιτραρια,

1958 1431 2019 1485 F’
2139 1433 2168 1486 ά
2315 1430 2360 1487 8‘
2402 1433 2500 1488 ὁλό
2539 1433 2569 1488 λ
2782 1437 2795 1454 “
2883 1441 2942 1473 '7'

1981 1452 2132 1508 ,ιο-πρ
2171 1453 2280 1488 ττει
2348 1455 2368 1487 ε
2504 1456 2535 1489 κ
2578 1456 2709 1511 ηρον
2742 1458 2804 1491 το
2836 1459 3062 1512 πραγμα
3093 1438 3506 1514 προσηκόντως,

1959 1521 2108 1576 Μετᾶ
2137 1526 2337 1595 γονῶν,
2369 1525 2456 1578 καὶ
2487 1530 2746 1595 τοκετῶν,
2782 1526 2915 1598 μετᾶ
2943 1527 3143 1589 αἶ’τίας.

1957 1609 2284 1683 Ἀμμίτους,
2315 1612 2484 1685 νόμος
2513 1609 2817 1677 ποόϐλικος
2848 1617 3167 1689 κινούμενος
3210 1617 3345 1692 πρὸς
3377 1617 3603 1689 πάντας,

1955 1698 2064 1752 Οὑκ
2093 1696 2201 1754 ἔστι
2233 1699 2550 1775 κεφαλικὸς,
2583 1701 2677 1756 κᾶν
2712 1705 2883 1777 ἀτιμῂ¹
2911 1703 3156 1774 τελείως,

1955 1793 2189 1843 Κινεῖται
2225 1787 2269 1843 δ’
2302 1787 2353 1844 εἶ’
2373 1812 2453 1852 τις
2484 1794 2584 1862 τὴν
2618 1794 2797 1868 ἀρχὴν
2823 1796 3104 1870 χρήμασιν
3138 1795 3417 1872 ἀγοράσοι.

1958 1878 2054 1931 Καὶ
2087 1881 2120 1948 ἡ
2148 1879 2391 1949 Ἀννόνοι¹
2424 1876 2726 1936 πούϐλικον
2756 1881 2844 1938 καῖ
2876 1883 3039 1939 πλέον
3067 1890 3174 1940 τῶν
3207 1881 3550 1958 πουϐλίκων,

1952 1971 2170 2020 Κινοῦσι
2202 1969 2305 2042 γὰρ
2331 1971 2430 2038 τήν
2462 1969 2676 2047 ἀγωγὴν
2710 1974 2796 2026 καὶ
2835 1970 3026 2028 δοῦλοι
3060 1975 3148 2029 καὶ
3181 1981 3450 2050 γυναῖκες,

1954 2061 2182 2110 Κινεῖται
2213 2054 2258 2110 δ’
2292 2056 2442 2120 εἷ’τις
2471 2066 2723 2134 τυραννεῖ
2749 2064 2846 2131 τὴν
2882 2063 3130 2134 εὐθηνίαν
3172 2063 3419 2138 Ῥώμης,

1951 2145 2047 2198 Καὶ
2082 2148 2658 2221 καταπραγματεόεται
2690 2152 2826 2224 πρὸς
2856 2151 3015 2226 χάριν
3048 2158 3155 2207 τῶν
3187 2150 3496 2232 βαρϐάρων.

1951 2236 2048 2288 Ἦν
2076 2231 2131 2288 δὲ
2161 2255 2242 2296 τις
2277 2236 2584 2301 Ἀκουίλιος
2614 2236 2905 2315 δήμαρχος
2935 2239 2985 2295 ἐν
3018 2243 3088 2313 τῇ
3115 2243 3326 2318 Ῥώμῃ,

1952 2323 2048 2376 Καὶ
2082 2323 2251 2396 νόμον
2289 2323 2600 2401 εἰσηγάγετο
2632 2328 2754 2403 περὶ
2781 2328 2980 2402 ζημίας
3007 2329 3152 2400 τότε,

1950 2409 2188 2482 Ἐκλήθη
2224 2410 2268 2467 δ’
2300 2414 2612 2479 Ἀκουίλιος
2642 2416 2668 2469 ὁ
2696 2415 2860 2488 νόμος
2884 2417 3240 2495 φερωνύμως.

1953 2497 2133 2554 Διεῖλε
2165 2498 2222 2555 δὲ
2251 2502 2313 2555 τὸ
2343 2505 2684 2580 προσταχθὲν
2718 2505 2770 2560 ἐν
2800 2507 2945 2581 τρισῖ
2973 2507 3314 2587 κεφαλαίοις,

1951 2591 2046 2642 Ὧν
2079 2590 2357 2665 ἄχρηστον
2386 2593 2448 2646 τὸ
2476 2590 2722 2668 δεύτερον
2756 2601 2872 2658 τοῖς
2905 2597 3187 2672 πράγμασι
3208 2596 3493 2673 τυγχάνει,

1953 2681 2128 2740 Οὗτος
2159 2677 2206 2732 δ’
2237 2681 2263 2734 ὁ
2295 2681 2483 2754 νόμος,
2515 2679 2766 2752 δέσποτα,
2801 2683 3194 2761 πολύχρηστος
3235 2680 3492 2765 ὑπάρχει,

1953 2768 2049 2821 Καὶ
2083 2768 2206 2842 περὶ
2238 2770 2404 2847 φόνου
2434 2769 2652 2840 πολλὴν
2689 2770 2963 2847 ἀκρίϐειαν
2998 2775 3223 2852 εἰσάγει,

1954 2855 2054 2910 Καὶ
2088 2856 2142 2910 εἷ’
2161 2879 2244 2920 τις
2273 2861 2333 2913 τὸ
2357 2859 2718 2935 στρατόπεδον
2751 2866 2828 2937 (5)
2857 2860 3159 2938 νεμόμενον
3185 2864 3455 2943 (pondust,

1952 2951 2014 3000 Ἦ
2043 2945 2228 3022 ἀγωγή
2263 2945 2320 3003 δὲ
2347 2949 2577 3026 πέφυκεν
2609 2950 2744 3022 αὕτη
2776 2951 2866 3007 καὶ
2897 2953 3180 3023 ποιναλία,

3225 3048 3385 3102 Vers.
3409 3047 3536 3102 501.

189 3280 322 3349 bus,
361 3278 438 3333 de
459 3275 840 3341 Praetoribus,
891 3275 963 3330 de
993 3272 1380 3338 Moderatore,
1413 3272 1485 3326 de
1539 3270 1852 3334 Quaestori-
1884 3273 1926 3340 α
1965 3271 2140 3328 etiam
2174 3272 2298 3345 ipse
2329 3273 2576 3330 maritus
2599 3275 2858 3348 Adoptio,
2900 3293 2932 3332 o
2964 3277 3222 3344 domine,
3253 3295 3467 3334 nomen
3517 3294 3610 3350 ge-

187 3368 325 3439 bus,
361 3367 437 3423 de
468 3364 792 3421 Provinciis
833 3361 1214 3428 enumeratis,
1249 3378 1377 3432 quae
1435 3361 1507 3415 de
1564 3359 1855 3416 solutione

186 3457 544 3529 nuptiarum
574 3471 641 3511 ex
689 3469 1003 3520 consensu,
1055 3453 1126 3507 de
1183 3449 1552 3523 indulgentia
1607 3449 1857 3521 reliquo-

192 3563 329 3601 rum
361 3543 764 3617 publicorum,
825 3543 895 3598 de
952 3539 1464 3613 Appellationibus
1511 3537 1744 3607 Siciliae,
1775 3538 1858 3592 Ne

191 3634 368 3692 Domi
402 3633 594 3689 Missa:
624 3631 1006 3699 celebrentur,
1041 3631 1110 3685 de
1162 3628 1541 3702 Empbyteusi
1579 3632 1857 3699 perpetuo

196 3723 499 3792 faciendo,
531 3722 602 3776 de
624 3720 838 3776 divinis
880 3719 1154 3775 domibus
1211 3717 1434 3772 Al'ricze.
1495 3716 1673 3772 Utilia
1721 3733 1859 3771 sane

196 3820 256 3869 et
281 3813 578 3878 miranda,
610 3827 737 3882 quae
797 3810 867 3864 de
898 3808 1024 3880 lege
1055 3806 1328 3876 Faleidia,
1362 3801 1491 3878 Quae
1522 3806 1592 3860 de
1621 3805 1859 3877 nuptia-

200 3919 337 3959 rum
369 3901 688 3969 solutione,
711 3897 1191 3955 convenientibus
1213 3896 1356 3952 locis
1388 3897 1458 3950 de
1491 3895 1860 3951 restitutione

203 4009 402 4047 rerum
439 3988 746 4058 dot-alium,
780 3988 848 4043 de
881 3987 1013 4042 novi
1043 3987 1234 4059 operis
1258 3985 1644 4055 nuntiatione,
1664 3985 1733 4040 de
1756 4001 1858 4038 eu—

200 4080 524 4145 ratoribus,
583 4079 652 4133 de
700 4077 997 4133 immensis
1047 4075 1491 4146 donationibus,
1566 4073 1864 4130 collimata

201 4175 408 4226 sunt:
470 4184 602 4240 quae
652 4169 819 4222 docte
880 4167 950 4222 de
1007 4165 1140 4221 dote
1225 4181 1340 4221 non
1404 4168 1732 4220 numerata.
1789 4164 1862 4217 At

199 4277 322 4316 non
363 4264 528 4315 totus
611 4254 983 4311 Novellarum
1066 4253 1216 4309 liber
1306 4252 1468 4308 utilis
1558 4260 1668 4323 est,
1756 4251 1856 4307 sed

203 4365 464 4424 quarum
537 4345 687 4402 actio
751 4349 808 4400 et
873 4343 1072 4418 praxis
1121 4342 1404 4399 continua
1460 4341 1691 4414 legibus
1773 4344 1862 4396 est

203 4437 608 4511 comprobata.

271 4527 590 4584 Aetionum
620 4541 753 4581 vero
783 4521 1048 4579 collectio
1073 4519 1381 4594 multiplex
1401 4523 1516 4588 est,
1570 4523 1628 4575 et
1677 4518 1863 4584 varia,

201 4615 430 4675 Italicis
452 4615 788 4672 nominibus
816 4615 1108 4682 voeata,et
1135 4627 1342 4667 rursus
1373 4609 1613 4666 vocibus
1646 4607 1860 4664 Graecis

197 4707 471 4764 vicissim
502 4701 1047 4777 nuncupata.Multa
1069 4701 1286 4757 mirum
1313 4701 1372 4755 in
1397 4699 1637 4755 modum
1662 4714 1863 4754 earum

201 4803 443 4870 etymou
468 4798 761 4851 enarrant.
793 4791 1074 4848 Adulterii
1107 4807 1316 4846 nomen
1352 4787 1596 4860 ponitur
1625 4803 1728 4860 pro
1750 4806 1869 4858 μοι·

204 4884 358 4961 χεία,
391 4889 450 4940 et
478 4883 770 4938 admirare
819 4881 1305 4952 compositionem
1368 4877 1496 4946 ejus
1529 4876 1623 4946 qui
1658 4893 1866 4931 nomen

209 4973 516 5048 imposuit.
555 4973 801 5028 Latinus
831 4970 1068 5023 νόθευσιν
1103 4972 1269 5024 vocat
1304 4966 1654 5020 adulterium
1682 4983 1695 5033 ;
1721 4971 1875 5021 recte

209 5065 396 5136 igitur
426 5068 698 5133 stuprum
733 5060 1001 5115 adulterii
1035 5058 1482 5113 denominatur:
1517 5055 1872 5110 adulterium

211 5155 374 5209 enim
407 5156 500 5206 est
528 5150 753 5206 vitiatio
785 5167 886 5205 seu
919 5146 1180 5216 νόθευσις,
1214 5151 1271 5202 et
1294 5146 1442 5200 falsa
1475 5144 1725 5215 signatio
1758 5144 1877 5200 sive

209 5237 614 5317 παραχάραξις.
674 5242 968 5295 Accusant
1041 5254 1174 5292 vero
1249 5236 1318 5290 de
1393 5234 1703 5302 adulterio,
1768 5232 1878 5298 vir,

209 5336 404 5404 pater,
455 5345 623 5399 avus,
670 5333 803 5401 post
843 5332 1067 5400 patrem
1128 5329 1184 5381 et
1240 5328 1504 5390 matrem,
1569 5326 1701 5394 post
1751 5321 1880 5377 illos

211 5418 409 5478 caeteri
450 5416 705 5492 cognati,
772 5432 978 5474 omnes
1035 5419 1232 5472 tamen
1289 5428 1423 5469 cum
1472 5409 1882 5483 inscriptione,

291 5655 366 5728 (5)
388 5647 764 5728 Τετράποδον.

1966 3361 2122 3416 neris
2145 3361 2199 3416 in
2233 3362 2346 3418 duo
2379 3363 2704 3435 specierum
2732 3365 2974 3421 nomina
3005 3365 3312 3434 dividitur,
3357 3384 3612 3439 quorum

1967 3447 2211 3504 alterum
2245 3450 2571 3522 adrogatio,
2624 3451 2873 3506 alterum
2923 3453 3178 3524 adoptio.
3214 3455 3359 3510 Cum
3392 3449 3618 3510 Scilicet

1968 3538 2100 3609 quis
2125 3538 2181 3592 in
2217 3537 2402 3592 ﬁlium
2439 3557 2608 3611 quem
2643 3549 2853 3596 natura
2884 3541 3134 3613 negavit,
3169 3542 3351 3598 alium
3402 3543 3501 3614 qui
3524 3543 3616 3599 sui

1959 3627 2116 3697 juris
2147 3630 2234 3682 est
2265 3628 2506 3697 recepit,
2536 3630 2587 3684 vi
2609 3634 2666 3684 et
2699 3629 2937 3684 nomine
2985 3631 3387 3701 adrogationis
3418 3631 3615 3702 impu-

1968 3715 2070 3772 bes
2094 3719 2297 3788 sponte
2329 3717 2670 3789 adoptatur:
2704 3717 3106 3775 exhasredatus
3137 3720 3371 3776 tertiam
3393 3726 3618 3792 partem

1968 3805 2139 3876 capit.
2172 3805 2394 3876 Aquilia
2426 3807 2575 3863 actio
2609 3809 2787 3864 datur
2817 3813 3020 3865 contra
3079 3826 3192 3866 non
3239 3813 3617 3882 praestantem

1969 3891 2095 3949 loco
2126 3894 2442 3950 venerabili
2476 3896 2758 3969 legatum,
2792 3898 2947 3969 quod
3001 3897 3136 3970 quis
3188 3900 3447 3956 moriens
3479 3899 3615 3956 reli-

1971 3981 2119 4054 quit,
2153 3983 2326 4039 habet
2357 3985 2758 4056 repetitionem
2796 3987 3112 4056 fructuum,
3155 3989 3204 4044 si
3228 3990 3360 4061 quis
3384 4005 3617 4061 procra-

1970 4072 2293 4128 stinaverit.
2325 4072 2403 4128 ,4ιί
2437 4074 2808 4131 exhibendum
2858 4077 3008 4133 actio
3059 4079 3380 4134 admodum
3422 4082 3511 4134 est
3555 4077 3618 4134 in

1971 4178 2102 4227 usu,
2143 4165 2306 4217 etest
2335 4178 2532 4218 rerum
2582 4165 3006 4220 absconsurum
3067 4167 3331 4238 repetitio
3365 4185 3377 4222 :
3415 4182 3615 4238 perso-

1972 4249 2122 4306 nalis
2148 4255 2274 4320 est;
2306 4252 2682 4323 postmodum
2711 4254 3045 4310 arbitraria.
3082 4253 3150 4310 Et
3173 4271 3294 4309 rem
3327 4254 3618 4328 integram

1972 4340 2382 4396 convenienter
2412 4340 2747 4413 exigit,eum
2783 4342 2923 4409 fetu,
2943 4347 3198 4413 partu,et
3228 4343 3388 4398 omni
3420 4359 3620 4399 causa.

1971 4428 2238 4496 Ambitus,
2271 4428 2361 4484 lex
2385 4429 2733 4502 publica,ab
2766 4431 3044 4488 omnibus
3078 4436 3366 4502 movetur,
3400 4450 3513 4489 non
3538 4437 3625 4488 ta-

1974 4534 2106 4574 men
2140 4518 2409 4590 capitalis
2432 4522 2539 4586 est,
2575 4519 2712 4574 licet
2742 4524 3003 4576 extrema
3027 4521 3268 4578 infamia
3301 4527 3478 4578 notet.
3513 4523 3632 4580 Mo-

1971 4611 2140 4663 vetur
2165 4610 2359 4663 autem
2392 4611 2598 4663 contra
2621 4625 2754 4664 eum
2779 4608 2878 4680 qui
2905 4609 3173 4680 pecuniis
3219 4611 3626 4682 magistratum

1976 4697 2202 4753 emerit.
2241 4701 2316 4752 De
2343 4713 2566 4752 annona
2596 4698 2771 4753 etiam
2807 4697 3108 4769 publicum
3139 4699 3426 4769 judicium
3460 4703 3632 4766 est,et

1979 4788 2294 4859 plusquam
2330 4786 2443 4842 alia
2472 4785 2798 4857 publicum,
2833 4803 2967 4842 nam
2993 4787 3284 4843 actionem
3318 4791 3553 4844 movent
3577 4791 3635 4843 et

1980 4874 2130 4930 servi
2161 4878 2216 4929 et
2239 4874 2530 4930 mulieres.
2569 4875 2835 4930 Movetur
2887 4881 3108 4947 autem,
3169 4877 3217 4930 si
3256 4877 3389 4948 quis
3420 4881 3633 4932 Roma-

1984 4979 2118 5018 nam
2149 4963 2472 5018 ubertatem
2504 4969 2690 5029 vexet,
2713 4969 2769 5019 et
2791 4967 2859 5018 ad
2887 4972 3204 5037 egestatem
3239 4966 3632 5021 inducendam

1983 5053 2041 5106 in
2103 5053 2352 5122 gratiam
2416 5053 2804 5108 Barbarorum
2869 5055 3218 5125 negotietur.
3281 5056 3412 5110 Fuit
3445 5057 3632 5111 Romae

1986 5142 2258 5196 tribunus
2283 5141 2469 5212 plebis
2499 5143 2792 5213 Aquilius,
2836 5144 2933 5215 qui
2971 5147 3041 5199 de
3073 5146 3288 5199 damno
3320 5145 3508 5216 legem
3544 5147 3635 5198 tu-

1986 5231 2074 5301 lit,
2110 5247 2237 5302 quae
2271 5233 2341 5285 ab
2373 5233 2501 5302 ejus
2540 5233 2777 5287 nomine
2809 5232 2898 5288 lex
2922 5235 3154 5305 Aquilia
3186 5248 3441 5306 congrue
3464 5247 3636 5287 voca-

1988 5325 2104 5375 tur.
2144 5325 2217 5374 Ea
2245 5321 2436 5376 tribus
2487 5321 2760 5393 capitulis
2791 5323 3094 5388 dividitur,
3146 5338 3395 5393 quorum
3431 5338 3642 5377 secun-

1990 5409 2132 5465 dum
2168 5411 2383 5466 nostris
2433 5409 2492 5465 in
2529 5410 2779 5483 negotiis
2835 5411 2894 5469 in
2945 5428 3057 5470 usu
3107 5426 3221 5468 non
3253 5415 3362 5469 est.
3404 5411 3510 5470 Illa
3555 5411 3649 5470 lex
