3976 6212
407 295 523 354 943

404 425 560 483 ’Έστι
595 422 651 480 δὲ
680 426 770 480 καὶ
802 424 1070 494 οὖτίλιος,
1103 422 1215 480 ἔστι
1246 423 1302 480 δί
1329 427 1419 481 καὶ
1451 423 1686 502 διρὲκτα.

414 515 477 572 Εἰ
514 516 608 586 μὲν
639 537 720 577 τις
754 520 916 590 σῶμα
946 517 1159 590 σώματι
1192 514 1410 591 βλάψει,
1445 516 1566 571 τότε
1599 513 1834 592 διρέκτα,

420 603 482 660 Εἴ
515 602 572 658 δὲ
601 626 685 666 τις
710 603 896 667 ἄλλως
929 600 1178 680 ἕϐραψεν,
1217 604 1456 666 ούτίλιος
1486 606 1764 680 τυγχάνει.

416 692 480 749 Εἰ
513 690 569 747 δὲ
598 691 727 766 μηδ’
759 691 930 755 οὕτως
958 689 1180 767 ἔϐλαψε,
1219 696 1355 766 μήτε
1386 695 1595 767 σώματι
1631 698 1809 767 σῶμα,

416 782 596 855 Ζημία
627 781 683 836 δὶ
712 784 1072 858 προσγέγονεν
1107 785 1141 852 ἡ
1176 782 1497 857 ἱμφάκτουμ
1526 790 1773 839 κινεῖται.

414 872 471 924 '0
505 869 561 926 δέ
590 892 652 946 γε
683 871 995 934 Ἀκουίλιος
1027 872 1164 926 κατὰ
1197 872 1290 945 μὲν
1324 872 1672 947 ἀρνουμένων

417 959 626 1030 Διπλῆν
659 966 893 1015 ποιεῖται
929 961 1227 1037 εἷ’σπραξιν,
1259 962 1386 1022 τοὺς
1420 958 1476 1015 δὲ
1507 961 1920 1036 ὁμολογοῦντας

413 1048 735 1123 Εἶσπράττει
771 1050 934 1122 μόνον
961 1051 1022 1104 τὸ
1055 1049 1284 1122 ἁπλοῦν,
1318 1047 1443 1104 ούδὶ
1472 1055 1618 1119 ζητῶ
1647 1071 1699 1104 τι
1733 1051 1916 1107 πλέον.

410 1139 474 1193 Ἠ
507 1143 564 1191 Βι
602 1139 873 1212 βενορουμ
906 1135 951 1192 δ’
979 1139 1168 1214 ἀγωγή
1205 1159 1525 1214 ραπτορουμ
1553 1139 1894 1213 κεκλημένη,

409 1229 650 1282 Κινεῖται
684 1225 819 1280 κατὰ
849 1228 1092 1302 ἅρπαγας
1124 1228 1460 1302 πραγμάτων
1496 1227 1827 1303 ἀλλοτρίων,

407 1315 589 1377 Ἐντὸς
624 1317 718 1387 μὶν
753 1317 957 1390 χρόνου
990 1314 1184 1370 ἔσωθεν
1222 1315 1555 1392 τετραπλοῦν
1586 1317 1903 1390 ἀπαιτοῦσα,

410 1407 521 1460 Τοῦ
546 1405 868 1481 πράγματος
898 1411 978 1477 τῷ
1008 1404 1300 1480 τετραπλῷ
1331 1405 1554 1460 ἐνταῦθα
1584 1407 1972 1481 προκειμένου,

413 1494 572 1548 Ὠστι
631 1490 914 1566 συμϐαίνει
971 1495 1070 1562 τὴν
1120 1495 1316 1562 ποινὴν
1373 1495 1447 1556 εἰς
1508 1497 1569 1549 τὸ
1622 1495 1884 1571 τριπλοῦν
1933 1516 2062 1571 τυγ-

1757 1586 1988 1659 [χάνειν,

417 1670 603 1731 Ἐκτὸς
638 1667 694 1722 δὲ
727 1671 929 1744 χρόνου
960 1669 1191 1744 πέφυκεν
1223 1669 1429 1725 ἄπλουν
1461 1670 1763 1746 εἰσπράττει
1801 1671 1988 1743 μόνον.

418 1757 520 1815 Καὶ
550 1759 831 1827 κινηθεῖσα
856 1758 1116 1835 πρότερον
1151 1761 1250 1827 τὴν
1282 1760 1520 1835 φοόρτην
1554 1759 1848 1814 καταπαύει

418 1846 487 1902 Ei‘
513 1845 568 1901 δί
600 1848 696 1915 τὴν
730 1846 968 1924 φούρτην
1004 1847 1266 1922 πρότερον
1300 1851 1506 1919 κινήσει
1536 1871 1618 1910 τις
1653 1848 1974 1927 ῥαπτόρουμ

419 1934 558 1991 Κίνει
589 1935 679 1990 καὶ
708 1934 910 2007 ταύτην
946 1933 1200 2009 δέσποτα,
1236 1937 1333 1991 οὐκ
1366 1932 1673 2012 ὑπερϐαίνει
1706 1936 1763 1993 δὲ
1790 1959 1851 2015 γε

417 2027 530 2082 Τοῦ
561 2024 866 2101 τετραπλοῦ
896 2027 994 2096 τήν
1035 2024 1306 2100 εἷ’σπραξιν
1334 2025 1428 2080 κᾶν
1456 2023 1619 2105 ἄμφω
1649 2049 1732 2091 τις
1760 2029 1990 2099 κινήσει.

415 2114 479 2168 Ἤ
511 2115 808 2184 Δεποζίτῃς
838 2112 982 2169 ἐστὶν
1013 2116 1048 2185 ἡ
1081 2119 1202 2192 περί
1234 2117 1581 2191 παραθήκης.

414 2206 487 2260 ’Ἡ
517 2225 598 2267 τις
629 2204 718 2259 καὶ
754 2201 916 2259 δόλον
951 2206 1169 2260 ἀπαιτεῖ
1197 2207 1330 2283 πρὸς
1363 2203 1419 2261 δὲ
1447 2206 1536 2261 καὶ
1569 2205 1733 2262 λάταν
1760 2205 2004 2262 κοῦλπᾶν

417 2293 521 2349 Καὶ
549 2293 710 2357 τόκος
745 2293 1077 2370 ὑπερθέσεως
1107 2295 1196 2351 καὶ
1231 2295 1542 2372 συγχύσεως
1575 2298 1707 2370 ἅμα,

419 2384 518 2439 Καὶ
549 2385 923 2461 κληρονόμοις
949 2384 1175 2459 δίδοται,
1208 2387 1295 2442 καὶ
1321 2387 1454 2443 κατά
1477 2385 1867 2464 κληρονόμων,

423 2473 537 2532 Οὐκ
567 2471 675 2530 ἔστι
707 2473 807 2551 γὰρ
838 2475 1176 2552 ἀτιμουργὸς
1208 2476 1252 2531 εἷ
1289 2478 1363 2551 μή
1397 2476 1582 2551 οἷκείῳ
1613 2475 1777 2551 δόλῳ.

423 2565 489 2620 Ἡ
519 2565 642 2639 περί
675 2562 842 2620 δόλου
875 2563 931 2620 δὲ
962 2565 1071 2620 ἐστι
1102 2567 1267 2635 ποινὴ
1298 2565 1387 2620 καὶ
1420 2565 1700 2637 ποιναλία,

426 2653 641 2711 Δίδοται
667 2659 836 2711 καῦσοι
865 2654 1103 2732 κόγνιτα,
1129 2653 1239 2713 ἔστι
1269 2657 1621 2733 περσοναλία,

427 2747 512 2802 'Ev
539 2751 656 2808 τοῖς
689 2743 807 2800 δυσὶ
842 2743 885 2800 δ’
916 2746 1182 2809 ἐνιαυτοῖς
1214 2748 1438 2823 ἄρχεται
1470 2748 1555 2802 καὶ
1591 2747 1925 2823 πληροῦται,

422 2832 642 2905 ’Ἄλλης
676 2832 722 2888 δ’
757 2835 998 2904 ὑπούσης
1031 2835 1274 2912 ἀγωγῆς,
1311 2836 1372 2890 οὐ
1403 2842 1570 2900 κινεῖς
1600 2838 1698 2906 τὴν
1737 2833 1792 2892 δὲ
1823 2832 1992 2910 δόλῳ.

420 2922 552 2980 ἸΙδι
591 2923 648 2980 δι
678 2923 886 2989 Φαλσις
919 2925 1109 3003 ἀγωγὴ
1139 2926 1308 3001 νόμος
1338 2926 1659 3003 Κορνελίου,

1739 294 2162 357 MICHAELIS
2209 295 2477 355 PSELLI

2084 430 2133 497 Α
2170 427 2408 482 Κινεῖται
2444 421 2500 479 δὲ
2529 426 2665 479 κατά
2693 430 2842 486 τινος¹
2873 420 3110 478 πλαστὸν
3143 421 3539 493 πεποιηκότος.

3709 291 3820 350 944

2169 519 2273 570 Τοῦ
2306 512 2362 569 δὲ
2391 509 2718 580 πουϐλίκου,
2753 513 3006 583 δέσποτα,
3049 515 3084 582 ἠ
3119 510 3175 567 δὲ
3206 512 3405 591 φάλσις
3435 511 3705 586 τιμωρίαο

2172 606 2294 658 Κατ’
2325 601 2620 678 ἐλευθέρων
2656 604 2750 675 μὲν
2784 597 2924 656 ἔστιν
3020 622 3077 656 τε
3110 599 3464 675 δεπορτατίον
3493 604 3572 673 (6)

2171 695 2273 751 Καὶ
2297 697 2331 764 ἡ
2362 692 2544 750 τελεία
2574 693 2639 764 δή
2653 713 2859 766 μεύσιςο
2893 694 3028 748 κατὰ
3058 690 3116 746 δὲ
3149 690 3360 747 δούλων
3393 691 3585 764 πάλιν,

2173 786 2444 860 Ἐσχάτην
2478 781 2592 860 ἔχει
2623 787 2860 839 κάκωσιν
2887 781 3169 839 πάνδεινον
3204 780 3497 857 τιμωρίαν.

2171 875 2357 947 Νόμος
2385 874 2524 929 ἐστὶν
2562 872 2794 934 Ἰούλιος
2827 875 2854 928 ὁ
2883 871 2939 928 δέ
2968 895 3031 948 γε
3057 870 3406 927 ῙΙεκουλάτου

2169 966 2355 1024 ⁴Όστις
2386 965 2524 1017 κατὰ
2547 969 2642 1018 τοῦ
2672 962 2975 1036 κλέψαντος
3005 961 3056 1032 ἐξ
3087 963 3246 1037 ἱερῶν
3275 959 3508 1029 ἀδύτων,

2171 1054 2232 1106 Ἣ
2267 1052 2325 1106 ἐκ
2358 1054 2660 1125 μνημάτων
2700 1051 2958 1125 ἀσφαλῶν
2986 1049 3110 1120 ἤτοι
3148 1049 3477 1126 ῥελεγιόσων

2173 1146 2426 1210 Κινεῖται,
2458 1141 2544 1195 καὶ
2576 1140 2901 1216 τραχύνεται
2933 1140 3021 1195 καὶ
3052 1145 3289 1213 τιμωριῖ
3316 1137 3642 1202 πανδείνως’

2172 1231 2393 1306 Ἐποὶγει
2423 1233 2524 1307 γὰρ
2557 1231 2865 1305 ὶναλλαγὴν
2898 1231 3096 1300 τάξεως
3126 1234 3225 1294 τῆς
3248 1231 3538 1304 προτέρας.

2171 1321 2578 1396 Δερποτατεύει,
2613 1318 2866 1390 δέσποτα,
2896 1321 2986 1374 τὸν
3021 1317 3473 1394 ἐξεληλεγμένον,

2170 1413 2330 1484 Ἔχει
2365 1409 2421 1464 δὲ
2449 1411 2538 1464 καὶ
2569 1411 2668 1478 τήν
2699 1407 2926 1481 δύναμιν
2961 1407 3107 1470 ἐντὸς
3136 1407 3468 1471 πενταετίας.

2171 1501 2235 1556 Ἡ
2267 1498 2323 1554 δὲ
2352 1495 2766 1560 Δονατιονιϐους
2798 1498 2993 1572 ἀγωγή
3028 1495 3333 1573 διαιροῦσα,

2171 1591 2288 1647 Τῶν
2324 1587 2666 1662 δωρημάτων
2700 1587 2762 1642 τὸ
2793 1585 2993 1657 διττὸν,
3028 1585 3239 1660 δόνουμ
3267 1587 3370 1662 γάρ
3400 1607 3490 1640 τοι
3523 1588 3587 1640 τὸ
3621 1585 3808 1662 δῶρον,

2171 1679 2242 1730 Τὸ
2276 1676 2369 1749 μὲν
2398 1675 2537 1732 ἐστιν
2571 1675 2714 1751 ἷ’ντερ
2749 1670 2942 1751 βίϐων,
2973 1674 3244 1730 τουτέστιν
3272 1675 3613 1744 ἀπεντεῦθεν,

2096 1801 2143 1866 Β
2173 1767 2243 1821 Τὸ
2275 1764 2330 1820 δὲ
2355 1787 2417 1842 γε
2451 1765 2640 1842 μόρτις
2671 1765 2842 1820 καῦσά
2872 1786 2988 1827 πως
3011 1766 3238 1820 θανάτου
3268 1765 3369 1840 γὰρ
3398 1763 3571 1832 αἰτία,

2175 1857 2379 1932 Μόρτις
2407 1856 2507 1932 γὰρ
2541 1857 2568 1910 ὁ
2603 1857 2848 1923 θάνατος,
2881 1855 2942 1909 16
2972 1858 3140 1908 καῦσα
3171 1851 3218 1908 δ’
3246 1849 3301 1907 ἓν
3334 1851 3529 1908 ἰκάτου
3564 1857 3663 1926 (7),

2173 1948 2333 2004 ’Ἤτοι
2361 1946 2423 2000 τὸ
2457 1944 2524 2001 δι’
2559 1945 2812 2000 ὑπονοίαν
2848 1947 3076 2008 θανάτου
3110 1941 3425 2016 δεδομένον.

2173 2036 2351 2112 Τυχὸν
2381 2036 2481 2112 γὰρ
2513 2030 2716 2108 ἔμελλε
2744 2056 2831 2097 τις
2857 2033 3012 2089 πλεῖν
3049 2032 3225 2088 πλοῦν
3258 2030 3682 2103 ἐπικινδυνώδη,

2176 2126 2277 2182 Καὶ
2313 2122 2591 2180 διδωκὲτω
2623 2127 2889 2199 χρήματα
2917 2127 2998 2195 τῷ
3031 2117 3187 2197 φόϐῳ
3217 2126 3313 2176 τοῦ
3347 2123 3604 2190 θανάτου,

2176 2215 2432 2276 Ἐνταῦθα
2463 2213 2562 2290 γὰρ
2597 2210 2921 2286 ἀπαλλαγὰς
2953 2213 2980 2266 ὁ
3014 2208 3271 2272 δεδωκὼς
3301 2215 3398 2264 τοῦ
3429 2205 3610 2287 φόϐου

2177 2298 2450 2373 Δεσπότης
2481 2300 2645 2356 πάλιν
2676 2302 2879 2378 πέφυκε
2906 2305 3024 2355 τῶν
3055 2321 3117 2374 γε
3149 2297 3570 2374 δεδωρημὲνων.

2175 2395 2235 2450 Ὀ
2269 2391 2335 2461 δὴ
2369 2389 2550 2448 λαϐὼν
2584 2393 2682 2461 τὴν
2712 2389 2916 2467 δωρεὰν
2948 2393 3178 2470 φυσικὴν
3202 2392 3374 2464 νομὴν
3403 2386 3544 2466 ἔχει.

2176 2484 2240 2540 Ἢ
2271 2480 2327 2536 δὲ
2355 2503 2416 2558 γε
2447 2481 2781 2556 ἐπερώτησις
2811 2479 2918 2536 τινὶ
2949 2484 3434 2556 προσπορισθιῖσα,

2179 2574 2271 2634 Εἲς
2302 2571 2653 2646 κληρονόμον
2684 2570 2888 2645 πέφυκε
2917 2570 3003 2624 καὶ
3038 2570 3202 2642 μόνον
3240 2569 3673 2642 μεταπέμπτειν.

2173 2663 2235 2717 Ἠ
2269 2659 2326 2715 δὶ
2356 2662 2681 2737 Ἰνοςρικιοσο
2713 2662 2748 2728 ἡ
2783 2649 3050 2729 διαθήκης
3086 2656 3313 2732 μέμψις,

2178 2751 2474 2826 Εἰσαγωγὴ
2507 2751 2640 2826 πρὸς
2669 2750 2918 2824 ἀγωγὴν,
2954 2747 3053 2802 οὐκ
3083 2747 3270 2823 ἀγωγή
3291 2746 3579 2823 τυγχάνει,

2177 2842 2282 2908 Τὴν
2317 2839 2438 2913 περὶ
2467 2838 2815 2909 ἀπαιτήσεως
2849 2835 2991 2911 λέγω
3021 2834 3425 2912 κληρονομίας,

2182 2925 2407 2984 Δίδοται
2439 2926 2484 2984 δ’
2543 2927 2677 2999 αῦτη
2735 2928 2826 2983 καὶ
2884 2926 3040 2982 παισὶ
3099 2927 3234 2982 κατὰ
3281 2928 3489 3002 πατρὸς
3548 2926 3601 2980 εἴ
3626 2926 3697 3001 γε
3725 2947 3837 2989 πως

3432 3015 3603 3073 Vers.
3633 3017 3763 3072 558.

422 3296 597 3366 certe,
659 3314 692 3353 ο
739 3295 996 3367 domine,
1058 3296 1309 3354 multum
1365 3297 1528 3354 utilis
1559 3302 1668 3370 est,
1707 3301 1763 3355 et
1792 3299 1946 3356 circa
1977 3316 2068 3357 ea-
2099 3305 2141 3372 C
2180 3302 2276 3370 lis,
2308 3303 2482 3358 datur
2507 3315 2685 3358 causa
2719 3297 2974 3374 cognita,
3025 3303 3082 3356 et
3109 3302 3199 3356 est
3255 3295 3632 3371 personalis;
3679 3297 3840 3354 intra

427 3387 557 3444 dem
587 3391 850 3444 exactam
881 3386 1140 3460 regulam
1192 3387 1438 3458 inducit,
1489 3389 1538 3444 si
1596 3390 1730 3461 quis
1787 3391 2072 3462 pecudem

426 3477 711 3548 gregatim
740 3481 1076 3549 pascentem
1103 3476 1344 3534 occidat.
1405 3478 1574 3534 Actio
1607 3478 1726 3534 haec
1756 3484 1844 3535 est
1871 3497 2071 3552 pcena-

427 3565 522 3632 lis,
545 3571 636 3622 est
659 3566 841 3634 utilis,
902 3570 960 3621 et
1017 3566 1237 3622 directa
1270 3583 1283 3622 :
1313 3567 1363 3622 si
1413 3567 1544 3638 quis
1576 3584 1815 3640 corpore
1846 3569 2072 3640 corpori

431 3656 712 3708 damnum
748 3654 1032 3720 intulerit,
1066 3659 1208 3710 tunc
1249 3655 1356 3711 erit
1403 3657 1623 3710 directa
1655 3672 1668 3710 :
1706 3656 1753 3710 si
1785 3656 1957 3711 aliter
1979 3675 2074 3712 no-

431 3743 638 3811 cuerit,
663 3743 822 3796 utilis
859 3760 870 3797 :
927 3743 975 3797 si
1009 3759 1139 3798 vero
1200 3761 1305 3799 nec
1338 3761 1404 3798 eo
1453 3744 1644 3813 modo,
1680 3759 1783 3798 nec
1832 3760 2072 3816 corpore

425 3831 653 3901 corpori
687 3832 971 3886 damnum
996 3832 1196 3886 datum
1247 3836 1356 3896 est,
1388 3831 1536 3887 actio
1566 3831 1626 3885 in
1661 3831 1879 3886 factum
1913 3849 2069 3888 com-

425 3923 601 3991 petet.
637 3920 750 3974 Lex
781 3919 1012 3989 Aquilia
1038 3920 1110 3974 ab
1141 3919 1544 3975 inticiantibus
1592 3919 1836 3991 duplum
1871 3924 2067 3994 exigit,

425 4026 458 4064 a
479 4009 898 4063 confitentibus
931 4007 1237 4079 simplum,
1262 4024 1452 4079 neque
1482 4008 1634 4064 enim
1688 4009 1941 4080 amplius
1974 4029 2068 4083 pe-

422 4098 584 4154 titur.
617 4098 781 4154 Actio
840 4104 1042 4153 vocata
1101 4102 1155 4153 vi
1212 4099 1476 4154 bonorum
1534 4108 1837 4170 raptorum,
1873 4118 2068 4157 move-

419 4193 515 4244 tur
546 4192 747 4244 contra
778 4193 1038 4260 raptores
1069 4204 1260 4243 rerum
1295 4187 1815 4254 alienarum,intra
1845 4207 2065 4245 annum

417 4277 813 4352 quadruplum
842 4277 1136 4348 repetit,re
1169 4282 1333 4348 rapta
1356 4277 1413 4331 in
1437 4278 1586 4348 quad
1601 4277 1764 4349 rupto
1798 4295 2066 4350 compre-

414 4368 619 4437 hensa,
655 4376 827 4440 atque
855 4367 998 4422 adeo
1027 4383 1395 4438 consequens
1435 4374 1518 4422 est
1569 4372 1631 4421 ut
1675 4384 1844 4438 pcena
1875 4369 1934 4423 in
1968 4368 2065 4428 tri.

412 4457 507 4530 p10
535 4455 863 4513 consistat:
898 4460 957 4511 at
978 4460 1142 4511 extra
1166 4469 1386 4510 annum
1411 4455 1692 4526 simplum
1757 4456 1947 4512 solum
1981 4473 2062 4513 re-

411 4547 618 4618 poscit.
653 4547 720 4601 Et
751 4544 799 4600 si
824 4546 986 4617 prius
1006 4552 1198 4600 actum
1232 4549 1321 4600 est
1342 4545 1393 4598 vi
1423 4545 1708 4600 bonorum
1730 4550 2053 4618 raptorum,

410 4639 604 4690 cessat
652 4636 800 4690 actio
851 4635 990 4689 furti
1028 4634 1119 4690 :si
1172 4635 1309 4689 furti
1363 4639 1495 4690 ante
1545 4633 1678 4705 quis
1699 4634 1838 4706 egit,
1873 4651 2060 4692 move-

409 4723 495 4781 bit
525 4723 912 4780 nihilominus
946 4725 1232 4779 bonorum
1259 4729 1558 4795 raptorum
1587 4722 1874 4779 actionem
1909 4742 1921 4791 ;
1953 4741 2056 4797 po-

410 4813 714 4870 teritenim
740 4815 895 4885 quis,
928 4814 1218 4877 odomz’ne,
1260 4813 1338 4868 ita
1369 4813 1607 4867 demum
1641 4829 1832 4884 agere,
1885 4815 2055 4871 modo

405 4921 522 4960 non
555 4905 794 4959 excedat
823 4902 1138 4975 quadrupli
1167 4902 1733 4972 exactionem,etiam
1758 4902 1805 4957 si
1831 4908 2053 4960 utram-

404 5009 518 5066 que
548 4992 689 5048 furti
719 4998 775 5048 et
804 4993 1092 5047 bonorum
1127 4998 1427 5063 raptorum
1490 4997 1736 5047 moveat.
1769 4993 1924 5048 Actio
1947 4993 2052 5050 De-

396 5083 563 5155 positi
609 5086 848 5138 vocatur
900 5078 1023 5154 περὶ
1083 5080 1565 5153 ﬂugustus/5x“,
1635 5098 1701 5136 ex
1745 5097 1861 5154 qua
1915 5082 2050 5154 quis

402 5171 598 5226 dolum
631 5175 890 5243 prastat,
925 5173 981 5224 et
1029 5168 1199 5224 latam
1259 5168 1514 5240 culpam,
1564 5174 1620 5224 et
1659 5187 1869 5225 usuras
1917 5189 2048 5242 pro-

396 5262 525 5329 pter
547 5276 769 5315 moram
803 5265 860 5315 et
882 5275 1077 5329 usum,
1111 5264 1167 5314 et
1197 5259 1527 5314 haeredibus
1557 5260 1750 5326 datur,
1771 5264 1826 5315 et
1843 5267 2046 5316 contra

398 5346 679 5418 haeredes,
709 5367 823 5407 non
857 5348 1012 5405 enim
1051 5348 1312 5416 infamat,
1375 5347 1488 5403 nisi
1547 5349 1817 5420 proprius
1871 5348 2043 5406 dolus

395 5435 793 5495 intervenerit.
841 5439 1004 5496 Actio
1043 5437 1107 5496 de
1136 5438 1292 5508 Dolo,
1333 5441 1422 5495 est
1452 5441 1508 5494 et
1536 5454 1727 5512 pana,
1763 5443 1820 5495 et
1849 5455 2042 5511 poena-

465 5619 542 5695 (6)
573 5617 952 5699 Διπορτατίον.

2181 3391 2485 3447 biennium
2519 3390 2739 3463 incipit,
2801 3396 2858 3446 et
2888 3389 3016 3444 finit
3049 3406 3061 3443 :
3097 3389 3146 3444 si
3179 3387 3294 3443 alia
3324 3387 3472 3442 actio
3522 3392 3836 3458 competat,

2181 3498 2293 3536 non
2327 3481 2453 3554 agis
2486 3482 2554 3536 de
2598 3478 2749 3534 dolo.
2783 3479 2944 3534 Actio
2987 3478 3051 3535 de
3092 3478 3267 3532 Falsis
3319 3494 3385 3532 ex
3430 3476 3561 3548 lege
3617 3477 3837 3532 Corne‘

2181 3570 2258 3624 lia
2290 3574 2556 3625 movetur
2585 3575 2786 3623 contra
2815 3583 2950 3622 eum
2976 3567 3073 3637 qui
3099 3566 3309 3621 falsum
3329 3566 3480 3632 fecit,
3507 3566 3642 3637 ejus
3668 3582 3843 3636 pinna

2181 3676 2209 3716 0
2239 3660 2479 3726 domine,
2507 3658 2739 3730 publica
2765 3662 2872 3720 est,
2908 3658 2969 3711 in
3028 3656 3302 3727 ingenuis
3355 3655 3711 3709 hominibus
3750 3655 3843 3709 de-

2181 3747 2513 3821 portatio,et
2545 3746 2886 3801 omnimoda
2916 3746 3200 3801 bonorum
3226 3743 3547 3816 publicatio
3579 3760 3593 3809 ;
3627 3761 3844 3798 rursus

2181 3837 2238 3891 in
2273 3852 2436 3892 servo
2466 3835 2818 3907 gravissima
2867 3852 3055 3906 paena,
3105 3838 3162 3889 et
3218 3839 3547 3889 extremum
3608 3833 3844 3905 suppli-

2179 3926 2357 3982 cium.
2392 3925 2494 3979 Est
2526 3924 2698 3979 etiam
2742 3923 2832 3978 lex
2859 3923 3020 3978 Julia
3044 3922 3110 3978 de
3158 3921 3434 3978 Peculalu
3459 3926 3669 3976 contra
3703 3938 3844 3976 eum

2178 4016 2278 4088 qui
2311 4015 2536 4070 furatus
2569 4019 2656 4069 cst
2681 4031 2747 4068 ex
2779 4013 2963 4069 sacris
3022 4011 3445 4085 penetralibus,
3475 4015 3535 4066 et
3588 4027 3660 4065 ex
3694 4011 3846 4065 tutis

2179 4104 2574 4159 monumentis
2606 4104 2726 4157 sive
2757 4102 3079 4173 religiosis:
3119 4106 3397 4165 movetur,
3434 4099 3715 4162 damnat.
3789 4107 3846 4154 et

2177 4195 2345 4264 punit
2375 4191 2984 4264 gravissime,inducit
3013 4192 3166 4246 enim
3201 4189 3412 4262 prioris
3443 4189 3682 4244 ordinis
3706 4206 3844 4243 mu-

2174 4283 2452 4338 tationem
2487 4301 2501 4351 ;
2534 4282 2821 4354 deportat,
2849 4298 2881 4336 o
2909 4280 3164 4349 domine,
3197 4295 3330 4334 eum
3373 4277 3473 4348 qui
3520 4277 3845 4332 convictus

2175 4376 2281 4438 est,
2307 4375 2361 4426 et
2392 4371 2570 4427 robur
2602 4371 2828 4426 obtinet
2858 4371 3013 4425 intra
3061 4367 3554 4442 quinquennium.
3611 4370 3699 4420 De
3732 4368 3844 4421 Do-

2170 4461 2488 4515 nationibus
2519 4459 2668 4515 actio
2720 4459 2908 4514 divisa
2963 4463 3073 4526 est,
3104 4457 3340 4512 donatio
3397 4458 3555 4510 enim
3609 4455 3842 4527 duplex

2170 4555 2259 4605 est
2291 4566 2303 4616 ;
2340 4550 2560 4604 donum
2615 4553 2702 4604 est
2735 4544 2910 4622 δῶρον
2943 4565 2956 4602 :
2991 4546 3104 4602 alia
3134 4551 3224 4602 est
3269 4545 3422 4600 inter
3449 4545 3641 4614 vivos,
3705 4562 3836 4616 qua:

2169 4639 2475 4694 confestim
2507 4637 2693 4693 valet:
2719 4637 2834 4692 alia
2863 4640 2951 4692 est
2982 4635 3188 4692 mortis
3219 4650 3418 4701 causa,
3466 4631 3718 4694 θανάτου
3749 4631 3834 4686 ai-

2163 4726 2271 4797 τίᾳ.
2305 4728 2459 4783 Mors
2496 4726 2652 4782 enim
2687 4723 2926 4796 θάνατος,
2959 4742 3159 4795 causa,
3211 4725 3380 4794 cujus
3429 4723 3672 4793 gratia:
3708 4723 3833 4778 sive

2168 4817 2320 4889 quod
2357 4817 2559 4871 datum
2584 4821 2672 4870 est
2701 4815 2774 4870 ob
2824 4815 3222 4887 suspicionem
3276 4811 3506 4867 mortis.
3565 4813 3630 4867 Si
3690 4811 3835 4884 quis

2164 4906 2320 4961 enim
2347 4904 2738 4976 periculosam
2768 4903 3196 4975 navigationem
3231 4902 3830 4972 ingressurus,metn

2165 4995 2369 5051 mortis
2401 4995 2500 5049 dct
2532 4994 2833 5066 pecunias.
2859 4997 2917 5048 et
2946 4992 3201 5047 dimittat
3233 5007 3326 5046 res
3358 4990 3550 5056 datas,
3619 4991 3670 5044 is
3726 4991 3830 5060 qui

2162 5091 2319 5140 metu
2353 5085 2549 5151 donat,
2605 5083 2881 5138 dominus
2937 5098 3138 5137 earum
3194 5082 3479 5147 remanet,
3527 5079 3634 5150 qui
3685 5095 3832 5134 vero

2158 5174 2376 5228 donum
2412 5171 2920 5244 cepit,naturalem
2945 5168 3377 5242 possessionem
3402 5167 3826 5239 consequitur.

2156 5261 2448 5333 Stipulatz'o
2470 5261 2640 5317 alicui
2657 5260 2945 5331 acquisita
2968 5259 3039 5314 ad
3072 5257 3260 5314 solum
3293 5256 3596 5312 heredem
3622 5263 3829 5312 trans-

2155 5353 2427 5409 mittitur.
2484 5353 2554 5407 De
2611 5352 2941 5422 lno/ﬁcium,
2999 5355 3088 5405 est
3170 5347 3410 5421 querela
3466 5349 3538 5403 de
3632 5355 3826 5404 testa-

2153 5446 2369 5513 mento,
2404 5440 2762 5498 introductio
2785 5440 2856 5498 ad
2889 5439 3179 5497 actionem
3211 5455 3326 5496 non
3383 5438 3627 5512 proprie
3657 5438 3830 5498 actio

2221 5623 2297 5699 (7)
2329 5616 2636 5680 Ἐνικάτοο.
