  <div class='ocr_page' id='page_1' title='image "/cluster/home/n/w/nwhite01/storage/ocr_20150623/122/hvd.32044073502460/490.png"; bbox 0 0 4054 6200; ppageno 0'>
   <div class='ocr_carea' id='block_1_1' title="bbox 214 381 340 442">
    <p class='ocr_par' dir='ltr' id='par_1_1' title="bbox 214 381 340 442">
     <span class='ocr_line' id='line_1_1' title="bbox 214 381 340 442; baseline 0 0"><span class='ocrx_word' id='word_1_1' title='bbox 214 381 340 442; x_wconf 74' lang='grc'>945</span> 
     </span>
    </p>
   </div>
   <div class='ocr_carea' id='block_1_2' title="bbox 211 506 1468 590">
    <p class='ocr_par' dir='ltr' id='par_1_2' title="bbox 211 506 1468 590">
     <span class='ocr_line' id='line_1_2' title="bbox 211 506 1468 590; baseline 0.003 -24"><span class='ocrx_word' id='word_1_2' title='bbox 211 506 599 585; x_wconf 70' lang='grc' dir='ltr'>Ἐξιρεδάτους</span> <span class='ocrx_word' id='word_1_3' title='bbox 628 506 832 585; x_wconf 66' lang='grc' dir='ltr'>ἔγραψε</span> <span class='ocrx_word' id='word_1_4' title='bbox 863 510 1087 577; x_wconf 76' lang='grc' dir='ltr'>τούτους</span> <span class='ocrx_word' id='word_1_5' title='bbox 1123 511 1174 568; x_wconf 72' lang='grc' dir='ltr'>ἰν</span> <span class='ocrx_word' id='word_1_6' title='bbox 1210 510 1468 590; x_wconf 68' lang='grc' dir='ltr'>διαθήκῃ,</span> 
     </span>
    </p>
   </div>
   <div class='ocr_carea' id='block_1_3' title="bbox 208 599 1590 680">
    <p class='ocr_par' dir='ltr' id='par_1_3' title="bbox 208 599 1590 680">
     <span class='ocr_line' id='line_1_3' title="bbox 208 599 1590 680; baseline 0.003 -24"><span class='ocrx_word' id='word_1_7' title='bbox 208 601 330 656; x_wconf 82' lang='grc' dir='ltr'>Καὶ</span> <span class='ocrx_word' id='word_1_8' title='bbox 365 602 498 656; x_wconf 76' lang='grc' dir='ltr'>κατὰ</span> <span class='ocrx_word' id='word_1_9' title='bbox 526 599 735 657; x_wconf 85' lang='grc' dir='ltr'>παίδων</span> <span class='ocrx_word' id='word_1_10' title='bbox 761 607 843 676; x_wconf 77' lang='grc' dir='ltr'>τῷ</span> <span class='ocrx_word' id='word_1_11' title='bbox 871 605 1032 680; x_wconf 81' lang='grc' dir='ltr'>πατρὶ</span> <span class='ocrx_word' id='word_1_12' title='bbox 1076 603 1128 675; x_wconf 72' lang='grc' dir='ltr'>ἐξ</span> <span class='ocrx_word' id='word_1_13' title='bbox 1159 606 1357 678; x_wconf 80' lang='grc' dir='ltr'>ὁμοίας</span> <span class='ocrx_word' id='word_1_14' title='bbox 1396 603 1590 667; x_wconf 85' lang='grc' dir='ltr'>αἰτίας.</span> 
     </span>
    </p>
   </div>
   <div class='ocr_carea' id='block_1_4' title="bbox 207 688 1685 768">
    <p class='ocr_par' dir='ltr' id='par_1_4' title="bbox 207 688 1685 768">
     <span class='ocr_line' id='line_1_4' title="bbox 207 688 1685 768; baseline 0.001 -21"><span class='ocrx_word' id='word_1_15' title='bbox 207 691 279 747; x_wconf 84' lang='grc' dir='ltr'><strong>Ἦ</strong></span> <span class='ocrx_word' id='word_1_16' title='bbox 317 688 382 745; x_wconf 72' lang='grc' dir='ltr'>δὲ</span> <span class='ocrx_word' id='word_1_17' title='bbox 415 690 464 745; x_wconf 76' lang='lat' dir='ltr'>iv</span> <span class='ocrx_word' id='word_1_18' title='bbox 496 692 629 764; x_wconf 86' lang='grc' dir='ltr'>Ῥεμ</span> <span class='ocrx_word' id='word_1_19' title='bbox 657 690 1032 768; x_wconf 79' lang='grc' dir='ltr'>πολυσχεδής,</span> <span class='ocrx_word' id='word_1_20' title='bbox 1066 694 1157 749; x_wconf 87' lang='grc' dir='ltr'>καὶ</span> <span class='ocrx_word' id='word_1_21' title='bbox 1188 693 1557 767; x_wconf 86' lang='grc' dir='ltr'>πολυώνυμός</span> <span class='ocrx_word' id='word_1_22' title='bbox 1580 715 1685 767; x_wconf 85' lang='grc' dir='ltr'>τις,</span> 
     </span>
    </p>
   </div>
   <div class='ocr_carea' id='block_1_5' title="bbox 215 779 1564 862">
    <p class='ocr_par' dir='ltr' id='par_1_5' title="bbox 215 779 1564 862">
     <span class='ocr_line' id='line_1_5' title="bbox 215 779 1564 862; baseline 0.002 -26"><span class='ocrx_word' id='word_1_23' title='bbox 215 779 476 845; x_wconf 75' lang='grc' dir='ltr'>Καθόλου</span> <span class='ocrx_word' id='word_1_24' title='bbox 503 782 604 856; x_wconf 68' lang='grc' dir='ltr'>γὰρ</span> <span class='ocrx_word' id='word_1_25' title='bbox 636 783 723 836; x_wconf 83' lang='grc' dir='ltr'>καὶ</span> <span class='ocrx_word' id='word_1_26' title='bbox 763 784 959 857; x_wconf 74' lang='grc' dir='ltr'>μιρική</span> <span class='ocrx_word' id='word_1_27' title='bbox 995 782 1129 856; x_wconf 77' lang='grc' dir='ltr'>ἔστι,</span> <span class='ocrx_word' id='word_1_28' title='bbox 1162 781 1230 857; x_wconf 75' lang='grc' dir='ltr'>ἴ¹μ</span> <span class='ocrx_word' id='word_1_29' title='bbox 1260 784 1395 859; x_wconf 83' lang='grc' dir='ltr'>βόνα</span> <span class='ocrx_word' id='word_1_30' title='bbox 1424 781 1564 862; x_wconf 77' lang='grc' dir='ltr'>φίδι,</span> 
     </span>
    </p>
   </div>
   <div class='ocr_carea' id='block_1_6' title="bbox 211 870 1557 947">
    <p class='ocr_par' dir='ltr' id='par_1_6' title="bbox 211 870 1557 947">
     <span class='ocr_line' id='line_1_6' title="bbox 211 870 1557 947; baseline 0.001 -21"><span class='ocrx_word' id='word_1_31' title='bbox 211 871 281 926; x_wconf 85' lang='grc' dir='ltr'><strong>Ἦ</strong></span> <span class='ocrx_word' id='word_1_32' title='bbox 314 871 412 942; x_wconf 73' lang='grc' dir='ltr'>μὶν</span> <span class='ocrx_word' id='word_1_33' title='bbox 446 871 546 946; x_wconf 80' lang='grc' dir='ltr'>γὰρ</span> <span class='ocrx_word' id='word_1_34' title='bbox 575 870 798 926; x_wconf 82' lang='grc' dir='ltr'>οὐτιλία</span> <span class='ocrx_word' id='word_1_35' title='bbox 826 892 908 934; x_wconf 90' lang='grc' dir='ltr'>τις</span> <span class='ocrx_word' id='word_1_36' title='bbox 935 871 1240 935; x_wconf 67' lang='grc' dir='ltr'>δανεισταῖς</span> <span class='ocrx_word' id='word_1_37' title='bbox 1272 870 1557 947; x_wconf 85' lang='grc' dir='ltr'>διδομένη,</span> 
     </span>
    </p>
   </div>
   <div class='ocr_carea' id='block_1_7' title="bbox 213 958 1376 1039">
    <p class='ocr_par' dir='ltr' id='par_1_7' title="bbox 213 958 1376 1039">
     <span class='ocr_line' id='line_1_7' title="bbox 213 958 1376 1039; baseline 0.003 -25"><span class='ocrx_word' id='word_1_38' title='bbox 213 961 285 1019; x_wconf 80' lang='grc' dir='ltr'><strong><em>Ἠ</em></strong></span> <span class='ocrx_word' id='word_1_39' title='bbox 322 958 385 1015; x_wconf 77' lang='grc' dir='ltr'>δὶ</span> <span class='ocrx_word' id='word_1_40' title='bbox 414 959 752 1037; x_wconf 78' lang='grc' dir='ltr'>κόμφισορία</span> <span class='ocrx_word' id='word_1_41' title='bbox 780 984 889 1031; x_wconf 88' lang='grc' dir='ltr'>τις,</span> <span class='ocrx_word' id='word_1_42' title='bbox 920 965 956 1033; x_wconf 82' lang='grc' dir='ltr'>ἡ</span> <span class='ocrx_word' id='word_1_43' title='bbox 989 960 1376 1039; x_wconf 70' lang='grc' dir='ltr'>δὲνεγατορία,</span> 
     </span>
    </p>
   </div>
   <div class='ocr_carea' id='block_1_8' title="bbox 208 1044 1463 1126">
    <p class='ocr_par' dir='ltr' id='par_1_8' title="bbox 208 1044 1463 1126">
     <span class='ocr_line' id='line_1_8' title="bbox 208 1044 1463 1126; baseline 0.001 -21"><span class='ocrx_word' id='word_1_44' title='bbox 208 1049 281 1105; x_wconf 81' lang='grc' dir='ltr'><strong>Ἦ</strong></span> <span class='ocrx_word' id='word_1_45' title='bbox 315 1046 380 1103; x_wconf 65' lang='lat' dir='ltr'>Si</span> <span class='ocrx_word' id='word_1_46' title='bbox 408 1044 728 1126; x_wconf 76' lang='grc' dir='ltr'>πριϐιτορία</span> <span class='ocrx_word' id='word_1_47' title='bbox 756 1053 836 1124; x_wconf 91' lang='grc'>(8)</span> <span class='ocrx_word' id='word_1_48' title='bbox 868 1072 970 1119; x_wconf 87' lang='grc' dir='ltr'>τις,</span> <span class='ocrx_word' id='word_1_49' title='bbox 1002 1055 1037 1122; x_wconf 82' lang='grc' dir='ltr'>ἡ</span> <span class='ocrx_word' id='word_1_50' title='bbox 1070 1050 1126 1107; x_wconf 72' lang='grc' dir='ltr'>δὲ</span> <span class='ocrx_word' id='word_1_51' title='bbox 1151 1052 1463 1122; x_wconf 79' lang='grc' dir='ltr'>σπεκιαλία,</span> 
     </span>
    </p>
   </div>
   <div class='ocr_carea' id='block_1_9' title="bbox 206 1135 1448 1214">
    <p class='ocr_par' dir='ltr' id='par_1_9' title="bbox 206 1135 1448 1214">
     <span class='ocr_line' id='line_1_9' title="bbox 206 1135 1448 1214; baseline 0.005 -20"><span class='ocrx_word' id='word_1_52' title='bbox 206 1137 417 1213; x_wconf 74' lang='grc' dir='ltr'>Ἑτέρα</span> <span class='ocrx_word' id='word_1_53' title='bbox 445 1160 529 1201; x_wconf 90' lang='grc' dir='ltr'>τις</span> <span class='ocrx_word' id='word_1_54' title='bbox 562 1135 844 1214; x_wconf 77' lang='grc' dir='ltr'>σερϐιανή,</span> <span class='ocrx_word' id='word_1_55' title='bbox 876 1138 1024 1212; x_wconf 70' lang='grc' dir='ltr'>ἄλλη</span> <span class='ocrx_word' id='word_1_56' title='bbox 1056 1137 1448 1200; x_wconf 76' lang='grc' dir='ltr'>πουϐλικιάνα.</span> 
     </span>
    </p>
   </div>
   <div class='ocr_carea' id='block_1_10' title="bbox 214 1227 1768 1307">
    <p class='ocr_par' dir='ltr' id='par_1_10' title="bbox 214 1227 1768 1307">
     <span class='ocr_line' id='line_1_10' title="bbox 214 1227 1768 1307; baseline -0.001 -22"><span class='ocrx_word' id='word_1_57' title='bbox 214 1229 326 1285; x_wconf 81' lang='grc' dir='ltr'>Καί</span> <span class='ocrx_word' id='word_1_58' title='bbox 363 1230 418 1283; x_wconf 76' lang='grc' dir='ltr'>οἱ</span> <span class='ocrx_word' id='word_1_59' title='bbox 451 1227 773 1307; x_wconf 71' lang='grc' dir='ltr'>ἴμφακτουμ</span> <span class='ocrx_word' id='word_1_60' title='bbox 803 1231 1012 1307; x_wconf 80' lang='grc' dir='ltr'>ἀγωγαὶ</span> <span class='ocrx_word' id='word_1_61' title='bbox 1042 1229 1248 1286; x_wconf 83' lang='grc' dir='ltr'>πολλαί</span> <span class='ocrx_word' id='word_1_62' title='bbox 1277 1251 1353 1298; x_wconf 90' lang='grc' dir='ltr'>τε,</span> <span class='ocrx_word' id='word_1_63' title='bbox 1373 1229 1463 1285; x_wconf 83' lang='grc' dir='ltr'>καὶ</span> <span class='ocrx_word' id='word_1_64' title='bbox 1494 1229 1768 1299; x_wconf 77' lang='grc' dir='ltr'>ποικίλαι,</span> 
     </span>
    </p>
   </div>
   <div class='ocr_carea' id='block_1_11' title="bbox 207 1316 1620 1395">
    <p class='ocr_par' dir='ltr' id='par_1_11' title="bbox 207 1316 1620 1395">
     <span class='ocr_line' id='line_1_11' title="bbox 207 1316 1620 1395; baseline 0.001 -24"><span class='ocrx_word' id='word_1_65' title='bbox 207 1316 440 1372; x_wconf 71' lang='grc' dir='ltr'>Τούτων</span> <span class='ocrx_word' id='word_1_66' title='bbox 473 1320 528 1372; x_wconf 74' lang='grc' dir='ltr'>αἱ</span> <span class='ocrx_word' id='word_1_67' title='bbox 563 1319 657 1391; x_wconf 76' lang='grc' dir='ltr'>μὲν</span> <span class='ocrx_word' id='word_1_68' title='bbox 691 1318 1040 1395; x_wconf 85' lang='grc' dir='ltr'>πραιτώριαι,</span> <span class='ocrx_word' id='word_1_69' title='bbox 1067 1321 1121 1374; x_wconf 74' lang='grc' dir='ltr'>αἱ</span> <span class='ocrx_word' id='word_1_70' title='bbox 1155 1316 1213 1375; x_wconf 81' lang='grc' dir='ltr'>δὲ</span> <span class='ocrx_word' id='word_1_71' title='bbox 1238 1317 1620 1394; x_wconf 80' lang='grc' dir='ltr'>πουπιλαρίαι’</span> 
     </span>
    </p>
   </div>
   <div class='ocr_carea' id='block_1_12' title="bbox 209 1403 1621 1484">
    <p class='ocr_par' dir='ltr' id='par_1_12' title="bbox 209 1403 1621 1484">
     <span class='ocr_line' id='line_1_12' title="bbox 209 1403 1621 1484; baseline -0.001 -22"><span class='ocrx_word' id='word_1_72' title='bbox 209 1407 290 1462; x_wconf 74' lang='grc' dir='ltr'>Αἱ</span> <span class='ocrx_word' id='word_1_73' title='bbox 324 1408 426 1479; x_wconf 70' lang='grc' dir='ltr'>μὲν</span> <span class='ocrx_word' id='word_1_74' title='bbox 454 1404 515 1462; x_wconf 84' lang='grc' dir='ltr'>ἐκ</span> <span class='ocrx_word' id='word_1_75' title='bbox 532 1406 707 1480; x_wconf 86' lang='grc' dir='ltr'>νόμου</span> <span class='ocrx_word' id='word_1_76' title='bbox 736 1409 1048 1484; x_wconf 70' lang='grc' dir='ltr'>τρέχουσιν,</span> <span class='ocrx_word' id='word_1_77' title='bbox 1078 1410 1134 1463; x_wconf 77' lang='grc' dir='ltr'>αἱ</span> <span class='ocrx_word' id='word_1_78' title='bbox 1166 1405 1222 1463; x_wconf 76' lang='grc' dir='ltr'>δὶ</span> <span class='ocrx_word' id='word_1_79' title='bbox 1253 1403 1621 1484; x_wconf 78' lang='grc' dir='ltr'>ἆρϐιτραρίαι,</span> 
     </span>
    </p>
   </div>
   <div class='ocr_carea' id='block_1_13' title="bbox 208 1493 1721 1574">
    <p class='ocr_par' dir='ltr' id='par_1_13' title="bbox 208 1493 1721 1574">
     <span class='ocr_line' id='line_1_13' title="bbox 208 1493 1721 1574; baseline -0.001 -22"><span class='ocrx_word' id='word_1_80' title='bbox 208 1495 286 1552; x_wconf 75' lang='grc' dir='ltr'>Αἱ</span> <span class='ocrx_word' id='word_1_81' title='bbox 324 1496 425 1569; x_wconf 73' lang='grc' dir='ltr'>μὲν</span> <span class='ocrx_word' id='word_1_82' title='bbox 459 1494 689 1565; x_wconf 74' lang='grc' dir='ltr'>ἁπλοῦν,</span> <span class='ocrx_word' id='word_1_83' title='bbox 723 1499 778 1552; x_wconf 80' lang='grc' dir='ltr'>αἱ</span> <span class='ocrx_word' id='word_1_84' title='bbox 811 1494 868 1552; x_wconf 75' lang='grc' dir='ltr'>δὶ</span> <span class='ocrx_word' id='word_1_85' title='bbox 898 1495 1150 1569; x_wconf 75' lang='grc' dir='ltr'>διπλοῦν,</span> <span class='ocrx_word' id='word_1_86' title='bbox 1177 1498 1233 1552; x_wconf 75' lang='grc' dir='ltr'>αἱ</span> <span class='ocrx_word' id='word_1_87' title='bbox 1264 1494 1321 1552; x_wconf 63' lang='grc' dir='ltr'>δὲ</span> <span class='ocrx_word' id='word_1_88' title='bbox 1348 1498 1411 1552; x_wconf 81' lang='grc' dir='ltr'>τὸ</span> <span class='ocrx_word' id='word_1_89' title='bbox 1442 1493 1721 1574; x_wconf 75' lang='grc' dir='ltr'>διαφέρον,</span> 
     </span>
    </p>
   </div>
   <div class='ocr_carea' id='block_1_14' title="bbox 213 1583 1624 1664">
    <p class='ocr_par' dir='ltr' id='par_1_14' title="bbox 213 1583 1624 1664">
     <span class='ocr_line' id='line_1_14' title="bbox 213 1583 1624 1664; baseline -0.001 -23"><span class='ocrx_word' id='word_1_90' title='bbox 213 1585 279 1642; x_wconf 76' lang='lat' dir='ltr'>Ai</span> <span class='ocrx_word' id='word_1_91' title='bbox 318 1583 384 1640; x_wconf 75' lang='grc' dir='ltr'>δὶ</span> <span class='ocrx_word' id='word_1_92' title='bbox 411 1586 474 1640; x_wconf 84' lang='grc' dir='ltr'>τὸ</span> <span class='ocrx_word' id='word_1_93' title='bbox 503 1584 896 1660; x_wconf 76' lang='grc' dir='ltr'>τετραπλάσιον</span> <span class='ocrx_word' id='word_1_94' title='bbox 921 1591 1018 1642; x_wconf 71' lang='grc' dir='ltr'>τοῦ</span> <span class='ocrx_word' id='word_1_95' title='bbox 1052 1586 1251 1664; x_wconf 84' lang='grc' dir='ltr'>χρέους</span> <span class='ocrx_word' id='word_1_96' title='bbox 1283 1585 1624 1653; x_wconf 79' lang='grc' dir='ltr'>ἀπαιτοῦσιν,</span> 
     </span>
    </p>
   </div>
   <div class='ocr_carea' id='block_1_15' title="bbox 208 1672 1572 1752">
    <p class='ocr_par' dir='ltr' id='par_1_15' title="bbox 208 1672 1572 1752">
     <span class='ocr_line' id='line_1_15' title="bbox 208 1672 1572 1752; baseline 0 -23"><span class='ocrx_word' id='word_1_97' title='bbox 208 1674 287 1729; x_wconf 71' lang='grc' dir='ltr'>Δὶ</span> <span class='ocrx_word' id='word_1_98' title='bbox 324 1672 425 1746; x_wconf 77' lang='grc' dir='ltr'>μὶν</span> <span class='ocrx_word' id='word_1_99' title='bbox 455 1673 632 1729; x_wconf 76' lang='grc' dir='ltr'>αὐτῶν</span> <span class='ocrx_word' id='word_1_100' title='bbox 664 1674 904 1747; x_wconf 82' lang='grc' dir='ltr'>ἆναλίαι,</span> <span class='ocrx_word' id='word_1_101' title='bbox 931 1676 984 1730; x_wconf 73' lang='grc' dir='ltr'>αἱ</span> <span class='ocrx_word' id='word_1_102' title='bbox 1016 1673 1075 1731; x_wconf 70' lang='grc' dir='ltr'>δὲ</span> <span class='ocrx_word' id='word_1_103' title='bbox 1103 1675 1192 1731; x_wconf 84' lang='grc' dir='ltr'>καὶ</span> <span class='ocrx_word' id='word_1_104' title='bbox 1223 1679 1572 1752; x_wconf 80' lang='grc' dir='ltr'>πιρπετοῦαι,</span> 
     </span>
    </p>
   </div>
   <div class='ocr_carea' id='block_1_16' title="bbox 208 1762 1726 1842">
    <p class='ocr_par' dir='ltr' id='par_1_16' title="bbox 208 1762 1726 1842">
     <span class='ocr_line' id='line_1_16' title="bbox 208 1762 1726 1842; baseline -0.001 -24"><span class='ocrx_word' id='word_1_105' title='bbox 208 1762 284 1818; x_wconf 83' lang='grc' dir='ltr'><strong>Ἦ</strong></span> <span class='ocrx_word' id='word_1_106' title='bbox 316 1768 523 1837; x_wconf 81' lang='grc' dir='ltr'>χρῆσις</span> <span class='ocrx_word' id='word_1_107' title='bbox 554 1768 663 1818; x_wconf 89' lang='grc' dir='ltr'>τῶν</span> <span class='ocrx_word' id='word_1_108' title='bbox 696 1763 1017 1842; x_wconf 79' lang='grc' dir='ltr'>ίμφακτοὺμ</span> <span class='ocrx_word' id='word_1_109' title='bbox 1044 1762 1412 1842; x_wconf 75' lang='grc' dir='ltr'>πολύμλρφος</span> <span class='ocrx_word' id='word_1_110' title='bbox 1446 1762 1726 1839; x_wconf 70' lang='grc' dir='ltr'>τυγχάνεν</span> 
     </span>
    </p>
   </div>
   <div class='ocr_carea' id='block_1_17' title="bbox 210 1848 1585 1929">
    <p class='ocr_par' dir='ltr' id='par_1_17' title="bbox 210 1848 1585 1929">
     <span class='ocr_line' id='line_1_17' title="bbox 210 1848 1585 1929; baseline 0.001 -24"><span class='ocrx_word' id='word_1_111' title='bbox 210 1852 278 1905; x_wconf 82' lang='grc'>’11</span> <span class='ocrx_word' id='word_1_112' title='bbox 312 1848 607 1906; x_wconf 82' lang='grc' dir='ltr'>ἰουδικατι</span> <span class='ocrx_word' id='word_1_113' title='bbox 639 1850 687 1906; x_wconf 87' lang='grc' dir='ltr'>δ’</span> <span class='ocrx_word' id='word_1_114' title='bbox 712 1852 901 1928; x_wconf 85' lang='grc' dir='ltr'>ἀγωγή</span> <span class='ocrx_word' id='word_1_115' title='bbox 937 1858 1124 1926; x_wconf 90' lang='grc' dir='ltr'>μηνῶν</span> <span class='ocrx_word' id='word_1_116' title='bbox 1150 1852 1421 1929; x_wconf 74' lang='grc' dir='ltr'>τεσσάρων</span> <span class='ocrx_word' id='word_1_117' title='bbox 1459 1854 1585 1929; x_wconf 78' lang='grc' dir='ltr'>ὅρον</span> 
     </span>
    </p>
   </div>
   <div class='ocr_carea' id='block_1_18' title="bbox 213 1938 1525 2019">
    <p class='ocr_par' dir='ltr' id='par_1_18' title="bbox 213 1938 1525 2019">
     <span class='ocr_line' id='line_1_18' title="bbox 213 1938 1525 2019; baseline 0.001 -23"><span class='ocrx_word' id='word_1_118' title='bbox 213 1941 368 2015; x_wconf 77' lang='grc' dir='ltr'>Πρὸς</span> <span class='ocrx_word' id='word_1_119' title='bbox 395 1938 688 2012; x_wconf 70' lang='grc' dir='ltr'>καταδίκην</span> <span class='ocrx_word' id='word_1_120' title='bbox 719 1938 881 1998; x_wconf 75' lang='grc' dir='ltr'>ἔλαϐε</span> <span class='ocrx_word' id='word_1_121' title='bbox 910 1943 1055 2019; x_wconf 77' lang='grc' dir='ltr'>παρὰ</span> <span class='ocrx_word' id='word_1_122' title='bbox 1084 1948 1178 1999; x_wconf 70' lang='grc' dir='ltr'>τοῦ</span> <span class='ocrx_word' id='word_1_123' title='bbox 1207 1942 1525 2017; x_wconf 74' lang='grc' dir='ltr'>ναμοθιέτου⁸</span> 
     </span>
    </p>
   </div>
   <div class='ocr_carea' id='block_1_19' title="bbox 208 2026 1313 2108">
    <p class='ocr_par' dir='ltr' id='par_1_19' title="bbox 208 2026 1313 2108">
     <span class='ocr_line' id='line_1_19' title="bbox 208 2026 1313 2108; baseline 0.002 -23"><span class='ocrx_word' id='word_1_124' title='bbox 208 2028 274 2085; x_wconf 81' lang='grc' dir='ltr'><strong>Ἤ</strong></span> <span class='ocrx_word' id='word_1_125' title='bbox 309 2026 374 2084; x_wconf 80' lang='grc' dir='ltr'>δέ</span> <span class='ocrx_word' id='word_1_126' title='bbox 403 2049 466 2104; x_wconf 76' lang='grc' dir='ltr'>γε</span> <span class='ocrx_word' id='word_1_127' title='bbox 491 2030 614 2103; x_wconf 87' lang='grc' dir='ltr'>περὶ</span> <span class='ocrx_word' id='word_1_128' title='bbox 643 2026 849 2106; x_wconf 71' lang='grc' dir='ltr'>ὕϐρεως</span> <span class='ocrx_word' id='word_1_129' title='bbox 871 2032 1065 2108; x_wconf 81' lang='grc' dir='ltr'>ἀγωγὴ</span> <span class='ocrx_word' id='word_1_130' title='bbox 1096 2032 1313 2105; x_wconf 83' lang='grc' dir='ltr'>ἆναλία,</span> 
     </span>
    </p>
   </div>
   <div class='ocr_carea' id='block_1_20' title="bbox 213 2116 1642 2198">
    <p class='ocr_par' dir='ltr' id='par_1_20' title="bbox 213 2116 1642 2198">
     <span class='ocr_line' id='line_1_20' title="bbox 213 2116 1642 2198; baseline 0.003 -25"><span class='ocrx_word' id='word_1_131' title='bbox 213 2117 434 2173; x_wconf 80' lang='grc' dir='ltr'>Γίνεται</span> <span class='ocrx_word' id='word_1_132' title='bbox 466 2116 526 2174; x_wconf 76' lang='grc' dir='ltr'>δὲ</span> <span class='ocrx_word' id='word_1_133' title='bbox 552 2120 645 2174; x_wconf 87' lang='grc' dir='ltr'>καὶ</span> <span class='ocrx_word' id='word_1_134' title='bbox 677 2120 979 2197; x_wconf 80' lang='grc' dir='ltr'>πράγμασι,</span> <span class='ocrx_word' id='word_1_135' title='bbox 1012 2121 1100 2177; x_wconf 78' lang='grc' dir='ltr'>καὶ</span> <span class='ocrx_word' id='word_1_136' title='bbox 1203 2142 1326 2195; x_wconf 88' lang='grc' dir='ltr'>μαςι</span> <span class='ocrx_word' id='word_1_137' title='bbox 1356 2122 1420 2176; x_wconf 87' lang='grc' dir='ltr'>τὸ</span> <span class='ocrx_word' id='word_1_138' title='bbox 1450 2120 1642 2194; x_wconf 86' lang='grc' dir='ltr'>πλέον,</span> 
     </span>
    </p>
   </div>
   <div class='ocr_carea' id='block_1_21' title="bbox 210 2204 1564 2287">
    <p class='ocr_par' dir='ltr' id='par_1_21' title="bbox 210 2204 1564 2287">
     <span class='ocr_line' id='line_1_21' title="bbox 210 2204 1564 2287; baseline 0.003 -25"><span class='ocrx_word' id='word_1_139' title='bbox 210 2204 311 2269; x_wconf 73' lang='grc' dir='ltr'>Εἷς</span> <span class='ocrx_word' id='word_1_140' title='bbox 345 2213 529 2282; x_wconf 87' lang='grc' dir='ltr'>σῶμα,</span> <span class='ocrx_word' id='word_1_141' title='bbox 562 2208 638 2264; x_wconf 72' lang='grc' dir='ltr'>τίς</span> <span class='ocrx_word' id='word_1_142' title='bbox 670 2209 818 2280; x_wconf 77' lang='grc' dir='ltr'>ἀξίαν</span> <span class='ocrx_word' id='word_1_143' title='bbox 848 2232 927 2279; x_wconf 78' lang='grc' dir='ltr'>τι,</span> <span class='ocrx_word' id='word_1_144' title='bbox 958 2212 1095 2287; x_wconf 80' lang='grc' dir='ltr'>πρὸς</span> <span class='ocrx_word' id='word_1_145' title='bbox 1118 2208 1176 2266; x_wconf 68' lang='grc' dir='ltr'>δὲ</span> <span class='ocrx_word' id='word_1_146' title='bbox 1204 2210 1291 2266; x_wconf 80' lang='grc' dir='ltr'>καὶ</span> <span class='ocrx_word' id='word_1_147' title='bbox 1325 2210 1564 2285; x_wconf 82' lang='grc' dir='ltr'>ἀτιμίαν·</span> 
     </span>
    </p>
   </div>
   <div class='ocr_carea' id='block_1_22' title="bbox 217 2295 1868 2376">
    <p class='ocr_par' dir='ltr' id='par_1_22' title="bbox 217 2295 1868 2376">
     <span class='ocr_line' id='line_1_22' title="bbox 217 2295 1868 2376; baseline -0.001 -22"><span class='ocrx_word' id='word_1_148' title='bbox 217 2298 463 2354; x_wconf 78' lang='grc' dir='ltr'>Κινιῖται</span> <span class='ocrx_word' id='word_1_149' title='bbox 491 2295 539 2353; x_wconf 86' lang='grc' dir='ltr'>δ’</span> <span class='ocrx_word' id='word_1_150' title='bbox 568 2298 1016 2373; x_wconf 75' lang='grc' dir='ltr'>ὶγκληματικῶς,</span> <span class='ocrx_word' id='word_1_151' title='bbox 1047 2304 1413 2376; x_wconf 86' lang='grc' dir='ltr'>χρηματικῶς</span> <span class='ocrx_word' id='word_1_152' title='bbox 1462 2296 1530 2369; x_wconf 87' lang='grc' dir='ltr'>δ’,</span> <span class='ocrx_word' id='word_1_153' title='bbox 1576 2298 1626 2354; x_wconf 82' lang='grc' dir='ltr'>εἷ’</span> <span class='ocrx_word' id='word_1_154' title='bbox 1671 2296 1868 2374; x_wconf 74' lang='grc' dir='ltr'>θέλεις,</span> 
     </span>
    </p>
   </div>
   <div class='ocr_carea' id='block_1_23' title="bbox 213 2380 1723 2464">
    <p class='ocr_par' dir='ltr' id='par_1_23' title="bbox 213 2380 1723 2464">
     <span class='ocr_line' id='line_1_23' title="bbox 213 2380 1723 2464; baseline 0.003 -23"><span class='ocrx_word' id='word_1_155' title='bbox 213 2385 318 2441; x_wconf 81' lang='grc' dir='ltr'>Καὶ</span> <span class='ocrx_word' id='word_1_156' title='bbox 345 2380 627 2442; x_wconf 72' lang='grc' dir='ltr'>σϐέννυται</span> <span class='ocrx_word' id='word_1_157' title='bbox 658 2385 988 2463; x_wconf 78' lang='grc' dir='ltr'>παραδρομῇ</span> <span class='ocrx_word' id='word_1_158' title='bbox 1026 2389 1143 2450; x_wconf 76' lang='grc' dir='ltr'>ἑνὸς</span> <span class='ocrx_word' id='word_1_159' title='bbox 1171 2388 1261 2443; x_wconf 86' lang='grc' dir='ltr'>καὶ</span> <span class='ocrx_word' id='word_1_160' title='bbox 1298 2388 1467 2462; x_wconf 83' lang='grc' dir='ltr'>μόνου</span> <span class='ocrx_word' id='word_1_161' title='bbox 1497 2387 1723 2464; x_wconf 87' lang='grc' dir='ltr'>χρόνου.</span> 
     </span>
    </p>
   </div>
   <div class='ocr_carea' id='block_1_24' title="bbox 212 2474 1868 2555">
    <p class='ocr_par' dir='ltr' id='par_1_24' title="bbox 212 2474 1868 2555">
     <span class='ocr_line' id='line_1_24' title="bbox 212 2474 1868 2555; baseline 0.002 -27"><span class='ocrx_word' id='word_1_162' title='bbox 212 2474 304 2537; x_wconf 85' lang='grc' dir='ltr'>Ὧς</span> <span class='ocrx_word' id='word_1_163' title='bbox 336 2479 447 2529; x_wconf 84' lang='grc' dir='ltr'>τῶν</span> <span class='ocrx_word' id='word_1_164' title='bbox 485 2474 537 2529; x_wconf 70' lang='grc' dir='ltr'>ἲν</span> <span class='ocrx_word' id='word_1_165' title='bbox 583 2475 689 2552; x_wconf 76' lang='grc' dir='ltr'>ῥὶμ</span> <span class='ocrx_word' id='word_1_166' title='bbox 738 2480 846 2531; x_wconf 87' lang='grc' dir='ltr'>τῶν</span> <span class='ocrx_word' id='word_1_167' title='bbox 907 2476 1248 2555; x_wconf 76' lang='grc' dir='ltr'>ἱμφακτοὺμ,</span> <span class='ocrx_word' id='word_1_168' title='bbox 1310 2474 1452 2531; x_wconf 76' lang='grc' dir='ltr'>οὕτω</span> <span class='ocrx_word' id='word_1_169' title='bbox 1502 2482 1610 2532; x_wconf 89' lang='grc' dir='ltr'>τῶν</span> <span class='ocrx_word' id='word_1_170' title='bbox 1670 2479 1868 2551; x_wconf 77' lang='grc' dir='ltr'>Ἰντερ-</span> 
     </span>
    </p>
   </div>
   <div class='ocr_carea' id='block_1_25' title="bbox 1553 2564 1798 2639">
    <p class='ocr_par' dir='ltr' id='par_1_25' title="bbox 1553 2564 1798 2639">
     <span class='ocr_line' id='line_1_25' title="bbox 1553 2564 1798 2639; baseline 0 -19"><span class='ocrx_word' id='word_1_171' title='bbox 1553 2564 1798 2639; x_wconf 86' lang='grc' dir='ltr'>[δικτων,</span> 
     </span>
    </p>
   </div>
   <div class='ocr_carea' id='block_1_26' title="bbox 208 2650 1707 2734">
    <p class='ocr_par' dir='ltr' id='par_1_26' title="bbox 208 2650 1707 2734">
     <span class='ocr_line' id='line_1_26' title="bbox 208 2650 1707 2734; baseline 0.002 -26"><span class='ocrx_word' id='word_1_172' title='bbox 208 2653 278 2708; x_wconf 84' lang='grc' dir='ltr'><strong><em>Ἠ</em></strong></span> <span class='ocrx_word' id='word_1_173' title='bbox 307 2659 515 2729; x_wconf 79' lang='grc' dir='ltr'>χρῆσις</span> <span class='ocrx_word' id='word_1_174' title='bbox 547 2650 961 2729; x_wconf 75' lang='grc' dir='ltr'>πολυδῦναμος,</span> <span class='ocrx_word' id='word_1_175' title='bbox 990 2653 1205 2719; x_wconf 75' lang='grc' dir='ltr'>πολλὰς</span> <span class='ocrx_word' id='word_1_176' title='bbox 1236 2651 1437 2734; x_wconf 76' lang='grc' dir='ltr'>ἔχουσα</span> <span class='ocrx_word' id='word_1_177' title='bbox 1461 2655 1707 2727; x_wconf 74' lang='grc' dir='ltr'>κλήσεις.</span> 
     </span>
    </p>
   </div>
   <div class='ocr_carea' id='block_1_27' title="bbox 210 2739 1531 2821">
    <p class='ocr_par' dir='ltr' id='par_1_27' title="bbox 210 2739 1531 2821">
     <span class='ocr_line' id='line_1_27' title="bbox 210 2739 1531 2821; baseline 0.001 -23"><span class='ocrx_word' id='word_1_178' title='bbox 210 2742 368 2798; x_wconf 77' lang='grc' dir='ltr'>Ἐστι</span> <span class='ocrx_word' id='word_1_179' title='bbox 403 2739 462 2796; x_wconf 78' lang='grc' dir='ltr'>δὶ</span> <span class='ocrx_word' id='word_1_180' title='bbox 492 2743 556 2797; x_wconf 85' lang='grc' dir='ltr'>τὸ</span> <span class='ocrx_word' id='word_1_181' title='bbox 589 2740 941 2819; x_wconf 79' lang='grc' dir='ltr'>ίντέρδικτον,</span> <span class='ocrx_word' id='word_1_182' title='bbox 973 2744 1285 2821; x_wconf 88' lang='grc' dir='ltr'>πραίτωρος</span> <span class='ocrx_word' id='word_1_183' title='bbox 1314 2744 1531 2819; x_wconf 75' lang='grc' dir='ltr'>ὁμίλια,</span> 
     </span>
    </p>
   </div>
   <div class='ocr_carea' id='block_1_28' title="bbox 210 2827 1584 2911">
    <p class='ocr_par' dir='ltr' id='par_1_28' title="bbox 210 2827 1584 2911">
     <span class='ocr_line' id='line_1_28' title="bbox 210 2827 1584 2911; baseline 0 -23"><span class='ocrx_word' id='word_1_184' title='bbox 210 2830 293 2888; x_wconf 77' lang='grc' dir='ltr'>Οὐ</span> <span class='ocrx_word' id='word_1_185' title='bbox 323 2832 512 2905; x_wconf 87' lang='grc' dir='ltr'>τέμνει</span> <span class='ocrx_word' id='word_1_186' title='bbox 545 2827 603 2886; x_wconf 72' lang='grc' dir='ltr'>δὲ</span> <span class='ocrx_word' id='word_1_187' title='bbox 636 2832 909 2903; x_wconf 78' lang='grc' dir='ltr'>ὑπόθεσιν,</span> <span class='ocrx_word' id='word_1_188' title='bbox 938 2831 1084 2890; x_wconf 78' lang='grc' dir='ltr'>ἀλλὰ</span> <span class='ocrx_word' id='word_1_189' title='bbox 1116 2834 1361 2911; x_wconf 73' lang='grc' dir='ltr'>ῥυθμίζει</span> <span class='ocrx_word' id='word_1_190' title='bbox 1400 2836 1584 2909; x_wconf 88' lang='grc' dir='ltr'>μόνον,</span> 
     </span>
    </p>
   </div>
   <div class='ocr_carea' id='block_1_29' title="bbox 213 2919 1869 2998">
    <p class='ocr_par' dir='ltr' id='par_1_29' title="bbox 213 2919 1869 2998">
     <span class='ocr_line' id='line_1_29' title="bbox 213 2919 1869 2998; baseline 0.001 -24"><span class='ocrx_word' id='word_1_191' title='bbox 213 2924 343 2982; x_wconf 80' lang='grc' dir='ltr'>Πῶς</span> <span class='ocrx_word' id='word_1_192' title='bbox 376 2922 493 2997; x_wconf 80' lang='grc' dir='ltr'>χρή</span> <span class='ocrx_word' id='word_1_193' title='bbox 529 2922 620 2976; x_wconf 84' lang='grc' dir='ltr'>τὸν</span> <span class='ocrx_word' id='word_1_194' title='bbox 673 2919 928 2992; x_wconf 71' lang='grc' dir='ltr'>δικαστὴν</span> <span class='ocrx_word' id='word_1_195' title='bbox 980 2929 1163 2998; x_wconf 74' lang='grc' dir='ltr'>τεμεῖν</span> <span class='ocrx_word' id='word_1_196' title='bbox 1204 2926 1302 2995; x_wconf 79' lang='grc' dir='ltr'>τὴν</span> <span class='ocrx_word' id='word_1_197' title='bbox 1332 2924 1658 2998; x_wconf 72' lang='grc' dir='ltr'>κινουμένην</span> <span class='ocrx_word' id='word_1_198' title='bbox 1692 2920 1869 2995; x_wconf 87' lang='grc' dir='ltr'>δίκην,</span> 
     </span>
    </p>
   </div>
   <div class='ocr_carea' id='block_1_30' title="bbox 215 3005 1573 3090">
    <p class='ocr_par' dir='ltr' id='par_1_30' title="bbox 215 3005 1573 3090">
     <span class='ocr_line' id='line_1_30' title="bbox 215 3005 1573 3090; baseline 0.003 -24"><span class='ocrx_word' id='word_1_199' title='bbox 215 3006 282 3066; x_wconf 67' lang='lat' dir='ltr'>Ri</span> <span class='ocrx_word' id='word_1_200' title='bbox 308 3030 453 3073; x_wconf 76' lang='grc' dir='ltr'>τινες</span> <span class='ocrx_word' id='word_1_201' title='bbox 485 3005 901 3089; x_wconf 77' lang='grc' dir='ltr'>ἆμφιϐάλλουσι</span> <span class='ocrx_word' id='word_1_202' title='bbox 929 3012 1052 3090; x_wconf 81' lang='grc' dir='ltr'>περὶ</span> <span class='ocrx_word' id='word_1_203' title='bbox 1079 3020 1256 3088; x_wconf 82' lang='grc' dir='ltr'>νομῆς</span> <span class='ocrx_word' id='word_1_204' title='bbox 1279 3012 1573 3085; x_wconf 73' lang='grc' dir='ltr'>ἀλλήλοις.</span> 
     </span>
    </p>
   </div>
   <div class='ocr_carea' id='block_1_31' title="bbox 211 3099 1871 3180">
    <p class='ocr_par' dir='ltr' id='par_1_31' title="bbox 211 3099 1871 3180">
     <span class='ocr_line' id='line_1_31' title="bbox 211 3099 1871 3180; baseline 0.001 -24"><span class='ocrx_word' id='word_1_205' title='bbox 211 3099 309 3156; x_wconf 70' lang='grc' dir='ltr'>Καὶ</span> <span class='ocrx_word' id='word_1_206' title='bbox 338 3101 546 3177; x_wconf 72' lang='grc' dir='ltr'>φυσική</span> <span class='ocrx_word' id='word_1_207' title='bbox 577 3100 673 3174; x_wconf 84' lang='grc' dir='ltr'>μέν</span> <span class='ocrx_word' id='word_1_208' title='bbox 732 3122 815 3165; x_wconf 92' lang='grc' dir='ltr'>τις</span> <span class='ocrx_word' id='word_1_209' title='bbox 872 3103 1031 3177; x_wconf 72' lang='grc' dir='ltr'>νομὴ</span> <span class='ocrx_word' id='word_1_210' title='bbox 1080 3105 1296 3179; x_wconf 81' lang='grc' dir='ltr'>κατοχὴ</span> <span class='ocrx_word' id='word_1_211' title='bbox 1352 3108 1461 3159; x_wconf 89' lang='grc' dir='ltr'>τῶν</span> <span class='ocrx_word' id='word_1_212' title='bbox 1514 3103 1871 3180; x_wconf 79' lang='grc' dir='ltr'>πραγμάτων,</span> 
     </span>
    </p>
   </div>
   <div class='ocr_carea' id='block_1_32' title="bbox 1590 383 2301 446">
    <p class='ocr_par' dir='ltr' id='par_1_32' title="bbox 1590 383 2301 446">
     <span class='ocr_line' id='line_1_32' title="bbox 1590 383 2301 446; baseline -0.004 0"><span class='ocrx_word' id='word_1_213' title='bbox 1590 383 1965 446; x_wconf 85' lang='lat' dir='ltr'>SYNOPSIS</span> <span class='ocrx_word' id='word_1_214' title='bbox 2007 383 2301 445; x_wconf 83' lang='lat' dir='ltr'>LEGUM.</span> 
     </span>
    </p>
   </div>
   <div class='ocr_carea' id='block_1_33' title="bbox 3529 394 3650 453">
    <p class='ocr_par' dir='ltr' id='par_1_33' title="bbox 3529 394 3650 453">
     <span class='ocr_line' id='line_1_33' title="bbox 3529 394 3650 453; baseline -0.017 0"><span class='ocrx_word' id='word_1_215' title='bbox 3529 394 3650 453; x_wconf 72' lang='lat'>946</span> 
     </span>
    </p>
   </div>
   <div class='ocr_carea' id='block_1_34' title="bbox 1906 511 3286 590">
    <p class='ocr_par' dir='ltr' id='par_1_34' title="bbox 1906 511 3286 590">
     <span class='ocr_line' id='line_1_34' title="bbox 1906 511 3286 590; baseline 0.004 -23"><span class='ocrx_word' id='word_1_216' title='bbox 1906 518 1958 585; x_wconf 77' lang='grc' dir='ltr'>Α</span> <span class='ocrx_word' id='word_1_217' title='bbox 1992 515 2056 571; x_wconf 88' lang='grc' dir='ltr'><strong><em>Ἥ</em></strong></span> <span class='ocrx_word' id='word_1_218' title='bbox 2089 511 2137 567; x_wconf 80' lang='grc' dir='ltr'>δ’</span> <span class='ocrx_word' id='word_1_219' title='bbox 2166 511 2360 568; x_wconf 80' lang='grc' dir='ltr'>ὡσανεὶ</span> <span class='ocrx_word' id='word_1_220' title='bbox 2391 514 2538 586; x_wconf 80' lang='grc' dir='ltr'>νομὴ</span> <span class='ocrx_word' id='word_1_221' title='bbox 2570 521 2775 590; x_wconf 83' lang='grc' dir='ltr'>χρῆσις</span> <span class='ocrx_word' id='word_1_222' title='bbox 2808 513 2934 571; x_wconf 84' lang='grc' dir='ltr'>ἀλλ’</span> <span class='ocrx_word' id='word_1_223' title='bbox 2964 515 3286 590; x_wconf 78' lang='grc' dir='ltr'>ἀσωμάτων.</span> 
     </span>
    </p>
   </div>
   <div class='ocr_carea' id='block_1_35' title="bbox 1987 600 3644 682">
    <p class='ocr_par' dir='ltr' id='par_1_35' title="bbox 1987 600 3644 682">
     <span class='ocr_line' id='line_1_35' title="bbox 1987 600 3644 682; baseline 0.003 -21"><span class='ocrx_word' id='word_1_224' title='bbox 1987 606 2111 661; x_wconf 90' lang='grc' dir='ltr'>Τῶν</span> <span class='ocrx_word' id='word_1_225' title='bbox 2145 601 2191 657; x_wconf 83' lang='grc' dir='ltr'>δ’</span> <span class='ocrx_word' id='word_1_226' title='bbox 2225 600 2568 679; x_wconf 78' lang='grc' dir='ltr'>ἰντιρδίκτων</span> <span class='ocrx_word' id='word_1_227' title='bbox 2601 606 2805 682; x_wconf 79' lang='grc' dir='ltr'>πέφυκε</span> <span class='ocrx_word' id='word_1_228' title='bbox 2834 606 2903 660; x_wconf 82' lang='grc' dir='ltr'>τὰ</span> <span class='ocrx_word' id='word_1_229' title='bbox 2936 606 3029 679; x_wconf 71' lang='grc' dir='ltr'>μὶν</span> <span class='ocrx_word' id='word_1_230' title='bbox 3076 607 3215 681; x_wconf 86' lang='grc' dir='ltr'>πρὸς</span> <span class='ocrx_word' id='word_1_231' title='bbox 3259 609 3644 682; x_wconf 74' lang='grc' dir='ltr'>παραστάσεις,</span> 
     </span>
    </p>
   </div>
   <div class='ocr_carea' id='block_1_36' title="bbox 1987 690 3384 767">
    <p class='ocr_par' dir='ltr' id='par_1_36' title="bbox 1987 690 3384 767">
     <span class='ocr_line' id='line_1_36' title="bbox 1987 690 3384 767; baseline 0.002 -19"><span class='ocrx_word' id='word_1_232' title='bbox 1987 692 2063 748; x_wconf 82' lang='grc' dir='ltr'>Τὰ</span> <span class='ocrx_word' id='word_1_233' title='bbox 2092 690 2138 747; x_wconf 84' lang='grc' dir='ltr'>δ’</span> <span class='ocrx_word' id='word_1_234' title='bbox 2169 692 2246 747; x_wconf 77' lang='grc' dir='ltr'>εἰς</span> <span class='ocrx_word' id='word_1_235' title='bbox 2281 693 2731 763; x_wconf 78' lang='grc' dir='ltr'>ὁποκατάστασιν,</span> <span class='ocrx_word' id='word_1_236' title='bbox 2762 694 2828 748; x_wconf 82' lang='grc' dir='ltr'>τὰ</span> <span class='ocrx_word' id='word_1_237' title='bbox 2859 691 2917 749; x_wconf 73' lang='grc' dir='ltr'>δὲ</span> <span class='ocrx_word' id='word_1_238' title='bbox 2943 692 3215 750; x_wconf 83' lang='grc' dir='ltr'>πολυτικά</span> <span class='ocrx_word' id='word_1_239' title='bbox 3245 717 3384 767; x_wconf 88' lang='grc' dir='ltr'>πως,</span> 
     </span>
    </p>
   </div>
   <div class='ocr_carea' id='block_1_37' title="bbox 1988 778 3135 858">
    <p class='ocr_par' dir='ltr' id='par_1_37' title="bbox 1988 778 3135 858">
     <span class='ocr_line' id='line_1_37' title="bbox 1988 778 3135 858; baseline 0.002 -22"><span class='ocrx_word' id='word_1_240' title='bbox 1988 782 2066 841; x_wconf 77' lang='grc' dir='ltr'>Τὰ</span> <span class='ocrx_word' id='word_1_241' title='bbox 2102 781 2195 855; x_wconf 83' lang='grc' dir='ltr'>μέν</span> <span class='ocrx_word' id='word_1_242' title='bbox 2226 781 2331 835; x_wconf 70' lang='grc' dir='ltr'>τίσι</span> <span class='ocrx_word' id='word_1_243' title='bbox 2362 778 2606 854; x_wconf 82' lang='grc' dir='ltr'>διηνεκῆ,</span> <span class='ocrx_word' id='word_1_244' title='bbox 2638 783 2703 837; x_wconf 81' lang='grc' dir='ltr'>τὰ</span> <span class='ocrx_word' id='word_1_245' title='bbox 2739 780 2785 837; x_wconf 85' lang='grc' dir='ltr'>δ’</span> <span class='ocrx_word' id='word_1_246' title='bbox 2817 783 3135 858; x_wconf 75' lang='grc' dir='ltr'>ένιαυσιαῖα,</span> 
     </span>
    </p>
   </div>
   <div class='ocr_carea' id='block_1_38' title="bbox 1986 865 3289 948">
    <p class='ocr_par' dir='ltr' id='par_1_38' title="bbox 1986 865 3289 948">
     <span class='ocr_line' id='line_1_38' title="bbox 1986 865 3289 948; baseline 0.004 -25"><span class='ocrx_word' id='word_1_247' title='bbox 1986 869 2062 923; x_wconf 79' lang='grc' dir='ltr'>Τὰ</span> <span class='ocrx_word' id='word_1_248' title='bbox 2093 868 2187 942; x_wconf 88' lang='grc' dir='ltr'>μέν</span> <span class='ocrx_word' id='word_1_249' title='bbox 2220 867 2324 924; x_wconf 76' lang='grc' dir='ltr'>εἱσι</span> <span class='ocrx_word' id='word_1_250' title='bbox 2357 865 2652 941; x_wconf 81' lang='grc' dir='ltr'>δημοτικὰ,</span> <span class='ocrx_word' id='word_1_251' title='bbox 2682 870 2750 923; x_wconf 78' lang='grc' dir='ltr'>τὰ</span> <span class='ocrx_word' id='word_1_252' title='bbox 2781 866 2839 925; x_wconf 77' lang='grc' dir='ltr'>δὲ</span> <span class='ocrx_word' id='word_1_253' title='bbox 2867 873 3008 925; x_wconf 87' lang='grc' dir='ltr'>τισὶν</span> <span class='ocrx_word' id='word_1_254' title='bbox 3041 873 3289 948; x_wconf 81' lang='grc' dir='ltr'>ἁρμόζει.</span> 
     </span>
    </p>
   </div>
   <div class='ocr_carea' id='block_1_39' title="bbox 1989 955 3532 1039">
    <p class='ocr_par' dir='ltr' id='par_1_39' title="bbox 1989 955 3532 1039">
     <span class='ocr_line' id='line_1_39' title="bbox 1989 955 3532 1039; baseline 0.005 -27"><span class='ocrx_word' id='word_1_255' title='bbox 1989 955 2342 1029; x_wconf 76' lang='grc' dir='ltr'>ἰντέρδικτον</span> <span class='ocrx_word' id='word_1_256' title='bbox 2372 958 2435 1012; x_wconf 89' lang='grc' dir='ltr'>τὸ</span> <span class='ocrx_word' id='word_1_257' title='bbox 2466 955 2623 1013; x_wconf 80' lang='grc' dir='ltr'>οὗνόε</span> <span class='ocrx_word' id='word_1_258' title='bbox 2658 960 2734 1033; x_wconf 89' lang='grc' dir='ltr'>βι,</span> <span class='ocrx_word' id='word_1_259' title='bbox 2767 960 2873 1034; x_wconf 83' lang='grc' dir='ltr'>πρὸ</span> <span class='ocrx_word' id='word_1_260' title='bbox 2906 958 2963 1014; x_wconf 74' lang='grc' dir='ltr'>δὲ</span> <span class='ocrx_word' id='word_1_261' title='bbox 2985 962 3075 1015; x_wconf 86' lang='grc' dir='ltr'>καὶ</span> <span class='ocrx_word' id='word_1_262' title='bbox 3104 962 3165 1015; x_wconf 84' lang='grc' dir='ltr'>τὸ</span> <span class='ocrx_word' id='word_1_263' title='bbox 3189 958 3532 1039; x_wconf 75' lang='grc' dir='ltr'>αἶ’δορέόους,</span> 
     </span>
    </p>
   </div>
   <div class='ocr_carea' id='block_1_40' title="bbox 1986 1044 3568 1127">
    <p class='ocr_par' dir='ltr' id='par_1_40' title="bbox 1986 1044 3568 1127">
     <span class='ocr_line' id='line_1_40' title="bbox 1986 1044 3568 1127; baseline 0.003 -22"><span class='ocrx_word' id='word_1_264' title='bbox 1986 1044 2338 1121; x_wconf 84' lang='grc' dir='ltr'>Ἰντέρδικτον</span> <span class='ocrx_word' id='word_1_265' title='bbox 2371 1047 2433 1101; x_wconf 86' lang='grc' dir='ltr'>τὸ</span> <span class='ocrx_word' id='word_1_266' title='bbox 2463 1044 2627 1102; x_wconf 87' lang='grc' dir='ltr'>κουοδ</span> <span class='ocrx_word' id='word_1_267' title='bbox 2662 1048 2741 1123; x_wconf 86' lang='grc' dir='ltr'>βι,</span> <span class='ocrx_word' id='word_1_268' title='bbox 2775 1069 2905 1104; x_wconf 90' lang='grc' dir='ltr'>αουτ</span> <span class='ocrx_word' id='word_1_269' title='bbox 2935 1048 3107 1123; x_wconf 84' lang='grc' dir='ltr'>κλαμ,</span> <span class='ocrx_word' id='word_1_270' title='bbox 3149 1051 3568 1127; x_wconf 70' lang='grc' dir='ltr'>ὠνομασμένον,</span> 
     </span>
    </p>
   </div>
   <div class='ocr_carea' id='block_1_41' title="bbox 1983 1135 3216 1216">
    <p class='ocr_par' dir='ltr' id='par_1_41' title="bbox 1983 1135 3216 1216">
     <span class='ocr_line' id='line_1_41' title="bbox 1983 1135 3216 1216; baseline 0.001 -22"><span class='ocrx_word' id='word_1_271' title='bbox 1983 1138 2158 1213; x_wconf 78' lang='grc' dir='ltr'>’Όπιρ</span> <span class='ocrx_word' id='word_1_272' title='bbox 2191 1135 2607 1215; x_wconf 79' lang='grc' dir='ltr'>ὲφερμηνεύεται</span> <span class='ocrx_word' id='word_1_273' title='bbox 2633 1138 2694 1191; x_wconf 90' lang='grc' dir='ltr'>τὸ</span> <span class='ocrx_word' id='word_1_274' title='bbox 2739 1137 2832 1212; x_wconf 81' lang='grc' dir='ltr'>βίᾳ</span> <span class='ocrx_word' id='word_1_275' title='bbox 2859 1136 2894 1207; x_wconf 75' lang='grc' dir='ltr'>ἢ</span> <span class='ocrx_word' id='word_1_276' title='bbox 2923 1140 2985 1193; x_wconf 90' lang='grc' dir='ltr'>τὸ</span> <span class='ocrx_word' id='word_1_277' title='bbox 3018 1138 3216 1216; x_wconf 86' lang='grc' dir='ltr'>λάθρα.</span> 
     </span>
    </p>
   </div>
   <div class='ocr_carea' id='block_1_42' title="bbox 1985 1222 3384 1306">
    <p class='ocr_par' dir='ltr' id='par_1_42' title="bbox 1985 1222 3384 1306">
     <span class='ocr_line' id='line_1_42' title="bbox 1985 1222 3384 1306; baseline 0.004 -27"><span class='ocrx_word' id='word_1_278' title='bbox 1985 1226 2087 1285; x_wconf 80' lang='grc' dir='ltr'>Καὶ</span> <span class='ocrx_word' id='word_1_279' title='bbox 2122 1226 2198 1300; x_wconf 79' lang='grc' dir='ltr'>μὴ</span> <span class='ocrx_word' id='word_1_280' title='bbox 2232 1226 2481 1300; x_wconf 77' lang='grc' dir='ltr'>μηκύνω,</span> <span class='ocrx_word' id='word_1_281' title='bbox 2516 1222 2774 1297; x_wconf 75' lang='grc' dir='ltr'>δέσποτα,</span> <span class='ocrx_word' id='word_1_282' title='bbox 2807 1226 3048 1301; x_wconf 86' lang='grc' dir='ltr'>ὀνόματα</span> <span class='ocrx_word' id='word_1_283' title='bbox 3079 1229 3384 1306; x_wconf 87' lang='grc' dir='ltr'>συλλεγων,</span> 
     </span>
    </p>
   </div>
   <div class='ocr_carea' id='block_1_43' title="bbox 1983 1314 3432 1395">
    <p class='ocr_par' dir='ltr' id='par_1_43' title="bbox 1983 1314 3432 1395">
     <span class='ocr_line' id='line_1_43' title="bbox 1983 1314 3432 1395; baseline 0.003 -25"><span class='ocrx_word' id='word_1_284' title='bbox 1983 1314 2302 1377; x_wconf 82' lang='grc' dir='ltr'>Καθολικῶς</span> <span class='ocrx_word' id='word_1_285' title='bbox 2335 1314 2503 1369; x_wconf 74' lang='grc' dir='ltr'>εἰπεῖν</span> <span class='ocrx_word' id='word_1_286' title='bbox 2534 1315 2624 1369; x_wconf 83' lang='grc' dir='ltr'>καὶ</span> <span class='ocrx_word' id='word_1_287' title='bbox 2653 1317 2757 1391; x_wconf 74' lang='grc' dir='ltr'>γὰρ</span> <span class='ocrx_word' id='word_1_288' title='bbox 2792 1314 3121 1393; x_wconf 79' lang='grc' dir='ltr'>ίντέρδικτον</span> <span class='ocrx_word' id='word_1_289' title='bbox 3152 1320 3432 1395; x_wconf 80' lang='grc' dir='ltr'>τυγχάνει,</span> 
     </span>
    </p>
   </div>
   <div class='ocr_carea' id='block_1_44' title="bbox 1979 1401 3489 1485">
    <p class='ocr_par' dir='ltr' id='par_1_44' title="bbox 1979 1401 3489 1485">
     <span class='ocr_line' id='line_1_44' title="bbox 1979 1401 3489 1485; baseline 0.006 -28"><span class='ocrx_word' id='word_1_290' title='bbox 1979 1404 2340 1479; x_wconf 84' lang='grc' dir='ltr'>Ῥυθμίζουσα</span> <span class='ocrx_word' id='word_1_291' title='bbox 2367 1404 2459 1459; x_wconf 83' lang='grc' dir='ltr'>τὸν</span> <span class='ocrx_word' id='word_1_292' title='bbox 2488 1401 2745 1475; x_wconf 72' lang='grc' dir='ltr'>δικαστὴν</span> <span class='ocrx_word' id='word_1_293' title='bbox 2772 1406 2906 1480; x_wconf 79' lang='grc' dir='ltr'>πρὸς</span> <span class='ocrx_word' id='word_1_294' title='bbox 2941 1404 3098 1478; x_wconf 81' lang='grc' dir='ltr'>δίκης</span> <span class='ocrx_word' id='word_1_295' title='bbox 3134 1408 3355 1481; x_wconf 85' lang='grc' dir='ltr'>ὁμιλίας</span> 
     </span>
    </p>
   </div>
   <div class='ocr_carea' id='block_1_45' title="bbox 1983 1490 3384 1575">
    <p class='ocr_par' dir='ltr' id='par_1_45' title="bbox 1983 1490 3384 1575">
     <span class='ocr_line' id='line_1_45' title="bbox 1983 1490 3384 1575; baseline 0.004 -26"><span class='ocrx_word' id='word_1_296' title='bbox 1983 1493 2081 1549; x_wconf 85' lang='grc' dir='ltr'>Καὶ</span> <span class='ocrx_word' id='word_1_297' title='bbox 2114 1491 2262 1550; x_wconf 78' lang='grc' dir='ltr'>ἄλλα</span> <span class='ocrx_word' id='word_1_298' title='bbox 2290 1495 2406 1548; x_wconf 89' lang='grc' dir='ltr'>κατ’</span> <span class='ocrx_word' id='word_1_299' title='bbox 2438 1490 2745 1569; x_wconf 67' lang='grc' dir='ltr'>ἐπιδρομὴν</span> <span class='ocrx_word' id='word_1_300' title='bbox 2780 1495 2922 1550; x_wconf 68' lang='grc' dir='ltr'>οὕτω</span> <span class='ocrx_word' id='word_1_301' title='bbox 2956 1493 3012 1551; x_wconf 84' lang='grc' dir='ltr'>δέ</span> <span class='ocrx_word' id='word_1_302' title='bbox 3052 1517 3135 1551; x_wconf 89' lang='grc' dir='ltr'>σοι</span> <span class='ocrx_word' id='word_1_303' title='bbox 3169 1496 3384 1575; x_wconf 78' lang='grc' dir='ltr'>ῥητέον.</span> 
     </span>
    </p>
   </div>
   <div class='ocr_carea' id='block_1_46' title="bbox 1978 1582 3294 1662">
    <p class='ocr_par' dir='ltr' id='par_1_46' title="bbox 1978 1582 3294 1662">
     <span class='ocr_line' id='line_1_46' title="bbox 1978 1582 3294 1662; baseline 0.002 -23"><span class='ocrx_word' id='word_1_304' title='bbox 1978 1588 2299 1651; x_wconf 82' lang='grc' dir='ltr'>Κονουκτιο,</span> <span class='ocrx_word' id='word_1_305' title='bbox 2325 1586 2358 1654; x_wconf 82' lang='grc' dir='ltr'>ἠ</span> <span class='ocrx_word' id='word_1_306' title='bbox 2397 1582 2683 1656; x_wconf 84' lang='grc' dir='ltr'>μίσθωσις,</span> <span class='ocrx_word' id='word_1_307' title='bbox 2717 1592 2941 1654; x_wconf 79' lang='grc' dir='ltr'>Λοκατι,</span> <span class='ocrx_word' id='word_1_308' title='bbox 2971 1587 3160 1662; x_wconf 77' lang='grc' dir='ltr'>ἀγωγή</span> <span class='ocrx_word' id='word_1_309' title='bbox 3187 1608 3294 1655; x_wconf 89' lang='grc' dir='ltr'>τις,</span> 
     </span>
    </p>
   </div>
   <div class='ocr_carea' id='block_1_47' title="bbox 1980 1670 3382 1751">
    <p class='ocr_par' dir='ltr' id='par_1_47' title="bbox 1980 1670 3382 1751">
     <span class='ocr_line' id='line_1_47' title="bbox 1980 1670 3382 1751; baseline 0 -21"><span class='ocrx_word' id='word_1_310' title='bbox 1980 1674 2052 1730; x_wconf 89' lang='grc' dir='ltr'>Ἥ</span> <span class='ocrx_word' id='word_1_311' title='bbox 2083 1693 2165 1734; x_wconf 88' lang='grc' dir='ltr'>τις</span> <span class='ocrx_word' id='word_1_312' title='bbox 2196 1673 2444 1747; x_wconf 77' lang='grc' dir='ltr'>ἁρμόζει,</span> <span class='ocrx_word' id='word_1_313' title='bbox 2473 1670 2725 1746; x_wconf 82' lang='grc' dir='ltr'>δέσποτα,</span> <span class='ocrx_word' id='word_1_314' title='bbox 2759 1678 2836 1747; x_wconf 81' lang='grc' dir='ltr'>τῷ</span> <span class='ocrx_word' id='word_1_315' title='bbox 2864 1696 2925 1750; x_wconf 88' lang='grc' dir='ltr'>γε</span> <span class='ocrx_word' id='word_1_316' title='bbox 2962 1676 3382 1751; x_wconf 82' lang='grc' dir='ltr'>μισθωσαμένῳ,</span> 
     </span>
    </p>
   </div>
   <div class='ocr_carea' id='block_1_48' title="bbox 1981 1761 3464 1842">
    <p class='ocr_par' dir='ltr' id='par_1_48' title="bbox 1981 1761 3464 1842">
     <span class='ocr_line' id='line_1_48' title="bbox 1981 1761 3464 1842; baseline 0.004 -25"><span class='ocrx_word' id='word_1_317' title='bbox 1981 1763 2128 1817; x_wconf 82' lang='grc' dir='ltr'>Κατὰ</span> <span class='ocrx_word' id='word_1_318' title='bbox 2146 1765 2243 1816; x_wconf 75' lang='grc' dir='ltr'>τοῦ</span> <span class='ocrx_word' id='word_1_319' title='bbox 2276 1761 2730 1835; x_wconf 76' lang='grc' dir='ltr'>ἐκμισθώσαντος,</span> <span class='ocrx_word' id='word_1_320' title='bbox 2761 1761 2856 1818; x_wconf 77' lang='grc' dir='ltr'>τοῦ</span> <span class='ocrx_word' id='word_1_321' title='bbox 2887 1765 3252 1837; x_wconf 83' lang='grc' dir='ltr'>μισθωθέντος</span> <span class='ocrx_word' id='word_1_322' title='bbox 3282 1768 3464 1842; x_wconf 81' lang='grc' dir='ltr'>χάριν.</span> 
     </span>
    </p>
   </div>
   <div class='ocr_carea' id='block_1_49' title="bbox 1985 1847 3366 1927">
    <p class='ocr_par' dir='ltr' id='par_1_49' title="bbox 1985 1847 3366 1927">
     <span class='ocr_line' id='line_1_49' title="bbox 1985 1847 3366 1927; baseline 0.001 -19"><span class='ocrx_word' id='word_1_323' title='bbox 1985 1849 2253 1922; x_wconf 86' lang='grc' dir='ltr'>Μανδατι,</span> <span class='ocrx_word' id='word_1_324' title='bbox 2286 1850 2411 1927; x_wconf 80' lang='grc' dir='ltr'>περὶ</span> <span class='ocrx_word' id='word_1_325' title='bbox 2444 1850 2694 1921; x_wconf 65' lang='grc' dir='ltr'>ἐντολῆς,</span> <span class='ocrx_word' id='word_1_326' title='bbox 2729 1847 2840 1908; x_wconf 77' lang='grc' dir='ltr'>ἔστι</span> <span class='ocrx_word' id='word_1_327' title='bbox 2872 1851 2930 1908; x_wconf 68' lang='grc' dir='ltr'>δὲ</span> <span class='ocrx_word' id='word_1_328' title='bbox 2958 1861 3056 1923; x_wconf 74' lang='grc' dir='ltr'>τῆς</span> <span class='ocrx_word' id='word_1_329' title='bbox 3088 1856 3366 1927; x_wconf 88' lang='grc' dir='ltr'>κονσένσο,</span> 
     </span>
    </p>
   </div>
   <div class='ocr_carea' id='block_1_50' title="bbox 1977 1938 3443 2021">
    <p class='ocr_par' dir='ltr' id='par_1_50' title="bbox 1977 1938 3443 2021">
     <span class='ocr_line' id='line_1_50' title="bbox 1977 1938 3443 2021; baseline 0.001 -23"><span class='ocrx_word' id='word_1_330' title='bbox 1977 1941 2041 1998; x_wconf 82' lang='grc' dir='ltr'><strong><em>Ἠ</em></strong></span> <span class='ocrx_word' id='word_1_331' title='bbox 2070 1946 2277 2002; x_wconf 79' lang='grc' dir='ltr'>Μιτους</span> <span class='ocrx_word' id='word_1_332' title='bbox 2308 1962 2498 2012; x_wconf 84' lang='grc' dir='ltr'>καυσα,</span> <span class='ocrx_word' id='word_1_333' title='bbox 2530 1942 2787 2016; x_wconf 84' lang='grc' dir='ltr'>πρόσεστι</span> <span class='ocrx_word' id='word_1_334' title='bbox 2814 1948 2897 2016; x_wconf 81' lang='grc' dir='ltr'>τῷ</span> <span class='ocrx_word' id='word_1_335' title='bbox 2925 1938 3080 2021; x_wconf 76' lang='grc' dir='ltr'>φόϐῳ</span> <span class='ocrx_word' id='word_1_336' title='bbox 3112 1941 3443 2015; x_wconf 79' lang='grc' dir='ltr'>δυναστείας,</span> 
     </span>
    </p>
   </div>
   <div class='ocr_carea' id='block_1_51' title="bbox 1976 2026 3409 2111">
    <p class='ocr_par' dir='ltr' id='par_1_51' title="bbox 1976 2026 3409 2111">
     <span class='ocr_line' id='line_1_51' title="bbox 1976 2026 3409 2111; baseline 0.006 -29"><span class='ocrx_word' id='word_1_337' title='bbox 1976 2030 2047 2087; x_wconf 82' lang='grc' dir='ltr'>Ἤ</span> <span class='ocrx_word' id='word_1_338' title='bbox 2080 2026 2223 2084; x_wconf 84' lang='grc' dir='ltr'>δόντι</span> <span class='ocrx_word' id='word_1_339' title='bbox 2259 2035 2483 2105; x_wconf 77' lang='grc' dir='ltr'>πρᾶγμα</span> <span class='ocrx_word' id='word_1_340' title='bbox 2512 2035 2621 2084; x_wconf 89' lang='grc' dir='ltr'>τῶν</span> <span class='ocrx_word' id='word_1_341' title='bbox 2653 2031 2839 2100; x_wconf 77' lang='grc' dir='ltr'>αὐτοῦ,</span> <span class='ocrx_word' id='word_1_342' title='bbox 2943 2034 3107 2108; x_wconf 76' lang='grc' dir='ltr'>χρέος</span> <span class='ocrx_word' id='word_1_343' title='bbox 3140 2034 3409 2111; x_wconf 76' lang='grc' dir='ltr'>ἀφιικότι,</span> 
     </span>
    </p>
   </div>
   <div class='ocr_carea' id='block_1_52' title="bbox 1978 2115 3257 2195">
    <p class='ocr_par' dir='ltr' id='par_1_52' title="bbox 1978 2115 3257 2195">
     <span class='ocr_line' id='line_1_52' title="bbox 1978 2115 3257 2195; baseline 0.005 -23"><span class='ocrx_word' id='word_1_344' title='bbox 1978 2116 2319 2194; x_wconf 87' lang='grc' dir='ltr'>Περσοναλία</span> <span class='ocrx_word' id='word_1_345' title='bbox 2349 2115 2405 2172; x_wconf 75' lang='grc' dir='ltr'>δέ</span> <span class='ocrx_word' id='word_1_346' title='bbox 2435 2117 2542 2173; x_wconf 81' lang='grc' dir='ltr'>ἐστι</span> <span class='ocrx_word' id='word_1_347' title='bbox 2574 2120 2660 2174; x_wconf 74' lang='grc' dir='ltr'>καὶ</span> <span class='ocrx_word' id='word_1_348' title='bbox 2698 2120 2882 2195; x_wconf 79' lang='grc' dir='ltr'>χρόνῳ</span> <span class='ocrx_word' id='word_1_349' title='bbox 2911 2126 3257 2194; x_wconf 75' lang='grc' dir='ltr'>περατοῦται.</span> 
     </span>
    </p>
   </div>
   <div class='ocr_carea' id='block_1_53' title="bbox 1977 2204 3265 2282">
    <p class='ocr_par' dir='ltr' id='par_1_53' title="bbox 1977 2204 3265 2282">
     <span class='ocr_line' id='line_1_53' title="bbox 1977 2204 3265 2282; baseline 0 -16"><span class='ocrx_word' id='word_1_350' title='bbox 1977 2209 2039 2266; x_wconf 80' lang='grc' dir='ltr'><strong>Ὀ</strong></span> <span class='ocrx_word' id='word_1_351' title='bbox 2068 2210 2391 2273; x_wconf 80' lang='grc' dir='ltr'>Μαεστατις,</span> <span class='ocrx_word' id='word_1_352' title='bbox 2425 2204 2676 2275; x_wconf 76' lang='grc' dir='ltr'>δέσποτα,</span> <span class='ocrx_word' id='word_1_353' title='bbox 2708 2210 2878 2282; x_wconf 87' lang='grc' dir='ltr'>νόμος</span> <span class='ocrx_word' id='word_1_354' title='bbox 2905 2210 2970 2278; x_wconf 82' lang='grc' dir='ltr'>ἧν</span> <span class='ocrx_word' id='word_1_355' title='bbox 3004 2208 3265 2266; x_wconf 77' lang='grc' dir='ltr'>Ἰουλίου·</span> 
     </span>
    </p>
   </div>
   <div class='ocr_carea' id='block_1_54' title="bbox 1978 2293 3265 2374">
    <p class='ocr_par' dir='ltr' id='par_1_54' title="bbox 1978 2293 3265 2374">
     <span class='ocr_line' id='line_1_54' title="bbox 1978 2293 3265 2374; baseline 0.002 -22"><span class='ocrx_word' id='word_1_356' title='bbox 1978 2302 2212 2352; x_wconf 82' lang='grc' dir='ltr'>Κινεῖται</span> <span class='ocrx_word' id='word_1_357' title='bbox 2241 2293 2289 2351; x_wconf 80' lang='grc' dir='ltr'>δ’</span> <span class='ocrx_word' id='word_1_358' title='bbox 2320 2294 2373 2351; x_wconf 74' lang='grc' dir='ltr'>εἷ’</span> <span class='ocrx_word' id='word_1_359' title='bbox 2392 2318 2476 2358; x_wconf 89' lang='grc' dir='ltr'>τις</span> <span class='ocrx_word' id='word_1_360' title='bbox 2507 2295 2702 2371; x_wconf 71' lang='grc' dir='ltr'>ἔπραξέ</span> <span class='ocrx_word' id='word_1_361' title='bbox 2729 2319 2779 2352; x_wconf 90' lang='grc' dir='ltr'>τι</span> <span class='ocrx_word' id='word_1_362' title='bbox 2811 2297 2947 2353; x_wconf 82' lang='grc' dir='ltr'>κατᾶ</span> <span class='ocrx_word' id='word_1_363' title='bbox 2976 2298 3265 2374; x_wconf 81' lang='grc' dir='ltr'>βασιλέων,</span> 
     </span>
    </p>
   </div>
   <div class='ocr_carea' id='block_1_55' title="bbox 1978 2379 3215 2461">
    <p class='ocr_par' dir='ltr' id='par_1_55' title="bbox 1978 2379 3215 2461">
     <span class='ocr_line' id='line_1_55' title="bbox 1978 2379 3215 2461; baseline 0.002 -20"><span class='ocrx_word' id='word_1_364' title='bbox 1978 2386 2367 2447; x_wconf 78' lang='grc' dir='ltr'>Καθοσιώσιώς</span> <span class='ocrx_word' id='word_1_365' title='bbox 2400 2384 2540 2440; x_wconf 71' lang='grc' dir='ltr'>ἔστιν</span> <span class='ocrx_word' id='word_1_366' title='bbox 2573 2379 2829 2461; x_wconf 78' lang='grc' dir='ltr'>ἔγκλημα</span> <span class='ocrx_word' id='word_1_367' title='bbox 2859 2391 3021 2442; x_wconf 78' lang='grc' dir='ltr'>τοῦτο</span> <span class='ocrx_word' id='word_1_368' title='bbox 3057 2388 3215 2461; x_wconf 82' lang='grc' dir='ltr'>μέγα,</span> 
     </span>
    </p>
   </div>
   <div class='ocr_carea' id='block_1_56' title="bbox 1979 2470 3507 2551">
    <p class='ocr_par' dir='ltr' id='par_1_56' title="bbox 1979 2470 3507 2551">
     <span class='ocr_line' id='line_1_56' title="bbox 1979 2470 3507 2551; baseline 0.003 -21"><span class='ocrx_word' id='word_1_369' title='bbox 1979 2475 2078 2530; x_wconf 81' lang='grc' dir='ltr'>Καὶ</span> <span class='ocrx_word' id='word_1_370' title='bbox 2108 2471 2314 2529; x_wconf 81' lang='grc' dir='ltr'>παίδων</span> <span class='ocrx_word' id='word_1_371' title='bbox 2348 2471 2519 2529; x_wconf 78' lang='grc' dir='ltr'>ὄντων</span> <span class='ocrx_word' id='word_1_372' title='bbox 2555 2471 2816 2548; x_wconf 74' lang='grc' dir='ltr'>δήμευσιν</span> <span class='ocrx_word' id='word_1_373' title='bbox 2850 2470 2965 2551; x_wconf 80' lang='grc' dir='ltr'>ἔχει</span> <span class='ocrx_word' id='word_1_374' title='bbox 2999 2480 3095 2531; x_wconf 81' lang='grc' dir='ltr'>υοῢ</span> <span class='ocrx_word' id='word_1_375' title='bbox 3125 2475 3507 2543; x_wconf 76' lang='grc' dir='ltr'>κολασθέντος.</span> 
     </span>
    </p>
   </div>
   <div class='ocr_carea' id='block_1_57' title="bbox 1978 2560 3108 2639">
    <p class='ocr_par' dir='ltr' id='par_1_57' title="bbox 1978 2560 3108 2639">
     <span class='ocr_line' id='line_1_57' title="bbox 1978 2560 3108 2639; baseline 0 -20"><span class='ocrx_word' id='word_1_376' title='bbox 1978 2560 2311 2638; x_wconf 78' lang='grc' dir='ltr'>Ἑρεδιτατις</span> <span class='ocrx_word' id='word_1_377' title='bbox 2341 2560 2397 2618; x_wconf 73' lang='grc' dir='ltr'>δέ</span> <span class='ocrx_word' id='word_1_378' title='bbox 2427 2560 2537 2617; x_wconf 81' lang='grc' dir='ltr'>ἐστι</span> <span class='ocrx_word' id='word_1_379' title='bbox 2558 2563 2681 2639; x_wconf 84' lang='grc' dir='ltr'>περὶ</span> <span class='ocrx_word' id='word_1_380' title='bbox 2713 2563 3108 2638; x_wconf 86' lang='grc' dir='ltr'>κληρονομίας,</span> 
     </span>
    </p>
   </div>
   <div class='ocr_carea' id='block_1_58' title="bbox 1984 2646 3382 2731">
    <p class='ocr_par' dir='ltr' id='par_1_58' title="bbox 1984 2646 3382 2731">
     <span class='ocr_line' id='line_1_58' title="bbox 1984 2646 3382 2731; baseline 0.001 -23"><span class='ocrx_word' id='word_1_381' title='bbox 1984 2651 2102 2709; x_wconf 79' lang='grc' dir='ltr'>Εὕτ⁸</span> <span class='ocrx_word' id='word_1_382' title='bbox 2139 2650 2240 2706; x_wconf 81' lang='grc' dir='ltr'>οὐκ</span> <span class='ocrx_word' id='word_1_383' title='bbox 2269 2646 2374 2705; x_wconf 79' lang='grc' dir='ltr'>ἔσει</span> <span class='ocrx_word' id='word_1_384' title='bbox 2407 2648 2641 2730; x_wconf 76' lang='grc' dir='ltr'>διαφορὰ</span> <span class='ocrx_word' id='word_1_385' title='bbox 2678 2649 2919 2707; x_wconf 85' lang='grc' dir='ltr'>ἀδνάτων</span> <span class='ocrx_word' id='word_1_386' title='bbox 2957 2652 3047 2708; x_wconf 81' lang='grc' dir='ltr'>καὶ</span> <span class='ocrx_word' id='word_1_387' title='bbox 3079 2655 3382 2731; x_wconf 80' lang='grc' dir='ltr'>κογνάτων,</span> 
     </span>
    </p>
   </div>
   <div class='ocr_carea' id='block_1_59' title="bbox 1980 2738 3520 2820">
    <p class='ocr_par' dir='ltr' id='par_1_59' title="bbox 1980 2738 3520 2820">
     <span class='ocr_line' id='line_1_59' title="bbox 1980 2738 3520 2820; baseline 0.003 -24"><span class='ocrx_word' id='word_1_388' title='bbox 1980 2739 2150 2796; x_wconf 85' lang='grc' dir='ltr'>“¹Δλλ’</span> <span class='ocrx_word' id='word_1_389' title='bbox 2175 2738 2300 2796; x_wconf 73' lang='grc' dir='ltr'>οὐδὲ</span> <span class='ocrx_word' id='word_1_390' title='bbox 2331 2739 2526 2813; x_wconf 76' lang='grc' dir='ltr'>σούων,</span> <span class='ocrx_word' id='word_1_391' title='bbox 2562 2740 2815 2812; x_wconf 77' lang='grc' dir='ltr'>δέσποτα,</span> <span class='ocrx_word' id='word_1_392' title='bbox 2848 2743 2937 2797; x_wconf 85' lang='grc' dir='ltr'>καὶ</span> <span class='ocrx_word' id='word_1_393' title='bbox 2968 2746 3074 2797; x_wconf 89' lang='grc' dir='ltr'>τῶν</span> <span class='ocrx_word' id='word_1_394' title='bbox 3109 2742 3520 2820; x_wconf 73' lang='grc' dir='ltr'>ἐμαγκιπάτων,</span> 
     </span>
    </p>
   </div>
   <div class='ocr_carea' id='block_1_60' title="bbox 1980 2828 3260 2909">
    <p class='ocr_par' dir='ltr' id='par_1_60' title="bbox 1980 2828 3260 2909">
     <span class='ocr_line' id='line_1_60' title="bbox 1980 2828 3260 2909; baseline 0.002 -22"><span class='ocrx_word' id='word_1_395' title='bbox 1980 2832 2049 2888; x_wconf 75' lang='grc' dir='ltr'>Αἱ</span> <span class='ocrx_word' id='word_1_396' title='bbox 2081 2828 2338 2901; x_wconf 78' lang='grc' dir='ltr'>Νοξαλιοι</span> <span class='ocrx_word' id='word_1_397' title='bbox 2370 2828 2577 2906; x_wconf 81' lang='grc' dir='ltr'>ἀγωγαὶ</span> <span class='ocrx_word' id='word_1_398' title='bbox 2610 2837 2795 2902; x_wconf 81' lang='grc' dir='ltr'>πᾶσαι,</span> <span class='ocrx_word' id='word_1_399' title='bbox 2823 2832 2910 2886; x_wconf 80' lang='grc' dir='ltr'>καὶ</span> <span class='ocrx_word' id='word_1_400' title='bbox 2941 2835 3260 2909; x_wconf 86' lang='grc' dir='ltr'>πραιτωίαι,</span> 
     </span>
    </p>
   </div>
   <div class='ocr_carea' id='block_1_61' title="bbox 1981 2918 3519 2996">
    <p class='ocr_par' dir='ltr' id='par_1_61' title="bbox 1981 2918 3519 2996">
     <span class='ocr_line' id='line_1_61' title="bbox 1981 2918 3519 2996; baseline 0.003 -21"><span class='ocrx_word' id='word_1_401' title='bbox 1981 2924 2265 2975; x_wconf 80' lang='grc' dir='ltr'>Κινοῦνται</span> <span class='ocrx_word' id='word_1_402' title='bbox 2295 2919 2432 2974; x_wconf 83' lang='grc' dir='ltr'>κατὰ</span> <span class='ocrx_word' id='word_1_403' title='bbox 2461 2918 2734 2975; x_wconf 81' lang='grc' dir='ltr'>δεσποτῶν</span> <span class='ocrx_word' id='word_1_404' title='bbox 2765 2920 2988 2976; x_wconf 84' lang='grc' dir='ltr'>οὶκετῶν</span> <span class='ocrx_word' id='word_1_405' title='bbox 3020 2919 3519 2996; x_wconf 77' lang='grc' dir='ltr'>πλημμεκούντων,</span> 
     </span>
    </p>
   </div>
   <div class='ocr_carea' id='block_1_62' title="bbox 1979 3006 3378 3087">
    <p class='ocr_par' dir='ltr' id='par_1_62' title="bbox 1979 3006 3378 3087">
     <span class='ocr_line' id='line_1_62' title="bbox 1979 3006 3378 3087; baseline 0.002 -22"><span class='ocrx_word' id='word_1_406' title='bbox 1979 3012 2041 3070; x_wconf 85' lang='grc' dir='ltr'>Ἡ</span> <span class='ocrx_word' id='word_1_407' title='bbox 2070 3006 2443 3071; x_wconf 80' lang='grc' dir='ltr'>Ῥιπετουνδις</span> <span class='ocrx_word' id='word_1_408' title='bbox 2476 3010 2689 3086; x_wconf 69' lang='grc' dir='ltr'>φέρεται</span> <span class='ocrx_word' id='word_1_409' title='bbox 2722 3011 2859 3065; x_wconf 81' lang='grc' dir='ltr'>κατᾶ</span> <span class='ocrx_word' id='word_1_410' title='bbox 2885 3015 2995 3067; x_wconf 93' lang='grc' dir='ltr'>τῶν</span> <span class='ocrx_word' id='word_1_411' title='bbox 3030 3008 3378 3087; x_wconf 85' lang='grc' dir='ltr'>δωροδόκων,</span> 
     </span>
    </p>
   </div>
   <div class='ocr_carea' id='block_1_63' title="bbox 1983 3096 3559 3179">
    <p class='ocr_par' dir='ltr' id='par_1_63' title="bbox 1983 3096 3559 3179">
     <span class='ocr_line' id='line_1_63' title="bbox 1983 3096 3559 3179; baseline 0.002 -24"><span class='ocrx_word' id='word_1_412' title='bbox 1983 3099 2088 3158; x_wconf 81' lang='grc' dir='ltr'>Καὶ</span> <span class='ocrx_word' id='word_1_413' title='bbox 2122 3096 2359 3173; x_wconf 86' lang='grc' dir='ltr'>μάλιστα</span> <span class='ocrx_word' id='word_1_414' title='bbox 2386 3101 2494 3153; x_wconf 88' lang='grc' dir='ltr'>τῶν</span> <span class='ocrx_word' id='word_1_415' title='bbox 2527 3097 2578 3152; x_wconf 77' lang='grc' dir='ltr'>ἐν</span> <span class='ocrx_word' id='word_1_416' title='bbox 2611 3098 2830 3173; x_wconf 80' lang='grc' dir='ltr'>ἀρχαῖς,</span> <span class='ocrx_word' id='word_1_417' title='bbox 2854 3100 2942 3155; x_wconf 80' lang='grc' dir='ltr'>καὶ</span> <span class='ocrx_word' id='word_1_418' title='bbox 2973 3100 3108 3156; x_wconf 82' lang='grc' dir='ltr'>κατᾶ</span> <span class='ocrx_word' id='word_1_419' title='bbox 3136 3102 3243 3157; x_wconf 86' lang='grc' dir='ltr'>τῶν</span> <span class='ocrx_word' id='word_1_420' title='bbox 3264 3098 3559 3179; x_wconf 83' lang='grc' dir='ltr'>συνέδρων,</span> 
     </span>
    </p>
   </div>
   <div class='ocr_carea' id='block_1_64' title="bbox 3233 3191 3560 3250">
    <p class='ocr_par' dir='ltr' id='par_1_64' title="bbox 3233 3191 3560 3250">
     <span class='ocr_line' id='line_1_64' title="bbox 3233 3191 3560 3250; baseline 0.009 -4"><span class='ocrx_word' id='word_1_421' title='bbox 3233 3191 3401 3249; x_wconf 87' lang='lat' dir='ltr'>Vers.</span> <span class='ocrx_word' id='word_1_422' title='bbox 3432 3193 3560 3250; x_wconf 84' lang='grc'>617.</span> 
     </span>
    </p>
   </div>
   <div class='ocr_carea' id='block_1_65' title="bbox 207 3450 3637 3529">
    <p class='ocr_par' dir='ltr' id='par_1_65' title="bbox 207 3450 3637 3529">
     <span class='ocr_line' id='line_1_65' title="bbox 207 3450 3637 3529; baseline 0.001 -21"><span class='ocrx_word' id='word_1_423' title='bbox 207 3452 304 3520; x_wconf 82' lang='lat' dir='ltr'>(de</span> <span class='ocrx_word' id='word_1_424' title='bbox 335 3451 625 3526; x_wconf 74' lang='lat' dir='ltr'>petitione</span> <span class='ocrx_word' id='word_1_425' title='bbox 654 3451 1017 3513; x_wconf 65' lang='lat' dir='ltr'>hereditatis</span> <span class='ocrx_word' id='word_1_426' title='bbox 1061 3455 1311 3529; x_wconf 88' lang='lat' dir='ltr'>loquor).</span> <span class='ocrx_word' id='word_1_427' title='bbox 1359 3458 1440 3513; x_wconf 89' lang='lat' dir='ltr'>Ea</span> <span class='ocrx_word' id='word_1_428' title='bbox 1497 3458 1674 3514; x_wconf 88' lang='lat' dir='ltr'>datur</span> <span class='ocrx_word' id='word_1_429' title='bbox 1730 3455 1867 3513; x_wconf 80' lang='lat' dir='ltr'>ﬁliis</span> <span class='ocrx_word' id='word_1_430' title='bbox 1898 3455 1941 3524; x_wconf 67' lang='grc' dir='ltr'><strong>(ἶ</strong></span> <span class='ocrx_word' id='word_1_431' title='bbox 1979 3452 2144 3511; x_wconf 91' lang='lat' dir='ltr'>litem</span> <span class='ocrx_word' id='word_1_432' title='bbox 2176 3456 2399 3510; x_wconf 84' lang='lat' dir='ltr'>motam</span> <span class='ocrx_word' id='word_1_433' title='bbox 2458 3452 2734 3508; x_wconf 83' lang='lat' dir='ltr'>dirimere</span> <span class='ocrx_word' id='word_1_434' title='bbox 2776 3450 2824 3508; x_wconf 90' lang='lat' dir='ltr'>si</span> <span class='ocrx_word' id='word_1_435' title='bbox 2875 3451 2973 3524; x_wconf 89' lang='lat' dir='ltr'>qui</span> <span class='ocrx_word' id='word_1_436' title='bbox 3008 3451 3256 3508; x_wconf 83' lang='lat' dir='ltr'>invicem</span> <span class='ocrx_word' id='word_1_437' title='bbox 3310 3454 3380 3509; x_wconf 89' lang='lat' dir='ltr'>de</span> <span class='ocrx_word' id='word_1_438' title='bbox 3403 3468 3637 3527; x_wconf 86' lang='lat' dir='ltr'>posses-</span> 
     </span>
    </p>
   </div>
   <div class='ocr_carea' id='block_1_66' title="bbox 209 3543 1874 3620">
    <p class='ocr_par' dir='ltr' id='par_1_66' title="bbox 209 3543 1874 3620">
     <span class='ocr_line' id='line_1_66' title="bbox 209 3543 1874 3620; baseline 0.002 -23"><span class='ocrx_word' id='word_1_439' title='bbox 209 3544 422 3598; x_wconf 87' lang='lat' dir='ltr'>contra</span> <span class='ocrx_word' id='word_1_440' title='bbox 455 3545 707 3614; x_wconf 84' lang='lat' dir='ltr'>patrem,</span> <span class='ocrx_word' id='word_1_441' title='bbox 760 3543 812 3599; x_wconf 89' lang='lat' dir='ltr'>si</span> <span class='ocrx_word' id='word_1_442' title='bbox 861 3561 963 3601; x_wconf 90' lang='lat' dir='ltr'>eos</span> <span class='ocrx_word' id='word_1_443' title='bbox 1019 3546 1411 3602; x_wconf 71' lang='lat' dir='ltr'>exbaaredatos</span> <span class='ocrx_word' id='word_1_444' title='bbox 1469 3546 1775 3620; x_wconf 86' lang='lat' dir='ltr'>scripserit</span> <span class='ocrx_word' id='word_1_445' title='bbox 1815 3545 1874 3600; x_wconf 91' lang='lat' dir='ltr'>in</span> 
     </span>
    </p>
   </div>
   <div class='ocr_carea' id='block_1_67' title="bbox 210 3633 1875 3707">
    <p class='ocr_par' dir='ltr' id='par_1_67' title="bbox 210 3633 1875 3707">
     <span class='ocr_line' id='line_1_67' title="bbox 210 3633 1875 3707; baseline 0.002 -21"><span class='ocrx_word' id='word_1_446' title='bbox 210 3635 601 3699; x_wconf 85' lang='lat' dir='ltr'>testamento,</span> <span class='ocrx_word' id='word_1_447' title='bbox 634 3637 691 3688; x_wconf 90' lang='lat' dir='ltr'>et</span> <span class='ocrx_word' id='word_1_448' title='bbox 720 3637 923 3689; x_wconf 90' lang='lat' dir='ltr'>contra</span> <span class='ocrx_word' id='word_1_449' title='bbox 956 3633 1105 3690; x_wconf 85' lang='lat' dir='ltr'>ﬁlios</span> <span class='ocrx_word' id='word_1_450' title='bbox 1150 3634 1300 3707; x_wconf 87' lang='lat' dir='ltr'>patri</span> <span class='ocrx_word' id='word_1_451' title='bbox 1358 3652 1424 3691; x_wconf 83' lang='lat' dir='ltr'>ex</span> <span class='ocrx_word' id='word_1_452' title='bbox 1455 3634 1636 3691; x_wconf 74' lang='lat' dir='ltr'>simili</span> <span class='ocrx_word' id='word_1_453' title='bbox 1676 3651 1875 3691; x_wconf 87' lang='lat' dir='ltr'>causa.</span> 
     </span>
    </p>
   </div>
   <div class='ocr_carea' id='block_1_68' title="bbox 210 3720 1875 3793">
    <p class='ocr_par' dir='ltr' id='par_1_68' title="bbox 210 3720 1875 3793">
     <span class='ocr_line' id='line_1_68' title="bbox 210 3720 1875 3793; baseline 0.004 -19"><span class='ocrx_word' id='word_1_454' title='bbox 210 3720 376 3775; x_wconf 85' lang='lat' dir='ltr'>Actio</span> <span class='ocrx_word' id='word_1_455' title='bbox 410 3722 470 3775; x_wconf 82' lang='lat' dir='ltr'>in</span> <span class='ocrx_word' id='word_1_456' title='bbox 516 3721 667 3792; x_wconf 85' lang='lat' dir='ltr'>Rem,</span> <span class='ocrx_word' id='word_1_457' title='bbox 714 3722 1091 3779; x_wconf 81' lang='lat' dir='ltr'>multiformis</span> <span class='ocrx_word' id='word_1_458' title='bbox 1121 3729 1229 3790; x_wconf 87' lang='lat' dir='ltr'>est,</span> <span class='ocrx_word' id='word_1_459' title='bbox 1290 3729 1349 3779; x_wconf 86' lang='lat' dir='ltr'>et</span> <span class='ocrx_word' id='word_1_460' title='bbox 1392 3724 1875 3793; x_wconf 81' lang='lat' dir='ltr'>multinominis;</span> 
     </span>
    </p>
   </div>
   <div class='ocr_carea' id='block_1_69' title="bbox 213 3807 1874 3884">
    <p class='ocr_par' dir='ltr' id='par_1_69' title="bbox 213 3807 1874 3884">
     <span class='ocr_line' id='line_1_69' title="bbox 213 3807 1874 3884; baseline 0.004 -22"><span class='ocrx_word' id='word_1_461' title='bbox 213 3807 273 3863; x_wconf 90' lang='lat' dir='ltr'>in</span> <span class='ocrx_word' id='word_1_462' title='bbox 301 3824 524 3880; x_wconf 82' lang='lat' dir='ltr'>genere</span> <span class='ocrx_word' id='word_1_463' title='bbox 551 3811 709 3866; x_wconf 89' lang='lat' dir='ltr'>enim</span> <span class='ocrx_word' id='word_1_464' title='bbox 743 3816 801 3866; x_wconf 89' lang='lat' dir='ltr'>et</span> <span class='ocrx_word' id='word_1_465' title='bbox 828 3811 1100 3883; x_wconf 88' lang='lat' dir='ltr'>specialis</span> <span class='ocrx_word' id='word_1_466' title='bbox 1122 3816 1212 3868; x_wconf 89' lang='lat' dir='ltr'>est</span> <span class='ocrx_word' id='word_1_467' title='bbox 1240 3812 1404 3868; x_wconf 68' lang='lat' dir='ltr'>bona</span> <span class='ocrx_word' id='word_1_468' title='bbox 1435 3813 1567 3867; x_wconf 74' lang='lat' dir='ltr'>fidei</span> <span class='ocrx_word' id='word_1_469' title='bbox 1602 3830 1614 3869; x_wconf 90' lang='lat'>:</span> <span class='ocrx_word' id='word_1_470' title='bbox 1648 3828 1716 3868; x_wconf 87' lang='lat' dir='ltr'>ea</span> <span class='ocrx_word' id='word_1_471' title='bbox 1745 3812 1874 3884; x_wconf 89' lang='lat' dir='ltr'>qui-</span> 
     </span>
    </p>
   </div>
   <div class='ocr_carea' id='block_1_70' title="bbox 214 3897 1877 3972">
    <p class='ocr_par' dir='ltr' id='par_1_70' title="bbox 214 3897 1877 3972">
     <span class='ocr_line' id='line_1_70' title="bbox 214 3897 1877 3972; baseline 0.004 -20"><span class='ocrx_word' id='word_1_472' title='bbox 214 3897 352 3952; x_wconf 86' lang='lat' dir='ltr'>dem</span> <span class='ocrx_word' id='word_1_473' title='bbox 387 3901 482 3953; x_wconf 87' lang='lat' dir='ltr'>est</span> <span class='ocrx_word' id='word_1_474' title='bbox 514 3898 697 3965; x_wconf 81' lang='lat' dir='ltr'>utilis,</span> <span class='ocrx_word' id='word_1_475' title='bbox 750 3916 878 3972; x_wconf 69' lang='lat' dir='ltr'>qua:</span> <span class='ocrx_word' id='word_1_476' title='bbox 923 3901 1312 3957; x_wconf 85' lang='lat' dir='ltr'>creditoribus</span> <span class='ocrx_word' id='word_1_477' title='bbox 1344 3902 1540 3969; x_wconf 90' lang='lat' dir='ltr'>datur,</span> <span class='ocrx_word' id='word_1_478' title='bbox 1587 3902 1877 3958; x_wconf 85' lang='lat' dir='ltr'>confesso-</span> 
     </span>
    </p>
   </div>
   <div class='ocr_carea' id='block_1_71' title="bbox 215 3985 1876 4061">
    <p class='ocr_par' dir='ltr' id='par_1_71' title="bbox 215 3985 1876 4061">
     <span class='ocr_line' id='line_1_71' title="bbox 215 3985 1876 4061; baseline 0.004 -20"><span class='ocrx_word' id='word_1_479' title='bbox 215 3985 333 4054; x_wconf 87' lang='lat' dir='ltr'>ria,</span> <span class='ocrx_word' id='word_1_480' title='bbox 366 3988 1088 4061; x_wconf 84' lang='lat' dir='ltr'>negatoria,prohibitoria</span> <span class='ocrx_word' id='word_1_481' title='bbox 1118 3990 1411 4061; x_wconf 85' lang='lat' dir='ltr'>specialis,</span> <span class='ocrx_word' id='word_1_482' title='bbox 1444 3991 1625 4046; x_wconf 87' lang='lat' dir='ltr'>altera</span> <span class='ocrx_word' id='word_1_483' title='bbox 1656 3991 1876 4047; x_wconf 87' lang='lat' dir='ltr'>servia-</span> 
     </span>
    </p>
   </div>
   <div class='ocr_carea' id='block_1_72' title="bbox 215 4076 1878 4151">
    <p class='ocr_par' dir='ltr' id='par_1_72' title="bbox 215 4076 1878 4151">
     <span class='ocr_line' id='line_1_72' title="bbox 215 4076 1878 4151; baseline 0.003 -20"><span class='ocrx_word' id='word_1_484' title='bbox 215 4092 318 4140; x_wconf 88' lang='lat' dir='ltr'>na,</span> <span class='ocrx_word' id='word_1_485' title='bbox 350 4076 470 4132; x_wconf 85' lang='lat' dir='ltr'>alia</span> <span class='ocrx_word' id='word_1_486' title='bbox 511 4077 870 4148; x_wconf 71' lang='lat' dir='ltr'>publicisne.</span> <span class='ocrx_word' id='word_1_487' title='bbox 904 4079 971 4134; x_wconf 90' lang='lat' dir='ltr'>Et</span> <span class='ocrx_word' id='word_1_488' title='bbox 1004 4081 1063 4135; x_wconf 83' lang='lat' dir='ltr'>in</span> <span class='ocrx_word' id='word_1_489' title='bbox 1092 4083 1323 4136; x_wconf 83' lang='lat' dir='ltr'>Factum</span> <span class='ocrx_word' id='word_1_490' title='bbox 1381 4080 1643 4136; x_wconf 87' lang='lat' dir='ltr'>actiones</span> <span class='ocrx_word' id='word_1_491' title='bbox 1681 4079 1878 4151; x_wconf 84' lang='lat' dir='ltr'>plures</span> 
     </span>
    </p>
   </div>
   <div class='ocr_carea' id='block_1_73' title="bbox 216 4165 1874 4241">
    <p class='ocr_par' dir='ltr' id='par_1_73' title="bbox 216 4165 1874 4241">
     <span class='ocr_line' id='line_1_73' title="bbox 216 4165 1874 4241; baseline 0.004 -22"><span class='ocrx_word' id='word_1_492' title='bbox 216 4170 273 4220; x_wconf 85' lang='lat' dir='ltr'>et</span> <span class='ocrx_word' id='word_1_493' title='bbox 303 4165 551 4221; x_wconf 72' lang='lat' dir='ltr'>diversa:</span> <span class='ocrx_word' id='word_1_494' title='bbox 582 4171 744 4235; x_wconf 89' lang='lat' dir='ltr'>sunt,</span> <span class='ocrx_word' id='word_1_495' title='bbox 796 4169 1068 4240; x_wconf 75' lang='lat' dir='ltr'>quaedam</span> <span class='ocrx_word' id='word_1_496' title='bbox 1122 4169 1426 4239; x_wconf 73' lang='lat' dir='ltr'>praetoriae,</span> <span class='ocrx_word' id='word_1_497' title='bbox 1466 4170 1734 4241; x_wconf 63' lang='lat' dir='ltr'>quaedam</span> <span class='ocrx_word' id='word_1_498' title='bbox 1769 4186 1874 4239; x_wconf 90' lang='lat' dir='ltr'>pu-</span> 
     </span>
    </p>
   </div>
   <div class='ocr_carea' id='block_1_74' title="bbox 214 4253 1875 4328">
    <p class='ocr_par' dir='ltr' id='par_1_74' title="bbox 214 4253 1875 4328">
     <span class='ocr_line' id='line_1_74' title="bbox 214 4253 1875 4328; baseline 0.003 -21"><span class='ocrx_word' id='word_1_499' title='bbox 214 4253 489 4325; x_wconf 76' lang='lat' dir='ltr'>pillariee,</span> <span class='ocrx_word' id='word_1_500' title='bbox 524 4257 791 4326; x_wconf 72' lang='lat' dir='ltr'>quaedam</span> <span class='ocrx_word' id='word_1_501' title='bbox 824 4272 891 4312; x_wconf 83' lang='lat' dir='ltr'>ex</span> <span class='ocrx_word' id='word_1_502' title='bbox 921 4256 1043 4328; x_wconf 84' lang='lat' dir='ltr'>lege</span> <span class='ocrx_word' id='word_1_503' title='bbox 1072 4258 1457 4325; x_wconf 90' lang='lat' dir='ltr'>descendunt,</span> <span class='ocrx_word' id='word_1_504' title='bbox 1484 4258 1748 4328; x_wconf 62' lang='lat' dir='ltr'>quaedam</span> <span class='ocrx_word' id='word_1_505' title='bbox 1781 4274 1875 4312; x_wconf 85' lang='lat' dir='ltr'>ar-</span> 
     </span>
    </p>
   </div>
   <div class='ocr_carea' id='block_1_75' title="bbox 215 4343 1875 4419">
    <p class='ocr_par' dir='ltr' id='par_1_75' title="bbox 215 4343 1875 4419">
     <span class='ocr_line' id='line_1_75' title="bbox 215 4343 1875 4419; baseline 0.002 -22"><span class='ocrx_word' id='word_1_506' title='bbox 215 4343 480 4399; x_wconf 65' lang='lat' dir='ltr'>bitrariae</span> <span class='ocrx_word' id='word_1_507' title='bbox 503 4351 680 4400; x_wconf 87' lang='lat' dir='ltr'>sunt:</span> <span class='ocrx_word' id='word_1_508' title='bbox 708 4347 979 4419; x_wconf 62' lang='lat' dir='ltr'>quasdam</span> <span class='ocrx_word' id='word_1_509' title='bbox 1001 4346 1583 4419; x_wconf 76' lang='lat' dir='ltr'>simplum,qua:dam</span> <span class='ocrx_word' id='word_1_510' title='bbox 1605 4347 1875 4418; x_wconf 91' lang='lat' dir='ltr'>duplum,</span> 
     </span>
    </p>
   </div>
   <div class='ocr_carea' id='block_1_76' title="bbox 211 4430 1874 4507">
    <p class='ocr_par' dir='ltr' id='par_1_76' title="bbox 211 4430 1874 4507">
     <span class='ocr_line' id='line_1_76' title="bbox 211 4430 1874 4507; baseline 0.002 -21"><span class='ocrx_word' id='word_1_511' title='bbox 211 4430 482 4503; x_wconf 87' lang='lat' dir='ltr'>triplum,</span> <span class='ocrx_word' id='word_1_512' title='bbox 514 4438 572 4488; x_wconf 87' lang='lat' dir='ltr'>et</span> <span class='ocrx_word' id='word_1_513' title='bbox 602 4434 1001 4507; x_wconf 82' lang='lat' dir='ltr'>quadruplum</span> <span class='ocrx_word' id='word_1_514' title='bbox 1026 4435 1208 4491; x_wconf 88' lang='lat' dir='ltr'>debiti</span> <span class='ocrx_word' id='word_1_515' title='bbox 1245 4443 1555 4507; x_wconf 88' lang='lat' dir='ltr'>repetunt;</span> <span class='ocrx_word' id='word_1_516' title='bbox 1616 4435 1741 4492; x_wconf 61' lang='lat' dir='ltr'>aliis</span> <span class='ocrx_word' id='word_1_517' title='bbox 1774 4452 1874 4490; x_wconf 88' lang='lat' dir='ltr'>an-</span> 
     </span>
    </p>
   </div>
   <div class='ocr_carea' id='block_1_77' title="bbox 213 4521 1877 4597">
    <p class='ocr_par' dir='ltr' id='par_1_77' title="bbox 213 4521 1877 4597">
     <span class='ocr_line' id='line_1_77' title="bbox 213 4521 1877 4597; baseline 0.003 -23"><span class='ocrx_word' id='word_1_518' title='bbox 213 4521 385 4576; x_wconf 81' lang='lat' dir='ltr'>nales</span> <span class='ocrx_word' id='word_1_519' title='bbox 418 4527 579 4590; x_wconf 88' lang='lat' dir='ltr'>sunt,</span> <span class='ocrx_word' id='word_1_520' title='bbox 612 4523 739 4578; x_wconf 65' lang='lat' dir='ltr'>alia</span> <span class='ocrx_word' id='word_1_521' title='bbox 770 4531 1083 4597; x_wconf 71' lang='lat' dir='ltr'>perpetuis.</span> <span class='ocrx_word' id='word_1_522' title='bbox 1109 4524 1263 4581; x_wconf 88' lang='lat' dir='ltr'>Usus</span> <span class='ocrx_word' id='word_1_523' title='bbox 1314 4525 1612 4582; x_wconf 82' lang='lat' dir='ltr'>actionum</span> <span class='ocrx_word' id='word_1_524' title='bbox 1682 4526 1740 4580; x_wconf 91' lang='lat' dir='ltr'>in</span> <span class='ocrx_word' id='word_1_525' title='bbox 1792 4525 1877 4580; x_wconf 81' lang='lat' dir='ltr'>fa-</span> 
     </span>
    </p>
   </div>
   <div class='ocr_carea' id='block_1_78' title="bbox 214 4610 1875 4685">
    <p class='ocr_par' dir='ltr' id='par_1_78' title="bbox 214 4610 1875 4685">
     <span class='ocr_line' id='line_1_78' title="bbox 214 4610 1875 4685; baseline 0.003 -21"><span class='ocrx_word' id='word_1_526' title='bbox 214 4615 381 4665; x_wconf 90' lang='lat' dir='ltr'>ctum</span> <span class='ocrx_word' id='word_1_527' title='bbox 416 4615 507 4666; x_wconf 89' lang='lat' dir='ltr'>est</span> <span class='ocrx_word' id='word_1_528' title='bbox 531 4610 933 4669; x_wconf 83' lang='lat' dir='ltr'>multiformis.</span> <span class='ocrx_word' id='word_1_529' title='bbox 963 4612 1220 4671; x_wconf 80' lang='lat' dir='ltr'>Judicati</span> <span class='ocrx_word' id='word_1_530' title='bbox 1249 4614 1400 4670; x_wconf 86' lang='lat' dir='ltr'>actio</span> <span class='ocrx_word' id='word_1_531' title='bbox 1443 4621 1692 4685; x_wconf 82' lang='lat' dir='ltr'>quatuor</span> <span class='ocrx_word' id='word_1_532' title='bbox 1709 4630 1875 4669; x_wconf 85' lang='lat' dir='ltr'>men-</span> 
     </span>
    </p>
   </div>
   <div class='ocr_carea' id='block_1_79' title="bbox 213 4698 1877 4771">
    <p class='ocr_par' dir='ltr' id='par_1_79' title="bbox 213 4698 1877 4771">
     <span class='ocr_line' id='line_1_79' title="bbox 213 4698 1877 4771; baseline 0.002 -17"><span class='ocrx_word' id='word_1_533' title='bbox 213 4698 387 4754; x_wconf 79' lang='lat' dir='ltr'>sibus</span> <span class='ocrx_word' id='word_1_534' title='bbox 421 4700 695 4771; x_wconf 88' lang='lat' dir='ltr'>ajudicis</span> <span class='ocrx_word' id='word_1_535' title='bbox 750 4702 1236 4759; x_wconf 85' lang='lat' dir='ltr'>condemnatione</span> <span class='ocrx_word' id='word_1_536' title='bbox 1284 4703 1705 4759; x_wconf 85' lang='lat' dir='ltr'>enumerandis</span> <span class='ocrx_word' id='word_1_537' title='bbox 1735 4704 1877 4759; x_wconf 81' lang='lat' dir='ltr'>defi-</span> 
     </span>
    </p>
   </div>
   <div class='ocr_carea' id='block_1_80' title="bbox 1985 3540 3641 3615">
    <p class='ocr_par' dir='ltr' id='par_1_80' title="bbox 1985 3540 3641 3615">
     <span class='ocr_line' id='line_1_80' title="bbox 1985 3540 3641 3615; baseline 0 -14"><span class='ocrx_word' id='word_1_538' title='bbox 1985 3545 2150 3601; x_wconf 87' lang='lat' dir='ltr'>sione</span> <span class='ocrx_word' id='word_1_539' title='bbox 2179 3542 2542 3599; x_wconf 84' lang='lat' dir='ltr'>contendunt</span> <span class='ocrx_word' id='word_1_540' title='bbox 2573 3560 2586 3610; x_wconf 89' lang='lat'><strong>;</strong></span> <span class='ocrx_word' id='word_1_541' title='bbox 2624 3540 2909 3597; x_wconf 80' lang='lat' dir='ltr'>naturalis</span> <span class='ocrx_word' id='word_1_542' title='bbox 2949 3541 3185 3613; x_wconf 87' lang='lat' dir='ltr'>quidem</span> <span class='ocrx_word' id='word_1_543' title='bbox 3225 3541 3520 3615; x_wconf 82' lang='lat' dir='ltr'>possessio</span> <span class='ocrx_word' id='word_1_544' title='bbox 3549 3546 3641 3601; x_wconf 86' lang='lat' dir='ltr'>est</span> 
     </span>
    </p>
   </div>
   <div class='ocr_carea' id='block_1_81' title="bbox 1986 3630 3639 3702">
    <p class='ocr_par' dir='ltr' id='par_1_81' title="bbox 1986 3630 3639 3702">
     <span class='ocr_line' id='line_1_81' title="bbox 1986 3630 3639 3702; baseline -0.001 -13"><span class='ocrx_word' id='word_1_545' title='bbox 1986 3649 2183 3690; x_wconf 89' lang='lat' dir='ltr'>rerum</span> <span class='ocrx_word' id='word_1_546' title='bbox 2212 3632 2488 3693; x_wconf 85' lang='lat' dir='ltr'>detentio.</span> <span class='ocrx_word' id='word_1_547' title='bbox 2545 3631 2644 3686; x_wconf 91' lang='lat' dir='ltr'>sed</span> <span class='ocrx_word' id='word_1_548' title='bbox 2696 3630 2866 3701; x_wconf 88' lang='lat' dir='ltr'>quasi</span> <span class='ocrx_word' id='word_1_549' title='bbox 2928 3631 3221 3702; x_wconf 84' lang='lat' dir='ltr'>possessio</span> <span class='ocrx_word' id='word_1_550' title='bbox 3253 3635 3342 3688; x_wconf 88' lang='lat' dir='ltr'>est</span> <span class='ocrx_word' id='word_1_551' title='bbox 3368 3649 3516 3688; x_wconf 86' lang='lat' dir='ltr'>usus</span> <span class='ocrx_word' id='word_1_552' title='bbox 3546 3632 3639 3687; x_wconf 90' lang='lat' dir='ltr'>in-</span> 
     </span>
    </p>
   </div>
   <div class='ocr_carea' id='block_1_82' title="bbox 1986 3719 3638 3795">
    <p class='ocr_par' dir='ltr' id='par_1_82' title="bbox 1986 3719 3638 3795">
     <span class='ocr_line' id='line_1_82' title="bbox 1986 3719 3638 3795; baseline -0.002 -14"><span class='ocrx_word' id='word_1_553' title='bbox 1986 3721 2402 3795; x_wconf 85' lang='lat' dir='ltr'>corporalium.</span> <span class='ocrx_word' id='word_1_554' title='bbox 2455 3719 2768 3776; x_wconf 87' lang='lat' dir='ltr'>Interdicta</span> <span class='ocrx_word' id='word_1_555' title='bbox 2816 3719 2930 3775; x_wconf 89' lang='lat' dir='ltr'>alia</span> <span class='ocrx_word' id='word_1_556' title='bbox 2961 3723 3102 3776; x_wconf 89' lang='lat' dir='ltr'>sunt</span> <span class='ocrx_word' id='word_1_557' title='bbox 3125 3722 3193 3776; x_wconf 85' lang='lat' dir='ltr'>ad</span> <span class='ocrx_word' id='word_1_558' title='bbox 3228 3721 3638 3788; x_wconf 84' lang='lat' dir='ltr'>exhibitiones,</span> 
     </span>
    </p>
   </div>
   <div class='ocr_carea' id='block_1_83' title="bbox 1985 3808 3639 3884">
    <p class='ocr_par' dir='ltr' id='par_1_83' title="bbox 1985 3808 3639 3884">
     <span class='ocr_line' id='line_1_83' title="bbox 1985 3808 3639 3884; baseline 0 -17"><span class='ocrx_word' id='word_1_559' title='bbox 1985 3811 2253 3884; x_wconf 64' lang='lat' dir='ltr'>quaedam</span> <span class='ocrx_word' id='word_1_560' title='bbox 2285 3811 2355 3866; x_wconf 90' lang='lat' dir='ltr'>ad</span> <span class='ocrx_word' id='word_1_561' title='bbox 2390 3809 2844 3877; x_wconf 80' lang='lat' dir='ltr'>restitutionem,</span> <span class='ocrx_word' id='word_1_562' title='bbox 2878 3808 2992 3865; x_wconf 86' lang='lat' dir='ltr'>alia</span> <span class='ocrx_word' id='word_1_563' title='bbox 3021 3809 3445 3882; x_wconf 88' lang='lat' dir='ltr'>prohibitoria:</span> <span class='ocrx_word' id='word_1_564' title='bbox 3479 3827 3639 3882; x_wconf 64' lang='lat' dir='ltr'>quae-</span> 
     </span>
    </p>
   </div>
   <div class='ocr_carea' id='block_1_84' title="bbox 1984 3898 3640 3973">
    <p class='ocr_par' dir='ltr' id='par_1_84' title="bbox 1984 3898 3640 3973">
     <span class='ocr_line' id='line_1_84' title="bbox 1984 3898 3640 3973; baseline -0.002 -16"><span class='ocrx_word' id='word_1_565' title='bbox 1984 3902 2120 3957; x_wconf 88' lang='lat' dir='ltr'>dam</span> <span class='ocrx_word' id='word_1_566' title='bbox 2157 3904 2437 3973; x_wconf 87' lang='lat' dir='ltr'>perpetua</span> <span class='ocrx_word' id='word_1_567' title='bbox 2458 3900 2893 3969; x_wconf 78' lang='lat' dir='ltr'>sunt,qua3dam</span> <span class='ocrx_word' id='word_1_568' title='bbox 2925 3898 3180 3967; x_wconf 79' lang='lat' dir='ltr'>annalis,</span> <span class='ocrx_word' id='word_1_569' title='bbox 3207 3900 3476 3970; x_wconf 66' lang='lat' dir='ltr'>quaedam</span> <span class='ocrx_word' id='word_1_570' title='bbox 3527 3917 3640 3972; x_wconf 90' lang='lat' dir='ltr'>pu-</span> 
     </span>
    </p>
   </div>
   <div class='ocr_carea' id='block_1_85' title="bbox 1984 3988 3639 4059">
    <p class='ocr_par' dir='ltr' id='par_1_85' title="bbox 1984 3988 3639 4059">
     <span class='ocr_line' id='line_1_85' title="bbox 1984 3988 3639 4059; baseline -0.001 -14"><span class='ocrx_word' id='word_1_571' title='bbox 1984 3990 2158 4055; x_wconf 87' lang='lat' dir='ltr'>blica,</span> <span class='ocrx_word' id='word_1_572' title='bbox 2193 3989 2461 4056; x_wconf 71' lang='lat' dir='ltr'>quaedam</span> <span class='ocrx_word' id='word_1_573' title='bbox 2496 3988 2799 4059; x_wconf 85' lang='lat' dir='ltr'>aliquibus</span> <span class='ocrx_word' id='word_1_574' title='bbox 2848 3991 3210 4059; x_wconf 86' lang='lat' dir='ltr'>competunt,</span> <span class='ocrx_word' id='word_1_575' title='bbox 3260 3988 3639 4045; x_wconf 86' lang='lat' dir='ltr'>interdictum</span> 
     </span>
    </p>
   </div>
   <div class='ocr_carea' id='block_1_86' title="bbox 1985 4076 3638 4149">
    <p class='ocr_par' dir='ltr' id='par_1_86' title="bbox 1985 4076 3638 4149">
     <span class='ocr_line' id='line_1_86' title="bbox 1985 4076 3638 4149; baseline -0.001 -14"><span class='ocrx_word' id='word_1_576' title='bbox 1985 4080 2138 4135; x_wconf 92' lang='lat' dir='ltr'>unde</span> <span class='ocrx_word' id='word_1_577' title='bbox 2169 4078 2245 4147; x_wconf 89' lang='lat' dir='ltr'>vi,</span> <span class='ocrx_word' id='word_1_578' title='bbox 2281 4081 2482 4149; x_wconf 88' lang='lat' dir='ltr'>postea</span> <span class='ocrx_word' id='word_1_579' title='bbox 2511 4082 2567 4133; x_wconf 88' lang='lat' dir='ltr'>et</span> <span class='ocrx_word' id='word_1_580' title='bbox 2598 4077 2700 4132; x_wconf 88' lang='lat' dir='ltr'>illa</span> <span class='ocrx_word' id='word_1_581' title='bbox 2733 4094 2857 4149; x_wconf 74' lang='lat' dir='ltr'>quae</span> <span class='ocrx_word' id='word_1_582' title='bbox 2912 4077 2983 4132; x_wconf 88' lang='lat' dir='ltr'>de</span> <span class='ocrx_word' id='word_1_583' title='bbox 3015 4077 3211 4147; x_wconf 89' lang='lat' dir='ltr'>rebus,</span> <span class='ocrx_word' id='word_1_584' title='bbox 3254 4076 3638 4133; x_wconf 85' lang='lat' dir='ltr'>interdictum</span> 
     </span>
    </p>
   </div>
   <div class='ocr_carea' id='block_1_87' title="bbox 1986 4165 3635 4241">
    <p class='ocr_par' dir='ltr' id='par_1_87' title="bbox 1986 4165 3635 4241">
     <span class='ocr_line' id='line_1_87' title="bbox 1986 4165 3635 4241; baseline -0.001 -18"><span class='ocrx_word' id='word_1_585' title='bbox 1986 4168 2140 4241; x_wconf 90' lang='lat' dir='ltr'>quod</span> <span class='ocrx_word' id='word_1_586' title='bbox 2165 4166 2217 4221; x_wconf 89' lang='lat' dir='ltr'>vi</span> <span class='ocrx_word' id='word_1_587' title='bbox 2249 4169 2351 4222; x_wconf 89' lang='lat' dir='ltr'>aut</span> <span class='ocrx_word' id='word_1_588' title='bbox 2370 4166 2521 4221; x_wconf 88' lang='lat' dir='ltr'>clam</span> <span class='ocrx_word' id='word_1_589' title='bbox 2554 4170 2977 4237; x_wconf 88' lang='lat' dir='ltr'>nuncupatum,</span> <span class='ocrx_word' id='word_1_590' title='bbox 3012 4165 3287 4238; x_wconf 87' lang='lat' dir='ltr'>quodque</span> <span class='ocrx_word' id='word_1_591' title='bbox 3330 4166 3510 4223; x_wconf 64' lang='lat' dir='ltr'>Graeci</span> <span class='ocrx_word' id='word_1_592' title='bbox 3547 4166 3635 4222; x_wconf 88' lang='lat' dir='ltr'>in-</span> 
     </span>
    </p>
   </div>
   <div class='ocr_carea' id='block_1_88' title="bbox 1985 4250 3643 4328">
    <p class='ocr_par' dir='ltr' id='par_1_88' title="bbox 1985 4250 3643 4328">
     <span class='ocr_line' id='line_1_88' title="bbox 1985 4250 3643 4328; baseline -0.001 -15"><span class='ocrx_word' id='word_1_593' title='bbox 1985 4259 2381 4328; x_wconf 85' lang='lat' dir='ltr'>terpretantur</span> <span class='ocrx_word' id='word_1_594' title='bbox 2433 4252 2496 4308; x_wconf 86' lang='grc' dir='ltr'>τὸ</span> <span class='ocrx_word' id='word_1_595' title='bbox 2559 4253 2649 4328; x_wconf 79' lang='grc' dir='ltr'>βίᾳ</span> <span class='ocrx_word' id='word_1_596' title='bbox 2696 4252 2823 4321; x_wconf 77' lang='grc' dir='ltr'>ἤτὸ</span> <span class='ocrx_word' id='word_1_597' title='bbox 2855 4250 3049 4327; x_wconf 82' lang='grc' dir='ltr'>λάθρα.</span> <span class='ocrx_word' id='word_1_598' title='bbox 3101 4255 3301 4326; x_wconf 82' lang='lat' dir='ltr'>Neque</span> <span class='ocrx_word' id='word_1_599' title='bbox 3357 4256 3643 4312; x_wconf 88' lang='lat' dir='ltr'>verbosus</span> 
     </span>
    </p>
   </div>
   <div class='ocr_carea' id='block_1_89' title="bbox 1985 4341 3638 4416">
    <p class='ocr_par' dir='ltr' id='par_1_89' title="bbox 1985 4341 3638 4416">
     <span class='ocr_line' id='line_1_89' title="bbox 1985 4341 3638 4416; baseline -0.001 -15"><span class='ocrx_word' id='word_1_600' title='bbox 1985 4362 2142 4411; x_wconf 90' lang='lat' dir='ltr'>sum,</span> <span class='ocrx_word' id='word_1_601' title='bbox 2165 4360 2193 4400; x_wconf 93' lang='grc' dir='ltr'>ο</span> <span class='ocrx_word' id='word_1_602' title='bbox 2215 4344 2455 4407; x_wconf 79' lang='lat' dir='ltr'>domine,</span> <span class='ocrx_word' id='word_1_603' title='bbox 2491 4342 2730 4397; x_wconf 90' lang='lat' dir='ltr'>nomina</span> <span class='ocrx_word' id='word_1_604' title='bbox 2790 4341 3070 4415; x_wconf 82' lang='lat' dir='ltr'>colligens</span> <span class='ocrx_word' id='word_1_605' title='bbox 3101 4360 3114 4409; x_wconf 92' lang='lat'><strong>;</strong></span> <span class='ocrx_word' id='word_1_606' title='bbox 3174 4360 3332 4411; x_wconf 89' lang='lat' dir='ltr'>nam,</span> <span class='ocrx_word' id='word_1_607' title='bbox 3367 4347 3432 4398; x_wconf 90' lang='lat' dir='ltr'>ut</span> <span class='ocrx_word' id='word_1_608' title='bbox 3463 4359 3638 4416; x_wconf 85' lang='lat' dir='ltr'>gene-</span> 
     </span>
    </p>
   </div>
   <div class='ocr_carea' id='block_1_90' title="bbox 1985 4430 3639 4504">
    <p class='ocr_par' dir='ltr' id='par_1_90' title="bbox 1985 4430 3639 4504">
     <span class='ocr_line' id='line_1_90' title="bbox 1985 4430 3639 4504; baseline 0 -15"><span class='ocrx_word' id='word_1_609' title='bbox 1985 4433 2190 4490; x_wconf 87' lang='lat' dir='ltr'>raliter</span> <span class='ocrx_word' id='word_1_610' title='bbox 2220 4434 2434 4503; x_wconf 88' lang='lat' dir='ltr'>dicam,</span> <span class='ocrx_word' id='word_1_611' title='bbox 2456 4431 2835 4487; x_wconf 85' lang='lat' dir='ltr'>interdictum</span> <span class='ocrx_word' id='word_1_612' title='bbox 2865 4435 2956 4487; x_wconf 90' lang='lat' dir='ltr'>est</span> <span class='ocrx_word' id='word_1_613' title='bbox 2986 4430 3431 4504; x_wconf 88' lang='lat' dir='ltr'>colloquium,et</span> <span class='ocrx_word' id='word_1_614' title='bbox 3456 4450 3639 4489; x_wconf 89' lang='lat' dir='ltr'>enun-</span> 
     </span>
    </p>
   </div>
   <div class='ocr_carea' id='block_1_91' title="bbox 1984 4520 3635 4593">
    <p class='ocr_par' dir='ltr' id='par_1_91' title="bbox 1984 4520 3635 4593">
     <span class='ocr_line' id='line_1_91' title="bbox 1984 4520 3635 4593; baseline 0 -14"><span class='ocrx_word' id='word_1_615' title='bbox 1984 4520 2493 4593; x_wconf 84' lang='lat' dir='ltr'>tiatum,judicem</span> <span class='ocrx_word' id='word_1_616' title='bbox 2526 4521 2780 4576; x_wconf 88' lang='lat' dir='ltr'>edocens</span> <span class='ocrx_word' id='word_1_617' title='bbox 2836 4521 2908 4577; x_wconf 91' lang='lat' dir='ltr'>de</span> <span class='ocrx_word' id='word_1_618' title='bbox 2939 4520 3058 4577; x_wconf 86' lang='lat' dir='ltr'>lito.</span> <span class='ocrx_word' id='word_1_619' title='bbox 3089 4523 3199 4579; x_wconf 87' lang='lat' dir='ltr'>Sed</span> <span class='ocrx_word' id='word_1_620' title='bbox 3258 4522 3373 4578; x_wconf 87' lang='lat' dir='ltr'>alia</span> <span class='ocrx_word' id='word_1_621' title='bbox 3397 4540 3635 4580; x_wconf 88' lang='lat' dir='ltr'>rursum</span> 
     </span>
    </p>
   </div>
   <div class='ocr_carea' id='block_1_92' title="bbox 1985 4608 3640 4681">
    <p class='ocr_par' dir='ltr' id='par_1_92' title="bbox 1985 4608 3640 4681">
     <span class='ocr_line' id='line_1_92' title="bbox 1985 4608 3640 4681; baseline 0.001 -14"><span class='ocrx_word' id='word_1_622' title='bbox 1985 4612 2090 4667; x_wconf 88' lang='lat' dir='ltr'>tibi</span> <span class='ocrx_word' id='word_1_623' title='bbox 2123 4610 2373 4667; x_wconf 89' lang='lat' dir='ltr'>dicenda</span> <span class='ocrx_word' id='word_1_624' title='bbox 2405 4614 2564 4666; x_wconf 83' lang='lat' dir='ltr'>sunt.</span> <span class='ocrx_word' id='word_1_625' title='bbox 2597 4609 2889 4665; x_wconf 72' lang='lat' dir='ltr'>Conducfio</span> <span class='ocrx_word' id='word_1_626' title='bbox 2921 4608 3238 4681; x_wconf 76' lang='grc' dir='ltr'>Μίσθωσιςς</span> <span class='ocrx_word' id='word_1_627' title='bbox 3272 4612 3435 4668; x_wconf 88' lang='lat' dir='ltr'>Actio</span> <span class='ocrx_word' id='word_1_628' title='bbox 3454 4614 3640 4669; x_wconf 78' lang='lat' dir='ltr'>Locafi</span> 
     </span>
    </p>
   </div>
   <div class='ocr_carea' id='block_1_93' title="bbox 1986 4698 3634 4774">
    <p class='ocr_par' dir='ltr' id='par_1_93' title="bbox 1986 4698 3634 4774">
     <span class='ocr_line' id='line_1_93' title="bbox 1986 4698 3634 4774; baseline 0.001 -19"><span class='ocrx_word' id='word_1_629' title='bbox 1986 4699 2268 4772; x_wconf 86' lang='lat' dir='ltr'>competit</span> <span class='ocrx_word' id='word_1_630' title='bbox 2298 4698 2509 4771; x_wconf 88' lang='lat' dir='ltr'>illi,qui</span> <span class='ocrx_word' id='word_1_631' title='bbox 2542 4715 2661 4753; x_wconf 75' lang='lat' dir='ltr'>rem</span> <span class='ocrx_word' id='word_1_632' title='bbox 2701 4698 2965 4753; x_wconf 88' lang='lat' dir='ltr'>mercede</span> <span class='ocrx_word' id='word_1_633' title='bbox 2996 4698 3226 4770; x_wconf 87' lang='lat' dir='ltr'>locavit,</span> <span class='ocrx_word' id='word_1_634' title='bbox 3260 4700 3320 4755; x_wconf 92' lang='lat' dir='ltr'>in</span> <span class='ocrx_word' id='word_1_635' title='bbox 3352 4717 3510 4768; x_wconf 91' lang='lat' dir='ltr'>eum,</span> <span class='ocrx_word' id='word_1_636' title='bbox 3535 4702 3634 4774; x_wconf 88' lang='lat' dir='ltr'>qui</span> 
     </span>
    </p>
   </div>
   <div class='ocr_carea' id='block_1_94' title="bbox 216 4786 3632 4886">
    <p class='ocr_par' dir='ltr' id='par_1_94' title="bbox 216 4786 3632 4886">
     <span class='ocr_line' id='line_1_94' title="bbox 216 4786 3632 4886; baseline 0.001 -45"><span class='ocrx_word' id='word_1_637' title='bbox 216 4789 406 4842; x_wconf 89' lang='lat' dir='ltr'>nitur.</span> <span class='ocrx_word' id='word_1_638' title='bbox 444 4790 599 4844; x_wconf 83' lang='lat' dir='ltr'>Actio</span> <span class='ocrx_word' id='word_1_639' title='bbox 659 4791 733 4845; x_wconf 86' lang='lat' dir='ltr'>de</span> <span class='ocrx_word' id='word_1_640' title='bbox 784 4792 999 4861; x_wconf 79' lang='lat' dir='ltr'>Injuria</span> <span class='ocrx_word' id='word_1_641' title='bbox 1039 4793 1269 4847; x_wconf 84' lang='lat' dir='ltr'>annalis</span> <span class='ocrx_word' id='word_1_642' title='bbox 1300 4796 1426 4861; x_wconf 86' lang='lat' dir='ltr'>est;</span> <span class='ocrx_word' id='word_1_643' title='bbox 1462 4793 1523 4847; x_wconf 84' lang='lat' dir='ltr'>fit</span> <span class='ocrx_word' id='word_1_644' title='bbox 1554 4794 1750 4860; x_wconf 90' lang='lat' dir='ltr'>rebus,</span> <span class='ocrx_word' id='word_1_645' title='bbox 1820 4796 1879 4849; x_wconf 86' lang='lat' dir='ltr'>at</span> <span class='ocrx_word' id='word_1_646' title='bbox 1913 4820 1956 4886; x_wconf 82' lang='lat' dir='ltr'><strong>D</strong></span> <span class='ocrx_word' id='word_1_647' title='bbox 1989 4789 2362 4858; x_wconf 76' lang='lat' dir='ltr'>conduxit,ut</span> <span class='ocrx_word' id='word_1_648' title='bbox 2392 4786 2939 4886; x_wconf 49' lang='lat' dir='ltr'>mercedem-solvat</span> <span class='ocrx_word' id='word_1_649' title='bbox 2971 4807 2984 4857; x_wconf 90' lang='lat'><strong>;</strong></span> <span class='ocrx_word' id='word_1_650' title='bbox 3011 4788 3287 4886; x_wconf 67' lang='lat' dir='ltr'>Mandati,</span> <span class='ocrx_word' id='word_1_651' title='bbox 3319 4788 3632 4865; x_wconf 78' lang='grc' dir='ltr'>περὶἚντο-</span> 
     </span>
    </p>
   </div>
   <div class='ocr_carea' id='block_1_95' title="bbox 219 4878 1883 4951">
    <p class='ocr_par' dir='ltr' id='par_1_95' title="bbox 219 4878 1883 4951">
     <span class='ocr_line' id='line_1_95' title="bbox 219 4878 1883 4951; baseline 0.003 -20"><span class='ocrx_word' id='word_1_652' title='bbox 219 4891 401 4948; x_wconf 81' lang='lat' dir='ltr'>mage</span> <span class='ocrx_word' id='word_1_653' title='bbox 431 4878 622 4933; x_wconf 85' lang='lat' dir='ltr'>verbis</span> <span class='ocrx_word' id='word_1_654' title='bbox 657 4879 712 4933; x_wconf 88' lang='lat' dir='ltr'>in</span> <span class='ocrx_word' id='word_1_655' title='bbox 744 4896 955 4951; x_wconf 87' lang='lat' dir='ltr'>corpus</span> <span class='ocrx_word' id='word_1_656' title='bbox 986 4887 1041 4936; x_wconf 85' lang='lat' dir='ltr'>et</span> <span class='ocrx_word' id='word_1_657' title='bbox 1069 4880 1562 4938; x_wconf 76' lang='lat' dir='ltr'>existimationem</span> <span class='ocrx_word' id='word_1_658' title='bbox 1621 4884 1692 4937; x_wconf 90' lang='lat' dir='ltr'>ad</span> <span class='ocrx_word' id='word_1_659' title='bbox 1738 4881 1883 4936; x_wconf 78' lang='lat' dir='ltr'>infa-</span> 
     </span>
    </p>
   </div>
   <div class='ocr_carea' id='block_1_96' title="bbox 222 4965 1882 5042">
    <p class='ocr_par' dir='ltr' id='par_1_96' title="bbox 222 4965 1882 5042">
     <span class='ocr_line' id='line_1_96' title="bbox 222 4965 1882 5042; baseline 0.004 -24"><span class='ocrx_word' id='word_1_660' title='bbox 222 4966 411 5019; x_wconf 84' lang='lat' dir='ltr'>miam</span> <span class='ocrx_word' id='word_1_661' title='bbox 447 4965 885 5040; x_wconf 77' lang='lat' dir='ltr'>prolatiszages</span> <span class='ocrx_word' id='word_1_662' title='bbox 908 4985 976 5024; x_wconf 86' lang='lat' dir='ltr'>ea</span> <span class='ocrx_word' id='word_1_663' title='bbox 1032 4974 1089 5025; x_wconf 90' lang='lat' dir='ltr'>et</span> <span class='ocrx_word' id='word_1_664' title='bbox 1112 4970 1448 5042; x_wconf 87' lang='lat' dir='ltr'>pecuniarie</span> <span class='ocrx_word' id='word_1_665' title='bbox 1497 4977 1552 5025; x_wconf 87' lang='lat' dir='ltr'>et</span> <span class='ocrx_word' id='word_1_666' title='bbox 1609 4971 1882 5026; x_wconf 88' lang='lat' dir='ltr'>crimina-</span> 
     </span>
    </p>
   </div>
   <div class='ocr_carea' id='block_1_97' title="bbox 220 5052 1878 5132">
    <p class='ocr_par' dir='ltr' id='par_1_97' title="bbox 220 5052 1878 5132">
     <span class='ocr_line' id='line_1_97' title="bbox 220 5052 1878 5132; baseline 0.004 -24"><span class='ocrx_word' id='word_1_667' title='bbox 220 5052 386 5119; x_wconf 87' lang='lat' dir='ltr'>liter,</span> <span class='ocrx_word' id='word_1_668' title='bbox 440 5053 488 5109; x_wconf 87' lang='lat' dir='ltr'>si</span> <span class='ocrx_word' id='word_1_669' title='bbox 547 5056 713 5118; x_wconf 81' lang='lat' dir='ltr'>velis.</span> <span class='ocrx_word' id='word_1_670' title='bbox 770 5062 828 5112; x_wconf 86' lang='lat' dir='ltr'>et</span> <span class='ocrx_word' id='word_1_671' title='bbox 885 5057 1062 5114; x_wconf 88' lang='lat' dir='ltr'>unius</span> <span class='ocrx_word' id='word_1_672' title='bbox 1116 5075 1180 5114; x_wconf 89' lang='lat' dir='ltr'>ac</span> <span class='ocrx_word' id='word_1_673' title='bbox 1232 5059 1419 5115; x_wconf 89' lang='lat' dir='ltr'>solius</span> <span class='ocrx_word' id='word_1_674' title='bbox 1479 5060 1617 5115; x_wconf 88' lang='lat' dir='ltr'>anni</span> <span class='ocrx_word' id='word_1_675' title='bbox 1676 5060 1878 5132; x_wconf 88' lang='lat' dir='ltr'>elapsu</span> 
     </span>
    </p>
   </div>
   <div class='ocr_carea' id='block_1_98' title="bbox 223 5141 1880 5218">
    <p class='ocr_par' dir='ltr' id='par_1_98' title="bbox 223 5141 1880 5218">
     <span class='ocr_line' id='line_1_98' title="bbox 223 5141 1880 5218; baseline 0.005 -22"><span class='ocrx_word' id='word_1_676' title='bbox 223 5141 662 5213; x_wconf 84' lang='lat' dir='ltr'>comprimitur.</span> <span class='ocrx_word' id='word_1_677' title='bbox 685 5144 758 5200; x_wconf 91' lang='lat' dir='ltr'>Ut</span> <span class='ocrx_word' id='word_1_678' title='bbox 795 5147 1092 5202; x_wconf 89' lang='lat' dir='ltr'>actionum</span> <span class='ocrx_word' id='word_1_679' title='bbox 1123 5146 1180 5202; x_wconf 89' lang='lat' dir='ltr'>in</span> <span class='ocrx_word' id='word_1_680' title='bbox 1242 5165 1389 5216; x_wconf 87' lang='lat' dir='ltr'>rem,</span> <span class='ocrx_word' id='word_1_681' title='bbox 1418 5153 1476 5203; x_wconf 88' lang='lat' dir='ltr'>et</span> <span class='ocrx_word' id='word_1_682' title='bbox 1525 5148 1581 5204; x_wconf 92' lang='lat' dir='ltr'>in</span> <span class='ocrx_word' id='word_1_683' title='bbox 1637 5148 1880 5218; x_wconf 81' lang='lat' dir='ltr'>factum,</span> 
     </span>
    </p>
   </div>
   <div class='ocr_carea' id='block_1_99' title="bbox 221 5230 1881 5309">
    <p class='ocr_par' dir='ltr' id='par_1_99' title="bbox 221 5230 1881 5309">
     <span class='ocr_line' id='line_1_99' title="bbox 221 5230 1881 5309; baseline 0.004 -24"><span class='ocrx_word' id='word_1_684' title='bbox 221 5230 307 5286; x_wconf 87' lang='lat' dir='ltr'>ita</span> <span class='ocrx_word' id='word_1_685' title='bbox 337 5232 765 5290; x_wconf 79' lang='lat' dir='ltr'>lnterdictorum</span> <span class='ocrx_word' id='word_1_686' title='bbox 814 5251 961 5291; x_wconf 89' lang='lat' dir='ltr'>usus</span> <span class='ocrx_word' id='word_1_687' title='bbox 1023 5236 1393 5309; x_wconf 87' lang='lat' dir='ltr'>pluripotens</span> <span class='ocrx_word' id='word_1_688' title='bbox 1450 5243 1559 5306; x_wconf 88' lang='lat' dir='ltr'>est,</span> <span class='ocrx_word' id='word_1_689' title='bbox 1613 5243 1670 5294; x_wconf 87' lang='lat' dir='ltr'>et</span> <span class='ocrx_word' id='word_1_690' title='bbox 1698 5237 1881 5293; x_wconf 89' lang='lat' dir='ltr'>multa</span> 
     </span>
    </p>
   </div>
   <div class='ocr_carea' id='block_1_100' title="bbox 223 5321 1883 5399">
    <p class='ocr_par' dir='ltr' id='par_1_100' title="bbox 223 5321 1883 5399">
     <span class='ocr_line' id='line_1_100' title="bbox 223 5321 1883 5399; baseline 0.004 -24"><span class='ocrx_word' id='word_1_691' title='bbox 223 5321 472 5376; x_wconf 86' lang='lat' dir='ltr'>nomina</span> <span class='ocrx_word' id='word_1_692' title='bbox 502 5322 745 5379; x_wconf 87' lang='lat' dir='ltr'>obtinet.</span> <span class='ocrx_word' id='word_1_693' title='bbox 776 5324 878 5379; x_wconf 86' lang='lat' dir='ltr'>Est</span> <span class='ocrx_word' id='word_1_694' title='bbox 905 5329 1099 5381; x_wconf 86' lang='lat' dir='ltr'>autem</span> <span class='ocrx_word' id='word_1_695' title='bbox 1175 5326 1557 5383; x_wconf 84' lang='lat' dir='ltr'>Inlerdictum</span> <span class='ocrx_word' id='word_1_696' title='bbox 1614 5327 1883 5399; x_wconf 74' lang='lat' dir='ltr'>praetoris</span> 
     </span>
    </p>
   </div>
   <div class='ocr_carea' id='block_1_101' title="bbox 221 5408 1878 5487">
    <p class='ocr_par' dir='ltr' id='par_1_101' title="bbox 221 5408 1878 5487">
     <span class='ocr_line' id='line_1_101' title="bbox 221 5408 1878 5487; baseline 0.004 -23"><span class='ocrx_word' id='word_1_697' title='bbox 221 5408 591 5483; x_wconf 88' lang='lat' dir='ltr'>colloquium</span> <span class='ocrx_word' id='word_1_698' title='bbox 651 5416 707 5469; x_wconf 84' lang='lat' dir='ltr'>et</span> <span class='ocrx_word' id='word_1_699' title='bbox 752 5414 1144 5482; x_wconf 89' lang='lat' dir='ltr'>denuntiatio,</span> <span class='ocrx_word' id='word_1_700' title='bbox 1207 5431 1325 5487; x_wconf 84' lang='lat' dir='ltr'>quo</span> <span class='ocrx_word' id='word_1_701' title='bbox 1374 5415 1536 5472; x_wconf 84' lang='lat' dir='ltr'>litem</span> <span class='ocrx_word' id='word_1_702' title='bbox 1568 5432 1684 5471; x_wconf 90' lang='lat' dir='ltr'>non</span> <span class='ocrx_word' id='word_1_703' title='bbox 1734 5416 1878 5471; x_wconf 91' lang='lat' dir='ltr'>diri-</span> 
     </span>
    </p>
   </div>
   <div class='ocr_carea' id='block_1_102' title="bbox 224 5497 1882 5577">
    <p class='ocr_par' dir='ltr' id='par_1_102' title="bbox 224 5497 1882 5577">
     <span class='ocr_line' id='line_1_102' title="bbox 224 5497 1882 5577; baseline 0.005 -24"><span class='ocrx_word' id='word_1_704' title='bbox 224 5497 359 5570; x_wconf 87' lang='lat' dir='ltr'>mit,</span> <span class='ocrx_word' id='word_1_705' title='bbox 389 5499 494 5555; x_wconf 87' lang='lat' dir='ltr'>sed</span> <span class='ocrx_word' id='word_1_706' title='bbox 525 5500 697 5558; x_wconf 87' lang='lat' dir='ltr'>docet</span> <span class='ocrx_word' id='word_1_707' title='bbox 722 5500 916 5559; x_wconf 89' lang='lat' dir='ltr'>solum</span> <span class='ocrx_word' id='word_1_708' title='bbox 966 5505 1261 5575; x_wconf 88' lang='lat' dir='ltr'>quomodo</span> <span class='ocrx_word' id='word_1_709' title='bbox 1309 5504 1574 5577; x_wconf 85' lang='lat' dir='ltr'>judicem</span> <span class='ocrx_word' id='word_1_710' title='bbox 1619 5509 1882 5576; x_wconf 83' lang='lat' dir='ltr'>oporteat</span> 
     </span>
    </p>
   </div>
   <div class='ocr_carea' id='block_1_103' title="bbox 303 5708 796 5793">
    <p class='ocr_par' dir='ltr' id='par_1_103' title="bbox 303 5708 796 5793">
     <span class='ocr_line' id='line_1_103' title="bbox 303 5708 796 5793; baseline 0.012 -23"><span class='ocrx_word' id='word_1_711' title='bbox 303 5713 388 5789; x_wconf 88' lang='lat'>(8)</span> <span class='ocrx_word' id='word_1_712' title='bbox 416 5708 796 5793; x_wconf 78' lang='grc' dir='ltr'>Προιϐιτορία.</span> 
     </span>
    </p>
   </div>
   <div class='ocr_carea' id='block_1_104' title="bbox 1992 4876 3633 4952">
    <p class='ocr_par' dir='ltr' id='par_1_104' title="bbox 1992 4876 3633 4952">
     <span class='ocr_line' id='line_1_104' title="bbox 1992 4876 3633 4952; baseline 0.003 -20"><span class='ocrx_word' id='word_1_713' title='bbox 1992 4876 2116 4947; x_wconf 83' lang='grc' dir='ltr'>λῆς,</span> <span class='ocrx_word' id='word_1_714' title='bbox 2150 4882 2241 4934; x_wconf 88' lang='lat' dir='ltr'>est</span> <span class='ocrx_word' id='word_1_715' title='bbox 2266 4894 2336 4933; x_wconf 82' lang='lat' dir='ltr'>ex</span> <span class='ocrx_word' id='word_1_716' title='bbox 2365 4893 2676 4933; x_wconf 90' lang='lat' dir='ltr'>consensu.</span> <span class='ocrx_word' id='word_1_717' title='bbox 2712 4877 2879 4931; x_wconf 75' lang='lat' dir='ltr'>Metus</span> <span class='ocrx_word' id='word_1_718' title='bbox 2913 4893 3081 4934; x_wconf 72' lang='lat' dir='ltr'>causa</span> <span class='ocrx_word' id='word_1_719' title='bbox 3136 4878 3187 4933; x_wconf 91' lang='lat' dir='ltr'>ei</span> <span class='ocrx_word' id='word_1_720' title='bbox 3217 4880 3499 4951; x_wconf 82' lang='lat' dir='ltr'>competit</span> <span class='ocrx_word' id='word_1_721' title='bbox 3536 4882 3633 4952; x_wconf 87' lang='lat' dir='ltr'>qui</span> 
     </span>
    </p>
   </div>
   <div class='ocr_carea' id='block_1_105' title="bbox 1988 4966 3633 5039">
    <p class='ocr_par' dir='ltr' id='par_1_105' title="bbox 1988 4966 3633 5039">
     <span class='ocr_line' id='line_1_105' title="bbox 1988 4966 3633 5039; baseline 0.002 -16"><span class='ocrx_word' id='word_1_722' title='bbox 1988 4967 2199 5023; x_wconf 88' lang='lat' dir='ltr'>timore</span> <span class='ocrx_word' id='word_1_723' title='bbox 2230 4966 2535 5039; x_wconf 84' lang='lat' dir='ltr'>potestatis</span> <span class='ocrx_word' id='word_1_724' title='bbox 2568 4983 2687 5022; x_wconf 89' lang='lat' dir='ltr'>rem</span> <span class='ocrx_word' id='word_1_725' title='bbox 2718 4983 2885 5021; x_wconf 88' lang='lat' dir='ltr'>suam</span> <span class='ocrx_word' id='word_1_726' title='bbox 2921 4967 3102 5034; x_wconf 81' lang='lat' dir='ltr'>dedit,</span> <span class='ocrx_word' id='word_1_727' title='bbox 3132 4967 3220 5023; x_wconf 90' lang='lat' dir='ltr'>vel</span> <span class='ocrx_word' id='word_1_728' title='bbox 3244 4968 3507 5026; x_wconf 84' lang='lat' dir='ltr'>debitum</span> <span class='ocrx_word' id='word_1_729' title='bbox 3540 4988 3633 5027; x_wconf 90' lang='lat' dir='ltr'>ac-</span> 
     </span>
    </p>
   </div>
   <div class='ocr_carea' id='block_1_106' title="bbox 1991 5054 3633 5127">
    <p class='ocr_par' dir='ltr' id='par_1_106' title="bbox 1991 5054 3633 5127">
     <span class='ocr_line' id='line_1_106' title="bbox 1991 5054 3633 5127; baseline 0.003 -16"><span class='ocrx_word' id='word_1_730' title='bbox 1991 5060 2156 5127; x_wconf 83' lang='lat' dir='ltr'>cepto</span> <span class='ocrx_word' id='word_1_731' title='bbox 2188 5055 2369 5124; x_wconf 87' lang='lat' dir='ltr'>tulit;</span> <span class='ocrx_word' id='word_1_732' title='bbox 2429 5054 2756 5127; x_wconf 88' lang='lat' dir='ltr'>personalis</span> <span class='ocrx_word' id='word_1_733' title='bbox 2791 5059 2899 5125; x_wconf 89' lang='lat' dir='ltr'>est,</span> <span class='ocrx_word' id='word_1_734' title='bbox 2942 5060 3000 5111; x_wconf 91' lang='lat' dir='ltr'>et</span> <span class='ocrx_word' id='word_1_735' title='bbox 3055 5073 3207 5113; x_wconf 89' lang='lat' dir='ltr'>anno</span> <span class='ocrx_word' id='word_1_736' title='bbox 3263 5059 3633 5116; x_wconf 88' lang='lat' dir='ltr'>terminatur.</span> 
     </span>
    </p>
   </div>
   <div class='ocr_carea' id='block_1_107' title="bbox 1990 5143 3638 5219">
    <p class='ocr_par' dir='ltr' id='par_1_107' title="bbox 1990 5143 3638 5219">
     <span class='ocr_line' id='line_1_107' title="bbox 1990 5143 3638 5219; baseline 0 -18"><span class='ocrx_word' id='word_1_737' title='bbox 1990 5146 2305 5218; x_wconf 76' lang='lat' dir='ltr'>Majeslalz&#39;s,</span> <span class='ocrx_word' id='word_1_738' title='bbox 2359 5160 2389 5199; x_wconf 93' lang='grc' dir='ltr'>ο</span> <span class='ocrx_word' id='word_1_739' title='bbox 2467 5143 2726 5212; x_wconf 80' lang='lat' dir='ltr'>domine,</span> <span class='ocrx_word' id='word_1_740' title='bbox 2778 5148 2868 5199; x_wconf 88' lang='lat' dir='ltr'>est</span> <span class='ocrx_word' id='word_1_741' title='bbox 2925 5144 3015 5200; x_wconf 83' lang='lat' dir='ltr'>lex</span> <span class='ocrx_word' id='word_1_742' title='bbox 3066 5146 3221 5202; x_wconf 83' lang='lat' dir='ltr'>Julia</span> <span class='ocrx_word' id='word_1_743' title='bbox 3268 5163 3384 5217; x_wconf 87' lang='lat' dir='ltr'>qua</span> <span class='ocrx_word' id='word_1_744' title='bbox 3443 5147 3638 5219; x_wconf 84' lang='lat' dir='ltr'>agitur</span> 
     </span>
    </p>
   </div>
   <div class='ocr_carea' id='block_1_108' title="bbox 1991 5232 3635 5307">
    <p class='ocr_par' dir='ltr' id='par_1_108' title="bbox 1991 5232 3635 5307">
     <span class='ocr_line' id='line_1_108' title="bbox 1991 5232 3635 5307; baseline 0.002 -16"><span class='ocrx_word' id='word_1_745' title='bbox 1991 5238 2195 5291; x_wconf 86' lang='lat' dir='ltr'>contra</span> <span class='ocrx_word' id='word_1_746' title='bbox 2222 5249 2355 5288; x_wconf 90' lang='lat' dir='ltr'>eum</span> <span class='ocrx_word' id='word_1_747' title='bbox 2391 5232 2489 5306; x_wconf 90' lang='lat' dir='ltr'>qui</span> <span class='ocrx_word' id='word_1_748' title='bbox 2551 5234 2830 5289; x_wconf 81' lang='lat' dir='ltr'>adversus</span> <span class='ocrx_word' id='word_1_749' title='bbox 2862 5250 3028 5307; x_wconf 85' lang='lat' dir='ltr'>reges</span> <span class='ocrx_word' id='word_1_750' title='bbox 3086 5235 3304 5305; x_wconf 87' lang='lat' dir='ltr'>aliquid</span> <span class='ocrx_word' id='word_1_751' title='bbox 3362 5236 3635 5305; x_wconf 87' lang='lat' dir='ltr'>patravit.</span> 
     </span>
    </p>
   </div>
   <div class='ocr_carea' id='block_1_109' title="bbox 1989 5322 3635 5395">
    <p class='ocr_par' dir='ltr' id='par_1_109' title="bbox 1989 5322 3635 5395">
     <span class='ocr_line' id='line_1_109' title="bbox 1989 5322 3635 5395; baseline 0 -13"><span class='ocrx_word' id='word_1_752' title='bbox 1989 5325 2174 5382; x_wconf 89' lang='lat' dir='ltr'>Grave</span> <span class='ocrx_word' id='word_1_753' title='bbox 2234 5327 2322 5378; x_wconf 89' lang='lat' dir='ltr'>est</span> <span class='ocrx_word' id='word_1_754' title='bbox 2378 5322 2527 5378; x_wconf 74' lang='lat' dir='ltr'>laesae</span> <span class='ocrx_word' id='word_1_755' title='bbox 2587 5340 2761 5379; x_wconf 70' lang='lat' dir='ltr'>sacras</span> <span class='ocrx_word' id='word_1_756' title='bbox 2822 5324 3143 5395; x_wconf 85' lang='lat' dir='ltr'>Majestatis</span> <span class='ocrx_word' id='word_1_757' title='bbox 3191 5323 3434 5392; x_wconf 90' lang='lat' dir='ltr'>crimen,</span> <span class='ocrx_word' id='word_1_758' title='bbox 3459 5323 3635 5382; x_wconf 87' lang='lat' dir='ltr'>etiam</span> 
     </span>
    </p>
   </div>
   <div class='ocr_carea' id='block_1_110' title="bbox 1990 5413 3637 5485">
    <p class='ocr_par' dir='ltr' id='par_1_110' title="bbox 1990 5413 3637 5485">
     <span class='ocr_line' id='line_1_110' title="bbox 1990 5413 3637 5485; baseline 0.001 -15"><span class='ocrx_word' id='word_1_759' title='bbox 1990 5413 2411 5470; x_wconf 85' lang='lat' dir='ltr'>exsistentibus</span> <span class='ocrx_word' id='word_1_760' title='bbox 2440 5413 2641 5469; x_wconf 86' lang='lat' dir='ltr'>liberis</span> <span class='ocrx_word' id='word_1_761' title='bbox 2673 5413 2939 5469; x_wconf 86' lang='lat' dir='ltr'>damnati</span> <span class='ocrx_word' id='word_1_762' title='bbox 2990 5414 3140 5469; x_wconf 88' lang='lat' dir='ltr'>bona</span> <span class='ocrx_word' id='word_1_763' title='bbox 3170 5413 3637 5485; x_wconf 89' lang='lat' dir='ltr'>proscribuntur.</span> 
     </span>
    </p>
   </div>
   <div class='ocr_carea' id='block_1_111' title="bbox 1988 5502 3634 5580">
    <p class='ocr_par' dir='ltr' id='par_1_111' title="bbox 1988 5502 3634 5580">
     <span class='ocr_line' id='line_1_111' title="bbox 1988 5502 3634 5580; baseline 0 -20"><span class='ocrx_word' id='word_1_764' title='bbox 1988 5503 2342 5562; x_wconf 67' lang='lat' dir='ltr'>Héereditatz&#39;s</span> <span class='ocrx_word' id='word_1_765' title='bbox 2392 5506 2479 5559; x_wconf 88' lang='lat' dir='ltr'>est</span> <span class='ocrx_word' id='word_1_766' title='bbox 2534 5504 2604 5560; x_wconf 88' lang='lat' dir='ltr'>de</span> <span class='ocrx_word' id='word_1_767' title='bbox 2644 5502 3018 5560; x_wconf 85' lang='lat' dir='ltr'>successione</span> <span class='ocrx_word' id='word_1_768' title='bbox 3072 5502 3192 5559; x_wconf 91' lang='lat' dir='ltr'>sive</span> <span class='ocrx_word' id='word_1_769' title='bbox 3248 5502 3371 5579; x_wconf 73' lang='grc' dir='ltr'>περὶ</span> <span class='ocrx_word' id='word_1_770' title='bbox 3430 5502 3634 5580; x_wconf 89' lang='grc' dir='ltr'>κληρο-</span> 
     </span>
    </p>
   </div>
   <div class='ocr_carea' id='block_1_112' title="bbox 2062 5717 2711 5799">
    <p class='ocr_par' dir='ltr' id='par_1_112' title="bbox 2062 5717 2711 5799">
     <span class='ocr_line' id='line_1_112' title="bbox 2062 5717 2711 5799; baseline 0.002 -22"><span class='ocrx_word' id='word_1_771' title='bbox 2062 5722 2140 5797; x_wconf 78' lang='lat'>(9)</span> <span class='ocrx_word' id='word_1_772' title='bbox 2167 5720 2281 5799; x_wconf 79' lang='grc' dir='ltr'>Πρὸ</span> <span class='ocrx_word' id='word_1_773' title='bbox 2311 5717 2467 5794; x_wconf 86' lang='grc' dir='ltr'>δίκης</span> <span class='ocrx_word' id='word_1_774' title='bbox 2496 5717 2711 5797; x_wconf 83' lang='grc' dir='ltr'>ὁμιλία.</span> 
     </span>
    </p>
   </div>
  </div>
