4054 6200
419 365 538 427 947

413 497 653 553 Κινεῖται
685 490 733 548 δ’
764 492 809 547 εἰ
839 488 929 546 καί
957 490 1215 561 τέθνηκεν
1249 489 1278 544 6
1309 485 1784 563 κατηγορημένος.

410 585 475 642 Ἠ
500 584 733 658 Ῥιρουμ
763 582 1117 654 Ἀμοταρουμ
1148 575 1206 633 δὲ
1233 573 1607 639 κονδικτίκιος
1630 575 1816 652 λόγος.

411 673 672 750 Ἀρμόζιι
706 668 763 726 δὲ
794 670 881 726 καὶ
914 667 1121 744 γυναιξὶ
1149 667 1285 721 κατά
1312 670 1422 721 τῶν
1455 664 1873 734 συνοικούντων,

412 759 598 837 Ἀνδρί
625 781 685 815 τε
711 760 848 815 κατὰ
876 757 1137 834 γυναικὸς
1168 753 1493 830 κλέψαντος,
1524 754 1560 824 ἢ
1592 753 1886 829 κλεψάσης.

417 850 806 911 Στελιονατους
836 845 894 902 δὲ
925 846 1037 901 ἐστι
1068 844 1311 920 πράξεως
1333 843 1589 917 πονηρία·

415 942 640 998 Ὀποῖον
673 937 718 994 εἰ
750 935 1039 1013 χρεώστης
1066 933 1150 995 τίς
1178 954 1284 987 τινι
1315 937 1424 987 τῶν
1459 930 1838 1005 δανεισάντων,

421 1028 516 1093 Εἷς
550 1029 834 1098 ὑποθήκην
865 1030 1090 1100 πρᾶγμα
1121 1020 1200 1096 δῷ
1228 1022 1776 1099 προϋποτεθειμένον·

415 1121 569 1193 Ἔχει
602 1114 648 1171 δ’
679 1109 1147 1190 ἐξτραορδινάριον
1174 1116 1334 1167 τοῦτο
1364 1111 1461 1180 τήν
1492 1111 1784 1187 τιμωρίαν.

418 1207 637 1283 Ἀγωγὴ
671 1202 974 1278 διαιρετικὴ
1006 1199 1106 1278 ἤγε
1134 1195 1519 1277 Τριϐουτορια.

407 1298 474 1355 ἸΙ
505 1293 562 1351 δέ
589 1315 649 1371 γε
681 1295 787 1367 μὴν
818 1290 1105 1357 Τουτελαε,
1138 1289 1173 1359 ἢ
1203 1290 1321 1345 κατ’
1346 1289 1673 1366 ἐπιτρόπων·

421 1386 492 1439 Τὸ
523 1381 581 1438 δὲ
609 1378 1057 1457 Τερτουλιανειον
1089 1376 1267 1455 δόγμα
1296 1379 1432 1454 πρὸς
1461 1376 1816 1456 συκοφάντας.

409 1475 501 1544 ,Τὸ
533 1471 591 1530 δὲ
622 1470 893 1551 φαμιλίας
923 1467 1307 1546 ἐρκισκοόνδαε
1336 1468 1529 1538 τόπος,

444 1568 516 1620 Εν
547 1564 593 1636 ᾧ
623 1562 691 1617 τὰ
722 1560 1048 1635 δικαστήρια
1078 1555 1280 1624 διπλῆν
1316 1556 1430 1633 ἔχει
1460 1560 1559 1626 τήν
1593 1556 1774 1635 φύσιν,

411 1657 532 1709 Τῶν
571 1649 943 1728 ἐγκαλούντων
976 1646 1021 1703 δ’
1050 1644 1273 1709 ἕκαστος
1308 1643 1487 1722 ἄκτωρ
1518 1645 1629 1702 ἐστὶ
1658 1648 1749 1702 καὶ
1783 1645 1936 1722 ῥὶος.

412 1744 484 1798 'H
515 1747 875 1818 Φυνερατικια
906 1735 985 1804 δὲ,
1016 1738 1233 1791 ἀπαιτεῖ
1254 1737 1353 1805 τήν
1386 1733 1648 1808 δαπάνην,

422 1835 544 1889 Τῶν
578 1830 631 1885 ἓν
661 1832 806 1905 ταφῇ
838 1825 984 1903 παρά
1008 1846 1152 1887 τινος
1181 1822 1369 1888 καλῶς
1396 1819 1874 1896 καταϐληθέντων,

420 1920 524 1976 Καὶ
554 1923 888 1993 προτιμᾶται
911 1920 1018 1972 τῶν
1053 1918 1255 1990 χρεῶν,
1287 1911 1413 1982 ἤτοι
1438 1912 1572 1983 αὐτὴ
1617 1911 1849 1985 δαπάνη.

425 2004 615 2084 Δόγμα
646 2006 703 2063 δὲ
729 2005 794 2062 τὸ
816 2003 1165 2072 Ἀτιλανειον,
1197 2004 1292 2058 τὸν
1322 1998 1520 2078 ἀκριϐῆ
1552 2003 1725 2077 νομέα

427 2099 587 2170 Μήτε
609 2093 907 2172 κερδαίνειν
941 2092 1217 2170 περιττὸν,
1253 2094 1394 2166 μήτε
1426 2092 1521 2165 μὶν
1556 2095 1903 2166 ζημιοῦσθαι.

420 2185 611 2264 Δόγμα
639 2186 701 2241 τὸ
731 2185 1087 2263 Ἀμφιάνειον
1122 2181 1402 2241 παντελῶς
1429 2180 1688 2258 ἇνηρέθη,

417 2278 609 2354 Δόγμα
626 2276 690 2331 τὸ
721 2273 1054 2350 Ἀδριάνειον
1088 2271 1374 2337 παντελῶς
1402 2273 1669 2344 ἡθετηθη.

416 2367 600 2441 Δόγμα
630 2363 688 2421 δὶ
716 2365 777 2420 τὸ
811 2362 1073 2421 Ἀτίλειον
1108 2359 1312 2418 κωλύει
1344 2362 1411 2416 τά
1438 2359 1737 2432 κλαπέντα,

416 2456 516 2513 Διὰ
543 2461 721 2528 νομῆς
754 2451 1100 2523 δεσπόζεσθαι
1134 2450 1359 2527 χρονίας
1385 2451 1796 2535 προσηκόντως.

411 2547 473 2604 Ὀ
503 2543 673 2619 νόμος
701 2541 746 2598 δ’
777 2542 1029 2619 ὁγνάριος
1064 2543 1176 2613 (ΙΟ)
1206 2542 1297 2594 τὸν
1331 2539 1491 2616 ὅρους
1533 2540 1846 2612 μεταθέντα,

411 2635 657 2709 Χρυσοῦς
688 2630 1000 2705 εἰσπράττει
1033 2628 1247 2694 ἑκατὸν,
1267 2625 1347 2703 ἐφ’
1379 2626 1586 2699 ἑκάστῳ
1615 2631 1722 2681 τῶν
1753 2628 1916 2702 ὅρων.

411 2723 475 2780 Ὀ
503 2720 674 2794 νόμος
707 2720 735 2775 6
771 2719 1040 2794 βοκώνιος
1078 2714 1362 2777 παντελῶς
1393 2714 1657 2789 ἀνηρέθη,

414 2808 603 2885 Δόγμα
629 2805 675 2863 δ’
703 2804 1168 2879 ’Λσουμνιάνειον,
1201 2801 1311 2860 ἔστι
1341 2808 1611 2871 τοιοῦτον,
1644 2801 1790 2875 ἅναξ.

410 2898 539 2958 Ἐάν
567 2918 652 2961 τις
688 2896 794 2953 ὑπὸ
823 2893 1046 2972 α’ίρεσιν,
1078 2894 1113 2964 ἢ
1141 2892 1275 2958 ’ίσως
1312 2895 1413 2950 ὑπὸ
1445 2892 1597 2969 ὅρον,

1760 356 2184 421 MIGHAELIS
2233 354 2500 418 PSELLI

2099 492 2153 558 Α
2182 485 2522 564 Ἐλευθερίαν
2555 488 2810 561 χρεωστῇ
2842 480 3346 564 φιδικομισσαρίαν,

3708 352 3855 416 948

2172 578 2382 635 Ἔπειτ⁹
2411 575 2864 648 ἀπολι-μπάνηται
2894 572 2967 629 δι’
2998 573 3224 651 εὔλογον
3256 574 3344 631 αἷτ
3357 574 3459 648 ίαν,

2176 666 2327 736 Αὕτη
2368 666 2460 738 μὲν
2488 662 2578 720 ’ίνα
2604 667 2877 740 προχωρῇ
2918 661 2986 719 δι’
3014 661 3241 740 εὔλογον
3269 664 3443 721 αἰτίαν
3474 669 3612 740 (li),

2176 753 2347 816 Αὐτὸς
2378 751 2421 809 δ’
2453 753 2594 809 ἐστὶν
2619 752 2961 816 ἀνέκπτωτος
2991 759 3349 830 πατρωνικῶν
3382 753 3632 814 δικαίων.

2180 844 2364 916 Νόμος
2394 845 2422 898 6
2458 842 2690 906 ’[οόΛιός
2716 842 2825 898 ἐστι
2859 841 2984 918 περί
3018 845 3294 919 μοιχείας.

2181 933 2315 1002 Περὶ
2347 931 2748 1000 καθοσιώσεως,
2781 932 2905 1008 περὶ
2939 930 3061 1008 βίας
3088 930 3345 992 ἐνόπλου.

2184 1023 2372 1098 Δόγμα
2398 1023 2460 1077 τὸ
2492 1019 2883 1078 Κλαυδιάνειον
2911 1020 3138 1084 τελείως
3168 1023 3429 1099 ἆνηρέθη.

2183 1111 2261 1168 Τὸ
2289 1108 2346 1165 δὲ
2378 1106 2809 1186 Καρϐωνιάνειον
2845 1111 3037 1185 βοηθεῖ
3062 1116 3181 1175 τοῖς
3208 1108 3459 1183 ἀνήϐοις,

2182 1200 2241 1253 Ὀ
2271 1200 2440 1272 νόμος
2467 1196 2513 1254 δ’
2545 1200 2572 1254 6
2610 1196 2919 1272 Κορνήλιος
2944 1200 3080 1255 κατὰ
3108 1206 3217 1256 τῶν
3248 1200 3711 1281 πλαστογράφων.

2185 1288 2374 1364 Δόγμα
2406 1287 2807 1362 Λαργιτιάνειον
2835 1286 3105 1362 ἐσχόλασε
3134 1290 3376 1354 τελείως*

2187 1379 2377 1451 Δόγμα
2405 1377 2467 1431 τὸ
2494 1375 2793 1434 Νινιάνειον
2823 1382 2985 1431 τανῦν
3016 1377 3116 1433 οὐκ
3141 1375 3257 1454 ἔχει
3288 1387 3513 1456 χρῆσιν.

2188 1466 2266 1523 Τὸ
2298 1463 2356 1521 δὲ
2382 1466 2776 1541 Ὀρφιτιάνειον
2804 1471 3035 1541 παρέχει
3064 1472 3182 1532 τοῖς
3210 1463 3472 1543 ἐκγόνοις·

2189 1555 2417 1629 Νόμιμα
2448 1551 2628 1609 δίκαιά
2653 1575 2774 1609 τινα
2805 1551 3092 1630 διαδοχαῖς
3124 1557 3397 1633 μητέρων.

2187 1645 2250 1701 Ὁ
2279 1643 2447 1717 νόμος
2481 1642 2527 1698 δ’
2557 1644 2586 1697 6
2617 1644 2828 1706 Πάπιος
2858 1642 3142 1707 παντελῶς
3182 1645 3441 1720 ἀνηρέθη.

2190 1733 2381 1808 Δόγμα
2403 1733 2466 1787 τὸ
2502 1730 2808 1788 Σιλιάνειον
2837 1730 3111 1804 ἐκδίκησιν
3146 1733 3371 1809 εἰσάγει,

2191 1819 2365 1884 Εἷ’τις
2397 1821 2569 1895 βίαιον
2596 1822 2856 1877 πέπονθεν
2891 1819 3190 1900 αἰφνιδίως.

2179 1911 2369 1987 Δόγμα
2397 1911 2805 1986 Τερτυλιάνειον
2838 1912 3030 1988 βοηθεῖ
3054 1917 3175 1974 ταῖς
3206 1914 3507 1987 μητράσιν,

2181 2001 2271 2063 Εἰς
2301 2002 2403 2070 τήν
2434 2004 2543 2055 τῶν
2575 1996 2785 2055 παίδων
2813 2000 3050 2074 νόμιμον
3074 2000 3291 2065 πάντως
3319 2000 3727 2078 κληρονομίαν.

2171 2091 2234 2148 Ὀ
2264 2088 2431 2163 νόμος
2462 2089 2491 2143 6
2523 2086 2823 2151 Φαλκίδιος
2850 2088 3043 2145 αὐτίκα
3070 2111 3158 2145 σοι
3193 2090 3411 2168 ῥητέος,

2174 2182 2336 2254 Ἔχει
2366 2179 2469 2254 γάρ
2499 2178 2636 2254 πρὸς
2671 2178 2978 2253 κατάληψιν
3012 2180 3077 2234 οὐ
3111 2181 3307 2255 μικράν
3341 2178 3660 2239 δυσκολίαν.

2242 2271 2303 2327 Ὁ
2337 2268 2804 2342 εἷκοστόπεμπτος
2834 2271 3021 2345 καιρὸς
3051 2276 3159 2326 τῶν
3196 2270 3463 2341 ἐνηλίκων
3497 2273 3651 2343 ἄναξ,

2170 2341 2312 2432 ξᾹπὸ
2346 2357 2523 2435 ῥοπῆς
2551 2341 2719 2434 μέχρι
2753 2341 2939 2435 ῥοπῆς·
2955 2364 3197 2435 νομικῶς
3227 2361 3560 2436 ἀριθμεῖται·

2201 2454 2277 2502 Av
2312 2445 2518 2523 α’ίρεσις
2545 2449 2674 2522 τεθῇ
2703 2448 2810 2503 τινὶ
2842 2453 3038 2522 καιροῦ
3072 2450 3148 2523 μὴ
3184 2450 3516 2525 ὁρισθέντος,

2169 2536 2265 2601 Εἰς
2289 2536 2577 2614 πλήρωσιν
2613 2538 2866 2609 αἱρέσεως
2888 2538 3097 2613 ἡμέρας
3131 2533 3249 2615 ἔχει
3280 2536 3398 2598 δύο,

2165 2628 2238 2683 Ὀ
2266 2626 2494 2699 νομικὸς
2527 2626 2921 2705 συμψηφισμὸς
2951 2625 3043 2681 τὸν
3076 2628 3298 2702 χρόνον,
3330 2627 3675 2708 Στεφηφόρε,

2165 2710 2448 2788 Ἑϐδόμης
2482 2714 2626 2789 ὥρας
2653 2713 2701 2769 δ’
2729 2716 2955 2790 ἄρχεται
2986 2716 3199 2788 νυκτὸς,
3233 2717 3322 2772 καὶ
3358 2719 3526 2794 μέχρι
3551 2717 3689 2789 ’ἐκης

2169 2805 2382 2868 Νυκτὸς
2410 2811 2509 2874 τῆς
2541 2802 2718 2874 ἄλλης
2740 2800 2977 2881 ἀκριϐῶς
3017 2805 3118 2874 τήν
3149 2806 3438 2882 περαίωσιν
3468 2803 3609 2884 ἔχει.

2167 2894 2236 2950 Ἠ
2264 2887 2543 2963 ἕκκλητος
2573 2890 2846 2950 ἐκδίδοται
2875 2892 3024 2958 ἐντὸς
3053 2897 3275 2971 ἡμερῶν
3312 2893 3460 2955 δέκα.

3451 2988 3616 3047 Vera.
3648 2987 3765 3045 673

406 3211 627 3287 νομίας,
648 3213 711 3270 in
760 3228 876 3286 qua
906 3212 1069 3270 nulla
1102 3217 1192 3270 est
1239 3211 1567 3268 differentia
1613 3212 1959 3283 agnatorum
1999 3213 2059 3267 et
2087 3211 2130 3280 C
2171 3214 2407 3267 centum
2446 3227 2653 3268 aureos
2705 3212 2903 3286 exigit.
2946 3215 3058 3269 Lex
3101 3214 3339 3272 Voconia
3395 3232 3644 3289 prorsus
3684 3217 3834 3275 sub-

407 3308 795 3376 cognatorum
831 3319 1146 3368 suorum,o
1177 3301 1500 3367 domine,et
1529 3298 2055 3372 emancipatorum.

405 3392 622 3449 Omnes
659 3394 893 3449 Noxales
948 3394 1188 3448 actiones
1242 3390 1550 3459 Praetoriae,
1582 3392 1889 3445 moventur
1916 3405 2057 3444 con-

404 3485 497 3537 tra
520 3481 791 3538 dominos
851 3496 1154 3538 servorum
1208 3478 1700 3551 delinquentium.
1752 3478 1831 3533 De
1889 3479 2055 3549 Repe-

403 3570 596 3627 tundz's
643 3571 827 3626 fertur
857 3574 1058 3625 contra
1104 3585 1352 3624 munera
1398 3567 1771 3640 accipientes,
1804 3566 2059 3622 maxime

406 3661 813 3732 magistratus,
837 3664 894 3714 et
947 3676 1147 3716 eorum
1181 3675 1514 3715 assessores
1544 3674 1557 3725 ;
1596 3663 1860 3713 movetur
1878 3660 2057 3712 etiam

406 3749 458 3803 si
509 3762 646 3802 reus
699 3752 971 3802 mortuus
1009 3748 1101 3802 sit.
1145 3748 1342 3801 Rerum
1391 3745 1714 3800 Amotarum
1770 3744 2057 3801 condictio

406 3837 688 3906 competit
710 3839 767 3890 et
820 3835 1170 3890 mulieribus
1229 3841 1435 3889 contra
1491 3834 1791 3904 conjuges,
1850 3839 1905 3888 et
1933 3833 2057 3889 viro

405 3930 609 3979 contra
633 3923 941 3978 mulierem
976 3927 1288 3989 furantem,
1319 3922 1406 3976 vel
1441 3922 1715 3977 furatum.
1754 3920 2055 3979 Stelliuna-

405 4020 495 4068 lus
548 4016 639 4067 est
709 4014 956 4066 actionis
1002 4011 1371 4081 improbitas,
1422 4011 1927 4083 quemadmodum
2007 4013 2056 4068 si

404 4099 635 4157 debitor
662 4099 762 4155 uni
785 4116 850 4155 ex
874 4098 1263 4155 creditoribus
1295 4116 1415 4154 rem
1443 4099 1605 4170 prius
1634 4098 1796 4155 alteri
1830 4099 2055 4171 obliga-

402 4193 520 4245 tam
544 4188 879 4261 hypothecaa
938 4187 1188 4255 dederit,
1244 4194 1406 4244 extra
1455 4187 1722 4243 ordinem
1756 4187 2052 4260 plectitur.

404 4279 715 4335 T‘rz’butoria
758 4277 910 4333 actio
965 4282 1056 4334 est
1106 4277 1402 4333 divisoria.
1467 4276 1671 4334 Tutelae
1726 4281 1926 4333 contra
1957 4281 2055 4332 tu-

401 4373 578 4423 tores.
630 4350 1052 4433 iTerIulqlz’anum
1092 4366 1676 4422 senatusconsultum
1706 4369 1909 4428 contra
1959 4382 2054 4420 ca-

402 4455 789 4510 lumniatores
836 4455 1098 4512 Familia?
1159 4454 1500 4510 erciscundw
1550 4453 1823 4521 formula,
1882 4455 2054 4525 cujus

397 4543 691 4615 judicium
724 4542 1017 4615 duplicem
1047 4543 1226 4599 habet
1274 4550 1568 4610 naturam,
1611 4542 2051 4613 provocantium
2083 4577 2130 4641 D

406 4629 564 4687 enim
593 4635 863 4703 uterque,
895 4638 985 4687 est
1008 4638 1168 4688 actor
1196 4636 1254 4687 et
1284 4649 1439 4687 reus.
1492 4633 1839 4687 Funeratitz'a
1887 4648 2047 4687 sum-

406 4725 543 4792 ptus
568 4720 627 4775 in
659 4720 909 4793 alicujus
957 4724 1158 4778 funere
1196 4722 1333 4792 jure
1391 4721 1574 4777 factos
1617 4721 1888 4792 reposcit,
1948 4720 2047 4791 qui

404 4814 680 4880 sumptus
711 4807 825 4864 alia
853 4810 1053 4865 omnia
1071 4809 1267 4864 debita
1289 4810 2048 4880 prmcedunt.Senatuscon-

403 4897 630 4954 sultum
668 4898 978 4953 Atz'lianum
1006 4898 1171 4953 bona)
1222 4897 1355 4952 ﬁdei
1398 4913 1799 4968 possessorem
1861 4914 2051 4972 neque

402 4988 548 5058 quod
609 4993 880 5059 superest
948 4986 1314 5054 lucrifacere,
1374 5003 1566 5058 neque
1623 4987 1840 5043 damno
1894 4986 2047 5042 afﬁci

399 5076 681 5133 decernit.
706 5075 892 5131 SCum
926 5074 1324 5143 Amphianium
1347 5076 1588 5131 omnino
1619 5075 1917 5132 sublatum
1933 5081 2045 5142 est,

395 5163 579 5221 SCum
613 5163 946 5219 Adrianium
974 5163 1215 5218 omnino
1237 5164 1295 5219 in
1330 5182 1439 5219 usu
1465 5164 1759 5220 est.SCum
1790 5165 2044 5220 Attilium

395 5268 591 5308 rerum
613 5252 769 5307 furto
798 5253 1208 5324 subreptarum
1231 5252 1581 5321 dominium,
1612 5251 1789 5324 longa
1822 5268 2047 5323 posses-

393 5339 558 5395 sione
581 5340 826 5412 acquiri,
858 5342 1271 5397 convenienter
1326 5340 1618 5412 prohibet.
1650 5341 1763 5395 Lex
1794 5340 1916 5395 Cati
1970 5341 2042 5396 ab

396 5440 463 5482 eo
495 5425 595 5497 qui
627 5427 911 5484 terminos
969 5428 1292 5498 transtulit,
1352 5428 1411 5483 in
1444 5427 1716 5500 singulos
1763 5428 2042 5485 terminos

469 5638 586 5715 (10)
615 5638 796 5702 Γάϊος.

2167 3298 2287 3355 lata
2318 3304 2428 3355 est.
2461 3299 2645 3356 SCum
2675 3303 3077 3358 Asumz'am'um
3124 3308 3213 3359 est
3237 3304 3606 3377 hujusmodi,
3640 3323 3674 3363 o
3705 3324 3831 3373 rex,

2167 3387 2214 3444 si
2246 3387 2381 3459 quis
2411 3389 2521 3445 sub
2581 3390 2936 3459 conditione,
2995 3391 3082 3447 vel
3141 3409 3306 3464 seque
3337 3394 3446 3449 sub
3475 3394 3594 3464 die,
3656 3396 3832 3452 ﬁdei-

2168 3479 2636 3534 commissariam
2662 3477 2989 3536 libertatem
3021 3481 3247 3552 debeat,
3272 3487 3329 3538 et
3357 3497 3427 3537 ex
3448 3485 3624 3554 juxta
3646 3501 3835 3543 causa

2167 3565 2342 3634 absit,
2374 3572 2441 3622 ut
2462 3583 2529 3622 ea
2562 3568 2836 3639 procedat
2894 3567 2986 3624 die
3033 3568 3122 3625 vel
3182 3570 3513 3627 conditione
3551 3570 3831 3644 impleta,

2166 3654 2392 3723 statuit,
2436 3659 2492 3711 et
2538 3654 2665 3727 ipse
2705 3655 2907 3729 lapsus
2958 3674 3070 3714 non
3122 3662 3211 3713 est
3263 3660 3401 3729 jure
3450 3668 3832 3732 patronatus.

2167 3745 2278 3799 Lex
2302 3744 2457 3800 Julia
2483 3749 2591 3811 est,
2652 3746 2724 3800 de
2755 3746 3086 3817 adulteriis,
3139 3746 3285 3802 lases
3328 3747 3683 3819 Majestatis,
3758 3753 3837 3808 de

2163 3832 2217 3887 vi
2245 3838 2493 3889 armata.
2550 3834 2739 3890 SCum
2802 3834 3175 3892 Claudianum
3232 3838 3470 3892 omnino
3515 3838 3838 3899 sublatum

2164 3926 2275 3977 est.
2333 3922 2749 3979 Carbonianum
2804 3925 2912 3980 fert
2968 3940 3136 3997 opem
3204 3926 3645 3997 impuberibus.
3713 3930 3839 3985 Lex

2165 4010 2419 4066 Cornelia
2467 4016 2557 4068 est
2604 4017 2809 4068 contra
2841 4012 3130 4070 falsarios.
3177 4014 3368 4070 SCum
3417 4015 3841 4087 Largitiamrm

2163 4099 2405 4156 omnino
2436 4100 2493 4155 in
2517 4100 2959 4157 desuetudinem
3006 4102 3170 4157 abiit.
3228 4103 3533 4159 Ninianum
3581 4122 3708 4162 non
3742 4113 3842 4163 est

2164 4186 2225 4241 in
2274 4204 2406 4243 usu.
2481 4189 2870 4261 Orphitianum
2932 4192 3148 4262 prebet
3193 4191 3329 4247 ﬁliis
3379 4194 3520 4263 jura
3547 4195 3837 4265 quadam

2163 4273 2431 4347 legitima
2459 4277 2517 4333 in
2576 4279 3054 4335 successionibus
3113 4285 3389 4336 matrum.
3444 4282 3557 4337 Lex
3633 4284 3840 4355 Papia

2163 4364 2403 4421 omnino
2443 4366 2676 4422 sublata
2716 4372 2825 4423 est.
2874 4367 3059 4423 SCum
3108 4369 3473 4426 Silanianum
3526 4370 3835 4431 ultionem

2162 4453 2410 4519 inducit,
2467 4456 2515 4510 si
2576 4456 2710 4527 quis
2764 4455 3082 4512 violentum
3135 4459 3276 4529 quid
3327 4464 3567 4530 repente
3600 4477 3833 4532 passus

2163 4549 2269 4597 est.
2338 4547 2518 4598 SCum
2583 4545 2959 4600 Tertutianum
3036 4546 3329 4602 succurrit
3378 4548 3703 4619 matribus,
3767 4552 3828 4606 in

2161 4630 2492 4686 universam
2525 4631 2847 4705 legitimam
2911 4634 3161 4690 ﬁliorum
3219 4635 3646 4693 hereditatem.
3711 4639 3829 4695 Ex-

2160 4718 2429 4790 plicanda
2461 4726 2551 4776 est
2580 4721 2779 4778 statim
2813 4722 2918 4777 tibi
2954 4722 3041 4778 lex
3076 4721 3346 4794 Palcidia,
3377 4723 3623 4796 cognitu
3659 4727 3824 4782 enim

2158 4824 2272 4863 non
2306 4825 2513 4881 parum
2550 4810 2807 4867 difﬁcilis
2827 4816 2936 4867 est.

2227 4897 2443 4968 Viginti
2506 4899 2767 4971 quinque
2819 4899 2957 4955 anni
3007 4901 3326 4969 minorum,
3357 4917 3389 4957 ο
3422 4918 3541 4971 rex,
3605 4921 3647 4958 a
3698 4921 3829 4961 rno-

2157 4991 2355 5043 mento
2410 4988 2469 5043 in
2538 4992 2904 5045 momentum
2972 4988 3231 5061 legitime
3264 4996 3718 5061 computantur.
3768 4993 3829 5050 Si

2155 5075 2410 5131 conditio
2443 5075 2613 5132 alicui
2678 5078 2946 5149 apposita
2977 5078 3054 5133 sit
3105 5094 3222 5134 non
3255 5079 3495 5135 deﬁnito
3525 5085 3826 5154 tempore,

2155 5164 2226 5218 ad
2258 5164 2615 5237 implendam
2641 5165 3036 5222 conditionem
3072 5167 3320 5223 biduum
3352 5167 3704 5226 babetﬂaac
3735 5177 3830 5227 est

2153 5250 2417 5324 legitima
2464 5259 2796 5326 temporum
2857 5255 3225 5327 supputatio,
3275 5273 3307 5311 ο
3376 5256 3729 5329 imperator,
3790 5275 3826 5315 a

2154 5342 2407 5413 septima
2437 5343 2623 5399 noctis
2654 5342 2796 5399 hora
2828 5344 2954 5400 dies
2988 5343 3211 5417 incipit,
3258 5352 3317 5401 et
3346 5361 3538 5418 usque
3570 5347 3643 5402 ad
3682 5363 3824 5405 sex-

2152 5433 2275 5486 tam
2309 5430 2551 5488 alterius
2585 5432 2775 5488 noctis
2807 5437 3006 5489 exacte
3036 5434 3265 5491 transit.
3303 5433 3463 5491 Intra
3517 5436 3653 5492 dies
3711 5437 3823 5496 de-

2225 5644 2338 5719 (11)
2370 5645 2485 5705 Τοῦ
2510 5643 2643 5720 ὅρου
2672 5643 3082 5723 πληρωθίντος.
