4054 6200
213 375 349 437 949

210 507 375 562 Μετὰ
404 502 665 578 διάζευξιν
699 503 895 583 ἀνδρὸς
925 506 978 563 έν
1008 507 1282 583 τριάκονθ’
1312 505 1551 581 ἡμέραις

209 598 565 656 Διαλαλείτω
589 599 625 667 ἠ
660 599 796 675 γυνὴ
830 599 904 662 ὡς
936 597 1165 675 πέφυκεν
1200 596 1474 671 έκκόμων.

211 689 333 745 Καὶ
370 688 505 762 μετά
534 688 634 755 τὴν
661 688 961 764 φανέρωσιν
988 690 1089 756 τῆς
1122 685 1414 758 διαθήκης,
1447 684 1597 757 ἅναξ,

212 779 282 835 '0
314 776 672 852 κληρονόμος
704 772 944 832 ἴνϐεντον
978 776 1029 832 ἐν
1059 777 1204 851 τρισὶ
1239 777 1373 851 μησὶ
1405 774 1607 851 δράτω.

222 864 355 926 Tch
390 866 450 922 ἐκ
476 864 713 941 πλαγίου
746 870 1011 942 συγγενῶν
1044 867 1099 921 αἱ
1132 864 1456 942 διακατοχαὶ
1488 862 1567 938 δὲ,

213 961 476 1033 Ἦμερῶν
508 960 689 1034 ψῆφον
720 957 908 1011 ἑκατὸν
940 953 1134 1030 ἔχουσι
1161 955 1517 1030 προθεσμίαν.

216 1048 501 1120 Τέσσαρας
532 1051 703 1117 μῆνας
732 1040 952 1120 ἔχουσιν
981 1045 1033 1099 οἱ
1061 1045 1529 1119 κατακεκριμένοι,

218 1138 450 1193 Ἕνεκεν
481 1134 840 1211 ὑπερθέσεως,
872 1132 965 1189 καὶ
995 1136 1131 1188 κατὰ
1157 1137 1325 1189 ταῦτα
1352 1134 1553 1197 τόπους

217 1219 450 1278 Διδοῦσι
483 1227 600 1284 τοῖς
628 1221 910 1297 ἐνάγουσιν
944 1219 1344 1290 ἐκατονταίους,
1380 1222 1527 1293 ἄναξ.

218 1316 282 1371 Ἦ
317 1308 661 1391 ρεδιϐιτόρια
692 1311 750 1368 δὲ
773 1313 988 1390 ἀγωγὴ,
1022 1315 1361 1392 Στεφηφόρε,

216 1405 388 1457 ’Ἤτοι
419 1405 455 1472 ἡ
484 1402 885 1477 ἀναστρέφουσα
914 1407 1145 1478 πρᾶγμα
1169 1403 1231 1457 τὸ
1259 1402 1661 1478 πεπραγμένον,

224 1494 445 1562 Μητῶν
473 1488 527 1562 ἓξ
557 1492 770 1555 πάντως
797 1488 990 1547 ἔσωθεν
1022 1498 1251 1547 κινεῖται
1280 1490 1557 1549 οὐτιλίων.

218 1580 324 1635 Ra:
362 1583 400 1649 ἡ
431 1585 655 1653 μειοῦσα
682 1580 900 1653 τίμημα
931 1581 1119 1656 ἀγωγὴ
1151 1585 1249 1636 τοῦ
1279 1580 1597 1655 πραθέντος,

217 1672 362 1731 Τοῖς
392 1668 446 1740 ’ἐξ
470 1669 837 1744 περιορίζεται
869 1669 1039 1743 μησὶν
1070 1669 1146 1732 εἷς
1174 1670 1534 1744 προθεσμίαν·

218 1757 291 1816 Εἰ
326 1754 379 1812 δ’
410 1759 439 1813 6
468 1757 734 1828 πωλήσας
760 1758 822 1813 τὸ
853 1758 1052 1834 πραθὲν
1085 1760 1378 1834 ἀντιφωνεῖ
1410 1753 1668 1834 βεϐαίως,

218 1846 437 1923 Χρόνος
471 1849 500 1902 6
532 1846 800 1910 ὶνιαύσιος
828 1848 931 1902 οὐκ
958 1845 1036 1903 ἔτι
1067 1847 1393 1922 περαιτέρω.

217 1937 509 2002 Ἐνιαυτὸς
536 1939 840 2016 ἀφώρισται
871 1942 941 2013 τῇ
973 1935 1118 1994 δόσει
1148 1942 1246 1994 τοῦ
1276 1935 1533 2013 λεγάτου,

215 2029 401 2103 ’Ὅπερ
427 2048 512 2089 τις
541 2024 939 2083 καταλέλοιπεν
974 2026 1052 2091 εἷς
1077 2021 1369 2099 σεϐάσμιον
1403 2028 1572 2086 οἶκον.

215 2116 506 2180 Ἐνιαυτός
531 2115 837 2190 ἀφώρισται
867 2121 947 2189 τῷ
979 2116 1391 2190 ἀντιτιθεμένῳ,

218 2205 382 2261 Μετᾶ
407 2205 665 2260 συνοίκου
693 2204 978 2275 τελευτὴν,
1007 2205 1132 2282 περὶ
1161 2205 1513 2282 ἀναργυρίας,

216 2291 674 2369 Ἀντεγιιαλοῦντι
705 2300 808 2362 τῆς
837 2295 1064 2367 προικὸς
1087 2295 1225 2368 πρὸς
1253 2295 1345 2350 τὸν
1378 2301 1807 2373 κατηγοροῦντα.

214 2384 279 2441 Ὀ
310 2381 372 2439 δὲ
404 2383 547 2458 μέγα
574 2380 831 2458 ἔγκλημα
859 2382 1190 2457 ζητούμενος
1220 2383 1297 2448 εἷς
1327 2383 1508 2456 δίκην,

214 2471 285 2531 Εἰ
312 2475 395 2546 μὴ
428 2472 577 2535 ἐντὸς
605 2472 852 2528 ἐνιαυτοῦ
884 2473 1135 2546 νομίμως
1168 2474 1485 2547 ἀπαιτήσοι,

217 2563 353 2637 Περὶ
387 2561 575 2624 οὐσίας
604 2556 871 2618 ἔκπτωσιν
904 2563 1187 2641 ὑφίσταται
1218 2561 1466 2626 δικαίως.

210 2651 277 2707 Ἠ
307 2650 453 2706 κατὰ
479 2655 580 2707 τοῦ
613 2650 950 2726 ἁρπάσαντος
980 2652 1165 2729 ἀγωγὴ
1200 2653 1428 2728 πράγμα
1456 2651 1627 2727 ξένον,

212 2739 287 2796 Ἦ
318 2740 430 2794 ἀπὸ
460 2737 796 2814 ἐμπρησμοῦ
821 2761 993 2810 τινος,
1024 2741 1061 2810 ἢ
1094 2741 1198 2798 ἀπὸ
1227 2742 1505 2818 ναυαγίου,

212 2823 414 2902 Χρόνῳ
439 2828 807 2905 περιορίζεται
835 2833 933 2884 τοῦ
961 2832 1464 2905 τετραπλασιάζειν,

208 2919 391 2994 Ὅπερ
419 2919 577 2981 οὗτος
607 2919 923 2998 ἀφήρπασεν
954 2916 1081 2975 οὐδέ
1107 2940 1167 2994 γε
1195 2923 1553 2995 περαιτέρως,

212 3008 368 3062 Πετά
400 3004 459 3063 δὶ
487 3009 697 3083 χρόνου
724 3006 1012 3085 πλήρωσιν
1042 3008 1107 3065 τὸ
1138 3008 1345 3065 ἁπλοῦν
1378 3010 1693 3070 ἐκδικεῖται.

212 3101 371 3151 Πᾶσα
400 3097 547 3171 γυνη
565 3096 899 3174 χηρεύουσα,
929 3099 1195 3157 πενθείτω
1228 3097 1394 3172 μόνον
1426 3099 1645 3175 χρόνον·

209 3186 275 3241 Ἦ
302 3183 434 3261 περί
467 3182 635 3243 δόλου
668 3186 877 3263 ἀγωγὴ,
908 3186 1130 3263 χρόνοις
1161 3188 1383 3263 ὥρισται
1418 3186 1537 3244 δύο.

211 3276 345 3352 Περί
380 3273 712 3352 ἀναργυρίας
744 3272 801 3331 δὲ
829 3276 1317 3356 παραγραφόμενός
1344 3299 1452 3346 τις,

209 3364 317 3418 Δύο
346 3360 460 3437 ’έξει
494 3366 756 3434 συναπτά,
790 3366 864 3430 ὡς
889 3366 1024 3442 πρὸς
1051 3366 1147 3429 τὰς
1179 3366 1491 3432 ἀντιθέσεις.

206 3453 596 3531 Ἐμφυτευτὴς
621 3452 712 3509 καὶ
756 3455 1036 3530 μισθωτὴς
1065 3454 1288 3533 εὖαγοῦς
1314 3455 1483 3532 τυχὸν
1513 3456 1706 3530 τόπου,

222 3687 355 3729 cem
390 3670 744 3744 appellatur.
776 3671 988 3729 Mulier
1018 3672 1175 3729 intra
1194 3673 1322 3729 dies
1352 3673 1596 3745 triginta
1626 3693 1659 3731 a
1683 3676 1878 3732 divor-

222 3760 551 3830 tio,marito
572 3759 801 3815 nuntiet
830 3761 986 3832 quod
1025 3776 1333 3833 praegnans
1363 3762 1461 3818 sit.
1485 3762 1621 3819 Post
1649 3767 1882 3834 apertas

221 3850 573 3907 testamenti
596 3848 852 3919 tabulas,
875 3866 908 3905 ο
938 3866 1057 3915 rex,
1087 3849 1270 3906 haeres
1326 3852 1718 3907 inventarium
1754 3852 1881 3907 tri-

218 3939 330 3994 bus
389 3938 698 3994 mensibus
772 3936 968 3994 facito.
1035 3939 1329 3994 Bonorum
1409 3940 1882 4010 possessionibus

218 4044 353 4099 quas
385 4026 741 4098 propinquis
765 4044 801 4083 a
829 4026 1008 4083 latere
1063 4027 1434 4095 deferuntur,
1470 4032 1705 4084 centum
1756 4029 1883 4083 dies

217 4115 437 4172 statuti
485 4120 644 4171 sunt.
677 4115 1059 4171 Condemnati
1094 4115 1395 4174 dilationis
1424 4134 1604 4173 causa
1633 4121 1886 4189 quatuor

216 4220 462 4260 menses
486 4202 708 4260 habent
739 4221 752 4260 :
786 4203 1007 4275 quibus
1033 4204 1253 4277 elapsis
1284 4222 1499 4262 usuras
1529 4206 1885 4262 centesimas

216 4292 527 4349 actoribus
549 4293 806 4360 solvunt,
842 4293 1004 4349 Actio
1035 4293 1445 4363 redhibitoria,
1478 4312 1511 4351 ο
1544 4295 1881 4366 imperator,

218 4398 350 4454 qua:
406 4398 531 4439 rem
590 4382 887 4438 venditem
929 4382 1214 4448 restituit,
1274 4384 1516 4440 omnino
1568 4384 1725 4439 intra
1785 4402 1887 4441 sex

218 4485 461 4527 menses
521 4469 695 4526 utiles
758 4475 1046 4527 movetur.
1105 4472 1271 4527 Actio
1328 4490 1458 4544 quae
1509 4474 1759 4545 pretium
1803 4474 1885 4529 rei

214 4560 471 4616 vendita:
501 4559 739 4628 minuit,
763 4559 824 4616 id
872 4565 967 4616 est
995 4566 1219 4630 quanto
1269 4562 1538 4632 minoris,
1563 4579 1663 4618 sex
1690 4564 1885 4619 fatali-

210 4650 333 4706 bus
364 4648 676 4704 mensibus
705 4647 949 4705 finitur:
983 4650 1033 4706 si
1083 4666 1218 4706 vero
1260 4651 1530 4711 venditor
1560 4652 1633 4707 de
1656 4668 1713 4707 re
1745 4669 1884 4708 ven-

219 4739 349 4794 dita
371 4737 623 4793 ﬁrmiter
654 4737 966 4810 promittit,
1015 4738 1165 4795 actio
1215 4756 1438 4795 annum
1487 4744 1719 4811 tempus
1768 4758 1885 4797 non

220 4824 720 4898 transgredietur.
782 4828 943 4882 Intra
989 4843 1211 4883 annum
1266 4827 1390 4883 dari
1422 4829 1593 4884 debet
1624 4828 1883 4900 legatum

221 4915 386 4987 quod
418 4915 553 4985 quis
596 4914 839 4986 reliquit
898 4913 1172 4985 religioso
1222 4914 1366 4972 loco.
1427 4919 1627 4972 Annus
1693 4918 1884 4989 praeﬁ-

219 5005 390 5060 nitur
418 5002 732 5076 excipienti
785 5006 918 5075 post
964 5003 1237 5076 conjugis
1294 5009 1563 5072 mortem,
1597 5007 1666 5061 ad
1699 5024 1884 5080 oppo-

226 5093 488 5150 nendum
542 5109 657 5148 non
717 5096 1041 5149 numerata:
1094 5093 1252 5150 dotis
1296 5095 1718 5167 exceptionem.
1776 5095 1886 5160 Qui

186 5186 466 5255 ιρι-ορεστ
517 5197 798 5251 magnum
831 5182 1052 5238 crimen
1110 5183 1183 5239 ad
1207 5184 1499 5254 judicium
1545 5185 1885 5257 requiritur,

224 5271 343 5327 nisi
411 5286 544 5326 sese
596 5271 752 5327 intra
818 5287 1040 5327 annum
1109 5272 1335 5343 offerat,
1389 5274 1667 5330 omnibus
1716 5272 1887 5331 bonis

225 5358 357 5416 suis
390 5359 598 5416 merito
629 5359 884 5430 ejicitur.
916 5360 1082 5416 Actio
1113 5377 1242 5433 quae
1294 5365 1469 5418 datur
1499 5367 1703 5419 contra
1750 5379 1885 5419 eum

226 5448 335 5521 qui
362 5464 432 5506 ex
463 5448 736 5505 incendio
766 5447 853 5505 vel
881 5449 1188 5522 naufragio
1212 5467 1336 5507 rem
1381 5450 1631 5508 alienam
1668 5453 1885 5524 rapuit,

226 5554 385 5595 anno
418 5537 626 5595 ﬁnitur
654 5537 846 5610 quoad
870 5538 1416 5611 quadruplum,non
1436 5540 1684 5597 ulterius
1709 5561 1723 5609 ;
1750 5558 1887 5598 nam

234 5644 391 5684 anno
422 5626 715 5700 completo
764 5628 827 5683 in
883 5627 1167 5700 simplum
1199 5631 1647 5688 condemnatur.
1681 5631 1891 5689 Omnis

234 5716 453 5775 mulier
478 5716 717 5775 viduata
743 5715 949 5775 solum
964 5733 1184 5777 annum
1207 5717 1425 5792 lugeto.
1458 5721 1623 5779 Actio
1654 5721 1726 5779 de
1752 5720 1889 5780 dolo

1601 371 1977 436 SYNOPSIS
2020 374 2315 437 LEGUM.
2406 392 2413 399 ‘

1913 509 1969 576 Α
1998 506 2193 581 Χεῖρον
2220 509 2394 561 ποιῶν
2424 506 2487 561 τὸ
2512 505 2802 578 μισθωθὶν,
2835 506 2871 577 ἢ
2907 502 3049 578 δρῶν
3081 504 3498 580 ἀγνωμοσύνην,

3537 376 3658 437 950

1996 593 2084 649 Ἐν
2116 592 2212 650 δύο
2235 593 2391 659 ὅλοις
2420 588 2581 652 ἔτεσι.
2612 599 2709 650 τοῦ
2739 594 3057 671 πράγματος
3086 598 3371 668 στερεῖται.

1995 683 2117 739 Ἐὰν
2147 684 2198 740 ἰν
2232 681 2370 740 ἔτεσι
2404 682 2553 739 δυσὶν
2590 685 2617 738 ὁ
2645 684 2821 760 γάμος
2851 682 3067 758 ἐξετάθη

1995 774 2101 830 Καὶ
2137 776 2271 847 μετὰ
2297 778 2466 829 ταῦτα
2497 771 2722 829 λέλυται
2754 773 2807 829 έν
2836 774 2992 847 νόμῳ
3019 774 3202 849 τυχὼν
3235 771 3407 842 λύσει,

1996 863 2413 936 Ἀπαιτουμένῳ
2442 867 2522 936 τῷ
2553 860 2705 938 ἀνδρὶ
2734 863 2833 932 τήν
2860 861 3250 937 γεγραμμένην
3278 866 3480 935 προῖκα

1993 953 2201 1022 Ἔξεστι
2232 952 2676 1027 παραγράφεσθαι
2709 953 2782 1013 ὡς
2817 951 2867 1021 ἐξ
2899 951 3241 1027 ἀναργυρίαςυ

1997 1041 2060 1099 Εἰ
2091 1039 2138 1096 δ’
2171 1041 2259 1096 έπὶ
2291 1039 2418 1096 δέκα
2450 1039 2620 1095 ἔτεσιν
2654 1042 2681 1095 6
2711 1038 2888 1118 γάμος
2914 1040 3216 1116 παρετάθη,

1993 1137 2147 1208 Τρεῖς
2180 1131 2337 1205 μόνοι
2373 1137 2540 1204 μῆνες
2570 1127 2809 1185 δίδονται
2843 1129 3023 1202 τούτῳ
3055 1135 3220 1184 κινεῖν
3252 1129 3352 1198 τὴν
3386 1126 3564 1200 δίκην.

1994 1221 2128 1292 Δίκη
2161 1226 2305 1275 πᾶσα
2337 1220 2660 1295 χρηματικὴ
2694 1214 2936 1292 ἐννόμως
2967 1218 3286 1291 κινουμένη,

1994 1309 2109 1369 Οὐκ
2137 1307 2347 1388 ὀφείλει
2382 1308 2713 1382 μηκύνεσθαι
2744 1312 2852 1363 τῶν
2880 1313 3045 1382 τριῶν
3077 1308 3294 1384 χρόνων
3328 1306 3519 1366 πλέον.

1992 1399 2142 1456 Μετὰ
2167 1399 2258 1454 τὸν
2287 1398 2747 1472 εἷκοστόπεμπτον
2781 1402 2899 1460 τοῖς
2930 1395 3157 1474 ἀφήλιξι
3189 1398 3385 1473 χρόνον

1991 1488 2090 1551 Εἷς
2120 1488 2216 1557 τήν
2249 1486 2682 1542 ἀποκατάστασιν
2713 1485 3019 1558 τετραετίαν
3055 1482 3224 1542 δίδου.

1990 1581 2096 1645 Τῆς
2127 1575 2183 1632 δὶ
2222 1575 2523 1654 ’ίνοφικιόσο
2554 1576 2756 1652 χρόνος
2785 1576 3091 1632 πενταετία.

1990 1665 2277 1724 Ιῐενταετία
2306 1660 2606 1734 σϐέννυται,
2638 1665 2699 1719 τὸ
2730 1664 2974 1740 περὶ-τῆς
3008 1664 3282 1740 μοιχείας.

1991 1757 2089 1812 Καὶ
2119 1756 2183 1811 τὸ
2206 1753 2265 1811 δὲ
2292 1754 2664 1818 πεκουλάτους
2692 1751 2750 1809 δὲ
2780 1750 3033 1831 ἔγκλημα
3061 1755 3215 1809 πέντε
3241 1753 3487 1830 χρόνοις,

2826 1842 2845 1875 ι

1912 1883 1961 1950 Β
1989 1845 2254 1923 Ὀρίζεται
2274 1844 2409 1919 πρὸς
2437 1843 2688 1920 ἀγωγὴν,
2720 1843 2900 1899 οὐκέτι
2932 1843 3257 1918 περαιτέρω.

1987 1936 2049 1992 '0
2083 1934 2251 2011 ἵμφας
2283 1930 2407 2003 ἤτοι
2433 1934 2629 2004 νήπιος
2662 1932 2793 1987 ἐτῶν
2827 1931 2962 1988 έπτά
2983 1930 3262 2008 τυγχάνει.

1986 2024 2167 2084 Ὀκτὼ
2196 2022 2255 2079 δὲ
2282 2023 2500 2099 χρόνων
2542 2019 2740 2088 ἔσωθεν
2773 2022 2871 2078 οὐκ
2900 2017 3041 2078 ἔστιν
3075 2022 3446 2098 ἀναγνώστης.

1987 2118 2108 2172 Τῶν
2140 2114 2409 2183 ἀκινήτων
2442 2113 2696 2189 πέφυκεν,
2730 2110 2877 2183 ἅναξ,
2909 2115 2943 2181 ἡ
2978 2110 3303 2185 προθεσμία,

1987 2209 2119 2268 Τοῖς
2151 2203 2245 2276 μὶν
2275 2205 2507 2274 παροῦσι
2538 2200 2758 2263 δέκατος
2788 2200 3028 2262 ἐνιαυτὸς
3058 2201 3147 2255 καὶ
3183 2201 3369 2273 μόνος,

1986 2298 2110 2355 Τοῖς
2144 2289 2202 2347 δὲ
2229 2291 2455 2346 ἀποῦσιν
2489 2290 2750 2361 εἷ’κοστὸς,
2783 2289 2961 2344 οὐκέτι
2992 2290 3321 2365 περαιτέρω.

1987 2383 2072 2440 Τὰ
2100 2377 2192 2453 ἔτη
2223 2384 2322 2446 τῆς
2350 2380 2473 2453 περὶ
2504 2380 2730 2455 προικὸς
2764 2377 3091 2455 ἀναργυρίας
3116 2376 3265 2447 δέκα,

1986 2473 2047 2527 Ἡ
2068 2472 2174 2547 πρὸ
2202 2475 2311 2525 τῶν
2344 2467 2555 2524 δώδεκα
2578 2467 2710 2523 έτῶν
2742 2467 2990 2540 ἀθέσμως
3019 2467 3344 2541 γαμουμένη

1986 2560 2095 2616 Οὐκ
2124 2560 2183 2615 ἂν
2215 2558 2391 2634 γάμον
2422 2560 2722 2628 ποιήσειεν,
2756 2558 2801 2611 εἰ
2829 2554 2885 2611 δὲ
2913 2563 3164 2631 προϋπῆν
3201 2553 3482 2630 μνηστεία,

1992 2649 2133 2721 Αὕτη
2165 2649 2255 2703 καὶ
2286 2645 2450 2702 πάλιν
2484 2649 2686 2724 πέφυκε
2712 2651 2792 2719 τῷ
2819 2644 2977 2718 νόμῳ
3000 2647 3343 2718 παραμένευξ

1985 2739 2048 2797 Εἰ
2083 2740 2157 2812 μή
2188 2759 2272 2801 τις
2301 2734 2482 2791 λύσειν
2511 2734 2769 2811 βούλοιτο
2798 2733 3000 2804 ταύτην
3035 2732 3109 2795 ὡς
3139 2732 3245 2788 ἀπὸ
3275 2732 3470 2806 νόμου.

1983 2832 2115 2889 Ταῖς
2152 2827 2246 2900 μὲν
2276 2824 2522 2896 θηλείαις
2555 2820 2763 2879 δώδεκα
2792 2820 2868 2885 εἷς
2900 2816 3128 2901 έφηϐίαν
3159 2822 3417 2899 χρόνους,

1982 2918 2050 2976 Οἱ
2082 2914 2140 2972 δὲ
2164 2914 2417 2989 τέσσαρες
2446 2912 2533 2968 καὶ
2562 2910 2688 2967 δέκα
2715 2917 2831 2974 τοῖς
2865 2910 3049 2989 ἅρῥεσι
3078 2910 3337 2987 κριττέοι,

1985 3008 2317 3082 Συνηγορεῖν
2351 3001 2407 3057 δὶ
2438 2999 2653 3057 δύναται
2686 3002 2715 3055 6
2745 2997 3263 3071 ὀκτωκαιδεκαέτης.

1980 3098 2043 3155 Ὀ
2070 3093 2127 3150 δὲ
2156 3094 2415 3157 υἱοθετῶν
2443 3111 2563 3146 τινα
2596 3091 2794 3163 μείζων
2820 3087 3026 3167 ὀφείλει
3057 3090 3217 3157 εἶναι,

1980 3184 2211 3260 Χρόνοις
2242 3181 2293 3238 ἐν
2329 3176 2699 3235 ὀκτωκαίδεκα
2726 3182 2823 3233 τοῦ
2854 3175 3290 3249 υἱοθετουμένουο

1900 3256 1943 3323 C
1978 3256 2183 3345 Θήλεια
2217 3272 2310 3347 μὶν
2343 3269 2621 3340 αἰτήσεται
2648 3268 2976 3344 συγγνώμην
3011 3264 3256 3336 ἡλικίας,

1975 3362 2254 3438 Ἐννόμως
2282 3359 2444 3417 τοῦτο
2477 3360 2785 3435 πράττουσα
2817 3352 3339 3425 ὀκτωκαιδεκαέτης·

1976 3453 2146 3528 Ἀνήρ
2179 3449 2226 3507 δ’
2256 3450 2570 3520 εἰκοσαέτης
2600 3443 2736 3503 ἵστω
2765 3444 2901 3521 πρὸς
2931 3446 3031 3514 τὴν
3063 3444 3410 3520 συγγνώμην.

3255 3533 3422 3589 Vera.
3453 3533 3562 3587 742

1989 3670 2225 3729 biennio
2255 3669 2481 3725 ﬁnitur.
2534 3665 2840 3737 Excipiens
2874 3665 2946 3719 de
3002 3679 3118 3718 non
3169 3664 3480 3717 numerata
3536 3677 3636 3733 pe-

1989 3760 2184 3826 cunia,
2217 3758 2524 3815 biennium
2557 3756 2907 3812 continuum
2955 3751 3214 3817 habebit,
3273 3754 3477 3822 postea
3523 3766 3640 3805 non

1990 3846 2753 3922 excipiet.Emphyteuta,et
2783 3843 3104 3898 conductor
3129 3838 3479 3896 venerabilis
3508 3838 3641 3907 loci,

1991 3940 2339 3997 deteriorem
2371 3936 2592 3992 faciens
2626 3950 2749 3988 rem
2780 3933 3158 3998 conductam,
3200 3929 3287 3985 vel
3320 3946 3435 3985 non
3467 3945 3644 4001 agno-

1992 4045 2162 4085 scens
2194 4026 2459 4082 debitum
2491 4023 2723 4080 duobus
2754 4021 2927 4077 annis
2957 4019 3226 4089 integris,
3279 4035 3340 4074 re
3365 4018 3649 4089 privatur.

1990 4118 2047 4172 Si
2078 4116 2313 4173 biennio
2357 4111 2800 4169 matrimonium
2850 4109 3200 4173 constiterit,
3223 4111 3282 4163 et
3310 4111 3514 4178 postea
3556 4123 3651 4162 so-

1993 4206 2216 4262 lutions
2268 4200 2534 4275 legitima
2590 4199 2850 4256 solutum
2910 4198 3005 4263 sit,
3036 4198 3160 4252 viro
3191 4195 3475 4268 repetenti
3503 4196 3648 4251 scri-

1994 4299 2157 4367 ptam
2188 4294 2386 4347 dotem
2417 4289 2697 4358 competit
2747 4285 3011 4356 exceptio
3061 4285 3132 4339 de
3191 4300 3306 4339 non
3337 4287 3651 4338 numerata

1995 4381 2247 4456 pecunia
2278 4378 2365 4436 :si
2418 4392 2550 4433 vero
2600 4377 2671 4432 ad
2704 4375 2906 4430 decem
2961 4389 3150 4429 annos
3181 4374 3514 4443 porrectum
3546 4369 3646 4443 sit,

1996 4478 2115 4527 tres
2139 4483 2374 4526 menses
2405 4465 2597 4522 solum
2628 4463 2949 4519 illidantur
2975 4462 3049 4516 ad
3082 4460 3421 4516 movendam
3438 4458 3601 4515 litem
3632 4476 3645 4516 :

1995 4559 2200 4617 Omnis
2233 4554 2574 4629 pecuniaria
2602 4570 2779 4609 causa
2809 4550 3071 4622 legitime
3091 4547 3434 4615 mota,ultra
3463 4547 3647 4605 trien-

1995 4648 2158 4704 nium
2192 4643 2439 4719 produci
2463 4660 2579 4699 non
2612 4641 2803 4697 debet.
2837 4640 2978 4696 Post
3024 4654 3249 4694 annum
3299 4637 3647 4693 vicesimum

1996 4738 2292 4812 quintum,
2338 4734 2409 4791 ad
2468 4732 2902 4789 restitutionem
2955 4728 3290 4784 minoribus
3336 4727 3652 4799 quadrien-

1996 4829 2161 4883 nium
2185 4827 2345 4882 dato.
2381 4821 2636 4889 Querelm
2699 4818 3012 4876 inofﬁciosi
3054 4823 3287 4889 tempus
3320 4816 3650 4888 quinquen-

1994 4917 2183 4973 nium.
2215 4912 2505 4971 Adulterii
2537 4910 2760 4966 crimen
2800 4908 3206 4980 quinquennio
3238 4905 3649 4977 exstinguitur.

1994 5005 2309 5062 Peculatus
2337 5002 2559 5058 crimen
2592 4998 2855 5072 quinque
2888 4995 3060 5053 annis
3090 4995 3313 5065 linitur,
3356 5010 3463 5052 nec
3503 4993 3653 5051 ulte-

1997 5095 2120 5151 rius
2142 5094 2293 5150 actio
2325 5089 2621 5162 competit.
2681 5089 2885 5143 Infans
2942 5091 3031 5143 est
3060 5101 3352 5142 annorum
3400 5088 3650 5155 septem.

1996 5185 2155 5240 Intra
2185 5187 2314 5238 octo
2344 5196 2532 5236 annos
2576 5178 2758 5234 lector
2815 5193 2946 5233 esse
2997 5192 3114 5231 non
3170 5178 3380 5245 potest.
3430 5172 3647 5227 Rerum

1994 5270 2414 5337 immobilium,
2466 5287 2498 5326 ο
2530 5269 2699 5341 imp.,
2757 5267 2909 5323 inter
2958 5268 3277 5338 praesentes
3302 5260 3652 5334 usucapioni

1996 5366 2283 5419 statutum
2346 5363 2436 5416 est
2492 5356 2866 5422 decennium,
2924 5354 3074 5411 inter
3120 5353 3395 5408 absentes
3443 5350 3652 5425 viginti

1999 5453 2139 5511 anni
2160 5458 2218 5508 et
2249 5468 2363 5507 non
2390 5449 2563 5505 ultra.
2597 5447 2753 5503 Anni
2786 5463 2901 5503 non
2943 5448 3267 5502 numerata:
3300 5440 3456 5498 dotis
3510 5444 3654 5498 sunt

1997 5545 2222 5601 decem.
2256 5541 2392 5606 Quae
2432 5544 2569 5597 ante
2628 5537 3043 5594 duodecimum
3068 5549 3290 5589 annum
3321 5531 3496 5589 nubit
3537 5547 3652 5588 non

2000 5633 2291 5691 contrahit
2321 5629 2765 5688 matrimonium
2791 5645 2806 5697 ;
2839 5625 2887 5682 si
2920 5625 3158 5698 quidem
3189 5621 3489 5697 sponsalia
3506 5621 3649 5677 sub-

1999 5729 2184 5793 erant,
2217 5722 2319 5779 illa
2338 5737 2546 5779 rursus
2576 5720 2703 5792 lege
2732 5716 3088 5788 consistunt,
3124 5713 3240 5771 nisi
3270 5714 3403 5786 quis
3433 5728 3502 5770 ea
3531 5709 3648 5767 sol-
