4054 6200
367 361 481 422 951

367 490 432 548 Ὀ
462 489 640 560 ἥττων
675 487 846 544 ε’ίκοσι
877 487 1030 557 ἐτῶν,
1059 488 1120 543 οὗ
1147 485 1362 543 δύναται
1397 486 1654 557 δικάζειν.

371 579 714 654 ῙΙεραέτωσις
746 577 1088 654 ἐγκλήματος
1122 579 1249 651 ὅρος
1281 576 1449 632 εἷ’κοσι
1483 579 1717 653 χρόνων,
1772 641 1782 650 ⁸

373 669 666 728 ΙΙινταετία
703 663 842 740 μὸνη
877 665 933 720 δὲ
964 661 1200 720 σϐεννύει
1232 667 1330 734 την
1367 666 1643 741 μοιχείαν,

373 758 558 827 Ταύτῃ
588 758 690 832 γὰρ
722 757 1100 828 πεπεράτωται
1132 756 1221 808 καὶ
1252 752 1376 809 τόδε
1408 755 1767 812 πεκουλάτου.

371 849 431 905 Ὀ
463 846 663 922 χρόνον
699 844 1165 916 εἷκοστόπεμπτον
1203 842 1503 914 πληρώσας
1536 842 1778 913 ἡλικίας,

377 936 828 1012 Ἐρχέσθωπρὸς
863 931 1136 1003 διοίκησιν
1167 939 1274 987 τῶν
1305 935 1494 988 ἑαυτοῦ
1525 936 1885 1007 πραγμάτων.

376 1025 609 1104 ἈιρῆΛιξ
643 1023 1002 1095 αἰτησάμενος
1039 1023 1366 1098 συγγνώμην
1392 1021 1636 1095 ἡλικίας,

427 1113 570 1187 ῗπερ,
600 1111 918 1189 δωρήσηταί
946 1134 1046 1165 τινι
1083 1112 1336 1182 ἀκίνητόν
1367 1134 1414 1166 τι
1448 1119 1694 1187 πρᾶγμα,

379 1206 443 1262 Ἡ
477 1201 654 1278 δωρεὰ
683 1201 781 1257 οὐκ
813 1200 1069 1277 ἔρρωται,
1103 1202 1145 1255 εἰ
1183 1203 1257 1273 μή
1299 1199 1504 1265 διέλθοι
1540 1203 1760 1278 χρόνος,

381 1293 525 1349 Μετᾶ
553 1292 643 1346 τὸν
681 1291 1149 1363 εἱκοστόπεμπτον
1185 1289 1402 1361 δεκέτης
1437 1291 1469 1360 ἢ
1503 1293 1591 1345 καὶ
1624 1291 1810 1350 πλέον.

379 1383 494 1452 Τὴν
527 1381 611 1435 ἐπὶ
645 1378 836 1454 πράσει
865 1380 1090 1454 ἀγωγην
1127 1379 1333 1453 μακρὸς
1363 1380 1563 1454 χρόνος
1595 1381 1798 1453 τέμνει,

376 1472 439 1527 Ἠ
471 1470 593 1538 περὶ
629 1471 972 1538 ἀπαιτήσεως
1005 1470 1183 1539 πάσης
1213 1467 1611 1544 κληρονομίας,

381 1559 713 1634 Προσωπική
744 1578 801 1611 τε
838 1558 1092 1629 σύμπασα
1121 1557 1549 1633 τριακονταετία,

386 1643 677 1702 Σϐέννυταί
707 1667 764 1700 τε
794 1647 882 1700 καὶ
920 1645 1204 1724 φθείρεταί
1223 1645 1482 1719 οὐδαμῶς
1513 1648 1834 1720 περαιτέρω.

385 1736 459 1793 Τὸ
492 1733 731 1806 Φινιοῦμ
761 1731 1182 1808 ῥεγουνδόρουμ,
1216 1733 1338 1804 ἤτοι
1361 1735 1422 1789 τὸ
1453 1737 1576 1809 περὶ
1609 1735 1750 1809 ὅρων
1817 1737 1822 1743 ’

388 1824 615 1899 Χρόνοις
645 1823 694 1876 έν
726 1830 846 1886 τοῖς
877 1825 1166 1898 τριάκοντα
1193 1829 1310 1885 τοῖς
1340 1823 1791 1902 ἀνεπιφωνητοις.

391 1909 677 1967 Σϐέννυταί
708 1934 763 1967 τε
793 1913 881 1966 καὶ
913 1914 1179 1990 φθείρεται
1211 1911 1471 1986 οὐδαμῶς
1503 1916 1820 1990 περαιτέρω.

382 2003 600 2077 ’Δγωγή
637 2024 693 2056 τε
723 2003 1050 2076 προσωπική
1082 2002 1250 2077 ταύτῃ
1284 2006 1350 2068 τῆ
1382 2004 1705 2078 προθεσμίᾳ,

380 2090 441 2147 Εἰ
481 2092 556 2164 μὴ
586 2096 773 2166 τμηθῇ
804 2092 868 2146 τὸ
903 2091 1096 2165 μεταξὺ
1129 2086 1406 2146 σϐέννυται
1438 2093 1845 2166 προσηκόντως.

373 2181 607 2256 Ἀγωγαὶ
637 2178 1008 2256 τεμποράλιαι
1041 2180 1206 2255 ταύτῃ
1237 2177 1512 2236 σϐέννυται
1551 2183 1687 2256 μόνῃ

372 2269 550 2325 Διπλᾶ
581 2269 638 2324 δὲ
671 2267 1018 2345 δικαστήρια,
1048 2275 1214 2325 ταῦτα
1244 2271 1309 2326 τὰ
1339 2271 1459 2346 τρία
1493 2272 1655 2345 μόνα,

367 2361 441 2416 Τὸ
472 2361 594 2435 περί
629 2358 942 2436 διαιρέσεως
975 2365 1171 2415 κοινῶν
1211 2366 1368 2415 τινῶν
1401 2361 1757 2438 πραγμάτων,

361 2449 432 2504 Τὸ
466 2451 589 2521 περὶ
622 2447 888 2526 φαμιλίας
915 2471 993 2517 τε,
1024 2451 1086 2504 τὸ
1119 2451 1240 2525 περὶ
1265 2450 1405 2525 ὅρων
1438 2451 1641 2526 τρίτον.

366 2533 505 2593 Οὔτε
535 2540 569 2606 ἡ
604 2538 807 2614 φοῦρτη
845 2539 1062 2612 ἀγωγὴ,
1097 2536 1220 2593 οὔτε
1250 2542 1283 2607 ἡ
1317 2560 1422 2614 προ
1455 2538 1629 2607 σοκίο,

367 2620 500 2677 Οῧτι
530 2623 650 2696 περὶ
687 2625 938 2698 ἁρπαγῆς
971 2630 1234 2694 κινητῶν,
1267 2627 1326 2694 ἣν
1360 2627 1412 2679 οἱ
1441 2631 1660 2679 Λατῖνοι

370 2711 524 2766 Ωῧτω
555 2714 972 2784 κατωνομάκασι
1009 2714 1064 2788 βι
1098 2714 1375 2789 βονὸρουμ
1410 2714 1751 2790 ῥαπτόρουμ,

371 2801 539 2857 Ἐτῶν
575 2800 742 2855 πλέον
774 2802 1064 2875 τριάκοττα
1099 2803 1170 2864 είς
1207 2803 1424 2878 ἀγωγην
1459 2803 1661 2878 ἰσχύει,

369 2891 432 2946 ἸΙ
466 2887 510 2944 δ’
544 2891 844 2944 ἀπαιτοῦσα
875 2891 935 2944 τὸ
967 2887 1194 2945 διπλοῦν
1226 2890 1310 2945 ἐπὶ
1344 2897 1437 2947 τοῦ
1467 2891 1807 2966 κλοπιμαίου

369 2983 456 3051 Τῷ
487 2977 671 3054 χρόνῳ
703 2979 1075 3055 παρα-τείνεται
1100 2985 1195 3035 τοῦ
1225 2979 1526 3055 κλέψαντος
1558 2983 1618 3037 τὸ
1648 2988 1895 3058 πρᾶγμα.

377 3069 554 3125 "Eua:
586 3067 983 3145 τεσσαράκοντα
1014 3070 1048 3138 ἡ
1090 3070 1425 3146 ὑποθηκάρια

1710 357 2128 421 MlCllAELlS
2172 352 2444 418 PSELLI

2052 494 2105 560 Α
2143 488 2362 562 Ἀγωγὴ
2395 485 2798 560 παρεκτείνεται
2828 486 2890 540 τὸ
2921 491 3148 560 πρᾶγμα
3177 490 3273 540 τοῦ
3298 484 3600 561 χρεώστου,

3595 305 3600 308 Α
3665 354 3803 415 952

2134 580 2400 653 Ἔχοντος
2431 578 2520 632 καὶ
2551 577 2881 651 κατέχοντος
2903 579 2990 631 καὶ
3028 581 3210 652 σαφῶς
3232 576 3556 649 νεμομένου.

2209 667 2364 740 Καλῇ
2394 664 2450 720 δὶ
2479 665 2656 720 πίστει
2685 667 2894 741 ἀγωγαὶ
2924 670 3177 720 τοσαῦται
3210 666 3294 720 καὶ
3329 670 3574 720 τοιαῦται

2138 760 2363 829 Πρᾶσις,
2397 755 2663 828 ἀγορασία
2693 775 2770 821 τε,
2807 754 3093 826 μίσθωσις,
3127 755 3400 824 κοινωνία,

2139 844 2519 916 Ἐκμίσθωσις,
2553 840 2822 913 διοίκησις
2856 845 3190 918 πραγμάτιον
3225 843 3555 917 ἀλλοτρίων,

2139 934 2264 987 Κατ’
2294 931 2600 1006 ἐπιτρόπων
2627 932 2834 1007 ἀγωγὴ,
2866 931 3082 1002 ἐντολή,
3115 935 3427 1006 παραθήκη,

2139 1025 2358 1100 Ἀγωγὴ
2393 1025 2516 1098 περὶ
2547 1023 2608 1077 τὸ
2639 1025 2900 1098 χρησθὲν,
2933 1027 2967 1094 ἡ
3003 1025 3124 1096 πιρῖ
3157 1023 3436 1099 ἐνεχύρου,

2142 1116 2202 1168 Ἥ
2235 1114 2355 1189 περὶ
2385 1111 2695 1187 διαιρέσεως
2721 1118 2829 1167 τῶν
2859 1112 3452 1189 συγκληρονομοῦντων

2140 1205 2202 1260 Ἥ
2237 1201 2517 1277 διαιροῦσα
2545 1204 2610 1255 τα
2647 1203 2823 1270 κοινὰ,
2854 1203 2942 1257 καὶ
2971 1203 3147 1278 χωρὶς
3178 1205 3486 1274 κοινωνίας,

2137 1295 2202 1347 Ἦ
2237 1289 2624 1364 πραεσκρίπτις
2663 1287 2844 1367 βέρϐις
2875 1313 2931 1346 τε
2961 1296 3067 1346 τῶν
3099 1291 3648 1365 αὖταλλαττομένων,

2141 1381 2326 1451 Ἀλλη
2361 1378 2404 1433 δ’
2445 1379 2596 1456 αξθις
2638 1381 2931 1452 ὁμώνυμος
2961 1383 2994 1449 ἡ
3028 1380 3089 1435 οὐ
3123 1381 3494 1456 έστιματόρια,

2141 1471 2200 1524 Ἥ
2235 1468 2290 1524 δὲ
2321 1452 2614 1545 έρεδιῖάτις
2644 1490 2699 1524 τε
2728 1469 2992 1539 κληθεῖσα
3022 1470 3280 1539 πετίτιον,

2141 1562 2203 1617 Ἦ
2237 1561 2554 1629 ἀπαιτοῦσα,
2584 1557 2837 1625 δέσποτα,
2871 1559 2936 1613 τὰ
2963 1566 3062 1627 τῆς
3090 1559 3488 1632 κληρονομίας.

2145 1649 2375 1724 Στρίκτα
2410 1671 2461 1704 τε
2490 1648 2616 1724 πρὶν
2651 1647 2929 1722 ἐτύγχανε,
2963 1648 3051 1702 καὶ
3083 1651 3117 1716 ἡ
3142 1648 3191 1720 ἐξ
3224 1648 3574 1704 στιπου).άτο.

2211 1739 2269 1793 Ὁ
2301 1737 2467 1808 νόμος
2496 1734 2540 1790 δ’
2571 1738 2598 1790 ὁ
2631 1734 2928 1796 Φαλκίδιος
2953 1735 3208 1806 τοιαύτην
3242 1735 3356 1811 ἔχει
3389 1737 3563 1814 φόσιν,

2144 1825 2308 1880 Εἴπερ
2338 1846 2420 1880 τις
2449 1823 2788 1880 τελευτήσειε
2818 1827 2998 1880 πατὴρ
3030 1826 3147 1880 ἑνὸς
3179 1823 3331 1880 παιδί

2063 1857 2111 1922 Β
2144 1827 2308 1899 Εἴπερ
2338 1846 2420 1887 τις
2449 1827 2788 1894 τελευτήσειε
2818 1827 2998 1898 πατὴρ
3030 1827 3147 1887 ἑνὸς
3179 1827 3418 1891 παιδίου,

2141 1913 2353 1989 Γράψας
2386 1935 2443 1967 τε
2477 1911 2829 1984 διατύπωσιν,
2861 1918 2956 1967 τοῦ
2986 1911 3180 1975 παιδὸς
3212 1913 3310 1968 οὐκ
3341 1915 3609 1987 έμνήσθη,

2135 2001 2300 2059 Ἀλλ’
2326 1999 2520 2064 ἄλλοις
2547 2000 2942 2057 καταλέλοιπεν
2973 2002 3220 2078 ἀκέραιον
3252 2004 3342 2057 τὸν
3373 2001 3604 2079 κλῆρον,

2137 2091 2194 2145 Ὀ
2250 2095 2374 2151 παῖς
2429 2088 2490 2144 τὸ
2560 2090 2745 2165 τρίτον
2816 2089 3048 2163 λήψεται
3115 2093 3450 2166 πραγμάτων
3508 2097 3618 2146 τῶν
3679 2111 3789 2145 πα-

3483 2180 3720 2254 [τρίβων’

2137 2269 2200 2326 Εἰ
2233 2267 2278 2323 δ’
2307 2268 2432 2325 ὅταν
2463 2268 2712 2346 ἐγέννησε
2742 2267 2937 2330 παῖδας
2966 2267 3017 2323 ἐν
3057 2270 3162 2343 βίῳ
3195 2267 3311 2336 δύο,

2136 2356 2260 2414 Οὐδ’
2292 2360 2405 2422 ἑνὸς
2438 2358 2811 2432 ἐμνημόνευσε
2839 2361 3076 2428 ποιήσας
3107 2356 3390 2431 διαθήκην,

2133 2450 2394 2510 Ἕκαστος
2423 2445 2578 2503 ἕκτον
2611 2447 2844 2520 λήψεται
2875 2452 2982 2501 τῶν
3011 2451 3286 2522 πατρικῶν
3320 2449 3678 2524 πραγμάτων·

2134 2536 2194 2592 Εἰ
2229 2533 2285 2590 δέ
2313 2557 2373 2611 γε
2393 2542 2538 2611 τρεῖς
2570 2537 2935 2611 τυγχάνουσιν
2969 2537 3021 2590 οἱ
3053 2533 3243 2597 παῖδες
3273 2541 3367 2590 τοῦ
3401 2537 3682 2605 θανόντος,

2133 2628 2395 2686 Ἕκαστος
2431 2623 2529 2694 ἔξει
2563 2622 2780 2679 ἔννατον
2811 2631 2909 2693 τῆς
2933 2631 3201 2700 πατρικῆς
3235 2624 3438 2687 οὐσίας·

2134 2711 2445 2767 Δωδέκατον
2483 2710 2550 2779 δ’,
2585 2713 2626 2767 εἰ
2658 2712 2910 2788 τέσσαρες
2940 2713 3300 2788 τυγχάνουσιν
3330 2716 3380 2768 οἱ
3412 2711 3622 2776 παῖδες’

2133 2802 2199 2858 Ei’
2230 2799 2286 2856 δὶ
2312 2801 2534 2863 πλείους
2566 2803 2924 2877 τυγχάνουσι,
2957 2800 3210 2871 δέσποτα,
3241 2808 3350 2857 τῶν
3381 2805 3682 2879 τεσσάρων,

2131 2891 2354 2953 Τοότοις
2389 2889 2843 2963 ἀποκεκλήρωται
2873 2898 2975 2960 τῆς
3005 2895 3272 2966 πατρικῆς
3304 2892 3511 2961 οὐσίας,

2133 2981 2307 3055 Μερῖς
2337 2980 2550 3034 πάντων
2583 2980 2832 3053 ἡμίσεια,
2859 2978 3048 3035 δοκοῦν
3079 2985 3158 3052 τῷ
3189 2979 3492 3054 Φαλκιδίῳ.

2205 3069 2272 3126 Οἱ
2306 3066 2429 3124 ἄνευ
2465 3066 2817 3148 δεφενσίωνος
2848 3069 3040 3146 πρᾶσίν
3071 3091 3216 3134 τινος
3244 3075 3550 3139 ποιοῦντες,

3415 3161 3580 3218 Vers.
3611 3163 3717 3218 801

372 3299 502 3342 vere
523 3283 662 3341 velit
712 3290 994 3358 tanquam
1055 3304 1123 3343 ex
1181 3287 1324 3360 lege.
1390 3288 1648 3345 Feminis
1705 3289 2013 3346 duodecim
2047 3301 2089 3368 ρ
2127 3285 2422 3358 agendum
2467 3287 2647 3341 robur
2699 3286 2988 3342 obtinent.
3035 3287 3117 3342 Ea
3161 3304 3294 3343 vero
3345 3305 3470 3359 quae
3535 3289 3788 3360 duplum

371 3375 528 3442 anni,
592 3375 855 3432 maribus
912 3378 1354 3448 quatuordecim
1389 3379 1460 3434 ad
1511 3379 1876 3450 pubertatem
1910 3379 2026 3434 suf-

372 3464 592 3519 ﬁciunt.
635 3465 818 3520 Natus
849 3483 1037 3520 annos
1067 3467 1264 3521 decem
1308 3472 1362 3522 et
1393 3471 1518 3522 octo
1551 3469 1865 3524 advocatus
1899 3485 2026 3524 esse

375 3558 585 3625 potest.
624 3554 918 3624 Adoptans
951 3555 1142 3625 major
1164 3571 1292 3609 esse
1324 3555 1495 3611 debet
1546 3558 1821 3628 arlOptato
1854 3557 2025 3613 annis

373 3642 715 3696 octodecim.
778 3643 983 3697 Mulier
1033 3643 1342 3713 postulans
1384 3645 1611 3700 veniam
1638 3646 1845 3716 (etatis,
1879 3646 2025 3717 legi-

372 3730 513 3784 time
544 3729 602 3782 id
661 3741 814 3800 aget,
875 3729 923 3784 si
975 3737 1111 3784 nata
1159 3731 1236 3785 sit
1294 3733 1494 3787 decem
1527 3739 1583 3788 et
1615 3740 1743 3789 octo
1792 3751 2024 3791 annos:

375 3821 433 3870 at
466 3816 554 3870 vir
607 3817 925 3872 vicennalis
973 3825 1098 3873 esto
1155 3820 1227 3874 ad
1286 3821 1539 3876 veniam.
1594 3823 1791 3878 Minor
1820 3823 2025 3895 viginti

376 3903 838 3973 annisjudicare
875 3922 989 3959 non
1022 3911 1230 3976 potest.
1295 3908 1506 3979 Viginti
1560 3910 1729 3965 annis
1778 3911 2026 3966 crimina

375 3991 687 4060 ﬁniuntur,
717 3994 908 4046 solum
944 3994 1417 4064 quinquennium
1451 3998 1770 4070 exstinguit
1799 4001 2024 4056 adulte-

373 4080 523 4136 rium
555 4086 612 4136 et
644 4080 1003 4152 peculatum.
1065 4083 1171 4146 Qui
1233 4087 1576 4142 vicesimum
1617 4091 1888 4160 quintum
1923 4107 2023 4144 an-

374 4185 514 4224 num
573 4170 838 4241 implevit
885 4172 1043 4226 venit
1096 4173 1167 4227 ad
1229 4175 1793 4234 administrationem
1831 4196 2022 4235 rerum

373 4275 634 4315 suarum.
673 4260 863 4315 Minor
895 4260 1188 4332 postulata
1215 4265 1405 4318 astatis
1434 4267 1682 4332 vcnia,si
1715 4266 2023 4322 alicuirem

373 4347 738 4403 immobilem
774 4349 1020 4418 dederit,
1056 4367 1169 4405 non
1223 4351 1373 4406 valet
1421 4354 1678 4423 donatio,
1723 4355 1836 4410 nisi
1894 4360 2027 4427 post

377 4435 722 4490 vicesimum
773 4438 1048 4508 quintum
1103 4457 1348 4507 annum,
1409 4442 1756 4498 decennium
1801 4448 1859 4498 et
1908 4461 2027 4498 am-

382 4523 538 4596 plius
567 4526 885 4582 transierit.
916 4527 1216 4582 Actionem
1251 4530 1471 4586 venditi
1507 4532 1746 4604 longum
1797 4538 2026 4604 tempus

383 4618 625 4668 resecat.
686 4615 893 4668 Petitin
944 4616 1226 4671 universae
1279 4619 1632 4674 heareditatis
1690 4627 1748 4675 et
1835 4621 2026 4675 omnis

2137 3373 2315 3443 exigit
2347 3389 2378 3426 a
2411 3373 2534 3428 fure
2569 3373 2627 3428 in
2687 3391 2921 3429 omnem
2983 3375 3131 3431 furis
3183 3376 3359 3431 vitam
3420 3376 3791 3447 producitur.

2135 3461 2560 3534 Hypotbecaria
2593 3463 2742 3519 actio
2767 3465 3047 3520 debitoris
3080 3481 3199 3520 rem
3235 3465 3590 3536 babentis,et
3613 3467 3799 3537 probe

2135 3551 2514 3623 possidentis,
2549 3552 2617 3606 ad
2654 3569 2838 3608 annos
2871 3555 3262 3626 quadraginta
3291 3555 3644 3610 extenditur.

2207 3643 2302 3697 Ηεε
2336 3659 2464 3697 vero
2498 3649 2640 3698 sunt
2695 3644 2955 3699 actiones
3007 3645 3172 3701 bonae
3230 3646 3387 3715 ﬁdei,
3444 3645 3689 3718 emptio,
3743 3652 3803 3702 et

2133 3731 2414 3801 venditio,
2448 3733 2780 3802 conductio,
2817 3733 3089 3801 societas,
3129 3735 3356 3800 locatio,
3416 3735 3804 3791 administra-

2134 3820 2215 3875 tio
2267 3837 2460 3875 rerum
2515 3820 2865 3892 alienarum,
2897 3824 3046 3878 actio
3095 3823 3312 3889 tutelae,
3346 3824 3630 3890 mandati,
3704 3827 3805 3881 de-

2136 3909 2333 3982 positi,
2370 3909 2748 3981 commodati,
2809 3911 2878 3965 de
2937 3912 3204 3983 pignore,
3265 3913 3337 3967 de
3380 3913 3674 3969 divisione
3707 3917 3802 3968 in-

2134 4002 2225 4053 ter
2257 3998 2584 4054 cohaeredes
2639 4015 2767 4069 quae
2801 3998 3010 4055 dividit
3050 4002 3391 4056 communia
3422 4003 3601 4057 etiam
3666 4003 3806 4060 sine

2134 4087 2410 4142 societate
2475 4086 2832 4158 praescriptis
2895 4089 3107 4154 verbis,
3163 4090 3281 4144 sive
3355 4093 3432 4143 sit
3488 4091 3558 4146 de
3620 4094 3807 4149 rebus

2136 4176 2510 4248 permutatis,
2539 4178 2657 4230 sive
2690 4193 2896 4232 rursus
2919 4177 3032 4232 alia
3082 4177 3297 4234 similis
3343 4179 3603 4235 nominis
3637 4183 3810 4238 aesti-

2139 4265 2794 4331 matoria,bzereditatis
2836 4267 3054 4336 petitio,
3089 4284 3214 4338 quae
3273 4268 3551 4339 postulat,
3605 4287 3641 4326 ο
3704 4273 3810 4326 do-

2137 4353 2313 4419 mine,
2347 4371 2415 4408 ea
2447 4371 2575 4424 qua:
2608 4359 2743 4409 sunt
2778 4354 3138 4410 haereditatis
3174 4373 3186 4410 :
3230 4373 3298 4411 ex
3350 4357 3634 4428 stipulatu
3691 4359 3811 4414 fuit

2136 4451 2362 4505 stricta.

2209 4541 2322 4594 Lex
2359 4539 2611 4595 Falcidia
2641 4540 2790 4596 hanc
2821 4545 3090 4596 naturam
3126 4541 3302 4598 habet
3332 4559 3346 4600 :
3381 4544 3430 4598 si
3463 4545 3597 4615 quis
3635 4551 3808 4617 pater

2138 4628 2316 4682 unius
2342 4628 2441 4682 ﬁlii
2480 4637 2748 4684 mortuus
2780 4629 2877 4694 sit,
2931 4631 3195 4686 scribens
3238 4636 3430 4686 autem
3465 4637 3803 4689 testamen-

386 4701 712 4774 personalis
742 4703 889 4758 actio
913 4704 1153 4778 triginta
1185 4711 1355 4761 annis
1405 4710 1798 4781 exstinguitur
1828 4715 1882 4764 et
1907 4727 2033 4765 cor-
2064 4688 2108 4753 D
2141 4720 2264 4772 tum
2294 4716 2393 4770 filii
2431 4734 2544 4772 non
2580 4688 2876 4786 meminit,
2937 4719 3033 4772 sed
3067 4718 3346 4775 intactam
3392 4720 3524 4776 aliis
3558 4721 3805 4793 reliquit

386 4791 706 4857 rumpitur,
758 4792 917 4847 nullo
969 4795 1136 4848 modo
1171 4795 1436 4851 ulterius.
1475 4797 1704 4852 Finium
1739 4801 2026 4871 regundo-

385 4893 514 4933 rum
556 4878 799 4950 triginla
849 4882 1021 4936 annis
1071 4882 1231 4938 nulla
1278 4885 1724 4942 denuntiatione
1777 4889 2028 4944 interru-

383 4970 502 5036 pta,
523 4968 933 5039 exstinguitur.
972 4974 1036 5022 Et
1077 4971 1226 5025 actio
1261 4973 1586 5042 personalis
1616 4976 1818 5030 eodem
1844 4978 2028 5048 praeﬁ-

379 5058 502 5111 nito
553 5060 813 5129 tempore
891 5057 1004 5112 nisi
1085 5058 1574 5132 interrumpatur,
1619 5066 2032 5120 convenienter

377 5143 632 5200 tolletur.
673 5145 945 5201 Actiones
1003 5146 1378 5216 temporales,
1427 5167 1492 5205 eo
1526 5152 1698 5206 etiam
1733 5153 1857 5209 solo
1889 5159 2032 5207 tem-

376 5249 510 5304 pore
538 5235 1015 5304 exstinguuntur.
1054 5235 1124 5290 Ut
1145 5241 1200 5289 et
1232 5236 1485 5307 duplicia
1513 5241 1758 5309 judicia,
1786 5243 1903 5296 haac
1920 5242 2031 5296 tria

379 5320 751 5377 solummodo
829 5340 957 5394 quae
1021 5331 1344 5394 sequuntur
1391 5343 1405 5381 :
1452 5328 1673 5383 scilicet
1730 5330 2031 5385 communi

380 5407 722 5478 dividundo,
784 5412 1017 5466 familia:
1093 5414 1471 5481 erciscundae,
1533 5418 1769 5471 tertium
1824 5420 2028 5474 finium

383 5500 802 5568 regundorum.
838 5505 1034 5572 Neque
1091 5501 1250 5571 furti,
1302 5519 1490 5574 neque
1539 5521 1640 5575 pro
1698 5506 1876 5575 socio,
1927 5523 2027 5563 no-

384 5602 498 5659 que
528 5588 599 5642 de
631 5595 803 5660 raptu
840 5589 1166 5658 mobilium,
1222 5607 1400 5661 quam
1452 5591 1637 5649 Latini
1669 5600 1948 5652 vocarunt
1974 5597 2029 5654 vi

387 5676 673 5735 bonorum
707 5682 1034 5750 raptorum,
1063 5677 1196 5749 plus
1229 5695 1405 5750 quam
1463 5683 1632 5741 annis
1664 5685 1904 5758 triginta
1951 5689 2024 5744 ad

2138 4803 2560 4876 hereditatem,
2596 4806 2753 4860 ﬁlius
2775 4809 3004 4861 tertiam
3031 4813 3254 4878 partem
3277 4809 3562 4864 bonorum
3599 4816 3804 4882 pater-

2142 4911 2351 4950 norum
2388 4896 2676 4965 accipiet;
2713 4897 2757 4951 si
2813 4896 2982 4950 Pater
3029 4897 3281 4952 duorum
3335 4897 3584 4953 filiorum
3639 4917 3801 4956 mor-

2140 4986 2278 5036 tuus
2311 4983 2405 5048 sit,
2448 5001 2572 5048 nec,
2634 4989 3050 5038 testamentum
3110 4986 3350 5054 faciens,
3409 5003 3612 5041 eorum
3679 5006 3802 5044 me-

2142 5072 2401 5138 minerit,
2464 5075 2716 5143 quisque
2766 5077 2938 5128 sexta:
3006 5075 3191 5145 partis
3261 5076 3547 5131 bonorum
3601 5083 3800 5147 pater-

2141 5176 2352 5214 norum
2417 5163 2706 5232 particeps
2783 5162 2891 5217 erit
2964 5162 3069 5228 ;si
3121 5179 3256 5218 vero
3313 5169 3428 5218 tres
3495 5165 3616 5219 sint
3690 5166 3800 5220 ﬁlii
3855 5172 3866 5177 '

2140 5249 2719 5320 demortuo,quisque
2741 5266 2948 5304 nonam
2984 5257 3205 5322 partem
3232 5252 3576 5306 substantia!
3596 5258 3800 5323 pater-

2142 5355 2230 5392 nae
2255 5338 2512 5406 habebit,
2547 5339 2893 5393 duodecima
2931 5353 3062 5393 vero
3099 5341 3151 5393 in
3188 5347 3440 5410 quatuor
3472 5340 3619 5396 filios
3651 5342 3801 5396 divi-

2140 5427 2312 5480 detur
2347 5444 2358 5480 :
2386 5429 2431 5482 si
2467 5429 2664 5499 plures
2694 5430 2870 5496 sint,o
2901 5427 3340 5499 domine,quam
3377 5435 3647 5500 quatuor,
3675 5431 3799 5485 illis

2141 5522 2365 5586 partem
2419 5517 2762 5572 substantia:
2848 5515 3032 5588 patris
3082 5516 3392 5573 dimidiam
3449 5516 3624 5572 dividi
3675 5517 3796 5590 legi

2141 5603 2404 5660 Falcidie
2438 5604 2643 5678 placet.

2209 5693 2351 5751 Rem
2385 5695 2641 5769 aliquam
2674 5696 2802 5754 sine
2833 5696 3171 5755 defensione
3192 5698 3595 5771 vendentes,in
3617 5696 3808 5759 solam
