3976 6212
191 395 318 457 953

191 528 291 588 Εἰς
321 525 495 599 μόνην
527 523 941 600 κατακρίνονται
968 525 1068 595 τήν
1099 525 1268 598 τιμὴν
1300 528 1395 579 τοῦ
1424 524 1741 600 πραθέντος,

195 618 270 675 Οἱ
306 614 363 671 δέ
391 637 453 690 γε
483 612 888 692 δεφενδεῦοντες
920 615 1007 670 καὶ
1035 617 1138 684 τήν
1166 616 1336 688 τιμὴν
1368 610 1602 686 διδοῦσι,

187 707 313 764 Τοῦ
351 702 648 760 διπλασίου
674 725 734 759 τε
764 706 988 776 ποινὴν,
1020 701 1163 759 οὕτω
1194 706 1297 780 γὰρ
1330 703 1605 773 ἐτυπώϐη.

184 795 268 850 Τὸ
314 791 697 869 ἀντάλλαγμα,
724 790 982 863 δέσποτα,
1012 798 1093 865 τῷ
1125 790 1349 865 δικαστῇ
1379 789 1608 847 δικτέον.

186 890 304 952 Τῆς
334 884 660 957 παραθήκης
697 882 868 955 μόνης
901 880 959 937 δὲ
988 880 1350 957 ἀντάλλαγμα
1375 881 1474 936 οὐκ
1504 878 1637 938 ἔστι.

185 974 314 1039 Τήν
343 967 645 1041 καταδίκην
674 971 769 1026 τὸν
803 970 987 1039 ἁπλῆν
1022 968 1163 1046 ἔχει,
1196 971 1246 1041 ἐξ
1275 968 1627 1037 στιπουλάτο,

182 1060 253 1116 Ἡ
290 1060 402 1114 ἀπὸ
430 1063 527 1113 τοῦ
559 1055 937 1131 δανείσματος,
968 1061 1003 1128 ἡ
1038 1059 1089 1129 ἐξ
1120 1058 1434 1136 ἀγορασίας,

180 1150 250 1205 Ἦ
288 1148 400 1203 ἀπὸ
429 1155 531 1216 τῆς
568 1148 909 1220 μισθώσεως,
942 1151 977 1218 ἡ
1012 1149 1117 1204 ἀπὸ
1150 1148 1527 1222 ένταλμάτων.

184 1237 409 1305 Διπλῆν
444 1234 489 1291 δ’
520 1233 738 1312 ἔχουσιν
780 1234 1072 1312 ε’ίσπραξιν,
1106 1240 1142 1307 ἡ
1172 1238 1269 1293 τοῦ
1302 1235 1637 1302 Ἀκουιλίου,

181 1328 247 1384 Ἡ
271 1327 412 1403 άφαν
426 1327 492 1395 ἧς
523 1325 824 1400 ἀφαίρεσις,
866 1327 900 1395 ἦ
933 1328 1391 1402 παρακαταθήκη.

190 1417 261 1470 Τὸ
294 1413 354 1470 δέ
378 1436 445 1490 γε
472 1413 878 1489 τεπραπλάσιον
906 1413 1126 1484 κλοπῆς
1158 1414 1270 1471 ἐστι
1301 1412 1611 1490 προδήλου,

190 1501 429 1559 "Alle
461 1524 520 1558 τε
549 1501 819 1558 πλείστων
844 1505 1072 1580 ἀγωγῶν
1095 1503 1181 1559 καὶ
1207 1502 1480 1582 ἷμφακτοὺ
1490 1526 1530 1576 μ
1552 1501 1849 1572 πλειόνων,

196 1588 411 1659 Φόϐου,
445 1591 802 1667 συκοφαντίας
828 1613 906 1663 τε,
938 1593 1024 1647 καὶ
1060 1591 1225 1648 δικῶν
1250 1589 1435 1648 ἄλλων
1468 1591 1655 1649 πάλιν.

187 1680 439 1736 Διπλοῦι
468 1677 527 1734 δὶ
560 1680 960 1754 τετραπλάσιον
997 1682 1025 1735 ὁ
1057 1681 1163 1735 ἀπὸ
1192 1681 1454 1756 ναυαγίου

185 1769 476 1844 ⁹Δρπάσας
505 1773 754 1844 πρᾶγμα,
789 1767 1042 1842 δέσποτα,
1076 1769 1447 1844 εἰσπράττεται
1480 1766 1722 1832 δικαίως·

191 1862 293 1914 Καὶ
317 1860 384 1913 τὸ
420 1859 518 1930 μὶν
548 1856 946 1935 τετραπλάσιον
975 1863 1375 1935 προσκυροῦται
1404 1857 1484 1931 τῷ
1506 1858 1704 1936 φίσκῳ,

191 1949 271 2006 Τὸ
303 1946 352 2002 δ’
384 1946 532 2003 ἄλλο
555 1947 951 2024 τετραπλάσιον
984 1950 1014 2003 ὁ
1046 1950 1353 2022 ναυαγήσας
1384 1943 1523 2023 ἔχει.

190 2034 393 2099 Οὐδεὶς
429 2034 474 2091 δ’
505 2036 826 2112 ἀναγόμενος
854 2036 1078 2111 ὀνόματι
1113 2038 1321 2111 οἰκείῳ,
1523 2086 1526 2089 .

188 2129 251 2185 Ἡ
283 2124 334 2182 δ’
364 2125 664 2201 ἀλλοτρίαν
698 2127 920 2203 ἀγωγην
950 2126 1002 2183 ἐν
1034 2124 1312 2190 δικασταῖς
1341 2126 1654 2203 γυμνάζων,

187 2217 276 2285 Μή
311 2215 614 2293 ἐμφανίσας
644 2212 914 2292 ἔγγραφον
945 2214 1173 2286 ἐντολὴν
1205 2214 1569 2293 πρωτοτύπου

186 2304 389 2367 Καλῶς
420 2305 854 2375 άπαιτηθήσεται
881 2306 971 2360 τὸν
1005 2302 1367 2361 ἱκανοδοσίαν.

186 2393 255 2449 Δΐ
289 2395 387 2466 μὲν
424 2394 485 2449 έκ
509 2392 683 2467 νόμου
712 2394 939 2470 ἀγωγαὶ,
972 2392 1028 2450 α’ί
1058 2415 1115 2451 τε
1146 2395 1252 2449 ἀπὸ
1285 2392 1593 2470 δογμάτων,

184 2481 253 2538 Δῗ
279 2504 341 2538 τε
372 2481 437 2538 ἐκ
464 2481 757 2553 διατάξεων
789 2489 897 2539 τῶν
934 2481 1406 2560 βασιλικωτάτων,

183 2577 462 2642 Διηνεκεῖς
491 2592 851 2649 τυγχανουσιν
881 2573 955 2635 ὡς
985 2570 1146 2649 ἤρεσε
1169 2579 1287 2636 τοῖς
1317 2571 1533 2647 νόμοις.

183 2662 251 2718 Οἱ
281 2662 453 2735 νόμοι
482 2667 589 2717 τῶν
618 2662 927 2737 πραιτόρων
962 2659 1019 2717 δὲ
1052 2662 1386 2739 μονόχρονοι
1416 2663 1508 2717 τὸν
1543 2660 1719 2741 φύσιν,

181 2751 308 2808 Εἰσὶ
342 2748 403 2806 δὲ
428 2751 518 2806 καὶ
549 2752 878 2828 πραιτώριαι
913 2748 1180 2821 διηνεκεῖς
1211 2751 1415 2827 ὀλίγαι,

180 2840 271 2901 Ὠς
304 2842 343 2910 ἡ
375 2839 504 2916 περὶ
534 2844 631 2895 τοῦ
657 2838 996 2914 κλέμματος,
1028 2843 1063 2911 ἡ
1092 2846 1209 2903 τοῖς
1235 2838 1586 2918 διακατόχοις

181 2930 661 3005 Παρερχομένοις,
690 2927 944 3001 δέσποτα,
973 2935 1090 2995 τοῖς
1119 2951 1181 3005 γε
1204 2933 1621 3009 νομικωτέροις.

182 3019 251 3076 Αἱ
286 3016 348 3073 δέ
377 3039 443 3092 γε
475 3019 571 3092 μὶν
602 3018 884 3076 ποινάλιαι
915 3020 1125 3096 ἀγωγαὶ
1146 3020 1503 3096 κεκλημέναι,

183 3109 324 3170 Τοῖς
352 3106 731 3185 κληρονόμοις
763 3106 1027 3182 δίδονται,
1060 3109 1123 3166 οὐ
1152 3112 1287 3167 κατὰ
1314 3108 1707 3188 κληρονόμων,

1555 388 1932 460 SYNOPSIS
1977 387 2268 454 LEGUM.

1877 527 1934 592 Α
1961 524 2183 582 Ὀποῖόν
2217 523 2328 580 ἐστι
2358 525 2394 595 ἡ
2422 521 2606 594 κλοπὴ
2640 524 2852 600 ἁρπαγή
2885 542 2944 577 τε
2971 518 3333 596 πραγμάτων,

3487 387 3607 448 954

1958 616 2135 677 Αὐτὸς
2167 616 2196 671 ὁ
2226 614 2563 686 Ἀκουίλιος,
2598 616 2625 669 ὁ
2658 613 2783 689 περὶ
2812 619 2911 685 τῆς
2944 611 3141 685 ζημίας

1958 706 2022 762 Ἡ
2055 702 2112 760 δέ
2139 725 2201 779 γε
2228 704 2349 780 περὶ
2385 698 2612 780 ὕϐρεως,
2644 700 2759 757 οὐδ’
2789 702 2840 757 ἐν
2872 707 2989 763 τοῖς
3018 698 3393 777 κληρονόμοις

1960 794 2025 851 El
2058 789 2220 848 λάϐοι
2253 790 2310 849 δὲ
2337 792 2700 870 προκάταρξιν
2735 791 2786 846 ἐν
2818 796 2935 855 τοῖς
2965 788 3337 866 δικαστηρίοις

1962 884 2065 940 Καὶ
2094 882 2467 958 κληρονόμοις
2503 878 2734 947 δίδοται,
2767 880 2855 936 καὶ
2886 881 3023 934 κατά
3052 878 3420 954 κληρονομων

1964 974 2106 1042 Γυνῆ
2140 970 2197 1026 δὲ
2231 973 2365 1045 μετᾶ
2395 974 2656 1047 χηρευσιν
2692 972 2767 1045 μὴ
2803 967 3272 1044 δευτερογαμοῦσα

1963 1059 2068 1114 Σῦν
2095 1065 2210 1121 τοῖς
2241 1059 2394 1114 παισὶ
2421 1058 2695 1132 μερίζεται
2727 1056 2818 1113 τὸν
2851 1064 3059 1133 κλῆρον
3085 1057 3176 1111 τὸν
3207 1057 3482 1130 πατρῷον,

1962 1144 2241 1222 Λαμϐάνει
2267 1170 2325 1204 τε
2355 1148 2640 1226 ἰσάριθμον
2678 1153 2872 1224 μοῖραν
2907 1148 2984 1202 ένί
3013 1150 3121 1200 τῶν
3162 1142 3389 1214 παίδων,

1962 1239 2060 1293 Καὶ
2090 1238 2226 1293 κατᾶ
2255 1245 2455 1313 χρῆσιν
2488 1239 2602 1293 κατ’
2635 1237 2765 1292 αὐτὸ
2794 1235 2882 1291 καὶ
2912 1235 3046 1290 κατὰ
3076 1231 3408 1289 δεσποτείαν·

1960 1329 2025 1385 Ἡ
2058 1326 2116 1382 δὶ
2137 1328 2273 1396 αὐτὴ
2306 1327 2633 1404 ἀντιστροφὴ
2664 1328 2752 1382 καὶ
2785 1330 2867 1399 τῷ
2892 1322 3042 1400 ἀνδρὶ
3076 1324 3359 1399 τυγχάνει.

1959 1418 2021 1474 Ὀ
2052 1417 2392 1490 αὸτεξούσιος
2427 1418 2541 1478 υἱὸς
2574 1415 2793 1478 ἄτεκνος
2824 1416 3203 1484 ἀποθνήσκων,

1958 1507 2217 1580 Νόμιμον
2249 1508 2610 1579 ποστιμόριον
2642 1508 2755 1579 (12)
2784 1509 2899 1567 τοῖς
2931 1507 3151 1578 γονεῦσι
3184 1499 3403 1558 διδότω.

1959 1597 2015 1652 '0
2040 1595 2209 1669 κόρην
2246 1596 2571 1671 βιασάμενος
2600 1595 2690 1649 καὶ
2727 1593 2917 1668 βιαίως
2946 1592 3210 1666 ἀρπάσας,

1958 1686 2106 1741 Μετὰ
2136 1685 2302 1763 ξιφῶν
2338 1679 2708 1760 βαρϐαρικῶν,
2740 1682 2877 1760 ξίφει
2903 1682 3267 1754 τιμωρητέος.

1960 1775 2022 1831 El
2054 1772 2112 1830 δέ
2138 1795 2222 1837 τις
2254 1772 2441 1829 ὅπλων
2474 1771 2690 1836 ἄνευθεν
2716 1773 2972 1845 ἁρπάσειε
2998 1771 3096 1840 τὴν
3127 1769 3322 1846 κόρην,

1877 1905 1925 1971 Β
1961 1863 2063 1920 Καὶ
2095 1860 2357 1935 δήμευσιν
2397 1861 2697 1931 ὑφίσταται,
2728 1860 2818 1915 καὶ
2847 1862 3094 1933 τέμνεται
3124 1859 3224 1927 τὴν
3257 1862 3443 1933 χεῖρα,

1956 1953 2020 1971 III
2103 1952 2198 1971 *οὶῖ
2348 1951 2361 1971 9
2405 1948 2429 1971 θ
2559 1950 2573 1970 Ι
2706 1970 2711 1971 ,
2754 1951 2818 1971 ην
2852 1947 2899 1971 δέ
2958 1969 2987 1971 ,_
3027 1948 3055 1971 Ω
3093 1947 3293 1971 ,_-ﬁ_,'_r

1956 1953 2021 2010 Ἥ
2061 1952 2271 2026 μᾶλλον
2306 1951 2368 2006 οὐ
2402 1948 2715 2023 δημεύεται·
2748 1951 2818 2021 τῇ
2849 1947 2905 2003 δέ
2932 1969 2993 2025 γε
3027 1947 3306 2022 βιασθείσῃ

1952 2042 2013 2099 Ἦ
2048 2048 2239 2111 κτῆσις
2266 2039 2463 2095 τούτου
2494 2039 2749 2112 σύμπασα
2778 2037 3141 2115 προσάπτεναι
3176 2033 3420 2098 δικαίως·

1956 2130 2049 2188 Ἐκ
2080 2127 2135 2184 δέ
2162 2150 2223 2205 γε
2250 2133 2348 2184 τοῦ
2376 2128 2741 2202 τολμήματος
2771 2128 2948 2203 γάμος
2978 2127 3043 2181 οὐ
3074 2124 3374 2189 τελεστέος.

1953 2225 2044 2274 Δεῖ
2071 2219 2209 2274 κατὰ
2228 2219 2334 2287 τὴν
2363 2219 2646 2287 συνήθειαν
2677 2217 2777 2285 τὴν
2808 2214 2979 2270 πάλαι
3007 2216 3367 2284 τυπωθεῖσαν,

1952 2310 2070 2378 Τὴς
2100 2307 2306 2383 ἐποχὰς
2334 2306 2658 2382 ἀφίστασθαι
2687 2301 2952 2375 ἀλλήλων
2981 2303 3033 2358 έν
3059 2301 3301 2378 θαλάσσῃ

1952 2401 2088 2460 Ταῖς
2128 2393 2402 2473 ἀκριϐέσιν
2436 2395 2700 2469 ὀργυιαῖς,
2732 2394 2824 2449 καὶ
2855 2389 3368 2469 προδιαταχθείσαις

1951 2486 2118 2543 Πέντε
2143 2487 2280 2560 πρὸς
2309 2489 2428 2546 ταῖς
2461 2483 2725 2554 ἑξήκοντα
2753 2483 2843 2537 καὶ
2872 2487 2990 2545 ταῖς
3020 2480 3375 2559 τριακοσίαις·

1951 2577 2039 2639 Ὠς
2068 2578 2203 2631 εἴναι
2234 2574 2297 2630 τὸ
2333 2575 2427 2647 μὶν
2453 2572 2626 2646 ἥμισυ
2655 2572 2850 2628 τούτου
2880 2572 3079 2635 παντὸς
3106 2576 3204 2626 τοῦ
3237 2569 3436 2648 μέτρου

1952 2668 2048 2723 Ἐκ
2071 2670 2178 2720 τῶν
2214 2663 2398 2740 ὁρίων,
2423 2661 2678 2732 δέσποτα,
2714 2667 2811 2716 τοῦ
2836 2683 2899 2738 γε
2929 2660 3154 2736 θατέρου
3189 2659 3405 2737 μέρους,

1952 2756 2130 2833 Μέχρι
2162 2759 2258 2810 τοῦ
2288 2752 2734 2831 γειτονεύσαντος
2764 2756 2861 2808 τοῦ
2883 2751 3081 2807 λοιποῦ
3110 2752 3428 2824 τεταμένου.

1952 2847 2106 2921 Ἔχει
2134 2843 2233 2913 τήν
2263 2843 2655 2907 ταυτοπάθειαν
2682 2839 2728 2896 ε’ί
2756 2861 2839 2905 τις
2865 2840 3139 2918 τυφλώσει
3170 2839 3358 2914 κόρας,

1952 2935 2105 3005 Πλὴν
2141 2931 2427 3012 ὀφθαλμὸν
2455 2932 2568 2987 ἀντ’
2596 2929 2885 3006 ὀφθαλμοῦ
2917 2930 3141 2992 εἰκότως
3170 2927 3465 2998 ἀποδώσει,

1950 3024 2017 3083 Εἰ
2050 3021 2106 3079 δέ
2132 3044 2215 3085 τις
2247 3022 2535 3097 ἓξορύξειεν
2569 3021 2813 3095 ὄμματα,
2846 3024 2942 3099 φεῦ
2968 3022 2980 3078 l
3010 3020 3078 3076 τὰ
3107 3016 3226 3090 δύο,

1948 3113 2125 3175 Αὐτὸς
2154 3111 2584 3189 έξορυχθήσεται
2617 3108 2902 3189 ὀφθαλμὸν
2931 3108 3021 3166 ινα
3054 3109 3244 3186 μόνον,

3203 3200 3368 3259 Vers.
3398 3200 3524 3259 862.

180 3459 637 3516 astimationem
668 3460 751 3517 rei
779 3462 1028 3518 venditas
1080 3464 1569 3521 condemnentur.
1617 3465 1677 3522 Si
1707 3482 1840 3523 vero
1871 3468 1915 3537 (ζ’,
1952 3482 2068 3524 non
2126 3470 2330 3524 contra
2385 3465 2674 3535 heredes,
2734 3467 3234 3539 quemadmodum
3292 3469 3384 3522 est
3437 3465 3599 3537 furti,

180 3548 534 3620 defendant,
564 3549 1014 3608 aestimationem
1059 3557 1117 3609 et
1166 3570 1400 3625 pennam
1450 3554 1615 3627 dupli
1657 3557 1842 3626 dant;

182 3637 267 3694 sic
325 3638 491 3694 enim
552 3643 842 3695 statutum
900 3645 1013 3697 est.
1074 3641 1615 3714 Compensationes,
1665 3662 1698 3700 ο
1738 3645 1845 3701 do-

182 3726 366 3794 mine,
400 3744 437 3782 a
487 3728 688 3799 judice
745 3734 886 3784 sunt
942 3730 1367 3803 suscipiendae:
1426 3732 1611 3789 solius
1668 3736 1843 3806 depo-

186 3815 285 3871 siti
318 3818 727 3887 compensatio
775 3835 890 3874 non
934 3824 1041 3875 est.
1089 3821 1370 3893 Simplam
1403 3823 1843 3880 condemnatio-

186 3922 320 3961 nem
354 3906 602 3971 habent,
654 3924 723 3962 ex
782 3907 1089 3981 stipulatu,
1143 3912 1354 3977 mutui,
1405 3928 1476 3967 ex
1528 3918 1726 3984 empto
1758 3914 1842 3969 lo-

187 3991 632 4056 cati,mandati.
656 3993 827 4066 Dupli
850 3995 1212 4051 exactionem
1235 3997 1709 4071 habent,Aquilia
1731 3999 1842 4067 lex,

188 4081 413 4137 furtum
448 4098 559 4137 non
596 4085 997 4151 manifestum,
1049 4085 1403 4157 depositum.
1439 4088 1843 4159 Quadruplum

189 4187 318 4227 vero
351 4170 499 4226 furti
536 4171 856 4242 manifesti,
899 4173 1024 4228 alia;
1073 4189 1307 4246 quoque
1338 4175 1538 4230 multis
1586 4178 1846 4234 actiones

193 4260 245 4314 in
278 4262 527 4321 factum.
562 4267 779 4329 metus,
812 4260 1118 4317 calumnias
1160 4279 1389 4332 rursus,
1422 4270 1476 4318 et
1508 4264 1638 4321 alia;
1667 4266 1845 4323 actio-

190 4366 308 4406 nes.
347 4352 458 4417 Qui
492 4367 562 4406 ex
591 4351 897 4424 naufragio
930 4369 1049 4408 rem
1083 4354 1300 4424 rapuit,
1333 4370 1365 4408 ο
1404 4356 1659 4425 domine,
1682 4356 1846 4427 juste

189 4440 457 4512 rependit
504 4438 755 4511 duplum
804 4440 1243 4513 quadruplum:
1278 4441 1437 4498 aliud
1489 4443 1643 4499 enim
1695 4461 1844 4516 qua-

191 4529 468 4601 druplum
532 4528 671 4584 ﬁsco
702 4529 1097 4599 adjudicatur,
1153 4529 1311 4587 aliud
1372 4530 1551 4588 habet
1608 4534 1845 4590 naufra-

190 4619 349 4690 gium
386 4634 625 4690 passus.
675 4618 856 4673 Nemo
916 4620 1148 4691 proprio
1180 4621 1416 4676 nomine
1464 4622 1521 4676 in
1547 4623 1841 4694 judicium

189 4712 432 4763 vocatus
481 4708 583 4763 dat
630 4707 1073 4764 satisdationem
1117 4709 1447 4781 judicatum
1487 4710 1665 4767 solvi:
1701 4712 1844 4769 alie-

189 4812 323 4851 nam
358 4812 497 4851 vero
528 4795 689 4851 litem
741 4796 799 4852 in
840 4797 1066 4870 judicio
1113 4814 1410 4869 exercens,
1466 4817 1649 4872 neque
1680 4800 1844 4856 exhi-

188 4884 333 4941 bene
404 4883 691 4957 scriptum
767 4886 1113 4942 mandatum
1192 4888 1534 4960 principalis
1610 4890 1843 4956 actoris,

186 4977 341 5029 recte
370 4972 748 5045 compellitur
777 4974 846 5028 ad
881 4975 1626 5043 satisdationemouaadam
1662 4978 1841 5033 actio-

188 5079 289 5118 aes
321 5061 569 5135 exlege,
624 5063 893 5135 quaedam
953 5080 1022 5119 ex
1076 5066 1598 5123 constitutionibus
1654 5068 1843 5140 impe-

182 5151 437 5208 rialibus
495 5158 790 5224 perpetuas
845 5157 1005 5219 sunt,
1065 5159 1131 5209 ut
1189 5154 1418 5227 legibus
1468 5155 1705 5229 placuit.
1745 5162 1843 5212 Le-

181 5256 283 5313 ges
313 5245 632 5313 pretorum
689 5246 898 5298 natura
943 5260 1155 5298 annuas
1184 5252 1343 5314 sunt,
1394 5251 1451 5300 et
1481 5263 1679 5318 paucae
1712 5247 1841 5317 qui-

182 5330 316 5385 dem
352 5330 636 5401 praatorias
667 5330 924 5387 actiones
956 5333 1250 5405 perpetva:
1277 5338 1434 5403 sunt,
1471 5339 1535 5389 ut
1561 5336 1631 5390 de
1664 5336 1839 5404 furto,

179 5424 239 5473 et
282 5434 416 5489 quae
466 5419 643 5474 datur
697 5420 986 5476 bonorum
1042 5423 1488 5493 possessoribus
1541 5423 1839 5496 legitimis.

180 5506 453 5563 Pmnales
482 5524 617 5564 vero
663 5509 925 5567 actiones
966 5516 1180 5567 vocatae
1225 5512 1443 5569 dantur
1486 5512 1841 5585 heredibus,

254 5686 373 5759 (12)
407 5671 659 5759 nomen.

1952 3555 2241 3612 bonorum
2275 3561 2601 3627 raptorum,
2631 3554 2900 3628 Aquilia,
2953 3555 3179 3625 damni,
3208 3554 3556 3626 injuriarum
3583 3571 3597 3610 :

1953 3644 2004 3700 si
2035 3645 2169 3716 quis
2198 3644 2321 3701 litis
2366 3646 2854 3701 contestationem
2900 3646 3117 3717 ceperit
3145 3645 3206 3700 in
3246 3644 3511 3716 judioiis,
3542 3647 3603 3700 et

1952 3733 2306 3804 heredibus,
2339 3740 2399 3789 et
2445 3741 2648 3790 contra
2699 3734 2957 3790 baredes
2988 3735 3182 3789 datur.
3233 3732 3440 3789 Mulier
3470 3738 3603 3805 post

1952 3823 2292 3879 viduitatem
2321 3824 2578 3880 secundo
2627 3838 2742 3879 non
2793 3824 3022 3879 nubens
3050 3840 3184 3879 cum
3217 3822 3354 3878 ﬁliis
3394 3822 3623 3878 dividit.

1953 3912 2350 3968 haereditatem
2384 3918 2713 3984 paternam,
2747 3917 2804 3966 et
2830 3911 3114 3984 aequalem
3147 3911 3246 3966 uni
3282 3909 3601 3966 liberorum

1953 4006 2180 4073 partem
2212 4001 2386 4072 capit,
2432 4002 2623 4073 quoad
2677 4018 2870 4069 usum,
2900 4006 2958 4056 et
3004 4001 3195 4071 quoad
3230 3998 3598 4056 dominium:

1953 4089 2108 4145 idem
2142 4106 2171 4145 e
2201 4106 2479 4146 converso
2514 4089 2725 4145 marito
2765 4089 3063 4161 competit.
3117 4089 3300 4145 Filius
3330 4086 3423 4144 sui
3446 4088 3601 4159 juris

1953 4177 2080 4233 sine
2109 4177 2311 4234 liberis
2341 4179 2649 4248 decedens,
2697 4178 3019 4250 legitimam
3054 4181 3324 4250 quartam
3376 4181 3600 4249 partem

1951 4266 2296 4338 parentibus
2353 4267 2509 4322 dato.
2571 4265 2831 4323 Puellam
2888 4264 3155 4333 violans,
3211 4269 3269 4321 et
3316 4264 3602 4320 violenter

1953 4371 2085 4410 cum
2138 4356 2381 4411 ensibus
2428 4355 2752 4411 barbaricis
2801 4355 3057 4427 rapiens,
3108 4353 3454 4427 plectendus
3509 4358 3600 4409 est

1952 4461 2127 4501 ense:
2162 4445 2210 4500 si
2259 4444 2385 4501 sine
2434 4444 2613 4501 armis
2662 4445 2941 4516 rapuerit,
2994 4443 3281 4499 bonorum
3339 4441 3598 4515 publica—

1950 4535 2168 4590 tionem
2230 4535 2541 4603 sustineat,
2599 4538 2656 4589 et
2711 4534 2760 4589 ei
2824 4550 3036 4588 manus
3095 4532 3452 4588 scindatur:
3510 4530 3598 4588 vel

1954 4623 2148 4696 potius
2179 4623 2334 4678 bona
2362 4639 2475 4679 non
2536 4622 2932 4694 publicentur,
2974 4621 3073 4676 sed
3124 4620 3347 4676 violata
3396 4625 3454 4675 et
3483 4620 3598 4675 vim

1954 4729 2139 4785 passae
2180 4713 2340 4784 juste
2388 4712 2587 4768 omnia
2639 4711 3024 4785 applicentur,
3078 4726 3146 4766 ex
3176 4726 3242 4766 eo
3290 4725 3423 4765 vero
3462 4709 3599 4764 faci-

1955 4816 2095 4856 nore
2125 4802 2342 4874 nuptiae
2374 4817 2488 4855 non
2523 4806 2654 4856 sunt
2703 4798 3086 4873 perﬁciendae.
3122 4799 3362 4871 Oportet
3389 4814 3595 4854 secun-

1953 4891 2094 4946 dum
2169 4890 2659 4946 consuetudinem
2734 4888 2874 4945 olim
2943 4888 3272 4944 institutam
3337 4903 3596 4944 remoras

1951 4978 2169 5034 distare
2198 4979 2447 5034 invicem
2496 4979 2556 5041 in
2607 4978 2775 5049 mari,
2823 4978 3043 5035 exactis
3074 4981 3133 5033 et
3190 4976 3597 5049 prazordinatis

1950 5067 2227 5123 trecentis
2257 5067 2563 5140 sexaginta
2583 5068 2844 5140 quinque
2872 5068 3051 5132 ulnis,
3074 5068 3159 5122 ita
3188 5071 3253 5122 ut
3280 5066 3591 5122 dimidium

1950 5157 2144 5213 omnis
2192 5158 2321 5229 ejus
2370 5174 2664 5213 mensura)
2712 5158 2784 5213 ab
2830 5157 3010 5214 unius
3058 5156 3240 5229 partis
3289 5156 3527 5221 ﬁnibus,
3561 5170 3593 5208 0

1950 5246 2207 5313 domine,
2240 5246 2534 5319 reliquum
2585 5247 2655 5302 ad
2706 5246 2962 5302 vicinum
3010 5261 3199 5317 usque
3244 5242 3593 5315 porrigatur.

1947 5334 2001 5389 Si
2032 5334 2167 5406 quis
2198 5334 2450 5407 pupillas
2480 5335 2633 5391 oculi
2680 5335 3061 5399 occaecaverit,
3101 5332 3241 5388 talio
3271 5336 3400 5402 est;
3430 5332 3593 5388 dabit

1950 5425 2105 5481 enim
2139 5429 2205 5480 ut
2234 5442 2340 5497 par
2369 5430 2458 5481 est
2508 5425 2742 5481 oculum
2774 5442 2876 5496 pro
2925 5421 3128 5479 oculo:
3172 5422 3219 5478 si
3270 5439 3405 5479 vero
3437 5423 3591 5494 quis,

1948 5513 2064 5571 beu
2090 5513 2103 5569 l
2136 5514 2333 5572 oculos
2382 5515 2587 5572 ambos
2617 5514 2900 5584 oﬂ‘oderit,
2930 5513 2982 5569 ei
3031 5512 3244 5570 unicus
3274 5512 3479 5570 oculus
3506 5512 3591 5569 ef-
