4054 6200
333 295 450 356 955

336 423 487 482 ’Δντὶ
519 422 576 479 δέ
605 445 664 500 γε
683 427 778 478 τοῦ
807 422 1114 495 λείποντος,
1149 422 1289 481 δότω
1317 427 1417 496 τὴν
1452 423 1748 503 διμοιρίαν,

336 516 432 587 Τῷ
459 511 800 589 τυφλωθέντι
838 514 964 591 παρ’
996 513 1162 568 αὐτοῦ
1193 518 1299 568 τῶν
1336 512 1490 569 ἰδίων
1517 517 1875 592 πραγμάτων,

339 603 402 662 Εἰ
435 601 479 658 δ’
510 600 650 658 ἔστιν
680 602 1000 658 ἀπορώτατο
1062 603 1108 648 ’ζ
1185 603 1228 640 -"
1501 604 1525 638 ς’

793 657 801 679 ,
952 645 965 656 .
1010 627 1033 667 ς
1059 616 1338 680 ερρλίθω
1369 605 1434 658 τὰ
1466 601 1584 662 δδο,

339 695 408 751 Al
440 694 635 768 ἄποροι
669 692 759 747 καὶ
793 690 1044 768 ἅπροικοι
1081 694 1156 765 μὴ
1191 691 1708 769 δευτερογαμοῦσαι,

339 784 606 857 Τέταρτον
644 783 808 855 μέρος
839 782 1108 855 λήψονται
1129 786 1234 836 τῶν
1265 780 1531 855 ἀνδρικῶν
1556 783 1912 861 πραγμάτων,

342 872 445 928 Καὶ
475 870 669 926 τούτου
701 869 1127 939 δεσποζέτωσαν,
1160 871 1249 926 καὶ
1280 870 1486 926 παίδων
1520 874 1901 949 ὑπαρχόντων.

341 962 620 1032 Ἐξαετοῦς
654 961 714 1030 οὐ
744 961 946 1036 γίνεται
985 961 1247 1034 μνηστεία
1272 963 1406 1016 κατᾶ
1447 963 1667 1036 νόμους,

341 1051 398 1106 Ὀ
425 1051 516 1105 τὸν
551 1047 762 1127 φυγάδα
792 1047 988 1105 δοῦλον
1023 1047 1080 1105 δὲ
1110 1050 1430 1126 πιπράσκων
1461 1051 1808 1128 παρανόμως,

339 1141 411 1195 Τὸ
443 1139 693 1215 διαφέρον
727 1136 965 1207 δίδωσιν,
999 1139 1033 1209 ἢ
1065 1137 1296 1194 διπλοῦν
1333 1142 1657 1197 ἀπαιτεῖται·

413 1230 769 1305 Ἀτιμουργοὶ
801 1229 1161 1304 τυγχάνουσιν
1188 1232 1421 1306 ἀγωγαὶ,
1453 1229 1686 1288 δέσποτά
1719 1255 1845 1308 μου,

337 1321 400 1377 Ἡ
428 1314 602 1394 ὕϐρις,
634 1320 667 1388 ἡ
702 1318 824 1394 περὶ
856 1318 1091 1391 κλοπῆς,
1127 1319 1450 1396 ἐπιτροπῆς,
1480 1323 1566 1376 καὶ
1601 1319 1789 1396 δόλου,

339 1409 404 1466 Ἣ
437 1408 559 1481 περὶ
585 1410 1051 1482 παρακαταθήκης
1083 1431 1160 1479 τε,
1193 1411 1281 1464 καὶ
1312 1411 1556 1486 ἁρπαγῆς
1591 1411 1793 1486 βεαίας,

341 1499 470 1574 Περῖ
496 1495 714 1567 κλοπῆς
743 1519 820 1569 τε,
857 1495 1110 1570 δέσποτα,
1141 1500 1230 1552 καὶ
1261 1495 1487 1574 ὕϐρεως,
1521 1500 1608 1554 καὶ
1635 1497 1822 1574 δόλου,

344 1587 443 1642 Καὶ
473 1594 574 1657 τῆς
612 1587 789 1661 βιαίας
819 1588 1070 1663 ἁρπαγῆς
1100 1591 1434 1664 πραγμάτιον
1465 1589 1796 1664 ἀλλοτρίων,

346 1675 450 1732 Κᾶν
488 1679 563 1749 μή
591 1698 674 1739 τις
703 1674 1092 1751 καταδικασθῇ,
1125 1676 1271 1732 ἀλλά
1301 1699 1351 1732 τι
1385 1676 1510 1741 δοὺς
1543 1677 1752 1754 ἀπέλθῃ

347 1768 460 1835 Τῆς
499 1763 815 1836 καταδίκης,
851 1767 1079 1844 πέφυκεν
1115 1766 1265 1829 ἐντῦς
1298 1774 1396 1837 τῆς
1418 1766 1659 1841 ἀτιμίας.

347 1855 460 1930 Πρὸ
489 1860 591 1924 τῆς
626 1852 678 1909 ἐν
709 1854 991 1930 πράγμασι
1021 1862 1221 1927 νομῆς,
1255 1861 1428 1930 νομῆς
1460 1859 1613 1932 ψυχῇ
1645 1856 1732 1912 καὶ
1769 1857 1907 1934 μόνῃ

346 1941 538 2005 Οὐδεὶς
573 1939 1026 2018 ἐπιλαμϐάνεται,
1057 1945 1228 2018 νομὴν
1264 1942 1321 2000 δὲ
1355 1945 1567 2019 σώματί
1598 1968 1691 2020 μοι

347 2029 747 2108 Ποραδοθεῖσαν
779 2031 1006 2108 δύναμαι
1038 2036 1191 2111 ψυχῇ
1228 2033 1367 2111 μόνῃ
1402 2034 1705 2113 φυλάττειν.

346 2124 421 2178 Τὸ
456 2117 666 2177 οὐνδεὸἶ
704 2121 1030 2198 ἶντέρδικτον
1064 2129 1264 2179 νοεῖται
1297 2127 1712 2202 προσηκόντως,

348 2209 423 2269 Εἴ
444 2233 528 2276 τις
556 2213 650 2268 τὸν
677 2208 877 2288 ἔχοντα
907 2213 1081 2286 νομὴν
1111 2216 1433 2290 πράγματος
1465 2214 1744 2290 ἀκινήτου,

350 2304 467 2370 Τῆς
497 2308 674 2375 νομῆς
714 2302 1055 2375 ἀπελάσειεν,
1087 2305 1162 2366 ὡς
1198 2303 1376 2379 βίαιος
1406 2306 1508 2374 τὴυ
1538 2307 1788 2382 γνώμην,

350 2389 455 2447 Κᾶν
485 2392 576 2464 μὶν
604 2394 668 2460 ἦν
697 2394 730 2461 ἡ
765 2393 1018 2463 ἀκίνητος
1045 2401 1237 2464 κτῆσις
1264 2400 1361 2449 τοῦ
1392 2399 1696 2469 νεμομένου

350 2480 740 2555 Είσπράττεται
781 2484 868 2536 καὶ
900 2484 998 2551 τὴν
1030 2485 1206 2556 νομὴν
1235 2486 1333 2553 τήν
1365 2485 1693 2556 ἀποτί;ι.ησίν
1722 2507 1798 2541 τε.

352 2570 418 2626 Ei’
447 2567 493 2624 δ’
523 2573 591 2638 ἦν
618 2572 778 2628 αὐτὸς
811 2573 838 2625 6
875 2572 1049 2646 βίαιος
1075 2577 1170 2626 τοῖ’)
1200 2573 1518 2648 πράγματος
1550 2571 1837 2644 δεσπότης,

349 2659 456 2727 Τὴν
504 2659 700 2714 τούτου
756 2662 970 2722 πάντως
1016 2662 1263 2736 στέρησιν
1293 2659 1408 2739 ἔχει
1468 2664 1661 2732 ποινὴν
1715 2666 1812 2732 τῆς
1867 2662 1998 2719 τόλ-

1768 2755 1927 2827 [μηςο

419 2839 634 2910 ’Ὁνομα
662 2836 871 2912 γενικόν
901 2837 1040 2894 ἐστιν
1075 2841 1102 2895 6
1135 2837 1414 2910 δανειστὴς
1445 2845 1524 2913 τῷ
1557 2839 1712 2914 νόμῳ

350 2931 463 2989 Πᾶς
493 2925 594 3003 γὰρ
628 2928 655 2981 ὁ
685 2928 1138 3002 χρεωστούμενος
1161 2928 1211 2999 ἐξ
1235 2929 1451 2984 οἱασοῦν
1484 2929 1662 2992 αῗτίας

350 3015 446 3073 Ἐκ
475 3014 647 3089 νόμου
680 3013 959 3088 δανειστής
990 3016 1099 3074 ἐστι
1134 3023 1232 3073 τοῦ
1261 3020 1772 3094 κεχρεωστημένου·

347 3101 448 3159 Καὶ
479 3103 643 3160 πάλιν
672 3103 846 3168 ἄλλος
877 3102 1156 3175 δανειστὴς
1185 3104 1370 3170 ἰδικῶς
1399 3107 1766 3182 κεκλημένος,

1679 295 2101 358 MICHAELIS
2142 298 2415 360 PSELLI

3629 301 3770 362 956

2016 431 2071 500 Α
2099 432 2278 495 ’Όστις
2311 431 2741 506 ἀπηριθμήσατο
2771 434 2850 505 τῷ
2883 431 3139 508 χρεώστῃ
3173 428 3426 508 χρυσίον,

2096 525 2165 580 Ἥ
2197 523 2420 600 πρᾶγμά
2442 544 2495 576 τι
2528 523 2934 596 σταθμώμενον,
2967 521 3055 576 καί
3091 521 3455 596 μετρούμενον
3491 522 3668 600 φύσει,

2094 613 2268 689 ’Όπερ
2301 613 2439 668 ἐστὶν
2477 611 2535 668 δὲ
2569 611 2815 690 πὸνδερε,
2849 611 3110 688 νοΰμερο,
3145 615 3413 687 μενσουρά
3439 635 3518 686 τε,

2097 704 2235 760 ’Ὀσα
2296 700 2563 776 σταθμοῖ),
2620 704 2708 758 καὶ
2772 702 2973 779 μέτρου
3027 722 3128 772 τε,
3186 701 3276 757 καὶ
3336 703 3571 780 ἀριθμοῦ
3623 725 3765 780 τυγ-

3472 793 3677 869 [χάνει,

2098 879 2330 956 Πόνδερε
2363 883 2458 955 μὲν
2493 884 2608 936 οἷον
2642 881 2869 958 χρυσὸς,
2904 880 3154 958 ἂργυρὸς,
3191 877 3431 954 μόλυϐός
3460 903 3541 951 τε,

2099 973 2359 1045 Νοῦμμοι
2389 971 2581 1026 λεπτοὶ
2613 971 2679 1026 τὰ
2709 971 2946 1045 νοόμερο
2980 971 3125 1033 οἶνος
3152 971 3219 1026 τὰ
3243 969 3507 1048 μένσουρά
3529 993 3606 1028 τε.

2101 1065 2222 1118 Τῶν
2257 1058 2313 1116 δὲ
2346 1059 2569 1116 δανείων
2605 1060 2836 1140 πέφυκεν
2869 1064 2904 1131 ἡ
2929 1059 3192 1137 διαίρεσις
3225 1060 3380 1133 αὕτη,

2098 1153 2176 1206 Τὰ
2205 1152 2298 1225 μὲν
2329 1151 2430 1226 γαρ
2463 1150 2790 1222 ἐνυπόοηκα,
2823 1153 2889 1205 τά
2920 1148 2967 1205 δ’
2998 1148 3118 1205 ἄνευ
3154 1150 3454 1222 ὑποθήκης·

2101 1241 2206 1297 Καὶ
2237 1245 2342 1296 τῶν
2373 1239 2721 1311 ἐνυποοήκων
2757 1237 2813 1294 δὲ
2845 1237 3066 1294 δανείων
3097 1238 3425 1315 λεγομένων,

2099 1332 2172 1386 Τὰ
2209 1331 2304 1405 μὲν
2336 1325 2450 1406 ἔχει
2483 1330 2779 1406 προνόμια,
2810 1328 2874 1384 τά
2906 1327 2952 1384 δ’
2983 1325 3101 1384 ἄνευ
3134 1330 3472 1404 προνομίων·

2102 1419 2199 1477 Καὶ
2231 1420 2297 1476 τά
2331 1421 2422 1494 μέν
2459 1420 2774 1490 ἀνυπόθηκα
2809 1417 3131 1495 προσωπικά
3165 1440 3257 1492 μοι
3292 1417 3434 1494 λέγε,

2100 1510 2180 1567 Τά
2212 1507 2257 1564 δ’
2291 1511 2569 1580 ὑποθήκην
2605 1506 2804 1584 ἔχοντα
2833 1510 3179 1585 πραγματικά
3209 1508 3462 1580 κλητέον,

2103 1599 2200 1654 Καὶ
2239 1597 2304 1654 τὰ
2335 1600 2426 1673 μὲν
2463 1600 2849 1674 προγενέστερα
2878 1596 3121 1672 δημόσια
3150 1603 3226 1670 τῷ
3254 1597 3441 1675 χρόνῳ

2104 1686 2453 1764 Προτιμητέα
2484 1689 2685 1766 πέφυκε
2717 1692 2894 1762 χρεῶν
2933 1687 3301 1759 ένυποθήκων,

2105 1777 2205 1835 Καὶ
2236 1783 2334 1848 τῆς
2359 1777 2583 1850 προικὸς
2613 1778 2805 1846 αὐτῆς,
2839 1775 2981 1855 φημὶ
3010 1782 3109 1846 τῆς
3143 1777 3610 1854 μεταγενεστέραις,

2106 1867 2391 1935 Δανειστής
2422 1863 2468 1920 δ’
2500 1866 2830 1936 ἐνυπόθηκος
2862 1863 3004 1942 ἔχων
3035 1865 3405 1943 προγενεσίαν,

2105 1955 2209 2012 Κᾶν
2240 1957 2473 2031 γενικὴν,
2507 1953 2601 2010 κᾶν
2631 1953 2830 2024 ἷδικὴν,
2863 1959 2959 2009 τοῦ
2985 1955 3426 2032 μεταγενεστέρου

2106 2044 2481 2122 Ηροτιμητέος
2511 2046 2713 2122 πέφυκε
2744 2045 2972 2098 πάντοτε
3003 2040 3294 2116 δημοσίου.

2105 2139 2168 2192 Ἦ
2199 2134 2354 2212 προῖξ
2389 2132 2445 2190 δὲ
2476 2134 2693 2189 καὶτῶν
2724 2131 3008 2188 δανειστῶν
3040 2137 3148 2188 τῶν
3179 2133 3561 2210 ὖποθηκαρίων

2107 2223 2430 2300 Προτμητέα
2460 2223 2661 2301 πέφυκε
2690 2223 2778 2278 καὶ
2816 2224 3254 2299 μεταγενεστέρα.

2106 2314 2228 2372 Εἰσὶ
2262 2312 2309 2368 δ’
2325 2311 2482 2387 ἕτερα
2513 2310 2695 2367 δάνεια
2722 2316 2830 2366 τῶν
2867 2311 3345 2389 μεταγενεστέρων,

2105 2406 2212 2473 Τὴν
2247 2401 2472 2476 δύναμιν
2507 2404 2795 2473 κινήσαντα
2825 2408 2922 2471 τῆς
2953 2403 3178 2478 προικὸς
3210 2399 3551 2478 παραδόξωςο

2104 2497 2323 2551 Ὀποῖον
2353 2493 2416 2548 τὸ
2449 2489 2729 2565 διδόμενον
2761 2492 3096 2555 ἀκοντισταῖς
3123 2497 3240 2554 τοῖς
3272 2493 3536 2568 πρώτοις,

2108 2583 2205 2638 Καὶ
2237 2584 2298 2638 τὸ
2330 2581 2591 2659 προτάσει
2628 2578 2894 2645 δανεισθὲν
2925 2580 3204 2656 στρατείας
3240 2581 3582 2654 ὠνουμένης.

2109 2674 2196 2745 Ἐξ
2228 2674 2350 2749 λέγε
2379 2670 2760 2742 κονδικτίκιος,
2796 2668 3070 2745 εἶ’σπραξίς
3098 2692 3180 2734 τις
3204 2671 3262 2725 ἐκ
3294 2673 3489 2744 νόμου.

2109 2764 2400 2832 Δανειστής
2429 2759 2474 2816 δ’
2504 2759 2837 2832 ἐνυπόθηκος
2868 2765 2976 2815 τῶν
3011 2761 3493 2838 μεταγενεστέρων,

2108 2857 2250 2924 Νικᾷ
2279 2851 2367 2906 τὸν
2400 2851 2741 2920 ἀνυπόθηκον
2773 2850 2862 2905 καὶ
2892 2850 3313 2926 προγινέστερόν
3345 2872 3485 2914 πως.

2110 2943 2328 3018 Μάρτυς
2359 2939 2498 2995 ἐστὶν
2531 2934 2848 3010 ἀπόϐλητος
2878 2943 2980 3002 πᾶς
3014 2941 3040 2994 6
3074 2936 3485 3017 διεφθαρμένος,

2107 3036 2166 3122 :9
2196 3037 2389 3122 spec.
2420 3031 2447 3085 δ
2479 3027 2921 3122 eoseum
2953 3029 2984 3118 ι
3013 3029 3384 3122 ορριομάχιςο

2111 3097 2212 3160 Καὶ
2244 3097 2777 3176 ὅσοικατεκρίθησαν
2812 3099 2862 3155 ἐν
2894 3106 3009 3162 τοῖς
3043 3097 3434 3177 δικαστηρίοις,

3417 3192 3585 3248 Vers.
3618 3192 3749 3246 922.

344 3412 619 3483 fodiatur,
654 3419 713 3468 at
739 3412 792 3468 is
842 3429 944 3485 pro
995 3413 1220 3485 reliquo
1269 3414 1573 3470 dimidiam
1628 3418 1854 3486 partem
1895 3415 1995 3470 bo-
2029 3415 2073 3482 C
2110 3413 2268 3468 enim
2315 3428 2386 3467 ex
2441 3423 2792 3481 quacunque
2851 3423 3030 3464 causa
3075 3407 3318 3463 debetur
3375 3407 3633 3464 creditor
3675 3415 3771 3466 est

347 3517 555 3558 norum
604 3507 888 3559 occacato
939 3503 1114 3560 dato:
1176 3503 1339 3557 sisit
1395 3503 1828 3575 pauperrimus,
1881 3503 1996 3560 duo

345 3591 716 3647 effodiantur.
768 3592 1046 3648 Indotatze
1096 3596 1153 3646 et
1201 3607 1488 3663 pauperes
1541 3591 1838 3660 mulieres,
1871 3609 1998 3665 quae

348 3680 419 3735 ad
461 3680 751 3735 secundas
802 3680 1038 3750 nuptias
1090 3696 1202 3734 non
1254 3679 1658 3745 convolarunt,
1712 3682 1998 3736 bonorum

350 3768 544 3822 mariti
603 3771 874 3837 quartam
958 3772 1182 3837 partem
1259 3767 1585 3838 accipiant,
1643 3771 1811 3839 cujus
1871 3787 1999 3841 pro-

350 3856 654 3928 prietatem
704 3855 878 3908 etiam
931 3855 1131 3911 liberis
1180 3855 1602 3912 exsistentibus
1635 3873 1998 3929 consequan-

350 3950 466 3999 tur.
545 3943 826 3998 Sexennis
904 3944 1228 3998 secundum
1306 3945 1464 4015 leges
1520 3945 1819 4017 sponsalia
1885 3965 1999 4003 non

349 4031 663 4088 contrahit.
696 4035 936 4086 Servum
987 4032 1297 4103 fugitivum
1344 4037 1547 4089 contra
1591 4033 1747 4107 leges
1778 4053 2000 4104 emens,

349 4122 407 4177 id
443 4123 596 4192 quod
629 4120 875 4176 interest
918 4121 1109 4185 solvit,
1143 4127 1200 4178 et
1229 4123 1302 4178 ab
1333 4139 1399 4178 eo
1451 4122 1697 4194 duplum
1728 4125 2000 4197 exigitur.

419 4209 690 4266 Actiones
721 4226 844 4279 quae
894 4209 1205 4276 infamant,
1235 4211 1316 4265 mi
1361 4212 1616 4280 domine,
1669 4218 1810 4269 sunt
1844 4214 2002 4286 inju-

349 4299 596 4366 riarum,
649 4299 811 4363 furti,
864 4298 1080 4367 tutelas,
1127 4299 1267 4368 doli,
1319 4301 1588 4372 depositi,
1620 4302 1674 4357 vi
1718 4304 2002 4359 bonorum

350 4393 689 4458 raptorum.
754 4389 912 4444 Furti
969 4390 1251 4459 quidem,
1311 4390 1567 4456 domine,
1626 4392 2002 4464 injuriarum,

350 4475 490 4543 doli,
523 4480 579 4532 et
607 4476 659 4529 vi
694 4476 831 4531 bon.
867 4480 1021 4548 rapt.
1072 4477 1248 4532 etiam
1293 4478 1340 4531 si
1396 4477 1528 4548 quis
1577 4479 2004 4536 condemnatus

350 4579 466 4620 non
519 4564 614 4631 sit,
669 4565 770 4618 sed
829 4565 968 4635 quid
1020 4565 1212 4620 dando
1261 4566 1806 4622 condemnationem
1860 4569 2002 4623 etfu-

351 4653 520 4726 gerit,
581 4658 820 4708 notatur
876 4654 1136 4710 infamia.
1199 4655 1347 4710 Ante
1405 4655 1616 4711 realem
1678 4657 2000 4729 possessio-

352 4758 510 4815 nem,
542 4759 713 4797 nemo
767 4744 892 4798 solo
941 4743 1140 4797 animo
1189 4744 1623 4815 possessionem
1676 4750 2000 4818 recuperat.

350 4831 785 4889 Possessionem
816 4847 950 4886 vero
997 4847 1240 4903 corpore
1289 4832 1432 4888 mihi
1485 4833 1832 4905 acquisitam
1869 4852 2002 4908 pos-

353 4938 486 4977 sum
533 4919 654 4976 solo
713 4919 907 4976 animo
967 4921 1236 4977 retinere.
1305 4921 1684 4979 Interdictum
1736 4925 1888 4980 unde
1939 4929 2005 4981 ut

353 5010 763 5067 convenienter
789 5007 1163 5082 intelligitur,
1196 5009 1243 5065 si
1277 5011 1409 5082 quis
1441 5027 1571 5068 eum
1610 5013 1711 5085 qui
1743 5014 2006 5085 possidet

351 5117 472 5157 rem
523 5099 910 5165 immobilem,
967 5099 1341 5170 possessione
1395 5101 1705 5173 dejecerit;
1757 5104 1806 5158 si
1845 5105 1998 5159 enim

352 5189 579 5247 sciatis
611 5188 708 5260 qui
737 5188 855 5243 vim
904 5187 1079 5243 infert
1110 5205 1237 5243 eam
1293 5205 1413 5245 rem
1464 5189 1828 5246 immobilem
1877 5209 2004 5249 esse

350 5277 729 5351 possidentis,
762 5277 1056 5349 possessio
1090 5282 1144 5333 et
1175 5277 1484 5334 aestimatio
1513 5279 1583 5333 ab
1615 5296 1680 5335 eo
1712 5281 2000 5353 exigitur:

352 5366 402 5422 si
433 5382 565 5422 vero
598 5364 697 5436 qui
732 5366 842 5420 vim
901 5365 1097 5436 infert,
1131 5366 1210 5421 rei
1266 5381 1550 5438 possessa;
1583 5367 1656 5423 sit
1708 5369 2000 5440 dominus,

351 5458 596 5512 conatus
627 5471 859 5527 pcenam
893 5456 1171 5524 sustinet,
1199 5454 1599 5514 omnimodam
1628 5457 1850 5516 scilicet
1876 5461 2004 5533 ejus

351 5545 433 5603 rei
464 5543 868 5618 privationem.

419 5633 732 5692 Creditoris
764 5650 978 5692 nomen
1010 5635 1138 5710 lege
1187 5637 1456 5710 generale
1492 5641 1619 5710 est;
1671 5638 2002 5714 cuicunque

2110 3500 2394 3558 debitoris
2425 3515 2493 3554 ex
2524 3497 2686 3570 lege:
2745 3501 2804 3552 et
2835 3512 3041 3552 rursus
3086 3495 3316 3568 proprie
3363 3501 3610 3552 vocatur
3638 3515 3766 3555 cre-

2109 3591 2282 3660 ditor,
2315 3588 2414 3660 qui
2451 3585 2759 3659 pecuniam
2792 3584 3039 3641 debitori
3083 3585 3431 3650 numeravit,
3465 3587 3585 3642 sive
3616 3604 3768 3655 rem,

2110 3697 2236 3752 qua:
2270 3682 2476 3733 natura
2507 3675 2786 3748 penditur
2815 3679 2916 3730 aut
2959 3678 3359 3743 mensuratur,
3400 3675 3458 3730 id
3491 3679 3602 3745 est,
3636 3693 3770 3748 qua

2109 3769 2386 3841 pondere,
2419 3781 2686 3830 numero,
2746 3767 2846 3819 aut
2896 3780 3174 3819 mensura
3222 3769 3468 3819 constat.
3502 3765 3770 3823 Pondere

2111 3856 2368 3928 quidem,
2394 3853 2766 3924 qualiasunt,
2789 3856 3118 3922 argentum,
3148 3869 3380 3917 aurum,
3406 3852 3764 3923 plumbum:

2112 3961 2376 4012 numero,
2412 3942 2621 3996 minuti
2656 3942 2920 3996 nummi:
2965 3955 3263 4010 mensura,
3312 3941 3537 3997 vinum.
3589 3943 3767 3999 Debi-

2112 4040 2303 4090 torum
2343 4033 2458 4087 haec
2489 4036 2576 4087 est
2608 4030 2838 4100 divisio,
2870 4029 2997 4084 alia:
3045 4034 3185 4085 sunt
3233 4046 3362 4085 cum
3415 4030 3767 4103 hypotheca,

2111 4123 2226 4180 alia
2255 4122 2383 4179 sine
2436 4119 2798 4193 hypotheca:
2833 4135 3036 4174 eorum
3081 4135 3210 4190 qua
3252 4135 3387 4174 cum
3437 4120 3774 4192 hypotheca

2112 4216 2273 4278 sunt,
2305 4210 2417 4266 alia
2468 4209 2686 4264 habent
2745 4205 3066 4278 privilegia,
3111 4207 3226 4262 alia
3281 4208 3406 4263 sine
3465 4208 3772 4282 privilegio

2113 4304 2271 4355 sunt.
2305 4301 2438 4364 Quae
2470 4298 2597 4353 sine
2636 4297 2959 4369 hypotheca
2991 4300 3151 4364 sunt,
3182 4295 3513 4367 personalia
3545 4297 3770 4355 dicito:

2115 4407 2244 4464 quae
2272 4389 2655 4462 hypothecam
2689 4388 2904 4444 habent
2933 4386 3111 4442 realia
3141 4387 3419 4443 vocanda.
3443 4387 3511 4442 Et
3539 4389 3773 4447 ﬁscalia

2115 4480 2348 4552 quidem
2390 4479 2587 4534 debita
2621 4477 2815 4550 priora
2839 4481 3117 4546 tempore,
3146 4475 3370 4546 potiora
3387 4480 3529 4532 sunt
3549 4478 3772 4536 debitis

2114 4585 2247 4625 cum
2279 4567 2626 4640 hypotheca,
2660 4565 2776 4620 imo
2807 4569 2864 4619 et
2901 4565 3053 4633 dote,
3089 4563 3217 4619 dico
3266 4568 3460 4620 autem
3491 4565 3540 4619 si
3571 4572 3771 4639 poste.

2113 4659 2268 4714 riora
2316 4657 2456 4712 sint.
2515 4655 2778 4711 Creditor
2833 4651 3286 4724 hypothecarius
3334 4652 3558 4710 habens
3611 4657 3769 4728 prio-

2115 4749 2366 4817 ritatem,
2403 4745 2523 4801 sive
2557 4762 2621 4800 ex
2670 4741 2950 4817 generali,
3000 4743 3121 4798 sive
3169 4759 3236 4798 ex
3286 4744 3626 4816 particulari
3660 4747 3768 4820 hy-

2115 4837 2381 4909 potheca,
2429 4835 2567 4889 ﬁsco
2619 4832 2936 4904 posteriore
2984 4846 3217 4902 semper
3272 4833 3463 4904 potior
3505 4838 3615 4890 est.
3652 4835 3771 4893 Dos

2113 4925 2248 4981 licet
2311 4923 2633 4997 posterior,
2696 4922 2891 4994 potior
2962 4925 3054 4977 est
3107 4925 3304 4977 tamen
3374 4923 3770 4982 creditoribus

2111 5012 2570 5089 hypothecariis.
2630 5011 2779 5066 Sunt
2836 5009 2952 5066 alia
3017 5013 3339 5083 posteriora
3386 5011 3585 5068 debita
3643 5031 3770 5085 qua

2110 5106 2390 5160 virtutem
2424 5101 2578 5157 dotis
2609 5100 2825 5156 mirum
2879 5100 2935 5154 in
2971 5100 3214 5154 modum
3271 5105 3522 5172 movent,
3557 5118 3768 5175 quem-

2115 5194 2429 5250 admodum
2465 5191 2618 5264 quod
2653 5189 2993 5262 primipilis,
3029 5193 3084 5243 et
3123 5189 3275 5260 quod
3312 5189 3537 5246 militiae
3567 5208 3768 5249 emen-

2114 5285 2198 5339 da:
2229 5297 2408 5336 causa
2439 5279 2719 5338 creditur.
2775 5277 3078 5334 Condictio
3117 5294 3187 5334 ex
3233 5279 3359 5351 lege
3407 5279 3647 5351 dicitur,
3680 5298 3770 5338 re-

2113 5372 2313 5444 petitio
2359 5370 2628 5442 quaedam
2679 5386 2713 5424 a
2768 5368 2894 5440 lege
2941 5367 3201 5424 inducta.
3263 5368 3527 5424 Creditor
3583 5369 3767 5444 hypo-

2111 5458 2410 5517 thecarius
2439 5458 2616 5514 etiam
2668 5456 2974 5529 posterior,
3023 5455 3208 5512 vineit
3253 5457 3599 5514 creditorem
3650 5476 3766 5517 non

2111 5549 2568 5624 hypothecarum
2601 5545 2874 5619 priorem.
2910 5543 3286 5616 Rejiciendus
3317 5549 3412 5602 est
3436 5547 3606 5605 testis
3637 5564 3764 5604 cor-

2110 5643 2342 5712 ruptus,
2377 5636 2618 5707 mimus,
2667 5633 3040 5708 thymelicus,
3063 5633 3374 5707 gladiator,
3401 5635 3515 5706 qui
3556 5641 3766 5696 contra
