4054 6200
292 354 416 416 957

294 491 390 548 Ὧς
422 485 749 556 συκοφάνται
783 482 879 556 μὶν
915 480 1130 557 μοιχοὶ.
1163 477 1199 549 ἤ
1225 477 1443 549 κλοπὴν
1477 475 1850 554 εἰργασμένοι,

298 576 420 632 Οὐκ
444 569 553 628 ἔστι
590 574 795 648 μάρτυς
827 566 1058 640 ἄνηϐος,
1092 567 1217 624 οὐδὲ
1244 571 1354 624 τῶν
1387 573 1650 643 γυναικῶν
1673 588 1779 640 τις,

299 665 369 719 Εἰ
401 662 446 718 δ’
468 662 580 718 ἔστι
612 663 675 717 τὸ
701 663 991 738 γενόμενον
1027 659 1104 732 μὴ
1136 656 1434 732 δυνάμενον
1467 658 1585 722 θέαν

303 751 603 827 Ἀνδρικήν
631 746 1019 820 καταδέξασθαι
1050 753 1298 824 γυναῖκες
1333 751 1688 822 μαρτυροῦσι,

294 845 406 903 Καὶ
442 841 645 906 δοῦλος
676 841 752 896 ἔτι
789 845 1051 917 μαρτυρεῖ
1081 838 1133 894 ἐν
1179 837 1364 893 σπάνει
1396 842 1501 892 τῶν
1539 835 1824 911 μάρτύρων

295 933 398 990 Εἷς
431 930 566 986 ἅπαν
601 929 742 985 αΛλο
776 929 1090 1005 πρόσωπον,
1126 929 1250 983 ἄνευ
1281 926 1444 982 αὐτοῦ
1478 923 1760 980 δεσπότου.

290 1023 367 1079 Οἱ
400 1020 449 1076 δ’
481 1021 746 1086 ἀσθενεῖς,
778 1019 866 1074 καὶ
899 1017 1170 1094 γέροντες,
1213 1015 1306 1071 σύν
1349 1037 1411 1090 γε
1439 1021 1556 1078 τοῖς
1579 1013 1957 1089 στρατιώταις,

291 1111 400 1166 Καὶ
434 1111 485 1164 οἱ
507 1109 1016 1184 πρωτοσπαθάριοι,
1043 1106 1178 1179 μετά
1205 1111 1312 1161 τῶν
1347 1105 1560 1180 ἱερέων,

289 1199 380 1257 Οὐ
414 1201 778 1272 μαρτυροῦσιν
806 1193 1044 1267 ἄκοντες,
1081 1192 1206 1250 ἀλλ’
1233 1193 1492 1254 ἑκουσίως
1528 1191 1716 1265 μόνον.

287 1286 620 1362 Ἀρχιερεῦς
653 1285 714 1340 οὐ
751 1289 1032 1360 μαρτυρεῖ,
1059 1281 1170 1338 οὔτ’
1202 1280 1370 1352 ἄκων,
1404 1279 1517 1345 οὗθ’
1547 1281 1683 1336 ἒκών
1716 1301 1856 1342 πως.

283 1375 436 1436 Τοὺς
469 1371 513 1428 δ’
544 1371 747 1435 ἄλλους
781 1371 1130 1446 ἁναγκάσειας
1165 1374 1452 1443 μαρτυρεῖν
1486 1368 1776 1435 ἀκουσίως,

285 1467 401 1524 Καὶ
440 1463 653 1538 μᾶλλον
687 1463 1041 1539 εἶτυγχάνων
1071 1483 1153 1524 τις
1183 1466 1289 1516 τῶν
1320 1457 1770 1534 καταδεεστέρων,

292 1555 445 1630 Πρὸς
478 1551 640 1627 ἄνδρα
664 1550 821 1622 δίκην
852 1550 1021 1626 ἔλαχε
1051 1555 1159 1606 τῶν
1193 1549 1280 1604 ἐπὶ
1315 1547 1668 1619 δυναστείαις,

291 1645 590 1707 Κάντεῦθεν
620 1641 988 1710 ὑποκλάζουσι
1022 1645 1133 1713 (l3)
1164 1645 1244 1712 τῷ
1285 1635 1441 1716 φόϐῳ
1468 1643 1564 1693 τοῦ
1599 1635 1881 1704 δυνάστου,

294 1734 402 1788 Καὶ
433 1735 529 1786 τοῦ
559 1733 793 1802 πένητος
830 1732 881 1785 οἱ
914 1729 1203 1806 μάρτυρες,
1231 1729 1354 1784 τότε
1385 1728 1488 1804 γὲιρ
1522 1727 1611 1782 καὶ
1644 1726 1780 1801 πρὸς
1813 1726 1952 1802 βίαν,

291 1823 393 1884 Εἲς
427 1820 724 1896 μαρτυρίαν
757 1819 1033 1887 ἕλκονται,
1065 1818 1153 1874 καὶ
1181 1819 1229 1872 τ’
1262 1817 1465 1888 ἀληθὲς
1496 1817 1722 1880 τιθέναι.

291 1914 583 1985 Ἀρκοῦσιν
617 1909 693 1971 εἷς
724 1903 1034 1977 καταϐολὴν
1065 1906 1159 1962 δύο
1193 1907 1367 1975 φωναὶ
1403 1905 1716 1983 μαρτύρων,

296 1999 370 2057 Εἴ
403 1998 565 2074 λίτρα
597 1998 737 2072 μόνη
771 1997 1000 2076 πέφυκεν
1025 1999 1060 2067 ἡ
1084 1992 1569 2069 καταϐαλλομένη.

295 2087 365 2146 Εἰ
393 2085 449 2142 δέ
472 2109 522 2143 τι
551 2087 719 2143 πλέον
748 2089 972 2165 πέφυκε,
1005 2092 1149 2161 τρεῖς
1186 2086 1458 2161 μάρτυρας
1498 2083 1730 2143 δεκτέον.

297 2179 427 2235 Ἐπί
461 2176 518 2233 δέ
548 2181 883 2241 καταθέσεως
906 2176 1064 2232 πέντε
1098 2172 1378 2252 μάρτϐρας
1408 2173 1596 2250 δέχου,

297 2269 415 2330 Ti;
452 2265 510 2321 δέ
535 2268 586 2342 γ’
607 2267 668 2322 ἐκ
690 2271 789 2322 τοῦ
819 2267 1161 2340 παρήκοντος
1195 2265 1370 2329 ἀθέτει
1406 2265 1729 2341 μαρτυρίας,

303 2357 366 2414 Εἰ
403 2351 567 2411 λάϐοι
592 2377 674 2418 τις
707 2355 757 2410 ἐν
784 2356 1099 2430 γράμμασιν
1134 2353 1194 2410 ἐκ
1225 2352 1501 2409 δανειστοῦ
1528 2376 1580 2409 τι
1613 2353 1796 2430 χρέος,

302 2443 661 2516 Ἀποδιδοὺς,
696 2442 968 2517 ἀπόδειξιν
994 2442 1266 2522 ἔγγραφον
1301 2439 1648 2517 λαμϐανέτω,

296 2539 477 2610 Τριῶν
514 2534 804 2610 μαρτύρων
837 2531 1069 2608 ἔχουσαν
1107 2533 1419 2612 ὑπογραφάς
1452 2529 1670 2609 βεϐαίας
1703 2553 1714 2566 ⁸

298 2623 364 2680 Εἰ
396 2621 454 2678 δὲ
489 2625 566 2696 μή
596 2628 758 2678 τοῦτο
793 2621 1055 2698 δράσειεν,
1088 2620 1237 2684 αὖθις
1261 2618 1453 2698 ἔνοχος
1479 2617 1644 2693 ἔσται,

297 2712 364 2769 Εἰ
404 2715 483 2784 μή
518 2734 581 2786 γε
610 2711 767 2768 πέντε
801 2711 1067 2787 μάρτυρες
1098 2709 1300 2766 εἶ’ποιεν
1330 2711 1723 2787 παραχθέντες,

294 2803 385 2862 Ὡς
406 2799 623 2876 γέγονεν
657 2799 930 2873 ἀπόδειξις
957 2805 1051 2856 τοῦ
1081 2821 1396 2876 κεχρεωστη
1409 2802 1596 2873 μένου,

293 2893 364 2947 ’Ἢ
389 2889 599 2944 τούτων
619 2892 733 2945 κατ’
766 2890 1018 2959 ἐνώπιον,
1055 2891 1086 2944 ἀ
1118 2887 1401 2959 δανειστὴς
1426 2889 1647 2960 ἐξείποι,

284 2974 630 3035 ’Δπολαϐεῖν
656 2978 720 3036 τδ
753 2977 888 3037 ἴδιον
917 2981 1085 3055 χρέος
1116 2979 1175 3034 ἐκ
1203 2983 1301 3036 τοῦ
1344 2980 1650 3055 χρεώστου,

1649 344 2027 407 SYNOPSIS
2074 345 2364 408 LEGUM.

3599 338 3720 402 958

1991 482 2049 548 Α
2079 475 2143 534 Εἰ
2176 474 2459 547 δανειστὴς
2487 473 2759 548 ἀπόδειξιν
2789 476 3076 546 ποιήσεται
3099 477 3194 529 τοῦ
3223 472 3442 551 χρέους,

1985 1859 2032 1924 Β

2074 567 2170 622 Καὶ
2207 568 2344 640 μετά
2373 571 2540 622 ταῦτα
2572 566 2818 644 ῥεύσουσι
2847 567 3135 642 τριάκοντα
3161 565 3364 640 ἡμέραι

2069 655 2395 712 Αὐτεκαλεῖν
2423 657 2484 712 οὐ
2519 654 2736 711 δύναται
2761 656 2884 732 περὶ
2912 653 3256 730 ἀναργυρίας,

2071 746 2168 799 Καὶ
2203 745 2405 822 λέγειν,
2440 747 2512 808 ὡς
2547 743 2824 818 ἀπόδειξιν
2861 743 3126 821 ἔγγραφον
3156 742 3436 814 έξεθέμην,

2071 834 2184 909 Πρὸ
2212 832 2268 889 δὲ
2298 841 2396 904 τῆς
2427 833 2752 906 ἀποδείξεως
2783 834 2881 888 οὐκ
2912 828 3112 889 ἔλαϐον
3144 831 3392 908 χρυσίον.

2069 923 2133 977 Ei;
2166 921 2223 978 δὲ
2254 923 2404 987 ἐντος
2434 926 2726 1001 τριάκοντα
2765 927 2988 999 ἡμερῶν
3025 921 3292 996 έναγάγει,

2069 1011 2208 1070 Τότε
2228 1013 2684 1089 καταναγκάζεται
2719 1015 2746 1068 ὁ
2778 1012 3064 1089 χρεώστης
3094 1010 3380 1085 δεικνύειν,

2067 1102 2155 1165 Ὡς
2188 1101 2408 1174 άληθῶς
2431 1100 2643 1157 διέλυσε
2671 1106 2749 1174 τῷ
2782 1099 3032 1174 δανέιστῇ
3063 1101 3124 1154 τὸ
3157 1108 3346 1175 χρέος.

2071 1190 2167 1245 Καὶ
2195 1190 2423 1264 προικός
2455 1212 2536 1253 τις
2569 1187 2839 1261 ἀπόδειξιν
2870 1189 3154 1263 ἐκθέμενος
3175 1187 3448 1261 νομίμως,

2066 1283 2140 1339 Τὸ
2161 1289 2264 1337 πᾶν
2295 1283 2692 1356 ἀναταξάμενος
2721 1289 2835 1338 κατ’
2872 1279 3012 1344 εἶδος
3034 1287 3145 1336 ’τῶν
3179 1281 3531 1356 πραγμάτων,

2066 1373 2232 1433 Οὗτος
2261 1372 2360 1427 οὐκ
2388 1369 2446 1426 ἂν
2471 1375 2682 1442 τιθησιν
2706 1371 3028 1448 ἀναργυρίαν
3063 1370 3231 1432 ὅλως.

2065 1461 2131 1518 Εἴ
2163 1459 2219 1515 δέ
2247 1483 2329 1524 τις
2362 1461 2694 1538 ὡμόλογησε
2720 1460 3056 1517 δανείσασθαι
3085 1459 3389 1537 ἐγγράφως,

2066 1551 2193 1604 Δυσὶ
2227 1551 2453 1626 χρόνοις
2479 1551 2713 1625 ὁρίζεναι
2744 1557 2910 1606 κινεῖν
2940 1549 3254 1626 ἀναργυρίαν
3293 1571 3304 1582 ·

2066 1640 2162 1694 Καὶ
2193 1639 2318 1694 τότε
2335 1661 2416 1702 τις
2445 1641 2537 1695 τὸν
2566 1638 2844 1711 δανειστὴν
2880 1638 3111 1708 δικάζων
3144 1639 3446 1713 ἀναγκάζει,

2065 1729 2336 1784 Δεικνύειν
2368 1731 2467 1800 τήν
2498 1724 2810 1798 καταϐολήν
2839 1728 3080 1802 ἐννόμως
3109 1733 3208 1782 τοῦ
3241 1725 3474 1784 δανείου.

2067 1817 2131 1873 Εἰ
2165 1815 2221 1872 δέ
2248 1839 2331 1880 τις
2368 1816 2737 1894 ὡμολόγησεν
2767 1817 2816 1873 ἐν
2850 1817 3133 1893 γράμμασί
3164 1839 3214 1872 τι
3243 1817 3432 1892 χρέος,

2062 1905 2217 1962 Ἀλλ’
2251 1907 2350 1962 οὒκ
2380 1905 2432 1978 ἐξ
2458 1909 2828 1982 ἀριθμήσεως,
2859 1906 2985 1962 ἀλλ’
3017 1907 3067 1977 ἐξ
3099 1903 3280 1975 ἄλλης
3316 1903 3511 1974 αἰτίας,

2070 1996 2245 2070 Τυχὸν
2282 1997 2354 2058 ὡς
2385 1996 2491 2054 ἀπὸ
2523 1997 2772 2071 πράσεως
2798 1997 2886 2051 καὶ
2919 1997 3229 2074 φανερώσας
3257 1999 3442 2067 τοῦτο,

2068 2086 2316 2159 Ὕστερον
2349 2084 2658 2160 ἀπαρνῆσαι
2687 2086 2750 2139 τὸ
2784 2087 2860 2158 μή
2893 2090 3187 2162 χρεωστῶς
3217 2082 3468 2152 ἐκθεῖναι,

2071 2175 2212 2248 Πρὸς
2243 2174 2334 2230 τὸν
2365 2176 2671 2249 κατήγορον
2699 2174 2858 2229 αὐτὸν
2893 2173 3194 2250 ὁμολογίαν
3227 2171 3448 2248 χρέους,

2067 2262 2242 2325 Αὐτὸς
2280 2265 2525 2339 βαρεῖται
2558 2261 2797 2336 μάλιστα
2821 2268 3001 2339 σαφῶς
3032 2259 3425 2330 ἀποδεικνύειν,

2067 2355 2187 2411 Ὀτι
2213 2353 2655 2428 καθωμοΛόγησε
2688 2355 2764 2426 μή
2795 2357 3088 2428 χρεωστῶς
3112 2374 3162 2407 τι
3194 2351 3385 2427 χρέος,

2066 2443 2171 2499 Καὶ
2201 2445 2340 2499 κατὰ
2373 2445 2489 2517 βίαν
2523 2441 2775 2519 ἔγραψεν,
2807 2440 2842 2513 ἤ
2869 2441 3012 2518 τύχῃ
3044 2441 3179 2498 κατὰ
3209 2439 3395 2497 δόλον.

2067 2534 2182 2588 Υἱοὶ
2215 2531 2270 2588 δέ
2302 2533 2607 2606 ὑπεξούσιοι
2647 2533 2736 2587 καὶ
2769 2533 2946 2605 πατὴρ
2980 2536 3339 2607 μαρτυροῦσιν

2065 2622 2160 2686 Εἷς
2178 2623 2275 2691 τὴν
2311 2621 2475 2692 αὐτὴν
2511 2621 2786 2689 ὑπόθεσιν,
2816 2621 2910 2676 κᾶν
2933 2624 3002 2694 τῇ
3034 2617 3363 2675 διατυπώσει
3389 2638 3401 2650 ·

2061 2713 2125 2769 Ἠ
2158 2709 2214 2767 δέ
2240 2733 2300 2788 γε
2331 2709 2662 2773 διατύπωσις
2692 2711 2849 2766 πέντε
2876 2710 3032 2785 χερσὶ
3069 2708 3379 2783 μαρτύρων.

2060 2802 2476 2879 Ὑπογραιρέσθω
2501 2803 2620 2856 κατ’
2643 2799 2770 2856 αὐτὸ
2793 2798 2976 2862 καλῶς
2996 2800 3084 2853 καὶ
3111 2797 3510 2876 σιρραγιζέσοω.

2059 2891 2116 2943 Ὀ
2147 2888 2204 2944 δὲ
2230 2891 2292 2945 τὸ
2324 2887 2528 2945 δάνειον
2562 2887 2769 2951 δεικνὺς
2801 2889 3094 2964 χρεωστῶν
3130 2885 3495 2964 ἀρνουμένων.

2057 2978 2262 3056 Χρόνον
2294 2979 2560 3056 ἀρκοῦντα
2589 2977 2784 3057 εἴληφε
2811 2977 3274 3052 τριακονταετίαν.

3300 3067 3468 3125 Vcrs.
3501 3066 3630 3125 980.

289 3305 524 3364 bestias
563 3309 804 3378 pugnat,
839 3312 892 3362 et
925 3307 1262 3379 quicunque
1308 3307 1365 3363 in
1411 3307 1656 3380 judiciis
1687 3307 1949 3364 damnati
1981 3308 2023 3376 C
2062 3306 2310 3363 debitori
2379 3307 2562 3364 fuisse
2629 3305 3057 3379 conscriptam,
3127 3313 3185 3362 et
3249 3305 3397 3378 ipsis
3462 3321 3714 3378 praesen-

287 3400 454 3465 sunt,
491 3400 553 3450 ut
602 3396 1082 3464 calumniatores,
1123 3399 1302 3462 fures,
1353 3397 1622 3454 adulteri.
1676 3399 1950 3470 Impubes

286 3486 464 3542 testis
516 3501 631 3540 non
683 3488 789 3551 est,
824 3501 1010 3556 neque
1057 3485 1286 3543 mulier.
1321 3487 1374 3541 Si
1409 3503 1542 3542 vero
1593 3503 1684 3542 res
1715 3487 1792 3541 sit
1821 3503 1948 3557 quis

289 3575 717 3646 spectationem
742 3579 798 3629 et
818 3574 1011 3630 visum
1046 3575 1355 3632 hominum
1387 3576 1648 3648 effugiat,
1672 3576 1948 3633 mulieres

286 3663 696 3719 testimonium
749 3663 968 3720 ferunt.
1019 3669 1227 3720 Servus
1281 3665 1472 3719 adhuc
1521 3665 1689 3721 testis
1740 3672 1828 3721 est
1875 3665 1948 3720 ob

289 3753 602 3823 penuriam
655 3753 918 3820 testium,
973 3757 1176 3808 contra
1224 3770 1457 3808 omnem
1514 3754 1690 3810 aliam
1746 3771 1947 3827 perso-

287 3858 468 3910 nam,
531 3847 766 3911 excepto
827 3842 1061 3914 proprio
1118 3843 1378 3897 domino.
1429 3843 1701 3906 Invalidi,
1754 3861 1946 3911 senes,

286 3930 532 3994 milites,
579 3931 1052 4002 protospatbarii,
1086 3933 1438 3997 sacerdotes,
1474 3932 1637 3987 inviti
1681 3934 1946 3988 testimo-

282 4019 447 4073 nium
521 4036 632 4073 non
703 4019 1035 4089 perhibent,
1095 4021 1193 4075 sed
1257 4020 1448 4076 solum
1525 4027 1754 4092 sponte.
1817 4022 1944 4093 Epi-

283 4124 504 4177 scopus
536 4124 726 4178 neque
773 4107 1014 4176 invitus,
1048 4125 1237 4180 neque
1285 4109 1482 4164 volens
1530 4112 1638 4165 fert
1683 4111 1946 4166 testimo-

283 4195 470 4249 nium.
525 4195 636 4250 Alii
678 4196 854 4250 etiam
910 4196 1076 4250 inviti
1127 4197 1530 4252 testimonium
1580 4199 1772 4253 dicere
1818 4200 1943 4270 cogi

283 4289 539 4354 possunt
571 4301 582 4337 :
621 4284 874 4339 maxime
913 4285 958 4338 si
1011 4301 1234 4355 pauper
1262 4287 1359 4352 sit,
1393 4292 1449 4341 et
1478 4287 1610 4341 vilis
1659 4289 1946 4344 conditio-

281 4371 529 4441 nis.qui
581 4374 859 4428 adversus
911 4376 1296 4445 potentiorem
1351 4376 1607 4446 aliquem
1651 4377 1945 4447 judicium

281 4460 551 4526 dictavit,
585 4463 754 4530 cujus
803 4462 1108 4531 potestatis
1142 4468 1383 4529 terrore,
1415 4471 1472 4520 et
1515 4474 1693 4535 metu,
1728 4483 1943 4537 paupe-

283 4551 366 4604 ris
399 4554 582 4604 testes
634 4550 950 4620 subticent,
983 4553 1051 4604 ad
1089 4551 1197 4605 hoc
1244 4559 1310 4607 ut
1360 4554 1414 4608 id
1469 4558 1621 4626 quod
1655 4562 1711 4609 ct
1739 4571 1940 4610 verum

279 4644 373 4744 est
423 4639 770 4708 deponatur,
803 4639 857 4694 vi
908 4641 977 4694 ad
1027 4641 1432 4697 testimonium
1482 4643 1810 4698 trahuntur.
1855 4645 1938 4698 Ad
1975 4679 2020 4744 Β

278 4726 639 4783 solutionem
684 4729 812 4782 dua:
860 4729 1098 4784 testium
1153 4745 1321 4784 voces
1370 4732 1694 4800 sufficmnt,
1729 4732 1778 4786 si
1825 4749 1943 4788 una

276 4815 475 4871 solum
538 4815 685 4871 libra
743 4816 940 4874 soluta
998 4818 1074 4872 sit
1127 4833 1139 4872 :
1191 4818 1240 4871 si
1301 4836 1434 4874 vero
1488 4819 1766 4889 amplius,
1825 4826 1942 4876 tres

273 4908 464 4958 testes
526 4910 660 4958 sunt
720 4905 1053 4960 exhibendi.
1115 4912 1303 4977 Super
1357 4909 1624 4978 deposito
1683 4910 1942 4978 quinque

273 4998 461 5048 testes
509 4993 804 5048 exhibete.
836 4994 1203 5050 Testimonia
1233 5012 1369 5050 vero
1413 4997 1824 5052 convenienter
1852 5013 1941 5051 re-

267 5082 585 5151 jiciuntur,
633 5082 681 5137 si
737 5081 868 5152 quis
921 5084 1212 5151 debitum,
1262 5086 1415 5154 quod
1457 5103 1490 5140 a
1535 5087 1823 5141 creditore
1881 5087 1940 5141 in

271 5171 515 5242 scriptis
567 5177 843 5242 cmperat,
897 5173 1191 5242 persolvit,
1233 5175 1609 5230 securitatem
1661 5177 1939 5244 scriptam

267 5261 488 5331 capiat,
524 5259 705 5313 trium
754 5259 994 5314 testium
1035 5264 1570 5331 subscriptionibus
1622 5264 1940 5319 firmatam.

268 5347 318 5401 si
349 5347 513 5402 enim
565 5347 708 5402 illud
761 5363 874 5402 non
929 5348 1151 5414 fecerit,
1182 5349 1396 5404 iterum
1444 5350 1741 5421 obligatus
1791 5357 1939 5432 esto9

269 5436 386 5492 nisi
418 5437 686 5508 quinque
725 5440 906 5493 testes
948 5437 1215 5508 producti
1246 5439 1522 5507 dixerint,
1557 5439 1938 5497 securitatem

345 5667 459 5742 (13)
491 5663 992 5742 ’Υποσχολάζουσι.

2058 3397 2218 3453 tibus
2285 3395 2630 3452 creditorem
2703 3397 2951 3458 dixisse,
3020 3412 3082 3452 se
3150 3413 3184 3451 a
3249 3395 3510 3460 debitore
3577 3412 3714 3468 pro-

2058 3487 2252 3557 prium
2287 3485 2546 3542 debitum
2595 3486 2876 3558 accipere.
2911 3485 2969 3541 Si
3002 3485 3255 3540 creditor
3286 3485 3462 3539 debiti
3496 3485 3716 3540 securi-

2057 3579 2236 3631 tatem
2282 3575 2506 3646 fecerit,
2538 3579 2853 3646 postquam
2898 3574 3141 3645 triginta
3189 3575 3310 3629 dios
3359 3573 3713 3643 efﬂuxerint,

2059 3682 2174 3720 non
2216 3668 2407 3737 potest
2436 3665 2698 3736 excipere
2729 3666 2798 3719 de
2831 3681 2943 3718 non
2989 3669 3295 3719 numerata
3327 3662 3591 3732 pecunia,
3627 3663 3715 3716 di-

2059 3771 2216 3823 cens,
2242 3755 2394 3826 quod
2445 3754 2816 3809 securitatem
2851 3754 3086 3825 quidem
3139 3751 3397 3824 scripsit,
3431 3752 3530 3807 sed
3581 3755 3716 3807 ante

2060 3843 2438 3900 securitatem
2488 3843 2796 3914 pecuniam
2831 3860 2946 3898 non
2980 3841 3194 3914 recepit
3227 3859 3239 3897 :
3273 3842 3321 3896 si
3375 3857 3507 3896 vero
3561 3841 3714 3895 intra

2057 3934 2184 3988 dies
2216 3934 2458 4005 triginta
2488 3931 2630 4004 agit,
2663 3937 2802 3986 tunc
2845 3931 3070 4004 cogitur
3116 3931 3344 3986 debitor
3374 3930 3620 4001 probare
3653 3943 3714 3984 se

2055 4037 2185 4076 vere
2217 4023 2480 4076 debitum
2513 4021 2787 4076 creditori
2819 4021 3086 4077 solvisse.
3117 4023 3223 4086 Qui
3257 4019 3410 4074 dotis
3440 4019 3718 4074 securita-

2056 4115 2174 4165 tem
2208 4110 2467 4180 legitime
2498 4110 2870 4180 conscripsit,
2893 4114 2950 4163 et
2979 4111 3034 4162 in
3065 4127 3130 4164 ea
3164 4125 3284 4163 rem
3321 4124 3714 4178 unamquam-

2057 4215 2170 4270 que
2221 4198 2545 4254 secundum
2596 4198 2894 4268 prepriam
2947 4198 3202 4267 speciem
3253 4187 3562 4260 ordinavit,
3598 4211 3715 4249 non

2057 4291 2425 4343 numeratam
2477 4287 2783 4357 pecuniam
2837 4285 2998 4340 nullo
3049 4285 3221 4339 modo
3273 4283 3448 4339 dicat.
3480 4283 3534 4336 Si
3581 4283 3715 4352 quis

2057 4382 2253 4432 autem
2297 4375 2355 4430 in
2389 4374 2626 4444 scriptis
2658 4374 2866 4427 debere
2901 4390 2962 4428 se
3006 4375 3314 4428 confessus
3345 4371 3443 4440 sit,
3476 4370 3717 4442 querela

2056 4481 2172 4522 non
2223 4473 2536 4518 numeratae
2585 4463 2843 4536 pecunia
2891 4463 3123 4517 duobus
3174 4462 3345 4518 annis
3397 4462 3622 4528 ﬁnitur,
3655 4464 3712 4516 et

2055 4558 2194 4609 tunc
2245 4555 2427 4621 judex
2460 4553 2612 4623 cogit
2668 4554 3037 4618 creditorem,
3065 4552 3200 4621 jure
3259 4552 3470 4605 factam
3531 4549 3710 4606 debiti

2057 4642 2522 4698 numerationem
2573 4642 2836 4710 probare.
2871 4641 3033 4704 Quod
3069 4639 3118 4694 si
3151 4638 3284 4708 quis
3333 4640 3596 4694 debitum
3649 4639 3709 4692 in

2053 4732 2289 4802 scriptis
2322 4730 2631 4786 confessus
2680 4729 2877 4792 fuerit,
2913 4745 3024 4783 non
3059 4729 3300 4798 quidem
3333 4744 3402 4783 ex
3434 4743 3709 4783 numera-

2052 4821 2230 4884 tione,
2264 4821 2365 4875 sed
2412 4835 2482 4875 ex
2529 4819 2643 4873 alia
2693 4834 2893 4879 causa,
2928 4818 3107 4873 veluti
3155 4834 3224 4872 ex
3268 4818 3621 4880 venditione,
3652 4818 3711 4870 et

2052 4911 2195 4965 illud
2256 4908 2744 4964 manifestissime
2802 4909 3156 4970 ostenderit.
3215 4908 3325 4962 hoc
3382 4905 3710 4962 secundum

2052 5000 2315 5055 debitum
2365 5015 2480 5053 non
2529 5013 2657 5052 esse
2704 4996 2906 5063 actori,
2942 5003 3000 5051 et
3031 4997 3255 5052 nullam
3305 5012 3435 5050 esse
3483 4994 3710 5050 confes-

2052 5088 2278 5143 sionem
2319 5086 2540 5150 dicens,
2571 5092 2848 5157 gravatur
2892 5087 3161 5155 probare,
3193 5085 3349 5156 quod
3399 5100 3513 5137 non
3546 5082 3708 5136 debi-

2052 5182 2176 5230 tum
2209 5176 2514 5230 confessus
2545 5178 2644 5236 sit,
2675 5180 2732 5228 et
2761 5176 2912 5241 quod
2949 5190 3051 5243 per
3079 5173 3195 5227 vim
3232 5178 3290 5226 et
3319 5173 3517 5225 dolum
3563 5167 3710 5223 scri-

2056 5265 2184 5334 psit.
2225 5263 2657 5318 Filiusfamilias
2699 5268 2756 5318 et
2798 5270 2963 5332 pater
3004 5263 3193 5316 eidem
3246 5259 3476 5329 negotio
3527 5263 3707 5312 testes

2053 5353 2319 5408 adhiberi
2352 5358 2618 5422 possunt,
2650 5353 2826 5406 etiam
2858 5354 3231 5406 testamento.
3263 5348 3708 5402 Testamentum

2050 5443 2311 5514 quinque
2332 5440 2574 5498 testium
2599 5441 2871 5498 manibus
2893 5439 3396 5506 subscribatur,et
3415 5427 3704 5510 signetul'.

3601 5607 3639 5641 κ
