3976 6212
307 344 424 405 959

305 477 370 532 Et
394 473 440 530 δ’
459 471 596 536 ’ίσως
627 473 764 550 πρὸς
792 471 1126 541 παράστασιν
1157 467 1389 539 ἠτόνησε
1417 465 1726 544 μαρτύρων,

307 569 507 641 ’Όρκον
533 562 748 639 ἐπάγειν
779 558 998 615 δύναται
1029 560 1182 620 οὗτος
1213 563 1290 629 τῷ
1321 556 1597 636 ἀφειλέτῃ,

308 652 416 713 Κᾶν
441 655 597 716 οὗτος
626 651 967 724 ἐπομόσηται
996 646 1332 715 ὁδανειστὴς
1361 649 1585 715 ἡττᾶται
1616 664 1628 678 ⁸

309 745 375 802 Ei
400 741 456 798 δὶ
487 743 514 796 ὁ
544 741 872 817 ἆ-αγόμενος
906 740 1064 814 ὅρκον
1096 737 1455 811 ἁντεπαγσὶγῃ,

311 835 372 892 Ὀ
407 831 685 901 δανειστὴς
713 829 758 884 δ’
785 829 1023 902 ὀμόσειε,
1059 821 1327 900 λαμϐάνει
1358 827 1420 879 τὸ
1452 825 1703 900 χρυσίον.

312 925 529 998 Ὠραῖον
561 919 617 975 δὲ
647 920 951 992 σημείωσαι
984 917 1070 971 καὶ
1110 915 1439 989 ζητούμενον
1473 921 1716 990 πρᾶγμα,

312 1012 401 1075 Ὠς
429 1006 594 1081 ἔξεστι
628 1005 928 1082 μεταπεδᾷν
965 1005 1023 1060 ty.
1050 1001 1425 1080 δικαιολογίας

311 1100 520 1170 Ταύτης
552 1099 686 1172 πρὸς
731 1096 933 1168 ἄλλην,
996 1092 1248 1166 δέσποτα,
1312 1095 1571 1168 μεμψεώς
1629 1114 1772 1155 τινος
1807 1089 1959 1169 δίχα,

315 1189 377 1246 Ἦ
407 1181 766 1260 κομὸεντίων,
799 1181 1050 1251 δέσποτα,
1084 1181 1159 1245 εἷ’(
1191 1181 1314 1255 τρία
1344 1179 1650 1257 διαιρεῖται.

314 1279 382 1335 Ἦ
407 1276 510 1354 γὰρ
537 1271 815 1330 πουὸλίκα
843 1293 1094 1350 πεφυκεν,
1127 1271 1171 1325 εἰ
1202 1270 1387 1346 τύχοι,
1419 1267 1454 1340 ἤ
1487 1265 1723 1346 πριϐάτα
1757 1289 1769 1300 '

313 1369 418 1435 Τὴν
453 1363 510 1420 δὶ
540 1359 802 1439 πριῦεἱταν
837 1359 1010 1416 δὶελεν
1045 1359 1120 1422 εἷς
1154 1356 1249 1415 δῦο
1281 1357 1442 1413 πάλιν
1481 1361 1644 1433 μέρη,

313 1455 410 1518 Εἷς
442 1453 754 1528 λεγιτίμαν,
785 1453 1054 1526 κράτιστε,
1086 1449 1173 1505 καὶ
1208 1449 1282 1512 εἷς
1313 1447 1746 1524 ἱουρισγεντίαμ.

313 1546 404 1614 Μὴ
436 1542 612 1602 τοίνυν
641 1540 775 1604 τίθει
807 1541 1055 1613 τέσσαρα,
1093 1537 1231 1611 μόνα
1262 1535 1318 1592 δὲ
1346 1537 1470 1610 τρία
1503 1536 1646 1612 λέγε,

314 1635 374 1692 Ἦ
409 1631 666 1707 λιγιτίμα
697 1632 800 1706 γὰρ
832 1629 990 1697 αὐτὴ,
1025 1628 1115 1682 καὶ
1145 1628 1178 1698 ἠ
1213 1626 1572 1702 ἷουρισγεντία
1603 1647 1615 1697 ;

315 1727 499 1778 Ηᾶσαν
528 1717 967 1788 κατεδαπάνησαν
995 1719 1094 1786 τὴν
1128 1717 1348 1791 γενικὴν
1379 1711 1643 1790 πριϐαταν
1677 1734 1688 1745 ·

316 1810 518 1869 Οὐκοῦν
553 1813 648 1880 τήν
672 1804 1034 1883 λομειντίονα
1056 1806 1132 1869 εἷς
1163 1807 1284 1882 τρία
1313 1804 1480 1860 ταῦτα
1503 1807 1687 1879 τέμνε,

320 1894 652 1971 Πουϐλίκαν,
686 1896 973 1973 λεγίτιμάν
1003 1917 1082 1967 τι,
1114 1895 1202 1949 καὶ
1246 1895 1344 1963 τήν
1381 1893 1790 1968 ἶόυρισγεντίαν,

317 1991 426 2047 Καῖ
447 1983 745 2043 πούϐλικον
781 1986 874 2059 μὲν
906 1986 1167 2060 πέφυκεν,
1202 1984 1392 2060 εἶ’ρήνη
1425 1981 1662 2057 δημοσία
1697 2001 1708 2013 ⁸

317 2080 634 2156 Λιγίτιμον,
666 2084 743 2152 τῷ
776 2077 936 2151 ἰδικῷ
961 2078 1113 2152 νόμῳ
1143 2077 1517 2153 κεκυρωμένον
1555 2097 1566 2109 ·

318 2171 395 2231 Τὸ
420 2167 475 2225 δὶ
505 2172 579 2244 μή
603 2190 660 2223 τε
689 2167 994 2244 λεγίτιμον,
1032 2169 1170 2239 μήτε
1199 2167 1305 2240 μὴν
1337 2170 1444 2220 τῶν
1477 2160 1815 2239 πουϐλίκων,

317 2258 728 2335 Ἰουρισγέντιον
761 2262 886 2332 γοῦν
920 2255 1052 2324 ἐσνι,
1085 2251 1405 2330 κομϐέντιον
1431 2252 1482 2310 ἓν
1511 2256 1676 2330 γένει.

315 2354 430 2404 Τῶν
460 2344 516 2403 δί
546 2346 833 2416 τοιούτων,
868 2343 1124 2418 δέσποτα,
1159 2344 1323 2401 πάλιν
1356 2340 1784 2418 κομόεντιόνων,

313 2440 382 2498 Αἱ
418 2438 510 2511 μὶν
539 2440 794 2512 γεννῶσιν
831 2437 1076 2512 ἀγωγὴν,
1120 2433 1252 2490 αἶ’δὶ
1283 2436 1643 2512 παραγραφήν
1677 2455 1816 2505 πως,

315 2525 474 2584 Ἀλλ’
508 2529 627 2582 ὅσαι
666 2526 760 2599 μὶν
795 2526 1092 2598 ὁμώνυμον
1123 2526 1479 2602 παραγραφὴν
1512 2528 1793 2599 γεννῶσιν,

323 2617 482 2690 Φημὶ
511 2620 628 2679 τοῖς
661 2612 1108 2692 συναλλάγμασιν
1143 2614 1230 2691 ὑφ’
1259 2614 1332 2667 ὧν
1365 2613 1787 2688 ἀπογεννῶνται,

318 2705 443 2765 Εἴσὶ
479 2706 572 2778 μὶν
605 2699 1004 2778 κομϐιντίωνες
1031 2708 1256 2780 γενικῶς
1288 2703 1647 2776 κεκλημέναι,

321 2795 419 2857 Εἷς
451 2791 632 2863 ἲδικὴν
667 2790 724 2848 δὲ
754 2792 1010 2848 πίπτουσι
1044 2791 1503 2867 συναλλάγματος
1523 2790 1742 2862 κλῆσιν,

322 2883 422 2946 Εἲς
453 2889 670 2958 πρᾶσιν,
705 2882 780 2945 εἷς
807 2883 904 2951 τήν
937 2882 1226 2954 μίσθωσιν,
1258 2879 1293 2950 ἤ
1325 2883 1412 2936 καὶ
1443 2882 1541 2950 τὴν
1574 2877 1881 2938 κοινωνίαν.

320 2972 385 3030 Εἰ
418 2969 464 3026 δ’
491 2969 623 3033 ξ’σως
654 2971 1045 3044 ἀμετάπτωτος
1078 2970 1153 3031 εἷς
1190 2966 1359 3024 ἷδικόν
1379 2991 1432 3024 τι
1467 2969 1662 3042 μείνοι,

319 3061 420 3116 Καὶ
453 3057 688 3134 μᾶλλον,
713 3059 758 3114 εἰ
781 3053 1151 3134 προϐέϐηκεν,
1187 3055 1223 3128 ἤ
1256 3056 1404 3122 δόσις
1437 3057 1524 3113 ἰπὶ
1557 3056 1724 3127 δόσει,

1660 334 2076 394 MICHAELIS
2119 315 2388 394 PSELLI

1982 468 2037 536 Α
2068 466 2139 522 ’Ή
2173 464 2259 519 ἐπὶ
2294 462 2435 520 δόσει
2462 465 2706 538 ποιήσις,
2741 463 2776 535 ἥ
2811 464 2864 520 έν
2895 463 3113 534 ποίησει
3147 462 3319 535 δόσις,

2068 557 2138 612 ’Ἡ
2171 553 2317 617 δόσις
2351 551 2439 609 διὰ
2468 576 2716 626 ποιησιν,
2748 554 3115 630 τετράτροπον
3136 555 3238 630 γὰρ
3267 560 3458 612 τοῦτο.

2067 647 2311 700 Τίκτεται
2343 645 2506 700 πάλιν
2541 645 2731 720 ἀγωγὴ
2763 645 2796 713 ἠ
2832 644 3228 720 πραειηιρίπτις
3257 640 3442 720 βέρὸις

2069 736 2159 804 Μὴ
2191 737 2293 810 γὰρ
2327 736 2554 810 εὑροῦσα
2587 731 2840 809 εὔλογον,
2876 737 2908 804 ἡ
2941 728 3284 806 κομϐεντίων
3318 731 3480 808 αὕτη,

2071 825 2378 900 Ἐναγωγὴν
2412 825 2709 897 ὁμώνυμον
2741 828 2818 895 τῷ
2849 821 3271 898 συναλλάγματῖ
3315 845 3455 894 πως,

2069 919 2156 986 Τῷ
2181 913 2379 989 γενικῷ
2413 914 2638 987 ὀνόματι
2673 912 3032 989 συνάλλαγμα
3062 918 3334 982 καΛεῖται,

2072 1005 2167 1058 Καὶ
2203 1001 2420 1058 δῖδωσιν
2446 1002 2723 1078 ἒναγωγήν
2752 1005 2850 1072 τήν
2884 1001 3278 1076 πραεσκρῑπτις
3324 997 3532 1079 βὲρῦις,

2070 1095 2133 1150 Ἡ
2167 1093 2216 1147 ἐν
2250 1091 2676 1168 δομιστρατίωνι
2705 1092 2767 1147 τὸ
2800 1097 3024 1168 πρᾶγμα
3057 1089 3348 1166 διηγεῖται,

2071 1184 2129 1240 Ἣ
2167 1180 2223 1238 δὶ
2255 1183 2358 1237 ἀπὸ
2392 1181 2714 1243 ἷντεντίονος
2745 1180 2966 1253 ἷνκὲρτα
2997 1175 3334 1254 καλουμένη,

2071 1272 2164 1328 Ε’”
2229 1274 2242 1288 “
2384 1270 2411 1326 δ
2596 1271 2654 1308 ”“
2772 1273 2784 1286 “
2866 1269 2915 1326 ἑ)
3162 1269 3233 1326 λ’]
3291 1293 3298 1301 ”

2122 1295 2163 1335 ι,
2191 1295 2284 1328 τον
2314 1293 2378 1327 κο
2417 1293 2704 1346 εμνατιωα
2733 1293 2794 1326 το
2829 1293 2856 1326 τ
2915 1293 2992 1333 εος
3022 1291 3156 1324 κατα
3222 1292 3343 1346 ,γει.

2070 1368 2183 1418 Τῶν
2219 1359 2274 1416 δέ
2305 1383 2366 1437 γε
2396 1363 2614 1416 πάκτων
2648 1362 2873 1439 πέφυκε,
2905 1361 2973 1414 τὰ
3009 1361 3101 1433 μέν
3132 1357 3182 1430 ἐξ
3212 1357 3528 1417 κόντινέντι.

2070 1453 2210 1509 Ὅσα
2237 1455 2353 1514 τοῖς
2375 1446 2794 1524 συναλλάγμασι
2829 1447 3103 1525 σόγχρονά
3138 1468 3253 1510 πως
3283 1446 3568 1524 τυγχάνει.

2071 1543 2152 1598 Τὰ
2192 1538 2248 1595 δέ
2280 1561 2436 1618 φασιν
2464 1540 2514 1593 οἱ
2545 1539 2771 1593 παλαιοῖ
2805 1537 2854 1608 ἐξ
2891 1532 3232 1611 ἷντερϐἀλλω
3265 1537 3453 1610 νόμοι,

2072 1631 2225 1685 Ἤτοι
2263 1628 2678 1704 μεταγενέστερα
2707 1629 2813 1682 τῶν
2851 1627 2974 1704 πρὶν
3012 1624 3506 1701 συναλλαγμάτων.

2071 1723 2251 1777 Ταῦτα
2284 1719 2754 1792 κατονομάζουσιν
2786 1718 2986 1773 ἰκτῖνοι
3019 1714 3180 1772 νοῦδα
3203 1715 3377 1771 πάχτα

1998 1850 2044 1914 Β
2075 1812 2334 1868 Τουοέστι
2368 1808 2628 1887 σύμφωνα
2667 1807 2822 1882 ψιλὰ,
2860 1809 3082 1884 ἅγωγήν
3119 1808 3195 1881 μὴ
3229 1811 3516 1862 ποιοῦντα.

2085 1902 2147 1914 ...
2240 1900 2249 1914 .
2542 1898 2555 1914 ε
2686 1899 2697 1914 .
2866 1898 2878 1914 ,
2933 1897 2954 1914 κ
3052 1897 3064 1913 ε
3257 1898 3271 1914 ι
3460 1895 3470 1912 ο

2080 1902 2154 1955 Οὐ
2187 1900 2288 1975 γάρ
2319 1921 2401 1961 τις
2433 1898 2565 1972 μετᾶ
2594 1899 2822 1974 χρόνιον
2855 1897 3103 1973 ὀχληρὸν
3137 1898 3370 1966 ποιήσας
3401 1895 3635 1964 πάκτον,

2079 1991 2349 2053 Ἐντεῦθεν
2371 1986 2474 2060 ἕξει
2507 1988 2726 2063 ἀγωγὴν
2759 1989 2857 2057 τὴν
2886 1987 3007 2061 περὶ
3038 1991 3133 2041 τοῦ
3161 1987 3482 2064 συμιξώνου.

2081 2079 2143 2137 Εἰ
2177 2077 2233 2134 δέ
2272 2101 2352 2142 τις
2373 2081 2766 2153 περιστατικῶς
2800 2075 3148 2152 ἆντεναγάγοι
3177 2075 3379 2148 τούτῳ,

2079 2169 2355 2224 Ἐντεῦθεν
2387 2172 2797 2242 παραγράφεται
2821 2164 2911 2220 τὸν
2942 2164 3396 2240 ἀντεναγαγόντα.

2083 2259 2266 2334 Σάκρα
2295 2257 2386 2330 μὲν
2421 2255 2762 2328 κανονόμαζε
2791 2254 2952 2318 ναοὺς
2981 2254 3108 2316 τοὺς
3139 2251 3466 2328 δημοσίους,

2079 2347 2214 2411 Τοὺς
2242 2344 2465 2424 τάφους,
2498 2344 2805 2422 ρελεγίοσα,
2837 2344 2965 2408 τοὺς
2995 2339 3320 2417 σεϐασμίους
3348 2342 3533 2401 κάλει.

2080 2436 2178 2492 Καὶ
2228 2430 2523 2504 πούϐλικα,
2558 2431 2820 2506 δημόσια,
2851 2436 3106 2510 χρήσεως
3138 2440 3237 2504 τῆς
3265 2432 3569 2508 παγκοίνου
3602 2434 3731 2507 (Η),

2081 2530 2192 2594 Σὴν
2222 2521 2508 2596 θάλασσαν,
2541 2521 2668 2585 τοὺς
2719 2522 3002 2596 ποταμοὺς
3052 2521 3280 2596 ὅρμους,
3329 2521 3420 2576 καὶ
3469 2520 3604 2584 τοὺς
3647 2520 3734 2575 λι-

3379 2610 3596 2685 [μίνας.

2080 2705 2160 2762 Τὰ
2191 2701 2248 2758 δέ
2276 2724 2336 2779 γε
2367 2701 2771 2778 πουπουλάρια,
2799 2698 3073 2775 δημοτικᾶ
3096 2704 3379 2778 τυγχάνει,

2081 2796 2160 2852 Τὰ
2191 2793 2403 2868 θέατρα,
2433 2793 2522 2846 καὶ
2557 2789 2766 2859 στάδια,
2798 2790 2888 2846 καὶ
2925 2788 3294 2867 βουλευτήριά
3322 2811 3404 2848 τι.

2082 2887 2260 2939 Κινῶν
2293 2879 2350 2936 δὲ
2377 2877 2514 2942 ἅπας
2547 2877 2826 2950 δυνειστὴς
2852 2881 2951 2950 τήν
2992 2879 3389 2955 ὑποθηκαρῖαν.

2082 2970 2214 3027 Κατ’
2243 2967 2436 3044 ἀνδρὸς
2469 2967 2746 3041 έξωτικοῦ,
2780 2969 2840 3023 τὸ
2871 2974 3099 3044 πρᾶγμα
3127 2967 3450 3042 νεμομένου,

2083 3062 2430 3137 Παραγραφῷ
2463 3058 2556 3131 μὶν
2591 3057 2821 3134 εἷ’ργεται
2851 3063 2959 3113 τῶν
3002 3058 3318 3131 ὡρισμένων
3351 3058 3601 3134 χρόνων,

3316 3147 3478 3204 νει-ι.
3512 3145 3668 3202 1040.

325 3387 434 3453 Qui
463 3403 597 3444 vero
638 3383 909 3458 probavit
937 3383 1050 3440 sibi
1103 3383 1176 3438 ab
1225 3382 1626 3438 inﬁciantibus
1657 3397 1784 3438 esse
1815 3379 1976 3438 debi-
2008 3383 2051 3450 C
2089 3380 2330 3454 quidem
2390 3380 2803 3438 conventiones
2850 3385 3155 3453 vocantur,
3187 3381 3288 3437 sed
3335 3381 3397 3437 in
3447 3380 3743 3452 propriam

324 3481 475 3546 tum,
519 3474 819 3532 sufﬁciens
870 3472 1109 3546 triginta
1169 3489 1456 3528 annorum
1516 3476 1752 3543 tempus
1809 3471 1979 3543 cepit.

325 3565 428 3622 Sin
478 3571 674 3620 autem
721 3563 966 3618 testium
1018 3562 1330 3633 praesentia
1381 3559 1756 3627 destituatur,
1795 3565 1985 3632 potest

319 3653 746 3725 jusjurandum
807 3651 1032 3706 deferre
1091 3649 1374 3715 debitori,
1436 3648 1537 3719 qui
1595 3650 1644 3703 si
1693 3649 1986 3719 juraverit

328 3741 579 3798 creditor
621 3741 816 3794 debito
848 3738 1056 3795 cecidit
1087 3753 1099 3791 :
1135 3740 1184 3792 si
1215 3754 1351 3792 vero
1403 3753 1535 3791 reus
1577 3737 1983 3806 juramentum

329 3831 564 3894 referat,
596 3831 652 3882 et
681 3828 934 3883 creditor
976 3825 1286 3896 juraverit,
1321 3825 1628 3896 pecuniam
1661 3825 1834 3895 capit.
1868 3825 1984 3880 Ob-

333 3933 521 3983 serva,
554 3914 808 3984 domine,
844 3913 1156 3985 pulchrum
1207 3913 1347 3984 quid
1381 3918 1437 3966 et
1467 3917 1858 3983 opportunum
1905 3912 1986 3968 rei

334 4007 408 4061 de
459 4021 575 4076 qua
622 4003 971 4074 disputatur,
1021 4003 1176 4073 quod
1228 4002 1362 4057 licet
1413 4001 1707 4057 transilire
1750 4003 1820 4056 ab
1872 4019 1990 4057 una

334 4093 688 4166 allegatione
737 4093 804 4147 ad
857 4092 1300 4163 aliam,absque
1353 4090 1469 4146 ulla
1515 4091 1985 4162 reprehensione.

334 4182 672 4252 Conventio,
709 4199 740 4238 o
773 4183 1031 4250 domine,
1067 4182 1126 4237 in
1175 4182 1290 4237 tria
1336 4180 1637 4248 dividitur,
1691 4199 1826 4236 nam
1877 4181 1991 4238 alia

334 4273 570 4346 publica
601 4276 708 4339 est,
740 4272 855 4328 alia
887 4273 1113 4344 privata
1142 4288 1153 4325 :
1191 4271 1478 4343 privatam
1512 4287 1721 4326 rursus
1752 4271 1809 4326 in
1841 4272 1991 4326 duas

334 4371 529 4436 partes
577 4363 870 4429 dividunt,
907 4363 965 4417 in
1017 4361 1369 4434 legitimam,
1419 4361 1562 4432 imp.
1599 4366 1656 4417 et
1699 4361 1991 4433 jurisgen-

333 4452 508 4508 tium.
568 4452 735 4507 Nunc
793 4468 926 4507 vero
999 4457 1254 4523 quatuor
1312 4467 1381 4506 ne
1441 4451 1662 4521 ponito,
1722 4451 1823 4507 sed
1882 4450 1994 4505 tria

334 4544 567 4596 tantum
597 4541 793 4608 dicito,
828 4557 963 4596 nam
997 4539 1259 4612 legitima
1289 4539 1410 4605 illa,
1446 4543 1502 4594 et
1542 4539 1990 4611 jurisgentium,

336 4645 572 4685 omnem
613 4629 900 4701 privatam
952 4627 1282 4699 generalem
1331 4633 1847 4698 consumpserunt.
1880 4628 1994 4698 Igi-

336 4724 436 4774 tur
478 4717 923 4774 conventionem
975 4718 1032 4771 in
1079 4716 1182 4772 illa
1237 4716 1344 4771 tria
1373 4716 1641 4783 dividito,
1673 4715 1990 4786 publicam,

338 4807 688 4880 legitimam,
730 4811 788 4861 et
836 4805 1282 4875 jurisgentium.
1337 4809 1404 4859 Et
1461 4805 1699 4876 publica
1755 4805 1991 4876 quidem

339 4902 448 4965 est,
485 4913 594 4965 pax
637 4894 869 4965 publica
902 4911 914 4949 :
948 4894 1228 4965 legitima,
1264 4910 1389 4964 quae
1421 4895 1657 4964 propria
1699 4893 1822 4962 lege
1852 4911 1993 4948 con-

340 4986 554 5042 stituta
589 5001 602 5038 :
638 5000 766 5055 quas
801 4999 934 5038 vero
969 4999 1156 5054 neque
1188 4983 1452 5053 legitima
1483 4999 1672 5054 neque
1701 5000 1769 5038 ex
1801 4983 1995 5054 publi-

339 5077 426 5132 cis
481 5079 603 5134 est.
658 5073 1081 5143 jurisgentium
1136 5077 1226 5127 est
1281 5073 1588 5128 conventio
1649 5073 1707 5127 in
1765 5089 1994 5144 genere.

342 5165 554 5221 Earum
605 5163 820 5218 iterum
871 5161 1344 5227 conventionum,
1379 5178 1411 5217 o
1453 5162 1708 5228 domine,
1741 5160 1866 5215 aliis
1913 5161 1996 5230 gi-

343 5259 533 5325 gnunt
581 5252 890 5318 actionem,
925 5249 1050 5304 aliis
1102 5249 1522 5320 exceptionem,
1570 5250 1671 5305 sed
1723 5265 1996 5320 quaecun-

345 5357 457 5412 que
490 5339 775 5395 actionem
800 5338 1013 5395 similis
1046 5339 1306 5394 nominis
1337 5339 1608 5410 gignunt,
1641 5339 1771 5394 dico
1803 5346 1998 5393 autem

343 5445 477 5485 cum
527 5429 927 5483 contractibus
977 5445 1008 5484 e
1055 5429 1273 5499 quibus
1322 5427 1611 5495 derivant,
1650 5426 2001 5499 generaliter

417 5676 533 5749 (14)
561 5671 641 5730 Τὰ
669 5666 844 5742 πάνδη
857 5690 947 5747 μα.

2091 3475 2427 3526 contractus
2471 3470 3010 3526 denominationem
3059 3471 3346 3538 incidunt,
3369 3469 3745 3535 venditionis,

2091 3559 2417 3625 locationis,
2450 3560 2749 3614 societatis
2785 3576 2797 3615 :
2831 3561 2878 3615 si
2912 3576 3048 3614 vero
3087 3559 3146 3614 in
3200 3559 3508 3630 proprium
3539 3573 3749 3614 nomen

2093 3667 2208 3705 non
2242 3649 2472 3715 cadant,
2507 3651 2564 3703 et
2594 3648 2845 3704 maxime
2878 3649 2927 3704 si
2966 3651 3282 3720 praecessit,
3305 3648 3392 3704 vel
3425 3649 3500 3704 do
3534 3655 3598 3704 ut
3629 3649 3753 3716 des,

2092 3738 2182 3793 vel
2233 3738 2378 3792 facio
2411 3742 2475 3792 ut
2506 3739 2630 3803 des,
2661 3737 2747 3792 vel
2777 3738 2850 3792 do
2883 3743 2947 3794 ut
2979 3739 3181 3806 facias,
3213 3739 3301 3794 vel
3354 3738 3504 3792 facio
3559 3743 3624 3792 ut
3671 3738 3754 3791 fa-

2096 3827 2236 3890 cias,
2265 3827 2420 3897 quod
2475 3827 2844 3898 quadruplex
2892 3832 3000 3892 est,
3033 3844 3238 3883 rursus
3289 3827 3559 3899 gignitur
3607 3826 3753 3882 actio

2097 3915 2454 3988 praescriptis
2485 3916 2675 3970 verbis
2708 3931 2722 3969 :
2757 3915 2858 3971 illa
2897 3917 3054 3971 enim
3089 3917 3394 3972 conventio
3442 3933 3559 3971 non
3595 3917 3754 3971 inve-

2097 4008 2265 4062 niens
2295 4007 2579 4061 actionem
2615 4007 2789 4061 alicui
2822 4007 3150 4062 contractui
3183 4007 3628 4079 homonymum,
3659 4022 3754 4079 ge—

2099 4095 2283 4151 nerali
2313 4100 2650 4151 contractus
2692 4096 2929 4151 nomine
2959 4099 3220 4163 vocatur,
3252 4100 3310 4150 et
3339 4098 3438 4150 dat
3467 4097 3754 4152 actionem

2098 4184 2440 4257 prescriptis
2496 4184 2721 4250 verbis,
2773 4201 2902 4255 quae
2961 4186 3018 4239 in
3078 4185 3586 4240 demonstratione
3635 4201 3756 4240 rem

2099 4280 2355 4335 enarrat.
2387 4279 2442 4328 et
2481 4275 2551 4328 ab
2582 4273 2906 4329 intentione
2938 4275 3158 4329 incerta
3189 4275 3554 4341 nominatur,
3589 4276 3761 4344 cujus

2101 4363 2238 4418 ﬁnis
2303 4362 2360 4417 in
2420 4363 2908 4417 condemnatione
2967 4363 3204 4418 desinit.
3265 4363 3580 4418 Pastorum
3652 4363 3763 4419 alia

2103 4458 2242 4508 sunt
2272 4468 2340 4507 ex
2370 4451 2710 4521 continenii,
2737 4469 2862 4522 qum
2897 4469 3013 4507 una
3043 4468 3176 4507 cum
3200 4453 3601 4509 contractibus
3634 4469 3763 4508 nas-

2104 4545 2349 4608 cuntur;
2386 4541 2499 4595 alia
2530 4557 2657 4612 quae
2704 4542 2960 4612 antiquas
3010 4541 3167 4612 leges
3216 4558 3284 4596 cx
3332 4541 3649 4598 intervallo
3680 4542 3764 4596 di-

2105 4638 2267 4696 cunt,
2300 4631 2420 4684 sive
2463 4630 2780 4700 posteriora
2829 4630 3126 4701 prioribus
3156 4631 3562 4686 contractibus
3602 4649 3614 4686 :
3650 4632 3763 4685 hec

2107 4720 2263 4775 nuda
2327 4724 2496 4789 pacta
2553 4718 2664 4774 illas
2713 4726 2920 4774 vocant
2945 4719 3025 4790 (id
3058 4724 3147 4773 est
3204 4734 3534 4774 consensus
3597 4719 3760 4786 meri)

2102 4826 2229 4881 quae
2275 4808 2566 4864 actionem
2623 4825 2739 4863 non
2790 4808 3059 4879 gignunt.
3095 4807 3219 4863 Non
3271 4807 3423 4863 enim
3471 4810 3580 4878 qui
3640 4811 3762 4880 post

2103 4903 2336 4969 tempus
2369 4904 2576 4968 pactus
2607 4897 2800 4966 luerit,
2834 4897 2988 4954 illico
3019 4914 3086 4953 ex
3120 4901 3286 4968 pacto
3327 4897 3631 4953 actionem
3661 4898 3758 4953 ha-

2105 4987 2267 5042 bebit
2299 5004 2311 5040 :
2346 4987 2395 5040 si
2429 4987 2567 5056 quia
2598 5003 2729 5042 vero
2771 5002 2872 5058 per
2918 4986 3228 5041 circuitum
3281 4990 3338 5042 et
3368 4984 3503 5041 dolo
3553 4987 3760 5059 egerit,

2106 5075 2394 5146 excipitur
2447 5075 2643 5129 statim
2698 5075 2769 5129 de
2830 5080 2996 5146 pacto
3054 5075 3333 5130 adversus
3389 5091 3553 5130 eum.
3593 5077 3765 5132 Sac-rs

2104 5168 2314 5218 vocant
2360 5162 2579 5234 templa
2634 5162 2888 5232 publica,
2923 5161 3194 5233 sepulcra
3242 5163 3583 5220 veneranda
3637 5163 3765 5219 reli-

2107 5252 2273 5323 giosa
2311 5251 2535 5307 dicunt.
2577 5251 2812 5307 Publica
2856 5269 2983 5321 qua:
3019 5252 3282 5306 omnium
3331 5252 3389 5306 in
3442 5269 3557 5307 usu
3614 5257 3768 5318 sunt,

2111 5358 2289 5408 mare,
2325 5341 2590 5406 ilumina,
2644 5342 2824 5412 ripas,
2858 5347 2916 5396 et
2969 5341 3180 5396 littora.
3234 5339 3572 5412 Popularia,
3609 5343 3769 5399 thea-

2113 5429 2243 5499 tria,
2303 5430 2513 5498 stadia,
2575 5429 2850 5487 basilicae.
2913 5429 3117 5487 Omnis
3184 5431 3439 5488 creditor
3502 5447 3768 5490 movens.
