4054 6200
308 334 428 393 961

1661 335 2036 399 SYNOPSIS
2087 340 2377 402 LEGUM.

3607 342 3724 404 962

315 465 684 541 Προσωπικήν
763 462 809 518 δ’
888 463 1163 538 ἐναγωγήν
1241 457 1356 538 ἔχει
1426 463 1564 538 πρὸς
1636 465 1729 518 τὸν
1789 467 1966 540 χρεώ·
1999 473 2048 539 Α
2084 468 2178 523 Καὶ
2207 466 2434 548 ἀδελφοὶ
2467 468 2522 524 δὶ
2559 471 2863 548 μιμφονται
2897 471 3168 546 συγγόνων
3203 468 3506 544 διαθήκαις,

1751 556 1894 627 [σην.

311 645 376 702 Ὀ
417 639 619 714 ἄνηϐος
649 643 725 706 ιίς
756 639 1012 719 ἔγκλημα
1043 639 1279 717 ενργεται
1317 641 1636 718 μαρτυρίας.

315 734 462 789 Κατᾶ
491 733 737 794 πολλοὺς
771 730 828 786 δὲ
859 731 1072 809 λέγεται
1105 729 1384 794 ἀδιάθετος
1417 732 1673 808 τρόπους,

312 824 370 875 Ὀ
401 822 501 897 γὰρ
531 822 606 895 μή
641 818 978 894 διαθέμενος,
1016 819 1104 874 καὶ
1139 821 1166 874 6
1202 821 1276 893 μὴ
1311 821 1446 875 κατὰ
1474 821 1698 893 νόμους,

310 913 409 966 Καὶ
448 913 475 966 6
503 912 600 980 τήν
637 908 967 965 διατύπωσιν
1001 905 1146 985 ἔχων
1177 911 1646 985 σπαραττομένην,

306 1002 412 1055 Καὶ
437 998 559 1054 ὅταν
593 998 735 1054 ἐστὶν
770 995 989 1074 ἄκυρος,
1024 997 1113 1052 καὶ
1148 997 1325 1073 χωρὶς
1356 995 1737 1073 κληρονόμου,

309 1090 409 1143 Καὶ
447 1089 474 1142 6
509 1089 585 1162 μὴ
621 1086 938 1161 διαθέμενος
968 1092 1120 1142 ποιεῖ
1143 1083 1482 1142 κωδίκιλλόν
1514 1109 1655 1158 πως,

305 1178 412 1232 Καὶ
447 1178 552 1254 πρὸ
585 1175 972 1240 διατυπώσεως
1001 1173 1341 1231 κωδίκελλόν
1375 1198 1456 1238 τις
1489 1178 1705 1256 γράφει,

307 1266 665 1344 Ἀπόκληρος
697 1267 758 1322 ού
788 1265 1044 1344 γράφεται
1077 1265 1239 1343 φησὶν
1271 1265 1321 1321 ἰν
1350 1264 1699 1340 κωδικὲλλῳ,

302 1354 457 1414 Οὐδὲ
484 1356 825 1431 κληρονομία
847 1378 930 1418 τις
963 1353 1464 1434 φιδεικομισσαρία·

306 1444 452 1501 Οὖδὶ
483 1445 856 1520 κληρονομίαν
875 1467 956 1507 τις
988 1445 1040 1500 ἐν
1069 1442 1399 1517 κωδικὲλλῳ
1430 1445 1644 1524 γράφει,

308 1533 450 1600 Οῧθ’
480 1533 684 1611 αἵρεσις
715 1535 1059 1610 προστίθεται
1091 1531 1186 1588 κᾶν
1210 1533 1355 1597 ὅλως
1387 1533 1783 1611 κληρονόμοις.

305 1629 432 1679 Τῶν
465 1622 520 1679 δέ
549 1627 601 1700 γ’
631 1623 1019 1700 ἰπερωτήσεων
1051 1623 1255 1694 ταύτην
1288 1626 1386 1694 τὴν
1420 1628 1613 1700 γνῶσιν
1647 1621 1785 1700 ἔχει.

304 1714 382 1768 Ἥ
416 1714 508 1787 μὲν
544 1713 655 1768 ἐστι
683 1711 988 1783 δικαστική,
1020 1711 1200 1788 ὥσπερ
1233 1715 1266 1782 ἡ
1300 1711 1422 1788 περῖ
1449 1711 1638 1786 δόλου,

309 1804 383 1860 Ἦ
417 1800 473 1857 δέ
502 1801 612 1857 ἐστι
643 1808 739 1857 τοῦ
768 1801 1100 1878 πραίτωρος,
1133 1804 1166 1871 ἡ
1203 1799 1259 1856 δὲ
1293 1804 1459 1875 μικτὴ
1492 1804 1589 1872 τῆν
1624 1802 1802 1879 φύσιν,

308 1893 383 1949 Ἢ
415 1889 474 1946 δὲ
503 1891 561 1946 ἐκ
591 1892 939 1953 συναινέσεως
971 1897 1078 1946 τῶν
1111 1896 1288 1964 μερῶν
1321 1892 1608 1966 ἑκατέρων.

309 1981 612 2050 Αὐθιντική
647 1979 909 2057 ὀρφανικὴ
946 1978 1278 2043 διατύπωσις
1315 1980 1433 2054 μία,

311 2071 710 2146 Κληρονομίαι
744 2067 800 2124 δὲ
831 2067 1006 2124 διτταὶ
1036 2076 1142 2139 τῆς
1179 2071 1307 2142 μίας
1338 2067 1626 2141 διαθήκης.

311 2161 750 2236 Ἀκυρουμὲνης,
783 2157 1035 2226 δέσποτα,
1067 2156 1317 2234 δευτέρας
1351 2156 1636 2231 διαθήκης,

313 2250 421 2307 Καὶ
455 2256 556 2318 τῆς
585 2249 869 2324 προτέρας,
902 2245 971 2301 δι’
1001 2247 1130 2302 αὐτὸ
1161 2247 1387 2310 εἷ’κότως
1419 2248 1788 2324 ῥηγνυμένης,

311 2335 723 2398 Ἀδιατύπωτός
756 2336 894 2391 ἰστιν
939 2337 966 2390 6
998 2339 1230 2406 ποιήσας
1259 2338 1354 2399 τὰς
1389 2335 1505 2391 δύο·

313 2429 384 2481 Ὁ
410 2425 766 2502 κληρονόμος
797 2425 897 2500 γὰρ
930 2426 1156 2500 γραφεὶς
1200 2423 1419 2500 δευτέρᾳ
1450 2426 1703 2502 διαθήκῃ,

312 2515 540 2584 Ταύτην
578 2515 670 2587 μὶν
707 2515 1085 2590 ὑπερχόμενος
1120 2515 1315 2586 ἀκυροῖ
1345 2517 1670 2591 παραυτίκα,

315 2607 504 2660 Τοῦτο
525 2601 665 2658 ἐστιν
699 2599 969 2669 ἀκύρωσις
1002 2603 1226 2665 εἰκότως
1259 2601 1548 2674 διαθήκης·

313 2690 535 2748 Πολλοὶ
567 2692 656 2746 καὶ
689 2689 852 2746 ἄλλοι
885 2692 1080 2768 τρόποι
1119 2690 1177 2748 δὶ
1204 2699 1302 2762 τῆς
1333 2715 1392 2768 γε
1425 2697 1500 2766 μῆ
1534 2695 1894 2768 κυρουμὲνης.

313 2779 519 2837 Πολλά
548 2783 650 2858 γὰρ
676 2784 819 2847 πάθη
849 2782 1054 2859 πέφυκε
1082 2789 1184 2851 τῆς
1219 2779 1502 2853 διαθήκης,
1537 2782 1682 2854 ἅναξ.

306 2869 644 2944 Ἀκύρωσις,
683 2869 918 2939 ἀτέλεια,
952 2871 1124 2946 ῥῆξις,
1155 2872 1292 2945 πρὸς
1325 2869 1379 2926 δὲ
1409 2873 1497 2927 καὶ
1534 2874 1760 2947 μέμψις.

307 2961 382 3015 Ἠ
420 2960 629 3033 μέμψις
659 2957 716 3014 Si
740 2965 844 3015 τῶν
881 2965 1120 3037 φυσικῶν
1153 2965 1333 3032 μόνων
1362 2961 1612 3036 τυγχάνει
1643 2961 1876 3032 παίδων,

299 3049 547 3106 Ὀπόταν
580 3050 984 3122 ἀμνημόνευτοι
1018 3049 1270 3126 γίνωνται
1301 3056 1417 3113 τοῖς
1447 3051 1698 3126 πατράσι·

2079 559 2142 614 El
2168 559 2552 634 κληρονόμους
2581 559 2841 638 γράφουσι
2873 560 3045 630 πάντη
3078 563 3572 634 κατεγνωσμίνους·

2077 649 2147 702 Τὸ
2203 650 2322 723 τρὶς
2374 647 2431 704 δὲ
2492 649 2657 725 μὲρος
2716 652 2920 724 πέφυκε
2976 654 3072 706 τοῦ
3123 651 3359 720 παντὸς,
3419 651 3562 721 ἄναξ,
3624 649 3720 706 λό-

3379 760 3483 798 γου
3515 743 3650 798 (15).

3379 760 3483 792 «ου
3547 743 3606 794 15
3634 780 3650 798 .

2151 829 2338 884 Κοινὸν
2398 829 2500 904 γάρ
2561 827 2694 898 ἔστι,
2747 826 3005 902 δέσποτα,
3053 828 3143 883 καὶ
3174 741 3440 902 γυναικὲόν
3485 742 3573 882 afui
3610 743 3724 905 )ip-

3439 917 3650 994 [ῥένων,
3725 963 3728 967 ,

2076 1009 2146 1062 Τό
2175 1029 2256 1070 τις
2288 1007 2388 1084 γαρ
2420 1007 2606 1077 εἰπὼν,
2643 1005 2738 1062 δύο
2771 1009 2897 1082 γὲνη
2933 1008 3097 1082 λέγει,

2076 1095 2256 1166 Ἄλλη
2294 1096 2387 1169 μὲν
2418 1095 2524 1151 ἔστι
2558 1103 2654 1165 τῆς
2684 1097 2900 1173 ἀγωγῆς
2932 1099 2965 1165 ἠ
3000 1097 3175 1173 φύσης,

2077 1184 2262 1254 Ἀλλη
2299 1183 2354 1240 δὲ
2385 1184 2494 1240 ιστι
2522 1191 2621 1254 τῆς
2650 1191 3007 1262 παραγραφῆς
3041 1185 3228 1240 πάλινο

2079 1273 2181 1327 Κᾶν
2213 1272 2574 1347 ἐγκαλοῦντος
2595 1274 2655 1335 ὃς
2686 1275 3042 1350 παραγραφὴν
3077 1273 3214 1349 ἔχει,

2077 1363 2162 1416 Ἐν
2194 1367 2315 1424 ταῖς
2343 1359 2518 1424 δίκαις
2551 1360 2748 1440 εἴληφε
2776 1363 2922 1433 τάξιν
2945 1363 3033 1416 καὶ
3066 1363 3250 1420 τόπον.

2077 1451 2241 1506 Φύσει
2275 1457 2544 1527 χρεωστιῖ
2572 1458 2674 1514 πᾶς
2709 1447 2911 1519 ἄνηϐος
2941 1453 3001 1506 τὸ
3028 1452 3218 1528 χρέος,

2077 1543 2177 1598 Καὶ
2205 1547 2307 1603 πᾶς
2341 1539 2618 1612 δανειστὴς
2650 1546 2758 1595 τῶν
2792 1537 3006 1612 ἀνήϐων
3037 1541 3348 1617 τυγχάνων,

2077 1630 2242 1686 Φύσει
2276 1628 2556 1701 δανειστής
2587 1631 2745 1701 ἐστὶν,
2780 1630 2906 1707 οὐχὶ
2937 1632 3016 1702 τῷ
3046 1631 3218 1702 νόμῳ.

2075 1721 2154 1777 Τὸ
2183 1727 2282 1789 τῆς
2316 1718 2654 1792 κλοπιμαίας
2679 1716 2734 1774 δὲ
2767 1717 2971 1790 δούλης
2997 1717 3238 1791 παιδίον,

2001 1848 2045 1912 Β
2075 1809 2185 1864 Οὐκ
2215 1805 2354 1864 ἔστιν
2385 1809 2549 1874 αὐτῆς
2580 1808 2630 1862 ἓν
2657 1807 2840 1882 κλοπῇ
2870 1809 3061 1883 τεχθὶν
3093 1808 3278 1884 μέρος

2077 1899 2244 1967 Ποινὴ
2275 1899 2375 1974 γὰρ
2408 1899 2469 1952 οὐ
2501 1899 2730 1974 πέφυκεν
2759 1896 2924 1952 αὐτού
2951 1902 3044 1951 τοῦ
3071 1897 3254 1956 τόκου.

2074 1991 2127 2042 Ὀ
2160 1985 2485 2059 συμπλοκὴν
2516 1985 2658 2063 ἔχων
2694 1984 2750 2041 δὲ
2783 1988 2858 2058 μὴ
2890 1987 3072 2060 τομὴν
3098 1985 3289 2062 λόγος,

1984 2078 1986 2080 ’
2076 2079 2173 2133 Ἐκ
2201 2081 2296 2130 τοῦ
2327 2076 2748 2152 προενὲγκαντος
2780 2075 2856 2138 εἷς
2885 2081 3082 2150 γνῶσιν
3110 2075 3285 2130 πέσοι·

2076 2164 2143 2221 Εἴ
2173 2165 2276 2239 γάρ
2307 2186 2388 2227 τις
2422 2163 2608 2232 οἷ’κων,
2642 2163 2864 2239 χωρίων
2897 2185 2953 2218 τε
2986 2162 3271 2235 δεσπότης,

2079 2255 2332 2331 Γράφειιν
2363 2252 2525 2323 οὕτω,
2560 2252 2849 2328 ληγατεύω
2879 2258 2957 2324 τῷ
2989 2252 3158 2330 φίλῳ,

2076 2341 2277 2405 Ονκους
2311 2342 2528 2419 ἀγροὺς,
2558 2340 2789 2415 ἄδεσμον
2818 2342 2982 2396 εἰπὼν
3011 2344 3110 2410 τὴν
3140 2344 3354 2416 φράσιν,

2081 2429 2510 2504 Συμπλεκτικῶς
2541 2427 2793 2506 ἔγραψενο
2831 2431 2878 2484 εἴ
2908 2428 2954 2484 δ’
2982 2431 3122 2485 οὕτω
3152 2431 3363 2509 φράσει,

2077 2517 2278 2584 Οἶ¹κους
2309 2523 2496 2594 Πὶτρῳ
2528 2518 2727 2592 δίδωμι
2762 2519 2956 2594 ἀγροὺς
2986 2517 3188 2582 ἀδὲτως
3225 2553 3227 2556 ι

2081 2607 2282 2681 Παύλῳ
2315 2607 2361 2664 δ’
2382 2611 2409 2663 6
2442 2611 2642 2683 [Ittpoq
2673 2607 2906 2682 ἐκλογὴν
2942 2609 3246 2678 ποιησάτω,

2079 2697 2308 2766 Διεῖλεν,
2342 2698 2440 2752 οὐκ
2468 2692 2655 2768 ἔπλεξε
2678 2701 2757 2769 τῷ
2788 2695 3006 2751 Παύλου
3035 2695 3226 2771 λόγῳ.⁶

2079 2785 2368 2862 Πρόδηλόν
2404 2785 2513 2841 ἐστι
2545 2785 2808 2856 πλήθεσιν
2839 2784 3096 2856 ἐναντίον,

2078 2881 2169 2931 Δεῖ
2196 2877 2296 2950 γὰρ
2328 2876 2609 2950 παρόντων
2642 2880 2748 2928 τῶν
2778 2876 3025 2928 ἁπάντων
3064 2873 3378 2951 μαρτύρων,

2076 2967 2143 3021 ’Ἡ
2180 2963 2320 3036 λέξιν
2354 2965 2550 3034 εἰπεῖν,
2578 2963 2611 3032 ἢ
2644 2963 2838 3038 πρᾶξαί
2863 2984 2914 3018 τι
2948 2963 3252 3035 συντόμως.

2074 3054 2141 3109 Ἡ
2167 3059 2268 3122 τῆς
2292 3052 2516 3128 ἀγωγῆς
2545 3049 2742 3122 κλῆσις
2773 3049 3043 3127 εἴσπραξιν
3074 3051 3244 3130 φίρει,
3725 3097 3732 3102 .

3366 3146 3532 3200 Vere.
3566 3145 3729 3205 1097.

312 3412 528 3466 contra
558 3409 745 3464 virum
797 3409 1032 3464 tertium
1084 3414 1423 3465 extraneum
1477 3407 1573 3480 qui
1624 3424 1744 3463 rem
1778 3407 1968 3480 possi-
2001 3409 2044 3477 C
2083 3423 2115 3462 ο
2168 3423 2286 3478 rex,
2342 3405 2556 3461 irritati
2611 3404 2998 3476 imperfectio,
3056 3403 3272 3478 ruptio,
3322 3406 3531 3465 deinde
3587 3427 3734 3482 que-

315 3501 423 3555 dct
452 3498 952 3570 hypothrcariam,
985 3497 1360 3554 deﬁnitornm
1415 3499 1653 3568 quidem
1687 3513 1974 3552 annorum

313 3587 763 3659 praescriptione
812 3586 1160 3655 excluditur,
1214 3586 1575 3658 personalem
1624 3602 1755 3642 vero
1794 3586 1973 3642 actio-

314 3691 452 3730 nem
489 3675 666 3730 habet
697 3682 899 3731 contra
929 3676 1268 3730 debitorem.
1309 3675 1584 3746 Impubes
1636 3674 1693 3728 in
1728 3673 1973 3730 crimine

312 3763 722 3834 prohibetura
769 3765 1123 3820 testimonio.
1175 3764 1373 3820 Multis
1419 3764 1609 3818 modis
1655 3763 1972 3819 intestatus

312 3853 451 3922 quis
482 3853 719 3918 dicitur,
754 3854 852 3926 qui
907 3871 1094 3925 neque
1142 3859 1392 3908 testatus
1441 3857 1549 3920 est,
1604 3853 1701 3923 qui
1733 3869 1848 3907 non
1881 3869 1972 3908 se-

312 3941 577 3995 cundum
611 3941 899 4013 leges,qui
923 3947 1344 3998 testamentum
1369 3942 1545 3996 habet
1566 3941 1970 4006 dilaceratum,

311 4035 367 4083 et
400 4045 540 4085 cum
572 4037 662 4086 est
692 4031 947 4099 irritum,
985 4037 1040 4086 et
1071 4048 1200 4086 cum
1236 4030 1361 4086 sine
1392 4030 1753 4095 haerede.Qui
1787 4035 1972 4084 testa-

314 4127 411 4174 tus
445 4137 560 4175 non
592 4125 681 4174 est
712 4120 849 4175 facit
877 4119 1234 4186 codicillum,
1283 4124 1338 4174 et
1371 4125 1503 4175 ante
1553 4124 1968 4174 testamentum

312 4207 453 4278 quis
483 4209 689 4264 scribit
719 4209 1050 4264 codicillum
1079 4226 1091 4263 :
1143 4210 1408 4264 Exhaz-res
1447 4208 1504 4262 in
1554 4207 1820 4263 codicillo
1853 4224 1968 4262 non

307 4296 636 4368 scribitur,
699 4316 891 4370 neque
945 4299 1304 4355 hereditatis
1360 4295 1906 4354 ﬁdeicommissaria
1950 4313 1964 4352 :

308 4401 504 4456 neque
538 4387 594 4441 in
625 4387 899 4443 codicillo
930 4388 1327 4444 hereditatem
1361 4388 1493 4458 quis
1521 4385 1745 4455 scribit,
1778 4400 1967 4457 neque

304 4473 569 4529 conditio
602 4475 776 4530 etiam
812 4477 1101 4532 universis
1135 4477 1462 4532 heredibus
1503 4475 1794 4546 adjicitur.
1852 4474 1966 4530 Sti-

305 4561 684 4634 pulationum
719 4582 850 4620 vero
882 4566 1026 4620 hanc
1060 4565 1328 4620 notitiam
1366 4565 1534 4621 habe.
1571 4565 1844 4630 Quaedam
1879 4567 1968 4618 est

297 4649 635 4721 judicialis,
663 4658 727 4707 ut
749 4670 880 4725 quae
901 4655 973 4709 de
1003 4653 1172 4722 dolo;
1199 4655 1464 4725 quaedam
1487 4654 1790 4724 praetoria;
1814 4669 1964 4724 quaa-

302 4739 447 4792 dam
484 4745 694 4796 natura
717 4743 892 4796 mista
916 4760 929 4797 :
956 4743 1220 4813 quaadam
1249 4760 1317 4798 ex
1341 4742 1724 4798 conventione
1747 4741 1964 4796 utrius-
1992 4778 2038 4843 D

300 4842 417 4895 que
450 4827 657 4897 partis.
690 4829 1108 4884 Authenticum
1141 4835 1197 4886 et
1227 4830 1532 4902 pupillare,
1569 4847 1744 4884 unum
1778 4833 1960 4885 testa-

301 4920 598 4984 mentum,
629 4916 999 4974 htereditates
1031 4936 1162 4974 vero
1210 4921 1337 4974 dum
1375 4919 1552 4974 unius
1602 4917 1957 4974 testamenti.

298 5002 499 5071 lrrito,
534 5004 794 5076 domine,
827 5009 1082 5063 secundo
1115 5013 1483 5074 testamento,
1516 5012 1572 5063 et
1605 5007 1790 5078 primo
1824 5022 1959 5077 pro-

296 5095 433 5160 pter
466 5091 608 5147 illud
634 5092 768 5164 jure
802 5101 990 5167 rupto,
1040 5097 1354 5152 intestatus
1386 5100 1475 5152 est
1522 5097 1620 5167 qui
1653 5097 1769 5150 duo
1802 5093 1956 5149 fecit.

297 5179 499 5234 Haeres
557 5182 712 5236 enim
775 5185 1029 5255 scriptus
1084 5186 1340 5240 secundo
1393 5187 1781 5253 testamento,
1843 5200 1959 5238 non

298 5269 629 5326 succedens
666 5271 843 5339 illico,
879 5273 1022 5328 illud
1074 5273 1306 5329 irritum
1354 5274 1506 5330 facit.
1563 5273 1664 5328 Illa
1711 5279 1799 5328 est
1829 5272 1958 5326 irri-

297 5356 444 5412 tatio
477 5357 744 5431 legitima
790 5363 1150 5418 testamenti.
1201 5364 1312 5418 Sed
1365 5367 1420 5418 et
1469 5362 1566 5417 alii
1612 5367 1752 5417 sunt
1804 5359 1960 5416 modi

296 5443 529 5504 nullius
576 5451 941 5520 testamenti,
1001 5450 1185 5508 multa
1234 5453 1387 5510 enim
1435 5451 1577 5508 vitia
1621 5450 1960 5509 testamenti

371 5646 486 5724 (15)
516 5640 740 5722 Ἴαμϐοι
774 5647 826 5704 οἳ
857 5647 978 5723 ἑξῆς
1003 5649 1210 5727 στίχοι.

2085 3496 2224 3552 rela.
2259 3494 2503 3560 Querela
2534 3495 2770 3566 quidem
2815 3499 2903 3550 est
2933 3493 3122 3550 solum
3178 3495 3531 3552 naturalium
3582 3497 3730 3554 libe-

2083 3601 2299 3652 rerum,
2332 3601 2462 3638 cum
2515 3583 2791 3654 praeteriti
2841 3588 2981 3638 sunt
3011 3600 3043 3636 a
3087 3583 3448 3655 parentibus.
3500 3586 3730 3644 Fratres

2083 3673 2320 3744 quidem
2375 3679 2719 3744 quaeruntur
2777 3673 2848 3726 de
2899 3672 3478 3743 consanguineorum
3545 3680 3730 3733 testa-

2083 3762 2320 3829 mentis,
2368 3762 2414 3817 si
2467 3761 2728 3817 scribant
2784 3760 3042 3815 haeredes
3095 3760 3332 3816 omnino
3394 3763 3726 3821 damnatos.

2081 3853 2263 3922 Atque
2323 3850 2443 3905 hinc
2501 3859 2625 3921 est,
2685 3866 2716 3904 ο
2774 3865 2892 3918 rex,
2950 3849 3124 3904 tertia
3174 3867 3310 3921 pars
3366 3852 3546 3908 totius
3600 3870 3730 3909 ser-

2082 3955 2292 3995 [1101118.

2150 4032 2472 4083 Commune
2502 4032 2588 4082 est
2619 4026 2878 4081 hominis
2912 4044 3150 4097 nomen,
3201 4028 3454 4099 domine,
3492 4031 3728 4088 feminis

2079 4122 2136 4174 et
2166 4117 2450 4183 maribus,
2485 4116 2638 4188 quod
2687 4117 2782 4187 qui
2817 4117 2956 4170 dicit
3003 4118 3150 4171 duos
3206 4135 3378 4173 sexus
3411 4119 3568 4174 dicit.
3601 4121 3728 4178 Alia

2077 4211 2166 4262 est
2198 4206 2444 4260 actionis
2475 4209 2705 4273 natura,
2731 4205 2846 4259 alia
2867 4205 3080 4260 iterum
3109 4207 3726 4277 exceptionis,etiamli

2077 4294 2178 4366 qui
2209 4293 2606 4364 exceptionem
2655 4293 2846 4359 habet,
2902 4293 3116 4348 actoris
3171 4293 3228 4347 in
3273 4295 3496 4363 judicis
3527 4295 3721 4353 locum

2076 4387 2133 4438 et
2162 4383 2426 4439 ordinem
2458 4381 2669 4453 capiat.
2707 4381 2904 4436 Debito
2956 4386 3165 4436 natura
3207 4383 3500 4455 obligatur
3530 4385 3724 4443 omnis

2075 4471 2385 4543 impubes:
2437 4475 2494 4526 et
2542 4471 2732 4525 omnis
2785 4470 3156 4540 impuberum
3208 4472 3480 4538 creditor,
3513 4481 3724 4531 natura

2075 4578 2189 4616 non
2222 4559 2346 4632 lege
2377 4560 2633 4615 creditor
2661 4559 3014 4614 est.Ancilla
3044 4559 3444 4632 furtivae,quod
3478 4561 3534 4616 in
3570 4565 3722 4620 furto

2073 4656 2248 4706 natus
2306 4653 2414 4715 est,
2478 4648 2671 4704 infans
2730 4648 2919 4719 ipsius
2981 4665 3095 4702 non
3129 4661 3214 4705 est
3272 4667 3442 4720 pars:
3501 4651 3721 4708 sicuec

2073 4756 2264 4796 usura:
2307 4755 2494 4809 poena.
2551 4737 2744 4792 Oratio
2805 4755 2930 4809 quae
2974 4754 3162 4809 neque
3220 4741 3718 4813 conjunctionem,

2071 4844 2256 4898 neque
2288 4827 2630 4882 divisionem
2673 4826 2868 4896 habet,
2918 4843 2985 4881 ex
3034 4833 3229 4883 mente
3280 4832 3718 4900 pronuntiantis

2069 4916 2554 4989 signiﬁcationem
2609 4915 2862 4970 habeat:
2918 4917 2965 4971 ei
3017 4917 3149 4987 quis
3198 4919 3354 4973 enim
3407 4920 3716 4979 domorum

2068 5011 2125 5062 et
2180 5022 2463 5084 agrorum
2509 5005 2786 5060 dominus
2841 5006 2920 5059 ita
2976 5005 3295 5078 scripserit,
3345 5008 3471 5080 lego
3529 5012 3716 5069 amico

2070 5097 2276 5151 domos
2325 5113 2517 5166 agros,
2569 5096 2830 5166 phrasim
2881 5097 3236 5166 disjunctam
3288 5099 3508 5166 dicens,
3552 5118 3716 5157 com-

2070 5185 2291 5256 plexive
2322 5184 2553 5240 locutus
2603 5192 2730 5240 est:
2778 5185 2827 5240 si
2875 5202 3007 5240 vero
3064 5187 3140 5241 ita
3183 5187 3457 5256 loquatur
3487 5189 3712 5246 solute:

2067 5273 2282 5328 Domos
2314 5273 2386 5327 do
2420 5276 2608 5339 Petro,
2664 5289 2834 5344 agros
2882 5272 3080 5341 Paulo,
3131 5277 3336 5327 Petrus
3370 5273 3715 5333 electionem

2068 5361 2278 5430 facito;
2314 5361 2535 5430 divisit,
2567 5379 2681 5417 non
2716 5362 3020 5432 conjunxit
3049 5361 3210 5417 Pauli
3241 5379 3528 5419 sermone.
3553 5365 3715 5428 Quod

2067 5449 2262 5524 palam
2289 5454 2380 5508 est
2410 5451 2468 5507 in
2521 5455 2836 5525 conspectu
2888 5449 3280 5512 multitudinis
3323 5457 3433 5524 est,
3488 5458 3718 5528 oportet
