3976 6212
341 325 457 388 963

337 460 404 517 Ὀ
432 458 536 534 γὰρ
566 453 890 530 πιπράσκων
921 450 1019 519 τὴν
1051 447 1275 523 ἀγωγὴν
1308 446 1368 514 ἦν
1400 439 1539 518 ἔχει,

337 553 414 623 Τῇ
446 553 549 617 τῆς
581 544 798 620 ἀγωγῆς
831 541 881 595 ἒν
912 536 1199 615 πρατηρίῳ
1230 535 1439 612 φράσει,

336 642 497 693 Δοκεῖ
523 633 843 711 πιπράσκειν
877 631 975 697 τὴν
1007 626 1300 695 ἀπαίτησιν
1322 623 1488 697 τάχα.

332 728 401 781 Τὸ
433 732 532 796 τῆς
562 722 716 793 δίκης
748 718 923 791 ὄνομα
951 714 1155 780 κυρίως
1187 712 1363 789 γένος.

336 813 514 886 Δηλοῖ
543 836 600 868 τε
629 817 800 867 πᾶσαν
828 809 925 876 τήν
960 806 1173 880 ἀγωγὴν
1206 803 1429 877 κυρίως.

333 884 546 963 ’Όνπλον
573 923 655 963 τις
689 899 852 955 εἰπὼν
886 895 974 951 καὶ
1009 893 1195 954 λίθους
1228 884 1665 966 προσλαμϐάνει.

332 992 647 1061 Ἐλευθερία
675 992 744 1054 τῆ
777 985 921 1042 δόσει
948 985 1113 1040 ταυτὸ
1147 980 1321 1060 φύσει,

330 1084 393 1141 Ei
425 1083 526 1159 γάρ
556 1102 636 1142 τις
667 1078 808 1133 ε’ίποι
845 1074 1132 1150 μαρτύρων
1168 1068 1460 1146 παρουσίᾳ,

242 1220 245 1221 ν
329 1158 649 1245 Ἐλεόθερός
686 1190 780 1241 μοι
810 1168 836 1219 ὁ
865 1164 1152 1241 χρεώστης
1181 1165 1278 1215 τοῦ
1316 1158 1544 1235 χρέους,

327 1261 557 1336 Ε’Ἱρηκεν
588 1260 660 1320 ὡς
692 1254 885 1333 ε’ίληφε
916 1256 1098 1330 σαφῶς
1132 1251 1191 1304 τὸ
1225 1249 1416 1324 χρέος.

326 1334 502 1408 ’Ἀπαν
540 1349 673 1422 μέγα
706 1346 945 1422 ῥάθυμον
978 1337 1233 1417 τυγχάνει
1268 1334 1453 1398 δόλος.

325 1439 571 1497 Βάλανον
607 1436 770 1491 εἶπὼν
802 1425 1183 1503 παντᾶκαρπὸν
1222 1449 1314 1500 μοι
1351 1425 1549 1500 λέγεις,

324 1530 423 1583 Καὶ
459 1529 631 1582 πάντα
664 1523 856 1599 δένδρα
885 1529 983 1591 τῆς
1010 1518 1168 1594 δρυὸς
1200 1515 1460 1590 μνησθεῖς
1497 1514 1689 1587 μόνης.

326 1618 448 1671 Υἱόν
483 1637 564 1677 τις
596 1613 761 1669 εῗπὼν
795 1611 883 1666 καὶ
914 1611 1003 1664 τὸν
1038 1604 1256 1682 ἔγγονον
1293 1605 1440 1679 λέγει

325 1706 429 1763 Καὶ
462 1704 629 1783 φύντα
668 1704 883 1776 φάσκων
913 1700 1003 1753 τόν
1035 1718 1095 1751 τε
1121 1694 1341 1750 πάππον
1378 1694 1603 1768 εἰσάγει.

319 1796 579 1851 Ἀπεστιν
609 1788 974 1865 αἰχμάλωτος
1010 1784 1270 1858 οὐδαμῶς
1315 1783 1525 1858 χρόνῳ,

322 1886 549 1959 Λῃστῶν
586 1879 631 1935 δ’
663 1880 713 1935 ἐν
749 1879 938 1953 χερσὶν
976 1876 1241 1950 ἐγκρατὴς
1273 1870 1632 1945 δεδειγμένος.

324 1975 452 2030 Κατ’
485 1970 860 2046 αἷχμαλώτων
896 1963 1074 2027 οὐδεὶς
1102 1963 1202 2040 γὰρ
1237 1962 1436 2038 χρόνος
1467 1960 1648 2035 τρέχει

323 2060 534 2120 Τ“-δ’
599 2060 626 2098 τ
749 2058 1035 2115 )ηιορτ
1185 2054 1301 2108 κάν
1420 2052 1469 2093 έέ

376 2085 454 2122 οι,
566 2084 629 2116 α»)
656 2081 718 2135 γε
770 2079 947 2134 .ῃσ..ε)
988 2078 1119 2110 τησιν
1154 2075 1239 2109 εικ
1287 2074 1381 2115 ,ως
1416 2073 1542 2127 ρυει.

321 2157 437 2207 Τῶν
466 2151 773 2227 χρημάτων
808 2151 842 2216 ἡ
874 2145 1073 2214 κλῆσις
1104 2145 1177 2207 ὡς
1208 2141 1392 2219 γένους
1421 2140 1616 2211 τόπος,

320 2240 426 2297 Καὶ
457 2245 567 2294 τῶν
605 2241 833 2308 κινητῶν
866 2239 971 2289 τῶν
1003 2254 1061 2288 τε
1097 2233 1189 2305 μὶν
1225 2232 1515 2301 ἀκινήτων,

318 2335 435 2385 Τῶν
467 2332 790 2402 σωματικῶν
822 2329 926 2379 τῶν
957 2345 1014 2377 τε
1051 2324 1143 2395 μὲν
1179 2322 1509 2395 ἀσωμάτων,

318 2422 476 2494 ’Έχει
512 2416 693 2473 δίκαια
722 2416 800 2487 τῷ
835 2417 1126 2484 συνεκτικῷ
1154 2412 1326 2487 λόγῳ.

324 2508 528 2569 Φίλους
562 2506 792 2581 λέγομεν
825 2503 952 2579 οὐχὶ
976 2501 1101 2564 τοὺς
1139 2500 1509 2577 ἐγνωσμένους

320 2599 407 2654 Ἐν
438 2602 533 2652 τοῦ
558 2596 843 2671 τυχόντος,
878 2591 1023 2647 άλλά
1050 2590 1175 2653 τοὺς
1208 2587 1578 2661 κεκτημένους

321 2692 519 2763 Σαφεῖς
547 2684 816 2761 προφάσει
849 2680 1206 2755 εὐπροσώπου
1238 2676 1445 2756 φιλίας.

317 2777 392 2830 Τά
424 2772 595 2847 δεσμά
625 2776 819 2828 κοινῶν
854 2770 963 2825 ἐστι
994 2773 1192 2823 κοινῶν
1227 2766 1407 2837 ἰδίων,

315 2867 379 2921 Ἠ
414 2862 460 2919 δ’
489 2864 553 2917 αὖ
585 2860 800 2937 φυλακή
835 2858 1073 2933 δημοσία
1103 2857 1193 2912 καὶ
1232 2859 1395 2931 μόνη.

320 2953 565 3015 Ἀποκαο
577 2956 719 3022 ιστᾷν
750 2948 862 3004 ἔστι
891 2946 1292 3024 κυριοτρόπως,

321 3038 780 3102 ’Δποκατάστασίς
810 3060 893 3101 τις
926 3030 1313 3113 ἀκριϐεστάτη,

1686 303 2102 367 MICHAELIS
2149 304 2413 365 PSELLI
3636 302 3749 362 964

2016 440 2069 508 Α
2101 435 2294 513 Τόχης
2326 436 2561 509 ἀπάσης,
2594 436 2771 501 αἰτίας
2808 458 2867 493 τε
2897 437 3186 509 σωμάτων.

2100 529 2209 585 Τοῦ
2239 529 2411 602 νόμου
2447 530 2540 601 μὲν
2574 530 2607 598 ἡ
2643 529 2836 604 ἄγνοια
2865 528 3195 603 συγγνώμης
3229 525 3290 580 οὐ
3324 519 3593 596 λαμϐάνει

2097 618 2205 673 Τοῦ
2289 616 2504 673 Φάκτου
2594 619 3013 695 συγγινώσκεται
3091 621 3211 677 τοῖς
3286 613 3485 688 νόμοις
3540 637 3742 690 προση-

3428 704 3674 775 [κόντως.

2097 795 2422 870 Παράνομος
2456 798 2753 877 ἀντιγραφή
2788 796 3048 874 ἐρῥώσθω
3080 792 3368 873 βασιλέως,

2095 884 2439 956 Ἐπεξουσίας
2467 890 2705 963 νέμουσα
2739 886 2921 965 ἄφεσιν
2947 885 3233 963 τιμωρίας.

2093 979 2200 1043 Τῆς
2232 972 2527 1049 ἀκριϐείας,
2561 974 2816 1047 δέσποτα,
2850 978 2911 1031 τὸ
2943 973 3149 1031 δίκαιον
3182 975 3447 1053 προτίμα.

2092 1064 2305 1139 Ἕγκλη
2320 1088 2393 1139 μα
2422 1067 2777 1143 περατοόσθω
2809 1088 2891 1121 σοι
2926 1065 3074 1128 ἐντὸς
3105 1072 3205 1135 τῆς
3238 1063 3457 1127 διετίας.

2091 1157 2148 1210 Ὀ
2180 1159 2504 1234 προσφυγὼν
2537 1164 2652 1222 τοῖς
2689 1156 2937 1220 δυνατοῖς
2966 1158 3043 1220 είς
3077 1154 3234 1229 δίκης
3266 1158 3613 1231 προστασίαν,

2092 1247 2275 1316 Πάσης
2310 1245 2578 1316 ἐκπίπτει,
2614 1245 2867 1317 δέσποτα,
2896 1250 2995 1316 τῆς
3028 1244 3185 1317 δίκης
3211 1248 3347 1301 κατά
3374 1246 3572 1318 νόμον.

2088 1336 2146 1391 Ὁ
2177 1333 2672 1410 καταδικαζόμενος
2698 1337 2845 1399 ἐντὸς
2874 1340 2974 1402 τῆς
3007 1338 3373 1410 τετραμήνου,

2089 1423 2378 1499 Ε’ίσπραξιν
2410 1425 2514 1501 οὔχ
2546 1425 2825 1504 ὑφίσταται
2857 1430 2964 1480 τῶν
2991 1425 3096 1480 ἀπὸ
3129 1422 3442 1496 καταδίκης.

2086 1511 2236 1575 Ε’ίτις
2263 1512 2478 1588 ψευδέσι
2514 1514 2742 1591 μάρτυσι
2765 1517 3051 1591 κρατήσειε
3078 1518 3177 1584 τῆς
3209 1512 3386 1585 δίκης,

2084 1602 2181 1658 Kal
2215 1602 2435 1659 γόλασιν
2472 1605 2517 1658 ὧν
2550 1604 2563 1645 ί
2860 1604 2873 1623 “
2909 1603 2973 1660 λ”
3133 1608 3159 1620 “’
3331 1605 3385 1657 Θί
3505 1628 3516 1642 κ

2171 1648 2182 1656 .
2236 1649 2248 1658 .
2510 1626 2754 1681 φ.σταται
2787 1625 2876 1659 και
2955 1626 3061 1658 λσιν
3096 1626 3201 1658 των
3236 1624 3323 1678 κρι
3366 1626 3555 1661 ιντωι.

2083 1693 2160 1749 Τὸ
2188 1693 2321 1748 κατᾶ
2352 1689 2518 1767 φόϐον
2554 1695 2780 1769 γεγονὸς
2815 1693 2914 1749 οὐκ
2945 1691 3082 1749 ἔστιν
3119 1693 3455 1769 ἐρῥωμένον.

2005 1816 2050 1880 Β
2079 1783 2252 1843 "Amic
2281 1783 2307 1836 ὁ
2342 1782 2667 1857 βιασάμενος
2703 1783 2974 1839 εὐθύνεται
3003 1783 3093 1838 καὶ
3129 1780 3298 1856 δόλῳ,

2080 1872 2141 1925 Ἡ
2174 1872 2295 1947 περῖ
2331 1869 2497 1926 δόλου
2530 1869 2739 1927 δίδοται
2776 1873 2948 1935 αἰτίας
2982 1872 3033 1943 ἐξ
3066 1869 3324 1947 εὐλόγου,

2082 1958 2295 2029 Ἀλλης
2327 1961 2573 2032 ἀπούσης
2606 1961 2853 2037 ἀγωγῆς,
2888 1961 3090 2037 ἐσχάτη
3114 1962 3213 2037 γὰρ
3246 1960 3526 2039 τυγχάνει.

2079 2051 2291 2105 ’Ήττων
2326 2046 2637 2121 ἀϐοήθητος
2670 2049 2758 2105 ἐπὶ
2791 2055 2898 2105 τῶν
2935 2049 3316 2126 ἐγκλημάτων.

2085 2138 2389 2216 Σόμφωνον
2422 2139 2557 2193 κατά
2587 2136 2793 2214 δωρεὰν
2828 2137 3011 2210 δήλων
3048 2138 3158 2194 ἐστέ
3191 2142 3550 2216 πραγμάτων.

2081 2230 2198 2281 Τῶν
2230 2222 2558 2305 ἀμφιϐόλων
2594 2225 2650 2283 δέ
2681 2228 2822 2282 ἔστιν
2852 2231 2888 2297 ἡ
2921 2226 3171 2292 διάλυσις
3191 2226 3369 2295 λύσις,

2083 2316 2203 2373 Ἐπὶ
2237 2322 2352 2379 τοῖς
2383 2316 2477 2370 σὺν
2510 2317 2772 2392 αἱρέσεσιν
2806 2320 2841 2387 ἡ
2876 2315 3123 2379 διάλυσις
3160 2317 3369 2390 μόνοις.

2082 2406 2200 2459 Ἐπὶ
2236 2405 2329 2477 μὲν
2363 2410 2468 2460 τῶν
2504 2403 2573 2460 δι’
2606 2404 2837 2479 α’ίματος
2869 2405 3109 2483 ἐχόντων
3140 2407 3431 2483 τιμωρίαν,

2078 2494 2283 2564 Ἔξεστι
2319 2492 2634 2549 διαλύεσθαι
2667 2492 2854 2566 ἔξωθεν
2887 2504 2988 2566 τῆς
3021 2497 3297 2571 μοιχείας·

2075 2584 2196 2639 Ἐπὶ
2227 2588 2332 2638 τῶν
2367 2582 2707 2657 ἀναιμάκτων
2736 2582 2793 2639 δὲ
2824 2585 3003 2660 χωρὶς
3034 2582 3506 2663 πλαστογραφίας,

2078 2672 2186 2727 Οὐκ
2217 2668 2382 2743 ἔξεστι
2417 2670 2666 2728 διάλυσιν
2697 2674 2825 2736 τοὺς
2853 2672 3162 2737 ἀντιδίκους
3194 2676 3438 2751 γράφειν·

2075 2761 2413 2837 Ὁμολογίας
2447 2760 2492 2817 δ’
2524 2760 2760 2832 ἄνευθεν,
2792 2764 2828 2833 ἢ
2854 2760 3055 2826 δόσεως
3087 2766 3442 2839 πραγμάτων,

2079 2850 2336 2914 Διάλυσις
2370 2852 2472 2907 οὐκ
2502 2851 2659 2907 sicut};
2689 2847 3006 2927 προϐαίνειν
3038 2854 3172 2908 κατά
3202 2853 3426 2925 νόμους·

2075 2940 2180 2996 Καὶ
2212 2940 2542 3016 πρόσκαιρος
2574 2941 2666 2997 καὶ
2698 2942 2929 2997 πάντοτε
2949 2937 3231 3018 προϐαίνει
3259 2942 3541 3001 κοινωνία.

2075 3025 2333 3104 Προϐἆσα
2363 3028 2419 3085 δὲ
2450 3028 2729 3107 διαίρεσις,
2768 3028 3023 3092 δέσποτα.
3050 3032 3186 3087 κατὰ
3214 3028 3402 3101 δόλον,

3363 3122 3537 3180 Vers.
3576 3124 3727 3181 1156.

322 3330 519 3371 coram
550 3311 827 3369 omnibus
859 3309 1107 3366 testibus
1136 3305 1224 3363 vel
1254 3304 1396 3377 quid
1428 3302 1564 3370 dici,
1591 3300 1679 3356 vel
1720 3299 1971 3355 breviter
2000 3298 2043 3368 C
2081 3303 2284 3354 contra
2337 3299 2496 3372 leges
2544 3300 2805 3356 elicitum
2854 3301 3075 3369 valeat,
3136 3300 3184 3358 si
3242 3318 3430 3374 paena
3487 3302 3736 3358 incursae

320 3388 467 3461 ﬁeri.
503 3401 757 3459 Actionis
786 3416 923 3457 voce
953 3395 1281 3470 persecutio
1313 3393 1664 3459 continetur,
1685 3388 1785 3460 qui
1807 3387 1963 3443 enim
2075 3388 2320 3459 gratiam
2378 3388 2568 3443 faciat.
2628 3389 2881 3445 Justitiae
2940 3391 3088 3446 ratio
3150 3391 3335 3462 potior
3394 3390 3473 3446 sit
3534 3392 3734 3446 stricto

316 3493 516 3550 vendit
544 3492 833 3549 actionem
857 3505 1033 3561 quam
1058 3486 1254 3553 habet,
1280 3484 1391 3538 hoc
1424 3480 1672 3538 actionis
1705 3477 1886 3533 nomii

2165 3502 2223 3551 'e,
2259 3502 2289 3540 ο
2322 3485 2575 3541 domine.
2610 3486 2799 3542 Causa
2840 3487 3161 3544 criminalis
3214 3488 3367 3542 intra
3428 3488 3735 3544 biennium

315 3583 422 3638 fori
458 3577 1251 3651 locutione,persecutionem
1288 3571 1442 3627 illico
1474 3569 1687 3627 vendit.
1707 3566 1965 3623 Actionis
2076 3573 2335 3628 ﬁniatur.
2396 3574 2752 3647 Confugiens
2812 3578 2880 3630 ad
2944 3576 3301 3649 potentiores
3345 3582 3590 3648 propter
3619 3576 3740 3631 litis

314 3688 527 3727 nomen
560 3668 787 3741 proprie
827 3683 1007 3736 genus
1053 3668 1160 3733 est,
1212 3678 1345 3717 nam
1393 3676 1625 3714 omnem
1676 3657 1964 3712 actionem
2076 3663 2491 3735 patrocinium,
2552 3665 2711 3731 omni
2771 3682 2970 3732 causa,
3030 3683 3061 3721 ο
3093 3666 3347 3731 domine,
3406 3667 3740 3723 secundum

316 3758 548 3832 proprie
580 3757 891 3829 significat.
927 3758 1103 3808 Arma
1145 3753 1372 3813 dicens,
1405 3753 1461 3802 et
1492 3746 1717 3818 lapides
1751 3743 1965 3799 ἱοιϐῙῙί·
2075 3750 2231 3822 leges
2264 3753 2452 3806 cadat.
2485 3752 2921 3809 Condemnatus
2944 3755 3099 3809 intra
3129 3754 3566 3825 quadrimestre
3596 3762 3746 3810 tem-

314 3849 419 3920 git,
478 3845 769 3902 Liberatio
830 3844 1091 3898 eamdem
1146 3846 1419 3894 naturam
1478 3852 1609 3891 cum
1672 3833 1965 3889 solutione
2076 3858 2184 3912 pus
2219 3859 2329 3895 non
2384 3841 2698 3912 subjicitur
2744 3843 3032 3898 exactioni
3079 3861 3272 3899 rerum
3326 3859 3454 3914 qua
3506 3844 3567 3898 in
3600 3861 3739 3900 con-

312 3936 529 3991 habet:
568 3951 701 3989 nam
734 3934 781 3989 si
832 3934 967 4003 quis
1012 3945 1208 3985 coram
1257 3926 1510 3982 testibus
1554 3923 1787 3989 dixerit,
1819 3921 1882 3976 lii

2169 3931 2450 3985 nnatione
2499 3936 2658 3986 sunt.
2695 3932 2753 3987 Si
2805 3931 2938 4003 quis
2989 3931 3152 3988 falsis
3208 3934 3461 3987 testibus
3493 3949 3739 3990 causam

310 4025 387 4082 sit
414 4024 643 4081 debitor
673 4042 703 4079 a
735 4022 953 4089 debito,
986 4018 1197 4075 dixerit
1229 4017 1469 4089 perinde
1516 4031 1582 4070 ac
1615 4014 1663 4069 si
1697 4011 1959 4067 debitum
2076 4018 2418 4083 obtinuerit,
2471 4025 2528 4075 et
2575 4020 2965 4091 punitioncm,
3019 4026 3075 4077 et
3126 4021 3206 4076 rei
3261 4022 3543 4093 judicate
3577 4023 3741 4079 εοιυ-

310 4120 463 4171 recte
492 4113 833 4185 accepisset.
889 4109 1094 4166 Omnis
1146 4123 1359 4179 magna
1409 4103 1766 4177 negligentia
1796 4100 1965 4156 dolus
2072 4107 2293 4163 tionem
2326 4108 2806 4175 sustineat.Quod
2841 4116 3001 4165 metu
3033 4110 3251 4165 factum
3282 4115 3389 4177 est,
3412 4112 3600 4166 robur
3620 4130 3738 4169 non

312 4208 420 4260 est.
483 4203 769 4259 Glandem
830 4202 1049 4263 dicens,
1086 4213 1319 4253 omnem
1379 4195 1634 4250 fructum
1692 4190 1858 4257 dicis,

2178 4196 2316 4252 inet.
2366 4196 2712 4269 Quicunque
2763 4199 2878 4254 vim
2931 4198 3152 4263 intulit,
3204 4198 3505 4271 obligatur
3559 4202 3741 4258 dolo:

310 4310 515 4350 omnes
548 4293 806 4361 arbores,
839 4305 1093 4361 quercus
1111 4284 1470 4342 mentlonem
1505 4278 1965 4337 faciens.Filium
2075 4303 2142 4341 ex
2174 4286 2508 4341 rationabni
2532 4303 2710 4343 causa
2732 4288 2907 4343 datur
2927 4289 3078 4344 actio
3102 4290 3174 4343 de
3194 4288 3483 4357 (1010,85,,
3506 4291 3748 4349 actio“

310 4384 531 4451 dicens,
564 4386 622 4437 et
652 4386 922 4453 nepotem
946 4377 1118 4444 dicit;
1145 4381 1200 4431 et
1233 4379 1531 4446 parentem
1566 4370 1763 4426 dicens
1791 4384 1963 4425 avum
2075 4374 2401 4430 deﬁciente.
2438 4376 2649 4431 Minori
2703 4376 2759 4430 in
2811 4377 3162 4432 criminibus
3195 4394 3309 4433 non
3342 4380 3743 4435 succurritur.

309 4471 559 4527 inducit.
620 4468 793 4527 Nullo
853 4473 1116 4539 tempore
1173 4465 1360 4529 abest,
1410 4461 1510 4533 qui
1564 4460 1635 4516 ab
1692 4458 1963 4513 hostibus
2073 4462 2316 4519 Pactum
2362 4468 2451 4519 est
2497 4465 2567 4520 de
2598 4465 2774 4520 rebus
2825 4465 3020 4529 certis,
3056 4471 3114 4521 et
3168 4465 3499 4522 manifestis
3552 4470 3743 4525 dona-

308 4566 517 4631 captus
546 4564 656 4625 est,
692 4559 790 4614 sed
825 4558 924 4629 qui
967 4557 1025 4610 in
1075 4555 1371 4609 latronum
1423 4549 1698 4607 manibus
1734 4548 1964 4602 Vinctus
2074 4553 2251 4607 tionis
2283 4569 2497 4609 causa:
2550 4556 2869 4610 transactio
2917 4559 3006 4610 est
3056 4571 3249 4611 rerum
3282 4555 3656 4614 incertarum
3688 4564 3744 4614 et

309 4654 420 4704 est.
453 4647 666 4703 Contra
716 4645 975 4716 captivos
1029 4642 1256 4698 nullum
1307 4649 1536 4710 tempus
1588 4636 1791 4732 currit,
1823 4651 1963 4689 con-
1996 4669 2041 4732 Β
2073 4640 2388 4695 dubiarum
2442 4642 2795 4699 dissolutio:
2857 4646 3173 4699 transactio
3229 4648 3317 4699 est
3362 4650 3607 4702 tantum
3672 4648 3742 4704 de

307 4741 401 4792 tra
430 4753 528 4792 eos
578 4735 679 4807 qui
712 4751 743 4790 a
788 4732 1117 4788 latronibus
1166 4729 1316 4799 capti
1368 4732 1508 4783 sunt
1555 4724 1965 4781 convenienter
1996 4724 2035 4732 ”
2075 4731 2291 4800 quibus
2322 4731 2474 4786 inter
2499 4733 2908 4788 convenientes
2940 4732 3182 4803 placuit,
3229 4738 3311 4789 De
3345 4733 3436 4788 bis
3466 4737 3744 4791 crimini-

310 4827 461 4881 ﬂuit.
497 4824 761 4879 Pecuniae
796 4838 1007 4878 nomen
1039 4818 1308 4891 generale
1340 4823 1450 4883 est,
1484 4832 1616 4870 nam
1653 4812 1961 4869 mobilium
2073 4818 2208 4883 bus,
2241 4818 2458 4889 quibus
2491 4837 2652 4891 poena
2684 4822 2991 4893 sanguinis
3023 4822 3337 4893 irrogatur,
3368 4821 3511 4879 licet
3544 4830 3740 4881 trans-

312 4919 368 4969 et
427 4913 853 4981 immobilium,
929 4908 1317 4980 corporalium
1378 4912 1433 4961 et
1507 4902 1960 4974 incorporalium
2073 4907 2251 4978 igere,
2285 4914 2521 4980 excepto
2567 4909 2895 4966 adulterio:
2931 4912 3001 4966 de
3035 4911 3124 4966 his
3174 4927 3303 4967 vero
3336 4928 3464 4983 quae
3499 4930 3740 4982 pcenam

309 5006 442 5076 lum
472 5002 902 5075 είὲοίῧοᾶίίοοθ
933 5017 1041 5055 sua
1089 4995 1552 5068 COmPl‘ehendiL
1602 4992 1832 5047 Amicos
1864 5009 1961 5046 νο·
2073 4996 2337 5051 criminis
2371 5014 2482 5052 non
2519 4998 2815 5069 ingerunt,
2851 5016 2964 5054 non
2997 4999 3152 5066 licet,
3185 5007 3423 5071 excepto
3460 5002 3599 5057 falsi
3634 5004 3748 5058 cri-

310 5110 514 5148 camus
549 5110 663 5148 non
696 5108 835 5146 casu
884 5088 1169 5160 cognitos,
1202 5085 1301 5141 sed
1357 5089 1544 5139 certos
1576 5088 1632 5137 et
1687 5080 1963 5153 speciosa
2074 5085 2250 5155 mine,
2286 5087 2552 5156 partibus
2603 5088 3056 5144 transactionem
3107 5088 3396 5144 scribere:
3430 5090 3563 5145 sine
3596 5108 3740 5147 con-

310 5182 583 5238 amicitiaa
609 5180 914 5238 occasione
963 5191 1287 5249 possessus.
1337 5171 1584 5227 Vincula
1628 5169 1965 5226 communia
2076 5173 2351 5240 fessione,
2381 5174 2467 5230 vel
2519 5176 2753 5232 datione
2804 5193 3022 5243 rerum,
3068 5194 3182 5233 non
3233 5177 3538 5232 consuevit
3564 5180 3743 5250 juxta

310 5276 449 5326 sunt
477 5276 531 5326 et
563 5270 809 5342 privata,
842 5264 1111 5323 custodia
1140 5280 1272 5319 vero
1302 5264 1535 5317 tantum
1567 5258 1819 5332 publica.
1855 5258 1962 5312 Re-
2073 5261 2231 5333 leges
2262 5265 2572 5334 procedere
2628 5267 2970 5324 transactio.
3025 5267 3094 5321 Et
3141 5267 3213 5322 ad
3271 5270 3537 5339 tempus,
3572 5275 3633 5324 et
3680 5269 3741 5325 in

310 5359 551 5415 stituere
584 5359 814 5431 proprio
846 5356 1041 5427 mede,
1075 5358 1166 5411 est
1213 5350 1586 5409 exactissima
1625 5347 1819 5404 omnis
1854 5346 1964 5401 uti-
2073 5358 2422 5423 perpetuum
2473 5354 2722 5411 societas
2767 5355 3049 5426 procedit.
3104 5354 3339 5424 Divisio,
3390 5372 3423 5410 ο
3468 5356 3745 5427 domine,

309 5447 512 5517 litatis,
547 5464 737 5504 causas
768 5451 825 5502 et
871 5460 1182 5518 corporum
1232 5440 1547 5499 restitutio.
1580 5437 1743 5493 Juris
1791 5436 1963 5507 igno-
2078 5455 2204 5510 quae
2235 5439 2367 5497 dolo
2396 5441 2549 5497 facta
2578 5447 2668 5499 est
2696 5448 2857 5499 extra
2888 5443 3207 5515 judicium,
3256 5444 3488 5517 legibus
3522 5445 3748 5503 ίῃιοιε-

311 5537 503 5597 rantia
530 5536 759 5594 veniam
810 5551 926 5592 non
975 5534 1190 5591 habet:
1250 5530 1382 5587 facti
1440 5545 1571 5585 vero
1620 5524 1961 5599 ignorantiae
2076 5527 2280 5585 rabilis
2314 5533 2423 5586 est.
2483 5529 2638 5588 Licet
2679 5548 2771 5588 res
2832 5532 3099 5605 deposita
3154 5536 3424 5606 tempore
3471 5534 3747 5593 deterior

310 5640 568 5703 congrue
596 5623 755 5700 leges
798 5622 1134 5699 ignoscunt.
1167 5619 1537 5691 Rescriptum
1586 5612 1963 5689 imperatoris
2075 5616 2230 5675 facta
2258 5617 2355 5691 sit,
2389 5623 2657 5678 movetur
2681 5621 2835 5679 actio
2862 5620 3390 5695 depositi.-Iucerta
3418 5621 3745 5697 stipulatio
