3976 6212
158 498 284 557 Τοῖς
313 494 510 567 νόμοις
537 492 922 562 ἀνυποστατος,
961 488 1311 566 δικαστηρίου
1344 491 1496 569 δίχα.

162 584 268 638 Κᾶν
305 589 494 659 χεῖρον
527 583 588 637 τὸ
616 583 916 657 παραταθὶν
946 581 1166 656 γένηται
1200 577 1288 636 διὰ
1313 581 1544 658 χρόνου,

162 673 395 727 Κινείτω
423 693 505 734 τις
533 673 632 741 τὴν
666 672 892 747 ἀγωγὴν
926 672 1026 739 τήν
1059 673 1181 746 περί
1213 673 1558 744 παραθήκης.

161 762 405 839 Ἀφανής
449 763 788 838 ἑπερώτησις
821 760 1109 829 ἀπαίτησιν
1143 759 1242 815 οὐκ
1270 756 1406 835 ἔχει.

163 850 228 907 Εἰ
262 851 326 905 τὸ
358 849 677 924 τικτόμενόν
709 849 849 905 ἐστιν
883 847 934 924 ἐξ
967 846 1136 905 ἵππου
1167 851 1256 904 καί
1289 844 1583 924 φορϐάδος,

158 940 225 997 Ὀ
255 947 358 1010 τῆς
391 935 670 1020 φορϐάδος
701 941 889 1016 κύριος
920 943 1017 994 τοῦ
1046 940 1209 994 τόκου
1241 936 1564 1008 δεσποζέτω.

157 1031 224 1086 Εἰ
271 1031 525 1107 ἀγοράσω
559 1027 756 1107 ἔδαφος
786 1027 930 1104 καλῇ
961 1029 1026 1084 τὰ
1051 1034 1242 1104 πρῶτα
1270 1029 1468 1085 πίστει.

151 1121 296 1176 Εἶτα
335 1121 525 1190 μαθὼν
559 1115 856 1194 ἀλλότριον
891 1118 1247 1192 οἰκοδομήσω
1276 1123 1459 1187 τοῦτο,

156 1215 279 1265 Τῶν
317 1207 799 1283 οἰκοδομηθέντων
833 1209 927 1282 μὲν
958 1205 1197 1270 δαπάνας
1230 1207 1290 1262 οὐ
1323 1202 1610 1281 λαμϐάνω,

157 1300 248 1357 Ti
281 1297 329 1354 δ’
367 1298 653 1372 ἐκτισμένα
685 1295 917 1372 δύναμαι
950 1293 1248 1372 λαμϐάνειν
1281 1298 1556 1371 ἀζημίως.

158 1387 598 1464 Ἐκδικουμένου
637 1393 733 1444 τοῦ
765 1389 934 1465 ἀγροῦ
967 1389 994 1444 6
1025 1387 1220 1463 νομεὺς
1251 1388 1312 1444 05
1345 1383 1612 1462 λαμϐάνει

158 1481 276 1538 Τὸν
307 1479 514 1556 σπόρον
548 1480 608 1535 ’ὸν
640 1479 987 1554 κατέσπειρεν
1025 1477 1098 1540 εἰς
1128 1479 1217 1532 τὸν
1249 1477 1415 1554 ἀγρὸν
1446 1476 1666 1534 ἐκεῖνον.

155 1569 217 1622 Ὀ
253 1576 457 1644 χρῆσιν
491 1566 634 1646 ἔχων
664 1573 770 1622 τῶν
804 1572 1022 1643 καρπῶν
1058 1563 1249 1621 δίδωσι
1284 1566 1464 1621 καίτά
1488 1569 1622 1637 τέλη
1657 1586 1671 1600 ⁶

152 1665 216 1715 ‘U
252 1658 400 1734 ἔχων
429 1665 629 1734 χρῆσιν
673 1662 911 1731 νομικῶς
938 1656 1107 1733 τυχόν
1137 1678 1283 1712 τινος
1319 1656 1515 1728 οἰκίας,

157 1747 402 1810 Οἰκείοις
433 1747 760 1820 ἀναλώμασι
786 1747 987 1817 ταύτην
1035 1746 1425 1815 ἐπισκευάσθω,

157 1841 318 1893 ’Ἡτοι
350 1837 418 1892 τὰ
446 1838 855 1912 κατακεράμενα
885 1834 1087 1906 ταύτης
1121 1835 1556 1910 ἐπανοροοόσθω,

161 1926 227 1982 Εἴ
256 1923 314 1980 δέ
345 1948 398 1980 τι
429 1925 784 1981 κατανάλωσε
811 1925 1008 1980 τούτου
1030 1946 1082 1980 τι
1113 1926 1434 2002 περαιτέρω,

160 2015 411 2079 Εἰκότως
441 2014 785 2089 ἀπολήψεται
817 2019 978 2069 τοῦτο
1011 2015 1146 2086 πρὸς
1176 2019 1273 2068 τοῦ
1305 2011 1594 2070 δεσπότου.

161 2106 518 2180 ’Δπείργεται
553 2102 882 2173 δανείζεσθαι
912 2110 1012 2173 τῆς
1045 2108 1153 2157 τῶν
1191 2104 1544 2174 ὑπεξουσίων,

168 2194 400 2249 Μᾶλλον
426 2193 817 2266 ἀξιωματικὸς,
861 2193 1030 2266 μόνος
1065 2189 1110 2246 δ’
1142 2193 1170 2246 6
1209 2192 1546 2265 κεκτημένος

169 2281 480 2338 ΙΙεκο-ὂλιον
505 2279 822 2351 δανείζεται,
853 2282 943 2335 καὶ
973 2284 1134 2335 τοῦτο
1156 2282 1290 2335 κατά
1313 2281 1536 2354 νόμους.

1621 1433 1634 1459 ι

170 2372 504 2446 Ἑπίτροπος
534 2371 821 2448 ὀρφανικὸν
855 2369 951 2425 οὐκ
991 2369 1262 2440 ἐξωνεῖται
1294 2376 1534 2446 πρᾶγμα.

171 2463 270 2516 Διά
305 2461 502 2537 μικρόν
534 2483 582 2514 νι
614 2458 786 2514 αἴτιον
819 2466 1013 2534 πρᾶσιν
1048 2460 1149 2514 οὐκ
1177 2459 1510 2534 ἀνανρέψεις.

165 2553 228 2607 Ὀ
264 2556 419 2604 σῖτον
449 2549 801 2621 ὠνησάμενος
838 2548 1060 2612 κανόνος
1087 2545 1378 2621 δημοσίου,

171 2638 493 2718 Κεφαλικήν
529 2638 834 2715 ὑφίσταται,
869 2635 1120 2709 δέσποτα,
1151 2639 1442 2712 τιμωρίαν.

161 2730 216 2782 ’0
245 2729 466 2803 πράτης
505 2728 580 2799 μή
613 2723 943 2802 παραδιδοὺς
976 2728 1252 2801 ἀγοραστῇ
1284 2727 1345 2780 τὸ
1377 2733 1633 2802 πρᾶγμα,

155 2820 223 2872 Τὸ
257 2815 523 2892 διαφέρον
553 2813 742 2870 δίδωσι
774 2815 996 2878 εἰκότως
1021 2816 1160 2870 κατά
1189 2815 1416 2889 νόμους.

154 2908 239 2963 Ἐν
275 2911 358 2978 τῷ
393 2903 730 2980 δικαστηρίῳ
763 2901 828 2974 δὴ
854 2911 953 2974 τῆς
981 2911 1183 2976 νομῆς,
1227 2902 1468 2959 ’ὀέσποτά
1517 2928 1644 2979 μου,

157 2994 355 3059 Διδους
387 2996 418 3050 ὁ
448 2997 658 3070 πράτης
690 2995 752 3049 τὸ
783 2991 1011 3049 διπλοῦν
1046 2993 1145 3048 οὐκ
1174 2994 1477 3050 ἀπαιτιῖται
1509 2995 1694 3068 πλέον,

163 3325 580 3402 repetitionem
640 3339 755 3380 non
805 3322 1002 3379 habet.
1046 3321 1108 3378 Si
1157 3321 1296 3393 quid
1357 3326 1562 3379 natum
1611 3327 1703 3379 est
1759 3339 1828 3380 ex

160 3432 319 3488 equo
367 3420 430 3470 et
472 3430 641 3484 equa,
693 3411 968 3468 dominus
1020 3427 1183 3482 equm
1229 3410 1431 3466 fmtum
1485 3410 1715 3467 habeat.
1764 3412 1823 3468 Si

162 3508 357 3577 primo
393 3503 550 3558 bona
582 3502 692 3556 fide
715 3516 844 3557 emo
868 3499 1082 3568 solum,
1115 3499 1326 3555 deinde
1350 3499 1608 3555 alienum
1634 3499 1827 3556 sciens

160 3595 218 3649 in
251 3594 358 3650 illo
411 3591 654 3656 aediﬁco,
691 3595 967 3660 sumptus
1013 3589 1246 3642 aedificii
1289 3605 1402 3643 non
1455 3588 1692 3659 recipio,
1725 3589 1827 3644 sed

161 3684 479 3739 materiam
529 3679 654 3735 sine
706 3678 928 3749 injuria
975 3693 1183 3748 capere
1219 3693 1485 3748 possum.
1519 3677 1832 3733 Possessor

163 3775 284 3843 agri
317 3770 493 3827 evicti
550 3785 663 3824 non
715 3767 871 3838 capit
921 3767 1149 3821 fructus
1197 3782 1344 3836 quos
1396 3766 1455 3820 in
1508 3766 1606 3820 illo
1660 3766 1826 3822 sevit.

168 3860 618 3916 Usumfructum
667 3857 894 3912 habens
947 3860 1181 3926 praestat
1233 3854 1494 3910 l'usiones
1527 3856 1690 3912 ﬁsco.
1723 3855 1829 3920 Qui

163 3952 294 4020 jure
326 3950 509 4004 habet
537 3947 789 4018 alicujus
813 3947 1026 4000 domus
1050 3962 1250 4013 usum,
1284 3944 1538 4016 propriis
1578 3945 1830 4016 sumpti-

171 4043 279 4094 bus
309 4053 445 4094 eam
478 4035 719 4104 reﬁciat,
754 4035 874 4090 sive
917 4035 1146 4106 tegulas
1196 4033 1358 4089 illius
1409 4034 1702 4088 instauret
1733 4051 1744 4087 :
1781 4032 1830 4088 si

169 4145 304 4183 vero
335 4126 481 4198 quid
518 4125 672 4180 ultra
703 4129 981 4195 sumptus
1032 4122 1446 4194 insumpserit,
1492 4122 1835 4177 solemniter

170 4235 201 4271 ει
231 4215 474 4272 domino
497 4213 761 4285 recipiat.
801 4212 1150 4267 Prohibetur
1175 4211 1391 4268 Christi
1434 4210 1836 4266 ﬁliisfamilias

167 4306 342 4361 etiam
371 4304 423 4359 si
456 4303 517 4358 in
551 4302 838 4374 dignitate
869 4301 992 4356 sint
1025 4316 1038 4354 :
1072 4299 1152 4355 illi
1183 4300 1340 4355 enim
1375 4298 1566 4355 solum
1601 4299 1702 4370 qui
1733 4315 1832 4370 pe-

168 4394 396 4450 culium
433 4392 655 4448 habent
702 4390 962 4446 mutuari
1015 4395 1263 4462 possunt
1297 4390 1619 4444 secundum
1654 4388 1832 4460 leges.

167 4483 347 4538 Tutor
391 4496 516 4536 rem
546 4478 896 4551 pupillarem
940 4494 1132 4534 emere
1159 4495 1272 4533 non
1299 4482 1510 4548 potest.
1549 4482 1620 4532 Ex
1659 4493 1837 4549 parva

168 4587 343 4627 causa
365 4569 765 4626 venditionem
815 4585 884 4622 ne
921 4568 1246 4624 subvertas.
1281 4570 1664 4622 Frumentum
1698 4582 1834 4621 ven-

169 4661 317 4716 dens
346 4677 418 4715 ex
464 4675 690 4714 canone
721 4656 957 4728 publico
989 4656 1224 4727 capitali
1277 4673 1478 4726 pinnas,
1511 4672 1544 4710 ο
1575 4655 1833 4724 domine,

171 4749 515 4820 subjicitur.
550 4748 606 4801 Si
644 4747 910 4802 venditor
941 4763 1063 4800 rem
1113 4746 1362 4817 emptori
1413 4760 1526 4799 non
1579 4745 1833 4799 tradide-

170 4841 266 4907 rit,
319 4835 740 4893 convenienter
791 4835 1118 4890 secundum
1168 4832 1325 4904 leges
1376 4836 1632 4904 praestat,
1683 4832 1835 4902 quod

171 4926 462 4999 emptoris
491 4925 754 4980 interest.
793 4923 857 4979 In
883 4923 1114 4994 judicio
1166 4921 1584 4994 possessionis,
1613 4921 1692 4975 mi
1737 4921 1837 4976 do-

175 5017 353 5080 mine,
413 5013 688 5068 venditor
745 5013 994 5084 duplum
1057 5013 1312 5077 solvens,
1374 5009 1631 5082 amplius
1690 5008 1836 5064 nihil

174 5109 417 5175 praestat
449 5118 652 5157 earum
687 5118 882 5157 rerum
920 5100 1178 5169 nomine,
1213 5117 1340 5171 quas
1394 5099 1452 5153 in
1506 5098 1839 5153 venditione

171 5194 351 5249 scribi
388 5192 603 5247 solent.
637 5189 776 5245 Post
829 5194 1196 5244 contractum
1246 5189 1472 5242 fructus
1503 5187 1648 5254 nati,
1681 5202 1839 5242 com-

173 5291 386 5353 petunt
441 5279 684 5335 omnino
743 5277 992 5349 emptori
1065 5277 1210 5349 agri.

177 5460 478 5517 actionem
517 5457 800 5515 adversus
847 5457 1231 5514 venditorem.
1267 5455 1374 5524 Qui
1422 5470 1544 5512 rem
1586 5453 1839 5512 alienam

246 5649 371 5726 (16)
401 5641 750 5725 Ὑπόσχεσιν.

1511 361 1887 425 SYNOPSlS
1933 363 2222 425 LEGUM.

1289 5277 1534 5347 Emptor
1589 5275 1680 5330 cui
1740 5292 1843 5346 per

172 5370 523 5428 violentiam
585 5384 678 5424 res
733 5373 932 5440 empta
991 5367 1187 5423 ablata
1227 5370 1337 5437 est,
1391 5364 1613 5422 nullam
1666 5364 1843 5420 habet

3456 374 3575 435 966

1840 495 2201 570 ΑΗροφάσει
2259 499 2366 550 τῶν
2421 495 2472 568 ἐξ
2541 493 2694 561 ἔθους
2765 518 2882 560 πως
2955 503 3026 569 τῇ
3095 502 3290 577 πράσει
3347 523 3584 580 γεγραμ.

3215 590 3414 664 [μένων
3430 635 3442 650 .

1937 673 2000 726 Oi
2036 675 2170 747 μετά
2188 675 2251 729 τὸ
2283 672 2644 750 συνάλλαγμα
2671 675 2870 753 καρποὶ
2908 672 3363 753 βεϐλαστηκότες,

1934 767 2021 834 Τῷ
2046 764 2136 817 τὸν
2167 763 2327 838 ἀγρὸν
2347 765 2684 840 προσήκουσι
2717 770 2928 830 πάντως
2956 769 3274 844 ἡγορακότι.

1938 855 2050 909 T05
2083 853 2404 927 πράγματος
2437 850 2506 908 δι’
2532 851 2715 909 ἄδικον
2751 857 3191 921 ἀποσπασθέντας
3225 861 3473 934 γνώμην,

1939 942 2090 997 Κατά
2117 946 2213 996 τοῦ
2245 941 2451 1017 πράτου
2477 943 2698 1020 ἀγωγὴν
2730 943 3033 1021 ἀγοραστής
3066 947 3165 1002 οὐκ
3191 944 3306 1024 ἔχει
3338 967 3352 980 .

1938 1032 2002 1088 Εἰ
2037 1031 2093 1088 δέ
2113 1055 2196 1097 τις
2224 1034 2286 1088 τὸ
2317 1031 2610 1109 ἀλλότριον
2642 1036 2714 1097 ὡς
2749 1033 2905 1098 εἰδὼς
2936 1036 3221 1113 ἠγόρασεν,

1939 1119 2218 1180 Οὐδεποτε
2248 1120 2316 1177 δι’
2347 1120 2554 1194 εἶ’δησιν
2581 1124 2682 1178 τοῦ
2715 1126 3038 1200 πράγματος
3063 1124 3306 1183 δεσπόσει
3338 1147 3350 1162 ⁸

1937 1210 2009 1268 Εἰ
2036 1208 2091 1266 δέ
2119 1233 2200 1274 τις
2232 1211 2552 1282 ἐξωνὴσεται
2587 1211 2880 1288 ἀλλότριόν
2909 1236 2959 1269 τι
2991 1223 3212 1293 πρᾶγμα

1938 1300 2049 1356 Οὐκ
2081 1299 2240 1364 εἰδὼς
2269 1303 2343 1365 ὡς
2375 1301 2693 1376 ἀλλότριον,
2728 1302 2837 1358 ἐστὶ
2870 1305 2931 1358 τὸ
2962 1305 3362 1381 πεπραγμένον,

1938 1389 2107 1454 Αὐτὸς
2141 1392 2232 1464 μὲν
2265 1388 2352 1445 διὰ
2379 1393 2633 1467 χρήσεως
2657 1397 2753 1446 τοῦ
2784 1394 3101 1468 πράγματος
3136 1391 3404 1472 δεσπόσει,

1938 1481 1994 1533 Ὀ
2025 1480 2314 1554 πεπρακὼς
2344 1476 2390 1533 δ’
2422 1479 2668 1556 ἐνέχετπι
2703 1477 2923 1543 δικαίως
2951 1487 3030 1555 τῷ
3061 1480 3310 1559 δεσπότῃ.

1938 1570 2001 1627 Εἰ
2037 1566 2094 1624 δέ
2121 1591 2204 1634 τις
2234 1574 2455 1643 πρᾶγμα
2485 1568 2714 1643 λήψεται
2749 1569 2836 1625 ἐπι
2856 1592 2962 1625 τινι
2994 1570 3158 1644 αἰτίᾳ,

1941 1657 2246 1729 Πληρούτῶ
2276 1659 2372 1727 τήν
2411 1657 2658 1722 ὑπόθεσιν
2687 1661 2798 1733 (16)
2829 1657 2865 1730 ἤ
2894 1661 2955 1715 τὸ
2979 1660 3200 1738 πρᾶγμα
3230 1660 3448 1722 διδότω.

1938 1749 2000 1805 Ὁ
2029 1747 2108 1821 τῷ
2139 1746 2448 1824 ἐγκλήματι
2483 1747 2708 1823 ληφθεὶς
2739 1755 2818 1822 τῷ
2847 1748 2970 1823 περὶ
3004 1747 3232 1821 ἀδικίας,

1861 1869 1908 1932 Β
1939 1838 2015 1894 Οὐ
2047 1834 2265 1891 δύναταί
2295 1859 2346 1891 τι
2385 1832 2637 1911 βεϐαιοῦν
2667 1837 2842 1909 οἰκείᾳ
2876 1838 3165 1916 μαρτυρίᾳ.

1939 1928 1995 1980 Ὁ
2026 1925 2292 2002 ἀγοράσας
2327 1923 2559 1981 δείκνυσι
2590 1926 2680 1981 τὸν
2715 1923 2914 1982 δοῦλον
2943 1931 3267 2007 πεφευγότα,

1938 2015 2002 2073 Εἰ
2049 2015 2198 2092 λέγει
2248 2017 2384 2090 πρὸς
2432 2023 2531 2087 τῆς
2582 2017 2852 2090 πράσεως,
2902 2013 3046 2073 οὕτω
3100 2015 3291 2075 δοκοῦν
3340 2027 3454 2086 τοῖς
3498 2023 3584 2079 νό-

3325 2112 3475 2184 [μοις

1939 2192 2414 2270 Ἐπικράτεστερός
2449 2193 2590 2247 ἐστιν
2625 2195 2652 2248 6
2683 2200 2878 2264 κῆνσος
2902 2199 3012 2250 τῶν
3048 2198 3356 2274 μαρτύρων,

1937 2282 2051 2341 Οὔκ
2081 2282 2227 2339 ἔστιν
2258 2283 2566 2354 ἀξιόπιστος
2596 2288 2692 2338 τοῦ
2725 2285 2922 2359 χρέους
2957 2287 3240 2361 μαρτυρία,

1937 2373 2103 2447 Εἶ’περ
2134 2395 2214 2436 τις
2250 2373 2355 2428 ἀπὸ
2383 2376 2491 2428 τῶν
2528 2372 2690 2428 αὐτοῦ
2722 2371 2949 2428 δεικνύει
2983 2371 3357 2450 συμϐολαίων,

1936 2463 2386 2534 Τελευτησάντων
2423 2459 2479 2517 δέ
2505 2483 2640 2516 ποτε
2672 2461 2996 2536 συμπάντων
3029 2469 3133 2518 τῶν
3167 2466 3452 2544 μαρτύρων

1934 2555 2118 2610 Αὐτοῦ
2148 2573 2204 2607 τε
2230 2547 2601 2615 ταϐελλίωνος
2631 2573 2913 2627 σπγκρισις
2951 2547 3311 2629 προϐαινέτω.

1933 2645 2128 2718 Ὀρκος
2157 2640 2544 2716 ἐπιφερόμενος
2576 2635 2985 2715 ἀμφισϐήτησιν
3027 2644 3234 2716 τέμνει.

1932 2734 1994 2789 Ὁ
2037 2729 2269 2805 μηδενὸς
2303 2729 2594 2805 ἐπάγοντος
2625 2729 2792 2802 ἀμνὸς
2817 2729 2915 2785 οὐκ
2947 2729 3254 2808 ὠφελεῖται.

1932 2822 2169 2894 Ὀμόσας
2194 2817 2250 2874 δέ
2277 2840 2358 2882 τις
2387 2816 2530 2873 ’ίδιον
2562 2819 2624 2873 τὸ
2655 2839 2882 2894 πραγμα
2904 2819 3218 2896 πεφυκέναι,

1931 2909 2034 2966 Καὶ
2091 2907 2217 2972 τοὺς
2295 2908 2538 2983 καρποὺς
2610 2906 2972 2983 εἰσπράξεται,
3057 2909 3148 2964 καὶ
3225 2911 3391 2986 γονὴν
3465 2915 3574 2969 τῶν

3143 2998 3493 3073 θρεμμάτων.

3133 3089 3298 3146 Vers.
3347 3092 3505 3149 1211.

1857 3326 1900 3394 C
1941 3325 2134 3382 sciens
2158 3322 2566 3394 emit,propter
2584 3319 2892 3376 scientiam
2919 3320 3196 3379 dominus
3227 3324 3310 3381 rei
3341 3342 3456 3382 non
3486 3326 3581 3382 fit:

1941 3415 2192 3486 quivero
2213 3413 2358 3467 emit
2388 3427 2506 3466 rem
2545 3409 2800 3465 alienam
2833 3411 3102 3466 nesciens
3133 3414 3288 3483 quod
3322 3431 3415 3471 res
3444 3431 3587 3470 ven-

1937 3503 2060 3559 dita
2079 3502 2271 3558 aliena
2287 3500 2386 3567 sit,
2421 3517 2531 3554 usu
2561 3499 2642 3554 rei
2662 3499 2939 3554 dominus
2972 3501 3070 3564 sit,
3102 3503 3368 3558 venditor
3387 3508 3586 3560 autem

1937 3590 2178 3645 domino
2210 3587 2595 3659 obligatur.Si
2624 3586 2754 3657 quis
2785 3593 3024 3658 propter
3055 3604 3294 3644 causam
3327 3590 3588 3662 aliquam

1937 3695 2059 3734 rem
2092 3678 2304 3750 capiat,
2336 3675 2422 3731 vel
2475 3692 2711 3730 causam
2746 3674 3008 3746 impleat,
3059 3679 3146 3732 vel
3197 3695 3319 3734 rem
3359 3680 3590 3750 reddat,

1938 3768 2265 3824 Damnatus
2309 3765 2552 3821 crimine
2603 3765 3060 3835 repetundarum
3106 3784 3220 3822 non
3256 3773 3448 3839 potest
3477 3768 3589 3824 ali-

1939 3857 2081 3928 quid
2133 3857 2368 3928 proprio
2421 3851 2756 3908 testimonio
2806 3854 3058 3909 ﬁrmare.
3093 3856 3337 3927 Emptor
3385 3857 3593 3927 probat

1939 3946 2253 4017 fugitivum
2303 3959 2560 4006 servum,
2589 3942 2637 3995 si
2671 3941 2815 3996 dicit
2847 3944 3001 4013 quod
3029 3949 3161 3998 ante
3192 3946 3590 4003 venditionem

1939 4038 2065 4090 erat
2113 4033 2410 4102 fugitivus,
2444 4031 2527 4087 sic
2570 4030 2790 4102 placuit
2835 4031 3088 4103 legibus.
3125 4033 3350 4090 Census
3401 4037 3596 4106 potior

1938 4128 2030 4178 est
2055 4123 2328 4177 testibus.
2360 4120 2482 4176 Non
2516 4125 2606 4174 est
2638 4119 2750 4174 ﬁde
2781 4120 3026 4191 dignum
3059 4122 3130 4176 de
3184 4123 3383 4178 debito
3431 4125 3594 4180 testi-

1943 4211 2228 4278 monium,
2261 4210 2312 4265 si
2342 4209 2476 4280 quis
2507 4210 2562 4262 id
2597 4208 2804 4278 probet
2833 4209 2958 4265 suis
2990 4211 3422 4278 instrumentis,
3456 4229 3590 4269 cum

1941 4317 2146 4357 omnes
2178 4303 2356 4355 testes
2387 4298 2679 4360 obierunt,
2715 4298 2814 4350 sed
2851 4299 3160 4368 praevaleat
3188 4299 3376 4370 ipsius
3408 4300 3592 4356 tabel-

1941 4388 2115 4444 lionis
2163 4387 2544 4458 comparatio.
2575 4389 2998 4461 Jusjurandum
3052 4386 3310 4442 delatum
3361 4393 3594 4445 contro-

1941 4477 2191 4533 versiam
2247 4475 2483 4532 decidit.
2546 4479 2652 4542 Qui
2714 4477 2949 4533 nemine
3023 4475 3318 4532 deferente
3366 4478 3597 4548 juravit

1944 4565 2089 4621 nihil
2135 4566 2396 4636 profecit.
2429 4566 2536 4629 Qui
2563 4567 2787 4635 juravit
2818 4582 2940 4621 rem
2994 4581 3162 4620 suam
3195 4581 3348 4631 esse,
3381 4570 3596 4638 repetit

1943 4658 2194 4724 fructus,
2229 4661 2288 4711 et
2335 4656 2508 4711 fastus
2539 4673 2839 4727 pecorum.
2872 4655 2931 4710 Si
2981 4655 3116 4725 quis
3157 4655 3375 4724 juravit
3427 4673 3496 4711 ex
3527 4673 3596 4714 ea

1943 4745 2171 4801 actione
2200 4761 2326 4816 quae
2377 4745 2619 4815 duplum
2673 4745 2868 4814 exigit,
2901 4744 3047 4799 forte
3093 4760 3160 4799 ex
3213 4743 3593 4816 inticiatione,

1946 4851 2061 4890 non
2111 4833 2296 4904 dupli,
2330 4834 2430 4888 sed
2483 4833 2679 4905 simpli
2730 4833 2922 4889 solum
2975 4833 3442 4904 persecutionem
3489 4835 3593 4892 ha-

1945 4923 2042 4978 bet
2070 4939 2083 4977 :
2119 4927 2247 4993 post
2267 4922 2820 4992 juramentumvcro
2839 4938 3014 4992 agens
3044 4921 3344 4994 principali
3365 4924 3594 4980 actione

1947 5010 2193 5081 duplum
2246 5011 2445 5080 exigit,
2479 5009 2528 5064 si
2579 5010 2689 5065 sibi
2741 5011 3005 5065 debitum
3057 5027 3186 5066 esse
3239 5013 3591 5082 probaverit.

1946 5097 2162 5154 Nolens
2202 5099 2426 5169 jurare,
2477 5114 2666 5168 neque
2718 5101 2950 5164 referre,
3003 5103 3281 5169 tanquam
3332 5115 3398 5153 ex
3449 5117 3593 5155 con-

1947 5187 2200 5244 fessione
2257 5187 2703 5242 condemnatur.
2751 5187 2811 5243 Si
2858 5203 2990 5243 eum
3043 5188 3142 5256 qui
3187 5189 3588 5255 juramentum

1949 5274 2156 5331 detulit
2210 5274 2569 5346 pmnituerit,
2612 5281 2892 5347 tanquam
2950 5282 3074 5331 tute
3135 5276 3460 5332 instructus
3517 5277 3597 5333 sit

1951 5365 2081 5420 aliis
2113 5364 2543 5430 instrumentis,
2580 5364 2630 5420 si
2679 5365 2892 5421 deinde
2938 5368 3116 5436 ponat
3143 5365 3425 5435 Secundo,
3477 5382 3595 5422 non

1951 5455 2175 5512 deferat
2204 5453 2416 5512 iterum
2441 5454 2872 5526 juramentum,
2898 5470 2930 5510 ο
2956 5452 3214 5522 domine,
3244 5458 3420 5529 atque
3449 5454 3594 5515 illud

1863 4691 1910 4757 D
