3976 6212
126 5532 185 5555 ουν

118 5560 193 5597 F5.

118 5602 195 5621 γιιυ

170 5632 171 5635 ¹
222 5632 237 5645 4

117 5622 189 6088 is.
228 5662 245 5673 ‘—

200 5678 245 5711 1.
338 5690 340 5693 .

421 296 540 355 967

422 424 494 482 Εἴ
516 446 600 486 τις
633 421 684 495 ἐξ
715 421 929 499 ἀγωγῆς
958 442 1105 485 τινος
1138 418 1661 494 διπλασιαζομένης,

423 514 601 591 Τυχὸν
630 513 707 576 ὡς
736 512 788 584 ἒξ
819 512 1097 587 ἀρνήσεως
1123 511 1213 567 τὸν
1249 506 1408 588 ὅρκον
1443 508 1742 581 ἀποδώσει,

423 605 502 661 Ού
534 606 630 659 τοῦ
662 599 866 659 διπλοῦ
892 603 983 657 τὸν
1018 599 1313 677 εἷ’ςπραξιν,
1345 598 1472 655 ἀλλ’
1493 598 1701 655 ἀπλοῦν
1729 601 1900 674 μόνον
1930 594 2068 677 ἔχει.

425 692 578 750 Μετὰ
601 692 699 761 τὴν
733 686 892 767 ὅρκον
926 688 983 745 δὲ
1022 694 1184 744 κινῶν
1215 689 1313 757 τήν
1348 688 1709 762 ωρωτότυπον
1744 686 1922 761 δίκην,

420 784 673 839 Ἀπαιτεῖ
698 781 760 834 τὸ
788 776 1072 835 διπλάσιον
1102 778 1164 833 τὸ
1195 778 1361 853 χρέος
1390 775 1695 848 ἀποδείξας.

422 872 487 928 Ὁ
521 871 647 944 μήτ’
681 868 908 942 ὀμνύναι
945 866 1235 943 βουληθεὶς
1268 869 1407 940 μήοε
1431 868 1537 940 μὴν
1562 866 1866 938 ἀντεπάξαι,

421 960 657 1024 Αύτοθεν
688 957 1060 1032 κατακρίνεται
1089 956 1161 1019 ὣς
1191 956 1242 1027 ἐξ
1265 955 1588 1033 ὁμολογίας.

414 1051 616 1125 ’Ὅρκον
640 1046 697 1103 δὲ
726 1068 807 1109 τις
828 1045 1152 1121 ἐπενεγκὼν,
1181 1046 1225 1100 εἰ
1257 1067 1386 1118 μετα
1397 1044 1687 1119 μεληθείη,

412 1140 503 1201 Ὣς
536 1138 843 1212 εὖπορήσας
878 1132 1137 1213 ἀσφαλῶς
1164 1132 1350 1189 ἄλλων
1386 1132 1796 1209 δικαιωμάτων,

414 1226 583 1302 Εἴπερ
612 1224 854 1290 ἐντοῦθεν
887 1228 1099 1298 ἡττηθῇ
1134 1222 1403 1297 δεύτερον,
1437 1220 1596 1300 ὅρκον
1629 1225 1794 1281 πάλιν

414 1317 531 1373 Οὐκ
562 1315 859 1392 ἐπενέγκοι,
889 1311 1141 1385 δεσποτα,
1162 1313 1252 1368 καὶ
1282 1318 1441 1368 τοῦτο
1473 1314 1887 1390 προσηκόντως,

410 1402 591 1480 Μέχρι
620 1403 720 1481 γὰρ
755 1403 1074 1481 ἀποφάσεως
1103 1402 1195 1457 τὸν
1228 1398 1388 1476 ὅρκον
1420 1404 1812 1479 παραιτείσθω.

411 1493 527 1551 Οὐκ
556 1493 787 1569 εὐχερὴς
820 1495 854 1562 ἡ
891 1491 1113 1563 ζήτήσίς
1144 1486 1283 1546 ἔστιν
1318 1490 1368 1546 ἰν
1396 1488 1518 1568 δίκῃ
1552 1493 1737 1567 ὅρκου.

413 1582 476 1640 Ei
506 1582 667 1637 τόκον
696 1602 780 1644 τις
815 1582 1148 1657 ὑπέρμετρον
1174 1578 1312 1644 ’ίσως
1341 1578 1703 1655 ὁμολογήσει.

414 1673 647 1729 Ηαύεται
675 1673 738 1726 τὸ
766 1671 1081 1747 παράνομον
1114 1667 1204 1724 καῖ
1237 1667 1380 1724 διδοῖ
1406 1669 1469 1724 τὸ
1497 1677 1798 1746 προσῆκον.

408 1760 577 1824 Τόκος
613 1762 689 1834 μὴ
721 1758 1143 1837 χρεωστημὲνος
1174 1758 1222 1813 εἲ
1252 1759 1359 1831 πρὸ
1390 1763 1484 1813 τοῦ
1516 1758 1843 1838 κεφαλαίου,

413 1844 745 1923 Καταϐληθῇ
776 1854 854 1921 τῷ
884 1847 1132 1921 δανειστῇ
1161 1852 1257 1902 τοῦ
1287 1847 1586 1924 κεφαλαίου
1621 1847 1807 1924 μέρος,

412 1939 479 1998 Ei
507 1937 565 1993 δε
592 1960 655 2014 γε
681 1933 1016 1994 καταϐάλλει
1048 1957 1133 1999 τις
1165 1935 1253 1991 ἰπὶ
1283 1941 1361 2009 τῷ
1391 1934 1677 2015 κεφαλαίῳ

410 2028 630 2090 Πάντως
655 2021 1113 2101 ἀναλαμϐάνεται,
1147 2022 1303 2096 δόξαν
1335 2021 1478 2080 οὕτω
1509 2029 1588 2098 τῷ
1625 2026 1799 2101 νόμῳ.

412 2117 478 2174 Οἱ
507 2117 643 2172 κατὰ
677 2116 839 2191 μέρος
867 2115 1019 2171 τόκοι
1053 2112 1109 2170 δὲ
1140 2109 1418 2188 διδόμενοι
1446 2120 1543 2169 τοῦ
1574 2115 1796 2189 χρέους,

410 2205 604 2270 Καλῶς
624 2207 733 2282 ούχ
764 2200 1148 2280 ὑπερϐαίνουσι
1168 2208 1264 2258 τοῦ
1298 2200 1497 2259 διπλοῦ
1527 2205 1852 2280 περαιτέρω.

408 2296 465 2350 Ὀ
501 2294 691 2370 μόρτις
718 2299 887 2350 καῦσοι
917 2291 1120 2370 δωρεάν
1152 2293 1289 2370 πρός
1313 2312 1433 2347 τινα
1459 2292 1863 2369 πεπραγμίνος,

407 2384 658 2446 Ῥωσθείς
689 2378 1126 2456 ἀναλαμϐάνεται
1157 2384 1220 2436 τὸ
1253 2379 1406 2436 δοθὲν
1439 2381 1760 2458 παραυτίκα,

409 2474 557 2530 Μετὰ
582 2477 825 2548 καρπῶν,
858 2471 947 2527 καὶ
977 2474 1236 2540 τοκετῶν,
1269 2470 1358 2524 καὶ
1386 2474 1493 2524 τῶν
1529 2469 1943 2543 ἐπηυξημένων.

406 2565 496 2626 Ὧς
528 2560 885 2637 κληρονόμοσ
913 2558 970 2615 δὲ
993 2581 1075 2622 τις
1110 2557 1235 2621 δοὺς
1268 2560 1295 2613 ὁ
1331 2559 1405 2632 μὴ
1441 2557 1513 2612 ὣν
1536 2557 1910 2634 κληρονόμος.

407 2646 811 2725 Ἀναλαμϐάνει
840 2649 903 2704 τὺ
937 2647 1088 2713 δοθὲν
1125 2645 1346 2709 δικαίως
1378 2648 1714 2726 Στεφήφορε.

404 2741 467 2798 Ἠ
498 2740 655 2815 προὶξ
690 2738 819 2814 οὺχὶ
851 2735 1144 2811 δημεύεται
1186 2735 1416 2813 συζύγου
1456 2733 1838 2809 δημευθέντος.

406 2831 736 2905 Ἐπιτροπος
755 2827 843 2883 χιοὶ
875 2832 1166 2907 φροντιστῆ
1176 2847 1201 2888 ς
1231 2822 1396 2903 ἄμφω
1416 2820 1836 2896 καταϐαλόντες,

406 2915 573 2978 Οὑδὶν
608 2913 1049 2991 ἀναλαμϐάνουσι
1075 2919 1181 2971 τῶν
1212 2909 1731 2989 καταϐεϐλημένων,

406 3012 507 3065 "Av
543 3008 571 3063 6
599 3007 891 3083 χρεώστησ
919 3006 1112 3061 ἄτοκον
1144 3002 1275 3067 ἴσως
1304 2999 1409 3080 ἔχῃ
1440 3002 1503 3058 τὸ
1534 3003 1719 3079 χρέος.

1765 290 2185 353 MICHAELIS
2228 291 2471 353 PSELL

2092 423 2148 490 Α
2178 424 2542 498 Παρακρατεῖν
2577 424 2606 479 ὁ
2637 418 2919 492 δανειστὴς
2948 421 3009 477 ἐκ
3034 424 3145 477 τῶν
3174 423 3394 503 καρπῶν
3430 419 3635 498 ἰσχύει,

2185 511 2282 567 Καὶ
2311 516 2471 567 τοῦτο
2501 513 2722 586 πράττει
2752 516 3066 588 προχωρῶς
3099 511 3230 588 ἄχρι
3256 510 3501 584 νομίμου
3529 513 3693 567 τόκου

2180 599 2245 656 Ei
2278 598 2327 655 δ’
2349 598 2484 663 ’ίσως
2504 601 2567 657 τὸ
2598 600 2855 678 ἐνέχυρον
2883 600 3188 663 πολοῦντος
3218 597 3512 674 δημοσίου,

2184 685 2444 753 Καθεύδει
2473 693 2592 751 πῶς
2621 690 2650 745 ὁ
2683 687 2985 760 δανειστὴς,
3015 687 3287 745 ἀπόλλυοι
3319 690 3382 745 τὸ
3406 693 3653 766 πρᾶγμα.

2182 778 2244 835 Ὁ
2267 775 2551 849 δαδειστής
2583 778 2841 857 ὶνὲχυρον
2878 777 3096 854 μέλλων
3125 776 3263 844 ’ίσως
3290 779 3637 855 πιπράσκειν,

2185 866 2366 935 Δῆλον
2394 869 2456 924 τὸ
2496 868 2894 945 βουλευόμενον
2926 866 3150 924 ποιείτω
3178 872 3257 939 τῷ
3286 867 3559 944 χρεώστῃ.

2181 957 2238 1011 Ὃ
2270 958 2523 1034 πενθερὸς
2551 957 2640 1013 καὶ
2673 958 2905 1033 πενθερᾶ
2932 960 3011 1030 τῷ
3047 957 3441 1031 μνηστεύσαντι
3469 958 3641 1033 κόρην

2182 1042 2429 1110 Διδόντες
2459 1045 2520 1100 ού
2562 1041 2901 1120 λαμϐάνουσι
2932 1050 3028 1101 τοῦ
3061 1044 3245 1122 γάμοκ
3286 1044 3582 1120 λυομὲνου.

2179 1135 2284 1191 Τὸν
2316 1136 2492 1210 γάμον
2520 1137 2555 1205 ἡ
2586 1132 2822 1197 διάθεσις
2852 1132 3003 1190 τελεῖ
3027 1137 3061 1204 ἡ
3095 1129 3362 1206 ἀμοιϐαία

2178 1224 2504 1299 Προσθήκης
2533 1223 2635 1300 γὰρ
2670 1224 2732 1280 οὐ
2766 1222 2939 1280 δέεται
2966 1224 3258 1296 προικώων
3288 1219 3671 1298 συμϐολαίων,

2178 1311 2240 1369 Εἰ
2273 1313 2349 1387 μὴ
2382 1311 2890 1389 πρωτοσπαθάριος,
2923 1311 2960 1383 ἤ
2990 1312 3157 1369 πλέον
3187 1334 3270 1375 τις
3298 1317 3581 1388 τυγχάνει.

2177 1399 2238 1456 Ei
2259 1397 2432 1476 γάμον
2463 1421 2545 1463 τις
2578 1399 2832 1473 ἅθέμιτον
2868 1402 3086 1472 ποιήσει
3117 1401 3263 1475 παρά
3293 1400 3485 1474 νόμον,

2172 1489 2481 1544 Ἕκπτωσιν
2512 1489 2886 1555 κατακρίνεται
2913 1494 3023 1544 τῶν
3051 1488 3269 1544 οΐκείων
3301 1490 3663 1566 πραγμάτων,

2174 1576 2236 1633 Εἰ
2273 1579 2348 1650 μή
2380 1599 2484 1632 που
2514 1574 2699 1655 γέγονε
2725 1579 2908 1655 πατὴρ
2938 1578 2996 1633 ἐκ
3022 1578 3211 1653 γάμων
3245 1579 3371 1652 πρὶν
3401 1582 3680 1654 νομίμων,

2170 1664 2524 1737 Αύτεξουσίου
2546 1671 2788 1743 γαμετῆς
2817 1671 2913 1723 τοῦ
2943 1669 3125 1743 γάμου
3157 1667 3457 1743 λυομίνου,

2091 1788 2139 1853 Β
2175 1754 2345 1818 Εὐθὺς
2379 1755 2825 1826 ἀποκαθίσταται,
2859 1754 3003 1812 οὕτω
3034 1754 3229 1813 δοκοῦν
3261 1757 3378 1821 τοὶς
3408 1758 3608 1831 νόμοις
3642 1777 3655 1790 ’

2171 1841 2301 1901 Οὐδ’
2326 1842 2466 1899 ἔστιν
2500 1845 2816 1915 ύπεξούσιος
2842 1845 3009 1921 ταύτῃ
3041 1843 3090 1901 δ’
3123 1849 3158 1916 ἡ
3191 1847 3352 1922 προὶξ
3390 1849 3682 1922 πατρόθεν,

2173 1932 2346 2002 Αὐτῆς
2377 1954 2435 1988 τε
2463 1933 2554 1989 καὶ
2583 1938 2680 1989 τοῦ
2712 1936 2980 2012 φύσαντος
3008 1937 3167 2005 κοινή
3198 1936 3510 1991 καθίσταται
3543 1957 3681 1998 πως.

2171 2020 2387 2077 Δίδοται
2410 2023 2569 2099 προῖξ
2597 2024 2668 2095 τῇ
2696 2022 2910 2099 γνναικί
2937 2024 3026 2079 καὶ
3060 2030 3392 2087 συνεστῶτος
3423 2027 3632 2100 γάμου,

2169 2110 2293 2168 Ἐπὶ
2323 2116 2401 2184 τῷ
2431 2109 2616 2167 δοτναι
2651 2109 2949 2176 δανεισταῖς
2977 2110 3015 2183 ἤ
3046 2112 3250 2190 ἀγροὺς
3279 2114 3571 2191 ἀγοράσαι,

2168 2201 2236 2257 Ἦ
2270 2199 2343 2262 ὥς
2369 2221 2428 2256 τε
2457 2202 2862 2276 προνοήσασθαι
2895 2199 3102 2258 παίδων
3132 2199 3316 2279 ἕτὲρου
3343 2202 3548 2278 γάμου.

2169 2289 2432 2364 Διαίρεσις
2466 2287 2524 2345 δὶ
2554 2289 2783 2368 πέφυκεν
2817 2290 2953 2362 αὕτη
2989 2289 3421 2365 δαπανημάτων,

2165 2379 2240 2433 Τά
2275 2379 2367 2452 μὶν
2401 2379 2476 2443 ὡς
2504 2378 2770 2455 ἀναγκαῖα
2799 2380 2923 2457 γὰρ,
2954 2380 3020 2436 τὰ
3046 2377 3105 2435 δὲ
3133 2381 3221 2435 καὶ
3256 2378 3344 2435 διὰ
3373 2378 3594 2455 κέρδος,

2164 2469 2246 2525 Τὰ
2284 2464 2341 2523 δε
2371 2468 2508 2544 πρὸς
2539 2469 2727 2543 τέρψιν
2758 2469 2987 2547 πέφυκεν
3018 2466 3525 2543 ἆκδεδαπανημένα.

2162 2561 2276 2612 Τῶν
2339 2556 2637 2635 ἀναγκαίων
2696 2559 2927 2637 πέφυκεν
2984 2560 3012 2614 ὁ
3073 2558 3246 2632 μόλος
3300 2561 3414 2634 (17)
3471 2566 3577 2630 τῆς
3623 2556 3813 2613 balis-

3557 2654 3698 2719 (σης,

2164 2734 2399 2805 Ποιῆσαί
2421 2756 2480 2790 τε
2507 2736 2737 2815 νεόφυτα
2767 2732 3013 2810 ἅμπελόν
3045 2758 3102 2792 τε
3130 2738 3218 2792 καὶ
3248 2734 3466 2811 δένδρα,

2162 2825 2283 2882 Ἐπί
2309 2846 2368 2880 τε
2397 2824 2772 2902 χρησιμότητι
2804 2826 2970 2901 ἀγροῦ
3000 2827 3477 2901 σπερματοθήκας.

2162 2911 2424 2989 Διακερδᾷ
2450 2915 2543 2969 τὸν
2576 2913 2882 2989 πράττοντα
2914 2913 3172 2991 βελτίονα
3197 2916 3289 2971 τὸν
3322 2919 3551 2991 προῖκα,

2159 3004 2381 3062 Ὀποῖον
2402 3004 2465 3059 τὸ
2496 3003 2750 3083 νεόφυτον
2782 3000 2819 3075 ἤ
2850 3003 2912 3059 τὸ
2943 3005 3323 3082 ἀρτοκοπεῖον.

3415 3095 3579 3152 Vers.
3609 3096 3745 3152 1270

395 3308 834 3381 convenienter,
882 3323 1069 3381 usque
1116 3307 1190 3363 ad
1244 3305 1594 3363 sententiam
1635 3307 2043 3378 juramentum
2074 3311 2117 3380 α
2153 3305 2405 3376 tharius,
2435 3306 2526 3364 vel
2552 3307 2873 3378 superioris
2904 3307 3215 3381 dignitatis
3243 3307 3341 3365 sit.
3364 3307 3426 3366 Si
3450 3308 3592 3381 quis
3613 3309 3817 3366 contra

396 3404 726 3458 revocetur.
758 3397 886 3458 Non
917 3395 1111 3454 facilis
1140 3401 1231 3452 est
1250 3396 1496 3468 quaestio
1526 3396 1598 3452 de
1621 3397 1962 3467 jnramento
1984 3396 2044 3451 in

392 3490 580 3548 litem.
613 3489 674 3545 Si
705 3490 840 3561 quis
884 3488 1029 3544 forte
1057 3504 1268 3543 usuras
1317 3504 1495 3559 supra
1544 3487 1784 3543 modum
1817 3486 2043 3542 confes-

390 3596 495 3637 sus
542 3583 655 3646 est,
707 3584 901 3634 cessat
948 3576 1171 3632 exactio
1221 3577 1350 3646 ejus
1391 3576 1547 3647 quod
1581 3580 1668 3632 est
1714 3581 1920 3633 contra
1961 3574 2042 3632 le-

392 3684 546 3740 gem,
604 3668 758 3738 quod
818 3681 951 3722 vero
1004 3665 1332 3736 legitimum
1393 3669 1483 3718 est
1527 3664 1793 3720 solvitur.
1837 3668 2041 3719 Usurae

390 3755 661 3812 indebita:
719 3754 770 3811 si
830 3759 965 3810 ante
1024 3757 1243 3809 sortem
1302 3751 1513 3807 solutae
1566 3753 1687 3807 sint
1742 3752 2037 3821 creditori,

387 3849 616 3917 partem
664 3842 845 3900 sortis
897 3841 1112 3898 faciant
1167 3858 1180 3896 :
1233 3840 1282 3896 si
1332 3856 1466 3896 vero
1516 3841 1649 3912 quis
1692 3839 1864 3896 solvit
1910 3846 2043 3913 post

383 3937 627 4000 sortem,
687 3931 927 3988 omnino
977 3933 1221 4003 repetat,
1276 3929 1360 3985 sic
1408 3929 1600 3985 visum
1651 3928 1790 4002 legi.
1837 3930 2038 3987 Usum

381 4021 566 4078 debiti
599 4019 994 4092 particulatim
1044 4016 1249 4074 solutae
1298 4017 1543 4089 duplum
1595 4023 1750 4074 recte
1797 4036 1910 4074 non
1939 4036 2038 4075 ex-

382 4111 616 4166 cedunt.
662 4108 863 4167 Mortis
908 4123 1087 4164 causa
1117 4105 1292 4162 alicui
1325 4107 1574 4173 donans,
1626 4108 2038 4165 con'valescens

379 4200 588 4272 repetit
620 4198 774 4255 illico
824 4198 976 4270 quod
1025 4195 1204 4266 dedit,
1250 4211 1386 4251 cum
1434 4195 1744 4265 fructibus,
1779 4196 2036 4268 fcetibus,

379 4296 435 4345 et
495 4287 957 4346 accessionibus.
1018 4286 1124 4351 Qui
1186 4303 1302 4343 non
1360 4293 1447 4341 est
1495 4284 1703 4351 lateres,
1753 4290 2037 4357 tanquam

379 4376 565 4434 haeres
623 4376 845 4449 aliquid
901 4375 1153 4442 solvens,
1216 4375 1426 4447 repetit
1475 4373 1757 4443 solutum,
1807 4392 1839 4431 ο
1899 4375 2040 4447 imp,

378 4465 496 4522 Dos
526 4480 598 4520 ne
630 4464 982 4538 publicetur,
1037 4464 1233 4519 mariti
1269 4463 1437 4519 bonis
1482 4462 1821 4535 publicatis.
1854 4464 2037 4519 Tutor

377 4559 436 4610 et
484 4559 721 4609 curator
778 4554 1091 4619 solventes,
1156 4551 1429 4622 nihilex
1479 4552 1687 4609 solutis
1742 4556 2030 4624 repetunt.

373 4642 432 4696 Si
496 4641 729 4697 debitor
779 4640 907 4695 sine
965 4640 1167 4694 usuris
1222 4638 1486 4693 debitum
1546 4639 1779 4704 habeat,
1841 4642 2031 4709 potest

372 4730 629 4786 creditor
683 4745 753 4784 ex
829 4727 1122 4783 fructibus
1192 4728 1457 4794 retinere,
1512 4730 1570 4782 et
1646 4726 1795 4781 illud
1857 4726 2029 4784 faciet

376 4818 683 4875 commode
717 4831 903 4887 usque
936 4816 1008 4871 ad
1038 4810 1339 4887 legitimas
1361 4832 1592 4871 usuras.
1615 4816 1673 4870 Si
1698 4832 1828 4870 cum
1855 4816 2029 4873 ﬁscus

376 4908 593 4980 pignus
624 4904 919 4972 distrahit,
945 4905 1199 4959 creditor
1220 4904 1372 4975 silet,
1404 4922 1523 4960 rem
1557 4904 1801 4960 remisit.
1828 4904 2026 4962 Credi-

375 5001 467 5053 tor
479 4995 677 5052 volens
692 4994 906 5066 pignus
920 4992 1648 5063 distrahere,manifestam
1666 4994 1838 5049 faciat
1854 5011 2025 5050 suam

370 5085 731 5157 voluntatem
766 5081 1040 5138 debitori.
1091 5082 1261 5137 Socer
1288 5086 1346 5137 et
1375 5099 1473 5138 soc
1512 5100 1581 5138 us
1612 5100 1828 5155 sponso
1859 5081 2023 5155 puel-

370 5172 438 5229 las
489 5172 714 5245 aliquid
767 5173 995 5237 dantes,
1049 5169 1241 5225 soluto
1292 5170 1662 5227 matrimonio
1708 5188 1822 5228 non
1856 5182 2021 5244 repe-

375 5267 522 5318 tunt.
577 5262 781 5317 Mutua
827 5259 1056 5315 affectio
1101 5258 1334 5330 nuptias
1381 5261 1607 5333 perficit
1653 5261 1781 5318 sine
1824 5275 2019 5316 acces-

373 5350 536 5408 sione
594 5350 881 5407 dotalium
935 5349 1489 5421 instrumentorum,
1539 5351 1654 5408 nisi
1714 5354 2019 5425 protospa-

338 5688 341 5695 η
440 5604 554 5684 (17)
586 5597 833 5670 Μώλως.

2154 3395 2342 3469 legem
2400 3397 2654 3453 nefarias
2713 3400 2952 3470 nuptias
3009 3398 3384 3464 contraxerit,
3436 3399 3816 3471 prapriaruln

2153 3502 2347 3540 rerum
2373 3486 2669 3557 jacturum
2716 3486 2994 3559 patiatur,
3026 3487 3140 3542 nisi
3189 3504 3258 3543 ex
3289 3487 3588 3558 prioribus
3615 3484 3813 3559 legiti-

2153 3575 2267 3630 mis
2294 3575 2517 3646 nuptiis
2549 3579 2712 3648 pater
2745 3576 2933 3633 factus
2984 3575 3081 3631 sit.
3115 3575 3378 3632 Mulieris
3422 3576 3818 3647 emancipato

2152 3663 2343 3719 soluto
2386 3665 2760 3721 matrimonio
2810 3665 2917 3722 dos
2950 3670 3101 3721 recte
3149 3664 3521 3732 restituatur,
3569 3666 3653 3721 sic
3686 3662 3818 3736 pla-

2149 3757 2240 3809 cet
2267 3753 2425 3808 enim
2472 3752 2701 3825 legibus
2736 3770 2750 3810 :
2784 3754 2832 3809 si
2884 3771 3017 3810 vero
3047 3753 3149 3811 illa
3194 3754 3252 3809 in
3285 3758 3574 3826 potestate
3622 3755 3726 3825 sit,
3760 3757 3823 3808 et

2149 3842 2255 3898 dos
2285 3860 2318 3897 a
2349 3846 2511 3915 patre
2562 3844 2819 3914 profecta
2867 3844 3062 3912 fuerit,
3096 3843 3433 3900 communis
3481 3848 3579 3899 est
3623 3842 3820 3916 patris

2147 3937 2204 3987 et
2232 3931 2359 3987 ﬁliae
2391 3931 2678 4003 repetitio.
2701 3932 2884 3988 Datur
2909 3933 3016 3988 dos
3038 3932 3267 3988 mulieri
3292 3932 3469 3988 etiam
3494 3937 3822 3990 constante

2149 4020 2549 4091 matrimonio,
2614 4026 2679 4077 ut
2744 4022 2843 4077 det
2915 4021 3322 4090 creditoribus,
3382 4039 3562 4094 agros
3627 4026 3820 4093 emat,

2147 4107 2234 4164 vel
2269 4113 2332 4164 ut
2363 4109 2565 4166 liberis
2591 4127 2659 4166 ex
2691 4109 2805 4166 alio
2856 4110 3235 4167 matrimonio
3262 4110 3616 4182 prospiciat.
3648 4111 3822 4167 Divi-

2148 4200 2233 4254 sio
2266 4198 2668 4271 impcnsarum
2697 4200 2829 4271 _ba:c
2859 4204 2968 4267 est,
3015 4201 3284 4272 quaedam
3321 4204 3384 4255 ut
3434 4202 3823 4265 necessarie,

2147 4287 2413 4359 quaedam
2447 4292 2684 4361 propter
2712 4287 2965 4361 lucrum,
2999 4288 3126 4345 alia:
3174 4292 3410 4362 propter
3436 4287 3823 4346 voluntatem

2146 4375 2460 4446 iusumptze
2509 4381 2651 4433 sunt
2682 4394 2695 4433 :
2731 4377 3095 4448 necessariae,
3129 4376 3313 4435 moles
3362 4378 3421 4433 in
3475 4395 3651 4435 mare
3684 4394 3824 4452 pro-

2136 4464 2315 4535 jecta,
2350 4465 2605 4522 inserere
2636 4483 2815 4522 novas
2845 4468 2992 4523 vites
3024 4470 3100 4524 'et
3124 4468 3382 4529 arbores.
3412 4471 3471 4522 et
3523 4468 3600 4523 ad
3636 4483 3823 4525 usum

2145 4553 2270 4623 agri
2319 4554 2701 4610 seminarium
2753 4556 2983 4612 facere:
3019 4555 3194 4612 utiles
3248 4556 3560 4612 meliorem
3607 4558 3819 4613 dotem

2144 4641 2388 4707 faciunt,
2417 4644 2619 4713 quales
2651 4648 2793 4698 sunt
2835 4643 3119 4699 novelleta
3164 4646 3222 4699 et
3268 4643 3600 4715 pistrinum
3638 4663 3656 4700 :
3688 4661 3821 4718 quc

2142 4729 2335 4785 dotem
2369 4730 2604 4801 quidem
2653 4749 2768 4787 non
2814 4732 3111 4799 minuunt,
3161 4737 3350 4788 tamen
3407 4740 3817 4805 repetuntur;

2139 4817 2294 4873 idem
2353 4820 2509 4875 circa
2565 4820 2989 4893 voluptuarias.
3045 4820 3224 4877 Nemo
3284 4828 3487 4878 contra
3560 4840 3815 4881 uxorem

2136 4906 2273 4961 furti
2309 4907 2596 4963 actionem
2627 4916 2872 4979 moveat,
2924 4912 3020 4966 sed
3057 4927 3251 4967 rerum
3282 4916 3661 4969 amotarum.
3695 4916 3817 4968 lla-

2134 4994 2283 5051 ritus
2313 4995 2658 5053 aestimatam
2694 4999 2885 5055 dotem
2941 4999 3254 5072 accipiens,
3290 5016 3381 5056 res
3413 5001 3665 5061 dotales
3694 5019 3818 5061 non

2131 5083 2363 5139 videtur
2387 5084 2669 5157 accipere,
2704 5086 2803 5142 sed
2860 5086 3052 5143 solum
3098 5087 3253 5158 capit
3285 5104 3484 5144 rerum
3542 5094 3819 5148 estima-

2127 5171 2371 5240 tionem,
2405 5189 2583 5245 quam
2634 5179 2870 5247 prastat
2912 5174 3106 5232 soluto
3157 5176 3571 5234 matrimonio.
3624 5181 3825 5238 Mater

2133 5259 2288 5330 filias,
2322 5267 2386 5316 ut
2412 5260 2640 5334 legibus
2673 5261 2912 5336 placuit,
2966 5280 3083 5321 non
3134 5265 3363 5338 cogitur
3393 5266 3609 5325 dotem
3645 5271 3821 5329 dare.

2127 5348 2338 5407 Mulier
2365 5356 2558 5424 potest
2587 5351 2764 5409 etiam
2807 5353 3002 5411 adhuc
3050 5359 3355 5411 constante
3391 5357 3824 5435 matrimonio,

3716 293 3931 381 οδες
