4054 6200
250 228 368 289 969

245 365 310 417 Ἀ
337 364 542 434 προῖκα
572 359 636 415 ού
672 362 883 432 μειοῢσι
919 361 1015 432 μὶν
1048 360 1178 415 ἀλλ’
1207 359 1360 433 ὅμως
1393 362 1770 435 ἀπαιτοῦνται,

249 452 374 522 Περὶ
407 449 477 504 τὰ
507 446 872 521 δαπανήματα
899 449 964 502 τὰ
996 449 1181 524 τέρψιν
1227 449 1584 522 ἐμποιοῦντα.

246 536 462 608 Μηδεὶς
493 540 628 593 κατὰ
653 545 757 608 τῆς
785 539 1038 614 γυναικὸς
1069 537 1289 608 κλοπῆς
1321 540 1540 594 κινείτω
1574 538 1754 610 δίκην,

247 629 563 702 Ἀφαίρεσιν
595 627 812 683 κινείτω
842 625 900 683 δὶ
928 633 1035 682 τῶν
1067 627 1384 683 κλαπέντων
1408 629 1770 704 πραγμάτων.

246 722 458 790 Προῖκα
488 712 678 772 λαϐὼν
708 718 737 771 ὁ
770 717 996 793 σύζυγος
1030 715 1316 790 διατετιμη
1331 717 1520 791 μάνην,

245 806 396 881 Ούχὶ
427 807 497 861 τὰ
518 806 811 882 πράγματα
845 803 995 861 δοκεῖ
1026 802 1322 879 Λαμϐανειν
1347 809 1413 862 τὰ
1444 805 1716 879 προικῷα,

243 895 435 964 Μόνην
467 893 524 950 δὲ
547 893 860 968 διατίμησιν
893 897 966 950 ὧν
999 891 1163 952 ἔλαϐε
1191 896 1548 972 πραγμάτων,

246 988 342 1040 Ὧν
378 986 478 1053 τήν
510 986 677 1058 τιμὴν
711 983 1085 1059 εἴσπράττεται
1119 990 1216 1040 τοῦ
1245 987 1425 1062 γᾶμου
1469 983 1763 1057 λυομένου.

245 1076 313 1130 Ἠ
349 1076 536 1147 μήτηρ
571 1074 703 1146 ὑπὲρ
739 1075 1024 1150 θυγατρὸς,
1059 1075 1134 1128 ὡς
1164 1071 1311 1144 ἔδοξε
1338 1080 1455 1137 τοῖς
1487 1073 1700 1146 νόμοις,

242 1163 325 1221 Οἷὶ
357 1184 515 1241 φασιν
540 1161 898 1238 ἀναγκάζεται
930 1169 1132 1239 προῖκα
1163 1161 1488 1220 ἐπιδιδόναι.

245 1253 392 1320 Γυνὴ
422 1255 530 1306 τῶν
560 1253 750 1326 γάμων
795 1249 1013 1307 δύναται
1046 1247 1121 1307 ἔτι
1165 1252 1584 1326 συνισταμένων,

243 1340 537 1398 Βλέπουσά
563 1362 684 1403 πως
712 1342 802 1396 τὸν
836 1341 1064 1416 σύζυγον
1093 1340 1300 1417 ἄπορον
1332 1343 1612 1416 πεφυκότα

239 1431 336 1490 Ὠς
371 1430 704 1500 ἂνυπόθηκον
737 1436 950 1505 κρατεῖν
967 1431 1069 1500 τήν
1103 1430 1308 1486 ἐκείνου
1341 1430 1549 1499 ούσίαν,

239 1518 327 1574 Οὐ
360 1519 544 1591 μόνως
579 1519 712 1592 ὑπὶρ
742 1525 845 1588 τῆς
873 1519 1122 1593 προικὸς,
1149 1519 1296 1576 ἀλλὰ
1326 1521 1416 1574 καὶ
1448 1519 1820 1595 ἐξωπροίκων,

239 1608 407 1682 Ὑπὶρ
437 1607 824 1683 προγαμιαίων
856 1629 914 1663 τε
940 1605 1161 1664 δικαίων
1197 1607 1563 1682 δωρημάτων.

241 1695 389 1771 Οὐχὶ
421 1697 718 1758 συναίνεσις
748 1698 974 1771 πατρὸς,
1008 1695 1153 1752 ἀλλᾶ
1179 1697 1420 1770 νόμιμος
1451 1698 1666 1772 πρᾶξις,

241 1791 357 1853 Τῆς
394 1785 846 1855 ὑπεξουσιότητος
879 1785 1161 1861 ἐλευθεροῖ
1186 1787 1278 1841 τὸν
1311 1784 1480 1842 παῖδα
1500 1807 1512 1821 ο

245 1873 313 1929 Εἰ
347 1871 405 1929 δύ
428 1895 510 1936 τις
542 1870 686 1949 ἔχων
729 1874 986 1952 φυσικοὺς
1021 1873 1216 1938 παῖδας
1248 1892 1307 1930 τε
1345 1875 1433 1930 καὶ
1464 1875 1758 1948 νομίμους,

247 1963 355 2019 Καὶ
387 1966 486 2028 τῆς
518 1969 626 2017 τῶν
662 1968 899 2040 φυσικῶν
933 1964 1063 2017 υἱῶν
1097 1962 1172 2018 ἔτι
1210 1963 1388 2034 ζώσης
1417 1963 1672 2038 μητέρος,

243 2054 379 2112 Τοῖς
413 2057 662 2128 φυσικοῖς
692 2050 857 2121 αὐτῆς
888 2053 1036 2106 παισὶ
1070 2055 1205 2128 πρὸς
1239 2050 1296 2108 δὶ
1326 2054 1415 2107 καὶ
1443 2057 1509 2125 τῇ
1543 2053 1798 2126 τεκούσῃ,

246 2140 329 2196 Οὔ
363 2137 583 2194 δύναται
613 2138 934 2196 καταλιπεῖν
964 2141 1128 2196 πλέον
1167 2148 1291 2212 μιᾶς
1327 2141 1566 2216 ούγγίας,

250 2226 476 2284 Μαίδων
510 2225 552 2282 δ’
575 2230 673 2283 οὐκ
704 2226 873 2284 ὄντων
908 2235 1172 2307 φυσικῶν,
1203 2234 1238 2300 ἡ
1272 2236 1594 2286 συνοικοῦσα
1628 2233 1831 2305 μόνως,

246 2319 461 2392 Ἐχέτω
491 2318 820 2393 ἡμιούγγιον
853 2324 962 2374 τῶν
995 2320 1199 2375 ἐκείνου
1229 2322 1588 2395 πραγμάτων,

246 2405 367 2464 Εἶδ⁹
399 2404 522 2462 οὔτε
549 2405 744 2470 παῖδας
775 2403 895 2482 ἔχοι
926 2429 1010 2471 τις
1039 2409 1293 2482 ἰννόμους
1324 2412 1358 2480 ἢ
1393 2412 1604 2485 γονέας,

247 2494 464 2551 Διδότω
493 2503 596 2550 πᾶν
641 2496 688 2550 εἴ
723 2496 977 2572 βούλεται
1007 2497 1068 2552 τό
1106 2499 1298 2572 μέτρον
1333 2506 1434 2566 τῆς
1463 2499 1673 2565 οὐσίας,

244 2592 376 2646 Τοῖς
420 2591 666 2662 φυσικοῖς
688 2585 852 2640 αὐτοῦ
882 2587 1086 2658 παισὶν,
1122 2585 1302 2649 οὐδεὶς
1335 2589 1435 2664 γὰρ
1468 2589 1495 2642 ὁ
1521 2588 1776 2644 κωλύων.

245 2675 316 2729 Εἴ
348 2671 394 2728 δ’
422 2674 781 2744 ἀποθνήσκων
817 2671 938 2750 ἔχοι
969 2697 1054 2740 τις
1089 2678 1236 2738 τινὰς
1263 2682 1368 2731 τῶν
1398 2677 1690 2747 αὐτόντων,

245 2760 461 2817 Διδότω
485 2764 576 2816 τὸν
605 2763 842 2836 νόμιμον
879 2765 1040 2827 οὗτος
1070 2765 1254 2827 αὐτοῖς
1291 2764 1500 2839 μερίδα,

240 2854 316 2906 Τὸ
353 2850 408 2906 δὲ
440 2851 633 2906 λοιπὸν
665 2859 780 2914 τοῖς
814 2860 1062 2917 φυσικοῖς
1093 2854 1275 2909 παισὶν
1301 2855 1719 2929 ἀποκληρούτω.

245 2940 556 3015 Εὐνοῦχος,
592 2939 806 2996 σπάδων
839 2940 1057 2998 δύναται
1085 2945 1342 3007 υἱοθετεῖν
1376 2945 1464 2998 καὶ
1503 2943 1705 3015 μόνως,

237 3033 423 3086 Τοῦτο
455 3031 556 3105 γὰρ
585 3030 956 3106 ἀπηγόρευται
985 3030 1306 3109 καπράὶτοις
1346 3035 1436 3088 καὶ
1468 3028 1729 3105 θλιϐίαις,

233 3321 286 3377 si
325 3320 601 3376 maritum
631 3322 862 3394 inopem
899 3325 1020 3378 fieri
1055 3323 1267 3391 videat,
1304 3324 1466 3380 illius
1507 3324 1897 3380 substantiam
1932 3335 1974 3401 ρ

229 3414 525 3479 tanquam
603 3426 670 3463 ex
699 3411 1024 3482 hypotheca
1083 3412 1196 3466 sibi
1254 3413 1489 3481 habere,
1552 3430 1664 3468 non
1709 3413 1900 3468 solum

235 3514 351 3570 pro
399 3497 558 3563 dote,
604 3499 704 3553 sed
759 3501 931 3555 etiam
984 3518 1084 3572 pro
1133 3502 1520 3574 parspbernis
1567 3507 1626 3557 et
1662 3502 1903 3574 juribus

235 3588 631 3641 donationum
683 3590 1200 3660 antenuptialium.
1248 3595 1372 3646 Non
1427 3591 1609 3660 patris
1651 3606 1902 3646 consen-

239 3692 376 3739 sus,
424 3676 524 3729 scd
579 3681 747 3730 actus
794 3676 1112 3750 legitimus,
1164 3681 1373 3734 liberat
1423 3680 1608 3734 ﬁlium
1643 3697 1674 3734 a
1714 3680 1904 3751 patria

241 3769 560 3835 potestate.
607 3763 664 3817 Si
717 3771 849 3836 quis
899 3768 1195 3822 naturales
1245 3768 1479 3838 liberos,
1512 3773 1567 3822 et
1611 3768 1904 3840 legitimos

245 3853 488 3921 habeat,
511 3858 569 3908 et
593 3854 947 3909 naturalium
977 3855 1294 3911 liberorum
1323 3864 1509 3913 mater
1524 3857 1903 3924 adhucvivat,

243 3941 366 4013 ipsi
399 3943 570 3996 matri
601 3947 659 3998 et
693 3944 820 4013 ejus
865 3946 1234 4001 naturalibus
1277 3945 1501 4015 liberis,
1553 3965 1665 4002 non
1716 3952 1908 4018 potest

246 4030 587 4099 relinquere
636 4031 788 4087 ultra
839 4050 1012 4088 unum
1047 4035 1282 4090 unciam
1312 4052 1324 4090 :
1355 4036 1403 4090 si
1437 4052 1567 4090 vero
1609 4053 1721 4090 non
1755 4036 1908 4090 exsi-

243 4124 412 4174 stant
459 4120 757 4176 naturales
809 4122 998 4189 liberi,
1050 4125 1148 4180 sed
1200 4125 1389 4179 solum
1427 4125 1774 4193 concubina,
1809 4124 1908 4180 illa

244 4221 448 4259 rerum
505 4207 632 4276 ejus
691 4207 994 4264 dimidiam
1054 4211 1286 4266 unciam
1346 4210 1598 4266 habeto:
1669 4211 1717 4265 si
1771 4225 1904 4263 vero

247 4309 445 4372 neque
492 4293 784 4366 legitimos
836 4297 1071 4369 liberos,
1125 4316 1314 4372 neque
1360 4305 1632 4371 parentes
1672 4298 1906 4365 habeat,

245 4371 488 4438 omnem
519 4385 940 4453 substantiam,
977 4388 1026 4442 si
1053 4387 1207 4454 velit,
1222 4371 1372 4442 ifiliis
1396 4387 1764 4443 naturalibus
1785 4387 1905 4456 det,

247 4487 430 4526 nemo
489 4472 641 4527 enim
694 4475 1003 4543 prohibet:
1051 4478 1099 4532 si
1148 4493 1283 4532 vero
1334 4477 1620 4531 decedens
1679 4475 1908 4546 aliquos

245 4561 700 4615 ascendentium
751 4562 982 4633 habeat,
1028 4567 1126 4622 det
1157 4566 1276 4621 illis
1309 4565 1626 4637 legitimam
1663 4568 1906 4636 partem,

245 4649 546 4719 reliquum
599 4666 731 4704 vero
783 4653 1157 4710 naturalibus
1207 4653 1408 4709 liberis
1442 4653 1752 4723 relinquat.
1799 4654 1908 4736 Eu-

244 4704 490 4792 nucbus
537 4743 594 4792 et
642 4704 841 4808 spado—
869 4704 1406 4814 ἔὸιξιῖᾇάεζῌιξζιὶᾆ
1442 4704 1905 4812 {sagatus
1945 4704 1985 4768 θ

240 4827 411 4880 enim
463 4829 735 4883 caetratis
783 4833 840 4882 et
890 4829 1115 4884 tblibiis
1150 4830 1516 4900 prohibetur,
1558 4847 1690 4886 nam
1724 4831 1906 4900 spado

247 4919 453 4986 potest
503 4915 648 4970 forte
701 4915 917 4973 liberos
971 4934 1272 4990 generare.
1336 4919 1395 4973 Si
1457 4920 1591 4990 quis
1649 4919 1908 4990 legitime

245 5002 422 5075 prius
454 5007 874 5060 testamentum
916 5007 1266 5077 condiderit,
1301 5013 1357 5062 et
1387 5007 1546 5062 aliud
1581 5009 1906 5063 secundum

245 5089 582 5160 scripserit,
617 5093 780 5162 prius
810 5110 881 5149 ne
908 5101 1241 5167 rumpatur,
1274 5096 1387 5150 nisi
1421 5102 1554 5150 ante
1584 5096 1908 5150 secundum

239 5181 385 5250 jure
436 5183 619 5234 robur
667 5182 946 5239 obtineat.
1006 5185 1200 5240 Minor
1247 5185 1695 5255 quatuordecim
1737 5184 1910 5238 annis

245 5266 458 5322 testari
510 5285 624 5323 non
677 5276 889 5341 potest.
943 5273 1068 5328 Non
1129 5273 1277 5327 dans
1325 5271 1577 5327 testibus
1634 5271 1910 5326 Viaticum

246 5356 601 5422 testimonii,
668 5357 825 5415 illico
873 5362 1175 5431 jacturam
1230 5361 1583 5416 haareditatis
1634 5360 1909 5416 sustinet.

246 5446 391 5510 Qua
437 5445 778 5515 cancellata,
809 5450 894 5505 vel
927 5450 1118 5507 deleta
1149 5454 1310 5519 sunt,
1345 5449 1394 5504 si
1425 5450 1663 5521 quidem
1694 5449 1916 5504 sciente

249 5538 562 5604 testatore,
644 5538 886 5594 omnino
962 5539 1131 5594 irrita
1206 5539 1362 5595 sint:
1427 5539 1476 5594 si
1536 5555 1669 5594 vero
1746 5553 1917 5594 secus

590 5663 851 5724 ΡΑτιιοι.
898 5667 1010 5725 Gn.
1057 5665 1292 5728 CXXII.

1607 228 1983 292 SYNOPSIS
2031 231 2293 292 LEGUM
2307 279 2321 294 .

3551 239 3670 298 970

1936 368 1983 432 Α
2020 363 2079 418 Ὀ
2108 361 2207 436 γάρ
2240 383 2322 415 τοι
2355 359 2570 416 σπάδων
2606 358 2820 415 δύναται
2853 361 3249 433 παιδοποιῆσαι
3288 368 3452 442 τάχα.

2017 447 2091 508 Ei’
2113 473 2196 514 τις
2225 453 2459 522 ποιήσας
2489 450 2750 526 πρότερον
2783 450 3024 524 ἐννόμως
3057 450 3346 524 διαθήκην,

2019 541 2273 615 Δευτέραν
2307 537 2486 609 ἄλλην
2517 538 2790 614 γράψειεν,
2824 543 2857 610 ἡ
2891 542 3082 616 πρώτη
3119 543 3192 614 μή
3239 542 3527 617 ῥηγνύσθω

2018 628 2082 683 Εἴ
2117 631 2190 700 μή
2226 651 2288 703 γε
2317 633 2532 704 πρῶτον
2556 631 2777 702 κυρωθῇ
2809 629 3059 702 νομίμως
3090 633 3123 699 ἡ
3159 629 3396 708 δευτέρα.

2017 717 2094 774 Ού
2126 715 2416 781 διατίθεται
2451 717 2584 772 ἐτῶν
2616 717 2792 786 ἥττων
2829 717 3256 795 δεκατεσσάρων.

2016 807 2076 862 Ὁ
2111 807 2186 878 μὴ
2216 803 2398 866 διδοὺς
2425 811 2547 867 τοῖς
2585 805 2812 878 μάρτυσι
2854 805 3093 882 πάροδον
3133 812 3452 885 μαρτυρίας,

2015 894 2323 971 Ὑφίσταται
2353 897 2450 964 τήν
2485 894 2750 950 ἔκπτωσιν
2778 901 2874 949 τοῦ
2906 895 3118 972 κλήρου
3145 900 3466 972 παραυτίκα.

2013 985 2087 1039 Τὰ
2116 986 2647 1060 παραχαραττόμενα
2743 983 3227 1059 ἀπαληλειμμένα,

2016 1076 2078 1128 Εἰ
2110 1075 2203 1146 μὲν
2235 1076 2348 1128 κατ’
2383 1071 2585 1144 εἶ’δησίν
2617 1073 2717 1128 εἶσι
2751 1079 2845 1128 τοῦ
2879 1072 3272 1147 διατιθεμένου,

2016 1166 2225 1238 ’Ἃκυρα
2255 1164 2472 1225 πάντως
2501 1163 2758 1236 πέφυκεν,
2796 1163 2840 1216 εἰ
2875 1161 2918 1218 δ’
2962 1163 3044 1233 οὓ,
3079 1165 3335 1241 ἐρῥώσθω
3367 1168 3558 1223 πάντα.

2019 1253 2273 1325 Αἱρετική
2307 1273 2389 1313 τις
2421 1249 2661 1312 ἔνστασις
2698 1250 2750 1305 εἴ
2773 1274 2856 1313 τις
2889 1253 3032 1306 οὕτω
3066 1254 3376 1332 συγγράφει,

2019 1341 2141 1395 Ἐὰν
2169 1341 2332 1402 αὐτὸς
2366 1343 2700 1410 πεντήκοντα
2731 1341 2864 1395 ἐτῶν
2899 1338 3215 1411 ἀποϐιώσω,

2017 1431 2078 1486 Ὁ
2109 1431 2426 1506 Νικηφόρῠς
2455 1425 2591 1484 ἔστω
2627 1451 2731 1502 μου
2759 1435 2856 1484 τοῦ
2890 1430 3013 1506 βίου
3044 1431 3418 1506 κληρονόμος.

2014 1520 2073 1572 Τί
2100 1517 2210 1573 ἐστι
2242 1516 2627 1596 φιδεκόμισσον
2659 1517 2748 1573 ἐάν
2778 1541 2859 1582 τις
2893 1519 3036 1574 οὕτω
3071 1519 3221 1596 εἷ’πῃ,

2013 1610 2515 1676 Ἀποκατάστησον,
2549 1609 2650 1676 υἱὲ,
2683 1614 2762 1680 τῷ
2794 1607 2925 1663 δεῖνι
2956 1607 3080 1664 τόδε
3110 1616 3354 1686 πρᾶγμα,

1937 1739 1984 1802 Β
2015 1698 2094 1753 Τὸ
2128 1694 2185 1750 δέ
2214 1718 2273 1770 γε
2305 1692 2692 1774 φιδεκόμισσον
2723 1698 2784 1752 τὸ
2814 1700 2935 1762 καθ’
2966 1696 3146 1770 ὁμάδα
3182 1703 3366 1767 τοῦτο,

2018 1792 2093 1802 ν.-
2238 1786 2250 1802 ς
2454 1785 2463 1800 .
2746 1787 2760 1802 .
2835 1786 2848 1802 .
2917 1789 2929 1802 .
3081 1786 3093 1802 ,
3280 1796 3306 1802 _

2018 1792 2195 1840 Πᾶσαν
2228 1785 2670 1856 ἀποκατάστησον
2701 1787 2796 1855 τήν
2832 1786 2968 1860 ἐμὴν
3001 1786 3180 1860 τούτῳ
3209 1796 3418 1858 κτῆσιν.

2019 1877 2104 1930 Ἐν
2139 1873 2372 1949 διαθήκῃ
2408 1877 2684 1950 ἄχρηστον
2728 1874 2906 1937 οὐδεὶς
2937 1877 3310 1952 κληρονομίαν

2016 1966 2104 2021 Ἐν
2138 1963 2498 2026 κωδικέλλοις
2537 1960 2768 2038 βεϐαιοῖ,
2805 1963 2959 2037 δόξαν
2998 1965 3137 2020 οὕτω
3164 1970 3241 2037 τῷ
3272 1967 3451 2039 νόμῳ.

2016 2055 2126 2127 Πρὸ
2161 2051 2215 2108 δὲ
2248 2053 2630 2116 διατυπώσεως
2661 2053 2995 2110 κωδίκελλοι
3037 2057 3349 2132 γραφέντες,

2016 2143 2162 2196 Μετὰ
2190 2144 2288 2210 τήν
2322 2140 2651 2197 διατύπωσιν
2687 2143 2734 2196 εἷ’
2769 2145 2842 2215 μὴ
2884 2139 3276 2217 βεϐαιωθῶσιν,

2016 2230 2181 2289 Ούδὶν
2217 2231 2358 2292 όλως
2392 2231 2672 2306 ἰσχύουσιν
2709 2231 2888 2306 ὥσπερ
2923 2233 3274 2305 ήθετημένοι.

2013 2321 2675 2396 Ἐπίτροποςκέπιτροπῆς
2706 2321 3004 2391 παυθείσης
3039 2319 3185 2376 διδοῖ
3211 2323 3430 2392 τόκους,

2016 2411 2224 2484 Μέχρις
2257 2409 2314 2464 ἂν
2348 2408 2742 2485 ἰλλογιστεύθη
2775 2412 2842 2465 τὰ
2871 2414 2971 2480 τῆς
3005 2411 3356 2486 ἐπιτροπίας.

2018 2498 2342 2570 Ἐπίτροπος
2375 2499 2708 2572 ὠνούμενος,
2731 2502 3014 2572 προσώπῳ
3052 2503 3382 2575 παρενθέτῳ,

2015 2587 2130 2644 Οὐκ
2159 2586 2272 2662 ἔχει
2304 2589 2401 2656 τήν
2438 2587 2694 2657 ἐξώνησιν
2725 2595 2843 2650 τοῖς
2873 2589 3068 2662 νόμοις
3117 2588 3455 2665 ἐρρωμένην.

2016 2678 2080 2733 Εἴ
2113 2678 2207 2749 μὲν
2246 2679 2378 2749 μετὰ
2403 2678 2762 2751 προκάταρξιν
2794 2685 2891 2748 τῆς
2919 2681 3054 2733 κατᾶ
3086 2676 3355 2749 διαθήκης

2015 2767 2291 2840 Μέμψεως
2323 2768 2357 2834 ἡ
2398 2763 2645 2828 διάλυσις
2673 2763 2913 2841 προϐαίη
2947 2767 3081 2822 κατὰ
3109 2768 3338 2840 νόμους,

2014 2859 2150 2930 Ἔχε
2178 2857 2276 2924 τὴν
2313 2852 2640 2909 διατύπωσιν
2675 2854 2899 2918 τελείως
2932 2856 3272 2932 ἐρρωμένην.

2014 2947 2073 2998 ’ω
2104 2945 2251 3019 παρὰ
2283 2945 2538 3018 γυναικός
2568 2964 2714 3006 τινος
2743 2946 3010 3008 υἱοθεσίαν
3045 2941 3215 3018 ἔχων,

2015 3035 2146 3090 Καθ’
2177 3032 2249 3087 ὧν
2281 3035 2416 3102 αύτή
2453 3030 2655 3088 διέθετο
2686 3040 2851 3088 κινεῖν
2887 3033 2984 3088 οὐκ
3015 3033 3271 3110 ἂξισχύει,

3254 3125 3419 3181 Vers.
3447 3125 3588 3182 4332

2013 3325 2211 3379 omnia
2241 3323 2491 3378 valeant.
2520 3323 2822 3378 Institutio
2854 3324 3267 3381 conditionalis
3305 3330 3414 3394 est,
3448 3325 3496 3380 si
3530 3325 3666 3397 quis

2013 3415 2089 3468 ita
2122 3413 2362 3468 scribit:
2399 3413 2444 3467 si
2480 3412 2604 3482 ipse
2639 3428 2926 3466 annorum
2961 3412 3397 3484 quinquaginta
3428 3413 3666 3480 moriar,

2013 3503 2376 3574 Nicephorus
2456 3500 2598 3555 mihi
2658 3501 2838 3556 haeres
2898 3507 3045 3556 esto.
3118 3503 3670 3558 Fideicommissum

2013 3599 2122 3658 est,
2183 3591 2230 3646 si
2291 3591 2425 3661 quis
2474 3589 2555 3643 ita
2613 3589 2780 3651 dixit,
2839 3606 2960 3644 rem
3017 3588 3142 3656 tali,
3201 3589 3302 3654 ﬁli,
3353 3591 3668 3646 restituito.

2013 3678 2351 3734 Universale
2381 3694 2513 3731 vero
2548 3677 2680 3732 fidei
2714 3678 3099 3732 commissum
3128 3684 3213 3732 est
3237 3678 3406 3744 illud,
3433 3695 3670 3734 omnem

2018 3785 2204 3825 meam
2239 3767 2634 3822 substantiam
2669 3765 2749 3819 illi
2785 3767 3095 3822 restituito.
3133 3767 3422 3823 Inutilitcr
3471 3768 3672 3823 datam

2014 3860 2362 3913 testamento
2398 3855 2819 3917 haereditatem,
2880 3872 3050 3909 nemo
3111 3855 3401 3911 codicillis
3458 3856 3670 3910 confir-

2018 3952 2156 4008 mat.
2209 3948 2292 4000 sic
2345 3945 2566 4015 placuit
2601 3943 2732 4014 legi.
2787 3943 3050 3999 Codicilli
3085 3944 3288 4014 scripti
3325 3950 3458 3999 ante
3489 3950 3669 4000 testa-

2015 4039 2304 4098 mentum,
2376 4032 2488 4085 nisi
2551 4037 2752 4102 postea
2810 4035 3165 4086 testamento
3225 4033 3670 4103 conﬁrmentur,

2017 4123 2246 4194 penitus
2283 4137 2394 4174 non
2429 4119 2639 4189 valent,
2677 4136 2741 4173 ac
2776 4120 2823 4174 si
2859 4120 3060 4190 scripti
3096 4136 3207 4175 non
3240 4125 3458 4177 essent.
3488 4122 3672 4176 Tutor

2016 4212 2181 4265 finita
2228 4209 2409 4264 tutela
2459 4210 2560 4263 dat
2613 4225 2845 4275 usuras,
2900 4225 3016 4278 quo
3053 4225 3237 4278 usque
3267 4208 3461 4264 tutelaa
3489 4209 3668 4264 ratio-

2017 4317 2119 4355 nes
2168 4299 2506 4353 reddiderit.
2557 4298 2741 4351 Tutor
2787 4313 2989 4352 emens
3023 4313 3140 4350 rem
3189 4297 3536 4368 pupillarem
3571 4315 3674 4369 per

2016 4387 2421 4459 interpositam
2477 4402 2785 4456 personam
2820 4401 2935 4438 non
2981 4385 3157 4440 habet
3204 4385 3561 4456 emptionem
3592 4386 3673 4441 le-

2017 4477 2188 4548 gibus
2239 4475 2592 4528 roboratam.
2654 4471 2807 4524 Licet
2855 4475 2985 4540 post
3033 4471 3150 4525 litis
3182 4473 3672 4530 contestationem

2018 4565 2327 4620 transactio
2360 4577 2536 4631 super
2569 4559 2814 4628 queerela
2848 4560 2918 4612 de
2941 4559 3266 4615 inofficioso
3293 4562 3443 4616 facta
3468 4579 3671 4617 secun-

2017 4655 2158 4708 dum
2208 4651 2365 4721 leges
2400 4649 2675 4718 procedat
2705 4652 3129 4701 testamentum
3165 4655 3359 4703 tamen
3418 4652 3667 4721 perfecte

2017 4742 2226 4797 valeat.
2259 4742 2302 4793 A
2333 4737 2580 4792 muliere
2611 4737 2925 4806 adoptatus
2957 4741 3160 4791 contra
3193 4739 3320 4806 ejus
3351 4741 3675 4794 testamen-

2018 4837 2142 4886 tum
2177 4827 2487 4900 quzerelam
2523 4841 2752 4880 movere
2786 4842 2896 4880 non
2935 4830 3145 4896 potest.
3172 4827 3359 4881 Tutor
3384 4828 3673 4882 bonorum

2020 4918 2453 4990 possessionem
2489 4916 2679 4986 potest
2712 4919 2928 4984 petere,
2980 4913 3142 4968 nullo
3194 4916 3362 4970 modo
3408 4933 3542 4971 vero
3572 4934 3666 4972 re-

2019 5008 2278 5079 pudiare.
2313 5005 2547 5058 Primus
2579 5003 2797 5072 gradus
2830 5019 2942 5056 non
2976 5008 3066 5057 est
3095 5005 3324 5073 generis
3374 5021 3440 5058 ex
3471 5005 3672 5076 latere,

2019 5095 2182 5150 solus
2230 5093 2386 5148 enim
2436 5091 2535 5145 ille
2584 5098 2672 5145 est
2703 5106 2904 5145 eorum
2937 5092 3036 5162 qui
3068 5109 3268 5163 supra,
3302 5098 3356 5147 et
3389 5095 3486 5164 qui
3523 5095 3675 5150 infra

2021 5189 2195 5238 sunt:
2249 5197 2430 5252 supra
2478 5179 2716 5250 quidem
2774 5185 3068 5252 parentes,
3119 5181 3271 5234 infra
3312 5180 3515 5236 liberi:
3551 5199 3676 5236 am-

2022 5273 2230 5327 borum
2279 5269 2460 5342 patris
2521 5274 2580 5323 et
2629 5267 2730 5322 lilii
2783 5269 3000 5338 primus
3053 5274 3143 5322 est
3192 5269 3448 5339 gradus:
3506 5269 3676 5326 liberi

2023 5361 2413 5431 praeferuntur
2483 5357 2541 5411 in
2593 5357 3015 5413 successione:
3078 5360 3348 5427 parentes
3404 5374 3538 5413 vero
3572 5377 3678 5431 po-

2023 5451 2202 5504 tiores
2253 5451 2391 5502 sunt
2439 5445 2559 5499 illis
2608 5445 2707 5515 qui
2759 5461 2826 5499 ex
2878 5444 3051 5499 latere
3101 5445 3367 5510 veniunt,
3422 5448 3676 5518 exceptis

2025 5538 2311 5593 fratribus
2387 5534 2756 5604 fratrumque
2837 5531 3007 5588 filiis:
3068 5531 3150 5588 illi
3213 5534 3428 5602 quibus
3485 5541 3677 5606 partes

3282 5661 3352 5719 3t
