4054 6200
373 228 485 288 971

379 356 561 414 Αίτεῐν
598 355 693 430 μὶν
726 354 1060 431 διακατοχήν
1093 352 1388 429 ἐπίτροπος
1420 353 1621 428 ἴσχύει,

378 449 639 500 ’Υποῦσαν
673 447 1042 521 παραιτεῖσθαι
1077 441 1134 497 δὶ
1162 445 1225 498 οὐ
1259 441 1476 497 δύναται
1509 440 1605 496 κᾶν
1647 443 1812 502 ὅλως.

379 540 604 607 Πρῶτος
639 535 843 610 βαθμὸς
874 533 940 586 ού
971 535 1172 608 πέφυκε
1202 536 1299 586 τοῦ
1329 531 1388 585 ἐκ
1413 531 1651 605 πλαγίοτ
1677 530 1884 605 γένους,

377 623 561 686 Μόνος
592 623 694 699 γὰρ
729 624 885 684 οὗτος
917 623 1119 698 πέφυκε
1149 625 1257 674 τῶν
1293 622 1422 688 ἄνω,
1457 621 1544 674 καὶ
1574 625 1681 674 τῶν
1709 619 1878 687 κάτω,

375 715 498 769 Τῶν
531 710 642 766 ἄνω
688 712 781 785 μὲν
817 713 869 765 οἳ
902 711 1181 788 φύσαντες,
1218 711 1268 762 οἱ
1301 709 1491 783 φύντες
1521 706 1577 763 δὲ
1605 713 1712 762 τῶν
1740 709 1908 772 κάτω,

379 803 618 880 Ἀμφοῖν
683 797 740 854 δὲ
795 799 980 854 τέκνου
1037 798 1124 853 καὶ
1178 798 1383 872 πατρὸς
1440 793 1594 858 ὄντος
1667 799 1878 872 βαθμοῦ
1935 799 2029 851 τοῦ

1692 888 1954 961 [πρώτου,

377 980 445 1037 Οἱ
477 975 666 1040 παῖδες
691 975 1116 1052 προτετίμηνται
1150 975 1226 1037 εἷς
1256 976 1354 1043 τήν
1387 975 1784 1050 κληρονομίαν,

378 1069 444 1126 Οἱ
478 1065 533 1122 δὶ
561 1070 736 1142 γονεῖς
763 1065 1099 1140 τυγχάνουσι
1130 1069 1337 1140 πρῶτοι
1372 1065 1478 1118 τῶν
1513 1063 1830 1139 ὲκπλαγίου,

376 1153 757 1229 Ἐξηρημένων
791 1151 1039 1231 ἀδελφῶν
1072 1154 1158 1206 καὶ
1205 1157 1310 1206 τῶν
1346 1150 1786 1230 ἀδελφοπαίδων,

379 1244 470 1307 οἷς
504 1241 645 1316 μέλη
677 1241 1055 1318 περισσεύουσι
1086 1239 1276 1304 παῖδες
1310 1241 1439 1296 εῗσὶν
1473 1241 1715 1304 ετκότως.

376 1331 668 1410 Κεφαλικῷ
698 1335 732 1402 ἡ
768 1329 960 1406 ἔγκυος
991 1328 1520 1406 ὲγκαταδικασθεῖσα.

372 1421 698 1494 Ἐλεύθερον
732 1421 846 1475 υἱὸν
877 1425 1057 1494 γεννᾷ,
1092 1416 1246 1490 δόξαν
1283 1419 1425 1474 οὕτω
1457 1425 1573 1481 τοῖς
1602 1419 1814 1492 νόμοις.

378 1512 536 1566 Θείου
569 1508 780 1566 δικαίου
811 1510 1040 1586 πέφυκεν
1074 1504 1187 1563 ἔνια
1214 1513 1320 1562 τῶν
1354 1509 1717 1583 πραγμάτιον,

368 1601 460 1661 Ὠς
489 1600 630 1675 ἱερὰ,
662 1599 752 1654 καὶ
788 1601 1060 1670 μνήματα,
1093 1597 1180 1651 καὶ
1209 1597 1426 1672 πόρται,
1459 1598 1546 1652 καὶ
1577 1597 1778 1672 τειχία,

368 1686 555 1744 ’Ἁλλα
586 1686 642 1742 δέ
673 1687 802 1742 εἰσιν
839 1688 1170 1762 ἀνθρώπινα,
1207 1685 1239 1739 ἃ
1269 1683 1334 1755 δὴ
1368 1686 1456 1741 καὶ
1486 1687 1699 1758 τέμνων
1739 1683 1917 1756 καλεῖ,

370 1776 446 1832 Τὰ
481 1778 572 1850 μὶν
604 1778 678 1840 ὡς
708 1773 982 1848 ἰδιωτικὰ,
1012 1777 1079 1830 τὰ
1111 1773 1167 1830 δὶ
1199 1772 1440 1848 δημόσιά
1468 1796 1609 1844 πως,

375 1870 549 1920 Ταῦτα
611 1867 703 1938 μὲν
763 1871 864 1934 τῆς
920 1867 1355 1937 κοινωνήματος,
1387 1864 1453 1918 τὰ
1508 1869 1700 1938 πρῶτα
1753 1867 1860 1918 τῶν
1911 1864 2027 1917 καθ’

1820 1949 1952 2022 [ἕνα.

377 2042 473 2105 Εἰς
502 2041 710 2114 πόρνην
737 2039 883 2103 δόσις
913 2040 1144 2114 ἄσεμνος
1178 2037 1410 2117 ἔρρωται
1440 2040 1576 2095 κατὰ
1604 2041 1830 2114 νόμους,

377 2133 492 2200 Τὴν
526 2129 571 2185 δ’
599 2129 913 2207 ἐρρωμένην
951 2127 1180 2204 δωρεὰν,
1214 2126 1327 2183 οὐδ’
1360 2129 1708 2202 αὐτοκράτωρ
1740 2129 1917 2187 παύει.

377 2219 554 2275 Πάντα
589 2219 681 2293 μὶν
716 2220 1116 2295 χρησιμώτατα
1144 2219 1212 2273 τὰ
1245 2218 1470 2280 Λεόντος
1507 2214 1714 2293 βιϐλία.

377 2307 784 2384 ῙΙολύχρηστον
819 2306 877 2362 δὲ
906 2307 1108 2385 πέφυκε
1132 2307 1338 2362 τούτων
1369 2309 1430 2362 τὸ
1460 2305 1795 2378 τελευταῖον,

375 2401 481 2466 Τῆς
512 2397 816 2472 συγγενείας
849 2398 901 2451 οἱ
932 2397 1128 2472 βαθμοὶ
1168 2401 1466 2471 σταυρικῶς
1499 2398 1891 2471 γεγραμμένοι,

377 2488 525 2540 ”Ανω
552 2486 638 2539 καὶ
673 2487 842 2557 κάτω,
872 2484 1122 2552 δέσποτα,
1152 2482 1368 2559 διχόθεν
1405 2481 1449 2538 δ’
1483 2484 1540 2538 ἐκ
1571 2483 1835 2557 πλαγίου,

376 2571 702 2644 Δηλώσουσί
761 2594 844 2627 σοι
902 2572 1030 2634 τοὺς
1089 2573 1352 2646 βαθμοὺς,
1406 2571 1531 2633 τοὺς
1587 2571 1857 2648 πρώτους,
1901 2571 2030 2634 τοὺς

1650 2661 1955 2736 [ἐσχάτους,

380 2749 487 2806 Κᾶν
564 2747 738 2814 οὕτως
803 2752 916 2823 (47)
990 2748 1364 2826 παραγράφεις
1437 2749 1654 2811 τούτοις
1732 2750 1877 2822 ἅναξ,
1935 2750 2026 2806 τὸν

1721 2839 1956 2914 [στίχον,

373 2926 726 2986 Εύσύνοπτον
765 2929 982 2998 ποιήσει
1014 2948 1097 2982 σοι
1122 2928 1219 2996 τήν
1251 2932 1450 3001 γνῶσιν
1485 2929 1593 2982 τῶν
1621 2929 1954 3005 γραφέντων.

371 3017 523 3072 Μάθε
553 3016 642 3071 καὶ
665 3018 758 3071 τὸν
794 3017 1125 3089 ζητούμενον
1160 3018 1400 3092 σήμερον
1431 3014 1595 3071 πλέον
1631 3016 1820 3089 νόμον.

371 3107 467 3163 Ὃν
502 3108 529 3160 ὁ
557 3101 864 3182 πρεσϐύτης
892 3107 1168 3179 Ῥωμανὸς
1202 3106 1477 3180 εἰσήνεγκε
1510 3110 1590 3178 τῷ
1626 3106 1748 3180 βίῳ,

372 3195 562 3258 Οὕτως
595 3196 685 3250 καὶ
716 3195 818 3270 γὰρ
854 3194 1097 3250 ἐκώλυσε
1127 3193 1222 3257 τὰς
1251 3195 1473 3268 πράσεις
1504 3199 1621 3256 τοῖς
1653 3196 1959 3268 χωργςταις,

365 3465 668 3522 abundant
715 3469 868 3521 recte
918 3464 1022 3519 ﬁlii
1074 3467 1232 3519 sunt.
1288 3463 1600 3533 Praegnans
1634 3461 1840 3517 ultimo
1873 3478 2014 3532 sup-

366 3553 542 3627 plicio
593 3553 892 3618 damnata,
945 3550 1197 3605 liberum
1253 3547 1437 3604 tilium
1475 3548 1648 3620 parit,
1679 3548 1760 3602 ita
1800 3546 2018 3619 placuit

363 3643 614 3715 legibus.
661 3638 968 3696 Nonnulla:
1023 3655 1113 3693 res
1163 3637 1344 3692 divini
1385 3637 1541 3707 juris
1581 3641 1740 3705 sunt,
1775 3642 1838 3691 ut
1866 3640 2015 3692 tem-

367 3729 484 3801 pla,
515 3731 920 3796 monumenta,
956 3730 1155 3798 portes,
1191 3725 1368 3780 muri.
1393 3723 1531 3780 Aliae
1556 3729 1696 3779 sunt
1722 3725 2012 3793 humanae,

365 3835 489 3888 quis
537 3817 618 3872 ita
674 3815 1056 3870 dividuntur:
1119 3813 1385 3884 quaedam
1447 3813 1702 3884 privatae,
1746 3813 2012 3884 quaedam

363 3904 632 3978 publicae.
666 3904 759 3958 Hae
789 3914 927 3958 sunt
958 3899 1376 3966 universitatis,
1411 3900 1608 3972 primm
1637 3917 1768 3956 vero
1804 3901 2010 3957 unius-

363 3994 672 4064 cujusque.
724 3989 1010 4047 Meretrici
1063 3989 1214 4044 facta
1272 3988 1584 4045 inhonesta
1632 3990 1870 4045 donatio
1920 4007 2009 4046 se-

359 4083 620 4138 cundum
675 4081 832 4153 leges
891 4079 1059 4136 valet.
1121 4079 1507 4134 Donationem
1567 4083 1720 4135 recte
1794 4079 2008 4136 factam

360 4172 548 4244 neque
605 4171 927 4243 imperator
981 4167 1286 4224 rescindit.
1338 4168 1499 4223 Certe
1548 4184 1752 4224 omnes
1806 4169 2007 4225 Leonis

1527 224 1628 282 AD
1674 221 1891 282 ΜῘΟΗ.
1937 221 2210 282 PSELLI
2254 221 2640 281 SYNOPSIN

2053 358 2106 421 Α
2135 352 2235 411 Tia;
2266 352 2402 424 πρὸς
2437 350 2645 426 μεγάλα
2671 349 2939 423 πρόσωπα
2974 350 3035 406 τὸ
3067 355 3284 424 πρῶτον
3315 351 3630 426 γινομένας,

3666 226 3795 284 9³12

2139 439 2367 502 Τούτοις
2395 440 2492 514 γὰρ
2526 439 2836 514 ἀπετείχισε
2869 438 3032 514 μέχρὶ
3056 440 3141 494 καὶ
3177 444 3282 493 τῶν
3315 439 3584 516 ἐσχάτων,

2141 530 2468 604 Χωρητικῆν
2503 528 2822 604 ἀγροικικήν
2858 528 3005 589 ὅλως
3037 531 3334 599 κτήσασθαι
3366 537 3578 601 κτῆσιν,

2139 623 2200 671 Ἢ
2235 619 2455 694 ἀγοραῖς
2486 620 2519 688 ἢ
2554 615 2782 690 δωρεαῖς
2814 616 2848 686 ἢ
2881 618 2970 670 καὶ
3003 614 3412 689 κληροδοσίαις.

2139 708 2491 782 Ἀντιστροφή
2521 705 2610 760 καὶ
2641 706 2741 780 γὰρ
2773 704 2957 767 αὐτοῖς
2991 705 3286 782 ἀνάργυρος
3312 706 3538 782 ἐτάχθη.

2139 798 2243 852 Καὶ
2278 801 2395 859 τοῖς
2420 793 2681 860 πωλῆσαι
2715 793 2980 866 μέλλουσι
3010 800 3118 848 τῶν
3153 801 3407 871 χωριτῶν
3437 797 3593 852 ἐνίων

2137 885 2243 953 Τήν
2277 892 2466 954 κτῆσιν
2499 885 2599 952 τὴν
2633 883 2888 954 ἀκίνητον
2917 885 2977 952 ἣν
3011 881 3176 958 ἔσχον
3206 886 3260 939 ἓν
3287 886 3538 962 χωρίοις,

2140 972 2380 1030 Δέδωκεν
2415 974 2490 1035 εἷς
2523 973 2780 1043 ἐξώνησιν
2812 973 2945 1034 τοὺς
2973 974 3540 1049 συμπαρακειμένους,

2137 1066 2232 1117 Ὧν
2258 1068 2472 1136 πρῶτον
2510 1063 2604 1134 μὲν
2635 1063 2685 1115 οἱ
2716 1061 2962 1135 κείμενοι
2993 1067 3101 1117 τῶν
3136 1065 3403 1140 συγγενῶν
3424 1063 3686 1136 πλησίον,

2138 1154 2272 1210 Μεθ’
2306 1151 2397 1214 οὒς
2429 1153 2479 1206 οἱ
2516 1152 2676 1224 μόνον
2707 1151 2900 1224 ἀναμὶξ
2928 1150 3148 1214 τούτοις
3180 1148 3650 1228 συμϐεϐλημένοι,

2139 1242 2236 1294 Καὶ
2273 1242 2385 1314 μετ’
2419 1239 2614 1302 αὐτοὺς
2646 1237 2934 1312 ὁμοτελεῖς
2966 1243 3548 1316 συμπαρατεθειμένοι,

2139 1331 2272 1386 Μεθ’
2305 1328 2396 1391 οὓς
2430 1331 2480 1382 οἱ
2517 1330 2665 1404 μέρει
2700 1331 2980 1384 summai“
3011 1329 3162 1384 οὗτοι
3195 1329 3300 1405 γὰρ
3329 1331 3684 1403 τελεόταίων,

2137 1417 2480 1491 Τυγχάνουσι
2515 1413 2561 1469 δ’
2592 1417 2878 1493 ὁμοτελεῖς
2909 1416 2982 1477 ὡς
3012 1414 3174 1492 ἤρεσε
3197 1423 3318 1481 τοῖς
3346 1419 3557 1492 νόμοις,

2138 1507 2310 1578 Ὁμοῦ
2341 1504 2533 1567 πάντες
2567 1506 2618 1559 οἱ
2652 1512 2751 1574 τῆς
2783 1505 2954 1570 αὐτῆς
2990 1506 3264 1582 ὑποταγῆς
3293 1508 3575 1583 τυχύντες,

2141 1595 2248 1650 Κᾶν
2283 1593 2556 1672 διαφόρων
2587 1585 2760 1668 ἔχωσι
2793 1592 3103 1667 τελέσματα
3129 1596 3358 1650 τοπὶων.

2139 1684 2198 1738 Ὁ
2231 1681 2287 1737 δὲ
2316 1680 2828 1757 πορφυρογέννητος
2859 1681 3148 1748 Βασίλειος
3178 1681 3464 1755 δεσπότης,

2135 1777 2258 1833 Τοῖς
2289 1769 2535 1834 δυτατοῖς
2565 1767 2853 1825 ἀπέκλεισε
2882 1777 3053 1825 πᾶσαν
3088 1771 3250 1848 ἷσχὺν
3280 1779 3376 1827 τοῦ
3401 1774 3625 1849 χρόνου,

2139 1857 2241 1916 Κᾶν
2276 1857 2449 1921 εἴποις
2477 1861 2895 1934 τεσσαράκοντα,
2928 1857 3022 1914 κᾶν
3057 1859 3230 1922 εἷ’ποις
3261 1860 3340 1924 δὶς
3368 1864 3684 1937 τοσούτους,

2139 1951 2364 2003 ’Δπεῖπε
2397 1946 2452 2003 δὶ
2479 1954 2595 2012 τοῖς
2627 1946 2873 2010 δυνατοῖς
2904 1951 3070 2022 τιμὰς
3101 1946 3524 2024 ἀναλαμϐάνειν,

2137 2041 2230 2092 Ὧν
2263 2036 2391 2100 ἴσως
2424 2040 2730 2113 ἡγοράκασι
2763 2037 2820 2092 ἐκ
2850 2044 3107 2114 χωριτῶν
3139 2041 3367 2112 τοπίων,

2135 2129 2232 2181 Τὸν
2267 2127 2435 2199 νόμον
2461 2125 2508 2181 δ’
2539 2126 2855 2181 ἀντανέλυσε
2875 2131 3065 2182 τοῦτον
3099 2129 3204 2183 ἀπὸ
3233 2134 3330 2183 τοῦ
3361 2125 3607 2200 πάππου,

2137 2218 2244 2285 Τὴν
2273 2223 2444 2271 πᾶσαν
2477 2211 2622 2291 ἔχειν
2662 2214 2890 2290 δύναμιν
2927 2221 3034 2271 τῶν
3071 2215 3537 2294 διηγορευμένων.

2141 2305 2202 2362 Εἰ
2235 2303 2292 2360 δέ
2320 2326 2458 2367 τινες
2491 2309 2596 2359 τῶν
2629 2309 2885 2380 χωριτῶν
2916 2304 3174 2380 εύκτήρια
3201 2305 3478 2370 τελοῦντες

2142 2393 2383 2465 Κλησεις
2415 2393 2761 2464 έπιτεθήκασι
2791 2395 3008 2456 τούτοις
3045 2397 3447 2469 μοναο-τηρίων,

2140 2483 2421 2538 Κέεθτεῦθεν
2455 2483 2880 2560 ἐκπροφάσιστον
2911 2485 3089 2557 ὁρμὴν
3122 2484 3501 2560 ἐφευρηκότες,

2138 2576 2252 2625 Τῶν
2284 2571 2595 2626 ἐπισκόπων
2622 2570 2753 2625 ἔνιοι
2788 2571 3050 2646 ἐκράτησε
3079 2574 3169 2627 τὸν
3197 2573 3385 2643 τόπον,

2140 2660 2435 2734 Ἐναίρεσιν
2468 2663 2501 2729 ἡ
2538 2661 2696 2727 νεαρὰ
2732 2660 2938 2714 τούτων
2971 2663 3183 2716 πάντων
3215 2669 3472 2734 ποιεῖται,

2140 2750 2238 2804 Καὶ
2271 2747 2436 2803 πάλιν
2469 2746 2769 2804 ἀποδίδωσι
2803 2750 2896 2811 τὰς
2925 2753 3142 2820 κτήσεις
3170 2757 3287 2814 τοῖς
3320 2754 3609 2828 χωρίταις.

2139 2836 2211 2894 Ei’
2236 2836 2282 2892 δ’
2315 2837 2445 2900 ἴσως
2482 2837 2862 2909 ἐπηυξήθησαν
2896 2839 2949 2893 αἱ
2981 2842 3195 2910 κτήσεις
3229 2843 3283 2894 αἱ
3313 2848 3582 2913 τοιαῦται,

2140 2927 2350 2982 Πολλοί
2386 2949 2442 2982 τε
2473 2927 2819 3004 ἀπεκάρησαν
2849 2929 2957 2983 τῶν
2990 2931 3498 3003 πεπληστιακότων,

2139 3014 2411 3078 Ἐπίδοσίς
2441 3039 2522 3078 τις
2553 3016 2741 3092 γέγονε
2770 3019 2980 3072 τούτων
3012 3023 3118 3073 τῶν
3151 3020 3469 3095 εύκτηρίων,

2061 3108 2102 3173 C
2142 3106 2310 3159 Ὀκτὼ
2341 3106 2430 3160 καὶ
2466 3103 2592 3160 δέκα
2625 3111 2881 3182 μοναχῶν
2914 3106 3128 3170 τούτοις
3172 3109 3573 3185 ἀποκαρέντων,

2143 3194 2355 3248 Τούτων
2395 3193 2546 3250 οὐδὲν
2580 3195 2820 3271 ἀνῄρητο
2851 3193 3035 3259 καλῶς
3068 3197 3426 3270 ὁνομοθέτης.

3386 3291 3542 3346 Vers.
3582 3293 3719 3347 1394

2125 3461 2348 3516 statuit.
2385 3463 2547 3526 Quod
2582 3462 2627 3518 si
2661 3463 2877 3519 vellent
2909 3463 3148 3534 quidam
3185 3467 3388 3521 rustici
3425 3468 3795 3526 immobilem

2126 3549 2460 3620 praedialem
2481 3551 2912 3621 possessionem
2936 3554 3204 3622 vendere,
3221 3554 3798 3628 circumadjacentes

2125 3640 2195 3694 ad
2258 3639 2615 3711 emptionem
2672 3642 2926 3696 vocavit:
2987 3642 3246 3713 primum
3308 3645 3546 3717 quidem
3607 3649 3802 3719 positi

2124 3733 2285 3794 sunt,
2319 3729 2567 3798 cognati,
2601 3729 2811 3784 deinde
2847 3731 2947 3802 qui
2981 3732 3314 3802 promiscue
3338 3749 3472 3790 cum
3499 3735 3621 3792 illis
3647 3755 3799 3809 pos-

2123 3818 2419 3874 sessiones
2468 3817 2662 3886 habet,
2712 3824 2771 3874 et
2819 3824 2952 3891 post
2999 3820 3132 3877 illos
3180 3822 3280 3894 qui
3323 3824 3524 3879 eadem
3563 3827 3799 3884 tributa

2122 3907 2442 3978 pendentes
2475 3906 2874 3979 circumpositi
2906 3914 3066 3974 sunt,
3096 3911 3336 3966 tandem
3359 3916 3460 3983 qui
3489 3930 3595 3984 pro
3618 3922 3797 3988 parte

2120 3995 2294 4050 vicini
2325 4000 2485 4066 sunt,
2518 3995 2601 4050 illi
2640 3997 2798 4052 enim
2835 3997 3050 4053 ultimi.
3086 3998 3379 4056 Vocantur
3407 4018 3541 4058 vero
3584 4003 3794 4073 ὁμοτι-

2122 4079 2256 4154 λεῖς,
2293 4089 2356 4140 ut
2385 4084 2614 4156 legibus
2666 4084 2908 4156 placuit,
2935 4086 3032 4157 qui
3065 4087 3245 4143 simul
3277 4089 3545 4160 ejusdem
3580 4093 3795 4165 subje-

2120 4174 2331 4229 ctionis
2383 4178 2546 4242 sunt,
2579 4172 2715 4229 licet
2744 4191 2847 4246 pro
2883 4174 3130 4231 diversis
3161 4176 3307 4234 locis
3337 4183 3395 4235 et
3440 4179 3643 4236 fundis
3679 4184 3795 4238 tri-

356 4261 489 4317 libri
539 4260 794 4316 multum
850 4258 1024 4315 utiles
1073 4262 1231 4326 sunt,
1282 4257 1523 4313 ultimus
1564 4275 1696 4313 vero
1758 4259 2007 4314 maxime
2039 4245 2083 4307 D
2114 4261 2258 4318 buta
2305 4262 2584 4334 pendant.
2640 4266 2713 4317 At
2750 4245 3046 4320 dominus
3096 4265 3348 4322 Basilius
3379 4267 3437 4322 in
3474 4269 3786 4345 Porphyra

356 4350 557 4406 utilis:
607 4368 743 4405 nam
775 4350 835 4404 in
869 4365 936 4404 eo
963 4347 1496 4418 consanguinitatis
1526 4349 1746 4418 gradus
1789 4348 1848 4403 in
1882 4365 2009 4403 mo-

352 4440 486 4495 dum
547 4439 739 4494 crucis
796 4436 1075 4508 descripti
1148 4441 1325 4491 sunt:
1384 4453 1584 4508 supra,
1635 4441 1693 4491 et
1741 4438 1911 4492 infra.
1963 4437 2004 4492 Ο

355 4527 611 4594 domine,
635 4527 938 4599 bipartito,
978 4530 1034 4580 et
1054 4542 1123 4580 ex
1161 4526 1356 4593 latere,
1383 4525 1876 4581 demonstrabunt
1899 4526 2003 4580 tibi

355 4617 574 4689 gradus
604 4615 826 4688 primos
855 4619 911 4670 et
949 4613 1207 4684 ultimos,
1242 4630 1388 4684 quos
1421 4614 1469 4668 si
1501 4613 1652 4685 quis,
1681 4631 1712 4670 o
1759 4631 1877 4681 rex,
1911 4614 2004 4669 his

350 4705 620 4762 versibus
696 4701 1096 4775 adscripserit,
1176 4703 1530 4774 scriptorum
1609 4702 1874 4756 notiliam
1943 4702 2000 4757 in

349 4794 746 4868 pulcherrimo
778 4792 1124 4864 compendio
1159 4792 1261 4846 tibi
1295 4792 1475 4846 dabit.
1513 4790 1680 4846 Disce
1723 4790 1916 4858 hodie,
1949 4796 2005 4846 et

351 4884 486 4940 audi
537 4885 998 4955 perscrutantem
1053 4880 1236 4952 legem
1272 4898 1446 4952 quam
1481 4879 1678 4934 senior
1709 4880 2001 4937 Romanus

343 4973 542 5027 vivens
590 4971 892 5043 exposuit:
946 4971 1040 5025 Sic
1099 4969 1258 5025 enim
1314 4967 1578 5022 cohibuit
1635 4968 1998 5024 venditiones

345 5079 378 5116 a
425 5059 664 5116 rusticis
709 5059 874 5131 prius
922 5057 1191 5130 personis
1240 5055 1574 5110 illustribus
1625 5057 1847 5113 factas:
1882 5057 2000 5113 illis

344 5167 532 5223 usque
566 5149 637 5205 ad
670 5149 945 5204 ultimum
980 5143 1302 5218 prohibuit,
1338 5143 1555 5214 prmdia
1586 5150 1642 5200 et
1684 5163 1876 5217 agros,
1910 5157 1997 5210 vel

337 5239 658 5310 emptione,
691 5237 778 5292 vel
811 5235 1131 5305 dotatione,
1164 5231 1249 5287 vel
1275 5234 1646 5291 successione
1670 5237 1992 5307 acquirere,

345 5332 403 5384 et
425 5327 855 5384 restitutionem
880 5324 1058 5381 etiam
1085 5339 1203 5379 non
1230 5327 1534 5380 numerato
1558 5325 1741 5396 pretio
1763 5324 1997 5382 villanis

423 5529 627 5602 (17);Εἷ
656 5550 762 5591 τις.

2119 4357 2314 4418 natus,
2365 4351 2792 4422 potentioribus
2845 4369 3019 4408 omne
3071 4356 3350 4426 temporis
3399 4357 3582 4412 robur
3630 4376 3793 4430 pran-

2116 4439 2315 4507 clusit,
2368 4440 2482 4495 sive
2533 4456 2719 4495 annos
2769 4441 3164 4514 quadraginta
3223 4444 3404 4515 dicas,
3464 4445 3587 4502 sive
3647 4449 3792 4506 illos

2115 4527 2420 4600 duplices:
2456 4533 2512 4584 et
2544 4529 2847 4601 prohibuit
2877 4531 3313 4602 potentioribus
3349 4535 3611 4607 recipere
3643 4555 3789 4609 pre-

2114 4617 2195 4671 tia
2224 4633 2500 4688 agrorum
2532 4633 2682 4689 quos
2713 4618 2999 4674 avillanis
3022 4626 3292 4676 emerunt
3320 4640 3332 4678 :
3356 4622 3516 4680 illam
3543 4642 3683 4682 vero
3707 4627 3787 4682 le-

2113 4722 2243 4778 gem
2277 4723 2309 4760 a
2340 4723 2552 4776 proavo
2587 4708 2859 4775 retexuit,
2885 4707 3213 4765 edictorum
3237 4727 3473 4767 omnem
3497 4713 3780 4772 virtutem

2114 4795 2467 4852 habituram.
2503 4796 2562 4850 Si
2595 4796 2834 4868 quidam
2871 4797 3073 4852 rustici
3109 4800 3363 4856 oratoria
3387 4801 3772 4874 aediﬁcantes,

2112 4884 2230 4939 illis
2253 4885 2488 4940 nomina
2512 4885 3009 4941 monasteriorum
3034 4886 3466 4960 imposuerunt,
3490 4893 3773 4952 etdeinde

2111 4973 2347 5045 quidam
2399 4973 2658 5045 episCOpi
2705 4975 2970 5046 specioso
3015 4977 3273 5046 quodam
3308 4978 3527 5051 impetu
3562 4983 3769 5052 delati,

2111 5060 2303 5116 locum
2354 5060 2412 5115 in
2459 5077 2626 5115 suam
2675 5065 3028 5133 potestatem
3074 5064 3390 5137 redigunt:
3424 5067 3527 5124 illa
3567 5073 3766 5128 omnia

2112 5149 2340 5205 novella
2389 5149 2654 5221 sustulit,
2711 5156 2768 5206 et
2815 5168 3023 5208 rursus
3069 5156 3474 5224 possessiones
3525 5162 3768 5218 rusticis

2110 5239 2322 5293 reddit.
2376 5239 2537 5302 Quod
2573 5239 2621 5295 si
2655 5244 2836 5295 aucta
2869 5241 2988 5296 sint
3019 5240 3129 5296 illae
3160 5246 3591 5315 possessiones,
3627 5266 3770 5307 cum

2111 5327 2280 5383 multi
2332 5327 2507 5383 vicini
2554 5327 2614 5383 in
2666 5328 2783 5385 illis
2825 5329 2981 5386 tonsi
3015 5329 3155 5398 sint,
3187 5335 3246 5388 et
3275 5333 3515 5393 donatio
3554 5337 3769 5396 collata
