4054 6200
394 334 541 393 1011

1729 322 2144 386 MlCHAELIS
2189 322 2457 383 PSELLI

3639 316 3813 374 1013

396 480 529 518 rum
553 478 707 518 unus
729 455 1826 533 quidemAcbarneus,alterEleusinius
1849 455 2033 513 nomi-

2186 472 2342 525 μησε.
2379 455 2502 507 Τῶν
2562 449 2621 505 δέ
2679 448 2871 522 δήμων
2934 450 2963 502 ὁ
3017 446 3110 520 μέν
3165 467 3248 510 τις
3309 444 3691 533 ’ᾼχαρνεῦς,ὁ
3750 442 3817 498 δὲ

401 556 601 621 natus,
644 552 798 606 unde
848 552 1003 605 cives
1061 554 1117 603 et
1175 548 1630 603 nominabantur
1658 545 1954 601 Acharnes
1984 548 2042 600 et

404 639 717 707 Eleusinei;
751 644 806 693 et
838 639 894 692 in
928 638 1217 691 columnis
1245 635 1618 689 versatilibus
1650 636 1860 689 civium
1894 634 2044 689 asci-

403 734 597 784 torum
632 728 866 783 nomina
886 726 1379 781 inscribebantur.
1408 725 1475 778 Et
1497 724 1545 779 si
1568 725 1701 795 quis
1724 723 2045 795 inscriptus

335 831 343 839 '
405 816 836 889 peregrinitatis
867 815 1247 886 arguebatur,
1280 830 1411 868 eum
1438 812 1797 868 accusabant
1828 812 1925 883 qui
1951 828 2048 866 su-

405 905 811 977 spicabantur,
834 906 889 958 et
927 902 1047 956 haec
1079 900 1373 956 accusatio
1406 905 1528 955 erat
1571 899 1849 954 recensio.
1896 898 1966 952 Et
1998 897 2047 953 si

405 994 575 1064 plura
605 991 885 1062 suli‘ragia
916 990 1272 1045 recensitum
1290 988 1681 1060 expellebant,
1704 989 1821 1042 baro
1844 986 2045 1058 expul-

406 1082 492 1137 sio
524 1080 755 1150 rejectio
787 1081 1115 1135 dicebatur.
1164 1079 1221 1133 Si
1272 1084 1471 1133 autem
1522 1078 1771 1147 rejectus
1802 1094 1836 1131 a
1864 1075 2050 1131 demis

405 1172 474 1224 ad
524 1185 835 1223 commune
890 1168 1151 1222 tribunal
1207 1167 1693 1232 transferebatur,
1740 1179 2050 1236 provocare

405 1259 746 1323 dicebatur,
806 1260 863 1311 et
921 1273 989 1311 ea
1046 1255 1356 1311 translatio
1411 1253 1745 1326 provocatio
1779 1252 2051 1308 nomina-

405 1347 595 1402 batur.

479 1436 563 1489 10.
599 1433 705 1499 Qui
757 1437 948 1488 autem
1002 1432 1237 1503 aliquod
1293 1448 1512 1487 munus
1562 1430 1863 1503 publicum
1897 1428 2053 1485 subi-

408 1525 572 1591 bant,
631 1522 729 1593 qui
788 1522 1009 1577 triremi
1066 1527 1353 1592 praeerant
1401 1521 1492 1574 vel
1552 1520 1863 1574 aedificium
1912 1535 2051 1573 con-

408 1612 734 1676 struebant,
788 1610 1051 1665 muneris
1099 1610 1188 1664 sui
1240 1614 1476 1680 tempus
1524 1608 2050 1679 procrastinabant,

409 1703 780 1754 accusatores
807 1698 926 1753 illis
970 1697 1455 1770 disceptationem
1489 1711 1720 1751 movere
1750 1694 2053 1750 existima-

408 1787 644 1841 bantur.

482 1877 566 1930 11.
601 1874 957 1945 Objectionis
989 1879 1184 1929 autem
1235 1879 1292 1929 et
1333 1891 1436 1946 per
1468 1873 2055 1945 suﬁ‘ragiagcondem-

408 1963 664 2018 nationis
687 1963 808 2019 haec
839 1968 927 2019 est
945 1963 1295 2018 differentia.
1322 1963 1582 2035 Objectio
1606 1963 1673 2017 ﬁt
1703 1963 1774 2017 de
1804 1961 2056 2033 cognitis

411 2052 666 2107 accusati
702 2051 969 2122 injuriis;
993 2052 1401 2107 condamnatio
1435 2060 1627 2106 autem
1678 2055 1765 2106 est
1794 2067 2058 2105 commu-

407 2142 497 2195 nis
529 2140 791 2213 suﬂ'ragii
822 2140 1022 2213 populi
1053 2145 1253 2196 contra
1279 2156 1412 2195 eum
1449 2139 1787 2195 declaratio.

482 2251 567 2304 12.
601 2249 948 2305 Intentionis
971 2248 1239 2319 depulsio
1271 2248 1610 2319 etexceptio
1627 2247 1881 2302 multum
1906 2248 2059 2302 inter

410 2354 474 2393 se
504 2339 802 2393 differunt.
831 2336 1704 2407 Discretioenimjudicantium
1729 2336 2059 2392 communis

410 2427 481 2481 de
513 2444 573 2481 re
606 2427 867 2482 nondum
902 2427 974 2481 ad
1004 2426 1260 2480 tribunal
1293 2425 1651 2489 introducta,
1679 2424 2059 2480 estintentio-

411 2516 503 2570 nis
535 2515 967 2586 depulsio;qute
991 2520 1188 2570 autem
1221 2515 1285 2568 fit
1316 2516 1386 2568 de
1422 2531 1479 2568 re
1513 2513 1980 2584 rebusjudicatis
2003 2518 2060 2568 et

412 2605 736 2659 secundum
766 2603 925 2675 leges
958 2604 1353 2675 pronuntiatis
1402 2604 1660 2657 secunda
1704 2604 1973 2657 tractatio
2005 2606 2062 2657 et

412 2692 702 2747 discussio
736 2697 974 2747 vocatur
993 2691 1273 2761 exceptio.
1300 2691 1575 2762 Excipere
1598 2696 1794 2746 autem
1826 2691 2061 2762 permit-

411 2780 555 2835 titur
586 2780 657 2834 iis
691 2780 789 2852 qui
823 2780 893 2834 de
925 2796 991 2835 eo
1022 2779 1282 2834 accusati
1330 2784 1471 2834 sunt
1526 2780 1681 2849 quod
1743 2779 1903 2835 nulla
1935 2779 2061 2852 lege

415 2872 704 2923 statutum
737 2873 848 2924 est.

487 3046 572 3101 13.
597 3046 762 3101 Actio
796 3063 910 3102 non
945 3045 1145 3117 scripti
1178 3044 1313 3101 talis
1344 3050 1488 3103 erat.
1539 3046 1761 3103 Tabula
1802 3046 2062 3120 singulo-

416 3152 547 3191 rum
578 3135 965 3191 tribunalium
1021 3135 1227 3206 parieti
1262 3136 1494 3191 cuidam
1542 3136 1973 3209 applicabatur,
2006 3140 2064 3191 et

413 3226 541 3295 ejus
563 3225 662 3295 qui
720 3242 789 3280 ex
838 3228 1131 3281 sententia
1182 3225 1417 3297 publico
1467 3225 1668 3282 aerario
1702 3227 1948 3281 debebat
1980 3225 2061 3280 ibi

417 3330 629 3369 nomen
686 3314 1037 3384 inscriptum
1098 3320 1244 3381 erat,
1280 3318 1336 3369 et
1386 3316 1549 3383 juxta
1607 3331 1821 3370 nomen
1882 3315 2063 3369 debiti

418 3402 735 3473 quantitas.
772 3402 830 3457 Si
864 3404 1001 3473 quis
1031 3409 1227 3458 autem
1279 3404 1497 3458 debens
1532 3409 1588 3459 et
1621 3402 1942 3474 inscriptus
1973 3404 2062 3457 in-

417 3491 791 3562 scriptionem
821 3492 971 3546 clam
999 3491 1373 3559 abolevisset,
1407 3493 1584 3563 hujus
1612 3493 1795 3565 culpae
1823 3509 1952 3548 reus
1974 3509 2064 3547 ac-

420 3582 579 3635 tione
609 3598 723 3635 non
758 3580 960 3651 scripti
983 3582 1389 3635 accusabatur.

491 3670 577 3722 14.
611 3668 716 3730 Qui
742 3668 989 3723 fundum
1022 3675 1122 3723 aut
1169 3670 1410 3724 domum
1462 3686 1531 3724 ex
1576 3671 2060 3725 condemnatione

415 3756 780 3825 excipiebant
810 3772 910 3825 per
943 3756 1236 3811 interdicti
1269 3757 1549 3812 actionem
1586 3760 2059 3813 accusabanteos

416 3843 514 3913 qui
544 3845 704 3912 ipsos
727 3842 1237 3914 indeexpulerant.
1260 3846 1526 3899 Priscum
1559 3852 1615 3898 et
1643 3847 1894 3900 Atticum
1930 3864 2057 3901 ver-

407 3932 548 3985 bum
574 3936 662 3986 est
683 3947 895 3993 arcere,
922 3932 1075 4000 quod
1096 3933 1310 4001 posteri
1342 3933 1400 3986 in
1425 3934 1678 3989 Grazcum
1710 3936 1897 4006 magis
1926 3952 2057 3990 ver-

410 4021 550 4075 bum
590 4025 985 4086 mutaverunt,
1038 4037 1245 4092 nempe
1293 4018 1512 4092 ἐξελεῖν,
1542 4023 1597 4077 id
1650 4028 1739 4078 est
1771 4024 2056 4079 institutis

408 4108 715 4181 expellere.

480 4200 564 4254 15.
598 4199 651 4253 Si
687 4199 821 4271 quis
862 4202 1058 4255 autem
1111 4214 1317 4255 servus
1368 4200 1539 4256 ﬁebat
1590 4200 1935 4258 insidiarum
1970 4202 2055 4258 le-

402 4287 624 4360 gitimis
646 4288 905 4343 dominis
936 4305 1095 4357 reus,
1136 4288 1532 4345 derelictionis
1556 4292 1708 4346 actio
1743 4308 1809 4347 ea
1840 4308 1930 4347 res
1956 4308 2053 4347 no-

406 4378 763 4433 minabatur.

474 4466 563 4519 46.
602 4466 739 4520 Litis
772 4465 1100 4536 antiquatio
1134 4467 1204 4521 ab
1239 4467 1464 4522 actione
1522 4467 1787 4523 liberatio
1818 4468 2050 4523 diceba-

2084 1829 2133 1893 B

2153 541 2482 601 Ἐλευσίνιος
2515 538 2928 611 κατωνόμαστο,
2959 536 3049 615 ἀφ’
3095 537 3170 590 ὦν
3216 537 3272 589 οἱ
3328 532 3565 607 δημόται
3623 554 3814 609 παρω-

2151 630 2335 703 νύμως
2386 632 2838 702 κατωνομάζοντο
2891 629 3179 703 Ἀχαρνεῖς
3224 626 3259 696 ἦ
3320 624 3686 681 Ἐλευσίνιοι·
3719 623 3814 677 καὶ

2152 720 2299 793 παρὰ
2328 724 2445 780 ταῖς
2476 713 2697 792 κύρϐεσι
2744 717 2811 771 τὰ
2854 720 2961 771 τῶν
3011 712 3507 787 ὃημοποιουμὲνων
3566 712 3811 785 ὀνόματα

2155 807 2538 885 ἀνεγράφοντο.
2580 806 2644 863 Ei
2679 804 2735 862 δέ
2776 827 2857 867 τις
2909 804 3232 882 ἀναγραφεὶς
3275 801 3400 873 ἥλω
3452 803 3651 874 ξενίας,
3682 822 3811 856 κατ-

2156 896 2390 972 ηγόρουν
2442 896 2605 951 άύτοῦ
2656 896 2707 950 οἱ
2758 894 3170 954 ὑπωπτευκότες
3206 912 3218 925 ·
3269 891 3358 947 καὶ
3410 895 3443 962 ἡ
3497 888 3811 965 κατηγορία

2159 982 2478 1063 διαψήφισις
2532 986 2621 1053 ἦν.
2681 983 2747 1041 Εἰ
2805 981 2863 1037 δέ
2913 988 3020 1037 τῶν
3084 983 3281 1059 ψήφων
3332 981 3387 1034 αἰ
3436 980 3664 1040 πλείους
3716 980 3806 1034 τὸν

2161 1072 2585 1150 διαψηφισθέντα
2661 1072 3002 1143 ἀπήλαυνον,
3080 1072 3417 1148 ἀποψηφισις
3485 1068 3703 1143 ἐλέγετο
3775 1070 3812 1135 ἡ

2159 1162 2446 1223 ἀπέλασις.
2480 1162 2545 1220 Εἰ
2586 1159 2631 1215 δ’
2663 1163 2691 1216 ὁ
2724 1160 3123 1236 ἀποψηφισθεὶς
3177 1160 3283 1215 ἀπὸ
3334 1164 3441 1213 τῶν
3496 1156 3689 1230 δήμων
3742 1156 3817 1217 εἷς

2157 1252 2221 1307 τὸ
2271 1252 2451 1306 κοινὸν
2507 1249 2857 1326 δικαστήριον
2922 1250 3250 1323 μετετίθετο,
3300 1248 3504 1325 ἐφιέναι
3580 1246 3820 1323 ἐλέγετο,

2160 1342 2250 1396 καὶ
2283 1344 2318 1410 ἡ
2356 1340 2633 1413 μετάθεσις
2664 1336 2843 1417 ἔφεσις
2874 1339 3210 1412 ὠνομάζετο.

2238 1437 2286 1487 ι’.
2318 1429 2380 1485 Ei
2412 1426 2469 1483 δὲ
2518 1429 2857 1504 λειτουργεῖν
2907 1448 3050 1490 τινες
3096 1426 3412 1501 ταχθέντες,
3459 1430 3814 1500 τριηραρχεῖν

2162 1520 2197 1589 ἢ
2252 1515 2588 1591 οἰκοδομεῖν,
2636 1520 2728 1572 τὸν
2784 1518 2973 1591 καιρὸν
3024 1517 3369 1589 ὑπερετίϐουν
3416 1522 3515 1583 τῆς
3567 1512 3819 1585 λειτουρ-

2160 1608 2301 1684 γίας,
2338 1608 2388 1661 οἱ
2422 1606 2854 1681 ἀντικρινόμενοι
2886 1605 3101 1667 τούτοις
3133 1602 3461 1659 διαδικασίαν
3493 1608 3659 1657 κινεῖν
3700 1603 3820 1656 κατ’

2164 1697 2338 1751 αὐτῶν
2372 1696 2712 1769 ἐνομίζοντο.

2240 1877 2325 1932 ια’.
2357 1870 2655 1952 Προὸολῆς
2687 1870 2746 1929 δέ
2773 1873 2863 1928 καὶ
2895 1872 3380 1948 καταχειροτονίας
3414 1871 3671 1925 τοσοῦτόν
3706 1868 3825 1923 ἐστι

2164 1966 2226 2020 τὸ
2259 1962 2536 2042 διάφορον.
2570 1965 2634 2019 Ἥ
2678 1964 2770 2034 μὲν
2824 1956 3079 2037 προϐολή
3128 1959 3212 2015 ἐπὶ
3266 1958 3623 2036 ἐγνωσμένοις
3679 1957 3821 2011 ἐστὶν

2166 2052 2466 2125 ἀδικήμασι
2526 2056 2623 2106 τοῦ
2671 2050 3154 2126 κατηγορουμένου
3185 2068 3196 2080 ·
3230 2051 3265 2117 ἡ
3321 2046 3377 2102 δέ
3432 2066 3830 2123 καταχειροτο-

2165 2143 2253 2197 νία
2283 2144 2316 2211 ἡ
2351 2141 2647 2218 σύμψηφος
2678 2144 2776 2195 τοῦ
2809 2137 2990 2212 δήμου
3019 2144 3137 2194 κατ’
3168 2136 3375 2192 ἐκείνου
3406 2137 3692 2213 ἀπόφασις.

2243 2250 2333 2323 ιβ’.
2361 2244 2677 2308 Εὐθυδικίας
2708 2244 2765 2301 δὲ
2820 2246 2909 2300 καὶ
2941 2250 3305 2323 παραγραφῆς
3363 2241 3505 2298 πολῦ
3531 2244 3593 2297 τὸ
3626 2239 3836 2317 διάφο-

2170 2358 2281 2412 ρον.
2314 2339 2375 2393 Ἣ
2435 2337 2529 2410 μὶν
2580 2336 2684 2412 γὰρ
2734 2336 2857 2410 περὶ
2906 2339 3003 2389 τοῦ
3056 2331 3289 2407 μηδέπω
3345 2330 3692 2407 εἰσαχθέντος
3755 2331 3834 2393 εἰς

2170 2424 2519 2502 δικαστήριον
2550 2425 2867 2501 πράγματος
2896 2424 3053 2492 κοινὴ
3083 2428 3191 2478 τῶν
3226 2419 3651 2477 συνδιαιτώντων
3702 2418 3835 2474 διά-

2168 2536 2366 2589 γνωσις
2427 2512 2701 2569 εύθυδικία
2756 2512 2895 2568 ἐστίν
2934 2534 2945 2546 ·
2980 2515 3016 2583 ἡ
3048 2510 3105 2567 δέ
3134 2512 3259 2588 περὶ
3314 2515 3420 2566 τῶν
3481 2508 3590 2580 ἤδη
3644 2530 3834 2583 κεκρι-

2174 2604 2347 2678 μένων
2419 2604 2509 2658 καὶ
2589 2604 2725 2658 κατά
2806 2603 3007 2675 νόμους
3078 2601 3542 2679 ἀποπεφασμένων
3604 2596 3833 2674 δευτέρα

2170 2693 2676 2770 πολυπραγμοσύνη
2726 2692 2814 2747 καὶ
2867 2686 3277 2767 ἀμφισϐήτησις
3319 2690 3647 2766 παραγραφή
3697 2710 3830 2743 κατ-

2171 2783 2507 2854 ωνόμασται.
2592 2782 3042 2857 Παραγράφεσθαι
3120 2777 3178 2835 δὶ
3251 2778 3453 2855 ἐφεῖται
3534 2777 3625 2832 καὶ
3709 2783 3833 2838 τοῖς

2169 2871 2416 2927 τοιοῦτόν
2474 2893 2524 2926 τι
2583 2869 3015 2946 ἐγκαλουμένοις
3063 2868 3185 2943 περέ
3236 2869 3298 2923 οὗ
3352 2866 3412 2922 οὗ
3468 2866 3833 2941 νενομοθέτη-

2171 2981 2279 3015 ται.

2247 3056 2329 3125 ιγ.
2365 3050 2427 3105 Ἠ
2461 3046 2518 3104 δὶ
2548 3046 2643 3105 τοῦ
2674 3047 2941 3126 ἀγραφίου
2976 3045 3100 3118 δίκη
3131 3046 3357 3117 τοιαύτη
3398 3066 3482 3108 τις
3528 3047 3617 3115 ἦν.
3666 3043 3831 3109 Σανὶς

2176 3138 2257 3216 ἐφ’
2287 3139 2515 3193 ἑκάστου
2560 3143 2659 3193 τοῦ
2706 3137 3057 3213 δικαστηρίου
3103 3135 3284 3211 τοίχῳ
3335 3137 3443 3190 τινὶ
3498 3136 3831 3211 προσηρμὸ-

2179 3233 2317 3297 ζετο,
2350 3228 2439 3281 καὶ
2480 3232 2575 3282 τοῦ
2621 3227 2679 3281 ἐκ
2726 3224 3025 3297 καταδίκης
3064 3224 3390 3303 ὠφληκότος
3439 3228 3518 3297 τῷ
3578 3222 3833 3297 δημοσίῳ

2174 3317 2235 3371 τὸ
2266 3313 2442 3389 ὄνομα
2490 3316 2661 3370 ἐκεῖσε
2712 3315 3051 3390 ἀνάγραπτον
3103 3315 3194 3384 ἦν,
3247 3314 3383 3389 πρὸς
3440 3313 3592 3386 αύτῷ
3636 3314 3727 3368 καὶ
3767 3313 3835 3369 τὰ

2179 3406 2370 3479 μέτρον
2426 3404 2574 3476 αύτῴ
2629 3409 2725 3459 τοῦ
2788 3403 3133 3482 ὀφλήματος.
3188 3402 3249 3459 Εἰ
3301 3400 3358 3458 δέ
3415 3424 3498 3465 τις
3556 3402 3839 3480 ὠφληκὼς

2172 3492 2259 3547 καὶ
2310 3492 2534 3570 γραφεὶς
2586 3491 2758 3567 λάθρα
2804 3495 2903 3562 τὴν
2950 3493 3165 3567 γραφὴν
3224 3491 3582 3566 ἀπετρίψατο,
3614 3493 3641 3546 ὁ
3694 3512 3837 3568 γρα-

2172 3582 2407 3659 φέμενυς
2439 3585 2632 3636 τοῦτον
2664 3581 2931 3658 ἀγραφίου
2965 3578 3120 3651 δίκην
3149 3580 3428 3656 ἐγράφετο.

2246 3685 2328 3744 ιδ’,
2345 3689 2410 3744 Οἱ
2436 3686 2493 3742 δὲ
2514 3688 2721 3763 χωρίον
2746 3688 2780 3756 ἢ
2810 3686 3018 3760 οἴκημα
3049 3686 3108 3742 ἐκ
3134 3684 3427 3755 καταδίκης
3458 3683 3838 3763 ἀπειληφῆτες

2169 3776 2397 3847 ἐξούλης
2429 3777 2725 3853 ἐγράφοντο
2756 3776 2884 3837 τοὺς
2916 3776 3113 3840 ἐκεῖθεν
3165 3775 3356 3837 αὐτοὺς
3403 3775 3834 3836 ἀπελαύνοντας.

2169 3867 2432 3940 Ἀρχαῖον
2466 3867 2566 3941 γὰρ
2599 3865 2688 3919 καὶ
2720 3865 2933 3919 ἀττικὸν
2995 3861 3171 3937 ὄνομα
3200 3866 3261 3919 τὸ
3292 3863 3547 3933 ἐξίλλειν,
3579 3865 3716 3939 ὅπερ
3770 3866 3835 3918 οἱ

2170 3953 2608 4029 μεταγενέστεροι
2664 3952 3104 4026 ἑλληνικώτερον
3163 3952 3361 4024 ἐξελεῖν
3410 3952 3652 4027 λέγουσι,
3701 3974 3832 4007 τους-

2164 4044 2339 4098 τέστιν
2372 4042 2691 4098 ἀπελαύνειν
2729 4047 2837 4098 τῶν
2867 4041 3290 4116 νενομισμένων.

2283 4222 2293 4237 .
2380 4219 2398 4239 ν,
2432 4217 2477 4237 κ.
2694 4217 2719 4227 -
2925 4242 2936 4251 _
2966 4224 2992 4234 ..
3132 4225 3154 4236 ..
3635 4217 3658 4235 ς.

2237 4241 2281 4274 ιε
2303 4223 2394 4276 ,Ει
2428 4238 2484 4274 οε
2512 4240 2593 4282 τις
2627 4216 2825 4281 δουλος
2860 4217 3035 4275 δοκων
3065 4242 3181 4281 τοις
3214 4218 3603 4293 νομιζομένοις
3632 4222 3833 4275 οεσπό-

2159 4330 2277 4371 ταις
2338 4306 2493 4379 δίκην
2550 4306 2873 4385 ἐλάγχανεν,
2905 4308 3239 4364 ἀποστασίου
3300 4306 3423 4380 δίκη
3480 4310 3542 4364 τὸ
3597 4316 3832 4384 πρᾶγμα

2162 4399 2599 4471 κατωνομάζετο.

2234 4493 2316 4550 ις’.
2355 4488 2632 4563 Διαγραφή
2667 4484 2723 4541 δὲ
2754 4488 2789 4555 ἡ
2838 4484 3132 4562 ἀπαλλαγὴ
3181 4490 3281 4551 τῆς
3339 4484 3494 4556 δίκης
3552 4484 3781 4560 ἐλέγετο
3810 4507 3823 4518 ·

404 4558 537 4619 tur;
573 4559 635 4607 ut
666 4558 721 4607 et
753 4553 1056 4608 dicebatur
1100 4555 1347 4609 actionis
1400 4558 1649 4611 cessatio
1697 4557 2052 4612 condemna-

2178 4574 2342 4648 ἷόσπερ
2380 4553 2534 4644 λῆέίς
2567 4553 2747 4646 δίκης,
2780 4553 2843 4629 τὸ
2872 4553 3227 4650 καταγγεῖλαι
3276 4553 3457 4649 κρίσιν⁷
3500 4580 3607 4629 τῶν
3662 4553 3827 4629 iano)-

404 4642 581 4697 tionis
604 4642 880 4697 iudicatio
912 4643 970 4697 in
1005 4643 1249 4714 privatis
1284 4644 1504 4699 litibus.

477 4748 562 4802 17.
594 4749 893 4802 Actionem
920 4748 1180 4804 obtinere
1204 4755 1327 4803 erat
1352 4750 1513 4821 prius
1533 4766 1839 4819 accusare;
1871 4753 2051 4806 actio-

407 4852 537 4892 nem
571 4846 759 4892 contra
788 4838 1030 4893 oblmere
1050 4843 1175 4893 erat
1207 4839 1821 4895 recriminarizsortito
1854 4846 2049 4897 autem

407 4925 665 4981 dividere
699 4927 768 4981 de
801 4926 1135 4981 actionibus
1192 4943 1306 4981 non
1352 4928 1586 4995 dicitur,
1619 4930 1717 4983 sed
1744 4930 1813 4984 de
1853 4945 2048 4985 rerum

406 5015 840 5071 distributione.
1564 5034 1567 5035 '

473 5106 560 5159 18.
595 5105 878 5170 Quoniam
914 5108 1109 5161 autem
1143 5105 1297 5175 apud
1330 5105 1549 5161 Atticos
1573 5108 1900 5179 antiquitus
1925 5126 2048 5165 mos

399 5199 523 5250 erat
559 5194 614 5248 in
640 5193 1037 5248 tribunalibus
1061 5198 1809 5265 accusantesjurejurando
1836 5199 2047 5253 confir-

400 5300 559 5339 mare
614 5301 779 5339 suam
842 5283 1277 5339 accusationem
1337 5301 1464 5341 8888
1516 5304 1711 5342 veram
1742 5293 1799 5344 et
1824 5306 1952 5343 reos
1984 5304 2045 5342 88

400 5371 625 5426 nullum
646 5372 856 5427 falsum
874 5372 1115 5427 verbum
1137 5370 1206 5427 iis
1220 5374 1594 5443 opposituros
1613 5391 2045 5443 esse,accusan-

402 5460 949 5528 tisjurejurandum
988 5461 1278 5516 diomosia
1320 5462 1647 5529 dicebatur,
1678 5464 1807 5533 ejus
1848 5471 2043 5519 autem

405 5548 504 5623 qui
564 5565 626 5602 se
685 5548 1009 5615 defendent,
1045 5549 1398 5605 antomosia.
1448 5551 1507 5605 Si
1539 5567 1671 5606 vero
1708 5552 1890 5621 judex
1919 5552 2045 5623 ipse

405 5642 539 5712 post
562 5654 660 5692 eos
692 5638 1115 5708 jusjurandum
1149 5638 1487 5710 praestabat,
1525 5642 1712 5693 totum
1741 5638 1880 5694 illud
1914 5657 2043 5697 am-

2158 4667 2325 4716 τικῶν
2360 4662 2687 4725 ὑποθέσεων.

2236 4757 2316 4819 ιζ’.
2353 4750 2449 4804 Καὶ
2484 4748 2675 4826 λαχεῖν
2714 4752 2807 4823 μὲν
2842 4748 3000 4821 δίκην
3030 4751 3091 4805 τὸ
3122 4752 3358 4825 πρώτως
3391 4759 3690 4806 κατειπεῖν
3729 4754 3826 4807 ἀν-

2157 4838 2410 4913 τιλαχεῖν
2445 4837 2503 4893 δὲ
2528 4840 2592 4894 τὸ
2622 4838 3055 4913 ἀντεγκληθῆναι
3095 4860 3107 4871 ·
3155 4840 3218 4894 τὸ
3271 4840 3327 4894 δὲ
3372 4837 3659 4915 διαλαχεῖν
3723 4842 3823 4896 ούκ

2160 4927 2247 4982 ἐπὶ
2291 4927 2396 4981 τῶν
2446 4925 2609 4982 δικῶν
2661 4927 2895 5004 λέγεται,
2957 4926 3084 4982 ἀλλ’
3139 4926 3225 4982 ἐπὶ
3278 4928 3577 5003 χρημάτων
3637 4927 3824 4984 διανεο

2164 5018 2237 5088 μή
2248 5037 2403 5078 σεως.

2235 5106 2322 5175 ιη’.
2342 5104 2490 5161 Ἐπεὶ
2524 5103 2580 5159 δέ
2610 5103 2779 5159 πάλαι
2810 5110 2934 5166 τοῖς
2958 5105 3225 5166 Ἀττικοῖς
3256 5106 3342 5159 καί
3376 5104 3502 5167 τοὺς
3535 5107 3818 5184 γραφομέ-

2157 5216 2281 5257 νους
2316 5194 2649 5267 ἐπόμνυσθαι
2682 5194 2757 5255 ὡς
2806 5193 3022 5263 ἀληθὴς
3069 5196 3102 5261 ἡ
3153 5195 3360 5271 γραφὴ,
3391 5195 3479 5249 καὶ
3524 5194 3649 5256 τοὺς
3698 5197 3821 5259 καθ’

2160 5284 2231 5337 ὧν
2260 5282 2555 5360 γράφονται
2614 5282 2688 5343 ὡς
2747 5279 2900 5336 οὐδὲν
2954 5281 3030 5342 εἷς
3080 5278 3438 5358 ψευδολογίαν
3492 5284 3819 5351 ἀντιθήσουο

2161 5393 2265 5438 σιν,
2299 5370 2348 5426 ἐν
2407 5378 2524 5434 τοῖς
2587 5368 2961 5446 δικαστηρίοις
3007 5367 3232 5441 εἶ’θιστο,
3266 5372 3293 5425 ὁ
3347 5371 3440 5443 μὶν
3495 5376 3594 5426 τοῦ
3653 5372 3821 5446 ἐγκαο

2160 5458 2389 5523 λοῦντος
2423 5461 2583 5537 ὅρκος
2618 5458 2890 5532 διωμοσία
2921 5457 3161 5533 ἐλέγετο,
3194 5459 3222 5513 ὁ
3272 5455 3329 5513 δέ
3383 5464 3478 5514 τοῦ
3509 5459 3821 5534 ἀπολογου-

2160 5550 2327 5621 μένου
2358 5548 2694 5623 ἀντωμοσία.
2719 5549 2784 5605 Et
2817 5545 2873 5603 δὶ
2902 5548 3038 5623 πρὸς
3070 5546 3289 5610 τούτοις
3339 5547 3429 5603 καὶ
3478 5550 3507 5603 ὁ
3558 5546 3825 5618 δικαστής

2156 5638 2445 5713 ἐπώμνυτο
2481 5684 2494 5711 ,
2576 5640 2848 5718 ἀμφιοκία
2930 5639 2992 5693 τὸ
3076 5637 3289 5713 σύμπαν
3372 5642 3822 5713 κατωνομάζετο.
