4054 6200
301 331 462 392 1013

1494 337 1595 396 DE
1640 336 2050 400 AC'I‘IONUM
2094 337 2557 399 NOMINIBUS.

3562 341 3716 402 10M

300 463 402 516 Τὸν
471 458 528 515 δὲ
608 462 1047 535 ὑποπτευόμενον
1100 463 1177 525 εἷς
1234 465 1467 541 γραφὴν,
1531 466 1926 542 ὑπερτιθέμενσ

2070 468 2340 539 phiorkia
2393 469 2829 525 nominabatur.
2888 468 2945 523 Is
3002 473 3198 524 autem
3245 469 3345 539 qui
3405 477 3713 541 suspectus

304 549 364 605 δὶ
417 552 509 605 τὸν
547 552 757 625 καιρὸν,
790 552 817 604 6
871 550 1189 606 ὑποπτεύων
1248 552 1403 623 ἠξίου
1428 561 1772 629 κατηγορεῖνο
1804 557 1865 623 ἢν
1899 552 1956 610 δὲ

307 637 484 694 ἐδόκει
531 638 835 712 εἷρωνεύων
892 640 967 711 μὴ
1019 638 1352 715 βούλεσθαι,
1402 641 1735 715 ἐπόμνυσθαι
1786 665 1954 713 κατη-

304 730 634 802 ναγκαζετο·
711 728 801 783 καὶ
873 728 935 783 τὸ
1012 730 1412 803 ὁμωμοσμένον
1486 730 1758 805 ἐξωμοσία
1815 730 1952 786 ὠνό-

309 838 505 890 μαστο.

379 998 461 1053 ιθ’.
496 997 573 1053 Τὸ
626 994 683 1051 δὲ
712 995 1061 1071 ηταγγεῖλαι
1092 1017 1213 1051 τινα
1242 994 1396 1068 δίκην
1430 996 1756 1072 ἑταιρήσεως
1788 998 1951 1073 ἐπαγ-

296 1084 461 1160 γελία
492 1083 815 1158 δοκιμασίας
845 1084 1079 1161 ἐλέγετο.

369 1176 437 1229 κ’.
468 1175 573 1242 Τὴν
607 1176 789 1246 μέντοι
815 1195 879 1249 γε
911 1174 1178 1252 ἀπόφασιν
1207 1174 1313 1249 οὐχ
1344 1177 1417 1238 ὡς
1442 1179 1605 1249 ἡμεῖς
1638 1176 1665 1229 6
1699 1177 1947 1237 Ἀττικὸς

292 1262 468 1335 νόμος
526 1259 939 1335 ἐξελαμϐἀνετο·
987 1262 1113 1318 ἀλλ’
1160 1264 1276 1319 ἐπεὶ
1334 1268 1369 1333 ἡ
1428 1272 1529 1335 τῆς
1582 1265 1947 1341 τριηραρχίας

294 1351 447 1426 ἁρχὴ
510 1349 847 1413 ἆπικίνδυνός
905 1374 988 1413 τις
1063 1349 1295 1406 δοκοῦσα
1349 1354 1439 1407 τὸν
1505 1358 1947 1429 τριηραρχοῦντα

290 1442 626 1515 κατήπειγεν
668 1442 1058 1514 ἁντιμετρῆσαι
1110 1444 1190 1511 τῷ
1245 1439 1477 1515 κινδύνῳ
1514 1445 1581 1497 τὰ
1634 1444 1849 1513 ἑαυτοῦ,
1907 1443 1941 1511 ἠ

288 1530 613 1604 καταγραφὴ
661 1530 869 1584 τούτων
911 1530 1000 1585 καὶ
1050 1531 1077 1583 6
1122 1529 1209 1584 ἐπὶ
1239 1530 1453 1593 τούτοις
1483 1530 1644 1607 ὅρκος
1678 1531 1945 1611 ἀπόφασις

291 1617 387 1684 ἦν.

364 1708 466 1764 κα’.
512 1708 573 1764 Ἡ
608 1705 665 1762 δὲ
695 1703 971 1763 ἐπωϐελία
1000 1710 1106 1765 ἀπὸ
1144 1706 1241 1764 τοῦ
1272 1704 1639 1780 συόεϐηκότος
1686 1712 1785 1780 τὴν
1817 1732 1941 1765 συν-

2068 558 2409 612 tradebatur
2439 576 2501 613 se
2533 572 2809 611 accusare
2848 556 3013 625 velle,
3048 562 3285 628 tempus
3317 562 3509 613 autem
3542 577 3714 615 accu-

2066 646 2311 701 sationis
2334 647 2654 711 differebat,
2680 646 2993 716 suspicans
3018 661 3152 701 eum
3178 662 3454 701 accusare
3484 664 3714 717 equum

2064 736 2374 795 censebat;
2429 736 2479 790 si
2529 752 2663 790 vero
2716 735 3011 789 videretur
3050 735 3439 791 dissimulans
3491 753 3553 791 se
3600 753 3715 791 non

2062 823 2227 890 velle,
2262 823 2317 878 id
2344 824 2733 894 jurejurando
2786 823 3132 879 confirmare
3182 824 3526 896 cogebatur;
3560 826 3716 896 quod
3812 830 3815 831 ⁷

2054 914 2478 984 jusjurandum
2515 912 2805 984 abjuratio
2840 913 3279 969 nominabatur.

2135 1004 2220 1057 19.
2256 1003 2612 1058 Renuntiare
2638 1008 2835 1059 autem
2860 1003 3174 1071 quamdam
3206 1003 3591 1076 impudicitiae
3625 1022 3717 1061 ac-

2061 1090 2304 1157 tionem,
2339 1092 2701 1164 probationis
2734 1091 3091 1147 renuntiatio
3124 1092 3444 1149 dicebatur.

2128 1200 2217 1253 20.
2253 1199 2547 1255 Bonorum
2581 1198 3035 1271 descriptionem
3084 1215 3199 1254 non
3250 1205 3315 1254 ut
3362 1217 3471 1256 nos
3521 1202 3710 1257 Attica

2062 1287 2148 1342 lex
2178 1288 2499 1358 excipiebat
2533 1304 2545 1341 :
2580 1290 2678 1343 sed
2714 1304 2847 1343 cum
2898 1287 3135 1358 aliquod
3185 1289 3540 1345 trierarchis:
3573 1308 3705 1345 mu-

2058 1392 2168 1430 nus
2202 1375 2598 1447 periculosum
2629 1376 2929 1432 videretur
2963 1376 3335 1447 triremisque
3365 1379 3700 1449 praefectum

2055 1464 2311 1535 periculo
2363 1481 2471 1519 sua
2520 1465 2777 1519 remetiri
2830 1468 3080 1537 cogeret,
3124 1466 3272 1521 actio
3317 1472 3520 1522 contra
3564 1484 3700 1523 eum

2053 1556 2109 1608 et
2148 1553 2570 1624 jusjurandum
2622 1556 3013 1626 praestitutum
3067 1554 3355 1610 bonorum
3387 1556 3701 1629 descriptio

2053 1647 2195 1697 erat.

2076 1796 2083 1803 κ
2119 1732 2210 1786 21.
2244 1731 2564 1787 Calumniaa
2589 1732 2857 1788 multatio
2890 1734 2961 1788 ab
2984 1739 3192 1790 eventu
3217 1734 3702 1806 compositionem

290 1797 469 1866 θήκην
503 1795 745 1871 εἴληφεν.
800 1796 1021 1868 Ἐπειδὴ
1069 1800 1171 1874 γὰρ
1222 1798 1424 1854 ποΛλοὶ
1483 1804 1591 1854 τῶν
1641 1801 1716 1872 μὴ
1763 1798 1926 1854 ἐπιτι-

2055 1796 2398 1892 accipiebat.
2432 1822 2749 1892 Postquam
2791 1823 2945 1877 enim
2982 1824 3151 1879 multi
3194 1795 3406 1895 linguae
3436 1840 3553 1879 suae
3588 1824 3705 1879 fre-

288 1884 489 1939 θὲντων
518 1889 586 1951 τῆ
636 1884 855 1961 γλώττῃ
886 1885 1117 1962 χαλινὸν
1149 1893 1267 1949 τοῖς
1319 1886 1578 1943 ἐπιεικέσι
1604 1888 1694 1943 καὶ
1727 1890 1941 1964 ἀπράγ-

290 1995 421 2047 μοσι
500 1974 902 2049 προσεφύοντο,
980 1977 1053 2038 ὡς
1128 1975 1349 2039 πλείους
1431 1976 1627 2040 τόκους
1681 1976 1768 2032 ἐπὶ
1825 1982 1943 2041 τοῖς

281 2070 561 2125 ναυτικοῖς
620 2061 968 2139 κεκερδακόσι
1024 2067 1351 2138 νομίσμασι,
1412 2067 1500 2121 καὶ
1561 2068 1613 2121 οἱ
1676 2067 1772 2139 μὲν
1817 2067 1939 2121 ἀπεο

283 2150 587 2221 δείκνυσαν,
607 2154 660 2207 οἱ
682 2152 739 2208 δὲ
765 2152 994 2218 πλείους
1028 2157 1203 2227 μάτην
1231 2156 1348 2211 κατ’
1381 2156 1559 2211 αὐτῶν
1587 2155 1935 2231 ἐκεκράγεσαν

277 2242 376 2297 τὸν
461 2242 556 2313 μὲν
610 2240 1000 2298 ἀποδεικνύντα
1065 2242 1474 2318 ἂπροστίμητον
1536 2242 1685 2314 εἷ’ων,
1742 2245 1833 2300 τὸν
1881 2242 1937 2299 δὲ

282 2332 761 2407 συκοφαντήσαντα
793 2326 997 2387 ὀϐολοῦ
1028 2328 1311 2407 καταϐολῇ
1345 2333 1438 2403 ὶζη
1451 2333 1608 2407 μίουν
1642 2335 1729 2389 καὶ
1764 2330 1938 2407 ὄνομα

280 2422 357 2492 τῇ
410 2418 584 2490 ζημίᾳ
612 2422 647 2489 ἡ
679 2416 973 2478 ἐπωϐελία.

358 2509 466 2583 κβ’.
498 2510 572 2562 Τὰ
606 2509 699 2580 μὶν
734 2510 826 2563 οῦν
847 2513 954 2564 τῶν
990 2507 1155 2565 δικῶν
1188 2510 1431 2585 ὀνόματα
1462 2508 1658 2585 σχεδὸν
1692 2515 1932 2565 τοιαῦτα·

280 2597 411 2671 περὶ
444 2594 500 2651 δέ
528 2617 591 2672 γε
618 2601 723 2652 τῶν
758 2595 970 2652 λοιπῶν
1003 2600 1191 2674 καιρὸς
1224 2598 1283 2653 ’ἀν
1312 2598 1394 2669 ε’ίη
1448 2597 1651 2675 λέγειν,
1701 2599 1933 2675 ἀρξαμέ-

278 2706 409 2747 νους
440 2685 545 2740 ἀπὸ
574 2689 680 2740 τῶν
712 2688 1068 2758 πρυτανείων.

355 2794 456 2868 κγ’.
484 2796 587 2849 Ἦν
619 2791 678 2848 δὲ
704 2793 767 2848 τὸ
796 2799 1117 2868 πρυτανεῖον
1159 2791 1423 2866 δημόσιον
1452 2794 1574 2865 ο’ίκη
1587 2816 1679 2868 μα,
1730 2794 1929 2869 λήψεσι

280 2880 649 2956 διωρισμένον
689 2882 779 2937 καὶ
830 2880 1073 2938 δόσεσιν.
1124 2884 1186 2940 Ἤ
1236 2884 1330 2955 μὲν
1389 2886 1479 2939 οὖν
1532 2882 1700 2957 λῆψις
1755 2885 1932 2958 τούτῳ

281 2971 395 3026 ἀπὸ
444 2976 554 3025 τῶν
577 2969 920 3042 ἡττηθέντων
969 2973 1041 3026 ὧν
1087 2972 1419 3046 παρανόμως
1468 2975 1927 3047 κατηγορήκασιν·

275 3062 314 3129 ἡ
378 3056 437 3114 δὲ
462 3057 612 3123 δόσις
666 3060 801 3136 πρὸς
856 3060 984 3123 τοὺς
1018 3058 1259 3133 δημοσίᾳ
1286 3062 1387 3129 τὴν
1442 3062 1603 3117 πόλιν
1638 3056 1926 3135 ὠφεληκὸ-

268 3170 392 3213 τας.
425 3150 698 3211 Ἐντεῦςεν
750 3148 853 3222 γαρ
900 3150 986 3203 καὶ
1033 3147 1360 3224 ἀνδριάντες,
1419 3148 1465 3205 ε⁹ί
1520 3171 1579 3227 γε
1613 3149 1924 3226 βούλοιντο,

268 3244 397 3301 τοῖς
448 3237 822 3314 ἀριστεύσασιν
874 3235 1270 3313 έχαλκεύοντο,
1326 3239 1415 3293 καὶ
1474 3241 1735 3310 σιτήσεως
1792 3240 1928 3314 ὡρι-

272 3329 479 3400 σμένον
543 3329 737 3403 μέτρον
796 3334 914 3391 τοῖς
963 3329 1337 3397 ήριστευκόσιν
1378 3326 1588 3384 ἐδίδοτο
1618 3329 1707 3383 καὶ
1736 3334 1843 3384 τῶν
1874 3328 1924 3384 ἐν

270 3414 664 3490 στρατοπέδοις
694 3414 751 3471 δὶ
782 3418 834 3471 οἱ
856 3411 1245 3491 παρηϐηκότες
1278 3424 1374 3487 τῆς
1397 3418 1629 3494 ἀρχαίας
1647 3418 1925 3494 στρατείας

272 3506 311 3574 ἢ
350 3505 677 3581 στρατηγίας
723 3505 786 3561 ἐκ
830 3510 928 3560 τοῦ
976 3506 1298 3578 πρυτανείου
1350 3508 1679 3585 μισθοφορὰν
1734 3506 1924 3580 ἐκομί-

274 3602 460 3663 ζοντο.

343 3681 446 3740 κδ’.
481 3685 549 3741 Οἱ
581 3680 639 3738 δὲ
667 3683 1000 3757 καλούμενοι
1032 3679 1238 3751 ἕνδεκα,
1272 3681 1582 3747 δικαστικὸς
1605 3687 1672 3753 ἧν
1692 3685 1924 3759 ἀριθμὸς

259 3777 387 3833 τοῖς
419 3771 504 3826 ἐπ’
534 3771 867 3846 ἐγκλήμασιν
894 3772 1089 3827 ἁλοῦσι
1118 3772 1214 3835 τὰς
1242 3773 1514 3847 τιμωρίας
1542 3772 1762 3849 ὁρίζων.
1796 3774 1920 3847 Καὶ,

255 3859 351 3915 ἳνα
388 3863 463 3931 μή
493 3881 543 3915 τι
574 3862 923 3935 θρασύνοιντο
953 3860 1089 3915 κατὰ
1114 3863 1222 3915 τῶν
1252 3859 1509 3928 ἐκδότων,
1552 3858 1915 3935 πρεσϐυτικὴν

260 3949 407 4023 ἦγον
435 3951 536 4019 τὴν
584 3948 827 4018 ἠλικίαν.
878 3951 934 4002 '0
985 3946 1042 4005 δὲ
1090 3950 1291 4025 χρόνος
1339 3951 1496 4013 οὗτος
1527 3950 1744 4019 καὶτῆς
1774 3950 1919 4021 ἀξίας

260 4037 484 4114 ύφεῖταί
514 4060 566 4092 τι
594 4042 710 4100 τοῖς
739 4040 1177 4115 τιμωρουμένοις
1205 4038 1503 4101 κολάσεως.
1544 4038 1828 4113 Μέμνηται
1861 4037 1917 4093 δὲ

257 4128 350 4182 καὶ
389 4126 615 4182 Πλάτων
646 4131 742 4182 τοῦ
774 4128 1042 4201 ὀνόματος
1072 4128 1289 4184 τούτου.
1323 4129 1383 4185 Ὀ
1409 4128 1509 4204 γὰρ
1553 4132 1649 4183 τοῦ
1698 4126 1915 4201 δεσμω-

255 4216 465 4291 τηρίου
497 4214 667 4294 φύλαξ
701 4216 849 4288 αύτῷ
888 4216 943 4271 ἰν
992 4218 1038 4288 ᾦ
1082 4214 1491 4271 κατεκέκλειστο
1541 4218 1568 4271 ὁ
1617 4218 1914 4289 Σωκράτης

254 4311 379 4366 τοῖς
413 4304 538 4380 περὶ
564 4303 808 4377 Σιμμίαν
829 4304 922 4359 καὶ
946 4300 1159 4374 Κέϐητα
1184 4302 1630 4380 διαλεγόμενος,‹‹
1666 4305 1857 4361 λύουσι
1884 4330 1910 4356 ››

255 4394 421 4470 φησὶ,
457 4418 486 4444 ι(
519 4395 609 4449 τὸν
641 4393 905 4467 Σωκράτη
939 4395 990 4448 οἱ
1022 4390 1232 4451 ἕνδεκα.
1267 4419 1296 4445 ››

325 4501 425 4556 κε’.
457 4500 523 4555 Οἱ
556 4497 612 4554 δὶ
644 4496 918 4571 διαιτηταί
972 4502 1081 4571 (καὶ
1112 4501 1581 4572 πεντηκοντούτης
1617 4501 1757 4557 ἐστὶν
1788 4498 1909 4556 ’ἑκα-

2054 1926 2194 1965 num
2229 1927 2344 1965 non
2395 1910 2764 1981 imponentes
2819 1911 3061 1968 mitibus
3103 1917 3160 1969 et
3205 1912 3472 1968 laborum
3506 1912 3704 1967 vacuis

2051 1999 2425 2054 adhaerebant
2447 2004 2731 2070 tanquam
2758 1999 3004 2055 multam
3034 2018 3271 2057 usuram
3301 2018 3405 2072 per
3434 2001 3704 2058 nauticos

2052 2104 2328 2143 nummos
2385 2088 2659 2159 operatis,
2691 2092 2747 2144 et
2800 2088 2898 2143 alii
2957 2090 3195 2160 quidem
3245 2088 3697 2156 declaraverant,

2048 2175 2307 2246 plerique
2339 2182 2532 2231 autem
2566 2178 2783 2232 frustra
2809 2177 3271 2247 clamitaverant,
3303 2196 3438 2235 eum
3472 2179 3573 2251 qui
3604 2181 3699 2235 de-

2046 2263 2368 2319 claraverat
2406 2264 2762 2337 impunitum
2799 2265 3227 2337 relinquebant,
3259 2284 3393 2323 eum
3426 2285 3558 2324 vero
3592 2268 3692 2339 qui

2046 2352 2443 2409 calumniatus
2487 2358 2610 2409 erat
2657 2354 2809 2410 oboli
2860 2356 3219 2424 multabant;
3252 2361 3309 2412 et
3357 2356 3553 2413 multis
3586 2374 3689 2413 no-

2047 2458 2179 2497 men
2210 2448 2335 2497 erat
2364 2436 2661 2499 ἐπωϐελία.

2114 2532 2205 2585 22.
2239 2531 2489 2586 Nomina
2519 2532 2754 2603 quidem
2789 2533 3083 2589 actionum
3116 2534 3256 2589 talia
3286 2540 3444 2591 sunt.
3480 2537 3555 2591 De
3585 2552 3689 2592 ca:-

2043 2620 2187 2675 teris
2234 2625 2430 2675 autem
2483 2621 2807 2676 disserendi
2866 2628 3101 2695 tempus
3148 2628 3259 2691 est,
3310 2641 3345 2679 a
3392 2625 3687 2697 prytaneis

2042 2708 2396 2780 incipiendo.

2111 2800 2202 2854 23.
2238 2799 2588 2871 Prytaneum
2621 2805 2746 2855 erat
2775 2802 2923 2857 aedes
2954 2801 3207 2874 publica,
3237 2801 3490 2874 acceptis
3519 2808 3573 2858 et
3595 2804 3691 2859 do-

2042 2887 2135 2943 nis
2193 2888 2668 2943 determinatum.
2711 2889 3039 2961 Accipiebat
3097 2895 3293 2946 autem
3345 2891 3417 2947 ab
3465 2892 3537 2947 iis
3586 2893 3687 2963 qui

2040 2993 2174 3031 cum
2218 2977 2488 3047 improbe
2534 2983 2932 3045 accusassent,
2969 2979 3099 3033 victi
3146 2981 3405 3047 fuerant;
3439 2980 3693 3036 donabat

2039 3082 2174 3120 vero
2225 3065 2296 3119 iis
2331 3064 2427 3134 qui
2472 3066 2704 3137 publice
2753 3067 2823 3121 de
2873 3066 3017 3121 urbe
3066 3067 3212 3122 bene
3262 3068 3450 3123 meriti
3499 3075 3688 3126 erant.

2040 3154 2179 3208 Inde
2238 3154 2393 3209 enim
2455 3171 2623 3209 amem
2686 3160 2891 3209 statum
2949 3155 3369 3211 excellentibus
3426 3157 3587 3224 viris,
3636 3159 3685 3214 si

2038 3241 2270 3307 vellent,
2306 3243 2675 3313 ponebantur
2714 3247 2767 3297 ct
2817 3243 3095 3298 frumenti
3146 3244 3355 3299 iisdem
3390 3246 3685 3313 quantitas

2037 3331 2430 3387 determinata
2477 3332 2771 3387 dabatur:
2824 3336 2880 3385 et
2938 3332 3037 3401 qui
3094 3332 3151 3386 in
3210 3333 3422 3388 castris
3470 3335 3685 3389 versati

2036 3425 2232 3489 erant;
2268 3437 2399 3475 cum
2436 3436 2638 3477 earum
2682 3425 2822 3475 aetas
2851 3420 3251 3489 deﬂoruisset;
3284 3421 3494 3477 veteris
3526 3422 3685 3478 mili-

2035 3510 2127 3565 tiae
2161 3515 2218 3564 et
2257 3509 2697 3581 expeditionum
2746 3525 2813 3563 ex
2859 3514 3139 3580 prytaneo
3170 3511 3495 3565 mercedem
3528 3512 3681 3566 acci-

2034 3597 2293 3671 piebant.

2102 3686 2193 3741 24.
2237 3686 2343 3750 Qui
2389 3690 2585 3741 autem
2634 3688 2996 3742 vocabantur
3043 3686 3337 3753 undecim,
3379 3688 3679 3758 judicialis

2031 3790 2317 3830 numerus
2373 3779 2496 3829 erat
2529 3791 2729 3845 pcenas
2761 3776 3078 3830 decernens
3111 3775 3184 3830 iis
3215 3775 3315 3846 qui
3364 3776 3677 3834 criminum

2030 3864 2445 3934 arguebantur.
2479 3865 2558 3918 Ac
2591 3879 2661 3918 ne
2709 3863 3051 3919 audaciores
3100 3868 3299 3919 essent
3350 3869 3550 3919 contra
3580 3882 3679 3921 eos

2029 3950 2131 4021 qui
2188 3950 2335 4021 ipsis
2382 3951 2791 4017 tradebantur,
2825 3949 3069 4005 senilem
3123 3953 3354 4006 aetatem
3406 3952 3676 4022 agebant.

2027 4042 2162 4106 Quae
2194 4043 2333 4094 aetas
2386 4040 2716 4095 remiltebat
2747 4039 2968 4110 punitis
3020 4038 3196 4095 etiam
3229 4038 3445 4110 aliquid
3496 4056 3677 4111 pugna

2025 4130 2253 4185 debitas.
2288 4128 2551 4183 Meminit
2585 4133 2640 4184 et
2672 4128 2832 4182 Plato
2884 4127 3064 4198 hujus
3108 4127 3383 4182 nominis.
3418 4128 3679 4185 Carceris

2024 4219 2181 4274 enim
2214 4218 2274 4272 in
2308 4234 2424 4287 quo
2458 4217 2871 4273 includebatur
2896 4221 3159 4271 Socrates
3190 4220 3390 4270 custos
3419 4217 3675 4271 Simmias

2022 4312 2079 4362 et
2109 4307 2303 4361 Ceboti
2335 4306 2420 4361 sic
2451 4306 2714 4377 loquitur
2749 4323 2797 4361 :«
2831 4306 3093 4372 Solvunt,
3127 4304 3338 4376 inquit,
3374 4304 3672 4361 Socratem

2024 4396 2307 4451 undecim.
2344 4417 2373 4445 ι)

2088 4486 2178 4539 25.
2212 4484 2430 4539 Arbitri
2482 4477 2677 4539 autem
2713 4482 3163 4554 (quinquaginta
3190 4484 3441 4553 quisque
3486 4500 3672 4541 annos

254 4609 408 4658 στος,
473 4583 755 4661 βεϐιωκὼς
805 4563 996 4665 αριστα
1044 4589 1133 4644 καὶ
1178 4563 1354 4659 πάσης
1400 4563 1571 4653 αἲτίας
1620 4588 1907 4667 ἀπηλλαγ-

2048 4580 2195 4629 iatus
2235 4577 2344 4640 est,
2380 4573 2597 4645 Optime
2625 4573 2769 4627 vixit
2798 4578 2855 4627 et
2882 4571 3079 4627 omnis
3128 4572 3395 4628 criminis
3441 4590 3668 4645 expers,

254 4679 441 4751 μένος,
501 4679 687 4752 νόμων
734 4697 794 4732 τε
844 4675 1091 4751 εἰδήμων
1150 4679 1241 4733 καὶ
1293 4679 1543 4741 καθιστὰς
1573 4681 1667 4741 τὰς
1695 4681 1907 4757 γραφὰς

253 4766 335 4828 εἷς
372 4767 434 4820 τὸ
468 4765 709 4843 μέτριον,
741 4766 830 4821 καὶ
859 4769 923 4822 τὸ
965 4765 1094 4821 ὅλον
1129 4765 1491 4843 εἶρηνοδίκης)
1551 4774 1666 4830 τοῖς
1722 4770 1909 4831 αὐτοῖς

252 4853 597 4917 διαιτοῦντες
646 4856 741 4917 τὰς
785 4856 903 4909 κατ’
951 4852 1219 4925 ἀλλήλων
1277 4858 1505 4933 γραφάς.
1560 4855 1654 4927 Τῷ
1713 4854 1769 4911 δὶ
1829 4858 1905 4929 μή

250 4942 555 5017 αύτόχθονι
606 4944 712 4998 οὐκ
770 4942 949 5022 ἰφεῖτο
998 4942 1219 4999 εἰσιέναι
1265 4944 1410 5020 παρὰ
1456 4946 1546 4999 τὸν
1603 4943 1905 5015 διαιτητήν,

251 5030 387 5086 οὔτε
420 5030 673 5087 διώκοντι
708 5029 831 5087 οὔτε
861 5031 1135 5108 φεύγοντι.

324 5122 433 5183 κς’.
462 5122 531 5177 υἱ
561 5118 618 5175 δὲ
640 5120 914 5194 ἐπώνυμοι
939 5121 1268 5198 ἀντιστροφή
1300 5121 1388 5184 τίς
1418 5120 1581 5193 ἐστιν,
1612 5122 1685 5184 ὡς
1718 5117 1909 5197 ἔμοιγε

249 5207 435 5275 δοκεῖ,
486 5204 773 5281 ὀνόματος.
822 5208 959 5264 Δέκα
1000 5211 1102 5285 γὰρ
1144 5207 1340 5285 ἄνδρας
1369 5215 1475 5263 τῶν
1508 5208 1906 5282 πεπολιτευμέ-

246 5304 361 5355 νῶν
419 5298 502 5353 ἐπ’
535 5298 763 5373 εὐτυχίᾳ
808 5305 911 5367 τῆς
951 5296 1171 5359 πόλεως
1212 5301 1329 5362 καθ’
1388 5299 1631 5371 ἑαυτοὺς,
1662 5301 1733 5361 ὡς
1785 5297 1907 5354 ἔτυ-

251 5408 355 5463 χεν
425 5386 917 5459 έπωνομασμένους
984 5384 1399 5462 παραδείγματα
1466 5394 1582 5448 τοῖς
1653 5387 1905 5449 πολίταις

252 5476 527 5544 ἐτίθεσαν,
568 5476 814 5539 καὶτοὺς
878 5477 971 5548 μὲν
1030 5473 1189 5548 τῷδε,
1230 5477 1358 5539 τοὺς
1414 5474 1470 5531 δὲ
1501 5476 1687 5549 ἐκείνῳ
1743 5498 1906 5553 προσ-

250 5567 476 5639 ένεμον,
508 5566 599 5620 καὶ
649 5565 740 5620 ἀπ’
791 5564 1009 5621 ἐκείνων
1044 5563 1352 5637 ὠνόμαζον,
1411 5567 1445 5634 ἢ
1510 5566 1725 5634 ζώντων
1775 5570 1907 5635 ζῶν-

253 5676 372 5725 τας,
410 5658 445 5726 ἢ
481 5658 817 5725 τεθνηκότων
864 5653 953 5709 καὶ
1001 5651 1241 5729 χαλκαῖς
1274 5654 1644 5727 ἀνεστηκότων
1714 5654 1904 5725 εἰκόσι,

2017 4664 2337 4735 legumque
2387 4662 2609 4735 peritus
2642 4668 2750 4729 est,
2782 4666 2838 4716 et
2886 4660 3291 4716 accusationes
3342 4663 3667 4717 secundum

2018 4753 2352 4824 aequitatem
2405 4751 2727 4823 componit,
2759 4755 2816 4805 et
2864 4749 3024 4821 pacis
3079 4754 3279 4806 custos
3303 4750 3414 4823 est)
3444 4750 3481 4805 ii
3532 4755 3671 4806 sunt

2018 4841 2115 4911 qui
2151 4841 2559 4896 accusationes
2581 4841 2650 4895 ad
2674 4838 2922 4894 invicem
2948 4838 3326 4894 arbitrantur.
3356 4840 3442 4894 Illi
3471 4845 3667 4895 autem

2018 4930 2115 5001 qui
2153 4947 2266 4984 non
2300 4934 2423 4985 erat
2452 4929 2728 5001 indigena
2769 4945 2883 4984 non
2927 4928 3138 4983 licebat
3168 4929 3453 4985 arbitrum
3486 4931 3665 4998 adire,

2016 5018 2139 5074 sive
2173 5025 2644 5089 persequeretur,
2678 5018 2800 5072 sive
2830 5033 2966 5072 reus
2996 5022 3168 5071 esset.

2085 5125 2176 5179 26.
2210 5124 2330 5179 Vox
2372 5122 2769 5195 cognominati
2818 5128 2907 5177 est
2953 5123 3220 5193 quaedam
3270 5122 3525 5177 nominis
3574 5124 3665 5178 in-

2015 5212 2230 5279 versio,
2264 5218 2329 5266 ut
2360 5212 2502 5266 mihi
2558 5213 2810 5266 videtur.
2848 5217 3045 5265 Decem
3090 5211 3245 5264 enim
3277 5210 3429 5265 viros
3478 5228 3545 5266 ex
3596 5212 3668 5267 iis

2017 5302 2115 5373 qui
2143 5316 2418 5372 prospere
2441 5301 2864 5372 rempublicam
2891 5316 2991 5370 per
3012 5316 3074 5354 se
3096 5298 3667 5367 administraverant,

2016 5395 2075 5445 et
2106 5390 2367 5461 quolibet
2408 5389 2645 5445 nomine
2678 5389 2989 5459 insignitos
3035 5391 3099 5441 ut
3145 5386 3497 5459 exemplaria
3530 5390 3669 5444 civi-

2017 5478 2128 5533 bus
2177 5481 2615 5550 proponebant;
2650 5483 2706 5533 et
2736 5477 2880 5532 alios
2911 5475 3148 5546 quidem
3183 5475 3340 5543 huic,
3373 5476 3502 5532 aliis
3536 5494 3665 5533 vero

2015 5565 2100 5621 illi
2126 5567 2517 5633 ascribebant,
2544 5572 2602 5623 et
2626 5566 2697 5620 ab
2721 5565 2838 5619 illis
2861 5564 3354 5633 cognominabant
3375 5564 3497 5619 sive
3519 5566 3663 5621 vivis

2016 5656 2136 5710 sive
2171 5657 2418 5710 mortuis
2450 5666 2504 5710 et
2525 5671 2714 5709 cuneus
2741 5658 2966 5707 statuas
2988 5652 3307 5721 erigentes;
3333 5654 3485 5706 unde
3516 5655 3661 5710 alios
