4054 6200
344 334 500 395 1015

1674 331 2101 394 MICHAELIS
2144 332 2412 392 PSELLI

3594 329 3763 389 1016

340 466 632 521 vocabant
660 464 1102 534 Pericles,alios
1147 482 1279 521 vero
1317 464 1641 538 Agesilaos.
1673 465 1828 529 Quos
1875 463 1993 519 ele-

2139 461 2429 538 Ιερικλέας,
2461 462 2507 517 εἰ
2536 464 2722 540 τύχοι,
2753 464 2843 518 καὶ
2871 460 3242 538 Ἀγησιλάους
3270 460 3758 531 κατανομάζοντις.

344 558 549 627 gerant
602 554 811 609 heroas
884 554 1292 626 appellabant;
1350 570 1669 626 eponymos
1716 570 1848 609 vero
1900 569 1997 607 eos

349 658 498 714 quos
551 642 631 697 ita
681 643 1259 715 cognominaverant.
1311 644 1378 697 Et
1430 642 1790 713 quicumque
1842 641 2000 713 leges

351 732 824 799 introducebant,
859 732 1096 786 attentis
1127 732 1453 803 eponymis,
1489 731 1913 803 proponebant,
1946 734 2003 785 et

353 820 592 875 omnino
624 820 791 891 quasi
822 820 894 876 iis
937 820 1411 891 inspicientibus,
1445 819 2002 891 rempublicamiad-

354 909 795 964 ministrabant.

424 1000 513 1051 27.
548 998 752 1052 Scriba
801 1002 994 1053 autem
1029 1004 1087 1053 et
1116 1000 1308 1053 scriba
1339 998 1724 1053 secundarius
1767 996 2006 1051 humilis

352 1087 601 1143 actionis
648 1102 862 1141 nomen
917 1091 1027 1142 est.
1060 1087 1297 1142 Judices
1345 1087 1502 1141 enim
1554 1091 2006 1156 praetercurrens

346 1175 591 1245 justitiae
632 1192 804 1231 voces
863 1177 1120 1231 notabat.
1157 1176 1320 1232 Unde
1368 1182 1424 1231 et
1471 1176 1894 1231 Demosthenes
1948 1176 2004 1228 in

354 1263 736 1328 responsione
792 1264 1073 1320 irridebat
1118 1264 1450 1320 zEschinem
1504 1264 1612 1319 hoc
1670 1270 1844 1319 utens
1901 1279 2007 1318 no-

354 1353 532 1407 mine.

420 1444 512 1495 28.
545 1442 756 1496 Contra
788 1442 1013 1513 sciptor
1042 1439 1444 1516 (ἀντιγραφεύς)
1468 1442 1670 1497 eadem
1704 1441 1914 1513 agebat
1943 1457 2008 1495 ac

356 1530 551 1585 scriba
582 1530 992 1599 secundarius,
1018 1536 1256 1601 excepto
1289 1532 1440 1601 quod
1473 1530 1571 1586 ille
1603 1536 1757 1585 sorte
1787 1528 2009 1585 electus

360 1618 741 1690 magistratus
784 1623 928 1674 erat.
962 1620 1029 1673 Et
1058 1636 1422 1691 quaecunque
1452 1624 1695 1675 senatus
1726 1618 2009 1674 adminis-

357 1707 556 1762 trabat
586 1711 789 1762 contra
818 1708 1070 1779 scriptor
1099 1708 1322 1764 calamo
1356 1710 1617 1764 notabat.

2107 549 2368 607 Ἐκάλουν
2405 549 2460 605 δὲ
2489 551 2615 614 τοὺς
2667 551 3013 627 ἐπιλεγέντας
3061 550 3270 625 ἥρωας,
3322 547 3644 621 ἐπωνύμους
3702 546 3761 603 δί

2108 637 2237 700 τοὺς
2266 640 2382 693 κατ’
2412 637 2650 702 ἐκείνους
2681 639 3104 712 ὠνομασμένους
3138 635 3281 691 οὕτω
3312 633 3523 693 καλεῖν.
3579 635 3675 689 Καὶ
3709 637 3761 689 οἱ

2108 726 2235 781 τοὺς
2270 727 2473 801 νόμους
2506 728 2887 805 εἰσηγούμενοι
2920 726 3009 782 ἐπί
3040 732 3157 788 τοῖς
3206 724 3519 797 ἐπωνύμοις
3548 724 3766 788 τούτοις

2112 814 2369 889 ἐτίθεσαν,
2402 818 2492 871 καὶ
2539 818 2751 879 πάντως
2800 816 2879 871 ἐπ’
2925 816 3150 877 ἐκείνοις
3194 815 3270 877 ὠς
3298 813 3536 891 ἐφορῶσι
3566 813 3633 867 τὰ
3659 820 3761 882 τῆς

2113 905 2393 968 πολιτείας
2428 905 2656 980 διῴκουν
2686 912 3002 983 πράγματα.

2186 998 2284 1063 κζ’.
2335 998 2395 1053 Ὁ
2436 994 2493 1051 δὲ
2542 998 2899 1073 γραμματεὺς
2929 998 2964 1066 ἢ
3000 992 3459 1071 ὑπογραμματεὺς
3516 994 3765 1070 πράξεως

2116 1082 2367 1147 εὐτελοῦς
2417 1086 2554 1140 ἐστιν
2605 1082 2817 1159 ὄνομα.
2869 1084 3009 1146 Τοὺς
3067 1084 3172 1159 γὰρ
3224 1081 3476 1145 δικαστὰς
3528 1084 3763 1157 ὑποτρέ-

2115 1194 2232 1249 χων
2264 1175 2359 1236 τὰς
2406 1182 2505 1244 τῆς
2550 1174 2771 1249 θέμιδος
2818 1174 3142 1248 ἐσημειοῦτο
3191 1174 3391 1250 φωνάς.
3441 1174 3624 1229 Ἔνθεν
3674 1172 3762 1226 τοὶ

2115 1263 2204 1318 καὶ
2263 1263 2615 1336 Δημοσθένης
2668 1264 2718 1319 ἐν
2777 1270 2896 1325 ταῖς
2946 1262 3305 1339 ἀντικρίσεσιν
3359 1262 3640 1335 ἐπέσκωψε
3683 1266 3762 1331 τῷ

2116 1352 2357 1425 Αἰσχίνῃ
2387 1353 2449 1407 τὸ
2482 1348 2573 1407 dvo
2584 1373 2657 1425 μα

2188 1462 2279 1511 κη.
2312 1443 2372 1497 Ὀ
2404 1439 2462 1495 δέ
2492 1439 2846 1519 ἀντιγραφεὺς
2874 1440 3043 1495 ταύτὰ
3077 1440 3170 1513 μὶν
3205 1437 3335 1515 ἔδρα
3363 1441 3440 1513 τῷ
3482 1441 3762 1515 ὑπογραμ-

2123 1536 2301 1603 ματεῖ,
2334 1528 2479 1599 πλὴν
2525 1529 2649 1585 ὅσον
2704 1528 2861 1591 οὗτος
2889 1527 3179 1605 κληρωτὸς
3226 1526 3407 1604 ἄρχωι
3464 1528 3759 1603 ἐτύγχανεν

2120 1617 2216 1676 ὢν.
2251 1620 2346 1673 Καὶ
2380 1620 2534 1688 ὅσαή
2572 1617 2747 1693 βουλή
2780 1616 3267 1694 διῴκειγράμματι
3301 1617 3762 1690 ἐνσημαινόμενος

2119 1709 2469 1785 ἀντιγραφεὺς
2500 1707 2835 1780 ὠνομάζετο.

430 1796 521 1849 29.
550 1796 715 1851 Sorte
736 1795 903 1851 electi
926 1797 1311 1869 magistratus
1333 1801 1499 1853 erant
1525 1800 1863 1869 quaestores,
1887 1813 2011 1852 veo-

2190 1799 2285 1853 κθ’.
2326 1796 2615 1871 Κληρωταὶ
2648 1794 2705 1851 δὲ
2734 1796 2927 1872 ἀρχαὶ,
2948 1795 3249 1873 πράκτορες
3279 1794 3525 1872 ἐκλογεῖς
3552 1795 3645 1850 καὶ
3675 1794 3765 1850 ἆν-

356 1884 628 1957 tigalium
660 1889 956 1940 exactores
988 1890 1044 1940 et
1073 1886 1616 1957 contrascriptores.

426 1992 542 2044 29'.
580 1993 706 2046 Haec
736 1996 807 2046 de
847 1993 1459 2064 contrascriptoribus.
1493 1993 1798 2049 Exactorcs
1841 2009 2009 2064 porro

358 2097 392 2135 a
424 2085 631 2134 senatu
664 2078 1037 2151 eligebantur
1066 2083 1299 2152 quando
1331 2080 1470 2137 belli
1503 2087 1764 2153 tempore
1795 2081 2011 2137 civium

358 2168 758 2238 opulentiores
789 2170 858 2223 de
890 2187 996 2225 suo
1038 2170 1407 2225 contribuere
1461 2170 1769 2225 debebant.
1803 2170 1863 2225 Id
1913 2186 2012 2241 pe-

357 2256 545 2311 cuniae
578 2258 679 2327 qui
710 2258 1021 2329 exigebant
1049 2265 1349 2315 exactores
1380 2259 1760 2315 vocabantur.

428 2433 519 2487 30.
552 2436 879 2498 Quaestores
925 2452 1059 2491 vero
1091 2436 1407 2506 quotannis
1440 2437 1666 2491 fructus
1698 2436 2016 2491 referentes

358 2527 528 2577 erant
571 2527 630 2578 et
676 2541 934 2580 annuam
984 2524 1359 2597 vectigalium
1407 2524 1759 2580 solutionem
1812 2525 2015 2580 aerario

364 2610 712 2666 inferebant.

434 2698 524 2753 31.
557 2698 767 2754 Ternio
800 2716 1000 2755 recens
1047 2717 1257 2756 nomen
1300 2705 1389 2756 est
1419 2702 1575 2772 apud
1604 2701 2016 2772 Athenienses,

369 2784 694 2841 Clisthenes
726 2788 881 2842 enim
917 2789 1154 2859 quinam
1189 2789 1248 2844 in
1282 2789 1524 2861 triginta
1555 2795 1750 2862 partes
1782 2807 2013 2845 omnem

365 2875 619 2929 Atticam
653 2875 986 2944 distribuit;
1020 2894 1274 2950 cumque
1312 2879 1504 2934 Attica
1534 2880 1745 2951 partim
1780 2886 2017 2952 propter

366 2980 523 3019 mare
567 2965 777 3035 jaceat,
814 2966 1026 3037 partim
1078 2968 1285 3022 mediis
1319 2968 1376 3022 in
1409 2968 1602 3035 terris,
1636 2968 1850 3040 partim
1882 2986 2015 3025 vero

365 3051 519 3107 circa
552 3054 756 3109 urbem
791 3056 1140 3123 extenditur,
1165 3057 1364 3113 decem
1393 3058 1629 3129 quidem
1664 3064 1859 3130 partes
1894 3076 2013 3113 ma-

366 3141 575 3195 ritimae
608 3145 829 3213 regioni
860 3145 1090 3210 tribuit,
1124 3147 1321 3201 decem
1357 3164 1487 3201 vero
1518 3148 1565 3202 ei
1602 3164 1728 3219 qua:
1782 3148 1840 3202 in
1895 3165 2013 3203 me-

368 3229 482 3284 diis
515 3231 686 3286 terris
710 3233 889 3302 jacet,
918 3236 1234 3303 decemque
1258 3236 1307 3290 ei
1342 3252 1467 3306 qua
1497 3253 1673 3307 prepe
1702 3238 1901 3292 urbem
1935 3241 2024 3291 est

367 3317 607 3387 tribuit;
642 3323 699 3375 et
731 3338 1098 3393 unaquaeque
1128 3324 1301 3379 tertia
1332 3340 1468 3394 pars
1501 3325 1688 3381 ternio
1722 3326 2025 3383 nominata

375 3411 484 3462 est.

442 3497 532 3551 32.
567 3498 855 3562 Quoniam
885 3516 1017 3555 vero
1065 3501 1122 3554 in
1172 3502 1379 3557 Atticis
1428 3505 1868 3560 commentariis
1915 3506 2023 3562 hoc

373 3583 593 3639 dictum
627 3602 860 3656 quoque
892 3588 1369 3658 frequentissime
1408 3592 1680 3658 occurrit,
1716 3594 2023 3668 lutropho;

372 3688 504 3727 rum
557 3674 787 3728 tumulo
846 3692 1162 3746 apponere,
1199 3695 1314 3733 non
1365 3680 1600 3736 silentio
1652 3681 1762 3736 hoc
1810 3700 2022 3739 nomen

373 3762 843 3830 praetereundum
871 3768 979 3817 est.
1003 3764 1398 3836 Lutrophoros
1419 3784 1519 3821 vas
1541 3773 1631 3822 est
1653 3770 1723 3822 ad
1750 3769 2021 3827 balneum

373 3846 447 3900 iis
478 3847 578 3917 qui
613 3850 873 3905 nondum
907 3853 1200 3907 connubio
1222 3855 1413 3923 juncti
1440 3861 1579 3911 sunt
1608 3865 2020 3933 praeparatum,

374 3937 909 4007 connuliiojunctis
929 3942 1312 3998 confractum.
1336 3943 1420 3998 Illi
1442 3944 1620 4016 igitur
1637 3948 1735 4018 qui
1762 3949 2021 4005 nondum

370 4023 644 4094 conjugio
670 4026 915 4095 junctus
948 4032 1074 4084 erat
1103 4034 1159 4085 et
1191 4032 1290 4101 qui
1321 4037 1487 4087 natos
1523 4051 1634 4089 non
1668 4034 1891 4092 habens
1922 4038 2019 4093 de-

369 4111 608 4168 functus
641 4118 765 4170 erat
784 4132 884 4171 vas
917 4115 1063 4173 illud
1095 4118 1326 4175 tumulo
1356 4123 1761 4193 apponebatur
1792 4130 1857 4181 ut
1885 4130 2022 4182 asta-

369 4200 447 4255 tis
480 4206 535 4257 et
568 4200 886 4260 liberorum
920 4206 1188 4263 orbitatis
1219 4210 1579 4278 symbolum.

438 4290 527 4343 33.
564 4290 710 4346 Illud
747 4298 944 4350 autem
979 4318 1007 4345 «
1041 4296 1308 4352 elationis
1339 4302 1599 4370 tempore
1629 4299 1891 4358 lanceam
1938 4304 2022 4359 ef-

368 4377 517 4434 ferre
550 4402 576 4427 »
610 4384 813 4437 contra
862 4398 961 4439 eos
1018 4385 1114 4455 qui
1174 4386 1528 4455 occiderant,
1581 4393 1683 4444 aut
1737 4391 2023 4447 occidisse

369 4468 759 4536 putabantur,
819 4471 1142 4529 dicebatur.
1199 4475 1484 4532 Elationis
1542 4479 1700 4533 enim
1762 4486 2023 4551 tempore

2117 1905 2422 1960 τιγραφεις.

2248 1908 2278 1940 α
2298 1908 2422 1947 νεις.

2346 1975 2422 2031 Τὸ
2458 1976 2549 2046 μὲν
2585 1972 2676 2029 οὖν
2703 1979 2809 2028 τῶν
2843 1973 3209 2049 ἀντιγραφέων
3244 1971 3499 2042 δηλώσας
3540 1971 3768 2050 ἔφθασα.

2119 2063 2182 2117 Ol
2215 2061 2270 2117 δὲ
2303 2060 2551 2137 ἐκλογαῖς
2580 2063 2725 2139 παρὰ
2752 2070 2851 2132 τῆς
2887 2062 3095 2137 βουλῆς
3143 2061 3499 2136 ἐκληροῦντο,
3533 2061 3775 2131 ὁπηνίκα

2122 2152 2173 2206 ἐν
2207 2151 2438 2225 πολέμῳ
2458 2152 2847 2221 καθεστηκότες
2877 2150 3002 2213 τοὺς
3038 2150 3446 2227 εὐπορωτέρους
3478 2156 3587 2206 τῶν
3612 2149 3777 2205 πολι-

2120 2246 2230 2297 τῶν
2261 2236 2446 2317 ἔρανόν
2478 2263 2596 2296 τινα
2623 2245 2782 2315 κοινῇ
2815 2246 3228 2318 συνεισενεγκεῖν
3248 2237 3373 2296 ἔδει·
3391 2241 3480 2295 καὶ
3506 2241 3557 2295 οἱ
3579 2240 3777 2295 τοῦτον

2122 2328 2504 2403 ἐπιλεγόμενοι
2534 2328 2779 2406 ἐκλογεῖς
2808 2329 3179 2403 ὠνομάζοντο.

2196 2417 2263 2476 λ’.
2298 2419 2365 2476 Οἱ
2399 2417 2455 2473 δὶ
2503 2421 2803 2495 πράκτορες
2855 2418 3226 2497 ἐπετειοφόροι
3272 2418 3432 2487 ἦσαν,
3471 2419 3572 2487 τήν
3596 2417 3781 2472 ἐνιαύ-

2125 2529 2239 2562 σιον
2287 2513 2394 2562 τῶν
2447 2507 2725 2563 ὑποτελῶν
2759 2506 3065 2563 συντέλειαν
3096 2512 3177 2580 τῷ
3210 2505 3463 2580 δημοσιῳ
3496 2528 3778 2563 συνιισκου

2128 2597 2396 2671 μίζοντες.

2197 2685 2299 2742 λα’.
2332 2684 2459 2742 Ἡδὲ
2483 2686 2700 2763 τριττὺς
2730 2689 3007 2762 νεωτέρων
3036 2683 3211 2759 ὄνομα
3248 2687 3395 2762 παρὰ
3435 2692 3553 2749 τοῖς
3605 2688 3779 2754 Ἀθη-

2123 2774 2297 2837 ναίοις
2330 2775 2458 2830 ἐστί.
2493 2775 2821 2846 Κλεισθένης
2873 2776 2976 2851 γὰρ
3010 2797 3115 2846 τις,
3149 2776 3225 2836 εἰς
3251 2776 3539 2849 τριάκοντα
3578 2776 3782 2847 μοίρας

2122 2865 2221 2932 τὴν
2253 2866 2504 2934 Ἀττικὴν
2534 2866 2740 2918 ἅπασαν
2797 2862 3097 2936 διανείμας,
3151 2861 3338 2931 ἐπειδὴ
3378 2864 3442 2918 τὸ
3475 2864 3570 2935 μὶν
3605 2863 3779 2931 αύτῆς

2126 2953 2567 3018 έπιθαλαττίδιον
2600 2956 2690 3023 ἦν,
2722 2956 2782 3009 τὸ
2815 2953 2872 3009 δὲ
2904 2954 2989 3009 ἐπὶ
3033 2960 3130 3009 τοῦ
3179 2954 3344 3027 μέσου
3390 2960 3631 3023 καθῆστο
3674 2960 3779 3021 τῆς

2125 3044 2334 3120 χώρας,
2361 3048 2424 3098 τὸ
2457 3041 2513 3098 δέ
2542 3045 2689 3117 παρὰ
2716 3046 2778 3097 τὸ
2810 3040 2939 3098 ἄστυ
2966 3044 3324 3116 συνέστρωτο,
3360 3040 3486 3097 δέκα
3515 3042 3614 3115 μὲν
3652 3043 3778 3113 μοί-

2135 3154 2227 3209 ρας
2258 3137 2326 3197 τῆ
2359 3131 2615 3207 παραλίῳ
2646 3134 2983 3208 συντέτευχε,
3036 3130 3164 3187 δέκα
3210 3129 3267 3186 δὶ
3311 3132 3637 3201 κατέστησεν
3690 3129 3778 3185 ἐπὶ

2052 3196 2095 3263 C
2286 3196 2588 3297 μεσόγειον,
2636 3220 2763 3277 δέκα
2814 3219 2870 3275 δὲ
2901 3196 3255 3294 ’διστυνόμους
3306 3218 3551 3291 ἐποίησε·
3594 3220 3684 3274 καὶ
3713 3218 3777 3273 τὸ

2130 3311 2490 3385 τριτημόριον
2518 3308 2733 3385 τριττὺς
2766 3308 3073 3382 ὠνόμαστο.

2205 3487 2313 3565 λβ’.
2344 3488 2491 3544 Ἐπεὶ
2526 3486 2583 3542 δέ
2614 3487 2664 3543 ὲν
2693 3492 2813 3551 ταῖς
2830 3489 3105 3547 Ἀττικαῖς
3133 3486 3465 3563 ἀναγραφαῖς
3490 3483 3583 3539 καὶ
3614 3488 3779 3539 τοῦτο

2130 3583 2236 3633 τῶν
2278 3577 2573 3653 πολλαχοῦ
2622 3576 2935 3652 λεγομένων
2974 3577 3105 3647 ἐστὶ,
3152 3574 3522 3651 λουτροφόρον
3566 3572 3784 3637 ἐπιθεῖ-

2131 3690 2215 3723 ναι
2271 3669 2448 3743 τάφῳ,
2523 3664 2662 3740 μηδὲ
2718 3664 2878 3721 τοῦτο
2936 3664 3293 3741 παρέλθωμεν
3352 3661 3612 3735 τοῦνομα.
3651 3664 3782 3735 Ἀγ-

2129 3765 2276 3833 γεῖον
2331 3759 2359 3811 ὁ
2413 3755 2784 3833 λουτροφόρος
2837 3754 2947 3809 ἐστὶ
3001 3760 3115 3815 τοῖς
3174 3755 3343 3826 μήπω
3401 3751 3780 3825 μεγαμηκόσιν

2132 3848 2219 3902 ἐπὶ
2243 3847 2310 3901 τὰ
2342 3845 2543 3921 λοῦτρα
2564 3844 3097 3919 παρακομιζόμενον,
3131 3843 3481 3910 συνοικήσασι
3513 3839 3569 3894 δὲ
3600 3860 3782 3914 παρα-

2132 3935 2464 4011 θραυὸμενον
2493 3937 2586 4005 Τῷ
2610 3934 2788 3988 τοίνυν
2821 3932 3018 4006 ἀγάμῳ
3045 3930 3137 3985 καὶ
3173 3926 3358 3983 ἅπαιδι
3389 3927 3780 3997 τελευτήσαντι

2129 4024 2279 4081 τουτὶ
2312 4025 2375 4079 τὸ
2422 4024 2639 4100 ἀγγεῖον
2684 4027 2762 4093 τῷ
2808 4022 2963 4099 τάφῳ
2995 4019 3193 4074 ἐτίθετο
3226 4012 3505 4090 σύμὸολον
3538 4018 3651 4089 ἅμα
3678 4024 3785 4085 τῆς

2128 4136 2188 4169 τε
2219 4113 2441 4184 ἡλικίας
2475 4112 2565 4167 καὶ
2592 4118 2699 4181 τῆσ
2730 4108 3007 4171 ἀπαιδίας.

2204 4293 2303 4366 λγ’.
2335 4292 2406 4346 Τὸ
2438 4289 2493 4346 δὲ
2524 4290 2603 4346 ἐπ’
2636 4289 2839 4367 ἐκφορᾷ
2868 4286 2996 4360 δόρυ
3021 4286 3308 4362 ἐξενεγκεῖν
3328 4285 3462 4341 κατὰ
3481 4288 3587 4338 τῶν
3609 4284 3783 4338 ἀποκ-

2130 4382 2391 4436 τενόντων
2443 4378 2663 4455 ἐλέγετο
2711 4380 2746 4448 ἢ
2798 4377 2939 4432 οὕτω
2978 4377 3376 4449 νομιζομένων.
3428 4375 3543 4449 Ἐπ’
3574 4372 3781 4449 ἐκφορᾷ

2132 4473 2235 4546 γὰρ
2268 4468 2547 4545 προϊόντες
2579 4469 2631 4523 οἱ
2663 4466 2875 4522 ἐκείνων
2893 4462 3149 4535 κηδεσταὶ
3181 4462 3312 4538 δόρυ
3344 4460 3777 4537 λελογχωμένον

366 4561 696 4625 praeeuntes
729 4566 1095 4617 mortuorum
1131 4566 1443 4619 necessarii
1488 4566 1752 4622 lanceam
1785 4571 2012 4640 cuspidr

2139 4558 2222 4614 ἐπὶ
2252 4566 2354 4627 τῆς
2382 4556 2572 4624 κλίνης
2620 4556 2881 4620 ἐπέσειον,
2932 4552 3127 4628 δεῖγμα
3173 4556 3272 4621 τῆς
3324 4551 3644 4627 ἀναιρέσεως
3696 4546 3783 4602 ὅν·

370 4648 639 4698 ornatam
658 4663 837 4717 super
858 4648 1119 4705 lecticam
1145 4652 1467 4723 agitabant,
1485 4656 1543 4709 in
1568 4656 1739 4711 caedis
1762 4656 2023 4729 signum.

366 4729 588 4786 Deinde
618 4734 792 4789 caedis
814 4736 1106 4793 actionem
1138 4739 1496 4796 inducebant
1519 4743 1574 4797 in
1599 4760 1698 4798 eos
1724 4761 1873 4815 quos
1896 4763 2024 4803 reos

366 4834 496 4873 esse
527 4821 860 4879 credebant.
894 4824 1078 4881 Aliter
1107 4845 1224 4883 non
1257 4829 1343 4884 eis
1374 4829 1589 4886 licebat
1619 4849 1913 4890 accusare.

437 4924 525 4978 34.
560 4926 989 4987 Colacretorum
1023 4937 1220 4988 autem
1270 4952 1482 4991 nomen
1515 4942 1602 4991 est
1632 4939 1854 5010 absque
1884 4940 2023 5013 rhy-

367 5013 640 5085 mologia.
674 5018 738 5072 Hi
774 5025 913 5075 sunt
942 5022 1129 5077 aararii
1162 5024 1460 5093 custodes,
1484 5026 1771 5095 judiciale
1801 5029 2021 5086 triobo-

364 5101 511 5158 lium
545 5104 615 5159 iis
644 5108 743 5178 qui
768 5109 1041 5179 judicare
1073 5111 1277 5167 volunt
1308 5114 1754 5171 distribuentes.

434 5192 521 5246 35.
554 5194 889 5252 Hellanicus
937 5204 1195 5269 quaestor
1223 5202 1492 5272 generale
1522 5206 1756 5275 quidem
1804 5223 2015 5262 nomen

362 5284 473 5346 est,
507 5282 576 5335 ad
619 5288 919 5356 proprium
956 5294 1150 5343 tamen
1193 5295 1387 5345 actum
1421 5298 1667 5363 spectat.
1701 5295 2016 5351 Athenien-

362 5383 457 5422 ses
487 5370 665 5440 cnim,
701 5390 831 5429 cum
888 5376 1146 5447 primum
1188 5376 1415 5435 insulas
1467 5382 1809 5438 invaserunt
1858 5400 2016 5439 mare

362 5464 735 5527 occupantes,
770 5463 988 5518 tributa
1019 5482 1217 5522 annua
1262 5469 1624 5526 insularibus
1659 5473 2011 5542 imposuere,

362 5547 420 5600 et
448 5546 803 5605 tributorum
836 5558 1161 5609 exactorem
1195 5556 1423 5612 Graecia:
1447 5563 1799 5630 quaestorem
1830 5561 2015 5616 nomi-

362 5641 673 5693 naverunt.

2135 4650 2246 4703 εἶτα
2273 4650 2372 4718 τήν
2402 4645 2497 4701 τοῦ
2525 4645 2691 4723 φόνου
2741 4644 2950 4722 γραφὴν
3008 4643 3229 4718 εἰσῆγον
3278 4647 3395 4705 καθ’
3444 4642 3517 4694 ῶν
3578 4638 3785 4710 ᾤοντο·

2135 4735 2321 4814 ἄγλως
2350 4738 2450 4811 γὰρ
2481 4736 2699 4813 γράφειν
2735 4732 2834 4787 οὐκ
2862 4732 3062 4807 ἐφεῖτο.

2204 4912 2285 4969 λδ¹
2331 4915 2400 4967 Τὸ
2449 4911 2506 4967 δέ
2553 4917 2658 4968 τῶν
2710 4910 3058 4985 κολακρετῶν
3101 4906 3276 4981 ὄνομα
3305 4904 3785 4979 ἀνιτυμολόγητόν

2133 5004 2296 5059 ἐστιν.
2356 5002 2475 5058 Είίσὶ
2532 4999 2589 5055 δὲ
2646 5002 2795 5055 οὗτοι
2848 4996 3304 5075 ταμειοφύλακες,
3350 4997 3414 5050 τὸ
3471 4991 3784 5047 δικαστικὸν

2132 5091 2496 5164 ἀπονέμοντες
2528 5094 2640 5150 τοῖς
2671 5086 2973 5167 ἐφειμένοις
3004 5084 3239 5155 δικάζειν
3270 5078 3597 5160 τριώϐολον.

2202 5200 2297 5256 λε’.
2331 5201 2386 5252 Ὁ
2420 5196 2477 5253 δὲ
2509 5194 2915 5269 ἑλληνοταμίας
2945 5194 3157 5268 γενικὸν
3195 5193 3289 5264 μὲν
3314 5189 3455 5245 ἐστὶν
3474 5187 3675 5260 ὄνομα,
3706 5188 3785 5248 εἷς

2128 5288 2308 5357 ἰδικήν
2370 5285 2427 5342 δὲ
2480 5287 2733 5363 κφάτεισι
2793 5286 3002 5359 πρᾶξιν.
3069 5283 3355 5350 Ἀθηναῖοι
3408 5278 3537 5352 γὰρ,
3588 5273 3783 5345 ἐπειδή

2126 5382 2340 5451 πρῶτον
2390 5382 2507 5438 ταῖς
2554 5377 2744 5445 νήσοις
2796 5366 3063 5441 ἐπέϐησαν
3128 5368 3781 5440 Θαλαττοκρατήσαντες,

2126 5467 2326 5543 φόρους
2372 5472 2489 5529 τοῖς
2543 5464 2839 5533 νησιώταις
2891 5460 3138 5530 ἐτησίους
3198 5458 3473 5530 ἐτάξαντο,
3534 5455 3629 5509 καὶ
3684 5455 3779 5507 τὸν

2125 5554 2532 5635 φορολογοῦντα
2586 5554 2652 5608 τὰ
2705 5553 2969 5626 χρήματα
3001 5546 3402 5621 ἐλληνοταμίαν
3461 5543 3780 5618 ὠνόμαζον.
