4054 6200
297 266 457 325 1017

1482 272 1585 332 DE
1630 271 2037 333 ACTIONUM
2084 266 2546 330 NOMINIBUS.

3560 271 3716 333 1018

373 396 820 473 λς’.²Αριθμοῦσι
853 397 910 454 δὲ
940 399 1033 462 τὰς
1059 403 1271 477 ἡμέρας
1301 407 1397 457 τοῦ
1431 406 1601 475 μηνὸς
1631 407 1684 459 οἱ
1716 402 1948 461 Ἀττικοῖ

2142 402 2231 457 36.
2263 401 2358 457 Sic
2389 407 2580 458 autem
2618 400 2841 456 mensis
2866 400 2991 455 dies
3024 401 3195 456 Attici
3230 408 3558 460 munerant.
3582 405 3717 462 Sin-

298 484 499 549 οὕτως.
558 488 1039 563 Τριακονθήμερον
1098 487 1321 546 ἕκαστον
1399 498 1506 547 τῶν
1571 498 1760 565 μηνῶν
1819 490 1963 547 οἷόν-

294 596 410 629 ται.
464 575 588 646 Καὶ,
622 577 697 639 εἱς
745 584 892 649 τρεῖς
942 575 1166 643 δεκάδας
1209 585 1401 635 τοῦτον
1454 579 1811 657 διαιροῦντες,
1860 582 1959 650 τὴν

303 664 402 734 μὶν
455 664 677 739 πρώτην
728 674 830 735 τῆς
880 670 1107 741 πρώτης
1160 668 1383 735 δεκάδος
1411 671 1710 743 νουμηνίαν
1767 670 1961 725 ἄπονο-

306 755 710 823 μάζουσι⁶τάς
765 753 823 811 δέ
872 757 993 829 ἒξῆς
1056 757 1221 833 μέχρι
1277 767 1376 829 τῆς
1435 758 1962 834 δεκάδος,δευτέραν

290 842 391 893 καὶ
430 842 642 913 τρίτην,
674 844 764 899 καὶ
810 844 999 917 ἐνάτην
1061 846 1313 905 καλοῦσι.
1349 850 1499 906 Μετὰ
1548 847 1605 903 δὲ
1645 851 1749 919 τὴν
1802 850 1958 923 πρώ-

287 949 400 999 την
459 928 659 987 δεκάδα
718 932 1110 1011 ἀναστρέφουσι
1194 938 1322 1000 τοὺς
1389 939 1678 1015 ἀριθμοὺς,
1735 942 1958 1015 πρώτην

295 1016 391 1105 leti
447 1017 575 1075 δέκα
624 1021 893 1098 λέγοντες,
925 1026 1015 1080 καὶ
1050 1023 1308 1103 δευτέραν
1365 1029 1451 1083 καὶ
1502 1029 1690 1105 τρίτην
1749 1027 1959 1101 ὁμοίως

293 1104 431 1182 ἄχρι
462 1116 561 1179 τῆς
619 1109 856 1174 εἰκάδος.
892 1116 1007 1183 Τὴν
1070 1111 1127 1169 δὶ
1188 1113 1375 1171 εἶ’κᾶδα
1436 1104 1717 1195 ὑστεραίαν
1766 1114 1963 1171 δεκάδα

292 1197 610 1273 φάσκοντες,
675 1203 967 1277 γηράσκειν
1048 1203 1229 1279 ὥσπερ
1319 1206 1559 1271 ἐντεῦθεν
1636 1208 1726 1262 τὸν
1817 1214 1962 1281 μῆνα

288 1287 580 1361 ἡγοῦνται,
626 1290 714 1345 καὶ
767 1294 889 1368 φασὶ
938 1294 1165 1366 πρώτην
1227 1295 1509 1371 φθίνοντος
1564 1297 1653 1351 καὶ
1708 1294 1954 1373 δευτέραν

287 1376 598 1461 φθίνοντος,
635 1380 722 1433 καὶ
775 1379 999 1451 έννάτην
1060 1382 1296 1457 ὁμοίως.
1342 1386 1457 1453 Τὴν
1506 1382 1561 1440 δέ
1608 1407 1670 1461 γε
1694 1384 1959 1460 τριακάδα

282 1460 421 1535 ἔνην
454 1468 543 1521 καὶ
569 1466 688 1523 νέαν
723 1468 1121 1543 ὀνομάζουσιν.

374 1570 639 1641 λζ’.’8πεὶ
673 1573 729 1630 δὲ
753 1578 840 1631 καὶ
872 1579 934 1633 τὸ
957 1585 1060 1649 τῆς
1094 1577 1414 1653 δοκιμασίας
1444 1578 1618 1655 ὄνομα
1649 1581 1793 1638 πολὺ
1812 1586 1958 1659 παρά

284 1667 418 1723 τοῖς
473 1662 823 1733 Ἑλληνικοῖς
886 1668 1290 1743 συγγράμμασι,
1350 1675 1568 1745 πρῶτον
1632 1673 1725 1745 μὲν
1794 1677 1955 1727 τοῦτο

2072 490 2243 561 gulos
2276 507 2507 546 menses
2556 490 2801 561 triginta
2842 490 3049 545 diebus
3095 496 3433 547 constantes
3477 493 3712 551 habent.

2071 579 2141 633 Et
2188 579 2371 634 intres
2422 580 2674 634 decadas
2722 594 2987 634 mensem
3048 579 3398 648 dividentes,
3460 582 3716 651 primum

2072 668 2226 722 diem
2288 666 2485 738 primas
2533 667 2771 722 decadis
2843 667 3213 723 novilunium
3275 669 3719 740 cognominant,

2072 754 2334 827 aliosque
2366 757 2638 827 usquead
2675 758 2849 812 ﬁnem
2885 758 3128 813 decadis
3158 759 3487 813 secundum
3512 764 3569 814 et
3600 765 3715 815 ter-

2069 846 2217 901 tium
2270 850 2325 901 et
2372 864 2590 902 nonum
2639 852 2867 902 vocant.
2920 851 3058 902 Post
3104 848 3355 920 primam
3388 864 3520 904 vero
3552 849 3719 905 deca-

2069 938 2201 992 dem
2236 938 2534 993 invertunt
2580 954 2874 1007 numeros,
2911 938 3169 1011 primum
3202 943 3259 994 et
3306 940 3597 995 decimum
3634 940 3716 995 di-

2070 1031 2286 1097 centes,
2315 1032 2370 1082 et
2391 1028 2717 1084 secundum
2752 1032 2809 1083 et
2845 1028 3083 1083 tertium
3117 1028 3410 1084 decimum
3443 1028 3717 1085 similiter

2070 1131 2259 1187 usque
2308 1118 2377 1171 ad
2425 1118 2788 1173 vicesimum.
2842 1118 3110 1173 Eicadem
3178 1122 3374 1174 autem
3442 1118 3713 1174 ultimam

2070 1205 2346 1260 decadem
2384 1206 2771 1278 appellantes,
2808 1206 3177 1263 insenescere
3199 1207 3367 1279 quasi
3390 1207 3525 1263 inde
3546 1223 3677 1263 men
3694 1240 3714 1250 -

2070 1310 2189 1349 sem
2224 1296 2562 1366 opinantur,
2611 1302 2665 1352 et
2714 1296 2919 1352 dicunt
2970 1298 3230 1369 primum
3262 1298 3417 1353 diem
3450 1296 3712 1353 ﬁnientis

2068 1390 2120 1438 et
2152 1385 2479 1439 secundum
2512 1384 2795 1453 ﬁnientis,
2843 1390 2899 1442 et
2938 1403 3159 1442 nonum
3186 1385 3478 1441 similiter.
3516 1384 3713 1441 Trice-

2069 1470 2290 1527 simum
2320 1490 2456 1528 vero
2488 1473 2649 1529 diem
2679 1479 2929 1529 veterem
2961 1479 3019 1529 et
3048 1490 3259 1530 novam
3282 1474 3610 1529 nominant.

2137 1576 2225 1629 37.
2257 1576 2543 1640 Quoniam
2576 1581 2769 1633 autem
2806 1577 3168 1649 probationis
3208 1595 3420 1634 nomen
3445 1578 3713 1649 frequen-

2067 1668 2154 1720 ter
2194 1666 2343 1736 apud
2394 1666 2704 1722 historicos
2753 1667 3027 1735 occurrit,
3075 1667 3333 1739 primum
3365 1667 3604 1738 quidem
3638 1669 3709 1724 de

285 1748 385 1804 ἐπὶ
443 1751 550 1806 τῶν
610 1752 1123 1829 ἑπιτροπευομένων
1180 1759 1385 1813 παίδων
1434 1761 1658 1817 τίθεται.
1702 1764 1798 1819 Ἠν
1854 1763 1948 1837 γάρ

2068 1754 2267 1827 pueris
2317 1756 2427 1810 sub
2476 1755 2657 1811 tutela
2687 1756 3029 1812 constitutis
3086 1757 3345 1828 ponitur.
3381 1756 3504 1812 Illic
3552 1757 3709 1813 enim

284 1840 482 1902 ωότοῖς
540 1842 846 1917 ὡρισμένος
898 1845 1119 1920 χρόνος,
1177 1846 1259 1926 ἐφ’
1315 1848 1377 1903 οὗ
1455 1851 1771 1925 γενομένοις
1836 1856 1953 1913 τοῖς

288 1927 552 2005 ὀρφανοῖς
610 1931 782 2005 νόμος
837 1934 983 2008 παρᾶ
1037 1940 1146 1990 τῶν
1216 1936 1523 2012 ἐπιτρόπων
1589 1940 1654 1994 τά
1727 1945 1957 2014 πατρῷα

285 2012 618 2091 λαμϐάνειν,
668 2020 757 2075 καὶ
810 2023 837 2076 6
880 2022 968 2078 ἐπὶ
1016 2028 1112 2079 τοῦ
1161 2026 1414 2082 τοιούτου
1462 2027 1669 2103 χρόνου
1728 2012 1951 2105 ἀκριϐα-

285 2106 434 2178 σμὸς
505 2105 800 2181 δοκιμασία
872 2110 1108 2187 ἐλέγετο.
1163 2117 1390 2172 Ἔπειτα
1457 2119 1784 2192 κυριώτερον
1864 2118 1953 2174 ἐπὶ

282 2199 400 2249 τῶν
448 2197 524 2258 εἲς
574 2199 753 2275 ἀρχὴν
803 2196 1255 2277 ἐμϐιϐαζομένων
1302 2207 1335 2277 ἧ
1400 2205 1743 2283 λειτουργίαν
1790 2208 1952 2265 πολι-

280 2285 449 2352 τικὴν
536 2288 570 2355 ἡ
654 2284 947 2362 δοκιμασία
1027 2289 1502 2367 παρελαμϐάνετο.
1564 2294 1951 2371 Έδοκιμάζετο

277 2373 394 2447 γάρ
442 2375 470 2429 6
523 2378 827 2452 στρατηγὸς
873 2382 962 2434 καὶ
1017 2382 1045 2435 6
1095 2378 1431 2458 πρεσϐευτὴς
1480 2384 1569 2439 καὶ
1619 2386 1646 2439 6
1679 2383 1953 2462 δᾳδοῦχος

280 2462 377 2515 καὶ
433 2463 461 2516 6
509 2463 857 2540 ἱεροφάντης,
908 2468 1040 2546 ὅπερ
1080 2470 1247 2541 ἆστῖν,
1301 2472 1585 2543 έξητάζετο
1636 2474 1681 2528 εἱ
1736 2478 1945 2549 προσή-

285 2570 407 2604 κων
440 2550 552 2607 έστὶ
576 2558 656 2626 τῷ
685 2555 987 2631 πράγματι.

362 2638 472 2710 λη’.
500 2642 576 2698 Τὸ
608 2640 663 2697 δὲ
689 2642 743 2707 ές
772 2646 1113 2722 Κυνόσαργες
1156 2648 1329 2703 τόπου
1382 2651 1478 2723 μέν
1525 2650 1665 2706 ἐστιν
1727 2649 1903 2726 ὄνομα
1933 2675 1946 2687 ·

280 2728 400 2783 ἀπὸ
462 2728 518 2784 δέ
575 2752 721 2794 τινος
774 2735 1017 2810 ἱστορίας
1068 2739 1419 2801 συντέθειται.
1458 2738 1632 2796 Πάλαι
1687 2743 1781 2815 μὶν
1845 2746 1948 2819 γάρ

275 2826 406 2880 τοῖς
465 2816 646 2884 νόθοις
705 2821 923 2886 οὐδενὸς
982 2829 1146 2897 μετῆν
1202 2824 1324 2883 οὔτε
1375 2833 1483 2883 τῶν
1535 2830 1790 2905 μετρίων,
1826 2830 1950 2888 οὔτε

279 2913 402 2997 τῶν
445 2908 749 2966 πολιτικῶν
783 2914 1083 2988 Ἀθήνῃσι’
1118 2922 1379 2991 χρησμοῦ
1429 2916 1485 2974 δὲ
1536 2920 1802 2997 Δελφόοεν
1860 2921 1947 2977 έκ-

280 2995 540 3061 δοθὲντος
592 3001 680 3054 τὸν
734 3001 792 3057 έκ
844 3002 971 3066 Διὸς
1019 3005 1108 3060 καὶ
1159 3005 1479 3080 Ἀλκμήνης
1525 2995 1750 3073 τούτους
1800 3010 1943 3085 ἐξευ-

281 3087 624 3157 μενίζεσθαι.
696 3092 883 3165 βωμόν
941 3114 999 3148 τε
1075 3095 1492 3171 ἀνεγηγέρκασιν
1550 3100 1811 3172 Ἡρακλεῖ
1854 3102 1944 3156 καὶ

278 3174 597 3232 συντέλειαν
631 3179 867 3235 ἐπέτειον
918 3180 1005 3236 ἐπὶ
1052 3189 1171 3245 ταῖς
1224 3185 1429 3250 θυσίαις
1482 3186 1661 3261 τούτῳ
1719 3194 1949 3264 συνεψη-

280 3264 535 3355 ιρίσαντο.
573 3269 898 3341 Ὠνόμασται
945 3269 1001 3325 δὶ
1056 3273 1118 3326 τὸ
1179 3276 1391 3350 χωρίον
1455 3274 1536 3355 ἐφ’
1568 3278 1630 3332 οὗ
1686 3279 1748 3333 τὸ
1804 3280 1949 3353 ἱερὸν

269 3352 476 3427 ’ἱδρυτο
555 3357 909 3435 Κυνόσαργες.
965 3364 1143 3417 Τοῦτο
1225 3360 1282 3417 δὶ
1347 3352 1658 3439 νενόμισται
1724 3369 1806 3421 ὅτι
1858 3352 1945 3424 καὶ

280 3444 567 3519 Ἡρακλῆς
655 3449 755 3503 οὐκ
825 3448 1045 3525 ἐγγενής
1123 3452 1233 3508 ἐστι
1286 3455 1403 3518 θεὸς
1463 3454 1577 3510 οὐδ’
1635 3458 1947 3532 άγέννητος,

285 3532 435 3588 ἀλλὰ
492 3536 753 3610 πατρόθεν
818 3540 911 3609 μὲν
970 3540 1200 3609 ἁπλοῦς,
1259 3544 1527 3618 μητρόθεν
1586 3543 1643 3601 δὲ
1698 3546 1951 3611 σύνθετος

282 3624 376 3677 καὶ
435 3624 592 3688 νόθος
652 3626 726 3689 εἰς
779 3629 871 3682 τὸν
930 3628 1164 3703 ἀριθμὸν
1222 3632 1313 3685 καὶ
1377 3635 1791 3709 παράγραπτος.
1854 3638 1949 3693 Διά

284 3714 447 3767 τοῦτό
510 3735 669 3789 φασιν
718 3717 953 3773 Ἀττικοὶ
994 3718 1046 3782 ἐς
1104 3721 1442 3798 Κυνόσαργες
1496 3724 1765 3780 συντελεῖν
1822 3726 1950 3790 τοὺς

283 3801 501 3865 νόθους.

362 3889 463 3948 λΘ’.
496 3894 619 3948 Τῶν
651 3897 960 3965 Ἀθηναίων
999 3899 1287 3963 ἀκούοντες
1319 3900 1371 3956 έν
1413 3906 1531 3965 τοῖς
1562 3902 1947 3979 συγγράμμασι

281 3980 414 4041 τοὺς
474 3984 569 4052 μὲν
645 3982 847 4046 ἄλλους
906 3987 1060 4048 Θεοὺς
1124 3988 1403 4060 ὀμνύντων
1466 3989 1679 4061 ἁπλῶς,
1739 3996 1827 4048 τὸν
1890 3993 1947 4049 δὲ

279 4067 624 4126 Ἀπόλλωνα
671 4076 1035 4148 προτιθέντων
1078 4076 1158 4132 ὅτι
1219 4081 1469 4153 πατρῷός
1531 4080 1641 4135 ἐστι
1685 4085 1784 4151 τὴν
1844 4085 1942 4137 πό-

284 4156 399 4247 λιν,
431 4159 633 4230 ταύτην
696 4165 917 4236 ἡγεῖσθε
972 4167 1070 4233 τήν
1134 4166 1330 4225 αἰτίαν.
1379 4174 1605 4243 Πρῶτον
1660 4170 1940 4247 ἄνθρωπον

279 4244 343 4300 ἐκ
394 4254 497 4336 τῆς
545 4250 797 4320 Ἀττικῆς
857 4260 1180 4325 γεγενῆσθαι
1239 4258 1576 4332 νομίζουσιν,
1637 4244 1769 4315 οἷον
1812 4282 1943 4336 συγ-

279 4334 583 4409 γενομένου
638 4338 803 4407 ἡλίου
855 4344 922 4413 τῇ
979 4346 1071 4417 γῇ,
1105 4344 1139 4413 ἤ
1176 4347 1541 4420 φυσικώτερον
1592 4354 1709 4410 ταῖς
1765 4349 1940 4403 ἀκτῖσι

281 4422 687 4495 διαθάλψαντος
737 4428 825 4482 καὶ
897 4432 1047 4485 τουτὶ
1122 4434 1184 4487 τὸ
1258 4439 1392 4502 ζῶον
1454 4436 1939 4509 ἀπογεννήσαντος.

280 4514 436 4569 Ἐπεὶ
488 4512 546 4569 Si
601 4514 890 4589 ἐπώνυμον
954 4524 1049 4573 τοῦ
1101 4520 1266 4589 ἡλίου
1324 4524 1386 4578 τὸ
1444 4529 1542 4578 τοῦ
1578 4525 1939 4588 ’Λπόλλωνος
1971 4519 2017 4583 D

282 4600 485 4675 ὄνομα,
517 4610 768 4678 πατρῷον
801 4606 1039 4672 ἰντεῦθεν
1072 4610 1164 4664 τὸν
1200 4610 1464 4667 Ἀπόλλω
1497 4612 1726 4671 οἶόνται.

361 4712 436 4782 μ’.
467 4712 543 4765 Τά
573 4709 629 4766 δὶ
659 4714 961 4790 ἀπατούρια
993 4717 1186 4792 έορτῆς
1223 4719 1316 4789 μέν
1350 4718 1488 4773 ἐστιν
1518 4721 1694 4793 ὄνομα
1740 4721 1797 4775 ἐκ
1839 4730 1938 4792 τῆς

273 4798 494 4869 ἀπάτης
548 4802 919 4873 πεποιημένον
956 4825 968 4837 υ
1021 4803 1071 4875 ἐξ
1128 4805 1367 4879 ἱστορίας
1428 4804 1484 4861 δὲ
1549 4805 1767 4864 τοιᾶσδε
1824 4807 1939 4886 ἔχει

275 4890 383 4955 τήν
439 4887 709 4963 γέννησιν.
746 4892 1053 4966 Ἐμάχοντο
1102 4894 1238 4969 πρὸς
1291 4892 1579 4967 ἀλλήλους
1621 4900 1753 4953 ποτὶ
1782 4901 1942 4968 Ἀθη-

278 4978 431 5030 ναῖοί
476 4998 536 5031 τε
581 4979 669 5032 καὶ
703 4975 934 5049 Θηϐαῖοι
969 5000 980 5012 °
1019 4983 1130 5051 καὶ,
1164 4984 1191 5037 ὃ
1244 4981 1309 5053 δὴ
1363 4984 1636 5050 πολλάκις
1686 4986 1836 5065 φιλεῖ
1887 4987 1938 5042 ἐν

275 5070 403 5125 ταῖς
468 5067 674 5141 μάχαις
736 5067 997 5142 γίνεσθαι,
1046 5071 1106 5125 τὸ
1162 5070 1291 5133 τοὺς
1349 5074 1686 5149 ἡγουμένους
1746 5075 1941 5136 αὐτοὺς

279 5153 550 5225 περὶτῶν
598 5151 1126 5233 άμφισϐητηθέντων
1172 5160 1309 5236 πρὸς
1352 5160 1638 5233 ἀλλήλους
1691 5184 1943 5237 μονομα-

275 5249 428 5318 γεῖν,
464 5241 611 5316 ἔδοξε
666 5246 755 5299 καὶ
814 5246 935 5301 τότε
989 5253 1105 5309 τοῖς
1168 5248 1446 5323 βασιλεῦσι
1503 5254 1593 5307 τὸν
1650 5253 1781 5328 ὑπὶρ
1831 5258 1938 5307 τῶν

276 5330 665 5407 στρατοπέδων
694 5335 830 5407 πρὸς
861 5333 1148 5406 ἀλλήλους
1178 5339 1403 5413 ἅρασθαι
1436 5340 1702 5414 πόλεμον.
1724 5342 1939 5415 Ἠγεῖτο

277 5420 343 5477 δὲ
398 5427 508 5475 τῶν
574 5424 669 5493 μὲν
703 5424 997 5488 Ἀθηναίων
1052 5426 1498 5503 Ὑπερθόμοιτος,
1556 5434 1663 5485 τῶν
1717 5427 1773 5485 δὶ
1828 5437 1939 5501 Θη-

278 5507 457 5566 ϐαίων
491 5512 723 5575 Ξάνθος.
748 5513 851 5568 Καὶ
886 5511 1073 5583 ἐπειδή
1105 5517 1169 5571 τὸ
1204 5518 1531 5595 μεταίχμιον
1565 5517 1936 5591 ἀποδέδεικτο,

283 5604 313 5656 ὁ
353 5604 449 5678 μέν
513 5604 723 5666 Ξάνθος
773 5604 968 5661 αὐτίκα
1014 5608 1348 5684 προσῆλθεν,
1395 5613 1422 5666 6
1475 5608 1533 5667 δὲ
1579 5610 1940 5687 Ὑπερθύμοι-

2065 1843 2519 1900 determinatum
2553 1850 2787 1919 tempus
2829 1850 2971 1915 erat,
3023 1862 3140 1917 quo
3171 1845 3417 1919 orphani
3467 1850 3712 1918 paterna

2064 1934 2217 1989 bona
2267 1951 2299 1989 a
2346 1935 2644 1993 tutoribus
2694 1937 2948 2009 recipere
2997 1941 3283 2008 poterant,
3336 1941 3392 1993 ct
3438 1941 3712 1994 accurata

2066 2040 2192 2095 quae
2224 2040 2328 2094 per
2360 2024 2414 2079 id
2439 2029 2674 2096 tempus
2721 2025 3029 2097 inquisitio
3081 2028 3346 2095 probatio
3378 2028 3706 2083 dicebatur.

2066 2112 2283 2168 Deinde
2315 2115 2502 2185 magis
2534 2116 2764 2186 prOprie
2787 2115 2857 2169 de
2903 2115 2975 2171 iis
3028 2116 3126 2187 qui
3178 2116 3589 2186 magistratum
3620 2114 3707 2170 vel

2066 2219 2283 2257 munus
2319 2202 2617 2273 publicum
2650 2204 2930 2276 gerebant
2972 2204 3094 2260 hinc
3124 2222 3232 2261 vox
3270 2200 3560 2275 δοκιμασία
3609 2222 3705 2260 as-

2064 2292 2427 2346 snmebatur.
2468 2291 2832 2348 Probabatur
2860 2296 2915 2347 et
2946 2299 3259 2362 strategus,
3288 2300 3345 2348 et
3376 2293 3604 2365 legatus
3653 2298 3710 2349 et

2063 2380 2371 2436 daducbus
2401 2382 2607 2451 (facem
2642 2387 2921 2454 gestans),
2953 2387 3009 2437 et
3038 2398 3338 2437 sacrorum
3371 2384 3697 2454 praefectus,

2062 2470 2121 2523 id
2153 2476 2261 2539 est,
2298 2470 2708 2542 inquirebatur
2738 2488 2809 2527 an
2845 2471 3072 2527 muneri
3107 2488 3213 2527 suo
3241 2477 3413 2543 aptus
3446 2479 3619 2527 esset.

2132 2650 2219 2704 38.
2256 2650 2405 2705 Illud
2438 2667 2572 2707 vero
2612 2670 2632 2698 ι
2665 2651 2721 2705 ἱη
2754 2654 3113 2723 Cynosarges
3148 2672 3177 2699 »
3208 2650 3318 2704 loci
3352 2666 3563 2703 nomen
3596 2653 3703 2704 est.

2060 2739 2139 2793 Ex
2188 2741 2440 2811 quadam
2493 2746 2687 2796 autem
2736 2740 2981 2796 historia
3031 2740 3357 2811 profectum
3409 2744 3517 2794 est.
3551 2739 3704 2795 Olim

2061 2830 2247 2899 spurii
2292 2830 2470 2884 nullis
2493 2829 2962 2885 admittebantur
2991 2829 3205 2884 ofﬁciis
3238 2827 3325 2883 vel
3361 2828 3707 2883 muneribus

2058 2918 2313 2989 publicis
2345 2920 2496 2990 apud
2532 2920 2937 2975 Athenienses.
2963 2919 3042 2973 Ex
3076 2917 3275 2988 Delphi
3309 2922 3505 2973 autem
3535 2918 3705 2989 adyto

2059 3024 2190 3062 cum
2245 3008 2545 3063 oraculum
2581 3013 2944 3079 reportatum
2981 3014 3137 3063 esset
3168 3007 3291 3061 Jovi
3327 3012 3385 3061 et
3418 3005 3701 3061 Alcmenae

2065 3096 2251 3150 filium
2286 3098 2367 3152 eis
2399 3115 2527 3153 esse
2552 3097 2893 3169 propitium,
2918 3113 3079 3151 aram
3116 3095 3341 3150 Herculi
3374 3098 3706 3162 erexerunt,

2068 3202 2455 3257 annuumque
2509 3188 2798 3242 tributum
2850 3186 3224 3240 victimarum
3272 3184 3702 3239 otl‘ercndarum

2062 3291 2263 3343 causa,
2295 3276 2692 3330 decreverunt.
2726 3273 3110 3330 Nominatum
3142 3278 3229 3327 est
3261 3278 3457 3327 autem
3490 3276 3704 3343 Cynos-

2061 3381 2230 3436 arges
2260 3365 2421 3419 locus
2456 3365 2514 3418 in
2547 3381 2661 3435 quo
2717 3363 3003 3434 templum
3046 3363 3377 3417 dedicatum
3428 3365 3536 3415 est.
3590 3362 3704 3415 lloc

2062 3458 2255 3508 autem
2309 3454 2564 3507 creditur
2607 3450 2909 3507 Herculem
2960 3467 3150 3521 neque
3195 3450 3532 3520 indigenam
3575 3465 3704 3503 esse

2060 3544 2235 3613 deum
2270 3560 2458 3613 neque
2516 3542 2929 3613 alienigenam,
2983 3541 3084 3595 sed
3139 3556 3207 3594 ex
3268 3544 3429 3610 patre
3460 3538 3700 3608 quidem

2060 3610 2488 3703 simplicem,“
2510 3637 2697 3686 matre
2715 3646 2845 3685 vero
2867 3629 3253 3700 compositum
3275 3632 3330 3682 et
3351 3626 3619 3698 spurium
3643 3628 3701 3681 in

2060 3738 2372 3777 numerum
2392 3726 2447 3777 et
2470 3720 3027 3793 ascriptitium.ldeo
3042 3717 3218 3773 Attici
3242 3716 3447 3772 dicunt
3467 3715 3703 3788 spurios

2058 3810 2116 3865 in
2143 3812 2503 3884 Cynosarges
2522 3810 2909 3867 contribuere.

2128 3919 2216 3972 39.
2243 3919 2483 3983 Quando
2509 3918 2889 3973 Athenienses
2930 3916 3147 3971 auditis
3170 3916 3226 3969 in
3262 3914 3526 3970 historiis
3549 3911 3694 3969 alios

2057 4008 2293 4077 quidem
2342 4008 2479 4060 deos
2522 4006 2783 4061 altestari
2826 4005 3174 4075 simpliciter
3205 4003 3536 4075 Apollinem
3563 4018 3700 4059 vero

2054 4103 2407 4167 anteponere
2466 4095 2606 4166 quia
2664 4094 2795 4149 urbi
2867 4094 3091 4164 patrius
3153 4093 3299 4146 deus
3370 4096 3479 4154 est,
3542 4092 3692 4147 hanc

2054 4202 2181 4240 esse
2215 4202 2455 4239 causam
2488 4184 2725 4239 credite.
2760 4183 3019 4237 Primum
3070 4181 3364 4236 hominem
3413 4196 3482 4235 ex
3511 4181 3696 4235 Attica

2053 4280 2256 4328 natum
2289 4290 2417 4327 esse
2452 4276 2753 4343 putant,ex
2788 4269 2929 4324 solis
2969 4286 3100 4324 cum
3150 4271 3303 4323 terra
3348 4282 3692 4338 congressu,

2050 4361 2161 4429 vel,
2197 4366 2255 4415 ut
2280 4361 2518 4433 physico
2556 4360 2780 4431 loquar,
2822 4360 3000 4413 solem
3038 4375 3163 4413 eam
3191 4357 3370 4412 radiis
3392 4356 3515 4411 suis
3545 4356 3693 4412 cale-

2052 4451 2282 4517 fecisse,
2315 4456 2372 4505 et
2406 4451 2512 4505 hoc
2545 4448 2762 4504 animal
2793 4448 3088 4520 genuisse.
3115 4447 3224 4503 Sed
3255 4446 3533 4517 quoniam
3556 4446 3696 4501 solis

2049 4540 2272 4596 nomini
2295 4540 2563 4594 additum
2586 4544 2675 4594 est
2697 4538 3012 4610 Apollionis
3034 4536 3419 4606 nomen,inde
3440 4536 3693 4608 patrium

2049 4629 2376 4701 Apollinem
2402 4630 2667 4685 credunt.

2124 4722 2209 4775 40.
2249 4719 2532 4791 Apaturia
2578 4720 2709 4775 festi
2740 4734 2950 4774 nomen
2984 4722 3074 4771 est
3102 4733 3169 4771 ex
3199 4716 3425 4772 fraudis
3457 4716 3694 4771 nomine

2051 4808 2230 4873 ἀπάτη
2267 4812 2504 4873 factum;
2532 4825 2600 4863 ex
2622 4806 2890 4879 sequenti
2916 4810 3111 4860 autem
3136 4805 3385 4861 historia
3405 4804 3692 4876 originem

2052 4899 2233 4952 ducit.
2262 4896 2481 4952 Bellum
2520 4897 2671 4950 inter
2719 4912 2781 4950 se
2804 4896 3084 4966 gerebant
3132 4895 3271 4949 olim
3310 4894 3693 4949 Athenienses

2052 4991 2109 5041 et
2130 4984 2415 5053 Thebani;
2441 4988 2495 5039 et
2532 4985 2686 5054 quod
2719 4984 2949 5039 evenire
2991 4983 3334 5056 plerumque
3373 4982 3432 5035 in
3480 4980 3693 5052 praeliis

2052 5075 2217 5141 solet,
2243 5090 2453 5146 nempe
2472 5074 2653 5130 duces
2680 5073 2838 5144 ipsos
2870 5072 3156 5146 singulari
3201 5070 3515 5127 certamine
3543 5070 3695 5122 inter

2050 5181 2113 5220 se
2147 5181 2264 5221 rem
2299 5163 2597 5229 dirimere,
2631 5164 2825 5218 visum
2874 5169 2963 5219 est
3022 5168 3079 5218 et
3131 5170 3265 5216 tunc
3316 5158 3554 5228 regibus
3588 5172 3690 5228 pro

2052 5253 2406 5309 exercitibus
2459 5254 2611 5308 inter
2660 5271 2723 5309 se
2774 5254 3087 5308 decertare.
3158 5252 3411 5303 Praeerat
3492 5250 3689 5300 autem

2049 5341 2507 5397 Atheniensibus
2583 5341 3112 5413 Hyperthymmtus.
3189 5335 3483 5390 Thebanis
3557 5351 3691 5389 vero

2050 5432 2347 5487 Xanthus.
2383 5435 2448 5485 Et
2480 5436 2783 5501 postquam
2818 5426 3073 5499 spatium
3096 5424 3551 5480 determinatum
3581 5426 3689 5491 est,

2049 5523 2285 5578 Xantus
2330 5521 2566 5593 quidem
2624 5518 2821 5573 statim
2853 5514 3120 5579 accurrit,
3178 5514 3690 5585 Hyperthymoetus

2052 5621 2246 5669 autem
2285 5609 2514 5682 ignavia
2544 5608 2861 5677 desperans
2884 5603 3198 5661 Melanthio
3224 5604 3325 5660 uni
3355 5618 3425 5659 ex
3452 5598 3689 5657 comiti-
