4054 6200
333 286 485 348 1021

1508 296 1610 356 DE
1656 294 2066 359 ACTIONUM
2110 293 2575 357 NOMINIBUS.

3586 288 3744 359 1023

335 420 433 490 μὲν
477 420 668 494 ἄριστα
715 422 779 474 τὸ
833 422 967 490 ἦθος
1014 422 1453 494 ὲξομοιώσωνται
1483 427 1620 497 πρὸς
1646 424 1775 488 τοὺς
1804 426 1968 501 ἥρωας

2106 429 2381 501 quideme
2412 428 2594 498 optim
2628 424 2872 480 heroum
2904 426 3150 478 naturas
3199 421 3528 489 imitantur,
3570 426 3739 492 prot-

332 510 792 583 πρωταγωνισταὶ
842 510 1228 583 ὀνομάζονται,
1282 514 1346 583 ἢν
1396 512 1454 568 δὲ
1508 517 1608 587 μή,
1660 513 1992 591 δευτεραγω-

328 599 507 651 νισταί
540 617 552 630 ·
586 599 654 668 ἢν
714 597 773 653 δὲ
818 600 993 671 πάντη
1047 598 1328 675 ἀδοκίμως
1382 604 1767 678 ὑποκριθῶσιν,
1811 605 1861 659 ἐν
1920 609 1989 678 τῇ

327 688 493 762 τρίτῃ
522 688 664 757 τάξει
696 694 1181 764 καταριθμοῦνται.

410 784 514 847 μθ’.
549 778 676 851 Περὶ
717 775 774 832 δὲ
820 772 1211 853 τοῦδπὲμπτου
1264 780 1461 856 μέρους
1507 780 1785 846 πολλάκις
1832 781 1991 857 λεγο-

330 865 501 936 μὲνου
560 865 703 942 παρά
757 872 873 931 τοῖς
933 867 1213 944 ῥήτορσιν,
1265 869 1431 924 εἰπεῖν
1512 872 1797 947 ἀναγκαῖον
1880 869 1986 929 ὅτι,

326 954 702 1010 πεντακοσίων
762 954 1091 1025 δικαζόντων
1150 960 1295 1033 παρὰ
1351 948 1473 1023 τοῖς
1525 960 1837 1032 Ἀθηναίοις
1896 960 1986 1015 καὶ

329 1044 625 1117 τριάκοντα
672 1047 759 1100 καὶ
814 1043 960 1115 δέκα,
997 1049 1050 1101 αἱ
1096 1051 1271 1123 ψῆφοι
1310 1054 1416 1104 τῶν
1467 1047 1797 1125 κεκριμὲνων
1856 1050 1988 1105 ποτὶ

324 1133 431 1205 μὶν
492 1133 784 1202 ἷ’σαι,ποτέ
841 1133 898 1189 δὲ
946 1137 1093 1210 παρά
1145 1142 1311 1193 τοῦτο
1358 1137 1617 1213 ἐγίνοντο,
1668 1140 1757 1195 καὶ
1816 1139 1985 1213 νόμος

322 1222 429 1282 τὰς
460 1221 688 1285 πλείους
729 1230 965 1298 κρατεῖν.
994 1224 1059 1279 Εἰ
1109 1222 1167 1279 δὲ
1213 1228 1241 1280 ὁ
1283 1228 1683 1303 κατηγορηκὼς
1740 1234 1987 1291 τοιοῦτος

316 1311 476 1384 παρᾶ
521 1312 783 1371 τοσαύτας
830 1314 1045 1388 ψήφους
1098 1312 1311 1389 ἇγὲνετο
1359 1316 1483 1370 ὅσον
1534 1319 1610 1387 μή
1641 1317 1703 1371 τὸ
1733 1320 1981 1390 πέμπτον

317 1397 549 1473 λαχεῖν,
602 1398 850 1471 ἠτίμωτο
900 1401 992 1455 καὶ
1036 1404 1209 1471 πάντη
1263 1401 1713 1479 καταδεδιῄτητο,
1744 1406 1831 1460 καὶ
1890 1405 1983 1461 αὖ·

316 1488 408 1548 Οις
440 1494 767 1562 κατηγορεῖν
803 1488 901 1543 οὐκ
932 1487 1206 1549 ἐδέδοκτο.

398 1578 463 1633 ν’.
495 1576 569 1630 Τά
619 1575 676 1631 δὲ
720 1576 1067 1655 άμφιδρόμια
1122 1579 1459 1646 ἇπιτοκίδιός
1524 1582 1664 1638 ἐστιν
1712 1585 1894 1660 ἑορτὴ,
1929 1584 1980 1640 ἐν

315 1667 361 1736 ᾗ
419 1665 743 1740 χορεύοντες
798 1668 851 1721 οἱ
908 1666 1208 1738 ἐπιτήδειοι
1267 1676 1335 1745 τῇ
1377 1673 1745 1747 γεννησαμένη
1796 1675 1981 1727 ὲχατέ-

2102 518 2378 588 agonista:
2414 516 2830 578 nominantur;
2864 511 2913 567 si
2944 510 3166 580 minus,
3216 510 3738 580 deuteragonistsz;

2101 606 2149 660 si
2182 606 2421 660 omnino
2454 604 2603 659 male
2628 604 3064 674 repraesentant,
3100 601 3158 653 in
3191 600 3363 655 tertio
3406 600 3607 653 ordine
3634 616 3739 652 nu-

2101 699 2423 749 merantur.

2170 784 2256 837 49.
2290 783 2371 838 De
2403 783 2612 855 quinta
2651 786 2842 837 autem
2874 789 3033 854 parte
3056 780 3209 852 apud
3235 782 3494 833 oratores
3525 775 3740 847 saepius

2099 877 2403 944 usurpata,
2461 872 2650 926 dicere
2694 871 2837 926 illud
2889 875 3137 942 oportet.
3189 873 3327 922 Cum
3381 866 3530 937 apud
3567 864 3741 919 Athe-

2100 962 2332 1017 nienses
2356 962 2580 1031 judices
2612 962 2733 1016 sint
2764 977 3010 1016 numero
3033 958 3364 1031 quingenti,
3400 960 3457 1012 et
3498 954 3740 1025 triginta

2097 1055 2153 1105 et
2182 1051 2404 1121 decem,
2434 1051 2505 1107 de
2539 1050 2925 1106 controversis
2959 1048 3238 1119 suffragia
3269 1062 3425 1101 nunc
3466 1046 3603 1099 sunt
3635 1059 3737 1098 nu-

2098 1157 2257 1195 mero
2288 1139 2542 1211 aqualia,
2578 1156 2732 1195 nunc
2780 1138 3114 1210 inzequalia,
3147 1140 3204 1192 et
3252 1135 3340 1190 lex
3369 1138 3459 1189 est
3502 1130 3739 1205 plurali-

2095 1234 2272 1283 tatem
2325 1231 2571 1284 vincere.
2622 1229 2681 1283 Si
2734 1233 2929 1284 autem
2975 1229 3280 1283 accusator
3320 1240 3436 1279 non
3469 1221 3734 1293 quintam

2095 1317 2507 1387 suffragiorum
2542 1321 2767 1388 partem
2798 1316 3113 1383 obtineret,
3144 1314 3501 1387 puniebatur
3531 1315 3587 1366 et
3617 1325 3738 1363 om-

2094 1407 2230 1461 nino
2262 1406 2785 1475 condemnabatur,
2827 1421 3014 1478 neque
3048 1420 3279 1460 rursum
3316 1402 3365 1458 ei
3398 1400 3610 1456 licebat
3640 1413 3733 1453 ac-

2094 1513 2318 1551 CUSttl‘B.

2161 1588 2251 1641 50.
2286 1587 2733 1659 Amphidromia
2756 1600 2891 1641 vero
2941 1586 3128 1641 festus
3176 1584 3300 1639 dies
3340 1586 3430 1638 est
3477 1579 3753 1653 partiuin‘

2090 1679 2415 1743 occasione,
2440 1694 2555 1749 quo
2584 1676 2893 1748 pr0pinqui
2918 1674 3200 1747 parientis
3223 1673 3432 1727 choros
3456 1672 3733 1724 ducentes

318 1756 499 1829 ρωθεν
544 1760 639 1809 τοῦ
686 1753 879 1818 παιδὸς
932 1756 1228 1834 ὀρχοῦνταί
1266 1781 1324 1815 τε
1352 1762 1440 1815 καὶ
1474 1760 1847 1837 συντρέχουσι.
1882 1762 1968 1818 Καῖ

2090 1766 2311 1821 circum
2343 1766 2624 1821 infantem
2655 1764 2872 1820 saltant
2902 1770 2959 1820 et
2990 1766 3372 1820 concurrunt.
3407 1758 3515 1824 Qui
3565 1762 3733 1813 actus

314 1841 673 1922 ἀμφιδρόμια
700 1844 763 1899 τὸ
789 1847 1166 1922 πραττόμενον
1200 1845 1434 1923 λέγεται.

393 1936 491 1988 να’.
524 1934 592 1988 Τὸ
647 1931 703 1989 δὲ
741 1935 798 1989 εὗ
860 1938 935 2005 οῖ,
988 1935 1098 2009 ὕῖς,
1147 1936 1287 2007 ἅτις,
1319 1938 1425 2009 ὕϊς,
1480 1943 1796 2013 συνθήματα
1853 1942 1977 1997 ὀνο-

317 2025 509 2095 μάτων
567 2022 678 2078 ἰστὶ
743 2020 1181 2102 βαρϐαριζόμενα
1241 2028 1328 2083 ἰπὶ
1377 2029 1817 2091 τελεταῖς.Ἐστι
1872 2032 1974 2107 γὰρ

314 2113 345 2165 ὁ
392 2113 487 2185 μὶν
512 2112 627 2173 ἅτις
658 2116 726 2187 τῇ
758 2114 960 2190 φρυγίᾳ
1008 2115 1232 2191 γλώσσῃ
1280 2118 1307 2171 ὁ
1357 2117 1501 2186 Ζεὺς,
1533 2119 1595 2172 τὸ
1645 2116 1703 2173 δὲ
1749 2120 1834 2184 ὕϊς
1890 2120 1975 2175 εὐ-

311 2201 505 2256 κτικόν
536 2200 669 2271 ἑστι,
702 2202 764 2257 τὸ
796 2201 855 2259 δὲ
884 2199 1021 2259 σάϐα
1052 2204 1260 2260 ἐονικόν
1298 2226 1309 2239 ·
1341 2207 1416 2270 ὡς
1474 2210 1569 2277 τήν
1630 2205 1767 2279 ὅλην
1800 2210 1973 2285 εὐχὴν

308 2291 578 2361 τοιαύτην
615 2293 743 2347 εἶναι
780 2312 792 2324 ·
831 2318 857 2345 ‹‹
891 2292 997 2366 ὕϊς,
1039 2295 1084 2348 ὦ
1135 2299 1232 2349 Ζεῦ
1283 2291 1521 2365 σαϐάζιε,
1564 2296 1670 2359 ὕϊς,
1706 2321 1733 2348 ››
1766 2300 1828 2351 Ol
1877 2299 1971 2371 μὲν

306 2379 417 2455 γάρ
478 2380 534 2434 εὖ
586 2384 643 2435 οἵ
688 2403 812 2459 φασι
862 2381 1136 2457 λέγεσθαι,
1171 2386 1221 2439 οἱ
1270 2383 1347 2455 δὲ,
1381 2384 1435 2440 εὖ
1481 2387 1594 2461 βοῖ.
1625 2388 1702 2443 Τὸ
1758 2388 1852 2461 μὲν
1918 2386 1973 2442 εὖ

310 2472 371 2522 οἷ
418 2466 853 2545 ἐλληνικώτερόν
909 2470 1041 2540 ἐστι,
1088 2472 1152 2527 τὸ
1205 2470 1261 2527 δὲ
1314 2473 1369 2528 εὖ
1420 2476 1513 2545 βοῒ
1566 2472 1973 2551 βαρϐαρικώτε-

309 2577 414 2631 ρον
449 2579 462 2591 ο
517 2561 633 2614 κατ’
682 2555 929 2634 ἔλλειψιν
979 2563 1042 2617 τὸ
1093 2560 1148 2616 εὖ
1199 2563 1280 2623 ὕϊς
1332 2569 1613 2628 Βοιωτοῖς.
1663 2570 1777 2621 Τῶν
1820 2565 1867 2622 δ’
1917 2567 1968 2623 ἐν

312 2648 646 2734 μυστηρίοις
707 2646 1401 2734 ἑλληνικοῐςᾲλεγομένων
1461 2654 1552 2708 καὶ
1621 2657 1973 2734 γραφομένων

309 2733 445 2790 οὔτε
474 2738 540 2790 τά
571 2736 810 2808 ὀνόματα
842 2732 1176 2812 ἁπακριϐοὖν
1232 2736 1333 2812 δεῖ,
1369 2739 1492 2797 οὔτε
1538 2745 1602 2797 τὰ
1654 2732 1966 2820 γράμματα.

308 2825 384 2879 Οἱ
444 2824 545 2898 γὰρ
604 2822 772 2879 πάλαι
830 2826 897 2879 τὰ
953 2829 1271 2901 συνθήματα
1319 2830 1663 2907 ἐξευρηκότες
1708 2832 1767 2889 ἔκ
1820 2857 1971 2899 τινος

308 2909 604 2984 δαιμονίας
654 2909 954 2986 ἆπιϐουλῆς
1004 2917 1375 2993 ἀνερμήνευτα
1421 2925 1587 2975 ταῦτα
1641 2922 1967 2978 καταλελοί-

306 3022 502 3071 πασιν,
538 3000 665 3065 ἴσως
711 3004 801 3059 καὶ
851 3005 1006 3062 αὐτοὶ
1057 3008 1421 3084 ἀγνοήσαντες
1468 3010 1672 3065 τούτων
1723 3012 1825 3081 τήν
1875 3010 1965 3067 δύ-

303 3112 477 3163 ναμιν
515 3112 526 3123 ·
562 3089 646 3147 διὸ
690 3094 779 3147 καὶ
828 3093 905 3159 εἰς
949 3097 1098 3169 ἡμᾶς
1149 3096 1433 3172 ἐξήρκεσαν
1482 3099 1655 3177 ιρωναί
1707 3101 1763 3155 τὲ
1824 3123 1966 3165 τινες

303 3181 406 3235 καὶ
463 3182 761 3255 γράμματα
812 3182 944 3255 ἔνια,
987 3186 1054 3239 τά
1114 3186 1207 3259 μὲν
1268 3186 1483 3243 ἱοικότα
1536 3194 1655 3251 τοῖς
1715 3192 1967 3264 σημείοις

304 3268 421 3324 τῶν
481 3271 709 3339 τάσεων,
768 3272 833 3327 τὰ
890 3270 947 3327 δὲ
1002 3274 1359 3351 ἀτακτότερον
1446 3277 1805 3353 ἑκτεθειμὲνα.
1863 3279 1965 3335 Κᾶν

311 3360 417 3432 μὶν
447 3358 769 3436 ἐξελληνίσῃ
796 3384 878 3424 τις
911 3365 945 3433 ἢ
976 3365 1075 3433 τὴν
1114 3367 1300 3439 φωνὴν
1353 3366 1387 3435 ἢ
1432 3368 1493 3421 τὸ
1544 3367 1775 3443 γράμμα
1824 3368 1968 3446 διαρ-

311 3452 459 3520 θρῶν
516 3450 551 3519 ἢ
612 3448 1115 3526 ἐπιδιορθούμενος,
1166 3455 1240 3516 ὼς
1312 3454 1362 3509 ἐν
1431 3463 1550 3521 ταῖς
1604 3457 1966 3523 Φιλοκαλίατς

306 3537 619 3611 Ὠριγὲνους
684 3539 1098 3616 ἀναγέγραπται,
1150 3544 1483 3617 ἀσυμπαθῶς
1556 3548 1691 3619 πρὸς
1748 3550 1809 3602 τὸ
1886 3549 1968 3603 ἐκ·

305 3625 558 3697 κείμενον
618 3629 707 3682 καί
766 3628 877 3703 ἐρεῖ
931 3631 1019 3686 καὶ
1074 3632 1289 3707 γράψει,
1325 3632 1438 3688 οὐδ’
1487 3635 1659 3698 οὕτως
1715 3637 1789 3699 ὡς
1847 3636 1963 3713 ἔγει

306 3716 803 3790 συμπεπνιγμένως
854 3719 1180 3797 ἐκφωνήσει,
1224 3722 1259 3791 ἢ
1318 3726 1454 3779 κατὰ
1520 3726 1580 3779 τό
1637 3721 1963 3804 φαινόμενον

306 3801 612 3868 ἀκόλουθον
657 3806 872 3883 γράψει,
929 3806 1142 3883 δράσειὲ
1189 3833 1240 3865 τι
1376 3816 1587 3885 πνεῦμα
1636 3801 1823 3870 ἕνυλον
1884 3816 1965 3871 ἐκ·

303 3892 648 3965 καλούμενος
700 3897 732 3966 ἢ
786 3898 846 3951 τὸ
898 3897 1231 3974 φλεγμαῖνον
1266 3902 1658 3976 καταμαγεόων
1713 3911 1813 3975 τῆς
1868 3909 1966 3979 ψυ-

301 3987 417 4056 χῆς
449 3983 484 4053 ἦ
517 3988 610 4038 τοῦ
642 3986 917 4058 σώματος.
950 3988 1024 4042 Τά
1067 3988 1169 4063 γάρ
1212 4011 1295 4044 τοι
1332 3989 1494 4045 ὑλικά
1534 3992 1816 4067 πνεύματα
1872 3996 1960 4049 καὶ

302 4068 642 4142 ὠνόμασται,
678 4074 751 4135 ὡς
806 4080 915 4128 τῶν
976 4074 1294 4155 φιλοσόῳων
1353 4078 1486 4133 ἔνιοί
1543 4103 1694 4159 φασι,
1752 4083 1840 4137 καὶ
1895 4083 1962 4137 τὰ

302 4166 554 4235 στοιχεῖα
604 4166 712 4216 τῶν
764 4164 1053 4235 ὀνομάτων
1093 4166 1299 4222 τούτων
1332 4170 1660 4249 γεγράφαται
1694 4190 1708 4202 ’
1761 4172 1894 4246 πρὸς
1928 4171 1961 4225 ’ὰ

302 4245 369 4316 δή
408 4250 545 4303 κατὰ
577 4250 729 4327 φύσιν
763 4250 1032 4327 λεγόμενα
1064 4253 1239 4311 ἐκεῖνά
1270 4258 1426 4334 φασὶν
1461 4245 1797 4337 ἰιρὲλκεσθαι.

369 4339 474 4413 νβ’.
508 4338 688 4395 Ἀλλά
724 4343 847 4416 περὶ
901 4344 994 4415 μὲν
1037 4344 1244 4401 τούτων
1299 4350 1375 4419 μή
1408 4336 1583 4404 πλείω
1626 4350 1768 4421 ὑμῖν.
1808 4352 1958 4407 ¹Ἐστι

298 4424 357 4513 δέ
406 4447 457 4480 τι
512 4429 658 4504 παρά
700 4430 970 4493 Ἀττικοῖς
1021 4435 1111 4487 καὶ
1155 4439 1528 4511 Ξυμμαχικὸν
1580 4446 1957 4513 γραμματεῖον

2086 1855 2519 1926 ampbidromia
2551 1854 2787 1910 dicitur.

2156 1945 2245 2000 5|.
2278 1947 2370 1999 lla:
2402 1961 2569 2000 voces
2603 1962 2614 1999 :
2644 1944 2748 2009 Eu,
2782 1942 2858 2013 oi,
2892 1942 3004 2009 uis,
3039 1941 3172 2007 atis,
3207 1939 3319 2005 uis,
3354 1936 3731 2008 compositio-

2088 2050 2189 2089 nes
2222 2034 2478 2089 barbarze
2512 2033 2821 2088 nominum
2855 2035 2995 2087 sunt
3018 2032 3076 2085 in
3109 2026 3543 2084 initiationibus
3566 2023 3733 2079 adbi-

2088 2124 2239 2178 bitaz.
2285 2122 2410 2177 Atis
2442 2121 2597 2177 enim
2649 2120 2900 2191 Phrygia
2924 2120 2980 2173 in
3004 2119 3207 2189 lingua
3240 2122 3330 2172 est
3366 2116 3607 2187 Jupiter,
3643 2114 3733 2167 uis

2085 2229 2219 2268 vero
2266 2211 2586 2283 optativum
2620 2214 2731 2278 est,
2763 2213 2820 2264 et
2866 2208 2999 2264 saba
3040 2206 3290 2279 gentile;
3344 2206 3425 2260 ita
3478 2208 3543 2259 ut
3592 2202 3728 2257 talis

2084 2300 2283 2372 aliqua
2312 2301 2388 2356 sit
2409 2306 2529 2356 tota
2549 2298 2836 2355 invocatio
2862 2315 2875 2353 :
2901 2321 2927 2347 ‹‹
2949 2296 3067 2363 Uis,
3093 2314 3124 2351 ο
3146 2297 3259 2350 Zeu
3284 2294 3534 2361 sabazie,
3563 2292 3676 2346 uis.
3694 2311 3724 2342 »

2082 2390 2192 2444 Alii
2218 2390 2371 2444 enim
2412 2406 2478 2444 eu
2517 2390 2570 2443 oi
2607 2388 2719 2442 dici
2759 2386 3140 2451 contendunt,
3174 2383 3271 2439 alii
3306 2399 3375 2437 eu
3420 2383 3526 2436 boi.
3560 2382 3640 2435 Eu
3670 2382 3724 2435 oi

2083 2479 2317 2549 quidem
2354 2478 2541 2548 magis
2585 2481 2848 2530 Graecum
2896 2479 3005 2544 est,
3038 2490 3105 2528 cu
3155 2472 3242 2528 boi
3288 2476 3482 2526 autem
3532 2468 3724 2539 magis

2084 2568 2433 2633 barbarum;
2468 2583 2568 2638 per
2607 2564 2859 2635 ellipsim
2898 2564 3114 2618 dicitur
3144 2578 3211 2616 eu
3253 2562 3341 2615 uis
3373 2558 3525 2630 apud
3561 2562 3723 2611 Baso-

2082 2656 2216 2711 tios.
2244 2656 2452 2711 Eorum
2498 2660 2692 2709 autem
2738 2670 2864 2725 quae
2895 2652 2955 2707 in
2989 2650 3202 2707 Graecis
3242 2647 3538 2721 mysteriis
3577 2645 3727 2702 dice-

2080 2747 2298 2801 bantur
2328 2744 2413 2799 vel
2447 2744 2876 2811 scribebantur,
2910 2757 3099 2813 neque
3132 2739 3370 2794 nomina
3410 2753 3599 2809 neque
3629 2735 3724 2790 lit-

2079 2841 2235 2891 teras
2266 2834 2551 2905 explicare
2586 2838 2830 2906 oportet.
2852 2831 2956 2896 Qui
2983 2830 3137 2887 enim
3164 2828 3301 2885 olim
3324 2828 3537 2883 horum
3564 2842 3723 2881 com-

2080 2924 2431 2996 positionem
2458 2923 2749 2992 invenere,
2785 2922 2982 2978 divino
3023 2921 3277 2993 quodam
3318 2916 3564 2974 consilio
3607 2932 3721 2970 non

2078 3012 2563 3083 interpretatione
2602 3011 2887 3083 explicata
2933 3027 3000 3065 ea
3053 3008 3439 3079 reliquerunt,
3473 3006 3618 3059 forte
3666 3008 3725 3058 et

2078 3100 2189 3173 ipsi
2219 3117 2419 3155 eorum
2445 3101 2558 3155 vim
2602 3101 2959 3171 ignorantes.
3003 3100 3088 3153 Ad
3122 3114 3228 3151 nos
3260 3096 3413 3151 enim
3442 3109 3721 3166 pervene-

2081 3195 2219 3244 runt
2247 3206 2413 3244 voces
2440 3189 2704 3260 quaedam
2731 3194 2786 3242 et
2807 3188 3074 3259 quaedam
3098 3186 3326 3246 litteras,
3359 3184 3491 3237 aliis
3513 3198 3722 3237 accen-

2082 3285 2245 3334 tuum
2271 3279 2458 3350 signis
2476 3277 2721 3347 similes,
2759 3275 2885 3331 aliie
2909 3275 3238 3329 inordinate
3263 3274 3552 3344 expositae.
3578 3277 3646 3331 Et
3669 3268 3719 3324 si

2079 3370 2211 3441 quis
2259 3371 2324 3423 ad
2372 3370 2702 3423 Graecorum
2735 3366 2911 3420 ritum
2945 3363 3235 3435 explicare
3268 3370 3368 3419 aut
3398 3368 3713 3423 emendare

2076 3475 2242 3513 voces
2272 3462 2327 3511 et
2359 3455 2583 3511 litteras
2614 3454 2970 3521 institueret,
3021 3458 3081 3507 nt
3125 3452 3183 3507 in
3228 3453 3495 3525 Origenis
3528 3456 3721 3511 Philo-

2075 3548 2219 3601 cali'a
2252 3545 2550 3610 scribitur,
2602 3544 2747 3598 nihil
2798 3544 2869 3597 de
2920 3542 3233 3615 propositis
3282 3543 3473 3598 verbis
3506 3560 3719 3602 curans

2076 3636 2296 3691 diceret
2315 3640 2416 3689 aut
2437 3634 2737 3703 scriberet,
2764 3649 2949 3705 neque
2973 3636 3098 3687 tum
3124 3632 3361 3702 quidem
3388 3637 3449 3687 ut
3483 3639 3623 3687 sunt
3652 3652 3719 3689 ea

2074 3724 2161 3779 vel
2190 3724 2506 3779 suffocatus
2539 3722 2943 3795 pronuntiaret
2968 3724 3069 3776 aut
3100 3720 3379 3775 scriberet
3404 3721 3485 3774 ita
3507 3726 3567 3774 ut
3601 3722 3716 3775 evi-

2075 3813 2273 3868 dentia
2303 3816 2671 3885 apparerent,
2704 3810 2821 3865 sive
2852 3808 3119 3881 spiritum
3155 3809 3515 3864 materialem
3551 3809 3717 3864 invo-

2075 3920 2205 3959 care
2236 3903 2394 3969 velit,
2432 3902 2549 3957 sive
2572 3901 2840 3956 ardorem
2860 3899 3069 3954 animae
3111 3898 3490 3969 autcorporis
3518 3898 3715 3953 incan-

2072 3997 2215 4047 tare.
2242 3989 2575 4046 Materiales
2606 3990 2762 4045 enim
2816 3987 3059 4057 spiritus
3113 3989 3352 4042 nomina
3380 3986 3617 4052 habent,
3653 3992 3718 4042 ut

2074 4082 2309 4152 quidam
2347 4082 2512 4134 aiunt
2535 4078 2893 4151 pbilosoiibi,
2926 4084 2981 4132 et
3016 4076 3316 4132 nominum
3350 4092 3551 4131 eorum
3606 4074 3717 4130 ele-

2072 4175 2271 4224 menta
2299 4170 2517 4240 scripta
2545 4172 2724 4234 sunt;
2753 4168 2821 4220 ad
2855 4184 2980 4237 qua:
3004 4164 3349 4221 naturaliter
3378 4165 3718 4236 pronuntia-

2070 4265 2129 4313 ta
2161 4275 2260 4313 eos
2291 4257 2505 4311 attrahi
2538 4256 2764 4310 dicunt.

2138 4350 2228 4401 52.
2263 4348 2371 4401 Sed
2404 4348 2477 4400 de
2522 4344 2615 4398 bis
2666 4345 2811 4398 nihil
2873 4342 3129 4413 amplius
3181 4344 3560 4397 disseremus.
3611 4343 3712 4398 Est

2070 4442 2263 4492 autem
2298 4436 2448 4507 apud
2486 4434 2705 4490 Atticos
2738 4434 2978 4503 quidam
3020 4431 3255 4487 libellus
3286 4432 3521 4487 socialis
3551 4434 3710 4503 Ξυμ-

298 4512 624 4589 λεγόμενον.
658 4520 756 4574 Ἦν
819 4516 878 4573 δὶ
926 4525 1087 4576 τοῦτο
1148 4523 1198 4578 ἐν
1243 4526 1288 4597 ᾧ
1317 4526 1446 4588 τοὺς
1478 4512 1698 4597 ἡλικίαν
1731 4526 1957 4603 ἔχοντας

2085 4524 2307 4599 ﬂxae);
2341 4524 2552 4579 dictus.
2588 4522 2691 4578 Hic
2712 4525 2838 4577 erat
2867 4519 3102 4575 libellus
3146 4522 3203 4573 in
3246 4537 3361 4591 quo
3409 4537 3509 4576 eos
3557 4521 3710 4577 cives

292 4608 403 4657 τῶν
454 4605 628 4659 ἀστῶν
676 4606 814 4682 πρός
866 4629 924 4662 τε
972 4606 1261 4685 πρεσϐείαν
1312 4615 1400 4669 καὶ
1453 4616 1797 4691 στρατηγίαν,
1830 4640 1957 4673 ναυ-

294 4694 499 4783 αρχίαν
532 4715 589 4749 τε
634 4695 722 4783 καὶ
774 4698 1165 4774 τριηραρχίαν,
1198 4702 1248 4755 οἱ
1298 4702 1584 4778 πρυτάνεις
1629 4706 1954 4783 ἀνέγραφον,

290 4781 561 4870 πατρόθεν
652 4782 711 4837 ἐκ
795 4792 979 4859 γενεᾶς
1053 4784 1275 4844 ἕκαστον
1359 4792 1775 4870 ἀναγράφοντες.
1833 4781 1952 4866 Καὶ,

291 4864 417 4923 δέον
452 4870 790 4946 στρατηγοὺς
822 4876 1265 4951 προχειρίζεσθαι
1319 4878 1353 4948 ἢ
1411 4864 1629 4953 ταμίας,
1660 4887 1769 4937 τῶν
1823 4864 1953 4938 ἀναέ-

287 4958 689 5032 γεγραμμένων
741 4960 830 5023 οὖς
874 4961 933 5017 ἂν
985 4964 1271 5039 βούλοιντο
1323 4966 1409 5023 ἐπὶ
1459 4974 1567 5025 τῶν
1628 4967 1947 5042 διοικήσεων

284 5041 533 5104 ἔταττον.
618 5051 991 5127 Ληξιαρχικὸν
1076 5053 1133 5109 δὲ
1215 5065 1592 5131 γραμματεῖον
1676 5059 1895 5137 ἐλέγετο
1930 5081 1944 5094 ’

283 5144 671 5211 γραμματεῖον
709 5141 803 5212 μὲν
860 5143 943 5197 ὅτι
1004 5140 1270 5215 δημόσιον
1326 5148 1395 5216 ἧν
1449 5144 1787 5222 συμϐόλαιον
1848 5157 1950 5221 τῆς

281 5224 507 5314 πόλεως
542 5246 554 5258 ·
613 5226 974 5305 ληξιαρχικὸν
1030 5230 1106 5303 δὲ,
1162 5236 1243 5289 ὅτι
1307 5235 1585 5309 σύμπασαι
1639 5240 1693 5293 αἱ
1753 5240 1944 5314 ἀρχαὶ,

280 5312 339 5368 αἶ
396 5336 456 5369 τε
512 5321 894 5390 χειροτονηταὶ
950 5320 1041 5375 καὶ
1100 5324 1153 5376 αἱ
1224 5322 1533 5402 κληρωταὶ,
1593 5312 1945 5384 ἐκεῖσε-κατ-

280 5402 509 5479 ἑληγον.

2067 4631 2316 4685 quorum
2352 4618 2488 4667 aetas
2513 4612 2583 4667 ad
2614 4610 2935 4684 legationes
2967 4613 3067 4665 aut
3108 4609 3371 4681 imperia,
3395 4611 3468 4665 ad
3500 4628 3707 4666 navar-

2066 4703 2253 4758 chiain
2288 4708 2343 4758 et
2375 4702 2776 4758 trierarchiam
2809 4705 2942 4771 apta
2959 4705 3103 4770 erat,
3129 4703 3401 4772 prytancs
3432 4699 3709 4755 inscribe-

2064 4792 2227 4859 bant,
2263 4809 2435 4863 quem
2496 4810 2563 4847 ex
2626 4795 2869 4862 paterna
2918 4789 3141 4861 origine
3188 4788 3607 4844 inscribebant.
3639 4789 3708 4843 Et

2063 4884 2294 4951 quando
2318 4881 2450 4952 eligi
2491 4882 2673 4936 duces
2713 4884 2814 4934 aut
2843 4884 3159 4949 quaestores
3184 4894 3425 4935 necesse
3456 4882 3603 4949 erat,
3635 4894 3704 4934 ex

2061 4970 2358 5042 inscriptis
2404 4987 2553 5040 quos
2582 4969 2854 5025 volebant
2876 4968 2969 5023 his
3002 4968 3346 5023 muneribus
3398 4982 3698 5039 praepone-

2061 5060 2221 5114 bant.
2258 5060 2411 5114 Alter
2441 5065 2636 5115 autem
2676 5058 2911 5114 libellus
2934 5058 3340 5113 Lexiarchicus
3372 5056 3697 5128 (Ληξιαρχι-

2058 5151 2171 5221 κὸς)
2203 5152 2778 5218 vocabatur;libellus
2820 5151 3083 5222 quidem,
3108 5148 3248 5219 quia
3280 5145 3517 5219 publica
3557 5146 3694 5201 civi-

2056 5243 2196 5297 tatis
2227 5241 2427 5297 tabula
2474 5246 2628 5309 erat;
2686 5240 3067 5295 lexiarcliicus
3117 5254 3271 5302 vero,
3320 5236 3458 5308 quia
3490 5251 3692 5292 omnes

2056 5331 2455 5402 magistratus,
2487 5336 2541 5385 et
2598 5329 2893 5401 sutiragiis
2951 5328 3105 5383 datis
3135 5331 3190 5381 et
3220 5329 3371 5381 sorte
3412 5325 3575 5380 ducti
3614 5324 3693 5379 ibi

2053 5421 2545 5477 terminabantur.
