4054 6200
366 338 392 399 Ι
405 340 522 401 023

1700 344 2120 407 MIGHAELIS
2167 344 2435 406 PSELLI

3622 350 3794 410 1024

1689 676 1938 774 ΤΟΥ
2013 677 2433 775 ΑΥΤΟΥ

596 864 759 918 ΠΕΡΙ
800 864 1059 920 ΚΛΙΝΩΝ
1100 867 1464 923 ΔΟΓΜΛΤΩΝ
1506 868 1623 923 ΚΑΙ
1661 869 1840 923 ΟΡΩΝ
1876 870 2011 925 ΤΩΝ
2048 869 2370 926 ΝΟΜΙΚΩΝ
2409 870 2734 925 ΡΩΜΑΙΣΤΙ
2776 869 3193 925 ΛΕΓΟΜΕΝΩΝ
3232 868 3532 924 ΛΕΞΕΩΝ.

1990 1056 2061 1068 _

1772 1194 2333 1290 EJUSDEM

513 1389 614 1450 DE
663 1392 1223 1456 RECENTIORUM
1269 1396 1532 1459 LEGUM
1582 1399 1678 1458 ΕΤ
1725 1398 2125 1460 LEGALIUM
2170 1396 2742 1459 DEFINITIONUM
2787 1395 3098 1459 LATINIS
3155 1394 3606 1460 NOMINIBUS.

423 1749 665 1804 Adriani
698 1751 994 1808 decretum
1012 1755 1166 1827 quod
1198 1754 1322 1810 vult
1342 1755 1495 1812 bona
1515 1756 1630 1812 ﬁde
1651 1756 1996 1813 distributo-
2026 1762 2079 1826 Α

351 1852 471 1892 rem
494 1852 685 1909 neque
718 1838 931 1895 lucrari
963 1857 1152 1913 neque
1182 1841 1441 1897 multari.

416 1924 632 1997 Aquilii
663 1926 753 1982 lex
776 1928 845 1982 de
870 1928 1093 2000 multis,
1127 1931 1197 1986 ab
1222 1931 1454 2003 Aquilio
1496 1932 1683 2005 plebis
1728 1933 1988 1989 tribuno.

419 2104 829 2175 Apbnianeum
862 2107 1160 2163 decretum
1184 2113 1242 2165 et
1261 2109 1499 2165 Adriani
1521 2110 1694 2166 ambo
1710 2111 1991 2183 abrogata

349 2196 512 2246 sunt.

416 2280 594 2338 Atilia
622 2281 714 2340 lex
742 2284 1015 2356 prohibet
1044 2303 1116 2343 ne
1146 2286 1363 2345 furtiva
1394 2287 1835 2362 usucapiantur.

418 2460 531 2516 Lex
548 2462 779 2533 agarria
799 2469 1003 2519 contra
1024 2481 1123 2520 eos
1148 2465 1247 2535 qui
1279 2471 1513 2522 movent
1540 2465 1767 2537 lapides
1788 2465 1985 2521 termi-

340 2547 525 2611 nales,
580 2565 778 2606 servos
827 2552 1157 2623 capitaliter
1204 2554 1477 2623 puniens,
1538 2553 1741 2609 liberis
1786 2559 1983 2609 autem

341 2651 444 2706 pro
498 2637 749 2710 singulis
789 2641 1061 2695 terminis
1115 2658 1342 2713 poenam
1393 2659 1768 2699 nummorum
1807 2643 1984 2714 quin-

340 2724 618 2794 quaginta
642 2726 937 2799 inﬂigens.

416 2812 809 2871 LexViselina
844 2816 1084 2874 libertos
1106 2819 1388 2891 puniebat
1416 2821 1517 2893 qui
1548 2822 1751 2877 eadem
1779 2838 1843 2877 ac
1876 2839 1978 2877 no-

341 2900 490 2956 biles
517 2900 823 2974 faciebant,
858 2922 971 2961 non
1023 2908 1216 2979 petilia
1271 2909 1466 2965 aureis
1515 2910 1780 2977 annulis;
1812 2911 1981 2966 abro-

344 2994 477 3059 gata
499 2997 589 3045 est
611 3007 712 3062 per
727 2995 1105 3050 recentiorem
1122 3013 1274 3052 anno
1296 2999 1733 3070 septuagesimo
1757 3004 1980 3056 octavo.

2198 1753 2518 1832 Αδριάνειον
2553 1752 2752 1830 δόγμα,
2788 1752 2920 1830 ὅπερ
2957 1750 3213 1830 βούλεται
3239 1754 3330 1808 τὸν
3383 1749 3530 1825 καλῇ⁹
3584 1751 3761 1807 πίστει

2099 1844 2272 1918 νομέα
2306 1846 2445 1918 μήτε
2473 1841 2795 1921 κερδαίνειν,
2832 1845 2972 1918 μήτε
3014 1846 3363 1915 ζημιοῦσθαι.

2173 1932 2486 1997 ’Δκουΐλιος
2532 1935 2724 2007 νόμος,
2758 1935 2786 1989 6
2833 1931 2956 2008 περῖ
3005 1930 3230 2006 ζημίας,
3277 1931 3381 1986 ἀπὸ
3436 1928 3755 1987 Ἀκου“ι“λίου

2103 2021 2420 2100 δημάρχου.

2172 2109 2534 2191 Ἀφνεϊάνειον
2596 2110 2772 2189 δόγμα
2843 2112 2931 2167 καὶ
2990 2108 3321 2186 Ἀδριάνιιον
3380 2106 3543 2187 ἄμφω
3600 2110 3758 2164 ἀναι-

2100 2205 2337 2279 ρεθέντα.

2169 2291 2409 2353 Ἀτίλιος
2463 2286 2635 2365 νὸμος
2686 2292 2713 2346 6
2760 2288 2993 2346 κωλύων
3042 2289 3108 2344 τὰ
3145 2287 3453 2361 κλοπιμαῖα
3483 2287 3753 2342 ούσουκαο

2095 2381 2425 2445 πιτεύεσθαι.

2167 2471 2450 2545 Ἀγράριος
2508 2470 2676 2543 νόμος
2730 2471 2867 2524 κατὰ
2934 2471 3040 2522 τῶν
3095 2465 3493 2521 ἆποκινούντων
3554 2462 3749 2526 λίθους

2094 2561 2357 2634 δριαίους,
2418 2557 2649 2621 δούλους
2723 2556 3031 2634 κεφαλικῶς
3106 2559 3390 2631 τιμωρῶν,
3435 2551 3747 2627 ἐλευθέροις

2095 2647 2152 2705 δὲ
2207 2650 2401 2718 ποινὴν
2490 2647 2701 2723 ἐπάγων
2752 2646 2960 2719 ἑκάστῳ
3025 2644 3139 2721 ὅρῳ
3194 2643 3478 2717 νούμμους
3535 2643 3745 2711 πεντή-

2091 2760 2278 2795 κοντα.

2162 2827 2444 2889 Βισὲλινος
2488 2828 2702 2900 νόμος·
2740 2825 2896 2889 οὗτος
2954 2824 3210 2898 ὶτιμώρει
3265 2820 3393 2883 τοὺς
3450 2817 3745 2883 ἀπελευθέ-

2093 2937 2221 2991 ρους
2278 2919 2609 2987 ποιήσαντας
2664 2913 2731 2969 τὰ
2783 2918 2889 2969 τῶν
2952 2912 3176 2986 εὐγενῶν
3236 2908 3413 2985 χωρὶς
3469 2908 3743 2978 αἰτήσεως

2091 3010 2309 3082 χρυσῶν
2344 3002 2646 3060 δακτυλίων
2681 3020 2695 3036 ·
2728 3001 2964 3078 ἀνῃρέθη
3002 2998 3059 3055 δὶ
3091 3000 3193 3055 ὑπὸ
3221 3006 3321 3068 τῆς
3350 3005 3433 3068 οη¹
3460 3001 3670 3082 νεαρᾶς.

413 3077 525 3134 Lex
545 3078 800 3137 Voconia
830 3082 1055 3139 volebat
1075 3085 1208 3157 plus
1228 3087 1573 3158 legatarium
1595 3104 1721 3144 com
1729 3088 1980 3160 prehen-

2127 3077 2452 3156 "wadmoc
2484 3092 2654 3165 νόμος
2688 3111 2701 3125 ο
2736 3077 2893 3148 οὗτος
2935 3084 3192 3145 ἐϐούλετο
3240 3086 3407 3143 πλέον
3442 3080 3741 3160 λαμϐάνειν

340 3165 474 3221 dere
502 3183 676 3239 quam
712 3170 1021 3229 heredem.

406 3254 876 3315 Dasumnianum
894 3263 1215 3332 decretum,
1250 3265 1470 3336 jubens
1486 3270 1569 3338 ut,
1595 3267 1643 3321 si
1668 3268 1800 3339 quis
1822 3266 1980 3323 debi-

336 3346 431 3398 tor
456 3343 777 3418 ingenuum
802 3350 1407 3411 fideicommissariam
1433 3354 1551 3411 sive
1573 3372 1676 3428 per
1696 3357 1979 3428 oppigne-

338 3433 625 3492 rationem
657 3437 777 3494 sive
808 3456 911 3511 per
932 3443 1221 3498 actionem
1245 3444 1512 3516 capiendi
1536 3446 1877 3516 constituat,
1896 3446 1981 3500 in-

334 3536 527 3594 genua
568 3527 807 3597 quidem
857 3531 1218 3603 possidebat,
1260 3532 1358 3589 ille
1408 3534 1718 3605 autemjus
1747 3534 1977 3607 patroni

332 3628 448 3667 non
482 3615 733 3670 amittat.

407 3702 521 3756 Lex
550 3702 728 3773 Julia,
761 3705 832 3760 de
862 3708 1150 3765 adulterio
1199 3714 1257 3765 et
1303 3716 1507 3782 stupro
1538 3717 1597 3767 et
1624 3713 1975 3784 expiatione,

339 3792 398 3843 et
426 3789 498 3844 de
530 3790 581 3843 vi
618 3799 849 3848 armata
872 3800 928 3849 et
949 3797 1075 3852 sine
1099 3800 1282 3853 armis
1303 3805 1359 3855 et
1380 3800 1451 3854 de
1477 3800 1780 3873 sacrilegis
1819 3806 1876 3858 et
1904 3802 1977 3859 iis

330 3877 431 3949 qui
464 3880 810 3937 muneribus
837 3892 1319 3957 corrumpuntur,
1343 3895 1399 3943 et
1429 3888 1581 3944 aliis.

400 4054 723 4113 Junianum
745 4060 1043 4118 decretum
1066 4064 1136 4119 de
1156 4064 1411 4136 ingenua
1430 4066 1975 4125 ﬁdeicommissaria

331 4158 436 4215 per
466 4147 733 4216 capiendi
765 4150 1050 4207 actionem
1080 4152 1172 4208 vel
1202 4154 1673 4227 Oppigneratum.

404 4234 520 4289 Lex
549 4235 727 4294 Junia
758 4239 1075 4311 prohibens
1099 4259 1171 4299 ne
1200 4243 1573 4317 bispossessa
1593 4246 1753 4303 culta
1770 4264 1977 4303 usuca-

330 4322 586 4393 piantur.

398 4412 782 4473 Claudianum
797 4420 1115 4489 decretum,
1141 4421 1427 4494 impuberi
1447 4440 1632 4497 usque
1656 4425 1725 4480 ad
1754 4425 1969 4497 puber-

330 4504 511 4557 tatem
543 4506 974 4574 possessionem
1006 4511 1293 4582 praebens.

403 4590 520 4647 Lex
548 4592 834 4666 Cornelia,
858 4597 928 4652 de
951 4598 1119 4671 falso,
1160 4600 1230 4655 de
1255 4599 1587 4673 homicidis,
1623 4603 1694 4658 de
1732 4602 1971 4659 venenis

333 4684 391 4735 et
422 4679 894 4741 incantamentis.

403 4769 503 4825 Est
529 4776 726 4828 autem
750 4779 807 4830 et
833 4773 924 4831 lex
954 4775 1199 4834 Caninia
1220 4783 1277 4835 et
1304 4780 1396 4836 lex
1425 4780 1771 4838 Calvisiana.

400 4946 791 5021 Largitionale
830 4954 1129 5013 decretum
1162 4958 1233 5014 de
1265 4958 1606 5016 Latinorum
1641 4962 1967 5018 manumis-

362 5034 513 5091 lone.
950 5048 959 5055 ‘

327 5048 513 5095 810116.
950 5048 959 5055 ’

395 5127 781 5187 Libanianum
806 5133 1126 5202 decretum,
1170 5135 1389 5207 jubens
1420 5137 1685 5196 falsarios
1716 5140 1967 5198 infames

323 5232 473 5274 0880.

395 5306 503 5362 Lex
533 5308 755 5365 Licinia
804 5310 1123 5383 prohibens
1172 5331 1243 5370 ne
1286 5316 1483 5373 socius
1529 5317 1703 5374 alicui
1742 5319 1965 5392 potenti

321 5398 546 5464 partem
577 5413 745 5453 suam
775 5401 1004 5455 vendat.

393 5482 824 5541 Modestianum
850 5490 1146 5546 decretum
1165 5496 1431 5550 statuens
1453 5494 1736 5551 auxilium
1772 5512 1804 5549 a
1826 5513 1966 5567 prae-

322 5571 550 5629 toribus
581 5575 837 5632 dandum
868 5593 996 5634 esse
1020 5579 1329 5653 fugitivum
1360 5598 1591 5639 servum
1616 5582 1965 5654 inquirenti-

319 5666 433 5723 bus
462 5668 534 5723 ad
568 5680 703 5721 eum
734 5668 1163 5740 reperiendum.

2089 3184 2181 3240 τὸν
2211 3183 2545 3259 ληγατάριον
2576 3186 2673 3237 τοῦ
2702 3179 3084 3255 κληρονόμου.

2160 3271 2614 3345 Δασουμνιάνιιον
2674 3267 2872 3345 δόγμα,
2936 3265 3179 3335 κελεῦον,
3238 3264 3323 3320 ἐάν
3396 3285 3481 3326 τις
3558 3283 3737 3339 χρεω-

2090 3366 2227 3417 στῶν
2270 3359 2574 3435 ἰλευθερίαν
2631 3354 3135 3437 φιδεϊκομισσαρίαν
3200 3351 3376 3409 εἷ’τουν
3450 3352 3553 3407 ὑπὸ
3613 3348 3741 3425 ὅρον

2088 3452 2123 3522 ἢ
2171 3450 2272 3505 ὑπὸ
2322 3448 2522 3524 α’ίρεσιν
2575 3446 2815 3523 εὐλόγως
2843 3442 3316 3518 ἀπολιμπάνηται,
3346 3443 3379 3510 ἠ
3427 3442 3521 3514 μὲν
3583 3438 3742 3495 ἐλευ-

2089 3541 2241 3614 θερία
2263 3537 2351 3594 ’ίνα
2400 3541 2694 3614 προχωρῇ,
2728 3534 2887 3598 αὐτὸς
2934 3531 2991 3589 δὲ
3051 3533 3127 3607 μὴ
3188 3529 3423 3605 ἔκπίπτῃ
3479 3533 3580 3585 τοῦ
3635 3549 3746 3584 πα·

2084 3633 2350 3706 τρωνικοῦ
2382 3626 2615 3683 δικαίου.

2159 3717 2391 3779 Ἰούλιος
2453 3715 2647 3789 νόμος,
2699 3716 2726 3769 6
2773 3714 2897 3788 περὶ
2976 3710 3229 3788 μοιχείας
3294 3710 3386 3764 καὶ
3459 3709 3738 3779 στούπρου

2084 3806 2174 3862 καὶ
2225 3804 2621 3875 καθοσιώσεως,
2677 3803 2766 3858 καὶ
2814 3800 2939 3877 περὶ
3001 3799 3119 3875 βίας
3179 3796 3409 3854 ἰνόπλου
3465 3796 3499 3865 ἢ
3561 3795 3741 3871 χωρὶς

2084 3895 2297 3966 ὅπλων,
2354 3894 2443 3949 καὶ
2502 3892 2625 3969 περὶ
2682 3890 2984 3963 ἱεροσύλων
3044 3888 3133 3944 καὶ
3198 3884 3602 3959 δωροληπτῶν,
3645 3884 3739 3938 καὶ

2083 3984 2198 4059 ἑτίρ
2206 4006 2278 4040 ων
2291 4026 2303 4039 .

2154 4072 2493 4131 Ἰουνιάνειον
2551 4068 2734 4146 δόγμα
2780 4068 2906 4144 περῖ
2957 4065 3266 4142 ἐλευθερίας
3323 4061 3742 4143 φιδεϊκομισσα-

2084 4160 2227 4238 ρίας,
2258 4158 2382 4231 ἤτοι
2417 4161 2517 4215 ὑπὸ
2548 4157 2752 4237 αἳρεσιν
2782 4159 2817 4227 ἢ
2848 4158 2999 4233 ὅρον.

2150 4250 2385 4314 Ἰούνιος
2422 4250 2619 4322 νόμος,
2650 4244 2882 4302 κωλύων
2935 4243 3482 4305 ούσουκαπιτιύεσθαι
3527 4240 3599 4293 τὰ
3649 4240 3737 4313 βι-

2082 4340 2286 4396 πόσεσα
2313 4340 2636 4413 νεμηθέντα.

2155 4426 2545 4486 Κλαυδιᾶνειον
2576 4424 2777 4501 δόγμα,
2810 4422 3053 4501 παρέχον
3081 4426 3161 4493 τῷ
3190 4414 3381 4492 ἀνήόῳ
3435 4418 3602 4492 μέχρι
3634 4424 3736 4486 τῆς

2001 4485 2045 4553 c
2081 4512 2227 4589 ἥϐης
2258 4515 2615 4592 διακατοχήν.

2152 4605 2435 4683 Κορνίλιος
2465 4604 2657 4678 νόμος,
2689 4604 2717 4657 6
2774 4603 2898 4676 περὶ
2955 4599 3221 4667 πλαστοῦ,
3251 4596 3374 4672 περὶ
3432 4598 3731 4672 φονου-τῶν,

2078 4696 2203 4770 περὶ
2228 4699 2529 4773 φαρμακῶν
2562 4693 2652 4749 καὶ
2682 4693 2925 4767 γοήτων.

2148 4767 2314 4843 Ἔάτί
2345 4767 2412 4838 δὲ
2452 4783 2543 4839 καὶ
2585 4783 2758 4856 νόμος
2808 4780 3062 4841 Κανίνιος
3112 4778 3199 4832 καὶ
3230 4775 3402 4850 νόμος
3465 4767 3735 4831 gulam“

2078 4894 2551 5040 ανῗίῖιργιτιόνειον
2598 4957 2838 5035 .δόγμα,
2898 4957 3022 5027 περὶ
3106 4953 3349 5011 Λατίνων
3435 4949 3733 5013 ἀπελευθεο

2077 5050 2521 5197 ρίῗξίϐανιάνειον
2610 5134 2809 5213 δόγμα,
2883 5131 3106 5190 κελεῦον
3194 5132 3518 5205 ἀτιμοῦσθαι
3597 5124 3734 5188 τοὺς

2074 5228 2547 5307 πλαστογράφους.

2146 5304 2415 5379 Λικίνειος
2463 5318 2653 5390 νόμος,
2694 5311 2926 5369 κωλύων
3006 5311 3095 5367 τὸν
3171 5307 3431 5366 κοινωνὸν
3490 5304 3731 5360 ἕκποιιῖν

2072 5408 2135 5463 τὸ
2169 5405 2305 5461 ἴδιον
2339 5405 2503 5481 μίρος
2531 5404 2637 5461 τινὶ
2682 5398 2914 5473 δυνατῷ.

2146 5479 2556 5554 Μοδεσέιοίνειον
2588 5490 2784 5568 δόγμα,
2814 5489 3145 5563 νομοθετοῦν
3188 5490 3303 5547 τοῖς
3359 5486 3582 5554 ζητοῦσι
3631 5479 3727 5535 τὸν

2075 5583 2285 5665 φυγάδα
2315 5582 2511 5640 δοῦλον
2546 5579 2788 5645 δίδοσθαι
2841 5579 3094 5655 βοήθειαν
3142 5574 3288 5651 παρὰ
3332 5576 3439 5629 τῶν
3488 5588 3725 5645 στρατη-

2072 5680 2180 5751 γῶν
2214 5673 2289 5736 cl;
2317 5673 2417 5743 τὴν
2447 5669 2642 5728 τούτου
2676 5665 2975 5742 ἀνεύρεσιν.
