4054 6200
243 314 386 377 1025

1471 304 1573 366 DE
1616 301 1887 365 LEGUM
1934 301 2394 367 NOMINIBUS.

3480 313 3639 375 1026

302 442 750 501 Πακιδονιάνιιον
782 440 987 517 δόγμα,
1038 432 1344 495 ἀντιϐαὒον
1395 441 1513 500 τοῖς
1573 433 1874 491 δανείσασιν

2062 438 2548 497 Macedonianum
2577 442 2876 498 decretum
2900 448 3102 500 contra
3132 460 3231 501 eos
3253 444 3352 517 qui
3386 447 3641 505 subditis

241 534 481 605 ὑπεξουσί
491 556 556 606 ῳ.

299 622 602 680 Νινιάνειον
636 618 837 697 δόγμα,
880 618 1011 693 ὅπερ
1060 615 1273 673 ἆκίλευε
1319 612 1596 689 μηδέποτε
1648 614 1881 692 μεταφέ-

236 724 411 787 ρεσθαι
441 711 571 773 τοὺς
604 708 998 785 ἀπελευθᾶρους
1030 707 1105 769 είς
1136 706 1426 783 εὐγένειαν.

302 800 697 879 Ὀρφιτιάνειον
756 797 955 873 δόγμα,
1006 796 1247 871 παρίχον
1298 799 1415 857 τοῖς
1464 792 1619 849 παισὶ
1667 792 1882 866 νόμιμα

236 889 411 947 δίκαια
442 888 517 950 εἷς
545 890 647 959 τὴν
678 892 786 943 τῶν
823 888 1073 960 μητέρων
1108 883 1467 958 διακατοχήν.

302 979 577 1040 Πάππιιος
608 977 800 1051 νόμος,
832 974 1062 1031 κωλύων
1096 972 1350 1029 δεσπόσαι
1378 974 1440 1028 τὸ
1493 971 1779 1048 βιπόσεσον
1811 969 1881 1026 δι’

235 1067 705 1129 οὖσουκαπίωνος.

300 1159 600 1230 Πομπήϊος
628 1155 817 1228 νόμος,
849 1153 973 1228 πιρῖ
1002 1151 1408 1228 πατροκτόνων.

300 1244 695 1321 Πηγασιάνειον
720 1244 921 1318 δόγμα,
972 1242 1194 1303 κελεῦον
1252 1241 1344 1297 τὸν
1394 1239 1686 1311 ἀξιωθέντα
1736 1238 1882 1311 κλη-

233 1334 493 1409 ρονομίαν
544 1334 983 1398 ἀποκαταστῆσαι
1041 1335 1404 1407 παρακρατιῖν
1463 1330 1526 1384 τὸ
1581 1329 1836 1405 τέταρτον
1863 1371 1877 1397 ,

1994 528 2308 599 pecuniam
2340 531 2481 587 dant
2513 532 2752 588 foenore.

2064 617 2381 674 Ninianum
2402 621 2698 676 decretum
2719 622 2874 694 quod
2901 621 3273 694 praecipiebat
3292 639 3363 679 ne
3380 641 3641 697 unquam

1992 703 2187 759 liberti
2221 706 2277 760 in
2310 706 2734 778 ingenuitatem
2772 711 3255 767 transferrentur.

2064 793 2475 864 Orphitianum
2500 798 2800 853 decretum
2826 799 2962 853 ﬁliis
2986 801 3252 871 praebens
3274 800 3484 873 legalis
3507 803 3646 873 jura

1991 880 2049 936 in
2081 887 2335 940 matrum
2371 887 2794 956 possessiones.

2064 972 2176 1027 Lex
2207 973 2442 1046 Pappia,
2478 976 2794 1047 prohibens
2827 993 2898 1032 ne
2939 977 3311 1051 bispossesso
3362 996 3467 1053 per
3496 998 3646 1037 usu-

1991 1061 2294 1133 capionem
2328 1064 2462 1135 quis
2494 1065 2771 1136 potiatur.

2063 1151 2178 1206 Lex
2210 1152 2484 1225 Pompeia
2515 1155 2587 1209 de
2617 1154 2948 1227 parricidis.

2062 1240 2450 1312 Pegasianum
2512 1243 2835 1314 decretum,
2885 1262 2997 1314 quo
3056 1245 3189 1318 quis
3241 1246 3642 1303 haereditatem

1993 1329 2299 1385 restituere
2321 1330 2529 1400 jussus
2561 1337 2834 1404 quartam
2857 1335 2986 1404 ejus
3016 1339 3238 1406 partem
3266 1336 3515 1391 retinere
3548 1352 3647 1407 po-

230 1425 317 1479 καὶ
391 1424 748 1493 ὑποκαθιστᾷν
807 1419 1203 1496 ὶννιαούγγιον,
1279 1418 1377 1481 τὰς
1428 1415 1485 1472 δὶ
1560 1416 1773 1494 ἀγωγὰς
1829 1415 1880 1488 ἐξ

2050 1422 2122 1485 st,
2158 1433 2486 1490 novemque
2531 1421 2734 1475 uncias
2784 1421 3017 1477 solvens
3045 1424 3377 1479 vectionum
3424 1424 3525 1494 jus
3573 1440 3641 1479 ex

231 1510 363 1568 ὅλου
414 1510 627 1588 κλήρου
671 1506 839 1586 ἔχειν·
889 1510 954 1566 τὸ
1011 1506 1068 1564 δὶ
1112 1502 1514 1583 Τριόιλιάνειον
1546 1504 1716 1562 διεῖλε
1755 1504 1882 1561 ταύ-

229 1622 712 1766 ταῗίριϐιλιάνειον
780 1685 958 1764 δόγμα
1004 1687 1094 1743 καὶ
1152 1684 1631 1763 Τουρπιλιάνειον.
1689 1682 1881 1757 Τούτῳ

1989 1511 2114 1562 tota
2134 1506 2471 1580 haereditate
2492 1508 2697 1577 habet;
2718 1511 2871 1581 quod
2892 1512 2991 1582 jus
3015 1512 3221 1567 statuit
3241 1511 3639 1568 Trihelianum

1990 1596 2314 1653 decretum.

2066 1686 2445 1743 Privilianum
2470 1688 2768 1745 decretum
2792 1697 2845 1745 et
2866 1690 3301 1763 Turpilianum.
3328 1692 3473 1749 Huic
3505 1696 3644 1751 sub-

234 1778 526 1834 ὖποπίπτει
560 1779 589 1832 6
643 1776 932 1853 ἆγγράφως
978 1775 1175 1878 ἐγγύας
1216 1772 1469 1837 δεδωκὼς
1498 1772 1589 1828 καὶ
1646 1774 1881 1843 ποιήσας

2050 1780 2177 1831 ctus
2208 1780 2297 1831 est
2325 1777 2422 1845 qui
2457 1778 2805 1849 sponsiones
2836 1780 3053 1852 scripto
3084 1781 3265 1849 dedit,
3300 1784 3474 1840 alicui
3505 1803 3642 1859 pos-

234 1869 348 1922 τινά
376 1868 737 1942 κατασχεθεῖν
770 1865 947 1942 χωρὶς
977 1859 1345 1925 ἆῦολιτίονος.

303 1951 708 2032 Ῥουϐριάνιιον
744 1952 948 2031 δόγμα,
979 1954 1103 2030 περὶ
1136 1949 1641 2029 φιδεϊκομισσαρίας
1676 1949 1883 2016 ἐλευθε-

275 2045 377 2108 ίας.

241 2068 535 2211 ριῗΙίῗίέγιιος
568 2136 596 2190 6
627 2134 819 2207 νόμος,
852 2132 880 2187 6
910 2131 1142 2187 κωλύων
1174 2135 1408 2210 ταφῆναι
1432 2133 1532 2202 τήν
1567 2129 1618 2187 ἐν
1660 2134 1741 2203 τῷ
1764 2130 1883 2186 τίκ-

239 2244 343 2278 τειν
374 2226 660 2295 θανοῦσαν,
692 2221 817 2296 πρὶν
851 2219 1066 2276 ἐκδῦναι
1096 2221 1158 2276 τὸ
1198 2222 1418 2298 βρέφος.

308 2310 616 2367 Σιλιάνειον
668 2308 884 2386 δόγμα,
932 2309 1055 2384 περὶ
1101 2314 1200 2365 τοῦ
1249 2307 1359 2363 δεῖν
1412 2305 1737 2372 ἒκδικιῖσθαι
1791 2310 1882 2365 τὸν

243 2400 430 2474 βιαίως
458 2398 805 2475 ἀναιρεθέντα
834 2400 981 2474 παρά
1007 2402 1114 2453 τῶν
1140 2396 1294 2453 ἰδίων
1324 2396 1714 2473 κληρονόμων.

306 2577 558 2641 Σέντειος
603 2577 799 2651 νόμος,
846 2574 1078 2632 κωλύων
1130 2574 1257 2639 τοὺς
1308 2575 1395 2632 ἐπὶ
1440 2569 1620 2652 βλάϐῃ
1651 2579 1756 2631 τῶν
1792 2572 1887 2630 δα-

240 2670 462 2722 νειστῶν
494 2664 827 2743 ἄλευθερίας.

305 2754 717 2831 Τιρτυλιάνειον
752 2752 956 2831 δόγμα,
986 2754 1231 2831 παρέχον
1255 2757 1377 2816 ταῖς
1412 2773 1650 2829 μητρασι
1681 2752 1891 2829 νόμιμα

243 2842 427 2900 δίκαια
456 2843 532 2907 εἷς
563 2845 663 2914 τήν
692 2846 800 2898 τῶν
830 2840 1035 2898 παίδων
1070 2840 1363 2919 διαδοχήν.

307 2928 715 3010 Τριϐελιάνειον
769 2930 967 3010 δόγμα,
1022 2931 1147 3009 περὶ
1173 2929 1689 3011 φιδεῖκομισσαρίων
1750 2932 1893 3008 ἀγω-

277 3044 374 3079 ων.

242 3044 554 3176 γωέἰίόιιος
580 3110 771 3184 νόμος,
803 3110 925 3186 περὶ
958 3106 1425 3186 ἀνδραποδιστῶν.

316 3286 651 3354 Φαλκίδειος
704 3288 899 3363 νόμος,
957 3290 985 3344 6
1043 3285 1345 3366 πρόδηλος³
1406 3287 1615 3360 ἐξετέθη
1675 3286 1734 3344 δὶ
1789 3289 1891 3344 ὑπὸ

245 3377 531 3436 Πουπλίου
562 3375 864 3433 Φαλκιδὲου
895 3375 960 3450 δη
972 3382 1332 3454 μαργοῦντος.
1367 3375 1632 3435 Βούλεται
1667 3374 1723 3432 δὶ
1754 3374 1893 3451 λαμ-

248 3463 428 3523 ϐάνειν
453 3468 546 3523 τὸν
576 3466 927 3542 κληρονόμον
955 3466 1015 3523 ἐκ
1058 3473 1161 3536 τῆς
1210 3466 1394 3529 οὐσίας
1432 3470 1530 3523 τοῦ
1575 3464 1892 3541 διαθεμένου

247 3556 509 3632 τίσσαρας
541 3555 780 3633 ούγγίας.

318 3733 419 3790 Καὶ
450 3733 515 3789 τὰ
574 3734 669 3807 μὶν
719 3733 843 3809 περὶ
893 3731 1179 3808 δογμάτων
1208 3733 1345 3788 κατά
1374 3737 1648 3808 στοιχεῖον
1704 3736 1893 3791 ταῦτα.

250 3822 332 3880 Τὰ
382 3821 441 3878 δὶ
488 3822 613 3898 περὶ
661 3826 768 3877 τῶν
838 3820 1122 3894 ὀνομάτων
1173 3820 1566 3899 ἀναγκαιότερα
1635 3821 1894 3886 ὡσαύτως

251 3910 513 3975 ἰντεῦθεν.

322 4002 604 4077 Ἀγσιάτος,
638 4001 666 4056 6
698 3999 750 4071 ἰξ
779 3997 1162 4076 ἀῤῥενογονιας
1192 4002 1330 4073 ἡμῖν
1362 4002 1787 4075 συναπτόμενος.

318 4180 575 4247 Ἀκτους,
610 4175 736 4242 ὁδὸς
766 4174 812 4232 δ’
843 4198 909 4249 ης
939 4175 1159 4233 δυνατὸν
1190 4176 1500 4255 διέρχεσθαι
1532 4180 1666 4253 μιτά
1697 4180 1896 4249 ὑποζυ-

250 4268 373 4344 γίου
406 4269 443 4339 ἢ
482 4266 589 4343 όχή
600 4288 787 4341 ματος.

317 4358 524 4425 Βίτιον,
555 4357 748 4433 ψόγος,
782 4353 1092 4431 ἐλάρττωμα,
1120 4354 1317 4413 αἶ’τιον.

319 4532 720 4611 Βρουμάλειον,
754 4533 1031 4610 χειμέριοι
1064 4535 1268 4611 ἱορται.

318 4621 673 4680 Βελλιάνιιον
716 4621 921 4697 δόγμα,
956 4624 1190 4699 βοηθοῦν
1235 4629 1354 4687 ταῖς
1392 4625 1625 4700 γυναιξὶν
1677 4624 1895 4700 ἐνόχοις

248 4711 639 4789 γεγενημίναις
670 4712 803 4787 ὑπὶρ
827 4710 1048 4789 ἐτέρων.

320 4802 576 4876 Γραικὸς,
609 4803 637 4856 6
666 4798 963 4871 Χαλδαῖος,
990 4800 1224 4871 Ἕλλην.

320 4893 522 4960 Δάττα,
556 4891 583 4945 6
614 4888 949 4953 κατοικίδιος
979 4889 1260 4965 α’ίλουρος·

320 4982 533 5046 Γένιια,
566 4980 623 5034 αἱ
654 4981 924 5056 σιαγόνας.

322 5069 609 5145 Δεκρὲτον,
639 5068 908 5146 ἀπόφασις
934 5067 1201 5143 βασιλέως
1228 5068 1420 5143 μεταξὺ
1445 5066 1539 5125 δύο
1566 5074 1742 5146 μερῶν
1775 5072 1903 5147 παρ’

248 5157 400 5231 αύτῷ
432 5156 620 5228 δικαζο
630 5157 824 5232 μὲνων.
1526 5152 1535 5157 ’

321 5246 738 5325 Δεϊνοφικιόσο·
819 5246 1025 5321 μίμψις
1097 5245 1233 5302 κατᾶ
1316 5244 1584 5319 διαθήκης
1658 5246 1904 5323 ἐρῥωμί-

248 5359 347 5408 νης
384 5337 479 5412 μὶν
511 5340 580 5412 τῇ
612 5330 863 5412 ἀκριϐείᾳ
890 5340 995 5391 τῶν
1028 5334 1238 5410 νόμων,
1281 5334 1661 5408 ἀκαθηκούσης
1692 5334 1749 5392 δὲ
1798 5338 1904 5393 ἀπὸ

249 5432 347 5483 τοῦ
381 5421 579 5505 φόϐου.

322 5515 600 5591 Δινάριον,
632 5514 874 5587 σταθμὸς
912 5516 1277 5588 νομίσματος.

326 5606 603 5681 Διγέστον,
634 5603 697 5658 τὸ
730 5602 934 5667 ίθυνθὶν
963 5602 1052 5658 καὶ
1082 5604 1219 5659 κατᾶ
1242 5604 1387 5676 τάξιν
1416 5602 1639 5681 γραφέν.

327 5692 662 5769 Δεπορτάτιο
693 5694 726 5761 ἡ
760 5691 962 5767 ἔκφορά
994 5692 1085 5747 καὶ
1116 5692 1405 5769 ἀπαγωγή.

1994 1864 2271 1920 sidendas
2301 1864 2428 1920 sine
2459 1866 2795 1924 abolitione.

2062 1953 2427 2009 Rubrianum
2468 1954 2768 2013 decretum
2819 1958 2889 2014 de
2934 1958 3192 2031 ingenua
3220 1961 3644 2023 fideicommis-

1992 2058 2170 2098 saria.

2066 2133 2178 2187 Lex
2197 2132 2355 2203 regia
2371 2148 2500 2204 quae
2521 2134 2792 2205 prohibet
2810 2152 2880 2191 ne
2899 2136 3113 2192 mulier
3130 2138 3283 2194 inter
3297 2142 3644 2211 pariendum

1995 2226 2227 2277 mortua
2257 2221 2576 2293 sepeliatur
2604 2229 2922 2295 antequam
2955 2225 3154 2281 infans
3184 2244 3459 2298 egressus
3492 2233 3588 2288 sit.

2064 2310 2354 2366 Silianum
2386 2311 2685 2367 decretum
2717 2314 3035 2370 decernens
3063 2332 3197 2371 eum
3234 2317 3334 2387 qui
3366 2318 3648 2376 violenter

1996 2399 2227 2457 occisus
2272 2399 2447 2455 fuerit
2478 2416 2511 2455 a
2540 2401 2792 2471 propriis
2823 2400 3157 2459 hmredibus
3200 2421 3330 2461 esse
3363 2407 3644 2478 judican-

1998 2490 2164 2546 dum.

2070 2578 2185 2634 Lex
2211 2578 2413 2633 Sentia
2460 2577 2776 2635 defendens
2827 2594 2927 2636 eos
2976 2581 3075 2654 qui
3123 2582 3184 2639 in
3232 2584 3448 2642 damno
3481 2592 3649 2643 erant

1999 2672 2201 2724 contra
2232 2667 2643 2723 faeneratorum
2676 2667 3031 2726 libertatem.

2068 2755 2470 2813 Tertulianum
2510 2757 2811 2813 decretum
2852 2764 3137 2830 praestans
3170 2760 3460 2819 matribus
3491 2761 3648 2837 lcga-

2000 2842 2079 2900 lia
2102 2844 2242 2914 jura
2273 2844 2332 2898 in
2366 2844 2621 2899 filiorum
2658 2845 3114 2902 successionem.

2071 2932 2469 2989 Tribelianum
2502 2934 2805 2990 decretum
2851 2938 2922 2991 de
2970 2936 3651 2996 fideicommissariorum

2001 3021 2464 3078 discriminibus.

2074 3116 2187 3166 Lex
2216 3110 2392 3165 Fabia
2421 3111 2495 3165 de
2536 3110 2608 3166 iis
2640 3111 2740 3183 qui
2780 3110 2996 3169 liberos
3026 3112 3085 3169 in
3117 3116 3461 3174 servitutem
3493 3119 3650 3177 redi-

1924 3180 1968 3249 C
2005 3204 2171 3272 gunt.

2074 3290 2188 3344 Lex
2241 3288 2517 3355 Falcidia,
2549 3293 2684 3346 ante
2729 3293 2887 3358 nota,
2922 3293 3226 3363 proposita
3270 3299 3463 3352 autem
3495 3301 3587 3355 est
3616 3316 3651 3356 a

2000 3377 2211 3434 Publio
2270 3376 2546 3444 Falcidio,
2604 3379 2840 3435 tribuno
2896 3379 3104 3453 plebis.
3146 3381 3288 3438 Vult
3338 3388 3533 3442 autem
3584 3391 3652 3443 ut

2001 3467 2186 3524 haeres
2219 3468 2288 3522 de
2316 3466 2651 3523 substantia
2677 3470 3012 3525 testamenti
3047 3470 3239 3544 capiat
3263 3476 3518 3544 quatuor
3550 3492 3652 3532 un-

2003 3556 2144 3612 cias.
2171 3556 2367 3628 (Uncia
2398 3572 2569 3628 porro
2609 3556 2959 3629 designabat
2988 3559 3389 3618 duocecimam
3422 3568 3651 3637 partem

2002 3644 2406 3718 hereditatis).

2074 3736 2143 3791 Et
2171 3734 2291 3791 hinc
2322 3735 2561 3807 quidem
2589 3734 2661 3792 de
2691 3735 2940 3793 decretis
2963 3753 3065 3809 per
3095 3736 3323 3796 litteras
3351 3739 3651 3813 alphabeti

2005 3825 2271 3897 exposita
2313 3830 2475 3882 sunt.
2506 3831 2588 3881 De
2638 3826 2978 3882 nominibus
3028 3843 3159 3884 vero
3204 3827 3416 3885 deinde
3463 3830 3653 3902 magis

2006 3913 2338 3970 necessaria
2369 3918 2754 3985 exponentur.

2078 4007 2362 4072 Agnatus,
2393 4001 2492 4072 qui
2525 4002 2695 4057 nobis
2738 4017 2807 4057 ex
2849 4003 3249 4061 masculorum
3280 4006 3656 4079 generatione

2006 4091 2408 4163 conjungitur.

2078 4184 2286 4244 Actus,
2309 4178 2401 4235 via
2431 4195 2534 4252 per
2559 4195 2738 4251 quam
2762 4180 2898 4237 licet
2928 4183 3345 4255 cumjumento
3367 4184 3455 4239 vel
3478 4201 3655 4242 curru

2006 4273 2138 4324 tran
2149 4269 2263 4325 sire

2078 4357 2692 4429 Vitium,vituperium
2720 4355 2953 4433 (ψόγος),
2971 4357 3656 4434 ἀὶωἰουῐίο(ιλάττωμα),

2009 4447 2185 4520 culpa
2213 4442 2455 4519 (αἴτιον).

1931 4553 1976 4617 D
2080 4536 2472 4603 Brumaleum,
2507 4535 2784 4592 hiemalia
2816 4537 2984 4593 festa.

2078 4624 2445 4683 Velleianum
2473 4626 2795 4693 decretum,
2822 4627 3111 4697 adjuvans
3135 4627 3383 4685 feminas
3405 4646 3532 4701 qua
3558 4646 3659 4701 pro

2010 4715 2142 4772 aliis
2174 4732 2283 4770 reae
2316 4715 2557 4770 ﬁebant.

2081 4807 2336 4872 Graacus,
2364 4802 2693 4870 Chaldaaus,
2727 4803 2947 4859 Hellen.

2082 4898 2273 4962 Datta,
2302 4893 2443 4947 feles
2474 4890 2819 4946 domestica.

2082 4983 2272 5048 Genis,
2308 4980 2474 5035 malae
2509 4977 2819 5053 (σιαγόνες).

2082 5070 2415 5139 Decretum,
2442 5069 2813 5141 imperatoris
2836 5069 3150 5127 declaratio
3181 5071 3334 5127 inter
3355 5073 3504 5130 duas
3538 5091 3663 5145 par-

2013 5165 2102 5217 tes
2133 5161 2204 5216 ab
2238 5160 2365 5231 ipso
2390 5158 2711 5228 judicatas.

2085 5250 2166 5305 De
2196 5247 2554 5317 inofficioso;
2606 5247 2979 5321 reprehensio
3027 5249 3363 5305 testamenti
3394 5249 3550 5320 quod
3583 5248 3663 5305 le-

2013 5355 2157 5411 gum
2188 5337 2457 5409 quidem.
2480 5337 2855 5393 observantia
2884 5337 3062 5405 valet;
3096 5342 3288 5392 metus
3336 5341 3530 5394 autem
3567 5355 3668 5393 ra-

2015 5428 2173 5484 tione
2206 5426 2624 5483 inconveniens
2654 5430 2761 5482 est.

2087 5517 2432 5582 Denarium,
2468 5515 2619 5571 libra
2654 5519 2921 5570 monetae.

2094 5606 2417 5677 Digestum,
2451 5607 2774 5659 correctum
2810 5608 2868 5659 et
2912 5618 3015 5673 per
3043 5603 3306 5659 ordinem
3357 5605 3663 5679 scriptum.

2093 5693 2445 5766 Deportatio,
2478 5690 2650 5747 elatio
2684 5695 2741 5746 et
2772 5691 3069 5747 abductio.
