4054 6200
398 301 553 364 1027
1725 295 1999 358 MlCHAl

2225 296 2466 360 ’SELLI
3643 309 3826 372 1028.

464 433 745 502 Detentio,
779 431 882 502 jus
930 430 1161 502 petendi
1210 432 1265 486 et
1313 428 1578 502 exigendi
1630 432 1688 484 et
1734 426 2034 483 detinendi

2223 430 2559 503 Διακατοχή,
2594 426 2800 485 δίκαιον
2828 434 2926 485 τοῦ
2973 430 3192 488 εἰσιέναι
3243 435 3334 489 καὶ
3383 434 3628 491 ἀπαιτεῖν
3673 437 3802 508 ἤτοι

390 524 783 595 quodcunque
832 521 1088 575 moriens
1139 518 1352 591 aliquis
1398 516 1651 588 reliquit,
1684 521 1741 572 et
1790 516 1836 571 si
1890 515 1991 571 nih

2195 523 2453 589 .axpats’w
2484 519 2581 587 τὴν
2615 518 2927 593 περιουσίαν
2960 525 3056 575 τοῦ
3087 520 3531 593 τελευτήσαντος’
3562 525 3675 593 καὶ,
3702 524 3796 581 κᾶν

387 610 689 684 corporale
730 611 1068 665 haereditate
1097 609 1413 675 obveniret,
1448 610 1638 661 tamen
1684 605 1986 661 bzereditat

2199 601 2318 673 ηδέν
2350 604 2386 678 ᾗ
2416 608 2724 678 σωματικὸν
2752 611 2818 680 τῇ
2849 605 3219 684 κληρονομίᾳ,
3254 612 3409 684 ὅμως
3440 613 3627 676 καλῶς
3658 614 3800 688 λαμ-

388 702 782 758 detentionem
804 701 949 754 bene
966 697 1273 767 accipimus
1291 715 1303 764 ;
1320 695 1646 767 incorporei
1665 696 1821 751 enim
1841 710 1988 766 aequ

2197 694 2382 765 ὶνομεν
2415 695 2583 763 αὐτῆς
2624 696 2723 764 τὴν
2772 693 3138 774 διακατοχήψ
3196 700 3491 772 ἀσωμάτου
3524 702 3625 779 γάρ
3683 686 3798 759 ἐστι

386 790 523 847 sitio
556 791 768 847 melius
801 790 867 844 fit
898 804 1070 858 quam
1102 802 1541 857 corporeorum.

1532 828 1541 839 ,
2142 787 2334 849 κτῆσις
2366 781 2578 853 μᾶλλον
2610 781 2751 860 ἤπερ
2785 791 3133 859 σωματικῶν·

455 880 737 952 Epistola,
772 892 1115 949 responsum
1146 875 1520 946 imperatoris
1551 875 1622 930 ad
1651 874 2034 947 magistratus

2216 870 2537 943 Ἐπιστολὴ,
2588 873 2885 951 ἀντιγραφή
2964 876 3232 951 βασιλέως
3308 880 3444 953 πρὸς
3520 878 3793 956 ἄρχοντος

384 967 748 1024 relationem.

2142 956 2434 1035 ἀναφοράν.

456 1058 607 1112 Illud
642 1080 668 1106 «
703 1056 783 1111 Ex
813 1054 1149 1110 continente
1182 1075 1209 1102 ››
1241 1058 1360 1108 tres
1388 1052 1515 1107 dies
1546 1052 1862 1124 signiﬁcat.

1719 1052 1862 1107 :icat.
2210 1048 2285 1103 Τὸ
2315 1046 2685 1121 ἓξκοντινὲντι,
2713 1057 2860 1127 τρεῖς
2892 1053 3101 1128 ἡμέρας
3134 1051 3320 1123 δηλοῖ.

449 1160 905 1219 Extraordinarii
934 1178 945 1218 :
973 1161 1070 1232 qui
1101 1177 1216 1215 non
1248 1160 1574 1215 secundum
1608 1159 1869 1214 ordinem
1901 1175 2029 1231 pro-

2210 1154 2726 1232 Ἐξτραορδιναριοι·
2763 1160 2815 1213 οἱ
2862 1162 2938 1232 μὴ
2983 1161 3119 1215 κατὰ
3160 1163 3304 1233 ταξιν
3352 1166 3784 1242 προερχόμενα,

376 1253 577 1321 deunt,
603 1253 703 1308 sed
738 1251 1063 1307 secundum
1095 1249 1177 1305 rei
1207 1248 1732 1305 circumstantiam.

1559 1248 1732 1303 itiam.
2139 1242 2284 1300 ἀλλᾶ
2313 1248 2446 1300 κατὰ
2476 1247 2785 1320 περίστασιν
2819 1251 3160 1326 πράγματος.

446 1340 786 1410 Eunuchus,
822 1340 921 1413 qui
954 1358 986 1396 a
1018 1344 1204 1395 matre
1232 1338 1319 1393 vel
1360 1338 1587 1393 nutrice
1615 1338 2023 1396 testiculorum

2207 1329 2455 1402 Θλιϐίας,
2491 1337 2687 1411 ὁπαρα
2715 1341 2816 1403 τῆς
2860 1340 3068 1414 μητρὸς
3111 1341 3148 1409 ἢ
3193 1347 3295 1413 τῆς
3339 1348 3544 1422 τροφοῦ
3595 1346 3780 1419 θλίψιν

377 1428 683 1486 elisionem
718 1430 921 1485 subiit.

2132 1426 2237 1476 τῶν
2268 1424 2511 1496 γονίμων
2542 1425 2798 1487 ὑπαστάς.

444 1520 823 1590 lmpotcstate
857 1535 868 1573 :
904 1535 1138 1574 summa
1177 1520 1436 1589 potestas
1473 1532 1652 1588 quam
1694 1518 2021 1573 secundum

2204 1514 2604 1583 Ἲμποτέστατε·
2637 1516 2671 1583 ἡ
2725 1516 2860 1589 ἂκρα
2908 1515 3118 1586 ἐξουσία
3169 1520 3233 1586 ἣν
3263 1514 3466 1595 ἔχομεν
3494 1524 3633 1579 κατὰ
3687 1526 3779 1578 τὸν

371 1606 560 1681 legem
596 1608 893 1681 politicam
926 1609 1206 1663 habemus
1241 1607 1297 1661 in
1331 1605 1505 1677 ﬁlios,
1529 1608 1855 1663 secundum
1888 1624 1972 1680 ge:

2177 1600 2417 1657 ολιτικὸν
2449 1602 2618 1675 νόμον
2653 1605 2728 1666 εἷς
2759 1605 2885 1667 τοὺς
2914 1604 3112 1669 παῖδας
3167 1611 3352 1681 ἡμῶν,
3384 1612 3520 1666 κατᾶ
3578 1610 3639 1669 δὶ
3683 1616 3776 1669 τὸν

369 1696 533 1752 tilem
566 1715 700 1754 vero
734 1699 791 1754 in
824 1715 1041 1755 servos.

2131 1689 2361 1759 ἐθνικὸν,
2397 1691 2473 1755 εἷς
2500 1690 2626 1753 τοὺς
2660 1690 2911 1755 δούλους.

438 1788 731 1856 Edictum,
770 1804 1160 1861 programma.

2042 1800 2092 1864 Β
2201 1778 2458 1864 "Bcf/xcv,
2491 1781 2848 1856 πρόγραμμα.

442 1878 692 1949 Imbeta,
723 1882 977 1950 portata.

2046 1863 2078 1864 ί
2197 1863 2439 1941 Ἰμϐετα,
2470 1869 2536 1924 τὰ
2570 1868 2964 1945 βασταζόμενα.

438 1966 630 2034 Illata,
666 1968 945 2023 animata.

2193 1958 2236 2014 Ἴ
2248 1958 2438 2025 νλατα,
2468 1958 2535 2012 τὰ
2566 1955 2809 2034 ἔμψυχα.

435 2055 642 2125 Judex,
675 2055 1101 2128 interpretatio.

2191 2044 2416 2116 "106355,
2450 2050 2483 2115 ἠ
2518 2047 2573 2121 ἔρ
2585 2048 2797 2119 μηνεία.

432 2146 663 2213 Justus,
696 2162 921 2216 aequus.

2193 2136 2448 2207 Ἰοῦστος,
2483 2136 2510 2189 ὀ
2543 2134 2771 2197 δίκαιος.

431 2234 684 2292 Intentio
710 2234 980 2290 voluntas
1011 2238 1276 2290 conatus.

2192 2223 2457 2294 Ἰντὲντιο⁹
2493 2225 2639 2299 ὁρμή
2674 2223 2903 2287 ἔντασις.

434 2324 563 2392 Jus,
597 2324 751 2395 quod
780 2324 1008 2394 justum
1043 2328 1150 2378 est.

1113 2328 1150 2377 ι.
2189 2319 2358 2377 ⁹Ἰο·)ς,
2390 2313 2452 2367 τὸ
2484 2309 2714 2371 δίκαιον,

431 2414 495 2469 In
528 2412 742 2484 capita,
779 2413 1104 2468 secundum
1139 2414 1332 2483 caput.

2190 2402 2487 2469 Ἰνκάπιτα,
2519 2404 2656 2457 κατὰ
2684 2401 2947 2479 κεφαλήν.

429 2502 650 2575 Capitis
682 2501 1028 2571 diminutio;
1064 2517 1234 2573 pmna
1277 2516 1347 2555 ex
1389 2498 1533 2571 legis
1564 2497 2008 2555 circumstantia

2189 2494 2415 2552 Κάπιτις
2448 2489 2823 2564 διμινουτίωνσ
2856 2493 3037 2565 πάθος
3070 2494 3127 2548 ἐκ
3176 2497 3544 2567 περιστάσεως
3588 2498 3767 2572 νόμου

354 2590 636 2661 patientis
676 2594 895 2645 statum
931 2593 1165 2643 mutans
1198 2592 1299 2643 aut
1330 2587 1623 2643 minuens.

2113 2579 2433 2634 κατάστασιν
2464 2575 2691 2653 ἀμεῖϐον
2722 2582 2757 2650 ἢ
2792 2581 3049 2636 ἐλαττοῦν
3081 2586 3177 2637 τοῦ
3206 2585 3539 2660 πάσχοντος.

431 2678 627 2750 Legio,
663 2678 919 2734 militum
955 2678 1225 2750 phalanx.

2184 2670 2419 2744 Λεγεὼν,
2453 2667 2660 2746 φάλαγξ
2688 2676 3058 2745 στρατιωτῶν.

427 2767 598 2840 Legis
629 2767 800 2837 actio,
832 2766 1114 2840 (invictio)
1143 2766 1453 2840 permissio
1482 2766 1803 2823 servitutis.

2183 2757 2587 2833 Λεγισακτίων,
2657 2760 2691 2828 ἡ
2742 2753 2962 2831 ἐνόήκτι
3018 2762 3418 2839 παραχώρησις
3473 2770 3576 2834 τῆς
3634 2763 3761 2819 δον)-

2113 2846 2283 2909 λείας.

424 2944 728 3018 Legatum,
759 2946 1125 3017 deputatum.

2182 2938 2441 3012 Λεγάτον,
2471 2931 2781 3011 πρεσϐεῖον.

424 3035 716 3106 Urbanus,
752 3035 915 3091 urbis
945 3039 1167 3091 custos.

2180 3022 2479 3100 Οὐρϐανὸς,
2512 3028 2540 3080 6
2572 3025 2744 3101 φύλαξ
2774 3030 2875 3092 τῆς
2904 3024 3144 3090 πόλεως.

428 3122 827 3192 Plebiscitum,
863 3122 1048 3195 plebis
1077 3122 1377 3195 sull‘ragia.

2035 3113 2078 3181 C
2186 3110 2566 3187 Πλεϐίσκιτον,
2600 3113 2781 3188 δήμου
2811 3117 3085 3193 ψήφισμα.

428 3212 885 3279 Postliminium,
910 3214 1012 3285 jus
1045 3213 1349 3269 redeundi.

2177 3202 2589 3276 Ποστλιμίνιον,
2624 3201 2830 3259 δίκαιον
2869 3205 3231 3282 ὑποστροφῆς.

426 3300 857 3375 Praajudicium,
894 3302 1045 3359 actio
1076 3317 1143 3357 ex
1173 3301 1296 3359 sola
1332 3300 1654 3358 intentione
1696 3308 1995 3360 constans.

2174 3290 2577 3367 Πραεουδίκιον,
2609 3292 2777 3355 τόπος
2800 3293 2904 3348 ἀπὸ
2932 3293 3255 3357 ἶντεντίονος
3289 3295 3461 3369 μόνης
3529 3319 3745 3374 συγκει-

2153 3379 2234 3411 1..-
2252 3404 2269 3411 -

2109 3402 2288 3454 μενος.

420 3480 761 3539 Prohaerede
792 3482 894 3554 qui
926 3481 1110 3539 credit
1138 3498 1200 3538 sc
1230 3498 1360 3539 esse
1389 3481 1697 3539 haeredem.

2175 3468 2456 3545 Προὲρεδε,
2498 3472 2525 3525 6
2557 3470 2795 3545 νομίζων
2826 3472 3013 3526 ἑαυτὸν
3045 3473 3171 3527 εἶναι
3204 3471 3579 3551 κληρονόμον.

421 3570 897 3642 Propossessore,
929 3570 1030 3641 qui
1062 3569 1345 3627 violenter
1373 3569 1608 3641 abripit.

1469 3570 1608 3641 ~ipit.
2114 3600 2117 3601 ν
2174 3559 2573 3635 Προποσὲσορε,
2608 3562 2635 3615 6
2672 3560 2848 3634 βίαιος
2880 3558 3070 3635 ἅρπαξ.

419 3675 742 3748 Peculium,
775 3692 870 3733 res
909 3676 1255 3733 naturaliter
1310 3681 1465 3733 sorte
1510 3677 1762 3734 subditis
1819 3677 1992 3748 adju-

2171 3664 2515 3735 Ηικούλιον,
2614 3666 2768 3721 οὐσία
2867 3673 3105 3744 φυσικῶς
3200 3670 3744 3749 προσκεκληρωμὲνη

345 3763 559 3819 dicata.

2101 3758 2457 3830 ὑπιξοοσίοις.

416 3855 676 3920 Pactum,
705 3852 1004 3924 quantitas
1034 3856 1222 3926 pacta.

2169 3846 2400 3919 Πάκτον,
2428 3868 2762 3925 συμπεφωνη
2775 3847 2933 3921 μὲνον
2971 3851 3158 3908 ποσόν.

412 3940 729 4013 Belegatio,
762 3940 1056 3997 exsilium.

2168 3934 2545 4012 Ῥελεγατίων,
2576 3938 2611 4006 ἡ
2644 3935 2842 4013 ἐξορία.

415 4027 685 4095 Senatus,
718 4028 1009 4099 gerousia,
1044 4028 1275 4101 legatio.

1224 4046 1275 4085 ο,
2170 4024 2449 4095 Σεννάἱτον,
2474 4029 2508 4096 ἡ
2541 4025 2819 4102 γερουσία.

412 4116 674 4184 Sactum,
706 4116 972 4173 liberatio
1003 4118 1075 4173 ab
1108 4117 1346 4189 injuria.

2170 4114 2397 4184 Σάκτον,
2427 4115 2490 4170 τὸ
2524 4112 2950 4190 ἀπηλλαγμένον
2994 4111 3225 4194 ὕϐρεως.

412 4204 613 4261 Otiosa
643 4206 1004 4275 distributio,
1037 4207 1323 4263 seditione
1353 4223 1577 4263 carens.

1495 4224 1577 4262 ns.
2167 4202 2419 4280 Σχολαία
2448 4206 2617 4277 νομὴ,
2650 4208 2684 4275 ἠ
2719 4204 3096 4269 ἀστασίαστος.

409 4295 727 4366 Separatio,
769 4296 1039 4352 custodia
1087 4296 1585 4352 hereditariarum
1637 4314 1833 4355 rerum
1884 4316 1986 4372 per

2166 4294 2539 4369 Σεπαρατίων,
2573 4297 2607 4363 ἡ
2640 4293 2856 4372 φυλακή
2888 4296 2977 4351 τὸν
3010 4294 3461 4371 κληρονομιαῐων
3489 4302 3754 4373 πραγμά-

340 4381 773 4439 htereditarium
805 4386 1173 4440 creditorem.

2090 4405 2198 4438 των
2233 4381 2321 4437 διὰ
2346 4384 2437 4438 τὸν
2473 4381 2905 4457 κληρονομιαῖον
2941 4381 3240 4455 δονιιστήν.

413 4472 744 4541 Superstes,
778 4489 1100 4529 successor.

2014 4479 2063 4545 Ι)
2166 4471 2538 4546 Σουπέρστης,
2570 4472 2597 4525 ὁ
2630 4469 2917 4546 διάδοχος.

411 4560 768 4627 Satisfactio,
802 4563 1110 4618 satisdatio
1141 4559 1522 4637 (ἷκανοδοσῖα).

1393 4561 1522 4637 σία).
2170 4559 2557 4629 Σατισιοᾶκτιο,
2587 4563 2621 4629 ἡ
2658 4558 2987 4619 ἷκανοδοσία.

410 4649 697 4717 Tacitum,
732 4652 882 4721 quod
917 4669 1026 4707 non
1061 4657 1149 4707 est
1180 4658 1379 4707 notum
1427 4670 1491 4707 ex
1535 4655 1867 4711 testamenti
1901 4655 1983 4711 le-

2167 4648 2420 4715 Τᾶκιτον,
2450 4651 2512 4703 τὸ
2548 4651 2621 4721 μή
2653 4649 3053 4725 γινωσκόμενον
3090 4651 3196 4707 ἀπὸ
3248 4659 3347 4721 τῆς
3394 4652 3750 4728 ἀναγνώσεως

339 4737 551 4794 ctione.

2094 4747 2193 4810 τῆς
2216 4738 2504 4811 διαθήκης.

411 4825 663 4897 Titulus,
696 4828 1003 4899 dignitatis
1037 4829 1363 4903 inscriptio.

2164 4829 2388 4895 Τίτλος,
2417 4831 2452 4894 ἡ
2486 4829 2777 4906 προγραφὴ
2810 4833 2906 4884 τοῦ
2942 4830 3268 4902 ἀξιώματος.

412 4919 770 4983 Tractatum,
802 4918 1155 4989 explanatio,
1189 4919 1630 4991 compendium,
1662 4920 1937 4994 epitome.

1872 4939 1937 4978 le.
2164 4916 2494 4992 Τρακτᾶτον,
2528 4915 2905 4992 ἀνακὲίοαρσις,
2940 4919 3183 4994 σύνοψις,
3213 4920 3473 4994 ἐπιτομή.

414 5004 721 5071 Tribunal,
756 5007 1129 5063 dicasterion.

2163 5003 2584 5083 Τριϐουνάλιον,
2608 5002 2980 5082 δικαστήριον.

414 5092 676 5159 Factum,
710 5110 880 5165 opus,
911 5096 1083 5152 actio.

2166 5082 2401 5163 Φάκτον,
2434 5095 2496 5148 τὸ
2529 5090 2705 5168 ἔργον,
2735 5096 2769 5163 ἡ
2805 5098 3012 5171 πρᾶξις.

410 5180 751 5253 Flagellum,
787 5183 977 5239 lorum
1010 5185 1387 5256 implicitum.

2165 5182 2495 5259 Φραγὲλιον,
2537 5184 2563 5236 ὁ
2596 5180 3065 5258 ἓπιπεπλεγμὲνος
3094 5187 3243 5258 ἱμάς.

407 5288 487 5342 Ea
517 5292 607 5342 est
639 5291 874 5359 quidem
910 5291 1213 5347 nominum
1266 5310 1369 5365 per
1417 5293 1641 5350 litteras
1688 5295 1984 5369 alphabeti

2165 5291 2311 5362 Αὕτη
2372 5290 2465 5363 μὶν
2522 5289 2613 5343 καὶ
2665 5290 2699 5357 ἡ
2758 5294 2866 5344 τῶν
2926 5290 3211 5363 ὀνομάτων
3270 5294 3406 5348 κατὰ
3463 5301 3742 5369 στοιχεῖον

339 5376 629 5446 expositio
660 5378 670 5431 ι
705 5379 1064 5452 Explicanda
1094 5398 1328 5456 quoque
1359 5383 1465 5439 tibi
1515 5388 1656 5441 sunt
1711 5386 1830 5441 haec
1883 5402 1940 5441 nc

2143 5383 2367 5457 ιήγησις.
2426 5377 2820 5451 Ἐρμηνευτὲον
2880 5376 2937 5433 δέ
2994 5401 3077 5434 σοι
3128 5381 3221 5435 καὶ
3268 5386 3435 5436 ταῦτα
3489 5385 3558 5438 τὰ
3620 5383 3744 5439 ὀνό-

339 5462 523 5519 mina.

2098 5491 2258 5546 ματα.

405 5550 515 5608 Jus
564 5552 734 5610 civile
783 5556 1206 5625 Romanorum,
1251 5574 1458 5631 nempe
1508 5560 1666 5633 leges
1718 5561 1985 5634 politiciae

2164 5563 2309 5623 ’Ἱους
2338 5552 2542 5619 κῖϐιλις
2574 5556 2995 5633 Ῥωμανόρουμ,
3050 5555 3176 5628 ἤτοι
3214 5558 3425 5635 νόμιμα
3482 5561 3747 5618 πολιτικᾶ

334 5641 607 5698 Romana:
645 5641 1055 5718 legislationis.

2094 5657 2192 5720 τῆς
2221 5653 2325 5704 τῶν
2359 5645 2647 5720 Ῥωμαίων
2680 5645 3021 5720 νομοθεσίας.
