4054 6200
235 327 383 389 1οΞ9

296 456 638 533 Λιγισάκτιο,
667 442 916 529 νόμιμος
943 453 1135 530 ἀγωγή
1150 495 1165 510 .

298 540 521 616 Πλὲϐις,
554 544 583 599 ὁ
613 541 864 619 χυδαῐος.

295 631 703 703 Κονστιτούται,
736 632 791 686 αἱ
825 629 1087 700 διατάξεις
1114 627 1223 685 τῶν
1278 626 1572 705 βασιλεων,
1624 626 1873 705 διαιρού-

231 742 379 797 μεναι
412 722 491 783 εἰς
522 719 793 796 δέκρετον,
825 721 902 785 εἷς
930 714 1164 787 ἔδικτον,
1199 718 1274 781 εἰς
1309 715 1629 789 ἰπιστολήν.

291 812 632 879 Ῥεσπόνσον,
674 812 708 879 ἡ
741 814 852 864 τῶν
892 812 1070 886 σοφῶν
1105 808 1415 880 ἀπόκρισις.

293 899 393 955 Καὶ
453 903 619 954 ταῦτα
680 899 773 971 μὲν
850 918 936 952 σοι
1010 901 1120 951 τῶν
1176 894 1263 949 ἐπὶ
1327 897 1553 969 μνήμης
1611 896 1873 970 κειμένων

223 992 379 1062 ἡμῖν.
440 990 613 1046 Oiei):
666 987 768 1063 γὰρ
826 986 900 1047 ὡς
958 981 1111 1040 οὐδᾶν
1144 982 1255 1039 ἐστι
1314 988 1424 1038 τῶν
1480 985 1873 1060 γεγραμμένων

223 1082 355 1152 ἡμῖν
416 1076 451 1146 ἢ
504 1075 1001 1153 συγγιγραμμένων
1063 1074 1091 1129 ’ὸ
1156 1074 1232 1146 μὴ
1283 1069 1793 1148 ἐσχεδίασταιοδθιν
1823 1074 1876 1128 οἱ

221 1166 446 1229 πλείους
476 1170 583 1220 τῶν
616 1158 1070 1238 ἐκλαμϐανόντων
1117 1162 1185 1217 τὰ
1227 1162 1471 1235 ἡμέτερα
1521 1158 1713 1237 σχὲδια
1757 1158 1875 1216 δελ-

218 1258 403 1333 τᾶρια,
441 1256 538 1317 τὰς
570 1252 825 1332 διφθέρας
870 1256 1179 1322 ποιοῦντες,
1233 1249 1391 1314 εὐθὺς
1442 1244 1630 1325 ἔχουσι
1687 1245 1877 1325 βιϐλία

216 1347 280 1401 τὰ
325 1342 706 1421 γεγραμμένα.
756 1343 858 1398 Καὶ
891 1340 1169 1403 πλείστοις
1223 1341 1315 1414 μὲν
1376 1338 1627 1415 ἐντύχοις
1675 1342 1874 1415 ἡμετὲ-

218 1456 330 1511 ροις
384 1428 625 1508 βιϐλίοις
652 1434 726 1486 ὧν
764 1429 1138 1506 ὀγδοηκοστὸν
1171 1432 1328 1503 οἶμαι
1385 1433 1547 1484 τοῦτο
1581 1430 1738 1486 εἶναι.
1794 1430 1876 1488 Τὰ

220 1521 274 1579 δὶ
331 1520 573 1577 πλεῖστα
629 1522 705 1576 ὧν
777 1518 1203 1595 ἡρμηνεόκαμεν
1263 1520 1298 1589 ἢ
1359 1518 1765 1594 συνεγράψαμιν
1820 1518 1874 1573 ἐν

220 1611 564 1687 εῐληταρίοις
595 1604 671 1664 ἔτι
699 1614 870 1665 κεῖται
899 1612 1018 1671 τοῖς
1047 1606 1285 1664 πλείοσι·
1338 1607 1405 1664 τὰ
1435 1606 1493 1663 δὲ
1525 1605 1756 1663 πλεῖστα
1785 1606 1875 1662 καί

221 1700 564 1779 διέφθαρται,
596 1694 778 1774 ὥσπερ
806 1700 840 1768 ἡ
870 1705 971 1769 τῆς
1014 1697 1300 1771 συμπάσης
1333 1696 1662 1777 φιλοσοφίας
1693 1696 1780 1752 ἐπὶ
1811 1698 1872 1753 τὸ

224 1792 382 1870 σαφὲς
424 1788 900 1863 μεταποίησις,καὶ
930 1786 1029 1843 ὅσα
1058 1789 1182 1864 πιρὶ
1210 1787 1337 1851 τοὺς
1370 1790 1489 1844 καθ’
1508 1789 1655 1861 ἡμᾶς
1673 1786 1873 1864 ἐπραγ-

224 1879 602 1953 ματευσόμεθα
636 1874 904 1954 βασιλεῖς·
937 1878 1003 1933 τὰ
1032 1873 1078 1933 δ’
1128 1874 1272 1933 ἄλλα
1324 1877 1429 1933 ἀπὸ
1482 1881 1589 1934 τῶν
1641 1872 1871 1954 βιϐλίων

222 1969 381 2033 αὐτὸς
421 1967 736 2044 ἀναλέγοιω

1728 324 1829 383 DE
1874 325 2143 385 ΑΝΙΜΑ.

1910 456 1964 523 Α
2066 455 2231 527 Legis
2262 456 2434 525 actio,
2467 455 2675 528 legalis
2706 455 3004 514 abductio.

3482 328 3637 389 1030

2057 545 2283 615 Plebes,
2317 545 2601 618 vulgaris.

2056 633 2421 704 Constitutaa,
2452 633 2906 689 constitutiones
2955 633 3378 706 imperatorum
3426 635 3485 692 in
3535 638 3633 694 dc-

1985 729 2233 789 cretum,
2266 723 2543 793 edictum,
2574 722 2881 795 epistolam
2916 723 3261 779 distributae.

2056 815 2450 883 Responsum,
2483 811 2820 884 sapientum
2853 812 3159 885 apocrisis.

2056 900 2160 955 Est
2210 900 2333 956 hzec
2365 900 2602 973 quidem
2636 917 2766 973 quae
2795 902 2854 955 in
2890 901 3234 957 memoriam
3266 901 3628 960 reducimus.

1987 989 2113 1045 Scis
2143 989 2299 1046 enim
2332 990 2479 1046 nihil
2507 1007 2637 1047 esse
2668 990 2728 1046 in
2759 990 2976 1047 nostris
2999 990 3238 1063 scriptis
3261 992 3350 1047 vel
3373 992 3636 1050 historiis

1986 1080 2140 1150 quod
2166 1096 2278 1135 non
2299 1096 2366 1135 eo
2390 1084 2650 1151 tempore
2673 1080 2958 1152 scriptum
2984 1079 3081 1135 sit.
3114 1079 3278 1135 Unde
3302 1081 3401 1152 qui
3437 1088 3640 1139 nostra

1986 1167 2070 1223 sic
2092 1184 2160 1223 ex
2180 1173 2438 1241 tempore
2461 1169 2681 1240 scripta
2702 1186 2879 1241 Opera
2899 1174 3306 1241 susceperunt,
3340 1172 3636 1229 membra-

1986 1274 2092 1312 nas
2109 1257 2387 1313 t'acientes
2417 1257 2615 1314 statim
2630 1258 2929 1313 habentex
2942 1258 3164 1313 nostris
3180 1258 3417 1330 scriptis
3430 1258 3635 1317 libros.

1984 1345 2053 1401 Et
2074 1346 2259 1401 multa
2284 1352 2485 1402 nostra
2502 1347 2719 1418 scripta
2738 1347 2844 1402 tibi
2870 1351 3124 1419 possunt
3151 1364 3457 1404 occurrere
3488 1367 3638 1421 quo-

1984 1452 2116 1490 rum
2148 1435 2257 1492 hoc
2291 1438 2459 1509 quasi
2507 1436 2937 1508 octogesimum
2986 1451 3114 1491 esse
3143 1439 3324 1508 'puto.
3374 1437 3640 1494 Plurima

1986 1529 2183 1580 autem
2215 1542 2417 1581 eorum
2451 1542 2579 1598 quae
2614 1525 2980 1598 interpretati
3013 1541 3222 1580 sumus
3244 1525 3330 1579 vel
3362 1525 3639 1583 historice

1984 1615 2359 1671 narravimus
2392 1615 2449 1670 in
2481 1614 2882 1672 voluminibus
2914 1614 3108 1670 adhuc
3139 1613 3310 1669 multi
3345 1614 3404 1669 in
3450 1617 3636 1672 mani-

1982 1702 2097 1759 bus
2128 1704 2375 1772 habent;
2414 1702 2598 1760 multa
2631 1708 2828 1759 autem
2860 1704 3137 1773 corrupta
3167 1705 3328 1771 sunt,
3362 1709 3427 1757 ut
3455 1703 3638 1759 totius

1983 1790 2371 1865 phi1050phize
2403 1792 2473 1847 ad
2507 1791 2858 1849 evidentiam
2911 1788 3242 1856 translatio,
3295 1793 3352 1844 et
3392 1806 3519 1862 qum
3564 1793 3636 1849 de

1986 1880 2204 1935 nostris
2238 1881 2520 1953 temporis
2551 1881 2877 1937 rectoribus
2910 1878 3311 1936 tractavimus.
3344 1883 3560 1938 Caetera
3581 1882 3641 1938 in

1984 1967 2153 2025 libris
2184 1968 2311 2042 ipse
2340 1970 2523 2043 legas.

761 2332 2076 2503 MICHAELIS
2264 2334 3108 2502 PSELLI

1293 2641 1771 2756 OPERUM
1818 2639 2113 2753 PARS
2160 2641 2581 2751 TERTIA

1681 2881 2196 2940 COMPLECTENS

1133 3083 2740 3211 PHILOSOPHICA

732 3526 1427 3702 ΔΟΞΑΙ
1620 3524 2174 3697 ΠΕΡΙ
2359 3524 3212 3701 ΨΥΧΗΣ.

1462 3976 1699 4106 DE
1831 3977 2452 4108 ANIMA

1016 4230 1775 4327 CELEBBES
1891 4230 2704 4328 OPINIONES
2757 4234 2890 4360 (*).

297 4608 427 4664 Ὁτι
476 4610 588 4661 τῶν
636 4606 892 4681 ψυχικῶν
926 4600 1230 4675 δυνάμεων,
1278 4603 1332 4657 αἱ
1380 4602 1475 4676 μὲν
1510 4599 1641 4657 εἰσιν
1674 4599 1891 4677 ἄλογοι,

2075 4603 2449 4660 Facultatum
2479 4603 2689 4659 snimaa
2721 4603 2845 4659 alia
2878 4603 3008 4661 sine
3056 4604 3303 4675 ratione,
3354 4605 3481 4662 alia
3526 4623 3660 4663 cum

227 4696 281 4749 αἱ
314 4692 376 4750 δὲ
427 4692 670 4770 λογικαί·
702 4697 813 4747 τῶν
845 4689 903 4747 δὲ
952 4690 1211 4768 λογικῶν,
1272 4692 1325 4745 αἱ
1360 4692 1456 4764 μὶν
1516 4690 1736 4761 ζωτικαὶ
1795 4692 1882 4745 καὶ

229 4783 541 4861 ὀρεκτικαί,
588 4784 644 4837 αἱ
696 4780 753 4838 δὲ
788 4779 1101 4858 γνωστικαί.
1154 4780 1393 4853 Ὁμοίως
1442 4778 1499 4835 δὲ
1557 4777 1890 4854 διαιροῦνται

224 4874 318 4927 καὶ
376 4875 436 4928 αἱ
489 4871 703 4948 ἄλογοι·
748 4869 914 4926 πάλιν
959 4867 1016 4925 δὲ
1064 4871 1120 4923 αἱ
1176 4870 1395 4943 λογικαὶ
1451 4870 1542 4924 καὶ
1596 4868 1893 4945 γνωστικαὶ

227 4960 576 5038 διαιροῦνται
630 4967 845 5036 τριχῆ,
905 4958 983 5021 εἷς
1044 4957 1240 5029 δόξαν,
1308 4958 1397 5013 καὶ
1464 4956 1745 5025 διάνοιαν,
1801 4956 1893 5011 καὶ

228 5057 383 5108 νοῦν.
448 5052 513 5108 Ἡ
563 5052 659 5124 μὶν
720 5051 812 5104 οὗν
863 5046 991 5119 δόξα
1019 5049 1362 5123 καταγίνεται
1389 5046 1514 5119 περὶ
1561 5047 1624 5102 τὸ
1652 5044 1894 5110 καθόλου

225 5140 290 5195 τὸ
351 5139 538 5201 ἕντοῖς
589 5138 894 5210 αΐσθητοῖς.
926 5134 1056 5195 Οἵδε
1099 5137 1202 5211 γὰρ
1247 5135 1330 5191 ὅτι
1393 5137 1498 5189 πᾶν
1548 5134 1742 5190 λευκὸν
1805 5132 1895 5189 καὶ

224 5230 481 5304 κριτικὸν
539 5224 741 5302 ὅψεως,
789 5228 876 5282 καὶ
930 5225 1144 5289 ὅτι-πᾶς
1174 5222 1459 5293 ἅνθρωπος
1511 5221 1723 5285 δίπους.
1774 5225 1894 5278 Ἔτι

224 5338 283 5394 γι
318 5319 462 5392 μὴν,
504 5318 729 5372 καὶτῶν
763 5314 1068 5386 διανοητῶν
1122 5310 1263 5369 οἶδεν
1298 5310 1422 5368 ἄνευ
1456 5313 1631 5387 λόγου
1665 5313 1732 5367 τὰ
1754 5333 1894 5385 συμ-

224 5409 579 5481 περάσματα,
614 5408 736 5468 οἷος
764 5405 849 5461 ὅτι
878 5407 914 5475 ἡ
964 5405 1119 5479 ψυχὴ
1170 5404 1455 5469 ἀθάνατος,
1506 5399 1636 5457 οἶδε’
1700 5399 1789 5456 διὰ
1843 5400 1896 5457 τί

228 5493 286 5552 δὲ
343 5495 640 5565 ἀθάνατος,
696 5495 873 5552 οὐκέτι
928 5493 1070 5550 ὥστε
1129 5490 1356 5564 δοξαστά
1413 5490 1545 5566 ἐστι,
1606 5492 1673 5546 τά
1730 5512 1789 5546 τε
1841 5491 1893 5546 ἐν

2004 4694 2227 4748 ratione
2250 4695 2409 4748 sunt.
2444 4692 2659 4747 Harum
2690 4692 2814 4747 alia:
2836 4692 3043 4749 vitales
3064 4698 3120 4749 et
3145 4699 3503 4767 appetentes,
3533 4694 3659 4751 alia)

2004 4786 2423 4852 cognoscentes
2469 4786 2630 4838 sunt.
2679 4781 2959 4837 Similiter
3006 4800 3238 4855 quoque
3288 4784 3657 4852 dividuntur,

2005 4886 2132 4941 qua
2166 4870 2292 4926 sine
2323 4871 2546 4926 ratione
2572 4871 2965 4927 sunt.Rursus
2988 4873 3271 4929 trifariam
3296 4873 3658 4945 dispertiun-

2004 4962 2101 5013 tur
2128 4975 2256 5028 qua:
2286 4975 2421 5014 cum
2454 4959 2678 5015 ratione
2705 4965 2842 5015 sunt
2873 4963 2930 5014 et
2960 4968 3403 5031 cognoscentes,
3439 4963 3496 5016 in
3531 4962 3659 5034 opi-

2005 5048 2263 5113 nionem,
2326 5046 2712 5112 intellectum,
2762 5052 2821 5103 et
2879 5054 3158 5104 mentem.
3209 5050 3417 5122 Opinio
3473 5050 3660 5122 igitur

2006 5135 2276 5191 universe
2328 5136 2386 5190 in
2419 5135 2491 5191 iis
2521 5141 2789 5191 versatur
2819 5152 2947 5208 quae
2979 5154 3158 5194 sensu
3188 5139 3595 5209 percipiuntur
3646 5154 3659 5193 :

2006 5224 2167 5280 novit
2194 5223 2353 5279 enim
2390 5240 2564 5280 omne
2596 5226 2820 5289 album,
2842 5227 3035 5281 visum
3070 5227 3419 5291 discernere,
3444 5230 3502 5282 et
3532 5243 3664 5282 om—

2008 5330 2141 5369 nem
2166 5313 2468 5368 hominem
2494 5314 2764 5386 bipedem
2788 5329 2947 5382 esse;
2980 5330 3181 5370 eorum
3206 5320 3502 5385 praeterea,
3536 5332 3663 5388 quae

2008 5404 2120 5459 sub
2153 5402 2610 5459 intellectionem
2646 5404 2883 5471 cadunt,
2918 5402 3353 5475 conclusiones,
3385 5406 3485 5461 sed
3538 5406 3665 5461 sine

2008 5492 2234 5548 ratione
2266 5491 2595 5564 novit;puta
2626 5492 2886 5549 animam
2922 5490 3315 5548 immortalem
3349 5510 3478 5550 esse
3533 5495 3663 5560 scit,

303 5646 377 5717 (')
414 5646 498 5701 De
528 5644 639 5701 hoc
668 5643 838 5712 libro,
872 5658 1045 5716 quem
1081 5657 1223 5698 mss.
1256 5639 1444 5697 Psello
1474 5638 1795 5708 vindicant,
1826 5638 1957 5695 vide
1988 5637 2233 5695 Leonem
2271 5637 2551 5693 Allatium
2584 5653 2763 5710 supra
2794 5635 2900 5691 col.
2933 5636 3059 5706 504,
3094 5652 3258 5691 num.
3287 5636 3450 5693 XLII.
