4054 6200
366 313 515 375 1031

1706 297 2124 362 MICHAELiS
2169 299 2437 364 PSELLI

3623 309 3784 370 1033

369 445 470 502 ed
505 459 606 499 cur
635 442 714 498 sit
741 437 1118 508 immortalis,
1152 435 1359 504 nescit,
1392 434 1536 490 adeo
1569 436 1632 487 ut
1661 431 1772 488 sub
1803 429 2022 504 Opinio-

2137 435 2249 493 τοῖς
2304 431 2587 503 αἰσθητοῖς
2617 433 2878 504 καθόλου,
2911 437 2997 490 καὶ
3054 441 3160 490 τῶν
3212 433 3510 507 διανοητῶν
3538 438 3607 493 τά
3636 460 3785 512 συμ-

369 551 502 599 nem
535 531 771 588 veniant
824 526 1023 584 omnia
1071 542 1199 597 qua:
1249 539 1424 580 sensu
1481 521 1910 593 percipiuntur,
1965 525 2023 576 et

367 621 787 679 conclusiones.
844 634 1048 672 eorum
1121 631 1246 685 quae
1314 610 1615 667 intellectu
1685 610 2020 681 capiuntur,

367 713 704 782 horumque
735 706 990 779 cognitio
1022 704 1218 776 Opinio
1250 705 1340 757 est
1362 718 1373 756 :
1397 717 1500 756 cur
1529 699 1686 755 enim
1719 699 1797 755 sit
1826 698 2024 753 anima

368 797 748 864 immortalis,
779 797 1010 868 ignorat
1039 792 1272 864 opinio;
1322 791 1432 845 hoc
1479 790 1634 844 enim
1686 786 2023 844 intellectus

371 897 462 947 est
491 906 660 960 opus.
690 890 878 953 Quare
926 883 1261 954 opinionem
1317 877 1591 950 praeclare
1638 878 1695 932 in
1750 877 2025 949 Saphista

374 980 532 1036 Plato
565 976 788 1042 definit,
821 989 951 1029 cum
986 969 1319 1026 intellectus
1368 968 1686 1024 terminum
1743 965 2019 1039 appellat.

368 1075 670 1133 Intellecta
697 1073 853 1129 enim
887 1067 1274 1124 concludente
1306 1064 1703 1120 immortalem
1737 1079 1865 1119 esse
1893 1064 2022 1118 ani-

371 1181 550 1232 mam,
583 1161 765 1218 solam
798 1156 1234 1215 conclusionem
1269 1153 1518 1210 facultas
1561 1153 1740 1208 novit.
1793 1152 2022 1208 Intelle-

370 1259 500 1309 ctus
545 1256 738 1307 autem
767 1253 876 1316 est,
908 1248 1062 1302 viam
1093 1244 1272 1300 veluti
1306 1244 1619 1314 quamdam
1653 1242 1957 1313 conficere,
1991 1261 2024 1298 a

369 1337 872 1415 propositionibus
905 1336 974 1390 ad
1026 1332 1464 1390 conclusionem
1517 1330 2021 1398 transgrediendo,

368 1432 524 1486 unde
555 1435 612 1484 et
641 1443 852 1483 nomen
907 1424 1080 1479 traxit
1115 1440 1128 1479 :
1160 1428 1336 1494 atque
1387 1421 1496 1476 hoc
1548 1426 1638 1475 est
1688 1419 2024 1475 intellectus

368 1536 549 1592 opus;
584 1515 801 1572 mentis
832 1511 1246 1583 vero,simplici
1281 1510 1659 1583 aggressione
1689 1513 1746 1564 et
1777 1508 2024 1580 impres-

369 1609 554 1676 sione,
590 1605 801 1660 melius
833 1619 1006 1672 quam
1043 1618 1144 1673 per
1175 1598 1761 1662 demonstrationem,
1796 1598 1865 1651 ad
1899 1613 2024 1651 rem

371 1697 691 1752 accedere:
727 1691 1017 1764 quomodo
1065 1695 1122 1745 et
1173 1705 1407 1754 sensus,
1458 1687 1558 1758 qui
1611 1687 1660 1742 si
1709 1687 1766 1741 in
1821 1685 2021 1742 album

2133 522 2476 594 περάσματα,
2525 522 2850 578 καὶτούτων
2886 523 3029 580 ἐστὶν
3061 527 3096 595 ἡ
3149 522 3276 595 δόξα
3307 531 3530 600 γνῶσις.
3585 531 3682 582 Διά
3727 528 3783 584 τί

2134 605 2190 663 δὲ
2222 609 2482 671 ἀθάνατος
2529 613 2563 680 ἡ
2623 613 2800 686 ψυχὴ,
2836 611 3017 666 οὐκέτι
3062 609 3201 666 οἶδεν
3254 616 3288 681 ἡ
3348 611 3494 683 δόξω
3536 613 3781 676 διανοίας

2129 698 2232 773 γὰρ
2281 695 2442 774 ἔργον
2472 699 2581 755 ἐστί
2633 705 2816 756 τοῦτο.
2869 703 3027 758 ’ὈΟεν
3068 703 3158 756 καὶ
3206 702 3393 766 καλῶς
3422 704 3660 773 ὁρίζεται
3685 706 3784 772 τήν

2134 786 2289 857 δόξαν
2331 788 2560 845 Πλάτων
2612 788 2664 844 ἐν
2708 795 2788 861 τῷ
2842 794 3106 866 Σοφιστῇ,
3141 788 3379 852 διανοίας
3407 790 3584 867 λέγων
3648 795 3784 848 ἀπο-

2130 875 2489 947 τελεύτησιν.
2543 884 2652 948 Τῆς
2710 879 2814 956 γὰρ
2875 876 3119 941 διανοίας
3175 878 3658 955 συλλογιοαμὲνης
3699 884 3779 937 δτι

2133 966 2396 1029 ἀθάνατος
2456 969 2489 1037 ἡ
2541 970 2738 1043 ψυχὴ,
2787 969 2847 1022 τὸ
2905 969 3269 1044 συμπέρασμα
3326 969 3489 1043 μόνον
3544 969 3685 1026 οἶδεν
3742 974 3777 1041 ἡ

2134 1052 2384 1128 δύναμις.
2436 1057 2682 1121 Διανοίας
2712 1055 2770 1113 δὲ.
2800 1057 2910 1113 ἐστι
2940 1059 3002 1114 τὸ
3033 1061 3147 1113 οἷον
3183 1057 3310 1114 ὁδόν
3356 1081 3474 1114 τινα
3521 1058 3777 1131 διανύειν,

2137 1149 2558 1225 μεταϐαίνουσαν
2625 1156 2730 1210 ἀπὸ
2779 1157 3091 1230 προτάσεων
3144 1156 3219 1218 εἰς
3281 1159 3669 1232 συμπέρασμα,
3729 1157 3779 1228 de

2133 1241 2196 1296 οῦ
2225 1243 2313 1297 καὶ
2343 1245 2442 1312 τὴν
2473 1243 2668 1313 κλῆσιν
2703 1242 2937 1301 ε’ίλκυσε.
2967 1245 3064 1300 Καὶ
3101 1253 3201 1315 τῆς
3254 1246 3350 1318 μὶν
3401 1243 3643 1309 διανοίας
3690 1243 3778 1323 ἔρ-

2131 1351 2224 1406 γον
2285 1336 2466 1388 τοῦτο.
2525 1335 2634 1390 Τοῦ
2693 1331 2751 1388 δὶ
2806 1339 2901 1388 νοῦ
2950 1329 3106 1409 ἔργον
3157 1334 3360 1396 ἁπλαῖς
3415 1330 3778 1408 προσϐολαῖς,

2133 1422 2222 1476 καὶ
2278 1427 2522 1496 κρεῖττον
2581 1421 2616 1491 ἢ
2676 1423 2810 1478 κατᾶ
2885 1421 3197 1494 ἀπόδειξιν,
3287 1419 3608 1480 ἐπιϐάλλειν
3665 1432 3776 1486 τοῖς

2133 1512 2465 1586 πράγμασιν,
2522 1511 2701 1587 ὥσπερ
2758 1515 2792 1582 ἡ
2854 1512 3124 1582 αἶ’σθησις.
3176 1509 3571 1588 Προσλαϐοῦσα
3610 1515 3779 1590 τυχὸν

2131 1600 2193 1653 τὸ
2225 1598 2416 1654 λευκὸν
2465 1599 2500 1669 ἢ
2533 1597 2658 1655 τόδε
2685 1601 2745 1654 τὸ
2777 1603 2972 1676 σχῆμά
3006 1623 3057 1656 τι
3090 1607 3359 1677 κρεῖττον,
3391 1600 3425 1671 ἢ
3482 1603 3618 1658 κατᾶ
3647 1603 3780 1657 ἁπό-

2134 1686 2317 1759 δειξιν,
2379 1689 2541 1744 αὐτοῦ
2569 1691 2671 1759 τὴν
2719 1696 2916 1766 γνῶσιν
2969 1688 3148 1766 ἔσχεν.
3182 1691 3259 1747 Οῦ
3308 1692 3412 1767 γάρ
3440 1689 3612 1746 δεῖται
3643 1693 3780 1766 πρὸς

368 1786 536 1851 forte,
572 1781 656 1837 vel
691 1782 746 1836 in
781 1781 932 1835 hanc
981 1781 1230 1850 ﬁguram
1284 1776 1578 1842 inciderit,
1628 1775 1842 1830 melius
1893 1792 2019 1830 eam

2137 1778 2332 1849 ταύτην
2363 1776 2764 1855 συλλογισμοῦ⁹
2815 1782 2850 1849 ἡ
2885 1777 2940 1834 δέ
2971 1801 3032 1855 γε
3058 1785 3154 1834 τοῦ
3198 1784 3291 1835 νοῦ
3339 1779 3598 1857 ἐνέργεια,
3643 1781 3780 1836 ἐκεί-

370 1889 548 1947 quam
581 1869 1084 1927 demonstratione
1115 1866 1364 1939 percipit
1395 1881 1407 1920 :
1435 1882 1546 1920 non
1581 1864 1735 1920 enim
1769 1864 1839 1920 ad
1873 1864 2025 1920 hanc

371 1961 762 2035 cognitionem
787 1957 1233 2014 ratiocinatione
1260 1955 1434 2010 habet
1454 1972 1622 2026 opus;
1645 1954 1859 2009 mentis
1890 1970 2023 2010 vero

370 2051 520 2108 actio
555 2051 613 2106 in
645 2048 764 2104 illis
793 2052 902 2116 est,
937 2048 1157 2119 quibus
1188 2045 1257 2099 ad
1292 2060 1587 2100 summam
1621 2042 1937 2116 puritatem
1969 2048 2027 2099 et

373 2140 680 2198 scientiam
717 2138 1015 2210 pervenire
1035 2137 1236 2191 datum
1262 2134 1482 2205 est,qui
1505 2150 1606 2204 per
1629 2138 2024 2206 expurgantes

371 2231 642 2298 virtutes,
674 2227 800 2283 sine
829 2225 1021 2296 specie
1053 2225 1299 2295 objecta,
1349 2227 1407 2278 et
1453 2222 1580 2277 sine
1629 2239 1806 2277 sensu
1855 2237 2025 2293 agere

373 2321 752 2376 consuerunt.
789 2317 890 2370 Est
920 2314 1075 2368 enim
1121 2329 1286 2368 mens
1327 2311 1506 2367 veluti
1557 2311 1797 2366 habitus
1842 2311 2024 2366 animi

373 2406 866 2481 perfectissimus.
899 2405 962 2458 In
997 2403 1170 2459 rebus
1201 2401 1377 2472 igitur
1407 2418 1534 2472 quis
1567 2405 1763 2456 mente
1793 2400 2023 2472 perspi-

373 2497 631 2560 ciuntur,
665 2510 833 2550 mens
865 2495 1183 2563 occupatur
1215 2506 1228 2544 :
1263 2489 1594 2545 intellectus
1645 2490 1702 2543 in
1751 2489 1844 2558 iis,
1897 2506 2024 2560 quas

375 2585 685 2657 cogitando
718 2580 1095 2654 assequimur
1127 2595 1140 2634 :
1176 2579 1372 2650 opinio
1405 2579 1640 2633 demum
1677 2578 1734 2632 in
1777 2577 1849 2633 iis
1896 2593 2024 2648 qua

375 2675 486 2731 sub
518 2673 914 2745 opinationem
946 2669 1412 2725 cadunt.Harum
1445 2672 1643 2722 autem
1669 2670 2020 2738 potestatum

373 2762 698 2836 principem
726 2760 922 2816 locum
949 2775 1114 2814 mens
1136 2756 1379 2824 obtinet,
1416 2761 1781 2828 postremum
1805 2755 2022 2827 opinio,

377 2853 638 2908 medium
667 2847 1212 2917 intellectus,menti
1235 2849 1448 2901 nostris
1465 2845 1673 2900 intime
1695 2844 2023 2914 familiaris,

379 2950 595 3022 quippe
626 2948 728 3020 qui
759 2946 1020 3002 medium
1053 2944 1271 3015 ubique
1307 2942 1500 2998 locum
1553 2946 1708 2997 tenet
1759 2959 1772 2996 :
1818 2947 1876 2998 et
1923 2959 2026 3014 per

378 3039 557 3106 hunc,
573 3035 936 3093 intellectum
959 3033 1111 3102 dico,
1130 3034 1202 3088 ad
1224 3049 1426 3088 eorum
1451 3031 2023 3104 contemplationem,

379 3143 502 3200 qua:
536 3130 730 3181 mente
764 3124 1184 3196 percipiuntur,
1221 3120 1452 3176 animus
1490 3124 1688 3176 noster
1735 3119 2018 3188 evehitur,

377 3181 507 3290 quas
538 3217 666 3288 ejus
698 3181 988 3269 absolutio
1019 3216 1076 3267 et
1103 3181 1379 3283 perfectio
1409 3214 1518 3266 est.
1540 3209 1682 3265 Cum
1715 3209 1869 3264 enim
1904 3181 2020 3280 hic,
2052 3181 2094 3247 α

376 3307 552 3364 rebus
582 3305 656 3360 iis
687 3321 814 3377 qua:
841 3301 1039 3358 sensui
1071 3301 1490 3372 subjiciuntur,
1523 3298 1719 3355 socius
1748 3303 1805 3355 et
1854 3298 2024 3370 quasi

378 3394 615 3470 gentilis
648 3394 755 3463 sit;
789 3395 1024 3466 propter
1054 3407 1337 3447 sensuum
1389 3389 1902 3457 consuetudinem,
1953 3390 2024 3444 ad

379 3483 840 3559 speculationem
874 3499 1100 3548 eorum,
1130 3497 1257 3553 quas
1287 3484 1480 3536 mente
1513 3477 1942 3550 intelliguntur,
1972 3483 2027 3533 et

383 3574 634 3631 materia
663 3576 883 3642 carent,
918 3569 1179 3627 attollere
1209 3569 1472 3641 seipsum
1505 3585 1622 3623 non
1655 3573 1868 3639 potest.
1916 3567 2027 3622 Sed

379 3671 436 3722 et
469 3665 590 3727 illa,
624 3679 869 3734 corpora
898 3664 1080 3732 putat,
1099 3663 1156 3715 et
1185 3657 1396 3714 molem
1423 3658 1722 3720 habere,et
1753 3673 2028 3728 quacun-

379 3771 494 3826 que
525 3754 804 3808 sensibus
832 3769 895 3807 se
926 3752 1200 3820 offerunt,
1236 3750 1296 3804 in
1327 3748 1444 3803 illis
1476 3764 1605 3802 esse
1637 3745 1750 3801 sibi
1797 3745 1966 3818 ﬁngit
2014 3763 2027 3801 :

381 3849 880 3923 quemadmodum
913 3852 970 3901 et
1001 3845 1165 3900 Plato
1206 3845 1264 3899 in
1316 3844 1604 3913 thdone,
1649 3843 1801 3898 hanc
1847 3859 2030 3899 unam

379 3955 510 3994 esse
540 3954 661 3994 rem
694 3937 752 3991 in
785 3935 954 3990 nobis
985 3932 1393 3988 difﬁcillimam
1428 3933 1864 4006 afﬁrmat,quod
1895 3949 2030 3988 cum

380 4044 414 4082 a
442 4024 704 4097 corporis
733 4022 1128 4079 avocamentis
1162 4021 1402 4093 paulum
1437 4021 2032 4093 conquieverimus,et

379 4131 576 4172 rerum
603 4113 934 4170 divinarum
960 4109 1323 4166 meditationi
1349 4127 1455 4166 nos
1493 4111 1811 4183 adjungere
1832 4111 2031 4168 volue-

379 4205 586 4268 rimus,
616 4222 650 4260 a
679 4202 954 4260 sensibus
985 4201 1244 4275 profecta
1274 4199 1550 4273 impulsio
1583 4200 1917 4272 interpellat
1963 4217 2031 4257 ac

378 4295 702 4369 perturbat,
735 4302 789 4349 et
818 4291 1156 4364 cogitationi
1191 4293 1398 4345 nostrae
1431 4290 1657 4360 objicit,
1694 4293 1870 4345 Deum
1903 4306 2031 4346 esse

377 4403 614 4458 corpus,
657 4384 1059 4455 magnitudine
1111 4387 1167 4436 et
1218 4383 1411 4451 ﬁgura
1459 4380 1792 4451 praeditum,
1842 4396 2030 4451 neque

384 4491 491 4530 nos
522 4492 554 4528 ε
584 4488 822 4544 corpore
869 4476 925 4525 et
976 4469 1160 4540 ﬁgura
1210 4476 1393 4525 Deum
1447 4468 1680 4541 penitus
1728 4485 2029 4524 secernere

2132 1889 2246 1930 νοις
2275 1869 2652 1944 παραγίνεται,
2705 1872 2790 1931 οἷς
2839 1869 2914 1931 εἰς
2946 1868 3108 1946 ἄκρον
3162 1871 3469 1946 καθάρσεως
3521 1871 3610 1924 καί
3659 1869 3784 1925 ἐπι-

2135 1959 2350 2031 στήμης
2395 1957 2614 2032 γέγονεν
2677 1958 2996 2036 ἀφικέσθαισ
3065 1959 3154 2014 καὶ
3214 1957 3301 2014 διὰ
3355 1963 3462 2015 τῶν
3519 1971 3786 2033 καθαρτι-

2131 2051 2240 2100 κῶν
2292 2047 2493 2122 ἀρετῶν
2535 2046 2907 2123 ἀφαντάστως,
2957 2049 3044 2102 καὶ
3098 2045 3231 2123 δίχα
3276 2047 3576 2118 αἰσθήσεως
3631 2049 3785 2123 ἐνερ-

2131 2141 2248 2209 γεῖν
2309 2135 2754 2208 συνειθισμένοις.
2789 2138 2940 2190 Ἒστι
2973 2139 3076 2212 γάρ
3108 2139 3136 2191 ὁ
3184 2142 3330 2205 νοῦς,
3365 2139 3478 2191 οἷον
3527 2136 3631 2207 ἕξις
3678 2144 3790 2206 τῆς

2133 2227 2320 2299 ψυχῆς
2378 2223 2725 2295 τελειοτάτη.
2786 2226 3139 2300 Καταγίνεται
3194 2226 3373 2280 τοίνυν
3434 2227 3461 2280 ὁ
3513 2227 3610 2299 μὲν
3652 2231 3789 2290 νοῦς

2133 2313 2256 2386 περὶ
2314 2313 2380 2366 τὰ
2425 2312 2611 2382 νοητά.
2662 2315 2695 2382 ὴ
2745 2310 2801 2367 δε
2847 2311 3055 2369 διάνοια
3103 2315 3224 2389 περὶ
3282 2315 3350 2368 τὰ
3397 2311 3678 2385 διανοητά·
3744 2317 3784 2382 ἡ

2135 2397 2191 2456 δὶ
2243 2398 2368 2472 δόξα
2415 2402 2636 2477 περὶτά
2667 2400 2914 2476 δοξαστά.
2969 2401 3182 2458 Τούτων
3239 2401 3297 2458 δὲ
3337 2407 3445 2458 τῶν
3494 2401 3783 2476 δυνάμεων

2133 2491 2356 2564 πρώτην
2411 2490 2504 2563 μὲν
2557 2490 2743 2567 ἐπέχει
2798 2495 2947 2565 ταξιν
2981 2493 3008 2546 ὁ
3039 2497 3184 2556 νοῦς·
3211 2493 3446 2568 ἐσχάτην
3472 2490 3529 2547 δὲ
3559 2495 3592 2561 ἡ
3628 2490 3784 2562 δόξα⁸

2137 2589 2306 2657 μὲσην
2339 2584 2397 2642 δὲ
2423 2589 2457 2657 ἦ
2511 2585 2742 2656 διάνοια,
2791 2587 2826 2658 ἢ
2860 2609 2940 2650 τις
2972 2589 3061 2643 καὶ
3100 2588 3511 2664 προσῳκείωται
3539 2588 3608 2663 τῇ
3639 2591 3787 2661 ἠμε-

2131 2675 2260 2747 τὲρᾳ
2307 2679 2483 2751 ψυχῇ,
2515 2674 2702 2746 ἐπειδὴ
2761 2678 2850 2731 καὶ
2904 2676 3038 2746 αὐτή
3092 2679 3193 2746 τήν
3246 2678 3412 2750 μέσην
3456 2678 3555 2746 τὴν
3617 2676 3786 2749 ἐντῷ

2133 2765 2291 2820 παντὶ
2329 2766 2477 2836 τάξιν
2527 2764 2665 2840 ἔχει.
2713 2766 2813 2822 Καὶ
2863 2763 2952 2820 διὰ
2980 2765 3182 2835 ταύτης
3216 2764 3359 2842 λέγω
3387 2772 3486 2834 τῆς
3541 2763 3786 2828 διανοίας

2134 2853 2385 2928 ἀνάγεται
2437 2856 2471 2923 ἡ
2520 2856 2762 2929 ἡμετέρα
2808 2856 2961 2930 ψυχὴ
2996 2853 3083 2910 ἐπὶ
3111 2855 3210 2922 τὴν
3239 2853 3346 2909 τῶν
3392 2859 3600 2925 νοητῶν
3649 2857 3786 2911 θεω-

2135 2942 2275 3016 ρίαν,
2307 2943 2342 3011 ἢ
2391 2964 2474 3005 τις
2521 2941 2630 2997 ἐστὶ
2671 2943 2958 3012 τιλειότης
3004 2945 3100 3013 τῆς
3147 2947 3352 3018 ψυχῆς.
3402 2941 3624 3013 Ἐπειδή
3675 2945 3778 3020 γὰρ

2135 3030 2433 3106 σύντροφός
2463 3053 2522 3086 τε
2567 3031 2657 3086 καὶ
2708 3031 2991 3108 σύμφυλος
3020 3037 3137 3093 τοῖς
3176 3031 3458 3102 αἰσθητοῖς
3485 3033 3520 3102 ἡ
3553 3034 3708 3107 ψυχή
3740 3035 3776 3100 ἡ

2133 3118 2393 3196 ἡμετέρα,
2454 3117 2704 3175 ἀδυνατεῖ
2761 3118 2849 3175 διά
2902 3120 2993 3175 τὸν
3059 3120 3377 3194 συνεθισμὸν
3426 3125 3530 3175 τῶν
3579 3120 3781 3191 αἰσθή-

2133 3230 2290 3280 σεων,
2339 3209 2425 3264 ἐπὶ
2473 3210 2571 3279 τήν
2619 3210 2847 3286 θεωρίαν
2888 3214 2998 3265 τῶν
3041 3215 3251 3280 νοητῶν
3299 3209 3388 3264 καὶ
3419 3209 3599 3264 ἀΰλων
3652 3210 3782 3265 ἀνά-

2132 3320 2244 3375 γειν
2301 3298 2488 3370 αὐτήν.
2544 3298 2716 3356 Ἀλλά
2743 3300 2956 3372 νομίζει
3000 3299 3221 3354 κάκεῖνα
3268 3299 3494 3373 σώματα
3534 3301 3624 3354 καὶ
3675 3321 3774 3372 με·

2135 3389 2264 3465 γέθη
2316 3386 2484 3463 ἔχειν,
2535 3388 2623 3443 καὶ
2655 3387 2755 3444 ὅσα
2797 3387 2883 3443 ἐπὶ
2932 3394 3037 3444 τῶν
3089 3389 3385 3459 αἰσθητῶν,
3449 3394 3606 3444 κακεῖ
3643 3410 3781 3458 φαν-

2135 3479 2371 3546 τάζεται*
2420 3479 2495 3542 ὡς
2541 3480 2630 3533 καὶ
2688 3476 2918 3534 Πλάτων
2972 3477 3024 3532 ἐν
3069 3483 3148 3549 τῷ
3198 3475 3440 3533 Φαίδωνι
3471 3477 3652 3553 λέγει,
3696 3477 3780 3532 ὅτι

2136 3568 2283 3622 τοῦτ’
2332 3565 2441 3622 ἔστι
2488 3567 2551 3622 τὸ
2583 3563 2977 3642 χαλεπώτατον
3007 3572 3114 3622 τῶν
3148 3567 3198 3622 ὲν
3229 3568 3392 3641 ἡμῖν,
3421 3565 3502 3623 ὅτι
3535 3569 3659 3622 ὅταν
3690 3567 3785 3622 καὶ

2139 3655 2354 3731 σχολὴν
2384 3656 2488 3710 απὸ
2517 3661 2624 3708 τῶν
2652 3657 2961 3730 περιολκῶν
2992 3661 3089 3711 τοῦ
3122 3657 3375 3729 σώματος
3422 3657 3616 3730 μικρὸν
3649 3656 3788 3731 ἀγά-

2137 3765 2341 3819 γωμεν,
2391 3746 2478 3799 καὶ
2533 3745 2852 3816 θελήσωμεν
2883 3749 2950 3819 τῇ
3001 3745 3202 3820 θεωρίᾳ
3226 3750 3334 3800 τῶν
3369 3745 3524 3808 θείων
3574 3743 3791 3820 σχολά-

2143 3854 2250 3903 σαι,
2299 3833 2388 3887 καὶ
2432 3833 2887 3908 παρεμπίπτουσα
2934 3835 2968 3903 ἡ
3013 3833 3297 3908 φαντασία,
3357 3829 3588 3908 θόρυϐον
3648 3836 3794 3904 ἡμῖν

2139 3927 2300 3992 κινεῖ,
2338 3923 2587 3977 ὑπονοεῖν
2636 3919 2879 3984 διδοῦσα.
2926 3921 3009 3976 ὅτι
3039 3924 3200 3996 σῶμά
3229 3921 3341 3977 ἐστι
3371 3923 3432 3976 τὸ
3466 3927 3635 3994 θεῖον,
3696 3923 3793 3975 καὶ

2145 4017 2371 4094 μέγεθος
2423 4013 2538 4094 ἔχει
2596 4020 2682 4074 καὶ
2719 4026 2933 4095 σχῆμα,
2982 4020 3070 4074 καὶ
3127 4018 3228 4074 οὐκ
3275 4019 3333 4090 ἐᾷ
3373 4021 3520 4092 ἡμᾶς
3571 4019 3798 4092 ἀσωμά-

2137 4129 2247 4170 τως
2291 4108 2380 4162 καὶ
2428 4107 2858 4183 ἀσχηματίστως
2916 4109 3038 4184 περὶ
3096 4112 3191 4163 τοῦ
3240 4112 3374 4163 Θεοῦ
3406 4107 3630 4165 ἐννοεῖν.
3694 4109 3797 4163 Διὰ

2136 4203 2299 4254 τοῦτο
2336 4195 2417 4252 δεῖ
2443 4198 2542 4266 τὴν
2593 4199 2776 4272 ψυχὴν
2831 4196 3118 4253 ὁδεύουσαν
3170 4197 3256 4252 ἰπὶ
3304 4199 3403 4267 τὴν
3459 4199 3658 4266 εαυτῆς
3710 4219 3799 4252 τε·

2140 4285 2418 4358 λειότητα,
2460 4292 2677 4363 πρῶτον
2726 4286 3004 4363 ἐνεργῆσαι
3054 4307 3190 4342 κατα
3220 4284 3481 4352 διάνοιαν,
3514 4285 3640 4355 ἥτις
3673 4284 3797 4361 ἔχει

2138 4377 2272 4452 πρὸς
2319 4376 2386 4430 τά
2418 4375 2555 4449 μὲσα
2591 4381 2698 4430 τῶν
2745 4376 3111 4451 πραγμάτων.
3168 4377 3407 4432 Τοιαῦτα
3455 4373 3512 4430 δὲ
3566 4375 3680 4430 ἐστι
3727 4376 3798 4430 τὰ

2137 4464 2331 4535 νοητὰ,
2363 4464 2475 4519 οἷόν
2526 4464 2667 4518 ἐστὶν
2711 4463 2809 4533 ἥτε
2854 4466 3006 4540 ψυχή
3060 4466 3094 4534 ἡ
3146 4462 3409 4538 ἡμετέρα,
3458 4465 3546 4518 καὶ
3599 4467 3634 4533 ἡ
3668 4466 3798 4539 περὶ

381 4563 692 4634 cogitando
726 4559 1172 4630 permittit.Eam
1198 4559 1268 4614 ob
1303 4574 1423 4612 rem
1458 4575 1607 4630 opus
1637 4563 1746 4629 est,
1768 4559 2027 4614 animum

2141 4553 2307 4622 αὐτῆς
2367 4554 2584 4628 θεωρία·
2636 4549 2714 4608 ἔτι
2763 4551 2820 4608 δὲ
2874 4553 2964 4608 καὶ
3021 4554 3089 4608 τά
3148 4552 3523 4626 μαθηματικὰ,
3583 4553 3617 4606 ’ὰ
3674 4574 3797 4608 τινα

383 4651 453 4706 ad
490 4665 658 4705 suam
693 4647 882 4720 ipsius
915 4647 1328 4720 perfectionem
1365 4647 1727 4712 tendentem,
1773 4647 2030 4720 primum

382 4755 553 4811 agere
584 4737 904 4807 intellectu,
939 4736 1039 4808 qui
1072 4735 1130 4791 in
1164 4736 1340 4792 rebus
1373 4736 1810 4806 quodammodo
1855 4736 2034 4791 inter-

383 4827 595 4883 mediis
623 4831 911 4882 versatur.
945 4824 1108 4881 Talia
1156 4840 1290 4879 vero
1340 4827 1500 4895 sunt,
1553 4841 1679 4896 qua;
1729 4823 2034 4881 intellectu

383 4914 845 4987 complectimur,
879 4913 1072 4986 qualis
1119 4917 1209 4968 est
1259 4911 1496 4968 animus
1546 4917 1744 4968 noster
1789 4914 2036 4987 ejusque

384 5003 836 5076 contemplatio;
869 5007 996 5058 tum
1027 5007 1084 5057 et
1114 5018 1206 5057 res
1238 5000 1685 5070 mathematicas,
1733 5018 1860 5073 quos
1910 5004 2036 5059 sine

383 5094 630 5152 materia
677 5093 916 5165 quidem
966 5095 1126 5155 sunt,
1180 5091 1283 5146 sed
1330 5107 1444 5145 non
1477 5091 1788 5159 exsistunt,
1823 5092 2037 5148 utillis

384 5193 799 5250 consuefactus
829 5190 987 5245 circa
1021 5186 1321 5243 materiam
1348 5193 1483 5258 agat
1511 5189 1583 5243 ad
1616 5204 1684 5243 ea
1704 5205 1832 5259 quas
1858 5206 1892 5244 a
1922 5206 2042 5245 ma-

383 5282 533 5338 teria
556 5281 795 5351 penitus
816 5277 1110 5350 segregari
1133 5280 1400 5349 possunt,
1421 5276 1514 5331 via
1535 5277 1873 5349 sensimque
1902 5294 2037 5348 pro-

387 5385 652 5441 gressus,
687 5368 758 5422 ad
790 5371 968 5422 Deum
997 5365 1147 5432 dico,
1180 5381 1242 5420 se
1273 5365 1534 5437 recipiat.
1571 5365 1736 5420 Unde
1771 5371 1828 5421 et
1860 5365 2038 5420 Ploti-

384 5461 636 5524 nus,Per
655 5454 983 5525 res,inquit,
1008 5453 1446 5520 mathematicas,
1479 5453 1550 5508 ad
1579 5453 2041 5509 consuetudinem

382 5547 521 5618 ejus,
555 5559 681 5617 qua?
711 5546 830 5599 sine
858 5558 1087 5614 corpore
1117 5547 1456 5611 sumntum,
1493 5543 1720 5611 juvenes
1768 5541 2040 5598 deducan-

382 5639 495 5690 tur.
532 5637 601 5688 At
631 5633 679 5688 si
721 5632 954 5704 quando
1002 5631 1334 5688 intellectus
1384 5630 1792 5702 ratiocinatur,
1844 5631 1912 5688 de
1968 5632 2041 5689 iis

2139 4644 2239 4711 τὴν
2291 4642 2472 4697 οὐσίαν
2534 4640 2698 4696 ἄϋλον
2750 4641 2889 4718 ἔχει,
2942 4641 2988 4696 εἰ
3019 4641 3107 4696 καὶ
3163 4644 3238 4714 μὴ
3278 4643 3377 4711 τήν
3427 4640 3799 4716 ὕπαρξινοῗνα

2141 4733 2511 4786 συνοθισθεῖσα
2537 4729 2587 4785 ἐν
2631 4730 2870 4801 τούτοις,
2912 4729 3105 4806 ἐνεργῇ
3148 4729 3333 4792 ἆΰλως
3382 4727 3497 4802 ὁδῷ
3553 4731 3798 4806 προσελ-

2144 4825 2310 4887 θοῦσα
2357 4821 2445 4876 καὶ
2479 4819 2566 4874 ἐπὶ
2593 4822 2660 4874 τὰ
2689 4819 2976 4881 παντελῶς
3028 4819 3276 4895 χωριστά
3321 4821 3418 4890 τῆς
3449 4817 3613 4890 ὕλης,
3651 4819 3799 4896 λέγω

2145 4908 2202 4965 δὲ
2229 4910 2298 4966 τὰ
2326 4911 2441 4965 θεῖα
2480 4908 2715 4984 χωρίσῃ.
2760 4909 2919 4966 Ὅθεν
2955 4908 3044 4963 καὶ
3094 4909 3122 4963 ὁ
3176 4906 3478 4979 Πλωτῖνος,
3524 4911 3796 4985 Ἀγὲσθω-

2146 5021 2237 5055 σαν
2290 5000 2340 5054 oi.
2393 4997 2544 5071 νέοι,
2587 4999 2740 5076 φησὶ,
2789 4994 2878 5053 διὰ
2921 5002 3032 5052 τῶν
3087 4997 3425 5070 μαθημάτων
3473 4998 3610 5071 πρὸς
3667 5019 3799 5052 συνη-

2147 5089 2366 5162 εθισμὸν
2417 5095 2516 5149 τῖς
2567 5087 2859 5160 ἀσωμάτου
2889 5087 3126 5164 φύσεως.
3166 5085 3233 5143 Εἰ
3265 5083 3323 5141 δέ
3351 5106 3484 5140 ποτε
3513 5089 3547 5155 ἡ
3581 5083 3800 5142 διάνοια

2147 5185 2530 5260 συλλογίζεται
2559 5185 2649 5238 καὶ
2680 5184 2803 5258 περὶ
2836 5187 2946 5238 τῶν
2981 5188 3217 5253 νοητῶν,
3262 5180 3390 5238 ἀλλ’
3421 5183 3482 5237 οὐ
3527 5185 3649 5236 καθ’
3696 5184 3800 5237 αὖα

2145 5276 2267 5344 τὴν,
2299 5273 2443 5328 ἀλλὰ
2470 5277 2549 5345 τῷ
2578 5277 2656 5344 νῷ
2697 5271 3098 5345 συμπλακεῖσα,
3147 5271 3327 5344 ὥσπερ
3371 5272 3461 5326 καὶ
3504 5272 3630 5348 περί
3688 5276 3797 5327 τῶν

2147 5363 2420 5434 αἰσθητῶν
2487 5359 2887 5437 συλλογίζεται,
2963 5359 3341 5433 συμπλακεῖσα
3391 5364 3458 5434 τῇ
3509 5361 3798 5435 φαντασία.

2150 5452 2363 5510 Τούτου
2393 5449 2576 5506 τοίνυν
2605 5454 2702 5506 τοῦ
2731 5453 2848 5520 νοῦ,
2878 5448 2928 5505 εἷ’
2976 5449 3066 5504 καὶ
3119 5450 3196 5522 μὴ
3238 5448 3543 5525 μετέχομεν
3577 5451 3632 5504 οἱ
3658 5448 3801 5504 πολ-

2151 5541 2259 5597 λοί·
2318 5539 2444 5596 ἀλλ’
2494 5538 2623 5614 ἴχνη
2673 5539 2791 5593 τινὰ
2841 5538 2928 5594 καὶ
2981 5535 3288 5611 ἰνδάλματα
3338 5533 3660 5608 διαϐέϐηκεν
3722 5539 3804 5601 εἷς

2151 5633 2317 5702 ἡμᾶς.
2367 5633 2541 5684 Ταῦτα
2583 5625 2638 5682 δέ
2669 5626 2808 5684 ἐστιν
2865 5628 2918 5682 αἰ
2957 5625 3137 5683 κοιναὶ
3197 5623 3422 5700 ἔννοιαι,
3473 5627 3534 5691 ἃς
3589 5627 3806 5682 ἀναποο
