4054 6200
255 313 414 373 1033

1771 317 1872 374 ΠΒ
1919 315 2197 374 ΑΝΙΜΑ.

3519 327 3678 388 1034

248 439 504 508 δείκτως,
566 440 863 515 μᾶλλονδὲ
912 443 1221 519 κρεῖττονῆ
1272 445 1390 500 κατ’
1442 443 1712 516 ἀπόδειξιν
1771 467 1904 500 παν-

2040 445 2199 504 etiam
2219 463 2344 519 quas
2367 450 2559 503 mente
2581 448 3055 520 perspiciuntur;
3089 468 3206 508 non
3227 451 3284 508 id
3315 470 3415 526 per
3435 472 3497 512 se
3527 456 3674 530 ipse,

245 553 336 595 τες
363 533 763 607 γιγνώσκομεν.
811 531 980 590 Αὗται
1042 531 1138 589 οὖν
1198 535 1252 588 αἱ
1304 537 1480 590 κοιναὶ
1536 532 1759 603 ἔννοιαι,
1821 532 1909 589 διὰ

246 621 468 676 πάντων
511 627 817 698 χωροῦσαι,
849 621 1158 696 ἰνδάλματα
1181 628 1278 679 τοῦ
1309 629 1406 679 νοῦ
1455 624 1589 679 εἰσιν
1650 625 1906 701 ἐναργῶς.

250 711 346 765 Διὸ
378 712 471 764 καὶ
503 712 682 786 ἀρχὴν
741 711 1050 786 ἐπιστήμης
1079 714 1171 769 τὸν
1221 719 1348 769 νοῦν
1398 713 1678 782 καλοῦσιν,
1723 715 1768 786 ᾧ
1801 735 1907 768 τινι

248 802 316 854 τά
361 803 538 871 νοητᾶ
583 800 940 878 γινώσκομεν.
991 804 1254 874 Ζητήσειε
1307 801 1354 857 δ’
1403 802 1463 858 ἂν
1492 825 1574 866 τις
1608 803 1652 859 εἰ
1690 805 1766 877 μή
1818 802 1912 858 δυ-

249 890 414 944 νατὸν
447 889 748 965 ἐκμερικών
779 892 842 946 τὸ
891 890 1132 956 καθόλου
1183 894 1596 956 πιστώσασθαι⁶’
1633 890 1756 948 οὐδὲ
1807 892 1910 966 γὰρ

250 976 445 1048 ἐπειδὴ
508 980 690 1050 ξανθὸς
723 982 758 1051 ἢ
825 978 1019 1044 λευκὸς
1048 982 1077 1036 ὁ
1110 978 1284 1044 ’ἱππος
1344 979 1476 1052 ἐστὶ,
1512 979 1600 1036 διὰ
1628 987 1788 1037 τοῦτο
1820 980 1908 1035 καὶ

252 1072 453 1133 πάντες
482 1069 659 1142 ξανθοὶ
691 1071 744 1125 οἱ
768 1067 934 1126 ’ίπποι
965 1068 1000 1140 ἢ
1029 1069 1235 1129 λευκοί.

2018 541 2117 596 sed
2143 541 2321 596 menti
2346 540 2747 597 adhaerescens
2765 546 2972 598 etcum
2993 560 3060 599 ea
3082 546 3676 621 conjunctus,quem-

2020 628 2336 684 admodum
2371 630 2522 684 etde
2552 630 2728 685 rebus
2752 631 2953 687 sensui
2986 634 3324 706 propositis,
3347 635 3432 691 illi
3454 639 3677 694 extrin-

2021 734 2190 774 secus
2222 717 2428 772 oblatae
2446 718 2788 790 impulsioni
2819 726 3130 779 consertus
3150 730 3208 779 et
3235 729 3545 782 contextus
3565 727 3678 783 col-

2022 805 2152 878 ligit
2185 823 2250 862 ac
2280 807 2597 863 concludit.
2631 809 2820 880 Hujus
2852 809 3052 883 itaque
3085 813 3299 869 mentis
3327 815 3440 870 etsi
3471 831 3679 871 omnes

2021 910 2138 949 non
2175 911 2384 950 sumus
2431 902 2747 968 compotes,
2795 899 2893 953 sed
2929 900 3058 970 eius
3089 901 3336 974 vestigia
3363 905 3593 961 tantum
3623 909 3680 960 et

2021 983 2335 1041 simulacra
2354 986 2623 1057 quaedam
2650 987 2718 1042 ad
2743 1004 2849 1042 nos
2871 1004 3200 1059 pervenere,
3221 990 3305 1046 ha!
3323 996 3523 1049 autem
3540 998 3681 1050 sunt

2021 1088 2368 1130 communes
2401 1074 2690 1147 notiones,
2721 1092 2870 1147 quas
2911 1078 3058 1134 citra
3088 1079 3675 1154 demonstrationem,

251 1159 471 1215 melius
504 1165 698 1217 tamen
730 1177 912 1234 quam
941 1160 1035 1217 via
1063 1162 1586 1219 demonstrationis
1635 1164 1973 1235 perspectas
2020 1161 2330 1218 habemus.
2381 1163 2730 1220 Communes
2777 1165 2956 1238 igitur
3002 1167 3088 1223 hae
3121 1168 3408 1237 notiones,
3456 1177 3520 1228 ut
3549 1190 3675 1245 quae

249 1250 454 1305 omnia
485 1251 833 1325 pervadunt,
869 1250 1184 1308 manifesta
1211 1256 1352 1308 sunt
1382 1253 1598 1308 mentis
1629 1251 1950 1307 simulacra
2002 1255 2058 1306 et
2103 1251 2326 1322 species
2360 1269 2372 1305 :
2409 1269 2590 1324 quare
2619 1258 2676 1308 et
2727 1255 2980 1310 scientiae
3033 1257 3385 1329 principium
3418 1268 3672 1318 mentem

245 1343 482 1411 vocant,
516 1355 652 1412 qua,
681 1357 749 1397 ea
779 1357 908 1414 qua
955 1339 1387 1415 intelliguntur,
1438 1341 1870 1415 cognoscimus.
1903 1339 2205 1406 Quaasierit
2252 1357 2424 1414 porro
2475 1341 2710 1415 aliquis,
2742 1360 2812 1398 an
2863 1361 2978 1400 non
3021 1345 3209 1418 possit
3258 1363 3327 1403 ex
3358 1350 3676 1421 particula-

248 1427 425 1483 ribns
458 1428 726 1485 universe
756 1428 1025 1487 concludi
1059 1448 1073 1486 :
1108 1447 1222 1487 non
1255 1430 1413 1487 enim
1447 1431 1584 1503 quia
1628 1429 1834 1502 spadix
1867 1433 1958 1485 est
2003 1427 2093 1485 vel
2125 1429 2296 1485 albus
2346 1446 2556 1504 equus,
2590 1448 2795 1488 omnes
2842 1432 3058 1490 idcirco
3088 1436 3356 1510 spadices
3406 1445 3506 1495 aut
3535 1440 3676 1497 alibi

248 1522 397 1574 sunt
427 1519 584 1590 equi.

326 1640 393 1699 Εἰ
425 1639 516 1696 οὖν
554 1643 629 1715 μή
665 1639 911 1713 δυνατὸν,
945 1642 1114 1713 δῆλον
1149 1644 1232 1698 ὅτι
1265 1640 1390 1699 οὐδὲ
1429 1646 1462 1714 ἡ
1496 1641 1707 1699 διάνοια
1731 1643 1790 1698 τὸ
1822 1641 1904 1697 αἱ·

256 1731 458 1799 σθητὸν
515 1729 914 1801 ἀποδείκνυσιν,
973 1731 1098 1788 ἀλλ’
1156 1729 1270 1788 οὐδ’
1324 1735 1358 1803 ἡ
1393 1732 1674 1812 φαντασία,
1726 1730 1904 1801 οὖδ⁹ἠ

254 1819 509 1891 αἴσθησις
562 1818 762 1893 πολλῷ
821 1820 1056 1895 μᾶλλον·
1119 1822 1317 1894 ἑκάστη
1366 1823 1468 1898 γὰρ
1523 1822 1756 1894 τοῦτῶν,
1819 1842 1908 1894 με·

2087 1643 2274 1715 Quod,
2303 1645 2353 1701 si
2383 1644 2653 1702 concludi
2695 1663 2810 1702 non
2863 1651 3075 1720 potest,
3110 1653 3334 1706 certum
3367 1656 3457 1708 est
3488 1670 3676 1727 neque

2020 1731 2385 1787 intellectum
2419 1747 2540 1788 rem
2572 1733 2772 1790 sensui
2801 1735 3090 1805 obiectam
3124 1737 3546 1810 demonstrare,
3571 1743 3674 1798 sed

2020 1837 2210 1893 neque
2232 1821 2627 1894 phantasiam,
2653 1840 2892 1879 sensum
2915 1841 3050 1881 vero
3073 1824 3262 1882 multo
3286 1827 3504 1884 minus.
3537 1829 3673 1887 Sin-

255 1909 412 1987 ρικόν
469 1931 524 1965 τι
552 1911 828 1986 γινώσκει.
884 1911 1052 1976 Πόθεν
1084 1909 1173 1966 οὖν
1207 1914 1241 1981 ἡ
1276 1909 1403 1984 δόξα
1431 1911 1494 1966 τὸ
1533 1908 1772 1967 καθόλου
1799 1914 1907 1966 τῶν

2040 1909 2140 1982 ςυιί
2171 1910 2332 1965 enim
2363 1910 2422 1965 hi
2454 1910 2807 1982 particulare
2838 1911 3060 1985 aliquid
3095 1921 3473 1988 cognoscunt.
3509 1917 3672 1975 Unde

251 1999 534 2067 αἷσθητῶν
593 1999 987 2075 ἐπιγινώσκει;
1065 2002 1155 2055 καὶ
1233 2000 1466 2078 λέγομεν
1527 1999 1610 2056 ὅτι
1673 2000 1912 2073 μάλιστα

258 2090 359 2163 μὶν
402 2086 628 2145 δυνατὸν
659 2092 761 2160 τήν
794 2087 1059 2163 διάνοιαν,
1109 2089 1201 2145 καὶ
1230 2091 1293 2145 τὸ
1349 2089 1402 2144 ἐν
1454 2095 1572 2154 τοῖς
1631 2089 1912 2160 αἰσθητοῖς

249 2175 495 2232 καθόλου
547 2176 997 2254 συλλογίσασθαι,
1057 2178 1239 2256 ὥσπερ
1298 2178 1552 2250 ἐποίησεν
1608 2179 1914 2255 Ἀριστοτέ-

251 2263 367 2337 λης
397 2266 487 2322 ἐπὶ
545 2272 652 2322 τῶν
706 2265 936 2343 ἄστρων.
987 2266 1336 2340 Βουλόμενος
1382 2268 1486 2345 γαρ
1522 2267 1604 2324 ὅτι
1657 2268 1916 2345 σφαιρικᾶ

259 2353 457 2428 δεῖξαι,
514 2355 604 2410 καὶ
662 2355 1073 2429 πιστωσάμενος
1100 2360 1262 2411 τοῦτο
1291 2353 1362 2412 δι’
1419 2357 1559 2426 ἑνὸς,
1599 2363 1699 2426 τῆς
1756 2354 1915 2427 σελή-

255 2465 382 2514 νης,
434 2444 617 2520 φησίν*
678 2447 768 2510 Ὠς
819 2445 918 2522 γάρ
976 2445 1064 2500 ἐπὶ
1112 2450 1219 2500 τῶν
1280 2446 1587 2518 ὁμοουσίων
1639 2445 1721 2522 ἐφ’
1777 2445 1913 2516 ἑνὸς,

258 2534 471 2609 ἀνάγκη
541 2537 630 2589 καὶ
707 2533 794 2589 ἐπὶ
865 2534 1080 2589 πάντων
1159 2535 1314 2603 εἶναι,
1387 2535 1654 2608 ὁμοοῦσια
1713 2531 1770 2589 δὲ
1825 2533 1915 2588 καὶ

257 2622 442 2677 πάντα
497 2624 565 2677 τὰ
619 2621 810 2698 ἄστρα,
865 2620 1035 2692 δῆλον
1116 2621 1201 2678 ὅτι
1269 2630 1370 2692 τῆς
1445 2624 1700 2696 σελήνης,
1765 2643 1919 2699 σφαι-

261 2718 431 2782 ρικῆς
493 2710 854 2787 δειχθείσης,
923 2711 1013 2767 καὶ
1086 2714 1152 2767 τά
1233 2710 1377 2768 ἄλλα
1444 2710 1918 2768 συναποδέδεικται

258 2801 527 2877 σφαιρικά
562 2845 576 2857 .
638 2799 816 2857 Ἀλλὰ
870 2801 961 2856 καὶ
1017 2803 1220 2857 καπνόν
1274 2823 1359 2864 τις
1422 2801 1552 2857 ἰδὼν
1585 2846 1598 2872 ,
1655 2800 1919 2875 συλλογίυ

257 2895 412 2957 ζεται
465 2888 546 2944 ὅτι
601 2889 691 2944 καὶ
751 2894 857 2965 πῦρ
920 2889 970 2945 ἐν
1021 2895 1102 2963 τῷ
1155 2892 1310 2964 τόπῳ
1375 2893 1637 2967 ὑπάρχεις
1694 2887 1915 2958 Ἐπειδὴ

253 2978 406 3054 γὰρ,
469 2978 639 3055 φησὶ,
705 2979 908 3041 καπνός
962 2979 1072 3034 ἐστι
1105 3026 1121 3050 ,
1169 2985 1273 3043 πᾶς
1331 2977 1388 3034 δὲ
1443 2980 1646 3042 καπνὸς
1707 2977 1768 3033 ἐκ
1826 2999 1922 3033 πυ·

259 3066 387 3139 ρός·
448 3065 500 3120 ἐν
547 3071 627 3138 τῷ
675 3068 1054 3142 καπνιζομένῳ
1109 3068 1210 3143 ἄρα
1261 3067 1415 3141 τόπῳ
1475 3067 1587 3124 ἐστὶ
1646 3067 1734 3122 οιαὶ
1788 3070 1916 3140 πῦρ.

256 3158 431 3218 Ἴσως
485 3156 578 3228 μὲν
637 3153 749 3228 οὖν,
786 3157 918 3230 ὅπερ
969 3155 1197 3235 ἔφημεν,
1247 3159 1345 3227 τὴν
1397 3155 1636 3213 διάνοιαν
1689 3153 1917 3224 δυνατὴν

259 3243 398 3318 περί
427 3265 589 3298 τινων
641 3243 934 3317 αἰσθητῶν,
985 3245 1033 3300 εἷ
1074 3247 1162 3301 καὶ
1216 3247 1290 3319 μὴ
1351 3245 1437 3300 ἐπὶ
1495 3246 1736 3314 πάντων,
1786 3242 1916 3299 συλ-

259 3331 585 3407 λογίζεσθαι
646 3332 710 3387 τὸ
765 3331 1026 3389 καθόλου.
1088 3333 1240 3402 Πλὴν
1289 3335 1375 3388 καὶ
1435 3336 1470 3403 ἡ
1517 3333 1713 3410 λογικὴ
1764 3332 1916 3406 ψυχή

265 3421 743 3493 συνουσιωμενους
793 3420 910 3497 ἔχει
939 3421 1068 3484 τοὺς
1096 3420 1294 3500 λόγους
1325 3427 1431 3477 τῶν
1483 3422 1818 3497 πραγμάτων
1871 3419 1924 3474 ἐν

266 3509 465 3582 ἑαυτῇ.
500 3510 596 3564 Διά
628 3507 685 3564 δὲ
712 3510 776 3564 τὸ
801 3508 1215 3566 καταδεδυκέναι
1246 3509 1298 3566 ἐν
1321 3514 1390 3585 τῇ
1423 3510 1555 3586 ὕλῃ,
1607 3512 1718 3565 οἷον
1749 3508 1930 3584 ἐγκατ-

274 3597 528 3673 εχώσθη,
580 3597 758 3672 ὥσπερ
819 3599 871 3652 οἱ
925 3599 976 3652 ἰν
1028 3603 1096 3673 τῇ
1151 3601 1321 3678 τέφρᾳ
1372 3599 1736 3673 κρυπτόμενοι
1774 3617 1930 3652 σπιν-

275 3689 463 3756 θῆρες.
524 3689 726 3761 Ὥσπερ
780 3684 871 3740 οὖν
935 3685 1060 3743 ὅταν
1102 3709 1186 3749 τις
1235 3688 1429 3762 μικρὸν
1476 3688 1573 3756 τήν
1604 3687 1802 3762 τὲφραν
1846 3683 1930 3740 δι-

276 3774 448 3851 ορῦξῃ
507 3777 534 3830 ὁ
583 3776 812 3849 σπινθὴρ
846 3775 1002 3838 εὐθὺς
1031 3774 1362 3850 ἀναλάμπει,
1410 3776 1498 3831 καὶ
1551 3774 1659 3850 οὔχ
1688 3776 1716 3830 ὁ
1749 3771 1932 3850 διορῦο

275 3866 376 3935 ξας
429 3861 521 3918 τόν
580 3870 852 3940 σπινθῆρα
893 3862 1173 3936 ἐποίησεν,
1227 3863 1376 3920 ἀλλὰ
1410 3863 1573 3938 μόνον
1604 3863 1671 3919 τά
1702 3859 1932 3937 ἐμποδί-

281 3960 445 4022 ζοντα
531 3950 748 4008 ἔπαυσε.
835 3953 944 4010 Τὸν
1034 3952 1195 4008 αὐτὸν
1271 3953 1476 4028 τρόπον
1541 3953 1632 4007 καὶ
1689 3953 1724 4020 ἠ
1786 3948 1932 4021 δόξα,

280 4040 646 4114 ἐρεθιζομὲνη
721 4041 823 4096 ὑπὸ
890 4048 994 4111 τῆς
1060 4039 1383 4112 αἰσθήσεως,
1441 4035 1747 4115 προϐάλλει
1812 4037 1938 4101 τοὺς

278 4130 492 4203 λόγους
539 4135 646 4184 τῶν
703 4125 890 4187 ὅντων.
949 4130 1108 4188 Οὕτω
1137 4131 1228 4186 καὶ
1257 4129 1385 4194 τοὺς
1416 4127 1778 4190 διδασκάλους
1811 4127 1938 4206 φασὶ

283 4221 368 4291 μή
428 4220 530 4288 τήν
577 4224 778 4294 γνῶσιν
816 4222 952 4294 ἡμῖν
1011 4218 1298 4292 ἐντιθέναι,
1354 4219 1500 4275 ἀλλὰ
1555 4220 1654 4288 τὴν
1721 4215 1941 4272 ἐνοῦσαν

279 4310 430 4381 ἡμῖν
473 4309 563 4362 καὶ
610 4309 724 4362 οἷον
775 4309 1182 4382 κρυπτομένην,
1244 4308 1535 4388 ἐκφαίνειν
1582 4306 1698 4362 insi
1758 4305 1803 4360 εἷ
1863 4307 1939 4380 μὴ

279 4399 427 4467 ἦσαν
467 4395 525 4451 ἐν
576 4399 714 4469 ἡμῖν
761 4399 812 4452 oi
843 4402 948 4453 τῶν
978 4393 1150 4453 ὄντων
1179 4397 1358 4474 λόγοι,
1420 4396 1562 4453 διατί
1593 4391 1942 4461 συναισθανὸ-

286 4497 456 4560 μεθα,
511 4483 635 4541 ὅταν
695 4507 778 4546 τις
825 4487 972 4564 παρὰ
1041 4487 1141 4556 τὴν
1199 4491 1307 4542 τῶν
1385 4485 1717 4562 πραγμάτων
1787 4483 1941 4562 φύσιν

283 4574 659 4650 διαλέγηται,
711 4575 801 4630 καὶ
857 4573 1024 4632 πάλιν
1083 4577 1245 4641 πόθεν
1273 4577 1640 4653 προκρίνομεν
1689 4574 1783 4630 δύο
1826 4572 1943 4629 διας

2020 1999 2204 2071 igitur
2231 1998 2428 2071 opinio
2459 2015 2552 2056 res
2575 2017 2859 2058 sensuum
2891 2002 3160 2060 universe
3190 2006 3539 2078 cognoscit?
3567 2023 3672 2064 cur

2021 2088 2279 2144 diximus
2327 2088 2583 2144 maxime
2632 2105 2805 2162 posse
2852 2091 3216 2149 intellectum
3250 2111 3343 2151 res
3391 2111 3676 2153 sensuum

2023 2176 2293 2232 universe
2339 2176 2706 2244 concludere,
2737 2183 2802 2234 ut
2832 2179 2889 2234 in
2932 2180 3109 2236 astris
3146 2181 3488 2240 Aristoteles
3520 2185 3676 2242 fecit.

2024 2269 2165 2321 Cum
2198 2266 2351 2321 enim
2370 2265 2697 2322 orbiculata
2711 2283 2778 2322 ea
2796 2282 2924 2322 esse
2946 2269 3353 2326 demonstrare
3373 2271 3568 2339 vellet,
3588 2273 3676 2328 id-

2025 2372 2139 2428 que
2171 2371 2272 2427 per
2302 2371 2484 2410 unum
2516 2371 2586 2410 ex
2615 2354 2730 2424 bis,
2764 2355 2988 2423 lunam,
3019 2359 3416 2431 conﬁrmaret,
3449 2361 3550 2430 ait,
3581 2363 3680 2419 Re-

2025 2462 2149 2500 rum
2197 2443 2433 2512 eiusdem
2479 2445 2810 2501 substantia
2847 2445 2990 2517 quod
3035 2454 3118 2502 est
3167 2463 3229 2502 ιη
3277 2449 3488 2520 aliqua,
3521 2451 3578 2506 id
3621 2453 3684 2506 in

2025 2533 2274 2590 omnibus
2302 2549 2419 2588 esse
2447 2549 2658 2589 necesse
2686 2542 2766 2589 est
2796 2551 2815 2587 :
2847 2542 2902 2588 at
2931 2535 3174 2606 ejusdem
3211 2552 3326 2592 esse
3353 2540 3684 2597 substantiae

2027 2627 2180 2678 astra
2217 2638 2402 2676 omnia
2431 2621 2858 2678 demonstratum
2891 2626 2989 2678 est.
3034 2625 3170 2679 Cum
3204 2625 3378 2695 igitur
3403 2628 3682 2684 orbicula-

2027 2729 2142 2768 rem
2185 2727 2299 2767 esse
2346 2713 2537 2766 lunam
2587 2711 3032 2767 demonstratum
3078 2714 3173 2783 sit,
3205 2713 3271 2770 de
3312 2716 3445 2771 aliis
3493 2717 3685 2774 itidem

2027 2802 2192 2856 astris
2216 2803 2466 2871 confecta
2509 2817 2596 2856 res
2627 2805 2725 2867 est,
2758 2817 2824 2856 ea
2864 2818 2981 2857 esse
3009 2803 3341 2861 orbiculata.
3373 2804 3476 2860 Sed
3503 2810 3558 2862 ct
3586 2809 3686 2880 qui

2025 2893 2245 2960 fumum
2295 2889 2460 2959 videt,
2510 2891 2592 2944 ibi
2644 2891 2810 2945 etiam
2867 2890 2991 2960 loci,
3051 2893 3234 2963 ignem
3285 2911 3403 2952 esse
3450 2896 3682 2968 colligit.

2029 2978 2274 3047 Quando,
2325 2978 2529 3049 inquit,
2559 2979 2746 3048 fumus
2791 2987 2892 3046 est,
2925 2982 3108 3036 omnis
3154 2990 3339 3039 autem
3384 2987 3570 3055 fumus
3613 3001 3684 3041 ex

2026 3069 2153 3136 igni
2187 3075 2285 3122 est.
2327 3067 2386 3121 In
2431 3069 2680 3136 fumante
2726 3068 2903 3135 igitur
2933 3068 3068 3138 loco,
3122 3072 3266 3141 ignis
3309 3076 3410 3127 est.
3462 3073 3682 3130 Forsan

2030 3154 2229 3226 igitur,
2262 3153 2416 3224 quod
2449 3152 2810 3208 intellectum
2845 3154 3104 3212 diximus
3134 3174 3307 3228 posse
3337 3159 3408 3214 de
3431 3159 3684 3230 quibus-

2032 3243 2168 3298 dam
2196 3241 2397 3297 sensui
2428 3241 2696 3312 objectis,
2719 3241 2827 3298 etsi
2853 3260 2966 3298 non
2994 3245 3064 3300 de
3091 3245 3390 3312 omnibus,
3414 3247 3688 3304 universe

2033 3330 2400 3399 concludere,
2435 3334 2820 3401 praetereaque
2853 3333 3054 3388 anima
3103 3334 3348 3390 rationis
3396 3335 3688 3408 particeps

2037 3436 2230 3475 rerum
2263 3419 2320 3472 in
2353 3435 2415 3474 se
2438 3419 2692 3474 rationes
2717 3419 2892 3474 habet
2922 3421 3132 3477 insitas
3163 3438 3175 3477 :
3209 3425 3362 3493 quod
3391 3440 3526 3480 vero
3557 3441 3689 3480 ma-

2037 3509 2197 3564 teriae
2221 3509 2499 3562 immersa
2519 3507 2618 3572 sit,
2638 3506 2817 3564 veluti
2847 3509 2956 3565 sub
2989 3515 3205 3566 terram
3228 3513 3462 3569 defossa
3482 3518 3590 3579 est,
3630 3518 3693 3569 ut

2040 3598 2231 3652 cinere
2251 3594 2518 3666 sepultus
2542 3595 2714 3667 ignis.
2741 3596 3246 3660 Quemadmodum
3267 3600 3468 3673 igitur,
3487 3602 3538 3658 si
3559 3600 3692 3672 quis

2041 3687 2294 3742 cinerem
2329 3683 2568 3756 paulum
2615 3685 2946 3754 dimoverit,
2978 3687 3236 3745 scintilla
3265 3689 3422 3746 illico
3451 3691 3644 3747 elucet
3676 3708 3691 3748 :

2043 3773 2362 3830 scintillam
2411 3778 2605 3828 tamen
2657 3791 2772 3829 non
2806 3774 2958 3844 fecit,
2990 3777 3089 3848 qui
3139 3777 3393 3834 cinerem
3425 3779 3692 3847 dimovit,

2043 3864 2144 3919 sed
2181 3865 2409 3917 tantum
2436 3861 2859 3934 impedimenta
2881 3864 3126 3921 removit
3155 3881 3170 3920 :
3205 3867 3276 3923 ad
3296 3884 3431 3923 eum
3456 3869 3698 3925 modum

2044 3957 2102 4008 et
2131 3951 2325 4022 opinio
2355 3967 2384 4005 a
2411 3966 2588 4006 sensu
2621 3951 2888 4020 excitata,
2938 3969 3134 4010 rerum
3166 3957 3424 4013 rationes
3455 3957 3693 4029 profert.

2047 4043 2134 4098 Ita
2162 4045 2217 4095 et
2248 4040 2567 4111 magistros
2597 4041 2804 4096 dicunt
2833 4043 3222 4114 cognitionem
3256 4045 3425 4102 nobis
3457 4063 3572 4102 non
3605 4046 3701 4102 in-

2047 4130 2204 4198 dere,
2236 4127 2338 4182 sed
2390 4145 2515 4198 qua:
2561 4129 2732 4184 nobis
2780 4129 2953 4200 inest,
3004 4136 3062 4187 et
3102 4131 3281 4188 veluti
3335 4134 3547 4190 obruta
3591 4141 3702 4203 est,

2047 4234 2174 4274 eam
2209 4217 2466 4288 proferre
2496 4233 2563 4272 ac
2601 4219 2907 4273 ostendere
2935 4235 2947 4273 :
2982 4221 3123 4289 quia
3152 4219 3263 4275 nisi
3308 4221 3476 4277 nobis
3507 4237 3704 4278 rerum

2052 4305 2308 4362 rationes
2337 4305 2618 4373 inessent,
2665 4307 2840 4370 unde,
2873 4323 3005 4362 cum
3057 4307 3272 4380 aliquis
3302 4325 3606 4382 perperam
3639 4327 3707 4366 ac

2054 4400 2264 4469 praeter
2295 4410 2493 4448 rerum
2528 4399 2798 4449 naturam
2843 4396 3100 4464 disserit,
3134 4397 3426 4454 sentimus
3456 4400 3710 4455 omnes?

2055 4501 2284 4549 rursus,
2317 4499 2423 4539 cur
2450 4483 2520 4538 de
2565 4482 2816 4552 duobus,
2851 4483 2952 4556 qui
2999 4485 3319 4557 disserunt,
3352 4487 3454 4559 qui
3483 4486 3714 4560 potiora

2057 4574 2220 4640 dicit,
2260 4590 2394 4629 eum
2428 4572 2596 4628 alteri
2646 4573 3108 4646 anteponimus?
3158 4576 3214 4630 Si
3247 4577 3406 4633 enim
3456 4577 3620 4634 nulla
3647 4576 3709 4632 in

285 4639 769 4738 lsyop'évwv,'tev
819 4665 886 4720 τὰ
942 4639 1469 4741 ἀμείνωῗλέγόντάς
1524 4639 1584 4722 [iii
1613 4665 1714 4742 γὰρ
1758 4661 1928 4738 μηδεὶς

2061 4663 2230 4719 nobis
2264 4679 2459 4718 rerum
2491 4663 2640 4717 ratio
2675 4661 2900 4731 fuisset,
2939 4680 3064 4736 quae
3095 4682 3130 4720 a
3157 4665 3586 4722 disserentibus
3615 4682 3712 4722 ex-

281 4756 357 4825 ἧν
412 4753 538 4827 παρ’
593 4754 733 4826 ἡμῖν
783 4757 889 4809 τῶν
945 4755 1280 4831 πραγμάτων
1332 4755 1498 4831 λόγος
1530 4801 1543 4820 ,
1599 4755 1658 4817 ὃς
1708 4753 1944 4826 ἐρεθιζό-

287 4861 460 4917 μενος
518 4841 624 4896 ὑπὸ
679 4846 786 4897 τῶν
845 4840 1402 4920 προσδιαλεγομένων
1461 4841 1792 4915 ἀνέλαμπεν,
1851 4841 1951 4896 οὑκ

285 4930 353 4987 ἂν
441 4929 730 5002 ἀληθεύειν
806 4929 964 4988 τόνδε
1045 4929 1205 4988 τοῦδε
1284 4929 1495 5005 μᾶλλον
1572 4930 1608 4999 ἢ
1664 4927 1950 5004 ψεύδεσθαι

283 5024 585 5078 κατανοεῖν
640 5017 976 5096 ἠδυνάμεθα.
1037 5018 1223 5084 Οὕτως
1283 5019 1374 5075 οὖν
1431 5020 1523 5075 καὶ
1571 5021 1606 5087 ἡ
1669 5017 1797 5090 δόξα
1851 5025 1952 5088 τῆς

288 5109 608 5179 αἰσθήσεως
673 5108 980 5183 μαθούσης,
1036 5107 1118 5164 ὅτι
1177 5110 1206 5164 ὁ
1258 5106 1407 5164 δεῖνα
1453 5108 1542 5163 καὶ
1597 5109 1626 5163 ὁ
1679 5105 1826 5163 δεῖνα
1880 5103 1958 5161 δί-

290 5221 409 5255 που
449 5243 463 5266 ,
522 5196 856 5273 ἐρεθισθεῖσα
913 5199 1004 5256 ὑπ’
1059 5196 1228 5268 αὐτῆς
1295 5197 1607 5270 ἀνεμνήσθη
1642 5241 1658 5268 ,
1726 5198 1808 5252 δτι
1867 5197 1957 5251 καὶ

292 5294 406 5344 πᾶν
458 5286 522 5341 τὸ
571 5286 812 5364 ὁμοφυές
869 5283 1082 5360 δίπουν,
1140 5285 1354 5360 μᾶλλον
1417 5284 1474 5341 δὲ
1523 5286 1957 5364 προσφυὲστερον

295 5378 502 5447 εἰπεῖν,
553 5380 724 5431 ταῦτα
772 5377 948 5432 κοιναί
997 5373 1129 5431 εἰσιν
1174 5372 1372 5432 ἔννοιαι
1420 5376 1509 5431 καὶ
1554 5380 1651 5430 τοῦ
1698 5379 1794 5430 νοῦ
1826 5375 1961 5430 ἀπο-

297 5466 640 5537 σκιάσματα.
725 5469 834 5521 Πᾶν
881 5465 986 5542 γὰρ
1041 5464 1173 5542 ὅπερ
1215 5461 1378 5539 (ἴσμεν
1435 5469 1678 5536 κρεῖττον
1736 5462 1771 5532 ἢ
1829 5463 1964 5519 κατὰ

293 5549 603 5626 ἀπόδειξιν,
681 5556 841 5609 τοῦτο
891 5553 1028 5610 κατὰ
1068 5553 1255 5624 κοινὴν
1309 5551 1519 5610 ἔννοιαν
1566 5551 1724 5627 ’ἴσμεν
1753 5571 1765 5582 ·
1823 5551 1855 5605 ἆ
1908 5549 1966 5607 δὲ

299 5641 528 5714 δείξεως
602 5638 772 5697 δεῖται
831 5642 907 5706 εἰς
961 5642 1024 5697 τὸ
1075 5643 1434 5719 γνωσθῆναι,
1508 5641 1591 5698 ὅτι
1641 5637 1848 5698 τοότων
1901 5639 1967 5695 τὰ

641 5771 903 5834 ΡΑτιιοι..
952 5773 1063 5836 Gs.
1109 5770 1342 5836 CXXII.

2058 4753 2236 4808 citata
2255 4750 2602 4820 refulsisset,
2631 4768 2936 4822 nunquam
2959 4753 3184 4810 veriora
3206 4753 3303 4810 illo
3325 4755 3482 4811 hunc
3498 4755 3714 4826 dicere,

2060 4839 2147 4896 vel
2181 4838 2439 4906 mentiri,
2472 4840 2934 4897 animadvertere
2956 4844 3378 4914 potuissemus.
3411 4844 3507 4900 Sic
3536 4843 3717 4916 igitur

2061 4928 2282 5002 Opinio,
2317 4927 2658 4999 ubijsensus
2689 4931 2946 5002 percepit
2975 4931 3134 4988 hunc
3163 4936 3220 4990 et
3247 4931 3413 4988 illum
3441 4932 3716 5006 bipedem

2063 5031 2215 5088 esse,
2249 5019 2321 5074 ab
2350 5035 2416 5075 eo
2447 5019 2720 5087 excitata,
2769 5019 3172 5078 reminiscitur
3214 5037 3420 5078 omnes
3448 5022 3716 5094 ejusdem

2066 5109 2302 5182 generis
2334 5107 2572 5179 bipedes
2599 5125 2744 5165 esse.
2777 5111 2846 5165 At
2875 5111 3309 5167 accomodatius
3341 5111 3413 5167 ad
3446 5116 3719 5168 naturam

2067 5199 2318 5264 dicatur,
2355 5196 2459 5254 bas
2507 5213 2635 5253 esse
2684 5215 3032 5256 communes
3081 5201 3372 5267 notiones,
3401 5204 3456 5256 et
3505 5198 3723 5256 mentis

2071 5286 2550 5344 adumbrationes
2603 5290 2780 5358 atque
2825 5288 3165 5346 simulacra.
3216 5287 3512 5361 Quidquid
3563 5287 3723 5345 enim

2070 5375 2285 5432 melius
2299 5391 2475 5446 quam
2493 5392 2597 5446 per
2612 5375 3173 5434 demonstrationem
3196 5376 3502 5447 scimus,id
3523 5395 3728 5435 secun-

2071 5465 2212 5520 dum
2246 5479 2620 5520 communem
2655 5465 2953 5522 notionem
2986 5465 3227 5522 scimus.
3255 5469 3394 5534 Quae
3412 5471 3606 5524 autem
3630 5465 3728 5523 de-

2075 5552 2500 5611 monstratione
2543 5552 2812 5627 indigent
2856 5562 2921 5610 ut
2967 5560 3415 5627 cognoscantur,
3445 5555 3726 5628 quoniam

2076 5643 2280 5700 horum
2307 5641 2714 5699 conclusiones
2728 5643 2874 5699 citra
2894 5643 3558 5713 demonstrationem,ea
3579 5640 3732 5699 scire

3335 5773 3412 5833 33
