4054 6200
444 305 594 367 1035

1776 303 2188 367 MICHAELIS
2236 304 2501 364 PSELl.l

3692 303 3852 367 1θίίὸ

434 435 728 506 opinionis
745 441 853 493 est.
878 438 1193 494 Potestates
1211 441 1390 511 igitur
1413 441 1633 496 ratione
1657 440 1930 513 praeditas,
1956 455 2050 508 qui

2163 497 2167 504 ν
2199 454 2627 509 συμπερασματα
2659 434 2835 510 χωρὶς
2869 431 3218 505 ἀποδείξεως,
3252 429 3409 509 ἔργον
3445 431 3554 488 ἰστὶ
3585 440 3687 504 τῆς
3746 430 3846 490 δό-

436 526 505 581 ad
538 525 925 600 cognitionem
961 529 1228 594 tendunt,
1261 530 1348 585 hac
1379 535 1537 585 sunt.
1575 528 1853 585 Etlcctivre
1886 531 2081 583 autem

432 620 591 681 sunt,
624 614 896 671 voluntas
927 621 981 672 et
1003 616 1225 673 electio.
1251 619 1317 673 Et
1341 619 1608 675 voluntas
1636 619 1871 690 quidem
1898 616 2083 672 solius

429 709 517 760 est
543 704 717 771 boni;
752 704 955 761 electio
990 706 1044 761 in
1074 710 1389 777 utrumque
1421 708 1763 779 propendet.
1784 708 1861 762 Ac
1885 705 2083 760 volun-

429 797 519 849 tas
554 794 809 865 profecto
841 794 969 865 ipsa
1003 812 1102 865 per
1142 813 1225 860 se,
1258 802 1347 853 est
1377 798 1585 852 animae
1620 796 1841 853 ratione
1873 793 2077 865 prredi-

427 886 535 949 tm;
570 882 771 939 electio
800 899 936 938 vero
986 884 1114 953 ejus
1166 902 1291 956 quae
1328 886 1571 941 rationis
1605 886 1893 941 defectum
1939 900 2075 941 con-

428 987 640 1028 nexum
674 971 865 1028 habet.
901 972 1042 1027 Cum
1080 974 1335 1044 primum
1371 974 1524 1029 enizr.
1559 979 1719 1032 extra
1750 972 2076 1046 generatio-

426 1077 555 1118 ncm
593 1065 683 1117 est
725 1060 943 1130 anima,
976 1062 1101 1117 sola
1148 1063 1448 1121 voluntate
1480 1064 1619 1136 agit,
1655 1064 1710 1120 in
1766 1062 1890 1120 solo
1919 1064 2072 1119 cnim

426 1149 575 1207 bono
606 1155 945 1220 occupatur.
980 1156 1050 1208 At
1084 1153 1179 1207 ubi
1214 1153 1270 1207 in
1305 1154 1679 1224 generatione
1710 1151 1902 1217 fuerit,
1937 1151 2075 1223 quia

423 1236 505 1293 illi
554 1243 984 1295 connectuntur
1028 1246 1341 1312 potestates
1392 1242 1632 1299 rationis
1682 1245 1969 1312 expertes,
2001 1240 2073 1296 ob

419 1343 516 1385 eas
549 1344 697 1399 quas
746 1328 1058 1385 aiferemus
1105 1347 1334 1395 causas,
1372 1336 1510 1387 tunc
1543 1331 1671 1401 ejus
1704 1330 1911 1401 partis,
1944 1346 2070 1399 quas

418 1414 663 1472 rationis
683 1420 773 1472 est
800 1433 1025 1488 expers,
1050 1419 1428 1485 connexione,
1453 1425 1681 1475 tantum
1707 1418 1859 1474 valet
1881 1434 2070 1488 quan-

415 1507 539 1557 tum
572 1503 778 1559 electio
814 1523 825 1558 :
861 1522 1038 1576 quare
1090 1508 1383 1563 interdum
1432 1515 1563 1563 ante
1598 1507 1839 1563 rationis
1874 1508 2067 1560 defcc-

415 1597 564 1665 tum,
602 1594 893 1651 interdum
936 1600 1069 1651 ante
1124 1598 1409 1653 rationem
1460 1598 1671 1653 accidit
1707 1615 1717 1651 :
1752 1601 1927 1667 atque
1960 1595 2068 1650 hoc

414 1681 498 1736 illi
540 1686 914 1754 prmoptatur.
950 1684 1045 1741 Has
1076 1684 1272 1758 itaque
1321 1691 1461 1742 sunt
1493 1685 1806 1742 rationales
1858 1684 2065 1741 animae

414 1770 743 1827 facultates.

482 1897 920 1955 Irrationahiles
950 1914 1105 1967 vero,
1154 1900 1243 1956 hae
1273 1906 1413 1957 sunt
1463 1904 1882 1973 cognoscentes
1931 1900 2061 1970 qui-

412 1985 566 2052 dem,
598 1985 905 2057 phantasia
934 1992 990 2044 et
1020 2000 1251 2053 sensus,
1286 2006 1413 2061 quas
1462 1990 1611 2045 inter
1641 2006 1703 2045 se
1735 1989 2012 2046 differunt
2043 2005 2057 2045 :

412 2090 622 2131 sensus
640 2074 797 2131 enim
817 2076 889 2131 ad
907 2093 997 2132 res
1010 2083 1276 2134 externas
1300 2079 1578 2150 pertinet;
1605 2078 1914 2149 phantasia
1927 2094 2059 2133 vero

410 2161 767 2218 intrinsecus
797 2163 976 2219 habet
1022 2166 1440 2238 cognitionem.
1475 2168 1544 2223 Et
1575 2184 1785 2223 sensus
1819 2167 2056 2238 quidem

410 2267 528 2307 rem
563 2256 794 2307 tantum
826 2259 1188 2323 praesentem,
1220 2261 1277 2311 et
1301 2273 1478 2327 quam
1510 2256 1873 2313 extrinsecus
1904 2256 2055 2312 acci-

414 2341 519 2413 pit,
553 2341 711 2398 novit
742 2359 754 2398 :
790 2343 1102 2413 phantasia
1128 2361 1283 2413 vero,
1308 2363 1434 2418 quae
1465 2363 1657 2402 rerum
1693 2346 1892 2402 sensui
1925 2346 2055 2402 sub-

398 2434 690 2503 jectarum
716 2432 933 2489 formas
957 2451 990 2488 a
1010 2451 1189 2490 sensu
1222 2436 1465 2507 accepit,
1489 2453 1587 2491 eas
1604 2435 1662 2491 in
1687 2453 1749 2491 se
1773 2436 2005 2506 reﬁngit
2037 2454 2049 2490 :

405 2522 561 2577 unde
588 2514 647 2577 et
675 2521 864 2592 ipsam
888 2522 1185 2593 patibilem
1211 2528 1466 2580 mentem
1492 2524 1829 2580 Aristoteles
1854 2523 2052 2595 appel-

405 2610 571 2680 lavit,
603 2618 859 2667 mentem
892 2612 1153 2682 quidem,
1190 2618 1253 2669 ut
1282 2630 1409 2683 quas
1442 2614 1601 2668 intus
1633 2612 1862 2681 habeat,
1894 2615 2049 2684 quod

401 2700 719 2774 cognoscit,
763 2706 820 2757 et
868 2702 1121 2773 simplici
1166 2704 1563 2775 aggressione,
1600 2708 1663 2759 ut
1711 2720 1897 2770 mens,
1932 2721 2048 2760 rem

398 2791 714 2850 adoriatur.
742 2791 1046 2846 Patibilem
1079 2809 1233 2863 vero,
1267 2792 1403 2863 quia
1436 2798 1567 2865 post
1600 2799 1899 2865 acceptam
1935 2794 2048 2849 for-

396 2897 577 2949 mam,
612 2896 799 2952 neque
843 2880 970 2935 sine
1020 2881 1234 2953 specie.
1272 2882 1583 2937 Phantasia
1633 2899 1802 2953 porro
1848 2887 2048 2938 vocata

394 2975 501 3038 est,
527 2970 697 3042 quasi
721 2968 1123 3040 phantastasia
1148 2971 1435 3041 quaedam.
1459 2971 1532 3026 Ea
1553 2971 1709 3028 enim
1737 2976 1827 3025 est
1851 2971 1905 3026 in
1930 2988 2044 3043 qua

395 3057 817 3130 stantspecies,
843 3058 963 3114 sive
986 3076 1111 3130 quis
1144 3065 1580 3130 apparuerunt;
1618 3060 1773 3115 sistit
1795 3059 1949 3115 enim
1984 3060 2041 3115 in

395 3166 457 3207 se
486 3151 636 3222 ipsa,
667 3166 794 3220 quas
825 3150 1191 3204 extrinsecus
1212 3149 1335 3205 visa
1366 3154 1524 3205 sunt.
1565 3150 1819 3221 Utraque
1843 3154 2036 3205 autem
2072 3174 2115 3240 α

394 3240 656 3312 ipsarum
688 3240 759 3294 ad
792 3256 883 3294 res
927 3238 1306 3308 particulares
1352 3240 1701 3295 extenditur.
1738 3245 1854 3296 Hoc
1882 3239 2039 3295 enim

396 3330 595 3386 album
628 3332 739 3395 est,
786 3337 844 3383 at
877 3345 988 3384 non
1032 3345 1203 3383 omne
1252 3329 1472 3383 album.
1511 3328 1793 3384 Diti‘erunt
1821 3334 2043 3394 autem,

397 3420 536 3491 quia
582 3436 696 3474 una
746 3419 901 3490 quod
950 3418 1314 3473 extrinsecus
1360 3424 1465 3487 est,
1499 3418 1614 3473 alia
1662 3419 1814 3489 quod
1847 3418 2043 3489 intus,

398 3509 555 3565 novit
587 3526 601 3564 :
634 3512 690 3563 et
717 3507 1026 3579 phantasia
1057 3509 1295 3579 quidem
1320 3509 1582 3579 quinque
1612 3523 1894 3563 sensuum
1919 3523 2046 3579 spe-

393 3599 511 3656 cies
542 3596 746 3669 recipit
767 3614 778 3652 :
799 3601 857 3651 at
878 3595 1094 3667 singuli
1129 3612 1337 3651 sensus
1361 3596 1659 3668 proprium
1684 3595 1875 3651 solum
1904 3596 2043 3651 sub-

383 3688 601 3757 jectum
636 3690 869 3740 norunt.
898 3684 1312 3754 Appetentium
1336 3701 1470 3739 vero
1495 3689 1552 3737 et
1574 3684 1835 3740 vitalium
1862 3683 2042 3739 facul-

388 3778 600 3839 tatum,
627 3773 740 3828 alia
770 3778 859 3828 est
888 3773 1169 3841 irascens,
1194 3772 1305 3827 alia
1335 3772 1886 3842 concupiscensﬂic
1910 3790 2042 3829 vero

390 3861 914 3934 quaesieritaliquis
926 3878 1030 3915 cur
1046 3860 1307 3915 diversas
1328 3862 1609 3915 iaciamus
1626 3861 2042 3933 concupiscen-

392 3957 509 4007 tem
540 3955 598 4005 et
642 3950 988 4005 irascentem
1023 3963 1037 4002 :
1073 3948 1358 4018 numquid
1413 3949 1570 4003 enim
1608 3950 1862 4005 irascens
1906 3966 2042 4005 eum

392 4040 593 4094 ulcisci
626 4038 898 4110 cupitqui
922 4036 1352 4109 priorlzeserit‘?
1385 4054 1574 4093 nonne
1591 4043 1647 4092 et
1679 4038 1842 4105 ratio,
1867 4039 2042 4094 disci-

395 4128 587 4201 plinas
616 4133 673 4183 et
704 4143 899 4183 rerum
931 4125 1482 4198 contemplationem
1515 4128 1779 4198 expetit?
1809 4129 1909 4183 sed
1955 4144 2042 4182 re-

394 4217 651 4289 spondeo
682 4232 812 4272 esse
840 4215 1376 4285 concupiscentiam
1410 4214 1597 4270 latiori
1632 4216 1886 4286 quodam
1921 4232 2043 4270 mo-

395 4309 468 4363 do
514 4310 835 4379 acceptam,
883 4304 1055 4360 aliam
1107 4302 1384 4359 strictiori
1434 4308 1491 4359 et
1543 4304 1731 4376 magis
1784 4305 2041 4377 proprio.

392 4396 894 4461 Quemadmodum
917 4394 1098 4465 igitur
1118 4393 1423 4466 dispositio
1451 4396 1843 4449 communiter
1865 4395 2043 4450 etiam

392 4489 461 4542 de
483 4487 687 4543 habitu
706 4486 943 4551 dicitur,
962 4483 1192 4556 proprie
1211 4500 1343 4539 vero
1367 4501 1495 4555 quas
1519 4485 1590 4538 ab
1614 4485 1819 4541 habitu
1840 4490 2045 4541 contra

389 4574 769 4646 distinguitur
802 4591 814 4628 :
851 4572 1123 4627 similiter
1144 4573 1621 4643 concupiscentia
1651 4572 2044 4628 communiter

390 4665 604 4718 dicitur
632 4665 703 4719 de
740 4663 1017 4718 omnibus
1066 4660 1275 4723 animus
1325 4663 1738 4731 potestatibus,
1770 4663 2037 4718 strictius

385 4770 520 4810 vero
552 4758 608 4809 et
639 4752 921 4824 pressius,
954 4767 1042 4816 ea,
1074 4766 1202 4821 quae
1246 4750 1523 4805 irascenti
1571 4751 1907 4822 opponitur.
1942 4750 2039 4807 Hae

387 4844 582 4915 itaque
614 4845 753 4897 sunt
783 4841 992 4897 animae
1017 4844 1334 4911 potestates
1352 4844 1477 4893 tum
1513 4840 1738 4896 ratione
1759 4840 2035 4911 praditaa,

388 4939 514 4989 tum
537 4931 986 4989 irrationabiles.
1008 4934 1221 4986 Praeter
1240 4930 1347 4985 has
1370 4935 1565 4987 autem
1588 4929 1710 4985 aliis
1735 4935 1894 4997 sunt,
1912 4949 2037 5003 qua)

386 5028 725 5096 vegetantes
755 5022 1053 5089 dicuntur,
1084 5025 1203 5075 tres
1229 5040 1242 5087 ;
1292 5018 1484 5084 altrix,
1516 5019 1779 5091 inquam,
1810 5022 2035 5077 auctrix

387 5119 442 5170 et
473 5112 744 5187 genitrix.
784 5111 1136 5183 Vegetantes
1184 5114 1486 5178 vocantur,
1519 5109 1659 5181 quia
1689 5109 1776 5171 his
1808 5109 1945 5166 solae
1974 5109 2033 5167 in

389 5204 606 5275 plantis
651 5201 1113 5273 conspiciuntur.
1171 5198 1447 5253 Homines
1489 5198 1668 5269 igitur
1713 5216 1945 5265 sumus,
1977 5204 2035 5255 et

388 5291 688 5363 animalia,
718 5297 777 5347 et
808 5290 1039 5362 planta».
1091 5293 1216 5351 Qua
1263 5286 1553 5355 homines,
1586 5288 1850 5354 rationis,
1884 5305 2034 5360 quas

386 5385 617 5450 vocant,
661 5378 1048 5451 potestatibus
1090 5376 1312 5448 praediti
1344 5392 1590 5443 sumus;
1625 5376 1698 5431 iis
1740 5393 1872 5433 vero
1904 5393 2035 5449 qua)

387 5471 610 5525 ratione
640 5473 857 5536 carent,
888 5485 1007 5539 qua
1037 5465 1315 5522 animalia
1345 5482 1575 5521 sumus.
1599 5466 1722 5528 Qua
1751 5482 1886 5521 vero
1908 5465 2034 5521 ani-

349 5587 356 5593 ο
384 5576 474 5615 ma
508 5558 755 5631 prediti,
782 5556 1187 5628 vegetantibus
1209 5571 1219 5609 :
1240 5554 1434 5610 anima
1459 5555 1615 5609 enim
1639 5554 1725 5611 vel
1749 5556 1866 5609 vita
1887 5572 2030 5626 prc-

382 5649 535 5705 ditas
564 5648 741 5704 etiam
789 5645 1021 5718 plantas
1051 5644 1327 5701 dicimus.
1361 5642 1747 5699 Namanima
1776 5659 1879 5699 seu
1909 5645 2031 5701 vita

2194 527 2289 595 ξης
2322 520 2537 581 εἰδέναι.
2581 524 2648 578 Ai
2682 524 2773 596 μὶν
2822 523 2913 579 οὗν
2944 528 3051 579 τῶν
3086 521 3327 597 λογικῶν
3356 520 3652 598 γνωστικαὶ
3680 519 3843 579 δυνά-

2196 635 2337 685 μεις,
2405 612 2577 670 αὗται.
2624 613 2917 688 Πρακτικαῖ
2974 609 3031 668 δὲ
3088 612 3220 669 εἰσιν
3262 610 3525 687 βούλησις
3554 612 3644 667 καὶ
3702 632 3840 688 προ-

2190 704 2414 778 αίρεσις.
2464 703 2561 759 Καὶ
2614 705 2647 772 ἡ
2685 704 2781 775 μὲν
2818 700 3082 778 βούλησις
3118 702 3282 776 μόνον
3329 699 3441 757 ἐστὶ
3480 706 3576 757 τοῖν
3609 702 3836 777 ἀγαθοῦ,

2189 796 2221 860 ἡ
2258 790 2313 848 δὲ
2362 791 2675 868 προαίρεσις
2727 792 3163 869 ἐπαμφοτερίζον
3209 789 3298 847 καὶ
3348 792 3382 861 ἡ
3441 790 3536 863 μὶν
3570 790 3837 868 βούλησις

2188 883 2353 951 αὐτῆς
2405 884 2523 936 καθ’
2582 881 2775 950 ἑαυτῆς
2836 880 2945 936 ἐστι
2995 886 3096 953 τῆς
3157 879 3382 953 λογικῆς
3444 882 3652 955 ψυχῆς,
3700 882 3736 949 ἡ
3778 877 3834 935 δὲ

2186 971 2499 1045 προαίρεσις
2548 978 2649 1039 τῆς
2705 968 3199 1045 συμπεπλεγμένης
3253 970 3352 1038 τὴν
3406 968 3652 1045 ἀλογίαν.
3710 972 3835 1025 Ὅτε

2189 1060 2281 1130 μὲν
2311 1060 2411 1134 γάρ
2446 1060 2582 1114 ἐστιν
2638 1056 2737 1128 ἔξω
2768 1067 2865 1127 τῆς
2898 1058 3155 1133 γενέσεως
3202 1060 3236 1128 ἡ
3285 1058 3462 1134 ψυχὴ,
3515 1058 3652 1113 κατᾶ
3702 1058 3831 1132 $05-

2186 1148 2344 1219 λησιν
2382 1149 2552 1221 μόνην
2586 1148 2806 1225 ἐνεργεῖο
2865 1148 2915 1205 ἐν
2980 1148 3133 1221 μόνῳ
3190 1150 3288 1224 γάρ
3341 1147 3447 1203 ἐστι
3490 1152 3567 1217 τῷ
3622 1148 3830 1221 ἀγαθῷ.

2183 1241 2346 1296 Ὅταν
2382 1238 2438 1294 δὲ
2468 1238 2690 1313 γένηται
2752 1238 2801 1293 ἐν
2852 1242 2917 1310 τῇ
2976 1238 3195 1315 γενέσει,
3236 1232 3422 1307 ἐπειδὴ
3482 1237 3830 1310 συμπλέκον-

2180 1348 2266 1382 ται
2321 1328 2459 1402 αὐτῇ
2519 1329 2575 1384 αἱ
2635 1326 2831 1403 ἄλογοι
2864 1324 3143 1401 δυνάμεις,
3175 1324 3244 1382 δι’
3274 1325 3335 1389 ἃς
3391 1324 3617 1402 ὶροῦμεν
3654 1324 3826 1387 αἰτίας

2178 1416 2299 1474 τότε
2352 1421 2421 1490 τῇ
2471 1416 2746 1490 ἐπιπλοκῇ
2778 1423 2879 1485 τῆς
2908 1414 3115 1490 ἀλόγου
3148 1415 3324 1491 ίσχύει
3354 1416 3451 1485 τήν
3485 1414 3823 1491 προαίρεσιν.

2181 1502 2317 1558 διότι
2368 1506 2498 1559 ποτὲ
2534 1507 2626 1577 μὲν
2684 1504 2789 1577 πρὸ
2846 1508 2945 1569 τῆς
3002 1502 3253 1578 ἀλογίας,
3314 1504 3444 1557 ποτὶ
3505 1500 3561 1560 δὲ
3591 1504 3697 1577 πρὸ
3728 1506 3822 1559 τοῦ

2179 1592 2350 1670 λόγου
2383 1595 2609 1669 γίνεται,
2640 1592 2731 1647 καί
2761 1593 2989 1669 αἱρεῖται
3024 1591 3079 1647 δὲ
3113 1590 3235 1648 τάδε
3264 1593 3371 1667 πρὸ
3422 1588 3601 1647 τοῦδε.
3654 1591 3819 1649 Αὖται

2180 1684 2273 1755 μὲν
2308 1681 2398 1738 οὖν
2430 1685 2483 1737 αἱ
2514 1682 2730 1759 λογικαὶ
2759 1690 2857 1752 τῆς
2890 1685 3073 1758 ψυχῆς
3105 1681 3378 1755 δυνάμεις.

2243 1901 2365 1956 Τῶν
2400 1897 2457 1955 δὲ
2487 1898 2725 1972 ἀλόγων,
2758 1898 2814 1953 αἱ
2866 1896 2960 1971 μὲν
2996 1896 3096 1953 εἶ’σι
3150 1896 3449 1972 γνωστικαὶ
3507 1897 3628 1970 μὶν,
3684 1916 3821 1975 φαν-

2168 1986 2325 2043 τασία
2370 1989 2457 2043 καὶ
2493 1987 2743 2057 α’ίσθησις
2789 1985 3140 2065 διαφέρουσαι
3167 1984 3458 2058 ἀλλήλων,
3492 1984 3574 2042 ὅτι
3626 1986 3658 2055 ἡ
3723 1984 3824 2058 μὶν

2168 2071 2413 2145 αἴσθησις
2463 2076 2598 2149 πρὸς
2642 2077 2703 2130 τὸ
2752 2076 2905 2136 ἐκτὸς
2953 2072 3311 2130 ἀποτείνεται⁸
3362 2076 3397 2144 ἡ
3449 2071 3506 2129 δὶ
3552 2074 3824 2149 φαντασία

2168 2160 2319 2219 ἔνδον
2369 2160 2482 2240 ἔχει
2524 2167 2614 2235 τὴν
2668 2166 2889 2240 γνῶσιν.
2925 2163 3020 2220 Καὶ
3062 2166 3095 2233 ἡ
3134 2165 3227 2237 μὶν
3260 2161 3508 2234 αἴσθησις
3534 2164 3594 2217 τὸ
3644 2163 3824 2237 παρὸν

2171 2252 2357 2324 μόνον,
2409 2253 2497 2309 καὶ
2548 2255 2608 2310 οὗ
2666 2248 3125 2327 ἀντιλαμϐάνεται
3155 2249 3369 2326 ἔξωθεν,
3426 2256 3583 2309 τοῦτο
3647 2249 3819 2308 οἶδεν·

2166 2345 2199 2411 ἡ
2251 2341 2308 2398 δὲ
2366 2343 2620 2422 φαντασία
2675 2343 2822 2419 παρὰ
2881 2346 2982 2413 τῆς
3040 2342 3343 2414 αἰσθήσεως
3405 2337 3646 2400 λαϐοῦσα
3700 2347 3821 2397 τῶν

2166 2431 2433 2503 αἰσθητῶν
2488 2433 2614 2495 τοὺς
2666 2432 2890 2503 τύπους,
2948 2431 3000 2487 ἐν
3058 2432 3222 2507 ἑαυτῇ
3253 2432 3477 2493 τούτους
3533 2428 3820 2486 ἀναπλάτ-

2160 2541 2263 2580 τει.
2312 2524 2471 2580 Ὅθεν
2520 2524 2608 2578 καὶ
2643 2522 2941 2593 παθητικὸν
2998 2522 3166 2592 αὐτὴν
3198 2526 3322 2577 νοῦν
3355 2520 3511 2578 καλεῖ
3561 2522 3819 2598 Ἀριστο-

2160 2611 2347 2682 τὲλης·
2401 2612 2520 2666 νοῦν
2576 2613 2693 2685 μὲν,
2742 2612 2816 2675 ὡς
2867 2607 3013 2667 ἔνδον
3066 2609 3296 2688 ἔχουσαν
3327 2612 3388 2667 τὸ
3421 2612 3685 2687 γνωστὸν,
3714 2613 3813 2666 καὶ

2161 2698 2311 2773 ἁπλῇ
2356 2696 2643 2777 προσϐολῇ
2694 2701 2873 2776 ὥσπερ
2924 2700 3147 2769 ἐκεῖνος,
3209 2696 3634 2757 ἐπιϐάλλουσαν.
3694 2705 3809 2755 Ila-

2160 2790 2377 2859 θητικὸν
2412 2788 2468 2846 δὲ
2508 2788 2646 2846 διότι
2685 2790 2818 2863 μετὰ
2840 2789 3032 2862 τύπον,
3061 2789 3150 2846 καὶ
3200 2790 3300 2846 οὐκ
3355 2789 3811 2865 ἀσχηματίστως.

2160 2878 2404 2950 Ἐκλήθη
2466 2878 2523 2934 δὲ
2580 2880 2839 2958 φαντασία
2872 2926 2886 2952 ,
2947 2880 3112 2935 οἱονεὶ
3171 2878 3435 2955 φαντασία
3490 2901 3572 2942 τις
3632 2876 3806 2935 οὖσα·

2159 2969 2415 3045 φαντασία
2472 2970 2575 3043 γάρ
2602 2968 2743 3026 ἐστιν
2768 2972 2802 3038 ὴ
2835 2970 2941 3025 τῶν
2973 2968 3277 3048 φανθέντων
3332 2971 3536 3040 στάσις,
3593 2971 3805 3039 Ἰστησι

2154 3058 2254 3133 γὰρ
2313 3058 2363 3113 ἐν
2424 3060 2563 3132 αὐτῇ
2620 3059 2686 3113 τὰ
2732 3055 2833 3129 ἔξω
2901 3058 3147 3126 φανέντα·
3205 3057 3428 3135 ἑκατέρα
3487 3056 3545 3115 δὲ
3602 3058 3805 3128 αὐτῶν,

2154 3147 2277 3221 περὶ
2338 3152 2572 3221 μερικῶν
2631 3147 2987 3207 ἀποτείνεται.
3049 3146 3191 3207 Τόδε
3220 3151 3323 3223 γάρ
3381 3148 3444 3205 τὸ
3493 3147 3684 3203 λευκὸν
3738 3148 3801 3203 ου

2159 3237 2265 3309 μὴν
2322 3243 2423 3292 πᾶν
2472 3234 2686 3294 λευκόν.
2720 3239 3069 3315 Διαφέρουσιν
3131 3236 3211 3305 δὲ,
3256 3233 3338 3293 ὅτι
3386 3239 3421 3302 ἠ
3459 3237 3550 3309 μὶν
3582 3237 3643 3291 τὸ
3673 3234 3800 3307 ἔξω,

2153 3328 2187 3397 ἡ
2243 3323 2299 3381 δὲ
2329 3326 2389 3380 τὸ
2432 3325 2579 3391 ἐντὸς
2611 3325 2739 3384 οἶδε.
2773 3327 2880 3384 Καὶ
2927 3330 2961 3397 ἠ
3016 3328 3111 3399 μὲν
3162 3327 3440 3403 φαντασία,
3486 3332 3592 3381 τῶν
3644 3328 3801 3382 πέντε

2154 3416 2454 3485 αἰσθήσεων
2500 3413 2715 3492 δέχεται
2764 3416 2891 3479 τοὺς
2939 3416 3164 3480 τύπους*
3216 3415 3412 3487 ἑκάστη
3444 3412 3500 3472 δὲ
3546 3420 3654 3471 τῶν
3708 3416 3799 3469 αἱ-

2154 3506 2419 3576 σθήσεων,
2457 3506 2621 3578 μόνον
2652 3507 2716 3562 τὸ
2749 3503 2887 3562 ἴδιον
2936 3505 3193 3576 αἰσθητὸν
3224 3505 3500 3579 γινώσκει.
3550 3507 3675 3564 Τῶν
3737 3501 3802 3559 δὲ

2154 3596 2444 3667 ὁρεκτικῶν
2503 3596 2592 3651 καὶ
2652 3600 2917 3665 ζωτικῶν,
2951 3596 2984 3665 ἡ
3031 3594 3125 3667 μὲν
3158 3593 3268 3650 ἐστι
3300 3595 3491 3667 θυμὸς,
3524 3596 3559 3663 ἡ
3592 3591 3650 3649 δί
3680 3593 3805 3650 ἐπι-

2154 3683 2341 3755 θυμία.
2399 3686 2662 3755 Ζητήσειε
2692 3681 2737 3739 δ’
2780 3686 2838 3741 ἂν
2864 3705 2972 3751 τις,
3014 3689 3133 3746 πῶς
3161 3682 3397 3757 λὲγομεν
3426 3680 3809 3739 ἀντιδιαστέλ-

2155 3771 2336 3827 λεσθαι
2394 3774 2493 3844 τὴν
2554 3772 2843 3846 ἐπιθυμίαν
2896 3774 3106 3829 καὶτὸν
3164 3772 3357 3845 θυμόν·
3418 3772 3471 3827 τί
3521 3773 3623 3846 γὰρ
3670 3772 3812 3848 οὐχὶ

2153 3862 2293 3917 καὶὸ
2325 3863 2495 3934 θυμὸς
2528 3862 2903 3935 ἐπιθυμεῖτοῦ
2951 3861 3314 3931 ἀντιλυπῆσαι
3361 3862 3454 3917 τὸν
3511 3859 3816 3937 προλυπήο

2152 3971 2354 4021 σαντα;
2413 3952 2537 4028 οὐχὶ
2599 3952 2687 4007 καὶ
2736 3954 2765 4007 ὁ
2816 3951 2980 4026 λόγος
3012 3950 3268 4025 ἐπιθυμεῖ
3312 3956 3421 4007 τῶν
3458 3952 3812 4024 μαθημάτων

2151 4038 2241 4093 καὶ
2297 4044 2405 4095 τῶν
2465 4041 2872 4112 θεωρημάτων;
2930 4038 3073 4116 λέγω
3104 4044 3234 4115 γοῦν
3268 4040 3344 4102 ὡς
3393 4044 3555 4096 τοῦτο
3616 4036 3813 4110 λῦσαι,

2153 4126 2235 4182 ὅτι
2286 4127 2425 4183 ἐστὶν
2472 4131 2507 4197 ἡ
2555 4129 2815 4201 ἐπιθυμία
2860 4129 2949 4185 καὶ
2996 4130 3306 4204 κοινότερον
3355 4126 3651 4201 λεγομένη,
3712 4129 3811 4183 καὶ

2154 4215 2518 4291 εἰδικώτερον.
2553 4220 2754 4294 Ὠσπερ
2812 4219 2905 4275 οὗν
2953 4220 2988 4288 ἡ
3042 4216 3278 4283 διάθεσις
3310 4217 3523 4293 λέγεται
3556 4218 3649 4274 καὶ
3688 4239 3814 4274 κοι-

2152 4312 2260 4369 νῶς
2285 4309 2372 4362 καὶ
2408 4306 2493 4363 ἐπὶ
2526 4314 2623 4377 τῆς
2646 4304 2826 4381 ἕξεως,
2875 4305 3091 4385 λέγεται
3143 4307 3234 4365 καὶ
3287 4305 3496 4375 ἱδικῶς,
3554 4308 3590 4377 ἠ
3651 4306 3809 4364 ἄντι-

2154 4393 2585 4469 διαστελλομὲνη
2638 4400 2769 4472 πρὸς
2822 4398 2924 4466 τὴν
2968 4394 3099 4468 ἕξιν.
3159 4397 3317 4457 Οὕτω
3348 4396 3437 4453 καὶ
3467 4400 3501 4467 ἡ
3535 4394 3811 4471 ἐπιθυμία

2155 4483 2367 4561 λέγεται
2425 4487 2520 4559 μὶν
2575 4486 2663 4542 καὶ
2713 4491 2903 4548 κοινῶς
2960 4486 3049 4543 ἐπὶ
3106 4492 3287 4544 πασῶν
3346 4491 3453 4540 τῶν
3512 4483 3805 4560 δυνάμεων

2151 4581 2250 4643 τῆς
2308 4578 2514 4650 ψυχῆςο
2548 4573 2759 4649 λέγεται
2820 4573 2877 4631 δὲ
2932 4576 3021 4633 καὶ
3082 4574 3421 4650 ἰδικώτερον,
3454 4578 3489 4645 ἡ
3550 4574 3804 4633 ἀντιδια-

2149 4661 2493 4736 στελλομὲνη
2552 4665 2688 4741 πρὸς
2740 4664 2834 4721 τὸν
2894 4660 3083 4738 θυμόν.
3141 4663 3306 4722 Αὖται
3341 4665 3436 4737 μὶν
3469 4666 3563 4719 οὖν
3614 4666 3673 4720 αἱ
3704 4672 3805 4735 τῆς

2147 4752 2356 4827 ψυχὴς,
2391 4751 2606 4829 λογικαί
2636 4774 2696 4809 τε
2737 4754 2827 4810 καὶ
2866 4751 3059 4829 ἄλογοι
3091 4751 3369 4828 δυνάμεις.
3401 4755 3554 4829 Παρᾶ
3586 4754 3645 4809 δί
3676 4754 3798 4809 ταῦ-

2144 4861 2241 4903 τας
2316 4842 2446 4919 εἰσὶν
2519 4843 2573 4897 αἱ
2650 4842 2868 4917 φυτικαὶ
2924 4841 3259 4916 καλούμεναι
3306 4848 3472 4919 τρεῖς,
3528 4845 3794 4919 θρεπτικὴ

2147 4931 2313 5006 φημὶ,
2362 4932 2451 4988 καὶ
2484 4932 2770 5005 αὐξητικὴ,
2802 4932 2891 4988 καὶ
2929 4935 3239 5008 γιννητική.
3281 4932 3507 4989 Φυτικαί
3557 4930 3795 4988 καλοῦνο

2144 5040 2231 5075 ται
2260 5018 2399 5077 διότι
2430 5022 2584 5076 αὗται
2622 5021 2781 5095 μόναι
2811 5020 2863 5076 ἰν
2892 5027 3011 5084 τοῖς
3056 5028 3243 5099 φυτοῖς
3293 5023 3549 5098 ὁρῶνται.
3597 5023 3791 5096 Έσμὶν

2148 5106 2238 5163 οὖν
2281 5111 2371 5164 καί
2422 5106 2697 5186 ἄνθρωποι
2750 5111 2839 5168 καὶ
2892 5115 3043 5183 ζῶα,
3100 5112 3191 5168 καὶ
3250 5108 3492 5186 ἔμψυχα.
3552 5112 3659 5169 Καὶ
3718 5113 3795 5175 ὡς

2150 5198 2243 5269 μὶν
2300 5196 2578 5273 ἄνθρωποι
2620 5200 2716 5265 τὰς
2766 5200 3058 5276 εἰρημένας
3107 5196 3331 5275 λογικὰς
3376 5195 3579 5275 ἔχομεν
3630 5197 3793 5257 δυνά·

2150 5306 2288 5359 μεις’
2339 5288 2417 5350 ὡς
2466 5286 2525 5343 δὲ
2575 5294 2707 5361 ζῶα,
2736 5289 2835 5351 τὰς
2874 5288 3131 5367 ἀλόγους.
3173 5290 3263 5354 Ὠς
3294 5286 3351 5347 δὶ
3396 5284 3645 5366 ἔμψυχα,
3695 5290 3794 5355 τὰς

2144 5378 2386 5453 φυτικάς’
2441 5372 2665 5455 ἔμψυχα
2712 5380 2816 5454 γὰρ
2858 5377 3086 5455 λέγομεν
3134 5377 3226 5435 καὶ
3272 5379 3339 5435 τὰ
3385 5380 3584 5456 φυτικὰ
3660 5382 3795 5453 Ἐμο

2141 5466 2338 5541 ψύχων
2394 5467 2495 5541 γὰρ
2550 5468 2613 5522 τὸ
2669 5469 2975 5545 τρίψεσθαι,
3029 5468 3119 5523 καὶ
3177 5464 3422 5539 αὔξεσθαι
3470 5468 3561 5523 καὶ
3594 5474 3786 5543 γεννᾷν

2141 5552 2308 5624 ὅμοια
2352 5553 2583 5615 ἂαυτοῖς.
2638 5556 2860 5629 Δεγεται
2913 5552 2971 5612 δὶ
3020 5556 3108 5614 καὶ
3152 5554 3288 5613 αὖτά
3335 5559 3429 5630 ζῇν
3474 5557 3564 5613 καί
3594 5562 3791 5622 τεθνᾶ-

2138 5662 2246 5699 ναι.
2301 5643 2364 5699 Ἡ
2397 5639 2454 5698 δὶ
2486 5644 2598 5713 ζωὴ
2639 5644 2730 5701 καὶ
2778 5646 2808 5702 ὁ
2856 5644 3103 5714 θάνατος,
3157 5643 3427 5722 παρουσία
3474 5645 3563 5700 καὶ
3612 5645 3792 5705 ἆπου·
