4054 6200
184 344 343 404 103⁸7
1683 343 1782 401 DE
1827 350 1868 401 A

1983 346 2104 402 \iA.
3463 346 3621 405 1038

180 478 273 530 σία
304 474 511 551 γίνεται
550 482 651 543 τῆς
682 476 1036 550 ψυχῆς.”οσα
1070 476 1163 547 μὲν
1190 477 1285 529 οὖν
1318 473 1506 549 ἔχοοσι
1539 474 1633 536 τὰς
1666 473 1844 547 κρείτ-

1983 476 2337 531 irasditorum
2389 482 2478 533 est
2526 476 2625 540 ali,
2660 476 2880 545 augeri,
2914 491 3192 546 generare
3242 476 3335 530 sui
3378 476 3614 533 similia.

181 583 312 625 τους
346 564 505 635 ζωὰς,
548 564 599 634 ἐξ
632 563 867 638 ἀνάγκης
918 561 1009 617 καὶ
1064 564 1162 627 τὰς
1206 562 1623 638 καταδεεστέρας
1683 560 1845 637 ἔχου-

1988 582 2103 635 psse
2134 582 2366 636 quoque
2400 566 2679 620 dicuntur
2710 565 2898 619 vivere
2927 568 2998 635 :et
3032 563 3197 620 mori.
3231 564 3367 619 Vita
3398 581 3530 622 vero
3562 574 3620 622 et

184 672 297 707 σιν*
354 652 536 708 οὐκέτι
598 650 656 707 δὶ
712 652 802 707 καὶ
861 649 1153 707 ἀνάπαλιν·
1215 654 1277 708 οὐ
1331 655 1433 730 γὰρ
1477 650 1696 708 δυνατὸν
1753 652 1849 711 τὰς

1983 670 2138 720 nors,
2164 655 2370 710 anima;
2396 654 2706 726 praesentia
2737 660 2793 709 et
2818 654 3081 709 absentia
3112 658 3219 710 est.
3244 654 3615 727 Quaecunque

184 742 439 818 λογικὰς,
490 741 637 819 ἔχειν
669 739 948 815 δυνάμεις,
986 744 1061 815 μή
1095 743 1357 820 πρότερον
1413 742 1719 818 ἐσχηκότας
1750 741 1845 801 τὰς

1983 741 2139 813 gitur
2172 740 2441 797 meliores
2471 742 2621 797 vitas
2652 742 2890 812 habent,
2916 742 3233 798 deteriores
3254 758 3488 814 quoque
3510 742 3613 798 ha-

182 828 631 907 καταδεεστέραςο
686 830 879 905 ἀμέλει
925 832 1016 887 καὶ
1065 837 1172 887 τῶν
1229 832 1531 903 αἰσθήσεων
1584 832 1686 886 οὐκ
1737 826 1847 884 ἔστι

1983 846 2094 885 iere
2129 847 2366 886 necesse
2398 836 2487 886 est
2520 847 2533 888 :
2570 837 2629 887 at
2674 849 2786 886 non
2822 836 3025 887 contra
3059 850 3073 894 ;
3131 832 3253 888 fleri
3306 831 3464 888 enim
3498 848 3613 888 non

186 926 491 997 ματασχεῖν
545 928 646 991 τῆς
700 919 1032 997 κρείττονος,
1090 922 1179 976 τὸν
1247 924 1322 995 μή
1389 920 1688 997 μετέχοντα
1745 925 1845 988 τῆς

1983 924 2169 986 iotest,
2205 926 2270 975 ut
2303 921 2548 975 rationis
2601 925 2925 993 potestates
2965 921 3241 987 habeant,
3274 937 3401 993 quas
3451 922 3615 994 prius

183 1010 462 1085 χείρονος.
517 1012 657 1067 Ὅσα
710 1015 838 1086 γοῦν
883 1011 1102 1087 μετέχει
1138 1008 1337 1084 ὂψεως,
1368 1009 1536 1067 ταῦτα
1566 1009 1652 1065 καὶ
1679 1010 1849 1077 ἀκοῆς

1983 1012 2277 1068 leteriores
2303 1029 2416 1067 non
2438 1012 2813 1069 habuerunt:
2848 1012 3125 1068 nimirum
3151 1018 3209 1068 et
3230 1014 3289 1068 in
3314 1014 3616 1079 sensibus,

181 1102 276 1156 καὶ
315 1105 425 1155 τῶν
477 1098 713 1155 λοιπῶν
760 1100 848 1155 καὶ
882 1099 981 1155 ὅσα
1034 1101 1229 1171 ἀκοῆς,
1277 1105 1446 1155 ταῦτα
1494 1099 1585 1155 καὶ
1635 1099 1847 1176 ἀσφρή-

1983 1118 2129 1156 iemo
2163 1101 2420 1157 melioris
2451 1107 2540 1157 est
2563 1103 2877 1175 particeps,
2904 1104 3002 1173 qui
3037 1102 3251 1175 pejoris
3279 1120 3394 1158 non
3418 1102 3614 1159 fuerit.

185 1210 325 1254 σεως
372 1189 460 1245 καὶ
509 1191 741 1265 γεύσεως
789 1190 879 1246 καὶ
910 1190 1078 1268 ἆιρῆς,
1128 1190 1237 1265 οὐχ
1287 1192 1385 1245 ὅσα
1416 1187 1474 1245 δὲ
1505 1190 1845 1266 ὀσφρήσεως,

185 1278 276 1335 καί
326 1278 588 1354 γεύσεως,
636 1282 723 1336 καὶ
768 1279 928 1351 deis,
988 1279 1205 1344 πάντως
1259 1280 1349 1334 καὶ
1403 1280 1606 1353 ὅψεως,
1665 1276 1846 1350 ὥσπερ

186 1370 214 1424 ὁ
248 1366 517 1439 ἀσπάλαξ-
571 1366 689 1423 οὐδ’
722 1368 820 1424 ὅσα
875 1369 1041 1448 ἁφῆς,
1100 1373 1269 1424 ταῦτα
1318 1368 1407 1423 καὶ
1464 1373 1570 1422 τῶν
1633 1364 1844 1431 ἄλλων,

187 1460 308 1515 οἷον
370 1458 420 1512 o't
473 1456 725 1534 σπόγγοι,
758 1459 898 1537 ἁφῆς
954 1459 1049 1532 μὲν
1094 1458 1443 1534 μετέχουσιν,
1478 1455 1739 1529 οὐδεμιᾶς
1792 1451 1849 1509 δὶ

186 1551 294 1602 τών
347 1546 648 1619 αἲσθῆσεων
679 1564 691 1579 ·
742 1545 929 1609 ἄλλως
978 1568 1035 1603 τε
1084 1549 1186 1603 οὐκ
1234 1546 1345 1603 ἔστι
1395 1551 1681 1621 μετασχεῖν
1741 1551 1841 1613 τῆς

187 1635 521 1712 κρείττονος,
551 1636 643 1691 τὸν
680 1637 757 1710 μή
788 1644 889 1706 τῆς
922 1636 1213 1698 ἐλάττονος
1272 1634 1635 1711 μετασχόντα.
1668 1636 1844 1691 Τοῦτο

190 1723 272 1793 Si,
322 1726 433 1802 οὐχ
475 1724 556 1781 ὅτι
585 1721 796 1780 δέονται
824 1730 929 1781 τῶν
977 1722 1244 1802 χειρόνων
1278 1726 1331 1780 αἱ
1374 1724 1702 1799 κρείττονες,
1754 1721 1843 1776 ’ίνα

1957 1191 2327 1262 Quaecunque
2358 1192 2539 1264 igitur
2559 1191 2749 1247 visum
2773 1192 3011 1262 habent,
3032 1192 3153 1247 bare
3185 1196 3241 1247 et
3271 1193 3537 1248 auditum
3562 1200 3619 1247 et

1958 1280 2217 1350 reliquos
2247 1297 2458 1335 sensus
2492 1297 2505 1335 :
2540 1297 2905 1355 quaecunque
2938 1282 3454 1351 auditum,eadem
3474 1282 3613 1337 odo-

1959 1374 2173 1437 ratum,
2207 1375 2474 1441 gustum,
2504 1376 2560 1426 et
2611 1375 2831 1426 tactum
2868 1387 2880 1426 :
2916 1387 3043 1441 quae
3095 1387 3230 1427 vero
3279 1370 3612 1438 odoratum;

1957 1463 2197 1529 gustum
2229 1464 2285 1513 et
2316 1464 2562 1529 tactum,
2590 1477 2705 1515 non
2737 1477 2972 1532 semper
2991 1460 3207 1530 visum,
3235 1460 3614 1534 quemadmo-

1956 1548 2097 1601 dum
2144 1548 2301 1620 talpa
2336 1567 2348 1604 :
2384 1566 2486 1604 nec
2535 1566 2903 1622 quaecunque
2952 1554 3199 1618 tactum,
3232 1550 3437 1606 eadem
3467 1549 3613 1605 alios

1957 1653 2187 1706 sensus,
2222 1642 2287 1693 ut
2333 1640 2610 1710 spongiae,
2646 1656 2773 1711 quas
2826 1643 3049 1695 tactum
3101 1639 3337 1712 quidem
3374 1638 3612 1706 habent,

1956 1725 2211 1797 reliquos
2243 1743 2454 1782 sensus
2504 1726 2664 1782 nullo
2714 1728 2907 1783 modo.
2940 1727 3138 1800 Neque
3183 1744 3316 1783 vero
3358 1726 3613 1783 melioris

192 1815 523 1887 ὑποστῶσιν,
586 1814 731 1870 ἀλλὰ
780 1814 1116 1884 τούναντίον,
1173 1815 1235 1870 τὸ
1301 1819 1460 1888 σῶμα
1511 1812 1571 1869 οὐ
1626 1810 1844 1867 δύναται

438 1910 460 1915 ..-
584 1908 607 1915 .η
904 1904 915 1915 ρ
1151 1902 1165 1915 ι
1318 1903 1329 1915 ι
1679 1900 1698 1915 κ
1755 1896 1808 1915 οι

1988 1832 2166 1871 ensus
2212 1816 2501 1888 particeps
2550 1832 2681 1872 esse
2732 1822 2943 1889 potest,
3004 1818 3103 1890 qui
3155 1816 3460 1873 deterioris
3494 1832 3613 1872 non

196 1910 486 1980 μετασχεῖν
541 1908 648 1958 τῶν
702 1904 1048 1981 κρειττόνων,
1097 1902 1173 1976 μή
1225 1903 1491 1979 πρότερον
1538 1896 1847 1958 καταλαϐὸν

189 1999 299 2051 τῶν
354 1990 804 2069 μετάδεεστὲρων.
860 1996 984 2050 ’Ότι
1036 1989 1224 2061 ἐπειδὴ
1285 1990 1455 2066 μηδὶν
1517 1996 1626 2046 τῶν
1685 1988 1845 2046 εἰδῶν

192 2082 305 2141 ἔδει
350 2083 677 2160 φθείρεσθαι,
702 2079 794 2137 ⁸ίνα
848 2083 922 2155 μὴ
969 2079 1157 2143 ἀτελὲς
1276 2081 1339 2136 τὸ
1389 2087 1515 2136 πᾶν·
1564 2079 1849 2155 πλήρωμα

188 2174 294 2249 γάρ
353 2172 463 2228 ἐστι
519 2177 623 2227 τῶν
680 2168 840 2227 εἱδῶν
898 2172 927 2226 ὁ
987 2170 1218 2244 κόσμος.
1266 2168 1552 2228 Ἀδύνατον
1587 2168 1645 2224 δὲ
1689 2169 1751 2244 ᾖν
1782 2170 1849 2223 τὰ

193 2261 330 2317 αὐτᾶ
372 2260 547 2334 μὲνειν
592 2262 684 2316 τὸν
735 2257 963 2336 ἀριθμὸν
1015 2260 1218 2335 γενητά
1266 2280 1325 2314 τε
1374 2255 1502 2319 ὄντα
1548 2256 1636 2313 καὶ
1686 2268 1851 2335 φθαρ-

192 2351 281 2419 τὰ,
334 2350 554 2425 μετέχει
595 2350 883 2405 καὶταῦτα
936 2350 1035 2417 τῆς
1079 2345 1412 2419 ἀϊδιὸτητος,
1472 2347 1548 2409 ὡς
1590 2345 1846 2415 ἠδύνατο·

193 2439 334 2496 διότι
381 2439 472 2495 καὶ
506 2438 679 2494 πάντα
727 2437 929 2513 ἐφίεται
959 2444 1059 2507 τῆς
1088 2442 1185 2492 τοῦ
1232 2437 1455 2513 πρώτου
1515 2434 1849 2506 ἀϊδιότητος,

197 2532 275 2592 ὡς
310 2530 516 2591 οἶκείας
565 2530 765 2603 ἀρχῆς,
797 2527 887 2583 καὶ
922 2524 1141 2602 μετέχει
1171 2526 1376 2596 ταύτης
1424 2524 1670 2593 ἕκαστον,
1717 2524 1856 2579 κατα

191 2620 261 2675 τὰ
294 2620 490 2674 ἑαυτοῦ
526 2619 714 2694 μέτρα.
773 2616 876 2671 Καὶ
930 2615 1091 2671 τοῦτὸ
1152 2615 1261 2669 ἐστι
1320 2615 1382 2669 τὸ
1432 2615 1850 2688 σκοπιμώταταν

194 2710 355 2787 ἔργον
419 2716 517 2779 τῆς
578 2706 810 2785 φύσεως,
870 2706 933 2761 τὸ
994 2710 1101 2761 τῶν
1144 2708 1381 2782 φυτικῶν
1429 2701 1674 2771 ἕκαστον,
1731 2724 1855 2778 γεν-

193 2807 355 2869 νῆσαι
406 2796 570 2865 ἄλλο,
606 2796 719 2852 οἷόν
752 2796 892 2852 ἐστιν
927 2794 1077 2851 αὑτό.
1114 2795 1218 2851 Καὶ
1249 2791 1437 2862 ἐπειδὴ
1471 2791 1703 2867 δεόμεθα
1731 2813 1855 2868 γεν-

197 2891 439 2959 νήσεως,
492 2889 527 2955 ἡ
582 2883 639 2941 δὲ
681 2884 975 2961 γεννητική
1023 2881 1253 2957 δύναμις
1302 2883 1353 2937 ἐν
1400 2883 1688 2957 ὡρισμένῳ
1717 2882 1856 2958 γίνε-

200 3000 288 3034 ται
348 2977 583 3051 μεγέθει,
616 2972 705 3030 διὰ
730 2979 892 3029 τοῦτο
919 2971 1155 3047 δεόμεθα
1198 2979 1298 3043 τῆς
1330 2972 1629 3044 αὐξήσεως.
1680 2973 1857 3025 Ἐπειο

200 3066 269 3136 δὴ
337 3063 393 3120 δὲ
472 3068 507 3133 ἡ
585 3061 805 3135 αὔξησις
880 3060 970 3117 διὰ
1030 3068 1242 3136 τροφῆς
1316 3060 1683 3137 παραγίνεται,
1762 3062 1860 3127 τῆς

202 3161 504 3230 θρεπτικῆς
573 3152 737 3209 πάλιν
816 3150 1046 3226 δεόμεθα
1122 3149 1448 3224 δυνάμεως³
1533 3150 1630 3205 Διά
1695 3152 1856 3204 τοῦτο

1957 1904 2151 1959 fuerit.
2186 1911 2383 1978 Neque
2425 1904 2505 1976 id,
2538 1907 2690 1977 quod
2722 1906 3115 1966 deterioribus
3147 1906 3420 1963 meliores
3451 1905 3608 1960 indi-

1956 1999 2150 2066 geant,
2180 2002 2240 2049 ut
2270 1994 2621 2060 subsistant,
2652 1995 2753 2051 sed
2792 2000 2994 2051 contra
3022 2011 3233 2069 corpus
3266 2012 3379 2051 non
3412 1997 3605 2067 potest

1956 2082 2258 2138 meliorum
2292 2084 2581 2155 particeps
2611 2102 2761 2151 esse,
2794 2086 2851 2140 ni
2883 2085 3173 2141 deteriora
3203 2085 3369 2157 prius
3400 2102 3601 2142 susce-

1961 2171 2126 2244 perit.
2160 2171 2382 2244 Quippe
2422 2173 2700 2244 quoniam
2750 2173 2974 2229 nullam
3019 2175 3269 2247 speciem
3301 2174 3601 2245 corrumpi

1959 2262 2281 2333 oportebat,
2306 2279 2375 2317 ne
2399 2263 2797 2334 imperfectum
2822 2268 2977 2319 esset
3000 2264 3361 2336 universum,
3383 2264 3603 2337 specie-

1960 2367 2091 2406 rum
2124 2352 2274 2407 enim
2295 2351 2587 2408 absolutio
2605 2357 2662 2407 et
2692 2351 3186 2423 complementum
3210 2358 3299 2408 est
3322 2355 3601 2421 mundus,

1961 2456 2029 2496 cu
2041 2456 2213 2512 mque
2231 2440 2444 2496 eaedem
2469 2456 2713 2497 numero
2729 2458 2960 2496 manere
2974 2441 3194 2514 species
3212 2459 3325 2497 non
3343 2446 3607 2514 possent,

1965 2534 2026 2584 ut
2059 2546 2184 2601 quae
2234 2536 2585 2602 generentur
2632 2535 2688 2585 et
2737 2535 3208 2602 corrumpantur,
3242 2532 3610 2601 teternitatis,

1966 2621 2154 2690 quoad
2208 2624 2473 2690 possunt,
2526 2620 2840 2691 participes
2884 2625 3042 2675 sunt.
3094 2622 3283 2686 Quare
3329 2619 3613 2693 principis

1966 2708 2374 2774 mternitatem,
2396 2715 2451 2764 ut
2480 2726 2652 2763 suum
2681 2707 3057 2781 principium,
3086 2726 3289 2764 omnes
3315 2714 3615 2782 expetunt,

1966 2802 2023 2853 et
2055 2798 2253 2867 hujus,
2288 2797 2559 2868 quaelibet
2592 2815 2694 2869 pro
2724 2797 2894 2853 modo
2912 2802 2967 2853 et
2997 2802 3170 2871 captu
3205 2815 3333 2866 suo,
3354 2799 3419 2855 fit
3446 2798 3621 2870 parti-

1968 2903 2104 2958 ceps
2155 2888 2372 2958 Estque
2395 2886 2450 2941 id
2487 2887 2858 2958 potissimum
2888 2892 3106 2942 natura
3130 2904 3298 2960 Opus,
3324 2893 3389 2943 ut
3410 2903 3621 2944 unum-

1969 2976 2242 3048 quodque
2273 2992 2473 3030 eorum
2506 2994 2627 3046 qua)
2650 2978 2847 3031 anima
2872 2977 3110 3048 praedita
3141 2983 3299 3045 sunt,
3325 2977 3480 3033 aliud
3506 2976 3623 3043 sibi

1969 3066 2161 3120 simile
2179 3065 2383 3137 gignat
2414 3082 2426 3119 :
2461 3070 2517 3120 et
2539 3065 2813 3137 quoniam
2839 3066 3168 3122 necessaria
3187 3073 3276 3123 est
3295 3066 3617 3139 generatio,

1973 3156 2151 3225 hujus
2183 3158 2381 3211 autem
2429 3154 2515 3209 vis
2566 3155 2800 3211 nonnisi
2852 3160 3009 3213 certo
3059 3161 3116 3212 et
3163 3156 3402 3214 deﬁnito
3434 3155 3622 3213 aetatis

200 3246 387 3299 τοίνυν
453 3242 753 3317 μετέχομεν
796 3246 905 3296 τῶν
958 3245 1193 3319 φυτικῶν
1247 3237 1528 3311 δυνάμεων
1559 3238 1645 3292 καὶ
1698 3240 1863 3310 ἡμεῖς

1983 3220 2166 3315 spatio
2199 3243 2368 3310 valet,
2392 3243 2575 3314 justis
2596 3243 2724 3299 ideo
2750 3244 3121 3300 incrementis
3144 3262 3289 3315 opus
3310 3245 3621 3303 habemus.

200 3337 289 3390 καὶ
347 3334 414 3388 τὰ
466 3329 645 3406 ἄλογα
694 3336 824 3400 ζῶα,
866 3329 1025 3399 ὣστε,
1076 3329 1163 3385 ὅτε
1217 3330 1311 3405 μὲν
1364 3328 1685 3403 ἐνεργοῦμεν
1736 3324 1869 3381 κατὰ

205 3424 407 3484 ταύτας
461 3420 557 3483 τὰς
608 3418 884 3494 δυνάμεις,
944 3420 1020 3481 ὡς
1076 3418 1214 3498 φυτὰ
1252 3418 1616 3494 ἰαθεργοῦμεψ
1672 3414 1760 3471 ὅτε
1813 3412 1869 3469 δὲ

205 3514 352 3571 κατὰ
408 3513 578 3586 θυμὸν
630 3510 719 3565 καὶ
766 3510 1080 3584 ἐπιθυμίαν,
1129 3510 1202 3571 ὡς
1253 3509 1317 3562 τὰ
1367 3508 1543 3582 ἄλογα
1596 3511 1725 3575 ζῶα·
1799 3506 1871 3566 ὡς

210 3604 495 3680 ἅνθρωποι
542 3599 599 3657 δὲ
656 3599 818 3674 μόνον
864 3598 1183 3677 ἐνεργοῦμεν
1244 3597 1386 3668 τότε,
1446 3596 1534 3653 ὅτε
1590 3601 1668 3670 τῷ
1718 3594 1872 3670 λόγῳ

214 3693 565 3769 κεχρήμεθα.
600 3691 695 3746 Διὸ
723 3690 812 3747 καὶ
846 3688 1071 3751 ἀστείως
1123 3687 1244 3745 λίαν
1279 3688 1306 3741 ὁ
1362 3686 1643 3749 ΙΙλωτῖνος
1704 3685 1875 3752 εἶπεν,

217 3785 291 3847 ὡς
322 3780 441 3839 ὅσοι
472 3779 733 3855 ὶμμανῶς
764 3778 899 3834 κατὰ
947 3777 1041 3840 τὰς
1074 3776 1365 3852 θρεπτικᾶς
1418 3774 1669 3848 δυνάμεις
1730 3774 1875 3849 ἐνερ-

218 3874 438 3948 γοῦσιν,
473 3867 623 3927 οὗτοι
654 3864 1054 3925 κινδυνεύουσιν
1088 3862 1589 3941 ἀποδενδρωθῆναι.

292 4178 423 4232 Ὀτι
480 4169 722 4248 ὃιαφᾶρει
762 4173 871 4225 τῶν
926 4172 1165 4247 φυτικῶν
1226 4165 1527 4240 δυνάμεων,
1584 4170 1728 4220 τοῦτ’
1771 4164 1879 4221 ἔστι

221 4272 325 4334 τῆς
391 4262 709 4338 γεννητικῆς
767 4280 828 4314 τε
882 4258 976 4313 καὶ
1034 4264 1328 4333 θρεπτικῆς
1375 4258 1410 4325 ἡ
1443 4253 1721 4328 ἐπιθυμία.
1782 4254 1882 4309 Καὶ

224 4355 328 4428 γὰρ
386 4353 601 4427 ὁρῶμεν
648 4348 839 4418 αὐτὴν,
888 4353 1009 4409 ταῖς
1061 4344 1181 4401 δυσὶ
1232 4346 1450 4407 ταύταις
1503 4343 1885 4399 ἐπικοινωνοῦ-

226 4462 343 4497 σαν·
410 4439 533 4513 περί
588 4458 649 4493 τε
694 4436 797 4515 γὰρ
834 4437 1042 4513 τροφὰς
1103 4436 1329 4511 ἐνεργεῖ,
1375 4433 1587 4495 καὶτὰς
1638 4452 1883 4507 γεννητι-

224 4534 325 4592 κὰς
389 4525 665 4599 δυνάμειςο
712 4523 860 4594 πλὴν
926 4522 1188 4604 διαφέρει,
1235 4523 1318 4579 ὅτι
1368 4526 1403 4593 ἡ
1476 4522 1570 4596 μὶν
1626 4520 1889 4594 ἐπιθυμία

1101 4594 1269 4668 αἰνδὶ
1338 4594 1557 4689 φυτικαὶ
1612 4608 1867 4684 δυνάμεις

2001 4635 2132 4673 vero
2163 4618 2288 4671 sine
2308 4633 2481 4671 sensu
2519 4632 2530 4671 :
2567 4616 2702 4671 hinc
2720 4617 2893 4671 bruta
2920 4616 3045 4671 visa
3065 4617 3280 4673 femina
3302 4617 3361 4671 in
3380 4631 3649 4673 venerem

230 4619 373 4693 μετὰ
423 4616 724 4686 αἰσθήσεως
774 4612 979 4689 ἐνεργεῖ
1012 4632 1026 4647 ο

230 4707 356 4764 ἄνευ
417 4707 740 4776 αἰσθήσεως*
791 4700 876 4757 διὸ
933 4703 1023 4758 καὶ
1078 4702 1144 4757 τὰ
1182 4700 1376 4775 ἄλογα,
1410 4702 1474 4756 τὰ
1505 4700 1678 4771 θήλεα
1722 4702 1890 4775 ἑωρα-

227 4798 371 4853 κότα
412 4799 639 4850 κινεῖται
697 4791 833 4868 πρὸς
866 4788 1061 4866 ὄρεξιν,
1127 4788 1203 4853 ὥς
1259 4810 1318 4845 τε
1369 4790 1502 4864 μετὰ
1527 4790 1777 4867 γνώσεώς
1808 4810 1891 4844 τι-

228 4907 326 4949 νος
386 4886 422 4953 ὴ
483 4879 762 4955 ἐπιθυμία,
796 4880 922 4937 ἀλλ’
950 4880 1079 4957 οὐχῖ
1135 4880 1225 4935 καὶ
1258 4880 1312 4935 αἱ
1360 4879 1577 4954 φυτικαὶ
1612 4878 1893 4956 ἐνέργειαι.

230 4976 431 5035 Οὕτως
476 4970 669 5044 ἀμίλει
723 4968 813 5025 καὶ
858 4968 1209 5032 καθεύδοντες
1252 4967 1525 5030 πολλάκις
1579 4967 1892 5041 ικκρίνομεν

228 5065 293 5121 τὸ
354 5060 596 5135 σπέρμα,
661 5056 939 5133 μηδεμιᾶς
984 5058 1285 5130 αἰσθήσεως
1344 5058 1380 5128 ἢ
1427 5057 1716 5135 φαντασίας
1760 5075 1894 5131 προοο

233 5150 622 5231 ηγησαμένηςο
678 5146 849 5217 δῆλον
901 5146 985 5204 ὅτι
1033 5148 1170 5204 κατὰ
1214 5148 1313 5211 τὰς
1360 5147 1586 5224 (perimit;
1641 5144 1895 5231 δυναμεις

236 5230 651 5321 ἓνεργήσαντες.
678 5240 884 5314 Ὥσπερ
915 5237 1005 5292 οὖν
1038 5238 1164 5293 ὅταν
1206 5235 1236 5291 ὁ
1268 5234 1436 5310 λόγος
1494 5230 1901 5309 ἀνδραποδισθῇ

236 5331 347 5388 ὑπὸ
374 5335 481 5400 τῆς
513 5323 763 5407 ἀλογίας,
812 5326 903 5381 καὶ
954 5326 1112 5388 αὐτὸς
1160 5329 1332 5380 πᾶσαν
1364 5329 1501 5380 κινεῖ
1534 5323 1789 5399 μηχανὴν
1824 5321 1899 5384 εἷς

239 5418 603 5489 ἱκπλήρωσιν
654 5422 866 5494 τρυφῆς
910 5413 1002 5471 καὶ
1050 5409 1426 5494 ἀφροδισίων,
1482 5412 1573 5468 καὶ
1633 5411 1702 5466 οὐ
1758 5410 1905 5487 παρὰ

240 5506 412 5564 τοῦτό
438 5524 617 5585 φαμεν
672 5506 863 5562 ταυτὸν
927 5504 1058 5559 εἶναι
1106 5506 1200 5560 τὸν
1256 5502 1420 5577 λόγον
1478 5508 1596 5563 ταῖς
1654 5506 1903 5578 φυτικαῖς

246 5597 565 5670 δυνάμεσιν.
603 5591 756 5648 Οὕτω
790 5596 961 5672 φαμὲν
997 5593 1085 5649 καὶ
1120 5592 1208 5648 ἰπὶ
1238 5600 1335 5661 τῆς
1365 5591 1675 5664 ἐπιθυμίας.
1739 5589 1909 5647 Ἀλλὰ

245 5692 355 5743 τῶν
398 5686 495 5760 μὶν
533 5685 770 5763 φυτικῶν
802 5681 1080 5758 δυνάμεῶν
1114 5679 1250 5738 ἴδιον
1282 5681 1343 5736 τὸ
1402 5679 1593 5743 ἀπλως
1649 5679 1906 5758 ἐφίεσθαι,

1980 3337 2115 3399 Οἱ]ῖὲ
2136 3333 2408 3403 quoniam
2433 3332 2729 3387 alimentis
2757 3333 3134 3400 fiunt,altrice
3156 3352 3363 3389 rursus
3384 3349 3625 3406 egemus

1982 3425 2302 3493 potestate;
2337 3420 2663 3492 vegetantis
2686 3420 2867 3493 igitur
2884 3422 3086 3476 animae
3120 3426 3438 3493 potestates
3460 3421 3629 3477 nobis

1981 3527 2115 3565 cum
2148 3510 2339 3565 brutis
2370 3525 2713 3565 communes
2746 3515 2904 3576 sunt,
2930 3512 3252 3569 secundum
3285 3528 3454 3584 quas,
3487 3511 3629 3567 dum

1984 3599 2237 3672 agimus,
2273 3603 2337 3653 ut
2368 3597 2577 3671 plantae
2608 3599 2842 3671 agimus
2877 3615 2889 3655 :
2928 3600 3027 3656 ubi
3078 3617 3212 3656 vero
3243 3616 3345 3672 per
3375 3600 3547 3671 iram,
3577 3604 3636 3659 et

1985 3687 2544 3759 concupiscentiam,
2582 3692 2645 3742 ut
2693 3688 2907 3744 bruta:
2942 3688 3180 3747 demum
3230 3693 3293 3747 ut
3340 3688 3634 3759 homines,

1988 3782 2215 3835 tantum
2249 3777 2503 3850 agimus,
2546 3793 2679 3833 cum
2735 3777 2957 3835 ratione
3001 3779 3241 3835 utimur.
3274 3781 3464 3846 Quare
3492 3778 3637 3835 scits

1988 3868 2308 3925 admodum
2340 3866 2626 3937 Plotinus,
2658 3868 2757 3938 qui
2802 3867 3063 3925 altricem
3094 3868 3367 3926 virtutem
3409 3883 3636 3941 praeeu-

1989 3957 2120 4029 pide
2152 3974 2216 4012 ac
2248 3957 2464 4013 furiose
2492 3962 2821 4025 exerceant,
2843 3957 3167 4031 periculum
3200 3972 3330 4017 esse
3359 3973 3431 4016 ne
3460 3957 3520 4014 in
3544 3974 3636 4014 ar-

1991 4049 2161 4103 bores
2190 4046 2425 4102 tandem
2458 4046 2828 4117 degenerent.

2064 4171 2458 4243 Avegetantis
2506 4172 2713 4227 animae
2764 4170 3195 4238 facultatibus,‘
3218 4172 3535 4243 generandi
3586 4174 3645 4227 et

1995 4261 2210 4329 alendi,
2241 4260 2470 4315 diversa
2500 4266 2589 4315 est
2635 4260 3111 4332 concupiscentia
3144 4277 3157 4315 :
3192 4261 3343 4315 hanc
3372 4260 3528 4316 enim
3560 4259 3643 4314 vi-

1995 4351 2224 4416 demus,
2259 4365 2391 4404 cum
2424 4350 2655 4404 duabus
2688 4349 2804 4405 illis
2840 4350 3295 4405 communicare.
3323 4348 3458 4421 Agit
3487 4346 3644 4403 enim

1998 4441 2055 4495 in
2090 4438 2411 4506 alimentis,
2443 4444 2497 4494 et
2546 4439 2863 4509 generandi
2911 4438 3125 4493 virtute
3159 4453 3172 4493 :
3207 4438 3402 4494 diti‘ert
3450 4442 3647 4494 autem

2000 4528 2137 4601 quia
2185 4526 2659 4598 concupiscentia
2709 4544 2841 4582 cum
2893 4544 3073 4583 sensu
3124 4526 3262 4600 agit,
3312 4532 3649 4600 vegetantes

2002 4706 2423 4772 stimulantur;
2460 4706 2603 4760 adeo
2647 4710 2711 4759 ut
2740 4722 2871 4760 cum
2924 4705 3255 4777 cognitione
3286 4707 3541 4779 quadam
3578 4705 3655 4761 sit

2002 4794 2497 4867 concupiscentia,
2533 4794 2856 4865 vegetantis
2906 4793 3165 4851 actiones
3214 4812 3328 4850 non
3356 4795 3531 4863 item.
3568 4796 3654 4850 Ita

2002 4884 2270 4939 videlicet
2290 4883 2715 4938 dormientibus
2740 4883 2907 4939 nobis
2929 4898 3125 4939 semen
3145 4885 3493 4955 excernitur,
3518 4898 3652 4939 cum

2007 4972 2207 5028 nullus
2238 4988 2469 5036 sensus,
2507 4976 2607 5025 aut
2648 4970 2923 5043 impulsio
2956 4989 2987 5026 a
3018 4972 3206 5044 specie
3257 4970 3654 5044 praecesserit;

2007 5063 2158 5133 quod
2195 5078 2226 5115 a
2258 5061 2580 5131 vegetantis
2601 5059 2974 5115 facultatibus
2998 5060 3121 5115 fieri
3146 5061 3523 5116 manifestum
3545 5064 3655 5114 est.

2007 5150 2512 5212 Quemadmodum
2549 5150 2747 5221 igitur,
2774 5165 2906 5205 cum
2940 5166 2969 5204 τι
3003 5150 3323 5221 cupiditate
3345 5149 3494 5204 victa
3516 5146 3659 5202 ratio

2013 5240 2207 5303 fuerit,
2238 5245 2295 5294 et
2328 5239 2386 5293 in
2419 5239 2759 5294 servitutem
2796 5240 3046 5307 redacta,
3074 5243 3191 5293 tota
3223 5236 3321 5292 illa
3349 5236 3573 5309 impetu
3601 5234 3661 5290 in

2010 5327 2366 5399 voluptatem
2400 5334 2454 5383 et
2486 5345 2575 5384 res
2607 5344 2881 5384 venereae
2906 5329 3104 5395 fertur,
3135 5342 3321 5398 neque
3353 5329 3548 5382 tamen
3573 5324 3665 5380 id-

2014 5418 2167 5473 circo
2197 5418 2463 5472 eamdem
2513 5417 2707 5475 inesse
2752 5417 3037 5473 rationem
3086 5416 3393 5487 vegetandi
3423 5415 3665 5473 faculta-

2016 5506 2178 5561 tibus
2211 5506 2463 5561 dicimus
2499 5524 2512 5562 :
2548 5508 2699 5562 idem
2731 5511 2789 5562 et
2811 5506 2881 5561 de
2910 5505 3362 5576 concupiscente
3393 5504 3667 5562 dicimus.

2021 5595 2421 5665 Vegetantium
2455 5612 2585 5650 vero
2610 5595 2955 5651 facultatum
2978 5594 3276 5666 proprium
3302 5600 3410 5664 est,
3434 5594 3669 5667 simpli-

2022 5685 2163 5739 citer
2194 5690 2486 5754 appetere,
2520 5688 2576 5739 et
2606 5685 2732 5739 sine
2783 5700 2984 5753 sensu,
3016 5700 3215 5740 semen
3266 5684 3532 5741 emittere
3565 5700 3580 5739 :
3611 5686 3670 5739 at
