4054 6200
434 321 588 382 1039

1764 316 2187 376 MICHAELIS
2236 316 2502 376 PSELLI

3682 312 3848 372 1040

429 448 897 523 concupiscentis
919 448 1077 504 hunc
1091 446 1178 502 vel
1202 447 1361 503 illum
1379 448 1660 514 cibum,et
1676 447 2065 516 concubitum,

2192 443 2279 499 καὶ
2311 445 2479 519 γονὴν
2508 442 2788 518 προίεσθαι
2828 443 3255 512 ἁνεπαισθήτως·
3290 447 3389 509 τῆς
3440 438 3497 495 δέ
3549 438 3842 512 ἐπιθυμίας

431 546 606 613 atque
631 538 871 595 omnino
900 536 1279 609 voluptatem.
1314 539 1394 591 An
1443 537 1620 607 igitur
1681 554 1835 593 unus
1892 540 1982 591 est
2025 540 2080 591 et

429 630 606 700 idem,
638 629 890 684 duarum
940 626 1280 682 facultatum
1314 624 2079 698 effectus,'concupiscentis

429 724 487 776 et
513 720 873 793 vegetantis;
908 734 978 773 an
1011 716 1252 788 planum
1286 722 1372 771 est
1406 734 1520 772 non
1551 734 1679 772 esse
1710 733 1893 772 unum
1916 717 1943 770 ‘I
1976 716 2074 770 sed

428 808 610 880 hujus
626 812 855 863 tantum
873 811 982 874 est,
1009 804 1092 860 vel
1111 805 1298 870 cibus,
1326 806 1411 861 vel
1436 806 1679 862 seminis
1702 806 1921 871 ﬂuxus;
1946 821 2079 860 con-

429 896 785 970 cupiscentis
828 898 1048 960 autem,
1096 894 1414 966 voluptas:
1452 900 1516 951 ut
1566 895 1672 951 hac
1722 893 2078 967 appetentis,

431 986 819 1042 conditionem
854 986 1112 1039 nostram
1166 1000 1462 1039 servemus
1492 988 1550 1038 et
1586 984 1818 1055 generis
1849 999 2078 1038 succes-

429 1075 675 1131 sionem.
710 1075 853 1129 Cum
894 1088 1025 1127 vero
1061 1071 1206 1127 ratio
1256 1070 1565 1143 cupiditati
1619 1072 1815 1141 servit,
1850 1070 2077 1125 nullum

428 1179 557 1219 esse
588 1163 766 1233 hujus
794 1161 1039 1218 actionis
1065 1161 1366 1232 preprium
1399 1162 1574 1217 linem
1600 1162 1751 1228 dico,
1786 1160 1922 1232 quia
1945 1177 2082 1232 prae-

427 1254 515 1307 ter
544 1255 816 1307 naturam
851 1252 1112 1323 ipsorum
1148 1250 1438 1321 ejusmodi
1486 1251 1635 1306 actio
1669 1255 1776 1305 est.
1809 1253 1943 1314 Quae
1975 1266 2077 1304 au-

425 1345 543 1397 tem
568 1345 775 1412 praeter
799 1344 1071 1396 naturam
1093 1344 1251 1407 sunt,
1276 1340 1346 1394 ad
1370 1340 1538 1395 tinem
1563 1339 1709 1393 nihil
1730 1340 2077 1394 conferunt:

426 1446 563 1486 nam
600 1434 663 1485 ut
701 1428 935 1499 ancilla,
970 1446 1085 1484 non
1135 1445 1335 1497 suum,
1367 1430 1468 1484 sed
1514 1429 1854 1500 cupiditatis
1904 1428 2078 1483 ﬁnem

427 1523 671 1591 spectat,
702 1518 1079 1589 voluptatem.
1113 1518 1310 1589 Neque
1330 1535 1463 1575 vero
1494 1535 1601 1573 nos
1633 1516 1947 1588 quisquam
1977 1515 2082 1570 illa

425 1608 835 1680 imperitorum
870 1606 1178 1662 hominum
1205 1606 1573 1663 dubitatione
1597 1605 1927 1677 interpellet
1959 1621 1971 1659 ε
2006 1620 2080 1659 an

424 1695 628 1768 igitur,
661 1700 777 1751 tres
808 1695 1037 1750 animos
1085 1695 1370 1751 habemus
1398 1701 1455 1751 et
1486 1715 1519 1751 ιι
1549 1696 1737 1751 tribus
1779 1691 2082 1767 regimur?

428 1785 774 1856 Respondeo
806 1784 985 1852 enim,
1020 1786 1522 1856 quemadmodum
1577 1784 1715 1840 huic
1765 1784 2081 1855 conjuncta

428 1874 656 1946 corpori
688 1873 909 1940 anima,
945 1890 1063 1929 rem
1097 1890 1273 1929 unam
1327 1891 1460 1930 cum
1497 1891 1563 1929 eo
1598 1874 1784 1929 facere
1816 1873 2078 1941 videtur;

429 1980 493 2019 re
524 1968 714 2018 autem
750 1962 899 2035 ipsa,
934 1978 1116 2017 unum
1144 1980 1258 2018 non
1291 1968 1416 2018 est:
1444 1963 1529 2019 ita
1555 1980 1691 2018 cum
1724 1962 1968 2018 rationis
1991 1979 2082 2018 ex-

430 2055 613 2125 perte,
646 2055 703 2105 et
733 2055 1033 2123 vegetante
1054 2051 1371 2122 cohaerens,
1400 2069 1575 2107 unam
1601 2053 1920 2124 quamdam
1943 2068 2081 2107 con-

430 2140 763 2197 tinuitatem
798 2139 933 2195 facit
954 2145 1187 2211 propter
1204 2142 1643 2197 connexionem.
1674 2140 1817 2197 Nam
1847 2158 1879 2195 a
1906 2140 2078 2195 ratio-

432 2229 635 2299 nabili,
667 2229 914 2284 rationis
952 2246 1156 2302 expers
1206 2230 1444 2286 assidue
1490 2231 1799 2302 dependet,
1833 2230 1903 2284 ab
1936 2231 2077 2284 irra-

428 2318 697 2375 tionabili
727 2322 1003 2391 vegetans
1034 2336 1047 2373 :
1083 2336 1213 2391 quae
1243 2320 1380 2391 quia
1413 2326 1650 2392 propter
1696 2319 1855 2375 illam
1891 2319 2077 2375 cohae-

431 2408 680 2465 rentiam
712 2408 914 2464 eadem
936 2425 1054 2463 una
1081 2408 1409 2479 patiuntur,
1431 2426 1608 2465 unam
1631 2426 1760 2465 esse
1789 2409 2074 2477 dicimus;

428 2498 564 2571 quia
623 2497 847 2553 caeteris
898 2498 1289 2569 potestatibus
1334 2502 1612 2568 tanquam
1664 2498 2075 2554 instrumentis

428 2587 617 2644 utitur
646 2585 886 2641 rationis
915 2602 1153 2657 compos
1184 2586 1407 2643 anima.

500 2676 714 2730 [larum
733 2678 925 2729 autem
946 2676 1325 2744 potestatum,
1346 2690 1545 2729 earum
1566 2673 1692 2729 dico
1711 2691 1833 2744 quae
1854 2673 2075 2730 ratione

423 2767 645 2828 carent,
668 2767 725 2818 et
745 2762 1168 2833 vegetantium,
1188 2761 1315 2817 alia:
1337 2763 1407 2817 ad
1436 2762 1839 2818 rationabilem
1862 2763 2071 2835 magis,

421 2850 548 2907 aliae
581 2851 780 2905 minus
807 2851 1120 2906 accedunt:
1144 2851 1574 2907 irrationabiles
1595 2853 1833 2924 quidem
1859 2852 2068 2924 magis,

419 2939 556 3011 quia
586 2938 794 2995 rationi
828 2940 1160 2997 auscultare
1191 2939 1399 2995 solent.
1434 2941 1641 3006 Quare,
1675 2958 1810 2996 cum
1842 2940 2070 3013 cupidi-

420 3032 572 3086 tates
602 3030 998 3099 increpamus,
1031 3030 1458 3085 mansuetiores
1488 3047 1586 3086 eas
1618 3030 1940 3086 reddimus.

493 3168 717 3220 Pectore
742 3180 1015 3235 percusso,
1046 3164 1239 3220 cordia
1271 3165 1620 3236 increpitavzt
1655 3165 1884 3237 Ulysses.

418 3274 499 3342 et,

487 3380 610 3435 Haec
638 3380 843 3450 anime,
873 3379 983 3435 haec
1012 3382 1178 3435 etiam
1199 3380 1478 3453 quondam
1508 3382 1765 3451 graviora
1792 3379 1991 3434 tulisti.

413 3606 472 3659 et
499 3602 891 3674 complurima
918 3602 1209 3674 ejusmodi
1244 3619 1256 3656 :
1291 3603 1387 3657 sed
1422 3602 1563 3674 quid
1596 3602 1725 3657 dico
1757 3603 1811 3657 in
1849 3602 2064 3659 nobis?

413 3690 610 3745 multa:
629 3691 881 3746 ferarum
895 3690 1155 3746 humano
1169 3707 1435 3745 sermone
1451 3692 1877 3746 mansuetiores
1892 3692 2060 3747 ﬁunt.

411 3782 485 3832 At
513 3782 865 3849 vegetantes,
892 3783 954 3833 ut
978 3796 1105 3849 quae
1132 3795 1461 3834 sermonem
1485 3796 1598 3834 non
1621 3780 1891 3847 audiunt,
1919 3798 1949 3834 a
1973 3798 2061 3835 ra-

410 3864 588 3921 tionis
619 3870 885 3938 compote
916 3867 1114 3921 anima
1133 3866 1472 3922 remotiores
1504 3871 1671 3921 sunt:
1697 3883 1885 3939 neque
1907 3869 2059 3924 enim

412 3954 712 4024 praescribi
745 3958 938 4025 potest
980 3953 1167 4010 altrici
1202 3955 1475 4027 potestati
1508 3957 1698 4027 quoad
1750 3956 1905 4026 alat;
1956 3974 2062 4013 ne-

412 4058 526 4114 que
573 4042 840 4110 auctrici,
872 4048 1160 4115 quantum
1214 4048 1463 4115 augeat;
1514 4061 1701 4117 neque
1750 4046 2062 4117 generandi

410 4131 685 4202 potestati
731 4149 745 4188 :
796 4132 1079 4188 nimirum
1134 4150 1245 4188 non
1299 4131 1487 4205 ipsam
1537 4139 1906 4206 potestatem,
1958 4136 2058 4191 sed

408 4220 790 4293 cupiditatem
812 4221 1285 4293 comprimimus:
1314 4226 1570 4294 potestas
1591 4224 1743 4279 enim
1771 4224 2062 4280 nihilomi-

410 4326 523 4365 nus
557 4314 776 4380 manet,
809 4309 917 4366 etsi
963 4327 1077 4365 non
1111 4316 1262 4380 agat.
1295 4314 1390 4365 Ha:
1439 4312 1634 4383 itaque
1678 4319 1819 4367 sunt
1850 4314 2061 4369 animae

404 4402 747 4468 potestates,
783 4397 1190 4464 rationabiles,
1221 4400 1681 4473 irrationabiles,
1703 4407 2058 4474 vegetantes.

396 4486 655 4542 Animam
676 4487 916 4558 quidam
936 4489 1140 4543 dicunt
1157 4488 2053 4564 incorpoream,quidamcorpus:

2187 536 2270 601 τὸ,
2322 530 2545 588 τοιᾶσδε
2600 540 2829 611 τροφῆς,
2861 531 2951 587 καὶ
2982 528 3201 587 τοιᾶσδε
3252 530 3470 603 μίξεως,
3519 529 3608 584 καὶ
3648 528 3839 590 ἁπλῶς

2185 628 2283 677 τοῦ
2330 620 2509 692 ἡδέος.
2559 622 2627 680 Τί
2679 620 2768 677 οὗν
2821 619 2923 696 ἄρα
2966 617 3022 675 ἓν
3055 619 3165 675 ἐστι
3196 620 3287 675 καὶ
3315 618 3507 673 ταυτὸν
3568 622 3675 672 τῶν
3738 615 3835 671 δύο

2190 710 2467 785 δυνάμεων
2520 709 2888 783 ἀποτέλεσμα,
2927 716 3027 780 τῆς
3054 730 3113 764 τε
3151 708 3438 782 ἐπιθυμίας
3468 709 3557 762 καὶ
3605 714 3705 777 τῆς
3736 730 3834 782 φυ-

2187 805 2384 869 τικῆς;
2416 798 2451 868 ἢ
2485 796 2654 869 δῆλον
2688 797 2770 852 ὅτι
2802 797 2909 873 οὐχ
2936 796 2990 852 ἓν
3020 816 3033 866 ;
3064 794 3211 852 ἀλλά
3236 800 3339 861 τῆς
3402 796 3495 869 μὶν
3556 794 3749 856 ἁπλῶς

2186 891 2386 965 τροφή,
2419 889 2453 957 ἢ
2488 892 2646 965 γονή·
2698 896 2798 958 τῆς
2855 885 2913 943 δὶ
2969 886 3258 959 ἐπιθυμίας
3304 888 3339 956 ἠ
3372 884 3570 957 ἡδονὴ,
3627 885 3719 940 ’ἱνα
3764 891 3831 959 τῇ

2190 977 2359 1053 ἐφέσει
2391 979 2558 1053 ταύτῃ
2591 979 2682 1033 τόν
2740 1000 2797 1034 τε
2844 977 3052 1050 κλῆρον
3081 979 3242 1050 ἡμῶν
3304 974 3693 1053 φυλάττωμεν,
3746 975 3833 1030 καὶ

2188 1070 2286 1136 τὴν
2319 1073 2419 1123 τοῦ
2448 1068 2634 1144 γένους
2680 1066 2971 1144 διαδοχήν·
3024 1071 3128 1120 Τοῦ
3160 1064 3218 1121 δέ
3257 1063 3425 1140 λόγου
3465 1064 3589 1120 ὅταν
3638 1065 3835 1135 ἐξυπη-

2192 1163 2407 1231 ρετῆται
2454 1160 2553 1227 τήν
2604 1157 2915 1230 ἐπιθυμίαν,
2968 1157 3031 1212 οὐ
3082 1155 3229 1230 λέγω
3260 1152 3398 1210 ἴδιόν
3426 1176 3479 1210 τι
3508 1154 3833 1224 ταῦτηςτῆς

2191 1247 2460 1324 ἐνεργείας
2516 1246 2676 1309 τέλος
2724 1249 2901 1320 εἶναι,
2974 1244 3059 1302 ὅτι
3138 1246 3283 1320 παρᾶ
3355 1244 3507 1324 φύσιν
3570 1246 3749 1301 αὐτῶν
3801 1248 3832 1314 ἡ

2188 1337 2414 1408 τοιαύτη
2484 1337 2723 1414 ἐνέργεια
2757 1385 2771 1408 ,
2821 1339 2886 1392 τὰ
2938 1333 2996 1392 δὲ
3050 1336 3197 1412 παρὰ
3246 1333 3401 1413 φύσιν
3460 1336 3525 1390 οὐ
3583 1334 3835 1413 σύμφορα

2189 1428 2324 1501 πρὸς
2377 1427 2439 1481 τὸ
2496 1428 2677 1490 τέλος·
2738 1428 2827 1488 Ὠς
2886 1427 2990 1500 γὰρ
3052 1425 3350 1499 ὑπηρέτης,
3406 1425 3471 1479 οὐ
3528 1424 3591 1479 τὸ
3624 1426 3833 1491 ἑαυτοῦ,

2190 1514 2335 1571 ἀλλὰ
2370 1522 2471 1585 τῆς
2503 1516 2792 1590 ἐπιθυμίας
2818 1515 2882 1571 τὸ
2908 1514 3067 1575 τέλος
3097 1514 3489 1587 παρασκευάζει
3545 1516 3646 1583 τὴν
3703 1510 3835 1581 ἡδο-

2188 1606 2309 1675 νῆν.
2343 1607 2432 1675 Μὴ
2466 1605 2740 1679 άπορείτω
2771 1603 2828 1660 δέ
2856 1626 2939 1667 τις
2968 1604 3065 1672 τήν
3102 1600 3384 1671 ἰδιωτικήν
3421 1602 3652 1676 ἀπορίαν
3707 1602 3837 1656 ὲκεί-

2188 1715 2310 1764 νην.
2336 1695 2396 1749 Τί
2427 1695 2518 1749 οὗν
2545 1700 2692 1772 τρεῖς
2722 1694 2905 1771 ψυχὰς
2962 1689 3185 1768 ἔχομεν,
3238 1692 3327 1746 καὶ
3362 1692 3463 1746 ὑπὸ
3516 1696 3684 1766 τριῶν
3742 1694 3836 1764 ψυ-

2191 1804 2308 1860 χων
2360 1783 2746 1858 διοικούμεθα;
2781 1783 2940 1858 Λέγω
2991 1784 3095 1858 γάρ
3142 1781 3224 1837 ὅτι
3252 1781 3432 1851 ὣσπερ
3477 1782 3738 1844 ένωθεῖσα
3797 1783 3833 1849 ἡ

2190 1875 2343 1948 ψυχὴ
2403 1878 2481 1946 τῷ
2534 1875 2746 1947 σώματι
2797 1872 2999 1945 τούτῳ,
3057 1868 3205 1926 δοκεῖ
3248 1871 3342 1943 μὲν
3392 1867 3447 1924 ’ἐν
3502 1891 3554 1924 τι
3615 1877 3840 1945 πρᾶγμα

2189 1968 2356 2032 ποιεῖ,
2397 1964 2533 2018 κατὰ
2584 1963 2842 2034 ἀλήθειαν
2876 1958 2935 2017 δὲ
2986 1959 3090 2035 οὐχ
3137 1956 3190 2014 ἓν
3248 1960 3301 2013 τί
3362 1957 3521 2014 ἐστιν’
3572 1958 3720 2013 οὕτω
3771 1962 3841 2031 τῇ

2188 2074 2246 2107 τε
2275 2053 2466 2128 ἀλόγῳ
2513 2054 2604 2108 καὶ
2773 2054 2971 2127 φυτικῇ
3032 2047 3377 2121 συνημμένη,
3431 2048 3559 2121 μίαν
3598 2050 3696 2121 μέν
3722 2070 3845 2103 τινα

2190 2144 2462 2219 συνέχειαν
2514 2148 2663 2197 ποιεῖ
2718 2139 2808 2195 διὰ
2857 2142 2954 2208 τὴν
3030 2143 3312 2215 συνάφειαν
3349 2157 3362 2169 ·
3435 2136 3662 2208 ἐξῆπται
3738 2138 3843 2213 γάρ

2187 2238 2477 2309 προσεχῶς
2524 2236 2623 2301 τῆς
2675 2232 2768 2304 μὲν
2802 2230 3035 2305 λογικῆς
3084 2232 3120 2298 ἡ
3153 2226 3372 2304 ἄλογος,
3409 2233 3510 2296 τῆς
3543 2225 3604 2282 δὲ
3634 2226 3844 2302 ἀλόγου

2186 2324 2219 2393 ἠ
2255 2323 2474 2397 φυτική.
2509 2322 2607 2376 Διά
2638 2318 2695 2375 δέ
2721 2322 2820 2389 τήν
2849 2317 3141 2394 γινομένην
3171 2315 3230 2371 ἐκ
3258 2324 3357 2385 τῆς
3390 2314 3679 2391 συναφείας
3710 2316 3842 2370 ταῦ-

2184 2431 2282 2482 της
2314 2411 2668 2483 συμπάθειαν,
2705 2410 2830 2482 μίαν
2859 2409 3057 2487 φαμὲν,
3090 2409 3195 2476 ὅτι,
3228 2406 3303 2469 ὡς
3333 2404 3585 2480 ὀργάνοις
3626 2407 3841 2480 κέχρη-

2181 2521 2271 2556 ται
2299 2506 2419 2563 ταῖς
2459 2497 2659 2562 ἄλλαις
2684 2495 2972 2572 δυνάμεσιν
3003 2499 3038 2566 ἡ
3071 2495 3292 2571 λογική.

2254 2684 2270 2704 r
2350 2679 2362 2697 ν
2541 2680 2555 2696 \
2634 2683 2659 2693 ~
2735 2675 2759 2695 ﬁ
2846 2679 2854 2694 ν
3250 2672 3305 2693 αι
3386 2678 3411 2689 υ
3540 2695 3559 2704 ⁸
3628 2672 3668 2685 μ
3709 2674 3720 2689 ο

2272 2684 2475 2737 Γουτων
2510 2676 2567 2733 δε
2594 2700 2701 2733 των
2732 2693 3035 2749 ουναμεων,
3068 2675 3216 2750 λέγω
3248 2694 3313 2744 οη
3346 2696 3454 2729 των
3503 2696 3562 2729 τε
3616 2685 3835 2749 αΛογων

2182 2772 2268 2824 καὶ
2300 2775 2406 2824 τῶν
2442 2772 2703 2846 φυτικῶν,
2736 2768 2789 2821 αἱ
2821 2767 2915 2839 μὶν
2949 2764 3161 2839 μᾶλλον
3196 2764 3463 2839 ἐγγίζουσι
3516 2766 3586 2836 τῇ
3633 2761 3834 2840 λογικῇ

2181 2862 2357 2934 ψυχῇ,
2392 2860 2445 2913 αἱ
2486 2855 2543 2912 δὲ
2572 2859 2753 2926 ἧττον·
2790 2856 2844 2910 αἱ
2878 2857 2973 2928 μὲν
3013 2853 3210 2929 ἄλογοι
3263 2851 3475 2926 μᾶλλον
3532 2851 3832 2927 ἐγγίζουσι,

2181 2946 2320 3002 διότι
2361 2945 2626 3024 πεφύκασι
2670 2944 2982 2999 κατακούειν
3035 2943 3227 3018 λόγου.
3281 2943 3373 2997 Διὸ
3403 2940 3832 3013 ἐπιπλήττοντες

2176 3042 2293 3098 ταῖς
2327 3034 2659 3107 ἐπιθυμίαις,
2686 3033 2985 3108 πρᾳοτέρας
3019 3032 3185 3093 αὐτάς
3216 3035 3505 3105 ποιοῦμεν.

2253 3172 2459 3240 Στῆθος
2494 3166 2550 3223 δέ
2580 3170 2791 3241 πλήξας
2820 3164 3050 3242 κραδίην
3077 3166 3315 3235 ἠνίπαπε
3348 3165 3520 3238 μόθῳσ

2178 3278 2288 3348 καὶ,
2315 3331 2331 3344 ,

2246 3384 2477 3449 Τέτλαθι
2556 3382 2621 3453 δὴ
2700 3381 2935 3454 κραδίη,
3008 3382 3099 3436 καὶ
3174 3381 3470 3454 κύντερον..
3506 3377 3648 3454 ᾅλλο
3704 3380 3832 3434 ποτ’

3424 3447 3611 3521 [ἔτλης
3642 3454 3743 3523 (ί),

2700 3381 2895 3459 κραδίη
2918 3426 2935 3452 ,
3008 3382 3099 3436 καὶ

2170 3604 2260 3659 καὶ
2318 3603 2503 3659 πολλᾶ
2553 3607 2793 3658 τοιαῦτα.
2856 3601 2955 3656 Καὶ
3004 3600 3058 3654 τί
3113 3598 3255 3675 λέγω
3286 3598 3336 3653 έν
3384 3600 3520 3671 ἡμῖν
3550 3618 3564 3669 ;
3596 3598 3830 3653 καὶτῶν

2172 3692 2375 3770 θηρίων
2402 3690 2589 3748 πολλὰ
2636 3692 2960 3767 ἡμερωτέρα
2987 3686 3076 3743 διὰ
3101 3693 3209 3743 τῶαι
3259 3687 3439 3763 λόγων
3486 3686 3711 3763 γίνεται’
3775 3691 3837 3743 αἱ

2174 3780 2231 3837 δὲ
2277 3781 2517 3859 φυτικαὶ,
2578 3782 2667 3835 ἅτε
2710 3781 2785 3853 μὴ
2819 3778 3217 3833 κατακούουσαι
3250 3776 3456 3852 λόγων,
3488 3774 3839 3852 πόῤῥωτέρω

2174 3870 2274 3925 εἰσὶ
2323 3874 2420 3939 τῆς
2493 3870 2723 3945 λογικῆς
2794 3872 2997 3944 ψυχῆς.
3058 3867 3136 3925 Οὐ
3197 3868 3295 3941 γάρ
3354 3861 3494 3919 ἔστιν
3553 3864 3845 3936 ἐπιτάξαι,

2173 3957 2298 4015 οὕτε
2353 3964 2420 4033 τῇ
2456 3962 2718 4032 θρεπτικῇ
2750 3956 2975 4030 δυνάμει
3028 3958 3193 4032 μέχρι
3223 3956 3400 4009 πόσου
3450 3953 3668 4029 θρέψαι,
3701 3954 3845 4011 οὔτε

2169 4053 2237 4123 τῇ
2290 4048 2554 4121 αὖξητικῇ
2589 4047 2831 4121 αὐξῆσαι,
2894 4044 3017 4101 οὔτε
3057 4049 3126 4118 τῇ
3174 4042 3464 4121 γεννητικῇ
3493 4061 3506 4075 ⁸
3565 4040 3841 4113 δηλονότι

2172 4139 2281 4213 οὐχ
2323 4136 2514 4201 ἁπλῶς
2560 4138 2727 4204 αὐτὴν
2759 4137 2858 4204 τὴν
2891 4132 3147 4207 δύναμιν,
3206 4132 3351 4189 ἀλλά
3378 4132 3478 4200 τὴν
3530 4131 3838 4205 ἐπιθυμίαν

2168 4224 2632 4299 καταστέλλομεν·
2668 4227 2701 4293 ἡ
2735 4225 2838 4300 γὰρ
2871 4221 3096 4296 δύναμις
3139 4220 3291 4277 οὐδέν
3337 4223 3500 4290 ἧττον
3537 4220 3685 4293 μένει
3740 4223 3841 4277 καί

2175 4317 2250 4388 μὴ
2283 4314 2588 4391 ἐνεργοῦσα.
2644 4312 2812 4371 Αὗται
2846 4314 2940 4385 μὲν
2975 4312 3065 4366 οὖν
3099 4312 3153 4365 αἱ
3195 4307 3449 4383 δυνάμεις
3478 4317 3579 4379 τῆς
3610 4313 3835 4385 ψυχῆς,

2171 4402 2225 4457 α“ί
2254 4425 2311 4457 τε
2342 4402 2580 4476 Λογικαὶ,
2628 4401 2717 4455 καὶ
2749 4401 2803 4456 αἱ
2851 4397 3069 4475 ἄλογοι,
3094 4397 3183 4453 καὶ
3216 4399 3271 4451 αἱ
3316 4396 3537 4474 φυτικαὶ
3588 4398 3673 4450 δτι
3726 4400 3841 4466 τήν

2170 4493 2378 4566 ψυχὴν,
2411 4492 2462 4546 οἱ
2499 4490 2590 4563 μέν
2626 4511 2782 4568 φασιν
2810 4488 3120 4560 ἀσώματον,
3152 4487 3204 4540 οἱ
3231 4483 3289 4541 δὶ
3318 4488 3498 4558 σῶμα.
3552 4485 3656 4541 Καὶ
3712 4490 3835 4539 τῶν

400 4590 601 4629 eorum
627 4576 727 4647 qui
749 4576 1089 4647 corpus,alii
1115 4577 1387 4649 simplex,
1408 4578 1507 4633 alii
1530 4561 1956 4651 compositum:
1973 4598 2062 4637 eo-

2181 4586 2329 4655 τῶμα
2373 4582 2424 4636 οἱ
2468 4580 2562 4653 μὲν
2610 4579 2842 4647 ἁπλοῦν,
2893 4579 2945 4633 οἱ
2973 4575 3031 4632 δέ
3062 4574 3335 4639 σύνθετον·
3368 4575 3456 4630 καὶ
3487 4578 3599 4629 τῶν
3634 4576 3831 4629 συνθε-

402 4679 535 4718 rum
558 4665 819 4737 vero,qui
841 4667 1256 4737 compositum,
1287 4666 1482 4738 alii,ex
1499 4671 1773 4725 connexis
1801 4672 2063 4743 corpori-

403 4752 535 4821 bus,
557 4751 655 4807 alii
677 4770 746 4809 ex
770 4771 881 4809 non
905 4755 1256 4825 conjunctis.
1283 4761 1519 4829 Eorum,
1546 4758 1645 4831 qui
1668 4760 1917 4831 simplex
1939 4778 2061 4817 cor-

403 4856 516 4911 pus
530 4841 783 4898 animam
808 4858 935 4899 esse
953 4843 1353 4911 dixerunt,alii
1376 4845 1688 4902 aethereum
1702 4848 1830 4913 ,boc
1847 4854 1936 4905 est
1952 4867 2060 4907 coe-

403 4928 551 4984 leste
581 4930 1010 5000 intellexerunt,
1048 4938 1107 4987 ut
1144 4934 1478 4991 Heraclides
1507 4936 1784 4993 Ponticus
1817 4957 1831 4995 :
1862 4938 2051 5010 ignem

405 5016 599 5087 alii,ut
620 5018 1114 5094 Heraclitus,quia
1138 5023 1328 5095 ignem
1358 5023 1452 5079 ille
1480 5041 1672 5080 rerum
1699 5026 2054 5099 principium

404 5107 753 5180 appellabat,
787 5116 844 5166 et
874 5110 1130 5167 animam
1178 5112 1409 5183 igneam
1441 5119 1679 5185 propter
1708 5114 2051 5188 agilitatem,

403 5194 501 5251 alii
533 5213 601 5253 ex
631 5215 784 5269 aere,
818 5204 882 5255 ut
912 5199 1330 5271 Anaximenes,
1364 5207 1421 5256 et
1464 5201 1702 5274 quidam
1735 5220 1766 5259 e
1794 5204 2002 5259 Stoicis
2036 5220 2049 5259 :

402 5283 519 5339 Alii
549 5302 617 5341 ex
648 5304 822 5359 aqua,
855 5292 920 5343 ut
964 5286 1179 5344 Thales
1208 5288 1467 5346 Milesius
1516 5297 1573 5347 et
1618 5292 1806 5365 Hippo
1837 5309 2051 5366 cogno-

402 5377 599 5428 mento
630 5375 852 5432 Atheus
879 5393 892 5431 :
924 5377 1062 5450 quia
1092 5376 1248 5433 enim
1297 5395 1497 5435 semen
1527 5379 1801 5436 videbant
1828 5398 1895 5437 ex
1940 5380 2048 5436 hu-

402 5458 563 5516 mida
599 5477 728 5518 esse
759 5465 1113 5535 substantia,
1148 5470 1455 5539 propterea
1502 5472 1560 5522 et
1588 5485 1801 5539 aquam
1852 5486 2046 5525 rerum

474 5639 553 5713 (1)
584 5639 770 5713 Odyss.
808 5646 874 5699 V.

2166 4691 2282 4737 τον,
2316 4671 2368 4724 οί
2402 4670 2497 4742 μὶν
2542 4667 2603 4723 ἐκ
2656 4668 3013 4740 συνημμένων
3075 4666 3364 4737 σωμάτων,
3423 4664 3475 4717 οἱ
3538 4660 3598 4717 δὲ
3660 4661 3830 4717 ἀσυν-

2170 4761 2387 4815 άπτων.
2447 4762 2563 4813 Τῶν
2619 4756 2676 4812 δὲ
2734 4755 2940 4811 ἁπλοῦν
2992 4760 3149 4827 σῶμα
3205 4752 3504 4830 εἰρηκότων
3541 4796 3555 4821 ,
3604 4752 3659 4807 oi
3725 4754 3825 4825 μὶν

2168 4847 2401 4922 αἰθέριον
2462 4848 2614 4902 εἶναι’
2671 4847 2863 4901 ταυτὸν
2928 4842 2987 4899 δὲ
3060 4842 3230 4899 εἰπεῖν
3302 4840 3554 4917 οὐράνιον
3605 4840 3827 4919 eiusat;-

2165 4958 2341 5007 ναντο,
2399 4937 2472 4999 ὡς
2528 4932 2889 5012 Ἡρακλείδης
2948 4934 2976 4988 ὁ
3022 4931 3302 4994 Ποντικός.
3358 4931 3423 4987 Οἱ
3466 4927 3524 4984 δὲ
3576 4933 3687 5004 πῦρ
3748 4930 3827 4991 ὡς

2164 5024 2537 5101 Ἡράκλειτος,
2564 5021 2753 5093 ἐπειδὴ
2816 5022 2906 5078 καὶ
2951 5025 3057 5098 πῦρ
3108 5019 3294 5095 ἔλεγον
3343 5020 3441 5088 τὴν
3475 5018 3662 5094 ἀρχὴν
3710 5024 3821 5072 τῶν

2165 5111 2357 5182 ὄντων,
2407 5113 2497 5169 καὶ
2540 5115 2639 5183 τήν
2690 5113 2876 5187 ψυχὴν
2931 5108 2990 5165 δὲ
3041 5110 3238 5185 πυριὰν
3273 5107 3451 5165 διὰτὸ
3510 5107 3822 5178 εὐκίνητον·

2164 5204 2215 5257 οἱ
2274 5200 2331 5257 δέ
2359 5201 2540 5277 ἀερίαν
2574 5203 2645 5264 ὡς
2675 5201 3057 5274 Ἀναξιμένης,
3087 5198 3177 5254 καί
3213 5218 3355 5260 τινας
3384 5201 3492 5251 τῶν
3526 5202 3825 5251 Στωϊκῶν·

2162 5292 2212 5345 οἱ
2276 5288 2333 5346 δὲ
2373 5290 2423 5363 ἐξ
2478 5287 2696 5361 ὕδατος,
2748 5289 2821 5352 ὡς
2880 5287 3066 5358 Θαλῆς
3108 5287 3200 5342 καὶ
3249 5288 3460 5342 Ἵππων
3505 5286 3535 5340 ὁ
3580 5282 3823 5356 ἐπίκλην

2159 5379 2337 5452 ἄθεος.
2371 5376 2590 5448 Ἐπειδὴ
2640 5379 2743 5454 γάρ
2790 5378 2889 5447 τήν
2940 5377 3107 5452 γονὴν
3160 5374 3343 5452 ἔώρων
3398 5372 3449 5445 ἐξ
3500 5375 3665 5451 ὑγρᾶς
3724 5375 3826 5429 οὗ-

2158 5488 2249 5521 σαν
2279 5467 2487 5539 οὐσίας,
2523 5465 2612 5522 διὰ
2634 5471 2795 5523 τοῦτο
2828 5465 2919 5521 καὶ
2951 5462 3098 5539 ὕδωρ
3128 5466 3227 5535 τὴν
3280 5464 3457 5539 ἀρχὴν
3498 5467 3607 5518 τῶν
3637 5460 3823 5518 ὄντων
