4054 6200
366 330 525 390 1043
1710 330 2040 391 MlCHAEI

2176 332 2447 394 PSELLI

332 476 518 523 'mcns
572 466 920 522 extrinsecus
972 466 1234 523 advenire
1290 471 1341 523 et
1392 467 1582 523 divina
1627 483 1741 523 esse
1799 484 1812 522 :

3631 331 3795 393 1044

1874 467 2019 521 nihil
2050 466 2103 533 Α
2134 466 2256 541 περὶ
2324 465 2379 521 δὲ
2432 471 2530 523 τοῦ
2580 472 2703 539 νοῦ,
2760 469 2921 546 φησὶ,
2980 466 3069 523 καὶ
3127 472 3227 535 τῆς
3258 464 3602 543 Θεωρητικῆς
3631 462 3794 519 δυνά-

366 557 520 612 em’m
549 555 668 626 (jus
696 558 839 611 actio
868 572 992 611 cum
1018 556 1598 627 corporis'actionibus
1655 556 1816 612 habet
1865 573 2019 612 com-

2153 575 2279 619 ιεως
2315 599 2330 626 ,
2390 555 2604 613 οὐδέπω
2645 558 2868 636 φανερὸν
2906 599 2921 627 ,
2983 555 3111 613 ἀλλ’
3159 552 3332 611 ἓοικεν
3393 556 3428 625 ἡ
3488 553 3645 629 ψυχὴ
3697 552 3791 628 τί·

366 644 630 700 mune.Et
656 661 865 705 rursus
898 646 955 701 in
999 646 1260 701 secundo
1316 645 1486 711 libro,
1540 647 1613 700 De
1671 648 1869 715 mente,
1926 645 2019 700 in-

371 733 521 805 quit,
563 736 614 789 et
659 736 1072 805 contemplandi
1133 736 1397 805 lacullate
1459 735 1701 791 nondum
1765 737 2022 791 constat:

368 823 465 879 sed
496 823 714 879 videtur
740 826 929 879 anima
958 825 1116 879 aliud
1142 840 1313 895 genus
1340 841 1471 891 esse,
1512 834 1563 879 et
1605 827 1720 881 sola
1769 841 2019 893 separari

365 928 544 985 posse,
576 911 728 968 velut
748 921 1013 969 aeternum
1052 930 1085 967 α
1115 914 1487 985 corruptibili.
1536 915 1606 969 Et
1640 914 1697 969 in
1722 914 1892 970 tertio
1926 930 2022 968 ea-

372 1004 503 1058 dem
532 1001 711 1073 ponit,
748 1006 1000 1057 mentem
1032 1002 1440 1074 impatibilem,
1474 1009 1751 1059 aeternam
1813 1009 1869 1058 et
1917 1004 2025 1057 im-

374 1090 679 1147 mortalem
697 1108 824 1146 esse
839 1090 1227 1159 declarans,et
1245 1092 1430 1147 multa
1445 1093 1733 1162 ejusmodi
1751 1092 1807 1147 in
1823 1091 2026 1147 eodem

374 1180 523 1235 libro
546 1178 896 1234 scribit.Sed
918 1184 974 1234 et
1004 1197 1069 1235 ex
1089 1179 1219 1235 aliis
1250 1181 1579 1236 Aristotelis
1639 1181 1827 1247 libris,
1862 1179 2029 1236 facile

375 1266 746 1340 intelligitur;
775 1269 1070 1324 Aristoteli
1135 1269 1540 1325 rationabilem
1598 1270 1855 1325 animam
1916 1268 2029 1324 im-

375 1356 683 1413 mortalem
716 1356 918 1424 videri,
952 1362 1009 1413 et
1037 1358 1108 1414 ab
1131 1358 1291 1413 omni
1323 1375 1563 1431 corpore
1618 1356 2028 1431 separabilem.

451 1554 561 1609 Sed
595 1558 653 1608 et
683 1552 1004 1622 Platonem,
1026 1554 1251 1611 ratione
1275 1555 1579 1627 praeditam
1608 1556 1865 1611 animam
1924 1555 2033 1610 im-

381 1640 690 1698 mortalem
718 1642 1045 1710 censuisse,
1074 1660 1189 1698 non
1221 1649 1311 1700 est
1363 1662 1467 1700 cur
1516 1645 1855 1716 probemus,
1916 1644 2032 1699 imo

384 1730 630 1786 rationis
660 1736 975 1803 expertem,
1011 1733 1320 1789 mortalem
1356 1750 1491 1789 eum
1526 1734 2036 1803 existimare,satis

2132 666 2222 707 νος
2299 643 2482 722 ἕτερον
2568 648 2740 715 εἶναι,
2824 648 2913 702 καὶ
2999 649 3164 701 τοῦτο
3235 644 3394 719 μόνον
3477 641 3791 718 ἰνδιχεσθαι

2133 734 2504 811 χωρίζεσθαι,
2568 738 2809 811 καθάπερ
2865 737 2928 791 τὸ
2978 732 3152 790 ἀίδιον
3200 738 3298 789 τοῦ
3357 734 3628 809 φθαρτοῦ.
3688 731 3791 789 Καὶ

2136 824 2188 879 ἐν
2236 830 2316 899 τῷ
2343 827 2512 902 τρίτῳ
2546 824 2603 883 Si
2638 827 2706 881 τὰ
2752 825 2885 881 αὐτὰ
2936 824 3247 903 φιλοσοφεῖ,
3305 823 3503 885 ἀπαθὲς
3560 820 3649 876 καὶ
3703 819 3792 875 ἀΐ-

2138 911 2252 969 διον
2324 917 2410 971 καὶ
2500 915 2759 971 ἀθάνατον
2834 914 3269 993 ἀποφαινόμενος
3322 913 3417 968 τὸν
3472 916 3597 967 νοῦν
3628 929 3641 943 ⁸
3701 912 3790 965 καί

2138 1001 2323 1058 πολλὰ
2376 1004 2599 1059 τοιαῦτα
2648 1003 2699 1058 ὲν
2760 1008 2839 1075 τῷ
2895 1002 3041 1075 αὐτῷ
3088 1003 3383 1079 ἀναγράφει
3412 999 3586 1077 λόγῳ⁸
3648 998 3792 1055 ἀλλὰ

2136 1090 2226 1143 καὶ
2274 1088 2326 1160 ἐξ
2384 1091 2580 1167 ἑτέρων
2639 1090 2803 1145 αὑτοῦ
2836 1091 3281 1167 συγγραμμάτων
3313 1089 3521 1162 ὁμοίως
3580 1081 3790 1161 συμϐα-

2142 1177 2254 1233 λεῖν
2298 1177 2461 1235 ἔστιν·
2525 1182 2607 1235 ὅτι
2665 1182 2751 1235 καὶ
2800 1180 3062 1244 ἀθάνατον
3125 1176 3264 1235 οἶδεν
3324 1180 3351 1234 ὁ
3407 1175 3793 1255 Ἀριστοτέλης

2136 1270 2235 1337 τὴν
2304 1267 2531 1345 λογικὴν
2585 1271 2799 1346 ψυχὴν,
2859 1269 2947 1325 καὶ
3006 1268 3289 1346 χωριστὴν
3345 1267 3546 1330 παντὸς
3606 1266 3791 1340 σώμαι

2138 1378 2254 1420 τος.

2212 1552 2392 1609 ’Λλλά
2448 1556 2553 1627 μὴν
2615 1553 2698 1610 ὅτι
2756 1555 2845 1609 καὶ
2900 1556 2927 1609 ὁ
2960 1552 3186 1609 Πλάτων
3218 1555 3315 1624 τὴν
3350 1550 3583 1629 λογικὴν
3605 1552 3791 1627 ψυχὴν

2142 1641 2403 1699 ἀθάνατον
2459 1641 2622 1712 οἶδεν,
2682 1644 2933 1719 περιττὸν
2988 1645 3421 1713 κατασκευάζειν·
3456 1642 3539 1698 ὅτι
3588 1639 3649 1697 δι
3703 1642 3794 1697 καὶ

2140 1733 2238 1800 τήν
2293 1729 2490 1807 ἄλογον
2526 1735 2724 1804 θνητὴν
2778 1730 2941 1801 οἶδεν,
3002 1731 3201 1795 ἱκανῶς
3233 1732 3260 1787 ὁ
3316 1732 3554 1805 Τίμαιος
3585 1726 3796 1787 ικὸιόάρ

390 1820 519 1889 ejus
550 1819 805 1875 Timaeus
837 1822 1127 1879 ostendit:
1165 1839 1299 1879 nam
1333 1822 1576 1878 rationis
1604 1823 1906 1895 impotem,
1941 1840 2031 1878 ra-

2153 1841 2275 1875 rxst.
2337 1823 2444 1891 Τὴν
2499 1822 2602 1897 γὰρ
2660 1821 2859 1897 ἄλογον
2913 1822 3097 1897 ψυχὴν
3150 1819 3658 1897 προσυφαινομὲνην
3717 1822 3798 1891 τῷ

392 1908 1006 1966 tionabiliconnexam
1065 1916 1122 1969 et
1179 1916 1508 1969 contextam
1562 1912 1864 1968 mortalem
1908 1930 2035 1969 esse

397 1998 692 2055 evidenter
712 2000 969 2057 affirmat
1001 2007 1095 2058 :at
1124 2019 1253 2058 eam
1286 2008 1664 2075 partem,qua2
1689 2003 1930 2058 rationis
1952 2006 2042 2059 est

397 2105 658 2160 compos,
691 2095 757 2146 ut
801 2091 858 2146 in
893 2092 1258 2160 mortalibus,
1281 2099 1337 2149 et
1368 2094 1793 2162 animantibus,
1824 2094 2038 2166 princi-

394 2194 551 2249 pem,
584 2179 865 2247 divinam,
897 2186 953 2236 et
1001 2182 1392 2238 immortalem
1445 2200 1593 2239 esse.
1656 2184 1766 2239 Sed
1816 2183 2038 2238 nullam

393 2268 590 2323 anima
619 2283 831 2340 corpus
855 2286 983 2326 esse
1032 2287 1225 2342 posse,
1285 2288 1474 2343 neque
1522 2272 1791 2344 simplex,
1851 2289 2039 2344 neque

391 2357 947 2428 compositum,hinc
982 2359 1228 2433 intelligi
1263 2366 1490 2433 potest:
1525 2378 1693 2417 omne
1724 2361 1877 2417 enim
1912 2379 2037 2417 cor-

390 2460 503 2516 pus
536 2450 745 2502 natura
774 2462 882 2503 sua
904 2448 974 2503 ad
999 2449 1055 2503 id
1091 2454 1293 2505 natum
1318 2455 1501 2517 est,ut
1530 2450 1711 2506 dividi
1741 2456 1797 2505 et
1839 2451 2037 2505 inlini-

389 2538 482 2590 tas
512 2534 570 2590 in
594 2540 789 2607 partes
816 2537 1065 2592 distrahi
1099 2538 1304 2609 possit,
1358 2556 1538 2610 quare
1582 2539 1807 2611 indiget
1856 2540 2036 2595 conti-

394 2627 588 2679 nente.
623 2624 943 2682 Continens
986 2627 1184 2698 igitur,
1219 2634 1417 2683 utrum
1444 2646 1655 2701 corpus
1687 2635 1796 2695 est,
1847 2648 1919 2685 an
1950 2630 2038 2683 in-

397 2728 741 2784 corporeum
762 2714 789 2769 ?
815 2715 865 2770 si
900 2732 1137 2788 corpus,
1172 2716 1457 2789 indigebit
1487 2723 1541 2773 et
1565 2718 1706 2773 illud
1741 2718 2042 2774 continen-

395 2807 473 2868 te,
506 2801 683 2874 idque
712 2803 770 2858 in
803 2803 1125 2860 inﬁnitum.
1148 2810 1397 2862 Necesse
1430 2806 1610 2879 igitur
1630 2812 1738 2879 est,
1765 2808 2038 2864 virtutem

398 2906 527 2947 eam
551 2896 609 2948 et
638 2896 1139 2966 potestatemquae
1163 2912 1402 2967 corpora
1437 2897 1715 2966 continet,
1773 2897 2041 2970 incorpo-

401 2994 561 3036 ream
619 2996 747 3037 esse
774 2985 805 3053 ει
859 2988 918 3038 at
975 2984 1033 3038 in
1085 2984 1435 3053 viventibus,
1488 3002 1729 3059 corpora
1785 2989 2045 3045 continet

403 3070 602 3127 anima
633 3087 647 3127 :
682 3072 862 3143 igitur
905 3073 1238 3145 incorporea
1291 3080 1399 3130 est.
1464 3077 1742 3131 Praeterea
1788 3082 2043 3135 extrema

402 3161 879 3231 cognoscentium
905 3164 1112 3218 animae
1146 3164 1752 3235 facultatum,sensus,
1776 3167 2036 3239 inquam,

402 3249 783 3322 incorporeus
808 3256 938 3321 est;
971 3268 1107 3325 ergo
1142 3254 1325 3310 multo
1345 3254 1533 3326 magis
1592 3254 1905 3311 nobiliores
1957 3256 2037 3310 fa-

402 3339 669 3395 cultates.
703 3340 953 3397 Sensum
982 3358 1115 3398 vero
1148 3344 1273 3398 sine
1306 3359 1545 3416 corpore
1566 3361 1694 3399 esse
1728 3345 1813 3400 sic
1854 3349 2043 3400 osten-

398 3426 483 3483 dit
503 3428 863 3486 Aristoteles.
898 3431 1161 3501 Nullum,
1196 3432 1410 3503 inquit,
1450 3450 1659 3503 corpus
1718 3434 2043 3489 secundum

397 3518 665 3573 eamdem
692 3522 915 3590 partem
949 3520 1239 3575 contraria
1266 3521 1564 3593 suscipere
1595 3522 2045 3594 potest.Digitus

396 3606 552 3661 enim
592 3608 794 3662 eodem
828 3612 1088 3678 tempore
1111 3609 1283 3680 plane
1315 3610 1505 3675 albus,
1539 3616 1595 3665 et
1655 3610 1823 3680 plane
1880 3611 2046 3681 niger

398 3711 529 3751 esse
568 3710 685 3749 non
743 3701 972 3765 potest;
1037 3713 1223 3768 neque
1282 3698 1418 3753 item
1474 3698 1650 3753 simul
1701 3698 1760 3753 in
1840 3699 2043 3753 eadem

400 3782 833 3855 partecaleﬁeri
864 3789 920 3839 et
951 3787 1282 3857 frigescere.
1332 3789 1404 3841 At
1462 3802 1673 3841 sensus
1729 3786 1905 3841 simul
1946 3804 2046 3842 eo—

401 3872 535 3926 dem
568 3874 827 3943 tempore
851 3873 1144 3928 contraria
1175 3874 1399 3945 recipit,
1423 3879 1479 3929 et
1538 3876 1695 3929 novit
1755 3875 1858 3930 hoc
1917 3892 2047 3932 esse

402 3959 687 4032 primum,
724 3965 782 4014 et
811 3960 953 4019 illud
999 3963 1348 4032 secundum,
1412 3964 1738 4035 diiudicare
1786 3966 1857 4020 ab
1915 3965 2044 4021 albo

405 4050 665 4121 nigrum,
696 4052 821 4104 tum
854 4054 910 4105 et
941 4068 974 4105 a
1004 4051 1170 4123 nigro
1201 4051 1397 4107 album
1430 4054 1765 4124 :secernere.
1823 4055 1878 4108 Si
1911 4071 2047 4127 ergo

401 4138 728 4196 secundum
763 4139 915 4195 idem
938 4157 1004 4195 ea
1035 4141 1279 4197 indivise
1312 4142 1539 4212 recipit,
1572 4153 1629 4198 et
1660 4149 1748 4199 est
1778 4143 2047 4216 incorpo-

399 4244 536 4285 reus
570 4245 582 4286 :
617 4228 664 4284 si
695 4244 831 4285 vero
862 4231 1189 4286 secundum
1224 4230 1397 4286 aliam
1432 4238 1657 4302 partem
1683 4232 1848 4305 {dicis
1905 4233 2047 4288 reei-

404 4334 559 4390 pere,
610 4323 676 4374 ut
732 4335 965 4390 semper
1024 4319 1180 4375 aliud
1250 4337 1375 4389 ego,
1438 4320 1595 4376 aliud
1669 4326 1754 4390 tu,
1842 4338 2050 4377 conse-

403 4423 592 4477 quens
623 4412 756 4463 est:
820 4409 971 4479 quod
1024 4409 1181 4464 enim
1223 4410 1476 4480 judicat,
1539 4428 1720 4466 unum
1783 4418 1839 4466 et
1896 4411 2049 4468 idem

405 4511 637 4567 semper
666 4512 795 4551 esse
825 4499 1106 4568 [Oportet,
1166 4504 1222 4553 et
1278 4500 1601 4555 secundum
1668 4501 1819 4555 idem
1868 4496 2050 4573 accipi

409 4584 564 4656 quod
591 4584 912 4655 judicatur.
941 4588 1393 4659 Corpusautem
1426 4588 1483 4643 in
1508 4590 1730 4659 ,eodem
1791 4570 2051 4662 tempore
2080 4570 2129 4636 D

409 4677 467 4729 ot
496 4674 821 4729 secundum
850 4677 1114 4732 eamdem
1152 4682 1371 4749 partem
1407 4694 1577 4747 agere
1628 4679 1684 4732 in
1735 4679 2049 4747 contraria,

411 4762 502 4821 vel
533 4762 590 4817 in
614 4762 727 4818 alia
750 4763 1117 4835 simpliciter,
1152 4782 1264 4821 non
1302 4770 1486 4837 potest
1522 4785 1533 4834 ;
1584 4784 1793 4823 sensus
1852 4773 2048 4823 autem

409 4851 612 4908 eodem
636 4856 894 4923 tempore
924 4854 981 4907 in
1006 4854 1201 4909 album
1228 4863 1277 4910 et
1316 4856 1547 4927 nigrum
1584 4858 1701 4927 agit
1731 4874 1743 4922 ;
1803 4856 2050 4914 indivise

406 4941 786 5013 igitur,atque
811 4943 953 4996 adeo
986 4944 1111 4998 sine
1143 4960 1381 5015 corpore
1414 4950 1521 4998 est.
1548 4945 1603 4998 Si
1644 4944 1803 5000 enim
1841 4963 2048 5001 secun-

405 5030 546 5085 dum
572 5030 748 5086 aliam
782 5035 839 5085 et
860 5030 1035 5086 aliam
1068 5033 1158 5099 sui
1191 5037 1411 5103 partem
1448 5032 1677 5104 nigrum
1728 5039 1786 5089 ct
1850 5036 2048 5090 album

406 5119 782 5190 suscepisset,
834 5136 1137 5191 nunquam
1199 5121 1427 5192 anigro
1488 5123 1683 5177 album
1748 5140 2049 5180 secernere

406 5209 690 5277 potuisset
725 5227 736 5265 :
771 5225 961 5281 neque
990 5208 1144 5264 enim
1171 5216 1439 5278 secernit,
1466 5214 1618 5283 quod
1667 5230 1698 5267 ιι
1740 5230 1800 5267 se
1860 5214 2048 5269 visum

403 5302 511 5367 est,
545 5299 616 5353 ab
638 5314 725 5362 eo,
758 5299 914 5369 quod
950 5298 1021 5353 ab
1054 5297 1190 5353 alio.

478 5492 784 5547 Enimvero
821 5496 881 5547 et
935 5492 1307 5564 phantasiam
1370 5495 1497 5551 sine
1564 5511 1801 5566 corpore
1849 5500 1905 5549 et
1962 5496 2048 5550 in-

408 5580 653 5635 divisam
714 5596 841 5636 esse
897 5598 963 5636 ex
1011 5598 1076 5637 eo
1138 5584 1360 5638 clarum
1449 5588 1556 5652 est,
1624 5584 1774 5650 quod
1857 5589 2049 5655 poste-

406 5669 590 5724 riores
664 5668 907 5741 species,
991 5672 1320 5741 superiores
1376 5688 1488 5727 non
1570 5672 1785 5739 delent,
1868 5674 2078 5746 quod,'

2073 3208 2115 3275 C

2151 1909 2375 1985 λογικῷ,
2417 1910 2618 1981 θνητὴν
2670 1908 2913 1986 ἐναργῶς
2937 1910 3067 1965 εἷναί
3118 1928 3307 1989 φησιν’
3340 1910 3578 1984 ἡγεμοῦν
3614 1906 3674 1963 δι
3702 1906 3802 1963 καὶ

2151 2005 2291 2063 θεῖον
2325 1998 2415 2055 καὶ
2455 1999 2712 2064 ἀθάνατον
2764 2000 2888 2055 ὅσον
2936 2000 2987 2054 ἐν
3031 2005 3148 2062 τοῖς
3207 2004 3423 2071 θνητοῖς
3468 1997 3558 2054 καὶ
3613 1998 3803 2068 ζώοις,

2147 2088 2209 2144 τὸ
2244 2089 2485 2166 λογικόν,
2537 2088 2713 2144 Ἀλλᾶ
2743 2088 2847 2165 γὰρ
2879 2089 2959 2145 ὅτι
2997 2089 3090 2163 μὲν
3125 2086 3385 2162 οὐδεμίαν
3416 2089 3599 2163 ψυχὴν
3638 2084 3807 2142 δυνα-

2146 2180 2237 2233 τὸν
2299 2183 2458 2253 σῶμα
2506 2181 2661 2247 εἶναι,
2720 2178 2843 2234 οὐτε
2899 2178 3132 2251 ἁπλοῦν,
3166 2176 3288 2234 οὔτε
3322 2176 3589 2247 σύνθετον,
3628 2172 3806 2246 δῆλον

2150 2269 2383 2323 ἐντεῦθεν
2420 2286 2435 2302 ·
2504 2273 2604 2323 πᾶν
2655 2270 2755 2344 γὰρ
2816 2272 2975 2342 σῶμα
3030 2270 3168 2324 κατᾶ
3217 2270 3317 2337 τὴν
3372 2266 3564 2322 ἑαυτοῦ
3621 2264 3806 2345 φύσιν,

2148 2354 2435 2413 σκεδαστόν
2486 2356 2597 2412 ἐστι
2654 2358 2744 2412 καὶ
2807 2355 2883 2421 είς
2940 2354 3134 2431 ἄπειρα
3184 2354 3471 2433 διαιρετόν·
3517 2352 3601 2410 διὸ
3630 2349 3805 2411 δεῖται

2144 2453 2241 2503 τοῦ
2297 2448 2641 2524 συνέχοντος.
2702 2448 2772 2503 Τὸ
2828 2447 3006 2503 τοίνυν
3068 2449 3315 2523 συνέχον,
3362 2444 3590 2521 πότερον
3642 2445 3808 2518 σῶμὰ

2148 2538 2289 2593 ἐστιν
2347 2537 2381 2607 ἢ
2442 2536 2774 2609 ἀσώματονς
2810 2537 2855 2591 εί
2888 2535 2946 2592 δὶ
2990 2538 3081 2592 οὗν
3128 2538 3308 2609 σῶμα,
3354 2530 3602 2607 δεήσεται
3634 2533 3802 2589 πάλιν

2147 2628 2363 2683 κάκεῖνο
2442 2631 2540 2682 τοῦ
2627 2626 2947 2702 ωνὲχοντος
2978 2674 2992 2698 ,
3051 2628 3139 2681 καὶ
3194 2628 3357 2681 τοῦτο
3413 2624 3495 2680 ἐπ’
3557 2619 3801 2700 ἄπειρον.

2147 2717 2384 2792 Ἀνάγκη
2419 2714 2519 2791 ἄρα
2546 2716 2646 2785 τὴν
2693 2717 3008 2785 συνεκτικὴν
3062 2720 3171 2770 τῶν
3231 2717 3499 2788 σωμάτων
3550 2712 3803 2787 δύναμιν,

2149 2806 2437 2877 ἀσώματον
2477 2804 2630 2859 εἶναι.
2685 2805 2835 2861 Ἔστι
2886 2802 2943 2859 δι
2969 2804 3057 2859 ἰπὶ
3105 2809 3213 2861 τῶν
3260 2803 3525 2880 ἐμψύχων
3561 2822 3804 2859 συνεκτιο

2149 2897 2219 2965 κὴ
2268 2900 2373 2949 τῶν
2420 2894 2687 2964 σωμάτων
2733 2898 2769 2964 ἡ
2823 2896 3000 2969 ψυχή·
3063 2895 3097 2964 ἡ
3151 2893 3305 2968 ψυχὴ
3356 2891 3457 2969 ἄρα
3510 2892 3804 2964 ἀσώματός

2152 2984 2313 3041 ἐστιν.
2357 2986 2476 3041 Ἔτι
2501 2982 2558 3039 δὲ
2588 2982 2677 3039 καὶ
2709 2986 2743 3054 ἡ
2777 2983 2982 3059 ἐσχάτη
3014 2988 3120 3039 τῶν
3182 2982 3497 3058 γνωπικῶν
3558 2988 3661 3051 τῆς
3708 2985 3802 3054 ψυ-

2151 3082 2261 3151 χῆς
2322 3072 2625 3147 δυνάμεων,
2672 3075 2705 3143 ἠ
2754 3071 3004 3144 αἴσθησις
3066 3070 3257 3148 λὲγω,
3313 3071 3605 3145 ἀσώματός
3665 3068 3799 3141 ἐστι,

2153 3160 2353 3235 πολλῷ
2434 3161 2647 3236 μᾶλλον
2685 3163 2738 3216 αἱ
2799 3160 3076 3236 κρείττους
3111 3202 3125 3217 .
3184 3161 3307 3215 ’Ότι
3368 3156 3425 3214 δὶ
3468 3158 3502 3228 ἡ
3555 3156 3803 3228 αἴσθησις

2155 3253 2445 3325 ἀσώματος
2479 3292 2494 3322 ,
2541 3251 2682 3306 οὕτω
2736 3248 3001 3306 δείκνυσιν
3057 3251 3086 3304 ὁ
3146 3245 3565 3325 Ἀριστοτέλης·
3626 3244 3801 3305 Οὐδὶν

2155 3348 2335 3416 σῶμα,
2368 3341 2565 3417 λόγων,
2602 3340 2655 3396 ἰν
2692 3345 2770 3413 τῷ
2799 3340 2947 3413 αὐτῷ
2983 3340 3174 3416 χρόνῳ
3226 3338 3361 3395 κατὰ
3404 3340 3469 3393 τὸ
3519 3337 3651 3393 αὐτὸ
3701 3337 3802 3411 μό-

2155 3453 2297 3508 ριον,
2352 3434 2458 3486 τῶν
2492 3430 2749 3487 ἐναντίων
2806 3428 2948 3486 ἐστὶν
2980 3428 3397 3499 ἆντιληπτικόν.
3452 3430 3513 3485 ὐ
3570 3428 3672 3503 γὰρ
3708 3424 3804 3482 δά.

2152 3520 2353 3583 κτυλος
2414 3522 2476 3575 οὑ
2503 3518 2719 3575 δύναται
2768 3520 2908 3575 κατὰ
2934 3520 3025 3574 τὸν
3055 3516 3215 3574 αὐτὸν
3266 3516 3492 3593 χρόνον,
3524 3514 3662 3570 ὅλου
3713 3516 3805 3570 καὶ

2155 3608 2352 3664 λευκοῦ
2397 3607 2488 3662 καὶ
2552 3605 2784 3681 μέλανος
2834 3600 3156 3679 μεταλαϐεῖν
3193 3622 3205 3637 ο
3273 3601 3399 3659 οὐδὶ
3456 3602 3809 3679 θερμαίνεται

2153 3700 2265 3771 ἅμα
2293 3699 2427 3752 κατά
2454 3695 2646 3751 ταύτὸν
2702 3697 2788 3751 καὶ
2836 3693 3091 3771 ψύχεται.
3137 3696 3203 3750 Ἢ
3264 3691 3324 3749 δὶ
3379 3690 3630 3763 αἴσθησις
3689 3694 3809 3764 ἅμα

2153 3786 2204 3840 ἐν
2262 3790 2342 3858 τῷ
2398 3784 2542 3858 αὐτῷ
2595 3784 2804 3861 χρόνῳ,
2844 3787 2949 3839 τῶν
3011 3782 3261 3838 ἐναντίων
3320 3776 3809 3853 ἀντιλαμϐάνεται,

2154 3874 2241 3929 καὶ
2302 3871 2444 3928 οἶδεν
2505 3873 2587 3928 ὅτι
2642 3870 2768 3929 τόδε
2821 3870 2932 3928 ἐστὶ
2956 3873 3020 3927 τὸ
3050 3876 3270 3947 πρῶτον
3300 3872 3387 3925 καὶ
3420 3871 3482 3925 τὸ
3531 3866 3813 3943 δεύτερον,

2153 3964 2215 4020 τὸ
2247 3961 2539 4040 διακρίνειν
2572 3962 2631 4018 ἐκ
2657 3967 2754 4017 τοῦ
2783 3962 2984 4019 λευκοῦ
3011 3962 3075 4016 τὸ
3108 3959 3304 4033 μὲλαν,
3336 3961 3453 4015 καθ’
3502 3959 3728 4029 ὕστερον
3757 3956 3821 4013 δὶ

2157 4053 2217 4109 ἑκ
2272 4058 2367 4109 τοῦ
2423 4051 2658 4126 μέλανος
2686 4053 2747 4107 τὸ
2781 4049 2998 4109 λευκόν.
3032 4050 3094 4108 El
3124 4050 3218 4124 μὶν
3249 4050 3340 4105 οὗν
3370 4050 3502 4104 κατά
3527 4048 3591 4103 τὸ
3652 4048 3816 4113 αὐτὸ,

2159 4140 2327 4206 δῆλον
2358 4141 2439 4196 ὅτι
2485 4141 2703 4218 ἀμερῶς
2754 4141 2932 4196 αὐτῶν
2985 4133 3467 4211 ἀντιλαμϐάνεται,
3523 4136 3615 4191 καὶ
3668 4133 3817 4191 ἔστιν

2156 4230 2467 4304 ἀσώματος·
2526 4230 2574 4285 εἴ
2630 4228 2687 4285 δὲ
2742 4229 2858 4294 καθ’
2915 4226 3098 4303 ἕτερον
3158 4228 3350 4304 μόριον
3405 4229 3553 4303 φής’
3596 4227 3671 4286 ὡς
3731 4225 3817 4281 ἀεὶ

2155 4324 2253 4375 τοῦ
2316 4321 2408 4392 μὲν
2466 4318 2591 4391 ἐγὼ,
2644 4322 2740 4373 τοῦ
2800 4316 2857 4373 δι
2915 4316 3000 4387 σὺ,
3059 4315 3203 4372 ἔστιν
3236 4315 3552 4377 ἀκόλουθον,
3589 4318 3678 4370 Δεῖ
3708 4315 3813 4389 γὰρ

2158 4407 2240 4463 τὸ.
2273 4407 2481 4481 κρίνον,
2527 4402 2581 4459 ἓν
2613 4406 2701 4459 καὶ
2732 4405 2793 4459 τὸ
2825 4403 2954 4459 αὐτὸ
3004 4404 3158 4471 εἶναι,
3189 4403 3278 4459 καὶ
3307 4401 3444 4457 κατᾶ
3470 4400 3534 4456 τὸ
3575 4400 3707 4455 αὐτὸ
3747 4401 3812 4455 τὸ

2158 4495 2477 4569 κρινόμενον
2535 4488 3037 4569 προλαμϐάνεσθαι.
3102 4497 3273 4565 Σῶμα
3325 4489 3383 4546 δὲ
3446 4490 3498 4545 ἂν
3541 4495 3623 4561 τῷ
3662 4489 3812 4561 αὐτῷ

2161 4585 2367 4659 χρόνῳ,
2421 4584 2510 4637 καὶ
2557 4583 2693 4637 κατᾶ
2720 4583 2782 4637 τὸ
2832 4582 2961 4638 αὐτὸ
3009 4582 3223 4657 μόριον,
3271 4570 3642 4657 προσϐάλλειν
3691 4583 3809 4640 τοῖς

2161 4673 2486 4742 ὲναντίοιςῆ
2520 4670 2709 4733 ἁπλῶς
2756 4677 2873 4735 τοῖς
2932 4670 3156 4745 ἑτέροις,
3209 4670 3274 4725 οὐ
3335 4666 3575 4724 δύναται.
3636 4668 3695 4724 Ἥ
3760 4664 3813 4721 δὶ

2160 4759 2409 4833 αἴσθησις
2457 4762 2592 4817 κατὰ
2616 4762 2705 4816 τὸν
2740 4760 2900 4816 αὐτὸν
2929 4760 3131 4836 χρόνον
3173 4750 3516 4834 προσϐάλλει
3563 4759 3647 4827 τῷ
3693 4772 3812 4810 Λευ-

2158 4855 2238 4923 κῷ
2296 4850 2387 4905 καὶ
2434 4855 2513 4921 τῷ
2567 4849 2793 4923 μέλανι.
2842 4849 3092 4925 ’Δμερῶς
3144 4847 3245 4922 ἄρα
3299 4839 3667 4923 προσϐάλλει,
3718 4845 3809 4898 καὶ

2160 4938 2249 4994 διὰ
2272 4944 2433 4995 τοῦτο
2491 4940 2801 5011 ἀσώματος.
2859 4937 2922 4996 Ei
2980 4938 3082 5013 γὰρ
3120 4938 3239 4992 καθ’
3282 4932 3461 5011 ἓτερον
3494 4935 3582 4988 καὶ
3628 4931 3809 5008 ἓτερον

2163 5028 2374 5102 μόριον,
2431 5032 2529 5081 τοῦ
2585 5025 2816 5099 μίλανος
2864 5026 2953 5081 καὶ
3008 5028 3106 5081 τοῦ
3166 5023 3363 5081 λευκοῦ
3419 5016 3813 5095 ἀπελάμϐανε,

2160 5115 2259 5173 οὐκ
2324 5115 2386 5171 ἂν
2419 5115 2614 5185 ἐδεήθη
2650 5112 2920 5192 διακρῖναι
2950 5115 3011 5170 τὸ
3044 5112 3233 5169 λευκὸν
3263 5113 3369 5169 ἀπὸ
3402 5115 3500 5167 τοῦ
3555 5109 3816 5184 μέλανος*

2160 5204 2281 5262 οὔτε
2312 5207 2412 5280 γὰρ
2446 5202 2705 5281 διακρίνει
2735 5204 2797 5259 τὸ
2833 5205 2920 5260 ὑπ’
2951 5204 3118 5259 αὐτοῦ
3149 5203 3362 5279 ὁραθὶν,
3392 5205 3490 5256 τοῦ
3520 5200 3811 5275 ὁραθέντος

2164 5298 2249 5351 ὑπ’
2281 5292 2474 5351 ἄλλοι).

2229 5495 2348 5547 Ὅτι
2420 5488 2475 5545 δὲ
2530 5491 2619 5546 καὶ
2668 5494 2703 5561 ἡ
2764 5488 3023 5569 φαντασία
3082 5489 3374 5563 ἀσώματος
3428 5490 3517 5543 καὶ
3578 5491 3819 5566 ἀμερῂι

2159 5580 2328 5651 δῆλον
2359 5580 2410 5651 ἐξ
2465 5580 2536 5634 ὧν
2599 5580 2652 5635 οἱ
2706 5578 3068 5657 ἐπιγινόμεεοι
3126 5576 3288 5635 τόποι
3328 5578 3431 5633 οὐκ
3488 5578 3816 5653 ἀφανίζουσι

2160 5672 2286 5736 τοὺς
2340 5668 2817 5746 *προϋπάρχοντας-
2879 5668 3011 5744 ὅπερ
3061 5666 3168 5746 εἷ’γε
3213 5668 3279 5738 ἦν
3331 5672 3509 5742 σῶμα,
3569 5663 3825 5724 συνέϐαι-
