4054 6200
344 282 498 345 1047

1685 279 2103 343 MICi-lAELIS
2150 281 2416 342 PSELLl

3603 277 3760 341 1048

343 414 671 485 subjectum
702 414 1409 486 pertransissentljurpus
1441 412 1841 483 enim,corpus
1892 427 1987 484 pe-

2115 414 2278 484 χικῶν
2314 407 2593 484 δυνάμεων
2627 410 2909 482 ἀσώματοι
2942 407 3139 482 πολλῷ
3194 407 3406 483 μᾶλλον
3440 411 3475 478 ἡ
3536 406 3758 484 λογική,

262 544 267 551 .
345 508 577 559 netrare
608 519 723 558 non
757 508 964 573 potest.
998 504 1058 559 Si
1091 520 1226 575 ergo
1253 501 1625 573 ignobiliores
1658 500 1767 556 illae
1786 501 1997 556 animas

346 596 686 665 potestates,
719 593 845 647 sine
873 609 1113 664 corpore
1146 597 1305 657 sunt,
1342 591 1522 646 multo
1569 590 1763 662 magis
1820 589 1994 644 ratio-

347 681 442 736 nis
472 680 936 752 compos,'longe
965 682 1098 736 istis
1129 681 1520 753 prastantior.
1570 684 1641 735 Ae
1691 679 1817 734 sine
1872 695 1996 733 cor-

352 786 489 841 pore
516 768 1214 839 esse,communibusillis
1240 770 1606 841 argumentis
1628 769 1998 823 demonstra-

351 863 477 914 tum
499 862 626 913 est:
652 858 752 913 sed
780 858 887 912 hoc
911 858 1151 929 insuper
1175 859 1246 935 de
1269 858 1397 929 ipsa
1418 858 1709 928 peculiare
1727 856 1994 911 dicimus.

350 946 587 1002 Nullum
621 962 832 1018 corpus
874 946 1131 1017 seipsum
1193 948 1512 1018 cognoscit,
1561 962 1749 1017 neque
1802 945 1997 1016 ipsum

351 1036 422 1090 ad
454 1051 514 1090 se
545 1036 903 1090 convertitur
936 1053 948 1091 :
984 1052 1098 1091 non
1130 1036 1286 1091 enim
1313 1052 1526 1091 manus
1558 1040 1659 1089 aut
1689 1033 1846 1089 aliud
1872 1050 1995 1088 cor-

352 1140 464 1195 pus
494 1139 555 1179 se
588 1125 748 1179 novit
776 1144 791 1193 ς
832 1124 931 1179 sed
968 1140 1155 1196 neque
1190 1124 1413 1179 ratione
1446 1140 1622 1179 cassae
1656 1127 1995 1196 potestates,

352 1212 462 1267 etsi
496 1213 853 1285 incorporea:
882 1213 1021 1282 sint,
1057 1214 1282 1285 seipsas
1329 1217 1544 1268 norunt
1579 1231 1592 1281 ;
1647 1229 1761 1267 non
1812 1212 1996 1281 visus,

352 1300 439 1357 vel
470 1301 853 1369 auditus,non
888 1319 1090 1359 omnes
1114 1303 1366 1374 denique
1389 1319 1599 1358 sensus
1625 1316 1837 1373 :neque
1858 1302 1998 1356 item

353 1389 666 1461 inquirunt
698 1391 869 1462 cujus
901 1391 1022 1447 sint
1056 1398 1277 1447 natura:
1315 1410 1326 1460 ;
1363 1392 1463 1447 sed
1516 1391 1665 1447 ratio
1716 1394 1823 1456 est,
1873 1407 1999 1462 qua:

354 1478 427 1535 de
456 1479 602 1552 ipsis
628 1480 974 1552 inquirit.At
1003 1496 1065 1536 se
1097 1482 1223 1554 ipsa
1253 1481 1410 1537 novit
1458 1480 1703 1537 rationis
1761 1496 2001 1553 compos

358 1568 556 1624 anima
590 1594 604 1638 ;
636 1570 767 1641 ipsa
796 1569 975 1641 igitur
995 1577 1103 1638 est,
1145 1588 1270 1643 quae
1294 1570 1558 1642 inquirit,
1593 1575 1649 1625 et
1670 1570 1741 1624 de
1773 1586 1888 1641 qua
1917 1568 2001 1623 in-

360 1658 616 1729 quiritur
649 1676 663 1727 ;
714 1659 843 1732 ipsa
874 1666 984 1727 est,
1016 1677 1143 1732 qua:
1193 1662 1427 1731 reperit,
1451 1660 1656 1731 etzquaa
1679 1658 1999 1730 reperitur;

360 1763 490 1817 quae
521 1748 841 1819 cognoscit,
863 1754 1066 1820 etquae
1099 1746 1856 1820 cognosciturJiancgigitur
1874 1747 2001 1802 sine

360 1850 599 1906 corpore
626 1851 757 1892 esse
807 1838 1113 1910 perspicue
1143 1838 1530 1894 ostendimus.
1552 1837 1853 1903 Praeterea,
1875 1852 2001 1908 qua

365 1924 423 1979 in
454 1925 713 1996 subjecto
734 1942 975 1998 corpore
1001 1931 1160 1995 sunt,
1192 1931 1529 1998 potestates,
1565 1942 1681 1981 una
1710 1940 1843 1979 cum
1884 1940 2001 1979 cor-

365 2013 885 2084 poreinvalescunt
913 2019 971 2071 et
998 2015 1392 2073 obsolescunt.
1427 2014 1600 2070 Tales
1648 2013 1828 2086 igitur
1864 2017 2005 2070 sunt

2106 499 2362 573 κρείττων
2417 499 2548 554 οὖσα
2601 496 2823 571 πολλῷ.
2850 499 2971 555 Ὀτι
3019 496 3119 575 γὰρ
3150 497 3243 552 καὶ
3272 498 3411 566 αότή
3446 498 3760 569 ἀσώματος,

2108 584 2370 643 δέδεικται
2430 588 2525 661 μὲν
2583 587 2674 642 καὶ
2733 585 2822 642 διὰ
2876 591 2983 642 τῶν
3017 591 3213 643 κοινῶν
3255 585 3456 663 λόγων.
3519 588 3757 661 Λέγομεν

2107 672 2164 730 δὲ
2222 677 2314 731 καὶ
2367 674 2478 731 ἴδια
2533 676 2620 731 ἐπὶ
2652 675 2817 745 αὐτῆς
2871 676 3068 738 οὕτως.
3126 673 3290 731 Οὐδὲν
3351 681 3459 731 τῶν
3489 677 3757 750 σωμάτων

2105 765 2232 819 αὐτὸ
2265 766 2421 820 έαυτὸ
2445 766 2723 841 γινώσκει,
2776 762 2901 821 οὐδὲ
2950 766 3089 841 πρὸς
3147 766 3305 820 ἑαυτὸ
3363 765 3758 843 ἐπιστρέφεται.

2106 854 2185 911 Οὐ
2215 855 2317 931 γὰρ
2350 852 2488 909 οἶδεν
2522 856 2716 924 ἑαυτὴν
2748 857 2782 923 ἡ
2817 854 2965 930 χεὶρ,
2996 853 3031 924 ἤ
3065 852 3208 910 ἄλλο
3237 876 3287 910 τι
3321 860 3428 909 τῶν
3464 856 3756 927 σωμάτων

2106 941 2232 997 ἀλλ’
2265 941 2390 997 οὐδὲ
2418 944 2473 997 αἱ
2502 941 2698 1017 ἄλογοι
2731 941 3008 1017 δυνάμεις,
3040 944 3216 999 καίτοι
3269 944 3551 1017 ἀσώματοι
3585 943 3758 1011 οὖσαι,

2107 1032 2294 1093 ἑαυτὰς
2328 1029 2523 1089 ἴσασιν.
2558 1031 2635 1088 Οὐ
2667 1032 2770 1107 γὰρ
2801 1030 2944 1087 οἶδεν
2977 1032 3170 1100 ἑαυτὴν
3217 1034 3251 1102 ή
3286 1029 3408 1105 ὄψις
3440 1030 3476 1101 ἤ
3510 1034 3545 1102 ἡ
3597 1032 3757 1103 ἀκοή⁸

2106 1119 2142 1189 ἤ
2202 1119 2393 1185 ἅπλῶς
2450 1117 2721 1191 αἶ’σθησις’
2780 1118 2908 1175 οὐδὲ
2962 1126 3113 1191 ζητεῖ
3142 1118 3305 1183 ποίας
3363 1120 3472 1175 ἐστὶ
3526 1121 3760 1200 φύσεως,

2109 1207 2236 1264 ἀλλ’
2268 1210 2295 1262 ὁ
2330 1208 2497 1285 λόγος
2526 1209 2666 1265 ἐστὶν
2701 1210 2728 1264 ὁ
2760 1209 2883 1285 περὶ
2907 1209 3081 1265 αὐτῶν
3109 1212 3349 1280 ζητῶν,ἠ
3378 1211 3473 1283 μέν
3495 1230 3582 1264 τοι
3606 1211 3758 1284 ψυχή

2109 1300 2142 1367 ἡ
2187 1296 2411 1373 λογική,
2474 1297 2607 1367 αὖτή
2659 1299 2855 1368 ἑαυτήν
2883 1299 3168 1373 γινώσκειο
3204 1298 3339 1366 αὐτή
3369 1303 3497 1374 γοῦν
3524 1296 3666 1353 ἐστιν
3722 1302 3758 1368 ἡ

2112 1392 2369 1458 ζητοῦσα,
2403 1389 2542 1457 αὐτὴ
2576 1391 2608 1458 ἡ
2645 1389 2974 1462 ζητουμένη·
3009 1389 3147 1458 αὐτή
3180 1392 3215 1459 ἡ
3248 1388 3591 1463 εὒρίσκουσα,
3626 1389 3759 1456 αὐτὴ

2109 1480 2143 1546 ἡ
2196 1477 2576 1552 εὖρισκομένη·
2632 1480 2667 1548 ἡ
2696 1476 3037 1554 γινώσκουσα
3066 1477 3156 1533 καὶ
3186 1479 3585 1553 γινωσκομένη·
3624 1479 3763 1533 ἀσώ-

2262 1588 2281 1599 ,
2314 1563 2338 1585 ν
2602 1570 2631 1583 -υ
2830 1564 2853 1583 κ
2892 1564 2915 1584 ἢ
3167 1574 3191 1591 ,ι
3438 1566 3451 1583 9
3546 1567 3561 1587 ρ
3689 1588 3705 1597 _

2114 1586 2280 1639 ματο..
2309 1586 2411 1641 αρα
2440 1567 2673 1643 ὲναργως
2715 1568 3112 1623 ἀποοέοεικται.
3193 1569 3289 1624 Ετι
3319 1568 3374 1621 αἱ
3433 1588 3484 1622 εν
3542 1587 3761 1622 υποκιι-

2116 1656 2261 1728 μένῳ
2290 1660 2370 1728 τῷ
2402 1655 2614 1729 σώματι
2675 1654 2954 1728 δυνάμεις,
3009 1655 3409 1729 συνακμάζουσί
3435 1677 3494 1710 τε
3518 1660 3599 1727 τῷ
3649 1658 3760 1710 σώ-

2115 1766 2243 1819 ματι
2273 1745 2363 1800 καὶ
2397 1750 2883 1823 συναμαυροῦνται.
2916 1750 3167 1801 Τοιαῦται
3197 1750 3325 1821 γοῦν
3361 1747 3417 1800 αἱ
3456 1745 3759 1816 αἰσθήσεις,

2114 1835 2304 1907 θυμὸς,
2338 1832 2616 1909 ἐπιθυμία.
2670 1837 2733 1892 Ἡ
2764 1832 2821 1890 δὲ
2852 1833 3052 1910 λογικὴ
3085 1836 3239 1910 ψυχὴ
3271 1835 3332 1889 τὸ
3366 1833 3629 1903 ἐναντίον,
3664 1856 3765 1907 μα-

2113 1924 2435 1998 ραινομὲνου
2490 1928 2589 1979 τοῦ
2629 1925 2884 1998 σώματος
2934 1923 3070 1993 αὖτὴ
3111 1924 3373 1997 ἀκμάζειο
3428 1923 3529 1979 οὐκ
3554 1922 3659 2001 ἄρα
3709 1924 3764 1979 ἐν

2116 2011 2460 2086 ὑποκειμένῳ
2492 2011 2601 2069 ἐστὶ
2629 2019 2710 2087 τῷ
2742 2014 2979 2086 σώματι·

361 2118 614 2172 sensus;
647 2108 773 2159 tum
822 2108 879 2159 et
925 2104 1201 2172 irascens,
1256 2109 1312 2159 et
1344 2103 1766 2175 concupiscens
1801 2121 1813 2157 :
1856 2107 2060 2159 contra
2096 2117 2231 2158 vero
2278 2102 2648 2159 rationabilis
2695 2104 2914 2174 anima,
2959 2106 3354 2160 marcescente
3396 2119 3640 2177 corpore
3672 2104 3768 2159 vi-

355 2195 453 2261 get
485 2190 900 2263 ipsa,et{ioret.
934 2194 1058 2250 Non
1118 2200 1208 2250 est
1266 2193 1445 2267 igitur
1502 2193 1562 2249 in
1608 2209 1849 2266 corpore
1881 2196 2165 2265 tanquam
2218 2192 2277 2248 in
2301 2192 2584 2264 subjecto.

420 2299 640 2355 Deinde
671 2299 817 2355 nihil
849 2301 906 2356 id
943 2301 1202 2373 molitur,
1236 2306 1300 2358 ut
1340 2301 1670 2372 subjectum
1712 2300 1824 2355 sibi
1872 2316 1993 2356 cor-

347 2393 582 2460 rumpat
607 2406 619 2444 :
643 2388 844 2444 omnia
874 2391 1031 2445 enim
1062 2407 1193 2447 esse
1222 2394 1524 2462 expetunt.
1557 2388 1994 2462 Athrationabi-

344 2477 418 2532 lis
444 2477 644 2533 anima
673 2494 887 2549 corpus
928 2480 1270 2549 contemnit,
1303 2483 1360 2533 et
1412 2478 1647 2533 virtutis
1709 2476 1992 2532 exercita-

348 2566 562 2621 mentis
600 2567 796 2638 ipsum
849 2568 1153 2637 edomans,
1203 2568 1259 2622 id
1309 2567 1544 2638 penitus
1594 2581 1994 2638 smpenumero

348 2655 702 2726 abjicit.Non
733 2655 913 2728 igitur
944 2656 1002 2711 in
1033 2656 1298 2727 subjecto
1322 2670 1563 2728 corpore
1586 2655 1761 2711 habet
1784 2660 1849 2709 ut
1896 2654 1991 2710 sit.

355 2743 640 2800 Praeterea
681 2745 1204 2800 demonstrandum
1249 2749 1340 2801 est
1380 2744 1628 2799 rationis
1667 2748 1995 2815 compotem

350 2831 632 2901 animam,
666 2833 1059 2889 substantiam
1093 2833 1307 2890 habere
1337 2834 1407 2888 ab
1450 2834 1886 2906 omnﬁcorpore
1915 2849 2000 2888 se-

351 2926 685 2993 gregatam:
720 2921 977 2995 reliquas
1027 2926 1221 2978 autem
1255 2923 1313 2977 in
1356 2938 1594 2995 corpore
1643 2938 1805 2977 esse:
1854 2930 1906 2977 et
1935 2921 1994 2976 in

350 3008 602 3081 spiritali
632 3010 896 3082 quidem,
922 3011 1158 3082 Iratione
1208 3011 1533 3084 praeditam,
1589 3012 1646 3066 in
1706 3010 1814 3066 hoc
1864 3027 1996 3067 vero

347 3099 784 3188 regetatricem.
818 3100 1095 3156 Normam
1119 3106 1176 3156 et
1205 3099 1464 3172 regulam
1500 3099 1677 3155 tradit
1716 3098 1995 3154 Aristote-
2027 3121 2069 3188 ο

348 3186 434 3243 les
465 3188 534 3245 de
566 3187 782 3254 anima,
806 3193 862 3244 et
888 3189 1112 3245 caeteris
1159 3189 1456 3257 omnibus,
1493 3194 1551 3245 et
1583 3188 1678 3259 iis,
1715 3189 1815 3260 qui
1865 3204 1993 3244 eam

348 3275 657 3333 mortalem
681 3282 912 3350 putant,
946 3278 1444 3335 consentientem:
1494 3278 1617 3333 haec
1666 3294 1835 3349 porro
1884 3282 1995 3333 est.

352 3365 435 3421 Ab
465 3365 1037 3439 actionibus,inquit,
1070 3368 1140 3424 de
1170 3367 1516 3423 substantiis
1546 3367 1850 3423 ferendum
1880 3368 2000 3437 [est

344 3454 661 3525 judicium,
691 3456 949 3528 ;quando
1008 3457 1342 3512 substantia
1398 3455 1673 3528 quaelibet
1711 3455 1999 3511 actionem

354 3543 529 3599 habet
560 3545 801 3601 affinem
824 3544 1037 3611 sibi,et
1082 3544 1312 3617 generis
1361 3546 1647 3615 ejusdem.
1698 3545 1998 3609 Quomodo

357 3648 517 3704 ergo,
554 3632 764 3703 inquit,
799 3634 1154 3701 substantia,
1180 3650 1306 3704 qua:
1330 3632 1552 3688 nullam
1586 3632 1760 3688 habet
1818 3632 1999 3689 aetio-

360 3737 494 3776 nem
528 3738 562 3776 a
590 3737 829 3792 corpore
860 3722 1270 3795 separabilem,
1300 3722 1629 3778 necessario
1654 3736 1843 3791 neque
1868 3722 2003 3778 sub-

360 3808 637 3863 stantiam
708 3809 943 3865 habebit
1000 3829 1032 3864 ιι
1096 3826 1336 3880 corpore
1413 3807 1800 3882 separabilem
1851 3809 1878 3865 ?
1941 3808 2002 3865 Si

360 3895 542 3963 enim,
606 3913 739 3951 cum
804 3897 1197 3953 substantiam
1260 3897 1472 3953 habeat
1522 3897 2001 3970 inseparabilem,

360 3982 585 4038 nullam
617 3985 745 4040 sine
777 4001 1016 4057 corpore
1043 3986 1329 4041 actionem
1364 3986 1943 4060 habebit;postquam
1971 4004 2004 4042 a

362 4087 601 4144 corpore
648 4074 916 4143 sejuncta
955 4074 1147 4142 fuerit,
1214 4090 1325 4129 non
1392 4074 1649 4142 habebit,
1709 4076 1767 4129 in
1847 4077 2003 4147 quod

364 4165 518 4233 agat,
542 4162 740 4234 itaque
771 4162 986 4217 frustra
1008 4164 1134 4218 erit.
1164 4161 1309 4218 Fieri
1338 4179 1474 4234 ergo
1516 4180 1627 4218 non
1688 4169 1899 4235 potest,
1944 4168 2008 4219 ut

364 4251 710 4322 separabilis
749 4251 1082 4308 substantia
1112 4250 1334 4307 nullam
1370 4251 1737 4323 habeatisine
1766 4268 2007 4324 corpore

362 4339 671 4394 actionem.

434 4443 626 4500 Altera
673 4445 872 4516 regula
916 4445 1036 4501 haec
1085 4451 1191 4501 est.
1235 4446 1437 4502 Omnis
1482 4448 1832 4518 substantia,
1879 4463 2005 4519 quas

367 4533 657 4590 actionem
690 4533 864 4590 habet
890 4552 923 4590 a
952 4551 1193 4607 corpore
1231 4535 1642 4608 separabilem,
1692 4536 1822 4604 ipsa
1866 4551 2011 4608 quo-

370 4638 484 4693 que
515 4638 547 4677 a
573 4638 810 4694 corpore
842 4622 1187 4696 separabilis
1220 4625 1296 4680 sit
1327 4628 1574 4695 oportet.
1606 4623 1665 4679 Si
1688 4640 1820 4679 vero
1844 4641 2012 4696 sepa-

375 4711 577 4767 rabilis
635 4728 751 4767 non
810 4712 1003 4783 fuerit,
1040 4712 1176 4768 hinc
1223 4717 1522 4784 sequetur,
1559 4713 1829 4769 effectum
1885 4729 2015 4771 esse

375 4816 552 4856 causa
574 4817 679 4857 sua
710 4800 986 4870 nobilius,
1006 4806 1064 4857 et
1090 4801 1476 4872 praestantiori
1511 4800 1890 4858 excellentius
1929 4801 2011 4871 id,

375 4891 527 4959 quod
572 4888 827 4946 deterius
876 4895 961 4945 est
1012 4907 1024 4944 :
1070 4890 1126 4944 id
1186 4905 1317 4946 vero
1364 4891 1730 4946 absurdum:
1782 4908 2016 4964 semper

370 4978 525 5034 enim
549 4994 785 5035 causam
811 4995 871 5034 re
893 4978 1095 5034 effecta
1112 4979 1576 5051 praestantiorem
1612 4996 1740 5036 esse
1764 4985 2014 5052 Oportet,

365 5073 490 5123 tum
524 5069 752 5141 etquod
772 5073 989 5124 natura
1015 5067 1181 5139 prius
1198 5072 1288 5123 est
1312 5083 1324 5122 :
1352 5068 1472 5123 fieri
1496 5084 1633 5141 ergo
1656 5085 1767 5124 non
1799 5074 2015 5140 potest,

368 5162 483 5213 uta
508 5174 748 5230 corpore
780 5155 1129 5229 separabilis
1162 5156 1311 5212 actio
1342 5173 1453 5212 non
1502 5157 1763 5213 dimanet
1793 5174 1826 5213 a
1874 5159 2015 5214 sub-

370 5246 609 5315 stantia,
638 5262 823 5318 eaque
846 5243 1183 5318 separabili.
1210 5249 1277 5299 Et
1306 5246 1610 5318 posteriori
1636 5246 1875 5318 quidem
1926 5263 2019 5302 re-

373 5333 513 5405 gula
545 5339 780 5389 utemur
810 5334 866 5388 in
901 5333 1245 5406 explicanda
1276 5339 1487 5391 natura
1527 5334 1737 5388 animae
1794 5335 2021 5390 ratione

375 5420 667 5492 praeditis:
704 5423 863 5493 prior
884 5428 1079 5478 autem
1123 5423 1192 5478 ad
1239 5422 1493 5495 reliquas
1538 5423 1844 5477 conducet.
1890 5422 2020 5477 Haec

375 5511 561 5583 igitur
587 5510 769 5581 est_de
788 5511 1115 5567 rationabili
1147 5511 1345 5567 anima
1373 5509 1777 5582 disputatio.Si
1809 5508 2022 5567 nullaa

378 5615 618 5671 corpore
644 5598 1054 5672 inseparabilis
1082 5599 1418 5655 substantia
1438 5597 1825 5671 separabilem
1846 5598 2024 5657 habet

2173 2300 2294 2353 ’Έτι
2347 2294 2500 2352 οὒδὲν
2557 2299 2620 2353 τὸ
2676 2298 2866 2353 ἑαυτοῦ
2923 2295 3211 2368 σπουδάζει
3270 2300 3484 2377 φθεῖραι
3543 2299 3765 2354 erronei-

2106 2407 2291 2460 μενον.
2350 2386 2522 2442 πάντα
2580 2387 2683 2463 γὰρ
2738 2392 2835 2442 τοῦ
2891 2387 3023 2442 εἶναι
3083 2387 3305 2465 ἐφίεται.
3337 2389 3400 2441 Ἡ
3441 2384 3499 2442 δὲ
3548 2385 3762 2462 λογική

2103 2478 2256 2551 ψυχὴ
2312 2482 2635 2555 καταφρονεῖ
2683 2480 2781 2531 τοῦ
2814 2478 3089 2549 σώματος·
3148 2481 3263 2538 τοῖς
3322 2496 3380 2531 τε
3428 2473 3501 2529 δι’
3558 2475 3757 2551 ἆρετὴν

2102 2564 2292 2628 πόνοις
2347 2566 2481 2620 αὑτὸ
2532 2563 2863 2639 δαμάζουσα,
2923 2565 3013 2620 καὶ
3071 2565 3134 2620 τὸ
3192 2564 3421 2620 σύνολον
3480 2564 3761 2628 πολλάκις

2102 2655 2428 2730 προιεμένη-
2490 2654 2590 2709 οὐκ
2648 2652 2749 2729 ἄρα
2796 2653 2852 2710 ἐν
2908 2653 3248 2728 ὑποκειμένῳ
3275 2659 3355 2725 τῷ
3414 2655 3632 2727 σώματι
3694 2655 3760 2708 τὸ

2105 2742 2237 2797 εἶναι
2277 2741 2416 2818 ἔχει.
2475 2742 2595 2797 Ἐπὶ
2624 2742 2841 2805 τούτοις
2900 2740 2983 2797 δεῖ
3014 2741 3203 2813 δεῖξαι,
3236 2744 3320 2798 δτι
3351 2746 3385 2812 ἡ
3423 2744 3519 2815 μὲν
3555 2741 3756 2818 λογικὴ

2103 2832 2259 2907 ψυχὴ
2292 2830 2624 2907 ἐξῃρημένην
2658 2829 2775 2907 ἔχει
2808 2832 2905 2901 τήν
2970 2832 3153 2886 οὐσίαν
3211 2832 3411 2893 παντὸς
3481 2834 3757 2904 σώματος·

2105 2921 2159 2974 αἱ
2193 2917 2249 2974 δὲ
2281 2919 2470 2975 λοιπαὶ
2522 2920 2810 2995 ἐνσώματι
2842 2922 2903 2975 τὸ
2954 2921 3086 2975 εἶναι
3142 2920 3352 2996 ἔχουσι·
3402 2920 3491 2975 καὶ
3548 2921 3597 2975 ἐν
3666 2922 3757 2992 μὲν

2104 3012 2185 3081 τῷ
2216 3008 2481 3082 πνεύματι
2512 3012 2547 3080 ἠ
2582 3008 2807 3084 ἄλογος*
2842 3013 2877 3079 ἡ
2911 3007 2968 3064 δὶ
3017 3009 3215 3087 φυτική
3261 3008 3312 3064 ἐν
3369 3009 3569 3081 τούτῳ.
3632 3012 3753 3065 "Ott

2105 3098 2302 3152 κανόνα
2332 3096 2701 3175 παραδίδωσιν
2762 3101 2790 3154 ὁ
2848 3098 3236 3172 Ἀριστοτέλης
3278 3097 3331 3153 ἐν
3362 3102 3440 3171 τῷ
3486 3098 3608 3172 περὶ
3646 3100 3755 3171 ψυ-

2106 3192 2239 3261 χῆς,
2271 3192 2390 3250 τοῖς
2416 3208 2473 3242 τε
2502 3184 2698 3250 ἄλλοις
2730 3193 2886 3254 πᾶσι,
2932 3187 3022 3242 καὶ
3052 3192 3168 3248 τοῖς
3199 3188 3401 3257 θνητὴν
3431 3186 3752 3258 νομίζουσιν

2107 3273 2273 3345 αὐτὴν
2307 3275 2714 3353 συναρέσκοντα.
2769 3276 2923 3332 Ἔστι
2980 3273 3037 3330 δέ
3096 3274 3123 3328 ὀ
3174 3275 3345 3329 κανὼν
3401 3274 3579 3337 οὗτος.
3643 3279 3756 3345 Δεῖ,

2108 3364 2293 3437 φησὶν,
2354 3362 2414 3419 ἐκ
2465 3370 2574 3419 τῶν
2629 3364 2912 3439 ἐνεργειῶν
2944 3364 3037 3425 τας
3071 3362 3253 3426 οὐσίας
3311 3364 3535 3439 κρίνειν·
3569 3360 3761 3431 ἐπειδὴ

2107 3452 2197 3507 καὶ
2228 3451 2424 3524 ἑκάστη
2459 3452 2613 3507 οὐσία
2644 3434 2934 3527 σύστοιχδν
2980 3445 3095 3526 ἔχει
3142 3452 3242 3520 τήν
3290 3451 3578 3528 ἐνέργειαν.
3636 3456 3765 3514 Πῶς

2109 3539 2221 3611 οὖν,
2271 3542 2457 3619 φησὶν,
2518 3540 2692 3612 οὐσία,
2754 3537 3025 3613 μηδεμίαν
3079 3534 3281 3616 ἔχουσα
3336 3538 3600 3614 ἐνέργειαν
3634 3558 3765 3614 χω-

2110 3631 2298 3705 ριστὴν
2355 3629 2631 3703 σώματος,
2690 3630 2743 3700 ἒξ
2800 3629 3040 3704 ἀνάγκης
3100 3625 3223 3683 οὐδὲ
3276 3629 3375 3698 τὴν
3433 3627 3616 3683 οὐσίαν
3653 3623 3763 3698 ἔξει

2110 3721 2391 3795 χωριστὴν
2441 3719 2730 3792 σώματος;
2789 3717 2853 3773 Εἰ
2910 3719 3016 3794 γὰρ
3072 3718 3351 3793 χωριστὴν
3402 3711 3606 3793 ἔχουσα
3658 3718 3765 3785 τήν

2112 3807 2329 3876 οὐσίαν,
2390 3806 2661 3881 μηδεμίαν
2718 3806 2983 3884 ἐνέργειαν
3042 3803 3165 3882 ἔχοι
3223 3808 3399 3883 χωρὶς
3451 3809 3714 3880 σώματος
3748 3827 3763 3840 ·

2114 3894 2326 3952 ἐπειδᾶν
2386 3899 2639 3973 χωρισθῇ
2694 3896 2968 3969 σώματος,
3028 3894 3136 3971 οὐχ
3166 3892 3269 3968 ἔξει
3324 3893 3771 3971 περίὃὲνεργή·

2114 4006 2213 4040 σειε
2250 3987 2387 4042 ὥστε
2421 3987 2594 4058 μάτην
2623 3983 2793 4042 ἔσται.
2852 3986 2965 4039 Οὐκ
2993 3982 3095 4061 ἄρα
3145 3983 3367 4039 δυνατὸν
3425 3985 3524 4052 τὴν
3582 4003 3772 4061 χωρι-

2115 4076 2245 4145 στὴν
2303 4074 2487 4130 οὐσίαν
2550 4071 2824 4148 μηδεμίαν
2866 4070 3011 4148 ἔχειν
3046 4073 3313 4149 ἐνέργειαν
3347 4072 3522 4148 χωρὶς
3582 4074 3775 4145 σώμα-

2112 4185 2227 4227 τος.

2192 4446 2361 4503 Πάλιν
2419 4444 2601 4522 Rapo:
2637 4448 2828 4503 ’κανὼν
2884 4447 3042 4509 οὗτος
3076 4491 3088 4503 .
3152 4452 3297 4502 Πᾶσα
3349 4447 3509 4501 οὐσία
3565 4444 3779 4520 ἔχουσα

2123 4535 2387 4611 ἐνέργειαν
2448 4538 2729 4612 χωριστὴν
2781 4536 3075 4609 σώματος,
3122 4535 3173 4606 ἐξ
3218 4534 3457 4611 ἀνάγκης
3490 4533 3581 4590 καὶ
3632 4534 3777 4602 αὗτῆ

2124 4626 2374 4700 χωριστή
2436 4622 2580 4679 ἔσται
2640 4626 2917 4699 σώματος.
2976 4625 3043 4682 Ei’
3103 4622 3159 4679 δὲ
3217 4625 3294 4698 μὴ
3351 4623 3436 4696 εἴη
3496 4626 3777 4699 χωριστὴ,

2126 4707 2459 4785 συμϐήσεται
2492 4714 2554 4767 τὸ
2586 4712 2824 4769 αἷτιατὸν
2853 4717 2951 4769 τοῦ
2975 4712 3149 4768 αἲτίου
3191 4717 3437 4790 κρεῖττον
3466 4711 3623 4781 εἶναι,
3683 4714 3777 4767 καὶ

2124 4806 2221 4858 τοῦ
2296 4802 2608 4877 κρείττονος
2673 4803 2734 4857 τὸ
2800 4799 3213 4878 καταδεέστερον
3281 4807 3527 4878 κρεῖττον
3562 4821 3576 4836 ο
3639 4800 3774 4875 ὅπερ

2128 4890 2349 4948 ἄτοπον.
2409 4892 2522 4948 Ἀεῖ
2581 4891 2697 4969 γὰρ·
2736 4889 2817 4948 δεῖ
2870 4892 2934 4947 τὸ
2988 4891 3165 4948 α’ίτιον
3218 4896 3460 4969 κρεῖττον
3504 4890 3646 4947 εἶναι
3677 4892 3778 4946 τοῦ

2126 4979 2393 5053 αἰτιατοῦ,
2425 4980 2513 5035 καὶ
2554 4981 2618 5035 τὸ
2672 4983 2741 5055 τῇ
2804 4981 2955 5059 φύσει
3012 4981 3297 5054 πρότερον·
3356 4977 3622 5036 ἀδύνατον
3673 4977 3779 5054 ἄρα

2129 5069 2392 5145 ἐνάργειαν
2426 5070 2706 5145 χωριστήν
2754 5070 3030 5144 σώματος,
3094 5070 3171 5142 μή
3203 5070 3296 5125 ἀπ’
3334 5068 3519 5133 οὐσίας
3572 5070 3780 5147 προέρο

2127 5169 2341 5233 χεσθαι,
2390 5157 2481 5212 καὶ
2512 5156 2680 5228 αὐτῆς
2711 5162 3017 5235 χωριστῆς.
3062 5160 3183 5216 Τῶν
3236 5158 3416 5214 τοίνυν
3472 5157 3781 5233 εἷρημένων

2127 5247 2391 5316 κανόνων,
2425 5246 2787 5322 χρησιμεῦσει
2851 5248 2978 5322 ὑμῖν
3028 5248 3057 5302 ὁ
3117 5248 3211 5320 μὲν
3271 5246 3496 5325 ὕστερος
3550 5245 3631 5308 sic
3686 5247 3783 5302 τὸν

2129 5336 2250 5410 περὶ
2301 5342 2400 5405 τῆς
2453 5334 2686 5411 λογικῆς
2740 5339 2926 5412 ψυχῆς
2979 5336 3169 5411 λόγον·
3230 5336 3259 5392 ὁ
3305 5333 3362 5391 δὲ
3387 5337 3655 5411 πρότερος
3706 5335 3785 5397 εἷς

2128 5425 2218 5479 τὸν
2247 5423 2369 5499 περὶ
2400 5429 2506 5479 τῶν
2542 5422 2772 5482 λοιπῶν.
2831 5427 2893 5482 Ὀ
2952 5426 3046 5497 μὲν
3110 5424 3204 5479 οὗν
3237 5426 3359 5501 περὶ
3414 5431 3513 5494 τῆς
3547 5431 3788 5499 Λογικῆς

2130 5517 2315 5588 ψυχῆς
2350 5512 2458 5568 ἐστι
2490 5515 2762 5575 τοιοῦτος.
2794 5513 2858 5570 Et
2892 5509 3138 5585 μηδεμία
3169 5513 3481 5589 ἁχώριστος
3525 5514 3791 5585 σώματος

2131 5600 2306 5671 οὐσία,
2336 5598 2450 5679 ἔχει
2483 5603 2765 5678 χωριστὴν
2790 5604 2891 5673 τήν
2934 5601 3226 5678 ἐνέργειαν,
3285 5599 3530 5677 δείξομεν
3589 5598 3650 5657 δὲ
3694 5597 3795 5656 ἐπὶ
