4054 6200
297 323 456 384 1049

1764 332 1865 393 DE
1910 335 2185 396 ANIMA.

3550 335 3706 397 1050

288 460 390 522 τῆς
420 457 605 530 ψυχῆς
638 458 920 532 χωριστὴν
954 454 1220 531 ἐνέργειαν
1252 461 1505 533 σώματος
1526 505 1539 530 ,
1572 465 1717 515 πᾶσα
1748 460 1945 540 ἀνάγκη

2065 467 2376 533 actionem,
2408 472 2464 523 et
2492 467 2548 522 in
2583 468 2782 522 anima
2813 465 3198 539 separabilem
3246 466 3502 538 aliquam
3530 485 3563 522 a
3593 477 3718 523 c010

293 543 383 598 καὶ
417 542 581 614 αὐτὴν
610 548 895 622 χωριστὴν
928 546 1057 602 εἶναι
1089 590 1105 605 .
1156 549 1322 605 Ὅταν
1370 549 1551 604 τοίνυν
1587 554 1765 625 σκοπῇ
1826 556 1951 629 περὶ

288 638 401 687 τῶν
435 636 645 705 νοητῶν
675 638 709 705 ἡ
743 636 922 710 ψυχὴ,
979 636 1069 691 καὶ
1099 637 1195 700 τὰς
1225 638 1350 713 περὶ
1381 644 1515 695 Θεοῦ
1568 639 1781 705 ἐννοίας
1812 663 1951 717 προ-

291 721 607 798 χειρίζηται
642 743 655 756 °
717 721 887 794 δῆλον
949 724 1030 780 ὅτι
1092 729 1376 802 χωριστὴν
1438 730 1640 792 παντὸς
1699 731 1955 805 σώματος

293 810 416 888 ἔχει
468 817 568 885 τὴν
625 815 917 892 ἐνέργειαν.
976 818 1214 891 Ὁμοίως
1270 821 1360 875 καὶ
1393 821 1516 875 ὅταν
1555 822 1748 892 ἑαυτήν
1788 828 1949 898 ζητῇ·

296 909 548 985 οὐδαμοῦ
603 915 704 990 γάρ
764 913 817 969 ἐν
869 914 1085 979 τούτοις
1144 915 1271 972 οὐδὲ
1321 924 1559 995 συνεργῷ
1614 927 1816 996 χρῆται
1872 926 1951 993 τῷ

294 1003 544 1073 σώματι,
602 1000 728 1057 οὐδὲ
780 1002 915 1073 αὐτὴ
945 1004 1066 1081 περὶ
1099 1006 1258 1078 σῶμα
1310 1006 1531 1083 ἐνεργεῖ,
1577 1008 1715 1065 ὥστε
1773 1012 1947 1079 πάντη

292 1092 632 1166 κεχώρισται
682 1093 937 1165 σώματος
994 1097 1028 1164 ἡ
1078 1097 1303 1166 τοιαότη
1357 1095 1615 1173 ἐνέργεια,
1666 1099 1757 1154 καὶ
1788 1098 1953 1169 αὐτῆς

294 1176 357 1234 δὲ
386 1186 487 1249 τῆς
518 1181 828 1258 φαντασίας.
891 1181 953 1236 Εἰ
1004 1179 1060 1237 δὲ
1104 1183 1344 1260 ἐνέργεια
1381 1188 1654 1263 χωριστὴ,
1716 1187 1766 1261 ἐξ
1825 1188 1949 1243 ἀνά-

293 1288 444 1343 γκης
472 1270 560 1322 καὶ
586 1271 621 1339 ἡ
656 1268 809 1324 οὐσία
840 1270 1007 1340 αὐτῆς
1039 1275 1288 1347 χωριστή
1331 1271 1500 1333 ἔσται.
1535 1277 1601 1333 Εἴ
1653 1274 1709 1332 δὲ
1776 1296 1951 1353 χωρι-

298 1358 403 1426 στὴ
436 1360 471 1427 ἡ
506 1358 686 1431 οὐσία,
714 1360 852 1413 κατὰ
881 1364 1053 1415 πᾶσαν
1087 1360 1349 1436 ἀνάγκην,
1396 1364 1485 1418 καὶ
1530 1362 1728 1428 ἀῒδιος·
1790 1371 1950 1422 τοῦτο

293 1448 404 1521 γὰρ
437 1451 635 1501 κοινῶς
690 1449 879 1510 πάντες
938 1448 1331 1526 ὁμολογοῦσιν,
1386 1452 1469 1508 ὅτι
1526 1458 1671 1509 πᾶσα
1700 1458 1948 1531 χωριστή

294 1540 397 1590 τοῦ
431 1535 681 1609 σώματος
715 1536 873 1592 οὐσία
930 1541 1181 1614 χωριστὴ
1229 1540 1317 1595 xui
1350 1539 1525 1605 ἀίδιός
1564 1542 1694 1602 ἐττι.
1750 1545 1950 1600 Σκόπει

296 1625 434 1701 γάρ,
464 1626 509 1680 εἷ
542 1629 789 1702 χωριστὴ
824 1627 979 1683 οὐσία
1013 1630 1089 1701 μὴ
1122 1628 1261 1685 ἐστιν
1291 1629 1484 1701 ἀίδιος,
1522 1632 1668 1690 ἀλλά
1719 1637 1948 1711 γεννητή

296 1716 390 1769 καὶ
459 1716 692 1790 φθαρτή,
750 1717 876 1792 πρὶν
932 1717 1198 1792 γενέσθαι,
1244 1720 1279 1789 ἢ
1340 1719 1575 1791 ἠδύνατο
1615 1725 1859 1799 γενέσθαι

1868 1725 1948 1797 ,ἢ

2067 574 2204 628 pore
2236 558 2525 613 actionem
2576 556 2882 612 ostendere
2923 572 3284 628 possumus;
3330 556 3568 611 omnino
3618 572 3715 611 ne-

2066 663 2227 702 cesse
2261 646 2435 701 fuerit
2480 646 2630 701 hanc
2668 661 2903 717 quoque
2949 644 3337 717 separabilem
3388 660 3536 700 esse.
3570 647 3712 700 Cum

2066 734 2251 805 igitur
2280 751 2370 790 res
2420 750 2518 789 eas
2551 751 2676 806 quas
2727 733 3022 789 intellectu
3064 732 3482 805 praecipiuntur
3526 738 3583 788 et
3617 734 3712 788 Dei

2067 822 2332 879 notiones
2364 823 2474 877 sibi
2507 822 2779 895 proponit
2799 822 3145 891 anima,tum
3176 824 3466 877 actionem
3498 821 3711 877 habere

2064 913 2137 968 ab
2165 911 2327 968 omni
2375 927 2618 983 corpore
2662 914 2949 967 secretam
3002 912 3380 966 manifestum
3429 914 3540 977 est,
3586 916 3711 966 tum

2065 1002 2241 1056 etiam
2272 1017 2404 1056 cum
2440 1002 2496 1055 in
2530 1018 2591 1056 se
2624 1002 2751 1072 ipsa
2773 1000 3075 1055 descendit
3105 1000 3545 1071 investigando;
3573 1004 3712 1055 tunc

2064 1091 2242 1157 enim,
2278 1107 2462 1159 neque
2495 1089 2819 1145 ministerio
2851 1088 3037 1144 utitur
3068 1088 3348 1161 corporis,
3372 1104 3559 1160 neque
3581 1088 3711 1158 ipsa

2062 1181 2120 1235 in
2154 1197 2365 1251 corpus
2399 1179 2541 1251 agit,
2572 1178 2653 1234 ita
2682 1184 2747 1233 ut
2777 1179 3015 1235 omnino
3048 1178 3123 1233 sit
3153 1196 3185 1233 a
3214 1194 3452 1250 corpore
3485 1183 3710 1233 semota

2063 1269 2353 1341 ejusmodi
2386 1268 2554 1336 actio,
2590 1270 2708 1324 imo
2739 1272 2795 1323 et
2826 1269 2897 1323 ab
2931 1269 3074 1340 ipsis
3105 1268 3347 1339 objectis
3374 1265 3702 1338 speciebus.

2062 1368 2121 1424 Si
2154 1373 2347 1424 autem
2398 1367 2549 1424 actio
2599 1370 2869 1439 separata
2898 1371 3007 1433 est,
3049 1366 3285 1421 omnino
3312 1366 3440 1435 ejus
3472 1380 3704 1436 quoque

2063 1457 2398 1513 substantia
2446 1454 2793 1528 separabilis
2842 1456 2971 1510 erit.
3004 1454 3103 1509 Sin
3135 1458 3332 1531 autem
3360 1452 3704 1524 separabilis

2062 1545 2661 1618 substantia,penitus
2695 1560 2933 1600 necesse
2963 1546 3146 1612 est,ut
3175 1541 3526 1598 immortalis
3559 1558 3706 1613 quo-

2062 1652 2175 1708 que
2196 1634 2363 1690 sit.ld
2387 1635 2542 1689 enim
2568 1633 2720 1705 apud
2746 1650 2948 1689 omnes
2970 1633 3025 1687 in
3051 1632 3319 1688 confesso
3341 1635 3450 1699 est,
3470 1647 3703 1686 omnem

2060 1741 2362 1796 acorpore
2417 1722 2801 1796 separabilem
2859 1721 3254 1778 substantiam
3312 1718 3703 1775 immortalem

300 1803 405 1858 οὐκ
435 1800 690 1874 ἠδύνατο.
724 1803 791 1861 Εἴ
825 1806 919 1879 μὶν
950 1806 1041 1861 οὗν
1073 1808 1150 1880 μὴ
1181 1805 1440 1879 ἠδύνατο,
1475 1810 1573 1865 οὐκ
1603 1811 1662 1867 ἂν
1718 1812 1945 1889 ἐγένετο·

2060 1814 2280 1887 pariter
2307 1812 2607 1871 esse.Nam
2635 1811 2866 1867 attende
2894 1827 2905 1866 :
2932 1810 2979 1866 si
3003 1808 3349 1882 separabilis
3374 1806 3704 1864 substantia

300 1894 364 1948 τὸ
394 1894 499 1969 γὰρ
532 1891 790 1949 ἀδύνατον
824 1895 921 1951 οὐκ
968 1894 1029 1951 ἂν
1060 1895 1292 1972 ἐγένετο.
1348 1899 1409 1955 Εἰ
1443 1898 1499 1956 δὲ
1528 1898 1785 1974 ἠδύνατο,
1823 1901 1945 1959 ὑλι-

295 1983 372 2051 κὴ
426 1984 638 2046 πάντως
695 1986 760 2053 ἦν
794 2002 806 2015 ·
865 1989 1026 2040 τοῦτο
1054 1986 1179 2061 γὰρ,
1230 1988 1290 2043 τὸ
1342 1986 1599 2054 δύνασθαί
1626 2013 1758 2047 ποτε
1816 1995 1948 2049 εἶναι

294 2072 338 2143 ἢ
375 2072 450 2145 μὴ
484 2072 635 2129 εἶναι.
670 2073 733 2130 Εἰ
777 2071 834 2128 δὲ
890 2071 1029 2130 ἄϋλα
1083 2076 1149 2130 τά
1199 2078 1446 2152 χωριστὰ
1498 2086 1601 2150 τῆς
1655 2080 1792 2153 ὕλης
1850 2082 1949 2138 οὐκ

294 2154 513 2217 ἔσονται
571 2161 631 2217 ἐκ
684 2167 781 2218 τοῦ
834 2160 1059 2238 δυνάμει
1124 2165 1200 2230 εἷς
1252 2168 1315 2222 τὸ
1347 2166 1587 2245 ἐγεργείᾳ
1635 2170 1789 2226 εἶναι·
1822 2170 1949 2228 ἀλλ’

296 2258 387 2315 ἀεὶ
446 2258 689 2336 ἐνεργείᾳ
739 2257 973 2334 ἔσονται,
1022 2262 1113 2318 καὶ
1146 2260 1331 2328 ἄλλως
1388 2273 1493 2322 πᾶν
1548 2268 1610 2323 τὸ
1668 2270 1951 2346 φθειρόμε-

291 2368 416 2419 νον,
462 2350 600 2404 κατά
636 2346 731 2404 δύο
762 2350 998 2426 τρόπους
1046 2351 1336 2429 φθείρεται,
1371 2356 1406 2426 ἢ
1461 2357 1554 2411 τὸν
1601 2361 1709 2413 τῶν
1766 2360 1949 2432 σωμά-

292 2458 413 2492 των
444 2442 513 2510 τῇ
548 2438 623 2501 εἰς
649 2439 715 2493 τὰ
745 2446 991 2515 στοιχεῖα
1020 2440 1295 2515 ἀναλύσει,
1353 2446 1387 2515 ἢ
1446 2446 1536 2501 τὸν
1568 2451 1677 2502 τῶν
1735 2449 1856 2522 περῖ
1887 2452 1949 2505 τὸ

291 2531 459 2599 σῶμα
498 2522 968 2601 ἀποσϐεννυμένου
1001 2533 1098 2585 τοῦ
1151 2529 1346 2603 εἷ’δους,
1403 2535 1473 2605 τῇ
1530 2534 1824 2610 ἀναρμονίᾳ
1851 2543 1947 2593 τοῦ

294 2616 686 2688 ὑποκειμένου,
740 2616 789 2670 ἐν
819 2618 865 2689 ᾧ
894 2619 957 2672 τὸ
990 2618 1123 2673 εἶναι
1168 2616 1306 2695 ἔχει.
1362 2626 1490 2677 Κατ’
1553 2622 1830 2700 οὐδέτερον
1892 2624 1947 2682 δὲ

290 2708 407 2758 τῶν
443 2703 746 2779 εδρημένων
778 2707 997 2780 τρόπων
1031 2704 1302 2785 ἐνδέχεται
1348 2712 1616 2788 φθαρῆναι
1646 2715 1745 2783 τήν
1790 2731 1947 2791 Λογι-

288 2794 401 2861 κῆν
460 2796 667 2868 ψυχήν
729 2794 1018 2867 ἀσώματος
1078 2796 1180 2872 γάρ
1237 2797 1368 2868 ἐστι,
1427 2801 1515 2855 καὶ
1549 2803 1607 2857 τὸ
1665 2805 1797 2859 εἶναι
1830 2803 1944 2880 ἔχει

289 2881 404 2936 οὐκ
461 2882 513 2936 ἐν
568 2882 907 2957 ὑποκειμένῳ
963 2886 1226 2958 σώματι,
1296 2886 1371 2950 ὠς
1423 2887 1687 2946 δέδεικται
1725 2910 1739 2925 ⁸
1810 2893 1947 2949 ὥστε

284 2968 470 3033 ἀΐδιος
520 2974 554 3041 ἡ
589 2970 792 3048 λογική
820 2976 997 3048 ψυχή.
1052 2975 1174 3031 Ὅτι
1208 2973 1265 3031 δὲ
1294 2979 1329 3047 ἡ
1358 2976 1574 3054 ἄλογος,
1626 2980 1713 3036 καὶ
1773 2985 1806 3051 ἡ
1849 3005 1945 3059 φυ-

282 3061 421 3128 τική
480 3065 577 3115 τοῦ
621 3061 672 3114 ἐν
706 3062 752 3134 ᾧ
786 3062 889 3117 εἰσι
925 3063 1179 3137 σώματος
1239 3066 1540 3143 ἀχώριστοί
1588 3070 1712 3139 εἶ’σι,
1775 3068 1944 3141 δῆλον

280 3148 351 3204 ἐκ
380 3154 480 3204 τοῦ
528 3149 728 3206 λοιποῦ
778 3152 1023 3217 κανόνος.
1075 3158 1244 3209 Πᾶσαι
1275 3156 1449 3211 τοίνυν
1482 3157 1655 3214 αὐτῶν
1686 3159 1940 3238 ἐνέργειαι

284 3236 346 3293 ἐν
384 3240 595 3311 σώματι
625 3240 713 3294 καὶ
746 3241 868 3318 περὶ
902 3244 1064 3315 σῶμά
1115 3243 1239 3302 εἶσι.
1272 3245 1376 3302 Καὶ
1429 3248 1529 3322 γὰρ
1561 3250 1595 3317 ἡ
1656 3236 1941 3325 θρεπτική,

280 3336 381 3391 καὶ
440 3336 723 3408 αὐξητικὴ,
757 3340 848 3394 καὶ
880 3342 1172 3415 γεννητική
1204 3344 1293 3398 καὶ
1334 3342 1386 3399 ἐν
1416 3346 1629 3419 σώματί
1682 3346 1803 3419 εἶσι,
1850 3350 1938 3404 καὶ

285 3421 385 3479 διὰ
443 3425 698 3497 σώματος
775 3427 1084 3504 ἐνεργοῦσι,
1141 3430 1228 3486 καί
1304 3434 1426 3507 περὶ
1485 3435 1740 3507 σώματα·
1805 3436 1942 3493 ὥστε

282 3518 401 3568 τῶν
435 3514 700 3587 σωμάτων
751 3516 1077 3593 ἀχώριστοι.
1136 3523 1253 3577 Ἔτι
1310 3525 1415 3594 μὴν
1468 3523 1617 3579 καὶὸ
1650 3526 1820 3598 θυμὸς
1852 3527 1939 3581 καὶ

283 3604 324 3671 ἡ
387 3600 663 3676 ἐπιθυμία·
716 3611 857 3660 κινεῖ
904 3607 1007 3682 γάρ
1038 3608 1066 3662 ὁ
1109 3608 1201 3681 μὶν
1256 3611 1318 3665 τὸ
1374 3611 1723 3688 περικάρδιον
1783 3618 1940 3688 αἷμα,

285 3693 322 3760 ἡ
385 3688 441 3745 δὲ
497 3692 560 3745 τὸ
590 3692 737 3769 ἧπαρ
763 3693 995 3751 τοιῶσδε
1024 3696 1059 3765 ἢ
1094 3695 1325 3754 τοιῶσδε
1357 3697 1681 3772 διατίθησιν.
1714 3705 1799 3761 Ἐν
1834 3707 1939 3759 σώο

289 3798 423 3853 ματι
459 3780 555 3851 μὲν
589 3780 678 3836 οῦν
706 3784 793 3837 καὶ
837 3784 1011 3853 αὗται,
1064 3787 1152 3841 καὶ
1214 3784 1301 3842 διὰ
1350 3789 1620 3862 σώματος,
1671 3794 1760 3847 καὶ
1818 3795 1937 3869 περὶ

283 3867 539 3939 σώματα.
572 3869 634 3925 Ἠ
663 3869 764 3946 γὰρ
803 3871 1133 3946 βρωμάτων,
1184 3874 1219 3944 ἢ
1270 3880 1598 3950 χρημάτων,
1753 3867 1942 3945 ἀτελῶς

284 3960 621 4026 σωματικῶν
651 3959 983 4034 πραγμάτων
1033 3960 1207 4037 ὅρεξίς
1240 3961 1379 4019 ἐστιν
1412 3967 1446 4035 ἡ
1494 3965 1754 4040 ἐπιθυμία
1779 3989 1790 4000 ·
1851 3969 1939 4024 καὶ

283 4045 313 4098 ὁ
367 4045 566 4116 Θυμὸς,
599 4046 672 4108 εἷς
700 4048 763 4101 τὸ
797 4048 1159 4120 ἀντιλυπῆσαι
1190 4052 1281 4106 τὸν
1312 4052 1384 4115 εἴς
1431 4076 1483 4109 τι
1539 4056 1748 4111 τούτων
1815 4056 1943 4133 βλά-

284 4137 484 4207 ψαντιν
518 4134 655 4189 ὥστε
688 4137 741 4190 αἱ
796 4135 1056 4214 ἐνέργειαι
1118 4139 1325 4196 τούτων
1391 4143 1492 4197 οὐκ
1532 4145 1654 4199 ἄνευ
1688 4146 1940 4219 σώματος

286 4222 338 4294 ἐξ
392 4222 636 4298 ἀνάγκης
671 4245 683 4258 ·
745 4225 820 4287 εἷς
875 4226 927 4281 τί
990 4224 1046 4283 δὲ
1107 4236 1463 4304 χωρισθεῖσαι
1518 4230 1787 4310 ἐνεργοῦσι
1823 4282 1837 4307 ,
1891 4237 1942 4291 τί

287 4310 602 4386 θρέψουσιν,
656 4314 690 4382 ἢ
742 4315 1090 4385 αὐξήσουσιν,
1149 4317 1185 4387 ἢ
1216 4321 1572 4394 γεννήσουσι;
1604 4322 1724 4377 τίνα
1765 4321 1821 4378 δὲ
1852 4326 1942 4379 καὶ

286 4398 791 4487 ἀντιλυπήσουσιν;
825 4403 980 4460 Ἀλλ’
1038 4404 1167 4462 οὑδὲ
1223 4411 1257 4478 ἠ
1318 4407 1579 4483 ἐπιθυμία
1622 4410 1832 4487 ἰσχύσει
1890 4435 1943 4468 τι

286 4493 401 4543 τῶν
457 4486 661 4561 ἡδέων,
718 4496 824 4546 τῶν
880 4494 1171 4550 κινούντων
1233 4496 1402 4567 αὐτὴν
1436 4496 1512 4560 εἷς
1546 4486 1741 4574 ὄρεξιν·
1805 4502 1944 4557 ὥστε

2058 1923 2171 1961 non
2205 1908 2293 1960 est
2322 1902 2696 1967 immortalis,
2732 1902 2833 1958 sed
2864 1899 3257 1973 generationis
3287 1904 3343 1955 et
3372 1898 3700 1970 corruptio-

2056 1996 2150 2050 nis
2198 2010 2398 2065 capax,
2449 1996 2760 2062 antequam
2814 1991 2995 2057 tieret,
3027 1987 3111 2045 vel
3144 1988 3269 2044 ﬁeri
3316 1990 3565 2060 poterat,
3608 1984 3700 2043 vel

2058 2099 2170 2138 non
2194 2085 2438 2154 poterat.
2473 2080 2531 2135 Si
2552 2096 2687 2151 ergo
2707 2096 2819 2135 non
2854 2082 3096 2151 poterat,
3126 2094 3430 2149 nunquam
3449 2076 3693 2132 fuisset:

2059 2180 2214 2251 quod
2237 2179 2392 2233 enim
2431 2178 2555 2233 ﬁeri
2590 2194 2705 2232 non
2730 2181 2940 2247 potest,
2972 2191 3276 2246 nunquam
3305 2174 3481 2229 fuerit
3513 2189 3527 2230 :
3560 2172 3698 2251 etsi

2060 2248 2309 2340 poterat,
2340 2266 2511 2338 plane
2545 2265 2849 2320 materiata
2879 2270 3041 2331 erat;
3076 2264 3131 2317 id
3183 2262 3340 2317 enim
3391 2266 3481 2317 est
3528 2248 3700 2332 posse

2059 2373 2220 2426 esse;
2247 2362 2304 2412 et
2333 2372 2447 2412 non
2468 2372 2614 2410 esse.
2648 2354 2706 2409 Si
2729 2360 2925 2409 autem
2949 2351 3336 2408 immateriata
3360 2366 3473 2405 non
3504 2355 3699 2417 erunt,

2060 2464 2186 2520 quae
2219 2463 2253 2501 a
2282 2445 2528 2501 materia
2576 2444 2837 2516 separari
2886 2446 3155 2515 possunt,
3206 2458 3320 2495 non
3369 2440 3497 2495 ideo
3547 2440 3702 2511 quod

2060 2537 2250 2608 reipsa
2297 2552 2424 2591 esse
2456 2533 2718 2605 possint;
2751 2534 2854 2588 sed
2904 2532 3095 2603 reipsa
3144 2546 3375 2601 semper
3411 2533 3601 2583 erunt.
3635 2528 3705 2583 Et

2058 2625 2316 2693 aliunde,
2349 2623 2741 2695 quodcunque
2785 2619 3204 2692 corrumpitur,
3235 2618 3465 2674 duobus
3513 2618 3701 2673 modis

2059 2712 2626 2785 corrumpitur;vel
2682 2728 2991 2784 corporum
3055 2709 3411 2765 resolutione
3468 2708 3527 2763 in
3583 2707 3703 2765 ele-

2060 2809 2279 2871 menta,
2315 2802 2399 2857 vel
2427 2802 2714 2857 exstincta
2739 2801 2923 2855 forma
2945 2815 3145 2854 eorum
3181 2815 3305 2869 quae
3330 2802 3465 2852 sunt
3499 2796 3557 2851 in
3586 2812 3707 2850 cor-

2059 2918 2215 2974 pore,
2240 2902 2434 2955 soluta
2466 2914 2674 2971 nempe
2706 2902 2761 2953 et
2792 2899 3028 2952 turbata
3058 2898 3188 2967 ejus
3220 2895 3466 2966 subjecti
3502 2894 3558 2948 in
3593 2910 3707 2964 quo

2058 2995 2165 3059 cst,
2192 2988 2471 3061 temperie
2494 2993 2668 3058 atque
2707 2992 3013 3041 concentu.
3048 2990 3121 3039 At
3144 2990 3350 3039 neutro
3381 2982 3709 3053 corrumpi-

2056 3086 2155 3136 tur
2184 3080 2383 3134 anima
2416 3078 2659 3132 rationis
2691 3081 2916 3148 potens,
2951 3075 3166 3146 quippe
3198 3092 3323 3146 quae
3369 3073 3707 3144 incorporea

2057 3173 2166 3237 est,
2198 3167 2330 3223 etin
2356 3183 2595 3238 corpore
2617 3170 2892 3235 tanquam
2922 3164 2979 3217 in
3010 3163 3277 3233 subjecto
3302 3178 3414 3216 non
3457 3159 3704 3228 exsistit,

2059 3263 2124 3314 ut
2152 3260 2621 3312 demonstratum
2653 3258 2760 3308 est.
2796 3254 2998 3324 Itaque
3028 3256 3243 3306 aeterna
3263 3254 3351 3305 est
3380 3248 3579 3303 anima
3612 3264 3702 3301 ra~

2054 3347 2230 3403 tionis
2262 3361 2538 3417 compos:
2572 3344 2669 3398 sed
2705 3347 2763 3398 et
2791 3344 3182 3410 brutorum,et
3216 3339 3546 3410 plantarum
3579 3336 3704 3391 ani-

2055 3453 2235 3505 mum,
2269 3435 2341 3490 ab
2372 3450 2459 3499 eo,
2492 3434 2549 3487 in
2591 3448 2705 3504 quo
2756 3434 2914 3497 sunt,
2961 3430 3226 3499 subjecto
3278 3426 3535 3499 separari
3586 3441 3701 3479 non

2054 3541 2320 3596 posse,ex
2352 3520 2657 3594 posteriori
2691 3518 2891 3591 regula
2923 3517 3298 3573 manifestum
3333 3514 3447 3570 ﬁet.
3483 3514 3698 3569 Omnes

2052 3614 2232 3685 igitur
2261 3612 2495 3666 illarum
2547 3608 2804 3665 actiones
2837 3608 2893 3662 in
2926 3623 3165 3678 corpore
3195 3611 3251 3659 et
3297 3605 3451 3660 circa
3489 3619 3699 3675 corpus

2051 3707 2228 3769 sunt;
2262 3700 2432 3756 altrix
2466 3700 2645 3769 enim,
2677 3702 2733 3754 et
2766 3696 3013 3764 auctrix,
3046 3701 3102 3750 et
3148 3692 3499 3766 generalrix,
3532 3695 3589 3746 et
3637 3691 3696 3745 in

2051 3807 2287 3862 corpore
2319 3793 2480 3853 sunt,
2514 3794 2571 3843 et
2630 3804 2731 3859 per
2762 3802 2975 3857 corpus
3007 3790 3211 3855 agunt,
3264 3787 3321 3837 et
3367 3781 3523 3835 circa
3573 3796 3701 3835 cor-

2052 3897 2194 3952 pora
2223 3898 2235 3935 :
2272 3879 2349 3933 ita
2381 3894 2496 3933 non
2540 3881 2788 3949 possunt
2821 3892 2852 3929 a
2878 3872 3222 3945 corporibus
3274 3869 3558 3942 separari.
3607 3868 3699 3923 Ira

2053 3968 2249 4023 itidem
2284 3973 2340 4022 et
2369 3962 2986 4036 concupiscentiallla
3018 3962 3176 4016 enim
3205 3958 3578 4031 sanguinem,
3605 3956 3705 4028 qui

2052 4059 2207 4113 circa
2262 4073 2358 4110 cor
2415 4060 2523 4124 est,
2581 4058 2950 4109 commovet:
2987 4050 3085 4105 illa
3138 4052 3307 4121 jecur
3366 4047 3473 4102 hoc
3531 4046 3702 4102 illove

2054 4147 2227 4201 modo
2260 4144 2465 4199 allicit:
2500 4142 2556 4197 in
2590 4158 2828 4213 corpore
2862 4140 3041 4211 igitur
3074 4138 3183 4192 illae
3216 4152 3449 4208 quoque
3482 4139 3705 4200 sunt,et

2053 4252 2154 4308 per
2202 4250 2435 4304 corpus,
2485 4238 2542 4287 et
2590 4231 2743 4285 circa
2792 4244 3055 4299 corpora.
3090 4226 3362 4280 Ciborum
3408 4223 3558 4278 enim
3613 4222 3702 4277 vel

2052 4320 2548 4396 pecuniarum,vel
2581 4320 2831 4391 denique
2866 4333 3056 4371 rerum
3091 4314 3351 4385 corporis
3371 4310 3704 4384 appetentia

2052 4416 2140 4469 est
2170 4412 2255 4466 vis
2288 4408 2779 4482 concupiscendi:
2815 4406 3074 4461 irascens
3106 4400 3560 4473 vero,cupiditas
3581 4399 3705 4455 vin-

2051 4500 2285 4556 dicandi
2306 4500 2363 4553 in
2382 4497 2647 4569 eum,qui
2665 4496 2725 4551 in
2744 4496 2993 4550 istorum
3015 4491 3213 4564 aliquo
3233 4490 3402 4546 nobis
3419 4487 3701 4545 olfecerit.

291 4578 474 4653 μάτην
536 4578 771 4647 ἔσονται,
804 4582 934 4659 ὅπερ
966 4582 1107 4639 ἐστὶν
1136 4583 1420 4642 ἀδύνατον·
1483 4587 1791 4667 ἀχώριστος
1838 4590 1940 4669 ἄρα

2058 4590 2266 4645 Harum
2292 4589 2487 4659 itaque
2508 4586 2767 4643 actiones
2791 4584 2918 4638 sine
2941 4599 3179 4652 corpore
3228 4596 3357 4637 esse
3381 4582 3701 4651 nequeunt,

286 4681 326 4749 ἡ
360 4677 522 4733 οὐσία
556 4679 845 4765 σωμάτων,
904 4680 956 4753 ἐξ
1016 4683 1084 4752 ἧς
1142 4684 1196 4738 αἱ
1246 4689 1489 4742 τοιαῦται
1527 4688 1771 4763 πρόεισιν
1804 4687 1946 4765 ἐνέρ-

286 4785 457 4843 γειαι.
519 4764 679 4823 Ἀλλ’
708 4768 757 4823 εἲ
789 4770 882 4843 μὲν
940 4774 1137 4849 φυτική
1165 4777 1265 4829 τοῦ
1293 4777 1503 4851 παχέος
1541 4775 1682 4833 ἐστὶν
1737 4764 1947 4856 ἀχώρι-

288 4874 445 4920 στος,
497 4856 588 4911 καὶ
630 4858 1016 4934 συμφθείρεται
1050 4862 1221 4935 αὑτῷ⁸
1272 4863 1362 4919 καὶ
1410 4862 1580 4935 δῆλον
1612 4866 1663 4938 ἐξ
1690 4865 1764 4923 ὧν
1815 4868 1947 4925 εἰσιν

288 4946 349 5000 αἱ
394 4941 653 5017 δυνάμεις
685 4944 860 5020 αῦται,
910 4949 1000 5005 καὶ
1031 4949 1082 5007 ἐν
1111 4958 1227 5015 τοῖς
1278 4958 1487 5033 φυτοῖς,
1546 4954 1597 5012 ἐν
1658 4958 1741 5020 οἷς
1796 4957 1953 5013 πνεύο

292 5034 527 5108 μπικὸν
559 5038 720 5109 σῶμα
748 5036 810 5091 οὐ
870 5039 1172 5112 Θεωρεῖται.
1214 5043 1519 5099 Δείκνυνται
1573 5043 1631 5102 δὲ
1673 5046 1763 5101 καὶ
1818 5047 1951 5119 μετά

288 5124 411 5211 τήνῄ
430 5120 615 5211 ἔξοδον
669 5132 772 5196 τῆς
820 5130 1003 5205 ψυχῆς
1050 5125 1127 5185 ἔτι
1177 5128 1527 5205 διαμένουσαι
1564 5134 1771 5211 βραχύν
1830 5156 1950 5190 τινα

289 5205 501 5287 χρόνον
532 5210 585 5267 ἐν
614 5214 794 5289 τούτῳ
818 5220 897 5289 τῷ
926 5218 1161 5291 σώματι·
1205 5216 1400 5296 ὅνυχές
1444 5242 1503 5277 τε
1673 5205 1783 5279 ’καὶ
1840 5224 1952 5300 τρί-

289 5319 398 5376 χες
454 5305 554 5356 τοῦ
610 5309 802 5378 νεκροῦ
860 5304 1114 5379 σώματος
1172 5305 1441 5379 αὔξονται.
1478 5311 1657 5368 Ἀλλᾶ
1689 5314 1763 5385 μή
1817 5333 1952 5368 ποτε

291 5387 401 5443 οὐκ
432 5384 651 5461 ἀληθὴς
681 5393 710 5446 ὁ
759 5391 927 5468 λόγος
974 5392 1170 5456 οῦτος-
1234 5395 1296 5451 οὐ
1347 5396 1451 5472 γάρ
1509 5384 1744 5471 αὔξεται,
1802 5400 1950 5476 (paci,

290 5478 492 5544 ταῦτα,
549 5477 698 5534 ἀλλᾶ
751 5482 1073 5555 τηκομένων
1132 5484 1222 5538 καὶ
1284 5485 1621 5559 μειουμένῶν
1678 5492 1786 5542 τῶν
1828 5489 1950 5565 περὶ

292 5562 467 5626 αὐτὰς
501 5572 736 5642 σαρκῶν,
773 5569 984 5642 μᾶλλον
1018 5570 1480 5647 ἀπογυμνοῦσθαι,
1512 5575 1598 5630 καὶ
1658 5573 1746 5631 διὰ
1788 5562 1951 5633 τοῦτο

294 5650 392 5707 καί
442 5654 612 5725 μείζω
658 5659 747 5712 καὶ
802 5658 1082 5733 ηὖξημένα
1140 5657 1315 5717 δοκεῖν
1376 5663 1697 5741 φαίνεσθαι.
1776 5663 1955 5723 Ἀλλά

2058 4684 2116 4734 at
2148 4679 2205 4735 in
2226 4678 2365 4750 quid
2384 4683 2557 4748 agent
2583 4671 2895 4747 sejunctas?
2921 4671 3061 4743 quid
3083 4669 3354 4733 alent,vel
3382 4669 3705 4741 augebunt,

2058 4776 2143 4833 vel
2175 4774 2564 4848 progignent?
2594 4788 2767 4844 quem
2818 4767 3221 4824 ulciscentur?
3251 4767 3350 4822 sed
3386 4780 3573 4836 neque
3603 4780 3703 4818 cu-

2055 4866 2270 4938 piditas
2302 4863 2418 4919 ulla
2451 4880 2510 4918 re
2541 4862 2796 4934 potietur
2842 4874 3043 4913 earum
3078 4872 3204 4927 quae
3254 4854 3338 4909 illi
3378 4852 3701 4926 appetitum

2057 4958 2444 5011 commovent.
2482 4952 2719 5007 Frustra
2748 4949 2928 5021 igitur
2968 4951 3141 5003 erunt
3172 4963 3184 5000 :
3219 4944 3374 5016 quod
3408 4960 3548 4998 sane
3581 4940 3704 4995 fieri

2060 5043 2281 5115 nequit.
2314 5040 2580 5113 Separari
2612 5042 2761 5111 ergo
2794 5054 2828 5093 ο.
2856 5035 3198 5109 corporibus
3250 5050 3361 5088 non
3412 5036 3604 5102 potest
3634 5046 3705 5083 ea

2058 5131 2413 5199 substantia,
2435 5147 2504 5185 ex
2534 5147 2651 5201 qua
2694 5127 2839 5183 tales
2874 5127 3159 5199 prodeunt
3196 5122 3471 5177 actiones.
3509 5117 3618 5171 Sed
3652 5117 3702 5171 si

2060 5231 2332 5295 vegetans
2362 5240 2395 5277 a
2424 5238 2623 5277 crasso
2671 5235 2910 5291 corpore
2959 5215 3188 5287 scjungi
3223 5229 3334 5267 non
3384 5213 3612 5280 potest;
3648 5212 3707 5263 et

2062 5329 2177 5367 una
2208 5328 2340 5366 cum
2368 5328 2433 5365 eo
2466 5311 2897 5381 corrumpitur:
2947 5305 3004 5359 id
3032 5320 3099 5359 ex
3132 5302 3200 5356 iis
3240 5299 3462 5355 clarum
3496 5304 3606 5365 est,
3638 5314 3707 5353 ex

2061 5403 2277 5475 quibus
2308 5407 2445 5457 sunt
2478 5402 2561 5455 hae
2594 5396 3112 5472 potestates,etiam
3148 5393 3205 5446 in
3240 5389 3543 5465 plantis,in
3577 5390 3705 5460 qui-

2061 5495 2171 5549 bus
2199 5492 2459 5564 spiritale
2490 5508 2702 5563 corpus
2734 5505 2849 5542 non
2897 5484 3173 5541 cernitur.
3208 5482 3317 5538 Sed
3352 5490 3403 5536 et
3446 5485 3577 5553 post
3606 5494 3705 5534 ex-

2062 5599 2289 5638 cessum
2342 5582 2548 5636 animae
2598 5578 2837 5651 paulum
2885 5572 3168 5643 temporis
3198 5574 3256 5627 in
3308 5571 3417 5625 hoc
3464 5582 3703 5639 corpore

2063 5687 2299 5727 manere
2330 5670 2617 5725 videntur.
2653 5665 2888 5738 Ungues
2919 5663 3075 5717 enim
3105 5666 3161 5716 et
3194 5660 3292 5731 pili
3327 5656 3544 5714 mortui
3576 5671 3705 5711 cor-
