4054 6200
315 352 480 413 1053

1813 352 1917 414 DE
1962 351 2233 413 ANIMA.

3576 364 3734 423 1054

317 498 476 551 σεως,
537 482 737 553 ἀνῆκτο
797 484 881 553 ἄν,
943 484 1034 541 καὶ
1089 483 1188 542 οὐκ
1236 484 1296 542 ἄν
1327 492 1443 553 τοῖς
1478 486 1581 543 ὑπὸ
1610 486 1709 563 γῆν
1744 481 1958 540 δικαιω-

2084 480 2524 554 perturbatione
2554 490 2611 543 et
2639 486 3015 560 generatione
3046 485 3262 557 soluta,
3286 488 3530 547 dimissa
3558 500 3733 562 esset,

313 572 531 647 τηρίοις
563 568 908 648 παρεδίδοτο.
944 575 1026 631 Τὰ
1080 573 1136 631 δὲ
1196 574 1558 653 δικαιωτήρια
1616 574 1971 655 ἐπιστρέφου-

320 681 402 713 σιν
463 662 628 730 αὐτὴν
686 664 823 738 πρὸς
877 665 1071 735 ἑαυτήν
1104 710 1117 735 ,
1188 662 1325 721 ὥστε
1381 667 1573 723 λοιπὸν
1632 670 1971 743 καταγνοῦσα

314 748 537 819 ὶαυτῆς,
586 750 762 823 οἷ’κείᾳ
808 752 959 828 ὁρμῇ
1009 754 1365 831 καθαρθῆναι.
1428 754 1576 812 Δῦτᾶ
1627 756 1719 831 μὲν
1775 753 1875 832 γὰρ
1906 754 1972 809 τὰ

314 836 675 913 δικαιωτήρια
706 840 804 896 οὐκ
843 840 1025 919 ἀνάγει
1078 842 1268 913 αὐτὴν,
1328 842 1473 902 ἀλλά
1527 845 1791 921 καθαίρει·
1850 854 1969 908 καθ-

314 928 579 1003 αιρομένη
633 925 691 984 δὲ
740 928 1135 1010 ἄπιστρέφεται,
1196 935 1284 988 καὶ
1344 933 1480 1005 αὐτή
1529 936 1725 1004 ἑαυτὴν
1786 933 1969 1009 ἀνέχει

312 1015 576 1091 γενέσεως
633 1017 1039 1095 ἀπαλλαγεῖσα.
1090 1022 1222 1077 Τότε
1278 1022 1455 1079 τοίνυν
1514 1023 1602 1079 καὶ
1649 1024 1739 1078 τὸν
1799 1022 1967 1095 Θυμὸν

312 1105 527 1176 καὶτὴν
560 1105 851 1183 ἐπιθυμίαν
906 1110 1215 1167 ἀποτίθεται
1254 1114 1390 1185 μετὰ
1417 1111 1615 1169 τούτου
1672 1117 1767 1167 τοῦ
1824 1112 1970 1187 ὀχή-

317 1214 508 1269 ματος,
569 1200 665 1253 τοῦ
721 1201 1090 1269 πνευματικοῦ
1150 1199 1315 1279 λέγω·
1356 1204 1431 1265 ὡς
1463 1198 1595 1258 εἶναί
1631 1223 1681 1257 τι
1712 1202 1800 1258 καὶ
1838 1202 1971 1275 μετά

308 1286 473 1340 τοῦτο
504 1280 646 1343 ἄλλο
674 1309 726 1342 τι
760 1286 950 1350 ἀιδίως
1010 1288 1178 1360 αὐτῆς
1238 1291 1542 1365 ἐξημμένον
1591 1294 1751 1365 σῶμα
1807 1289 1967 1363 οὖρά·

310 1394 450 1441 νιον,
507 1373 599 1429 καὶ
657 1373 744 1431 διὰ
799 1378 960 1433 τοῦτο
990 1374 1188 1447 ἀΐδιον,
1220 1377 1309 1434 καὶ
1344 1378 1417 1442 ὥς
1468 1400 1647 1459 φασιν,
1692 1374 1969 1455 αὐγοειδὲς

310 1463 347 1531 ἢ
400 1460 727 1539 ἀστροειδές.
786 1467 909 1523 Τῶν
958 1466 1058 1543 γὰρ
1110 1464 1415 1545 ἰγκοσμίων
1478 1464 1637 1523 οὖσαν
1676 1516 1690 1541 ,
1764 1465 1964 1545 ἀνάγκη

310 1550 529 1614 πάντως
582 1551 728 1631 ἔχειν
788 1553 911 1610 τινὰ
957 1553 1193 1633 κλῆρον,
1226 1557 1282 1615 ὅν
1349 1556 1615 1630 διοικήσει
1654 1556 1816 1633 μέρος
1841 1553 1969 1612 ὄντα

306 1641 408 1696 τοῦ
436 1640 668 1716 κόσμου,
699 1643 789 1698 καὶ
822 1642 866 1699 εί
897 1642 978 1700 ἀεὶ
1038 1642 1293 1718 ἀκίνητός
1342 1645 1476 1718 ἐστι,
1521 1648 1609 1703 καὶ
1665 1646 1745 1703 δεῖ
1799 1645 1963 1717 αὐτὴν

311 1729 571 1806 ἔνιργεῖν,
605 1730 689 1787 δεῖ
743 1730 908 1805 αὐτὴν
939 1732 1085 1811 ἔχειν
1120 1733 1311 1800 ἀϊδίους
1343 1735 1644 1811 ἐξημμένον
1676 1756 1728 1792 τι
1786 1738 1963 1808 σῶμα.

312 1818 493 1923 ἰΔλλά
520 1824 687 1879 ταῦτα
720 1822 816 1897 μὶν
852 1825 903 1880 οὶ
932 1823 1255 1897 Ἑλληνικοί
1324 1824 1414 1883 καὶ
1469 1827 1810 1884 Πλατωνικοὶ
1873 1831 1967 1903 μῦ·
1996 1856 2047 1923 Β

312 1910 421 1969 θοι.

386 2018 536 2092 Ὀτι,
577 2019 728 2097 φασὶ,
781 2022 878 2076 τοῦ
941 2020 1034 2096 μὶν
1091 2026 1461 2096 πνευματικοῦ
1516 2025 1767 2099 σώματος
1799 2024 1826 2079 ὁ
1876 2036 1966 2089 θυ-

316 2107 419 2182 μὸς
468 2109 558 2164 καὶ
615 2112 650 2181 ἡ
700 2110 962 2186 ἐπιθυμία
1018 2110 1321 2189 ἀχώριστα.
1380 2114 1557 2186 Δῆλον
1628 2110 1685 2170 δὲ
1737 2114 1822 2170 καὶ
1884 2113 1968 2171 ὅτι

313 2192 495 2275 ὥσπερ
543 2201 598 2254 αἱ
661 2199 880 2271 ζωτικαὶ
931 2201 986 2256 αἱ
1044 2201 1321 2277 θρεπτικαί
1383 2202 1482 2270 τῆς
1540 2202 1747 2280 ἀλόγου
1810 2200 1966 2259 δυνά-

313 2306 480 2359 μεως,
541 2283 593 2343 ἒν
655 2290 734 2362 τῷ
788 2289 1053 2363 πνεύματι
1089 2286 1354 2367 ἵδρυνται,
1412 2290 1555 2348 οὕτω
1611 2295 1697 2348 καὶ
1742 2294 1967 2370 al.va-

310 2372 510 2432 πικαῖ.
562 2377 625 2431 Εἰ
682 2378 784 2453 γὰρ
816 2376 870 2433 αἶ
931 2378 1151 2455 χείρους
1183 2379 1361 2437 αὐτῶν
1391 2378 1589 2437 τούτου
1619 2387 1716 2437 τοῦ
1758 2382 1967 2459 παχέος

308 2465 565 2536 σώματός
618 2466 720 2521 εἶσι
778 2469 1070 2543 χωρισταὶ,
1104 2468 1303 2542 πολλῷ
1332 2470 1547 2543 μᾶλλον
1577 2473 1629 2525 αἱ
1661 2468 1961 2547 κρείττους·

304 2554 585 2628 κρείττους
619 2554 675 2611 δὲ
732 2558 786 2611 αἱ
847 2561 1160 2633 γπιωστικαὶ.
1208 2562 1469 2637 φαντασία
1528 2558 1677 2637 λέγω
1735 2562 1825 2615 καὶ
1880 2558 1964 2616 αἶ’-

304 2653 520 2726 σθησις.
582 2640 734 2702 Ἀλλ’
798 2644 842 2701 εἶ
901 2647 987 2702 καὶ
1050 2644 1103 2702 ἐν
1161 2647 1348 2721 ἐκείνῳ
1406 2641 1595 2726 ἔχουσι
1622 2649 1684 2705 τὸ
1716 2650 1852 2705 εἶναι
1910 2651 1965 2705 αἱ

304 2724 507 2808 ἄλογοι
538 2739 638 2805 τῆς
669 2738 855 2811 ψυχῆς
890 2732 1166 2811 δυνάμεις·
1224 2735 1352 2793 ἀλλ’
1410 2724 1501 2792 οὖν
1542 2742 1797 2817 φοιτῶσιν
1834 2737 1961 2815 ἴχνη

307 2821 434 2875 τινὰ
491 2821 581 2877 ἀπ’
642 2822 845 2879 ἐκείνου
901 2826 989 2879 καὶ
1048 2823 1137 2881 ἐπὶ
1192 2824 1255 2881 τὸ
1313 2823 1464 2904 παχυ
1511 2832 1606 2882 τοῦ
1661 2828 1914 2901 σώματος
1948 2848 1960 2861 ·

310 2906 498 2985 ὥσπερ
556 2913 645 2967 καὶ
699 2912 803 2968 ἀπὸ
859 2915 955 2969 τοῦ
1007 2918 1102 2969 νοῦ
1133 2910 1398 2991 ἐλέγομεν
1432 2921 1619 2995 φοιτᾷν
1654 2913 1741 2972 ἐπὶ
1789 2918 1961 2981 πάσας

302 2998 405 3065 τᾶς
433 2998 616 3065 κοινᾶς
671 2997 896 3066 ἐννοίας.
947 3002 1067 3061 Ὀτι
1125 3000 1225 3080 γὰρ
1279 3002 1369 3060 καὶ
1404 3005 1570 3083 μέχρι
1617 3003 1813 3062 τούτου
1864 3010 1962 3062 τοῦ

304 3089 569 3163 σώματος
600 3086 903 3167 ἰλλάμψεις
935 3095 1162 3172 φοιτῶσι
1193 3100 1292 3164 τῆς
1322 3092 1529 3171 ἀλόγου
1562 3101 1728 3168 ζωῆς,
1767 3094 1958 3166 δῆλον

306 3178 342 3233 ὁ
404 3177 499 3250 μὶν
558 3178 657 3256 γὰρ
690 3182 861 3255 θυμὸς
894 3189 1032 3238 κινεῖ
1060 3183 1121 3238 τὸ
1152 3182 1501 3261 περικάρδιον
1536 3184 1694 3259 αἷμα,
1727 3182 1815 3240 καὶ
1878 3180 1959 3256 ζέ-

304 3288 393 3320 σιν
424 3271 544 3322 τινὰ
576 3270 738 3324 αὐτοῦ
770 3277 934 3325 ποιεῖ·
994 3274 1029 3341 ἡ
1064 3269 1120 3327 δὲ
1151 3272 1407 3346 ἐπιθυμία
1436 3274 1498 3328 τὸ
1530 3275 1676 3349 ἧπαρ
1734 3271 1960 3330 τοιῶσδε

302 3354 343 3425 ἢ
393 3355 623 3413 τοιῶσδε
663 3355 930 3429 διατίθησι
989 3360 1124 3434 πρὸς
1181 3361 1275 3423 τὰς
1332 3363 1526 3432 ἑαυτῆς
1572 3366 1834 3435 κινήσεις.
1894 3366 1959 3421 Al

302 3440 586 3516 αἰσθήσεις
644 3468 701 3501 τε
758 3454 923 3503 πᾶσαι
979 3454 1059 3521 τῷ
1116 3447 1397 3529 ἰγκεφάλῳ
1456 3449 1857 3525 ἰλλάμπονταιο
1909 3452 1958 3524 ἐξ

302 3530 514 3589 ἐκείνου
572 3533 672 3611 γὰρ
718 3532 804 3590 ἐπὶ
862 3536 928 3591 τὰ
958 3532 1289 3615 αἰσθητήρια
1320 3535 1407 3594 διὰ
1451 3544 1558 3595 τῶν
1591 3542 1793 3617 νευρῶν
1826 3560 1959 3617 χορ-

302 3622 520 3696 ηγςῖται
580 3624 614 3693 ἡ
666 3619 895 3698 δύναμις
948 3626 982 3696 ἡ
1043 3624 1362 3700 αἴσθητική·
1399 3629 1489 3683 καὶ
1520 3630 1853 3692 πεπονθότος
1881 3650 1955 3699 τι,

302 3712 383 3772 ὡς
414 3706 589 3786 ἷκτροῖ
624 3710 947 3770 δεικνύουσι.
984 3718 1093 3773 Τοῦ
1145 3716 1250 3793 γὰρ
1297 3715 1641 3792 καλουμένου
1694 3720 1959 3795 μήνιγγος

303 3797 548 3876 φύλακος
595 3798 977 3874 έπιτεθέντος,
1055 3805 1098 3859 εἰ
1153 3799 1430 3880 ἒπισυμϐῇ
1489 3827 1539 3861 τι
1590 3810 1671 3879 τῷ
1730 3809 1957 3883 μήνιγγι

305 3886 632 3960 ἀναίσθητον
666 3891 752 3943 καὶ
787 3888 1040 3962 ἀκίνητον
1071 3893 1134 3947 τὸ
1171 3896 1309 3962 ζῶον
1356 3892 1575 3970 γίνεται.
1634 3896 1788 3952 Ἔστι
1819 3893 1875 3951 δὲ
1929 3898 1956 3952 ὁ

304 3975 532 4051 μήνιγξ,
592 3977 737 4061 ὑμήν
796 4000 876 4042 τις
927 3977 1137 4035 σκέπων
1190 3982 1281 4035 τὸν
1338 3980 1664 4061 ἐγκέφαλον,
1721 3983 1810 4039 καὶ
1866 4008 1955 4041 νο·

296 4064 483 4119 τιαίου
541 4060 736 4142 μέρους
780 4066 1149 4142 πεπονθότος,
1208 4071 1271 4125 τὸ
1333 4071 1429 4145 μὶν
1481 4060 1740 4149 ἀνωτέρω
1793 4074 1954 4150 μέρος

293 4156 399 4208 τοῦ
469 4150 730 4218 παθόντος
792 4154 1053 4213 ἀπολαύει
1115 4157 1417 4229 αἰσθήσεως
1450 4177 1464 4192 ·
1539 4160 1606 4215 τά
1678 4158 1734 4217 δὲ
1808 4164 1954 4217 κάτω

296 4241 594 4325 ἀναίσθητα
644 4243 868 4320 γίνεται,
931 4241 1017 4300 διὰ
1076 4246 1137 4301 τὸ
1196 4248 1269 4322 μή
1301 4251 1663 4325 χορηγεῖσθαι
1722 4243 1797 4306 ἔτι
1851 4251 1954 4307 ἀπὸ

290 4324 400 4386 τοῖ’)
430 4330 733 4410 ἐγκεφάλου
764 4333 861 4404 τήν
893 4331 1246 4410 αἲσθητικήνξι
1266 4324 1520 4413 δύναμιν,
1575 4342 1672 4393 τοῦ
1723 4338 1953 4415 ὀργάνου

294 4418 453 4495 λέγω
513 4416 579 4491 δὴ
637 4424 733 4477 τοῦ
785 4421 975 4498 νεύρου
1034 4427 1391 4499 πεπονθότος,
1438 4423 1538 4483 Καὶ
1591 4426 1640 4483 εἷ’
1687 4423 1861 4501 δεθείη
1898 4428 1953 4485 δὲ

290 4510 489 4585 νεῦρον
523 4509 709 4581 πάλιν,
742 4510 1063 4585 ἀναίσθητον
1102 4515 1197 4588 μὲν
1228 4517 1288 4569 τὸ
1346 4517 1492 4570 κάτω
1524 4517 1689 4593 μέρος
1729 4515 1951 4592 γίνεται,

2084 589 2271 644 neque
2315 574 2557 632 infernis
2608 576 2918 649 suppliciis
2968 576 3225 644 addicta,
3254 593 3380 649 quae
3426 579 3613 650 ipsam
3664 583 3732 637 ad

2082 679 2140 717 se
2189 670 2555 733 convertunt,
2590 672 2652 721 ut
2710 668 2895 721 semet
2947 666 3185 721 demum
3243 666 3369 739 ipsa
3421 667 3733 739 damnans,

2081 754 2316 823 propria
2363 753 2416 808 vi
2471 760 2773 827 purgetur.
2820 758 2967 811 Nam
3024 772 3205 827 poenas
3264 752 3375 810 illae
3434 774 3550 813 non
3601 770 3730 815 eam

2080 840 2311 913 tollunt,
2356 844 2457 899 sed
2509 850 2806 916 purgant:
2842 848 3088 916 purgata
3137 859 3270 900 vero
3314 844 3442 917 ipsa
3490 864 3731 903 converc

2080 929 2246 999 titur,
2280 937 2334 987 et
2365 933 2492 1004 ipsa
2524 950 2649 989 sese
2701 931 2914 989 attollit
2954 947 2987 987 a
3034 933 3414 1005 generatione
3465 935 3731 994 liberata.

2081 1019 2245 1075 Tunc
2278 1020 2460 1092 igitur
2507 1028 2564 1078 et
2613 1022 2760 1078 iram
2812 1028 2868 1077 et
2918 1023 3301 1094 cupiditatem
3351 1024 3550 1095 abjicit
3598 1042 3733 1081 cum

2082 1108 2190 1164 hoc
2220 1110 2508 1181 vehiculo,
2544 1111 2791 1185 spiranti
2825 1113 2953 1167 dico
3002 1127 3261 1183 corpore,
3296 1116 3360 1167 ut
3406 1114 3485 1169 sit
3533 1119 3735 1186 postea

2077 1196 2235 1254 aliud
2271 1200 2701 1271 quodammodo
2747 1202 3171 1273 sempiternum
3223 1218 3290 1256 ex
3340 1201 3465 1273 ipsa
3513 1203 3733 1275 depen-

2080 1288 2225 1343 dens
2257 1304 2471 1361 corpus
2500 1290 2761 1361 caeleste,
2796 1295 2973 1363 atque
3017 1290 3159 1346 adeo
3205 1294 3508 1358 arternum,
3532 1296 3731 1365 atque,

2079 1380 2143 1432 ut
2172 1376 2518 1451 loquuntur,
2552 1378 2907 1452 pellucidum
2944 1383 3001 1435 et
3032 1378 3325 1435 sidereum
3362 1396 3375 1436 :
3409 1396 3543 1436 cum
3575 1381 3731 1439 enim

2079 1483 2109 1522 ο
2140 1483 2336 1523 rerum
2378 1474 2590 1525 natura
2641 1468 2735 1538 sit,
2772 1484 3007 1525 necesse
3055 1472 3145 1524 est
3190 1474 3408 1524 sortem
3441 1472 3497 1525 et
3528 1471 3731 1528 condi-

2077 1554 2298 1612 tionem
2344 1555 2603 1630 aliquam
2637 1558 2871 1624 habeat,
2903 1574 3102 1630 quam,
3138 1562 3201 1613 ut
3243 1561 3467 1629 partem
3501 1560 3729 1631 mundi,

2078 1644 2451 1702 administret
2498 1663 2512 1703 :
2564 1653 2620 1703 et
2672 1647 2719 1703 si
2771 1662 3003 1719 semper
3051 1647 3297 1702 immota
3344 1650 3454 1715 est,
3488 1663 3732 1720 eamque

2079 1749 2248 1806 agere
2280 1738 2526 1808 oportet,
2561 1751 2772 1809 corpus
2807 1734 2978 1791 etiam
3032 1734 3267 1808 aliquod
3301 1740 3585 1792 aeternum
3618 1736 3732 1792 sibi

2077 1822 2411 1880 devinctum
2448 1824 2659 1881 habeat
2691 1828 2935 1897 oportet.
2971 1824 3079 1879 Sed
3134 1824 3220 1880 hie
3270 1828 3409 1881 sunt
3439 1825 3643 1882 Graeca;
3676 1828 3731 1883 et

2078 1912 2385 1969 Platonica:
2418 1913 2650 1970 fabulas.

2150 2023 2298 2077 Iram
2333 2027 2388 2077 et
2419 2021 2799 2095 cupiditatem
2833 2040 2865 2077 a
2906 2020 3153 2095 spiritali
3194 2038 3430 2094 corpore
3477 2022 3733 2094 separari

2080 2126 2193 2163 non
2255 2127 2444 2183 posse,
2507 2106 2773 2165 nonnulli
2834 2108 3163 2166 afﬁrmant:
3221 2113 3279 2166 at
3336 2116 3561 2167 certum
3621 2116 3731 2181 est,

2079 2199 2577 2271 quemadmodum
2611 2197 2816 2255 vitales
2840 2203 2894 2255 et
2925 2201 3209 2256 auctrices
3242 2200 3389 2257 vires
3422 2200 3733 2257 irrationa-

2078 2284 2214 2343 bilis
2246 2286 2562 2355 facultatis,
2593 2285 2651 2343 in
2687 2287 2897 2360 spiritu
2945 2287 3068 2343 sitas
3118 2294 3276 2355 sunt,
3310 2288 3394 2346 sic
3425 2290 3604 2346 etiam
3637 2306 3731 2346 co-

2120 2382 2447 2433 noscentes.
2479 2376 2535 2431 Si
2567 2377 2723 2432 enim
2759 2392 2886 2449 quae
2928 2381 3068 2433 sunt
3110 2376 3255 2450 ipsis
3288 2377 3625 2445 deteriores,
3658 2376 3731 2435 ab

2120 2392 2447 2433 noscentes.
2479 2392 2535 2431 δι
2567 2394 2723 2432 enim
2759 2392 2886 2449 quae
2928 2392 3068 2433 sunt
3110 2395 3255 2450 lpSlS
3288 2392 3625 2445 deteriores,
3658 2392 3731 2435 ab

2075 2392 2183 2520 ξος
2210 2483 2408 2521 crasso
2440 2483 2679 2539 corpore
2724 2465 3085 2539 separabiles
3116 2472 3275 2537 sunt,
3311 2468 3496 2523 multo
3544 2468 3732 2539 magis

2076 2556 2545 2626 praestantiores;
2608 2558 2665 2609 at
2723 2553 3037 2611 nobiliores
3092 2560 3233 2610 sunt
3286 2561 3730 2628 cognoscentes,

2076 2642 2408 2715 phantasia,
2444 2642 2595 2710 dico,
2636 2648 2693 2698 et
2745 2660 2978 2700 sensus.
3014 2642 3122 2698 Sed
3175 2643 3283 2699 etsi
3336 2644 3581 2727 rationis
3635 2660 3733 2699 ex-

2076 2738 2264 2805 pertes
2300 2732 2508 2788 animos
2541 2734 2882 2805 potestates,
2914 2732 2970 2786 in
3014 2732 3111 2787 illo
3144 2732 3361 2789 habent
3391 2740 3454 2788 ut
3485 2734 3624 2801 sint,
3656 2733 3728 2787 ab

2076 2822 2173 2877 illo
2208 2828 2399 2878 tamen
2444 2822 2500 2877 in
2553 2839 2819 2877 crassum
2870 2821 2977 2877 hoc
3008 2827 3063 2876 et
3095 2827 3463 2894 compactum
3515 2840 3727 2895 corpus

2074 2908 2319 2983 vestigia
2350 2912 2659 2983 prodeunt,
2687 2915 2749 2965 ut
2780 2929 2811 2965 a
2844 2916 3057 2979 mente,
3082 2908 3140 2966 in
3169 2928 3513 2968 communes
3546 2912 3729 2967 notio-

2074 3018 2176 3056 nes
2236 3001 2467 3074 prodire
2533 2999 2897 3056 dicebamus.
2958 2998 3039 3055 Ad
3101 3000 3209 3057 hoc
3274 3000 3429 3056 enim
3487 3018 3724 3075 corpus,

2072 3088 2389 3146 scintillam
2461 3089 2776 3163 quamdam
2834 3088 2960 3144 vitae
3020 3089 3366 3155 brutorum,
3427 3089 3725 3163 pervenire

2072 3183 2321 3235 constat.
2355 3177 2501 3235 Nam
2551 3179 2633 3234 ita
2687 3176 3036 3249 sanguinem
3089 3178 3247 3234 cordi
3299 3178 3723 3235 circumfusum

2074 3274 2288 3334 movet,
2338 3269 2593 3339 facitque
2646 3272 2707 3323 ut
2755 3266 3191 3339 quodammodo
3242 3264 3504 3323 ebulliat.
3555 3267 3725 3339 Cupi-

2073 3357 2224 3413 ditas
2257 3374 2413 3425 vero,
2437 3354 2607 3428 jecur
2655 3356 2764 3412 hoc
2804 3356 2887 3412 vel
2920 3353 3018 3412 illo
3051 3355 3223 3411 modo
3269 3356 3450 3413 afﬁcit
3481 3357 3553 3413 ad
3585 3374 3724 3414 suas

2074 3446 2380 3517 motiones,
2414 3451 2469 3501 et
2500 3442 2782 3518 disponit.
2813 3442 2882 3500 Et
2919 3463 3124 3501 omnes
3156 3461 3365 3502 sensus
3397 3446 3455 3501 in
3488 3448 3725 3503 cerebro

2071 3532 2432 3591 elucescunt.
2466 3534 2549 3590 Ab
2578 3533 2675 3590 illo
2707 3533 2861 3589 enim
2896 3531 2954 3588 in
2990 3530 3383 3589 instrumenta
3413 3552 3723 3607 sensuum,

2070 3624 2360 3681 sentiendi
2394 3624 2477 3680 vis
2522 3641 2625 3697 per
2673 3639 2879 3679 nervos
2912 3621 3285 3691 ditl'unditur,
3318 3622 3427 3678 etsi
3476 3623 3721 3678 illaesum

2070 3731 2187 3768 non
2222 3713 2317 3785 sit,
2354 3716 2416 3769 ut
2447 3713 2659 3769 medici
2692 3712 3119 3768 demonstrant.
3152 3710 3297 3767 Cum
3330 3729 3462 3767 vero
3494 3712 3721 3768 involu-

2069 3820 2230 3858 crum
2268 3803 2503 3859 cerebro
2536 3820 2635 3858 seu
2669 3800 3036 3874 [membrana
3066 3798 3246 3856 veluti
3292 3805 3493 3857 custos
3541 3818 3720 3874 appo-

2068 3894 2180 3948 sita
2229 3892 2334 3962 sit;
2373 3893 2489 3947 haec
2537 3892 2584 3946 si
2639 3891 2776 3946 laesa
2827 3889 3020 3955 fuerit,
3052 3906 3263 3945 sensus
3313 3890 3377 3944 fit
3422 3895 3479 3946 et
3528 3896 3723 3947 motus

2067 3994 2271 4054 expers
2313 3980 2551 4037 animal.
2588 3978 2683 4036 Est
2727 3983 2922 4035 autem
2975 3979 3213 4035 meninx
3260 3977 3533 4053 pellicula
3564 3998 3720 4052 quaa-

2065 4070 2195 4125 dam
2247 4069 2549 4125 cerebrum
2609 4068 2913 4123 involvens
2973 4074 3028 4122 et
3087 4073 3420 4139 protegens,
3453 4069 3623 4140 cujus
3669 4068 3719 4123 si

2066 4160 2389 4230 posteriora
2420 4155 2683 4229 perculsa
2731 4154 2969 4224 fuerint,
3002 4173 3140 4227 pars
3173 4156 3414 4227 quidem
3464 4156 3721 4211 anterior

2066 4264 2304 4303 sensum
2340 4247 2569 4316 retinet,
2602 4251 2661 4300 at
2691 4243 2932 4300 inferior
2962 4242 3182 4299 amittit
3214 4261 3224 4297 :
3260 4245 3414 4315 quod
3452 4262 3562 4298 non
3599 4260 3719 4299 am-

2066 4332 2222 4408 plius
2262 4353 2293 4390 a
2347 4336 2582 4389 cerebro
2622 4333 2709 4389 vis
2760 4330 3049 4387 sentiendi
3102 4332 3529 4403 suppeditetur,
3580 4330 3717 4389 laeso

2064 4421 2343 4479 nimirum
2378 4429 2433 4479 et
2468 4422 2670 4478 allecto
2702 4420 3095 4477 instrumento
3128 4436 3339 4475 sensus
3372 4419 3474 4493 qui
3507 4438 3718 4477 nervus

2065 4519 2173 4569 est.
2208 4516 2276 4569 Et
2327 4530 2553 4578 rursus,
2588 4510 2637 4567 si
2686 4526 2899 4566 nervus
2944 4509 3253 4577 vinciatur,
3289 4523 3423 4581 pars
3474 4506 3716 4565 inferior

289 4601 361 4655 τὸ
390 4597 447 4655 δέ
506 4601 617 4655 ἂνω
672 4600 817 4673 μένει
849 4602 1183 4673 αἰσθητικόν.
1217 4602 1397 4672 Δῆλον
1430 4604 1521 4658 οὗν
1552 4601 1611 4660 ἐκ
1637 4606 1742 4659 τῶν
1802 4605 1949 4683 εἳρη-

2074 4620 2235 4659 5ensu
2298 4602 2595 4676 privatur,
2658 4599 2715 4655 in
2778 4595 3080 4671 superiore
3138 4615 3348 4655 sensus
3404 4600 3575 4669 viget.
3636 4595 3717 4654 Ex

295 4688 502 4759 μένων,
535 4686 616 4742 ὅτι
646 4689 705 4741 τέ
737 4687 847 4741 ἐστι
880 4691 1241 4763 πνευματικὸν
1265 4694 1424 4764 σῶμα
1452 4691 1540 4746 καὶ
1572 4691 1765 4747 τούτου
1798 4692 1947 4769 ἀχώ-

290 4796 456 4852 ριστα
485 4776 653 4849 θυμὸς
684 4777 771 4831 καὶ
807 4776 1092 4852 ἐπιθυμία.

366 4973 517 5041 ”Οτι,
571 4973 754 5051 φασὶν,
799 4977 834 5044 ἡ
885 4970 1091 5043 εῗδησις
1148 4974 1360 5052 τρίττή·
1416 4978 1450 5045 ἠ
1510 4977 1610 5053 γὰρ
1669 4974 1946 5050 ἐπιστήμη

286 5062 515 5137 λέγεται
560 5058 787 5129 εἶ’δησις,
821 5060 895 5126 ὥς
926 5084 1085 5139 φησιν
1122 5064 1149 5118 ὁ
1183 5062 1408 5120 Πλάτων
1468 5063 1521 5120 ἄν
1570 5070 1649 5139 τῷ
1681 5060 1944 5123 Φαίδωνι.

283 5152 362 5206 Τὸ
395 5148 499 5225 γὰρ
552 5143 744 5205 εῗδέναι
792 5152 952 5206 τοῦτό
1000 5150 1134 5221 ἐστι,
1168 5150 1230 5207 τὸ
1271 5146 1509 5209 λαϐόντα
1560 5174 1662 5210 που
1722 5155 1944 5228 ἐπιστή-

290 5262 409 5315 μην
440 5235 586 5316 ἔχειν
614 5239 705 5294 καὶ
753 5239 828 5313 μή
874 5233 1308 5313 ἀποϐεϐλῆσθαι,
1360 5242 1394 5313 ἢ
1444 5242 1477 5313 ἠ
1514 5240 1947 5322 ὀλοσχερεστέρα

282 5322 515 5405 γνῶσις,
566 5328 602 5399 ἢ
635 5322 825 5391 ἀπλῶς
864 5330 899 5398 ἡ
955 5330 1238 5405 κοινοτέρα
1286 5328 1375 5385 καὶ
1434 5329 1639 5386 τούτων
1697 5332 1946 5408 ἑκάτερον

284 5416 653 5494 περιέχουσα,
686 5414 759 5480 ὥς
787 5436 950 5491 φησιν
998 5415 1383 5494 Ἀριστοτέλης
1412 5415 1463 5474 ἐν
1507 5426 1624 5485 τοῖς
1671 5426 1941 5498 φυσικοῖς,

284 5503 479 5575 ἐπειδὴ
511 5510 575 5561 τὸ
608 5502 801 5561 εἰδέναι
833 5504 1017 5561 καὶτὸ
1076 5505 1387 5572 ἐπίστασθαι
1447 5508 1571 5584 περὶ
1629 5509 1799 5572 πάσας
1849 5510 1943 5572 τὰς

283 5596 625 5668 ἐπιστήμας.
686 5596 786 5649 Διὰ
837 5596 930 5668 μὲν
990 5597 1094 5671 γὰρ
1150 5601 1248 5651 τοῦ
1294 5594 1487 5652 εἰδέναι
1514 5597 1614 5667 τήν
1661 5594 1937 5675 ὁλοσχερῆ

282 5691 490 5763 γνῶσιν
544 5685 819 5757 σημαίνει*
877 5682 966 5739 διὰ
1012 5683 1068 5741 δὲ
1091 5690 1187 5741 τοῦ
1218 5685 1531 5750 ἐπίστασθαι
1560 5688 1657 5757 τὴν
1716 5684 1936 5765 ἀκριϐῆ,

2063 4692 2151 4748 his
2203 4692 2408 4764 liquet,
2441 4692 2593 4762 {esse
2633 4705 2847 4761 corpus
2890 4686 3127 4759 aliquod
3182 4686 3465 4760 spiritale,
3529 4690 3585 4745 et
3641 4688 3714 4744 ab

2061 4797 2148 4847 eo,
2195 4784 2539 4836 irascentem
2592 4786 2649 4835 et
2692 4776 3199 4849 concupiscentem
3249 4775 3541 4851 segregari
3597 4793 3710 4832 non

2060 4886 2250 4940 posse.

2128 4976 2355 5047 Triplex
2413 4975 2726 5047 quaepiam,
2788 4975 2974 5044 aiunt,
3034 4974 3190 5031 notio
3248 4980 3339 5030 est
3395 4991 3408 5028 :
3470 4974 3713 5029 scientia

2056 5066 2214 5122 enim
2275 5065 2484 5120 notitia
2530 5064 2766 5130 dicitur,
2805 5070 2867 5117 ut
2924 5063 3004 5117 ait
3062 5064 3119 5118 in
3181 5063 3466 5120 Pbtedons
3525 5061 3705 5116 Plato.

2054 5159 2202 5211 Nam
2252 5155 2401 5211 scire
2459 5159 2568 5217 est,
2618 5157 2931 5225 postquam
2992 5153 3292 5208 scientiam
3353 5151 3705 5222 susceperis,

2057 5262 2183 5301 eam
2218 5246 2469 5301 retinere
2518 5257 2621 5297 nec
2656 5244 2950 5307 amittere;
2982 5241 3074 5295 vel
3106 5240 3276 5310 plena
3323 5249 3377 5296 et
3428 5255 3704 5296 consum-

2056 5339 2215 5389 mata
2245 5333 2519 5405 cognitio,
2544 5330 2628 5386 vel
2662 5328 2995 5386 communis
3017 5333 3074 5384 et
3104 5329 3410 5397 interjscta
3435 5329 3703 5399 quaedam

2056 5423 2260 5477 harum
2297 5428 2601 5489 utramque
2648 5418 2974 5488 continens,
3010 5422 3074 5473 ut
3110 5415 3314 5473 scribit
3360 5416 3704 5474 Aristoteles

2052 5511 2110 5567 in
2148 5511 2422 5585 physicis.
2447 5510 2592 5573 Quia
2622 5512 2779 5562 certo
2812 5506 2959 5561 scire
2991 5512 3048 5561 et
3078 5523 3446 5578 cognoscere,
3481 5508 3550 5561 ad
3583 5523 3701 5561 om-

2052 5617 2155 5656 nes
2187 5598 2463 5655 scientias
2496 5595 2810 5666 pertinent.
2837 5593 2981 5648 Nam
3016 5610 3118 5667 per
3148 5594 3311 5664 illud,
3341 5600 3495 5653 certo
3527 5595 3695 5657 scire,

2051 5690 2285 5762 plenam
2336 5687 2767 5759 perfectamque
2799 5682 3187 5755 cognitionem
3219 5683 3512 5757 signiﬁcat
3544 5701 3559 5741 :
3593 5701 3695 5756 per
