4054 6200
325 348 474 408 1055

1691 351 2116 415 MICHAELIS
2162 353 2429 416 PSELLI

3582 359 3741 420 1056

323 474 430 531 hoc
478 494 634 550 vero,
667 495 1036 553 cognoscere,
1071 488 1402 540 accuratam
1435 484 1522 539 vel
1571 500 1696 540 eam
1739 499 1866 556 quae
1901 483 1971 538 de

2087 483 2121 554 ἢ
2154 482 2252 553 τὴν
2284 488 2482 546 κοινῶς
2517 483 2605 539 ἐπὶ
2637 483 2814 556 πάσης
2845 487 3095 563 γνώσεως
3129 486 3456 563 λεγομένην.
3499 487 3602 544 Καὶ
3652 485 3737 542 ἐν-

323 567 481 620 omni
515 569 849 642 cognitione
899 578 1238 644 usurpatur,
1276 573 1564 643 notitiam,
1598 579 1654 628 et
1702 573 1795 628 hic
1827 578 1883 628 et
1911 573 1971 628 in

323 653 548 711 altioris
579 657 965 731 philosophiae
997 663 1362 732 tractatione,
1396 662 1699 718 intellexit.

395 744 636 801 Duobus
668 749 881 814 modis,
910 749 1150 806 alteram
1185 753 1366 807 altera
1397 753 1698 808 certiorem
1724 758 1780 808 et
1811 769 1975 808 accu-

325 835 599 890 ratiorem
651 837 953 893 scientiam
989 838 1297 909 diJudicari
1349 841 1605 896 affirmat
1635 840 1976 896 Aristoteles

326 925 395 978 de
453 925 955 983 demonstratione
1007 946 1019 982 :
1078 931 1288 1002 primo,
1348 948 1480 986 cum
1541 949 1678 996 una,
1736 931 1977 987 alterius

327 1013 614 1086 principia
649 1016 850 1086 probat
891 1023 946 1071 et
995 1018 1378 1075 demonstrat.
1413 1022 1503 1076 Sic
1553 1022 1818 1094 physica,
1851 1038 1978 1076 me-

324 1102 519 1158 dicina
551 1104 764 1160 certior
811 1111 899 1160 est
933 1123 945 1161 :
980 1109 1297 1178 geometria
1348 1109 1484 1165 item
1541 1110 1975 1167 machinatrice.

323 1192 699 1248 Arithmetica
751 1197 996 1264 musice,
1028 1198 1100 1252 ob
1133 1215 1261 1253 eam
1315 1217 1554 1255 causam
1603 1201 1977 1274 exploratior-

324 1280 613 1352 Secundo,
638 1281 752 1339 alia
784 1289 873 1340 est
903 1285 1019 1341 alia
1045 1288 1255 1342 certior
1285 1287 1530 1346 scientia
1551 1307 1676 1362 qua:
1710 1307 1826 1347 rem
1861 1308 1976 1346 non

323 1370 691 1428 materiatam
741 1374 1200 1448 contemplatur,
1237 1383 1298 1432 ut
1346 1379 1688 1450 geometria,
1721 1397 1816 1435 ars
1865 1398 1976 1435 nu-

325 1475 644 1532 merorum,
677 1467 734 1517 et
765 1461 1078 1536 theologia,
1113 1481 1215 1520 seu
1261 1466 1449 1537 prima
1481 1467 1873 1540 philosophia,
1907 1469 1978 1524 iis

323 1564 454 1619 quae
486 1549 543 1604 in
593 1551 768 1606 rebus
819 1553 1146 1609 materiatis
1195 1561 1575 1628 occupantur.
1609 1560 1798 1623 Quare
1846 1559 1978 1613 Ari-

325 1637 565 1694 stoteles
597 1639 653 1692 in
689 1640 1090 1712 metaphysica
1125 1659 1315 1699 rerum
1351 1662 1478 1716 quae
1511 1645 1808 1702 intellectu
1843 1663 1977 1718 per-

325 1726 646 1799 cipiuntur,
671 1729 1227 1802 contemplationem
1252 1738 1308 1788 et
1332 1733 1667 1790 facillimam
1691 1741 1746 1791 et
1769 1737 1979 1791 difﬁci-

2080 574 2249 628 ταῦοα
2279 573 2370 628 καὶ
2402 573 2454 628 ἐν
2485 579 2600 636 τοῖς
2636 576 2770 649 μετὰ
2798 577 2862 632 τὰ
2893 577 3094 656 φυσικά
3121 572 3447 652 παρέλαϐεν.

2153 755 2276 810 ’Ότι
2324 753 2489 830 φησὶν
2522 753 2909 831 Ἀριστοτέλης
2961 755 3012 810 ἐν
3068 761 3138 830 τῇ
3171 753 3549 829 ἀποδεικτικῇ,
3600 755 3738 809 κατὰ

2085 840 2181 897 δύο
2238 842 2476 917 τρόπους
2530 843 2801 915 κρίνεσθαι
2851 843 3158 918 ἐπιστήμην
3220 844 3530 916 ἐπιστήμης
3581 845 3734 920 ἀκρι-

2086 925 2364 1004 ϐεστέραν.
2395 933 2521 987 Καθ’
2548 930 2638 987 ἕνα
2673 934 2766 1006 μὲν
2799 933 2924 989 ὅταν
2957 937 2992 1004 ἡ
3043 935 3197 1010 ἐτέρα
3243 941 3342 1004 τῆς
3401 934 3583 1007 ἐτέρας
3642 933 3738 994 τάς

2084 1021 2258 1096 ἀρχὰς
2287 1019 2650 1089 ἀποδεικνύει,
2685 1024 2802 1077 οἷον
2833 1025 2868 1092 ἡ
2914 1020 3244 1100 φυσιολογία
3293 1023 3538 1095 ἰατρικῆς
3593 1021 3740 1094 ἀκρι-

2086 1105 2328 1186 ϐεστέρα·
2388 1109 2647 1175 ὡσαύτως
2700 1111 2788 1166 καί
2846 1114 2881 1181 ἡ
2950 1111 3308 1187 γεωμετρία,
3393 1116 3737 1186 μηχανικῆς.

2087 1198 2185 1253 Διά
2241 1199 2339 1267 τήν
2395 1199 2653 1270 τοιαύτην
2702 1198 2876 1255 αἰτίαν
2933 1195 3289 1277 ἀκριϐεστέρα
3345 1201 3434 1254 καὶ
3495 1200 3739 1272 ἀριθμηο

2084 1290 2210 1357 τική
2259 1287 2583 1361 ἁρμονικῆς.
2645 1290 2772 1346 Καθ’
2817 1285 3000 1364 ἕτερον
3062 1286 3120 1344 δὲ
3163 1288 3328 1364 λόγον
3386 1283 3740 1364 ἀκριϐεστέρα

2087 1375 2226 1432 ἐστὶν
2262 1377 2538 1450 ἐπιστήμη
2571 1378 2905 1452 ἐπιστήμης,
2965 1380 3000 1448 ἡ
3035 1377 3200 1434 ἄυλον
3262 1374 3464 1454 ἔχουσα
3489 1379 3551 1433 τὸ
3613 1377 3742 1431 ὑπο-

2086 1465 2358 1539 κείμενον,
2394 1467 2469 1528 ὡς
2506 1465 2834 1543 γεωμετρία,
2894 1467 3232 1541 ἀριθμητική
3285 1487 3342 1520 τε
3390 1465 3478 1519 καὶ
3540 1463 3735 1528 θεολο-

2085 1554 2196 1631 γία,
2249 1559 2356 1610 τῶν
2393 1549 2856 1628 ὑποϐαλλομένων
2916 1554 2983 1610 τά
3041 1553 3204 1610 ύλικά
3262 1553 3609 1626 ὑποκείμενα.
3643 1553 3737 1608 Διό

2090 1665 2222 1719 φησι
2273 1644 2361 1698 καὶ
2420 1641 2809 1720 Ἀριστοτέλης
2866 1642 2918 1698 ἐν
2975 1649 3090 1705 τοῖς
3137 1643 3271 1716 μετά
3307 1643 3372 1697 τά
3401 1643 3619 1720 φυσικὰ,
3651 1643 3736 1696 ὅτι

2088 1737 2258 1803 ἡτῶν
2292 1737 2504 1802 νοητῶν
2546 1732 2744 1807 θεωρία
2801 1733 2891 1787 καὶ
2952 1732 3120 1807 ῥᾴστη
3181 1731 3291 1787 ἐστὶ
3341 1731 3430 1786 καὶ
3487 1730 3736 1806 χαλεπή.

323 1814 438 1871 lem
465 1831 594 1872 esse
618 1817 899 1887 afﬁrmat;
929 1820 1266 1878 facillimam
1295 1823 1699 1896 quidem,quia
1717 1826 1788 1880 de
1806 1827 1971 1881 rebus

2089 1823 2282 1895 Ῥᾴστη
2343 1823 2479 1896 μὲν,
2549 1819 2688 1877 διότι
2746 1821 2869 1898 περὶ
2932 1821 3177 1877 ἐστώτων
3234 1820 3345 1876 ἐστὶ
3398 1821 3737 1896 πραγμάτων

326 1910 416 1960 est
447 1906 621 1962 statis
650 1911 706 1962 et
739 1907 889 1976 fixis,
923 1914 980 1964 et
1011 1911 1214 1966 eodem
1246 1928 1478 1985 semper
1507 1915 1680 1970 modo
1711 1915 1981 1971 habenti-

329 1994 462 2050 bus.
495 1997 590 2050 Dei
623 1995 776 2051 enim
813 2013 1124 2071 rerumque
1156 2000 1487 2058 divinarum
1521 2003 1824 2060 immotam
1856 2021 1983 2061 esse

327 2085 1052 2154 substantiam,virtutem
1101 2094 1155 2144 et
1205 2092 1515 2162 actionem,
1568 2093 1980 2164 planissimum

325 2179 434 2229 est.
468 2173 559 2229 Sic
591 2174 786 2247 itaque
820 2176 1098 2234 facillima
1132 2184 1240 2235 est.
1269 2181 1558 2253 Impedita
1586 2198 1722 2239 vero
1749 2188 1806 2238 et
1834 2184 1981 2239 diffi-

330 2261 482 2332 cilis,
529 2268 769 2336 propter
817 2270 1079 2321 nostram
1129 2267 1613 2326 imbecillitatem.
1648 2271 1770 2328 Non
1826 2272 1980 2327 enim

328 2353 468 2423 quia
501 2353 558 2407 in
584 2369 824 2426 corpore
849 2371 1080 2419 sumus.
1104 2362 1162 2411 et
1184 2359 1724 2430 perturbationibus
1749 2349 1985 2417 obnoxii

330 2443 398 2497 ad
434 2458 628 2498 rerum
683 2443 1014 2500 divinarum
1051 2444 1250 2502 lumen
1295 2449 1595 2504 attendere
1643 2466 1984 2522 possumus:

323 2531 500 2585 sicuti
539 2549 728 2604 neque
763 2537 989 2588 nactum
1020 2533 1200 2590 solem
1233 2535 1469 2607 intueri,

393 2619 552 2674 Plato
594 2620 988 2676 immortalem
1050 2624 1306 2679 animam
1359 2642 1490 2681 cum
1546 2627 1981 2685 immortalibus

321 2708 558 2762 nomine
595 2714 822 2763 tantum
875 2713 1184 2767 convenire
1228 2713 1364 2768 inde
1395 2714 1636 2787 colligit,
1661 2719 1812 2788 quod
1848 2736 1977 2790 pro-

329 2796 449 2866 prie
481 2812 546 2850 ac
579 2813 680 2866 per
701 2814 762 2852 se
785 2796 1137 2870 immortale,
1164 2801 1422 2858 immotae
1447 2804 1524 2858 sit
1552 2809 1609 2860 et
1638 2807 1977 2862 substantiae

315 2890 372 2937 et
405 2883 654 2940 actionis
691 2903 702 2941 :
739 2891 797 2942 at
840 2887 1048 2942 anima:
1102 2891 1340 2961 quidem
1393 2893 1781 2951 immortalem
1833 2898 1975 2952 sub-

318 2974 600 3029 stantiam
663 2976 949 3046 agnoscit,
1004 2995 1114 3033 non
1169 2996 1300 3035 vero
1349 2981 1660 3039 actionem.
1694 2986 1778 3040 Ad
1839 3002 1972 3042 eum

317 3061 556 3116 modum
611 3079 702 3118 res
737 3065 998 3122 cmlestes
1030 3084 1128 3123 seu
1174 3068 1347 3125 caelos
1380 3073 1615 3128 nomine
1667 3079 1833 3130 tenus
1865 3076 1973 3131 im-

316 3150 589 3207 mortales
637 3169 765 3209 esse
811 3155 1026 3211 dixeris
1063 3175 1074 3212 :
1120 3163 1430 3215 mutantur
1477 3162 1658 3233 enim,
1692 3165 1799 3220 etsi
1853 3182 1965 3220 non

315 3240 671 3307 substantia,
700 3241 823 3298 loco
855 3252 1070 3301 tamen.

389 3329 613 3386 Animae
637 3332 944 3389 verissima
967 3336 1219 3408 cognitio
1243 3339 1311 3393 ad
1340 3340 1668 3396 universam
1705 3343 1960 3414 philoso-

313 3418 513 3488 phiam
547 3436 898 3494 magnopere
920 3427 1214 3496 conducit,
1237 3428 1307 3482 ad
1332 3427 1702 3502 disciplinam
1730 3448 1959 3488 morum

317 3506 444 3563 dico
486 3515 541 3562 et
583 3509 938 3584 theologiam
991 3531 1091 3568 seu
1145 3517 1393 3587 primam
1448 3517 1873 3592 philosophiam
1907 3525 1963 3576 et

321 3597 641 3668 physicam.
673 3601 752 3654 Ad
782 3602 1132 3667 doctrinam,
1159 3604 1509 3675 inquam,de
1533 3609 1963 3682 moribus,quia

319 3701 509 3740 mores
540 3704 678 3742 suos
727 3705 896 3744 nemo
939 3693 1323 3751 conformare.
1359 3711 1544 3766 neque
1591 3702 1744 3752 recte
1791 3700 1962 3754 insti-

318 3779 481 3829 tuere
513 3781 722 3845 potest,
757 3777 868 3832 nisi
901 3779 997 3848 qui
1040 3781 1248 3836 animae
1292 3782 1596 3840 facultates
1629 3793 1962 3860 perspectas

319 3863 611 3918 habuerit.
644 3867 726 3919 Ad
761 3867 1112 3939 theologiam
1145 3887 1300 3936 vero,
1327 3873 1465 3944 quia
1496 3875 1565 3928 de
1597 3880 1810 3946 mente,
1834 3894 1962 3950 quae

317 3951 378 4005 in
412 3953 582 4006 nobis
629 3959 740 4022 est,
773 3956 1110 4026 quaerimus,
1144 3965 1202 4013 et
1233 3964 1552 4018 statuimus
1600 3981 1728 4020 esse
1775 3967 1961 4038 ipsum

321 4040 712 4096 immortalem
750 4061 762 4098 :
797 4043 933 4116 quia
961 4061 1094 4100 vero
1143 4063 1308 4102 mens
1357 4066 1550 4106 rerum
1600 4060 1688 4108 est
1732 4055 1962 4112 intelle-

321 4128 627 4199 ctualium,
681 4148 846 4188 mens
893 4150 1092 4190 earum
1143 4141 1229 4192 est
1279 4155 1472 4196 rerum
1525 4158 1651 4214 quae
1701 4143 1854 4200 inter
1902 4162 1964 4201 se

325 4218 673 4275 referuntur.
702 4226 767 4274 At
815 4221 1126 4279 relatorum
1163 4243 1343 4282 unum
1378 4230 1476 4300 qui
1520 4233 1696 4298 novit,
1718 4238 1775 4288 et
1805 4233 1963 4290 aliud

325 4308 545 4363 noverit
579 4326 590 4363 :
627 4311 694 4364 ad
731 4310 1080 4384 theologiam
1123 4313 1305 4387 igitur
1335 4323 1553 4374 mentts
1585 4325 1799 4378 nostrae
1828 4340 1965 4380 con-

322 4395 597 4453 sideratio
630 4397 948 4470 plurimum
984 4402 1120 4456 facit
1152 4420 1164 4458 :
1199 4403 1384 4460 nihilo
1433 4407 1631 4463 minus
1660 4411 1728 4464 ad
1766 4411 1966 4484 physi-

323 4501 450 4539 cam
505 4502 517 4538 :
571 4485 862 4558 siquidem
923 4489 1048 4558 eius
1105 4497 1194 4547 est
1250 4493 1320 4548 de
1376 4497 1718 4567 corporibus
1774 4516 1966 4572 agere,

2090 1913 2180 1967 καὶ
2216 1912 2296 1967 ἀεὶ
2354 1912 2610 1974 ὡσαύτως
2659 1910 2922 1988 ἐχόντων·
2976 1910 3243 1989 φανότατα
3287 1912 3390 1986 γὰρ
3419 1910 3487 1965 τά
3517 1911 3634 1964 θεῖα
3664 1909 3742 1972 ὡς

2091 1997 2447 2074 ἀμετάϐλητα
2503 1999 2794 2070 καθάπαξ,
2853 2002 2969 2055 κατ’
3028 1999 3209 2055 οὐσίαν
3241 2044 3256 2068 ,
3311 1999 3446 2053 κατά
3495 1995 3744 2072 δύναμιν,

2091 2093 2208 2147 κατ’
2242 2089 2530 2166 ἐνέργειαν.
2589 2090 2783 2162 Ῥᾴστη
2844 2089 2938 2162 μὲν
2991 2090 3083 2144 οὗν
3137 2086 3224 2143 διὰ
3269 2092 3451 2143 τοῦτο·
3515 2085 3743 2164 χαλεπὴ

2094 2179 2149 2235 δὲ
2202 2178 2290 2235 διά
2329 2181 2428 2248 τήν
2482 2180 2754 2256 ἡμετέραν
2809 2177 3102 2234 ἀσθένειαν.
3165 2178 3236 2232 Ού
3275 2178 3375 2255 γάρ
3419 2175 3748 2254 ἐξισχύομεν

2094 2268 2145 2324 ἐν
2180 2270 2414 2343 σώματι,
2445 2268 2535 2322 καὶ
2596 2267 2856 2342 ἐμπαθεῖς
2910 2261 3080 2334 ὄντες,
3131 2267 3206 2328 εἷς
3259 2267 3322 2320 τὸ
3350 2265 3564 2321 ἐκείνων
3625 2269 3746 2343 σῶς

2092 2357 2345 2414 ἀτενίσαι·
2382 2358 2511 2432 ὅπερ
2546 2357 2820 2432 πάσχουσι
2877 2357 2965 2410 καὶ
3023 2357 3078 2410 αἱ
3137 2351 3439 2432 νυκτερίδες
3469 2355 3607 2428 πρὸς
3654 2355 3748 2408 τὸν

2091 2445 2252 2518 ἥλιον
2269 2494 2280 2506 ,

2161 2630 2282 2685 Ὀτι
2344 2625 2570 2682 Πλάτων
2622 2625 2878 2690 ἀθάνατον
2930 2625 3130 2700 λέγων,
3187 2626 3288 2694 τὴν
3346 2624 3553 2697 ψυχὴν,
3608 2621 3742 2685 ἀθα-

2088 2717 2266 2781 νάτοις
2297 2718 2594 2790 ὁμώνυμον
2647 2717 2778 2770 εἶναι
2809 2714 3078 2794 ἐπιφέρει·
3115 2711 3254 2768 διότι
3291 2715 3351 2768 τὸ
3385 2714 3478 2785 μὲν
3529 2711 3741 2787 κυρίως

2089 2807 2349 2861 ἀθάνατον
2390 2804 2480 2858 καὶ
2528 2806 2644 2860 κατ’
2695 2803 2883 2858 οὐσίαν
2942 2803 3031 2857 καὶ
3090 2804 3206 2856 κατ’
3265 2802 3530 2876 ἐνέργειαν
3592 2799 3738 2853 ἐστιν

2088 2888 2490 2967 ἀμετάϐλητον·
2542 2895 2640 2962 τὴν
2704 2890 2762 2947 δὲ
2816 2894 3000 2968 ψυχὴν
3058 2893 3174 2946 κατ’
3233 2890 3414 2945 ούσίαν
3465 2891 3556 2962 μὲν
3591 2886 3736 2943 οἶδεν

2085 2983 2368 3053 ἀθάνατον,
2431 2983 2610 3038 οὐκέτι
2643 2979 2700 3037 δὲ
2728 2982 2817 3037 καὶ
2869 2983 2984 3037 κατ’
3019 2981 3306 3058 ἐνέργεικν.
3369 2979 3556 3042 Οὕτως
3595 2975 3643 3032 δ’
3677 2979 3735 3032 ἂν

2087 3071 2259 3137 ε’ίποις
2284 3073 2373 3128 καὶ
2404 3073 2468 3126 τά
2496 3071 2718 3147 οὐράνια
2744 3071 3028 3133 ἀθανάτοις
3062 3071 3348 3143 ὁμώνυμα·
3396 3063 3732 3142 μεταϐάλλει

2083 3163 2186 3238 γάρ
2243 3163 2334 3217 καὶ
2389 3161 2543 3230 αὐτὰ,
2596 3160 2646 3215 εἶ’
2691 3161 2780 3216 καὶ
2827 3162 2902 3234 μή
2962 3160 3078 3214 κατ’
3131 3159 3348 3228 οὐσίαν,
3409 3156 3554 3212 ἀλλά
3596 3156 3735 3210 κατᾶ

1999 3225 2041 3290 C
2080 3225 2268 3309 τόπον.

2142 3345 2264 3399 Ὅτι
2297 3345 2331 3411 ἡ
2365 3341 2486 3415 περῖ
2519 3344 2702 3416 ψυχῆς
2753 3337 3093 3410 ἀληθεστάτη
3124 3343 3319 3412 γνῶσις
3353 3381 3367 3405 ,
3425 3337 3562 3412 πρὸς
3619 3341 3730 3388 πᾶ-

2072 3453 2164 3486 σαν
2223 3428 2548 3508 φιλοσοφίαν
2606 3423 3004 3502 συμϐάλλεται·
3057 3428 3192 3502 πρὸς
3253 3423 3310 3480 δὲ
3367 3427 3466 3493 τήν
3517 3425 3722 3494 ἠθικήν

2071 3517 2216 3597 λέγω
2247 3521 2334 3576 καὶ
2365 3521 2465 3589 τήν
2525 3517 2850 3594 θεολογικὴν
2892 3519 2980 3572 καὶ
3012 3518 3110 3585 τὴν
3137 3516 3390 3594 φυσικήν.
3450 3515 3594 3588 Πρὸς
3628 3514 3725 3586 μὶν

2071 3611 2161 3664 οὖν
2189 3611 2290 3680 τήν
2329 3610 2548 3681 ἠθικὴν,
2607 3607 2689 3663 ὅτι
2739 3605 2997 3662 ἀδύνατον
3040 3607 3186 3678 ἡμᾶς
3220 3605 3284 3659 τά
3315 3604 3518 3658 ἑαυτῶν
3550 3623 3722 3656 καταο

2072 3700 2321 3754 σκευάσαι
2355 3697 2461 3768 ἤθη
2492 3699 2586 3759 τὰς
2620 3695 2875 3770 δυνάμεις
2902 3703 3004 3765 τῆς
3061 3697 3245 3770 ψυχῆς
3298 3695 3374 3765 μή
3433 3691 3724 3764 ἐπισκεψα-

2076 3789 2286 3862 μένους·
2334 3789 2468 3864 πρὸς
2510 3784 2566 3841 δέ
2624 3783 2932 3860 θεολογίαν,
2985 3783 3066 3838 ὅτι
3120 3787 3386 3855 ζητοῦμεν
3446 3781 3570 3854 περῖ
3624 3783 3728 3834 τοῦ

2069 3883 2165 3932 νοῦ
2194 3882 2288 3932 τοῦ
2318 3881 2596 3954 χωριστοῦ
2625 3880 2725 3930 τοῦ
2757 3875 2808 3929 ἐν
2861 3877 3018 3948 ἡμῖν,
3077 3872 3160 3928 ὅτι
3208 3872 3297 3926 καὶ
3328 3870 3487 3934 αὐτὸς
3520 3869 3726 3933 ἀθάνα-

2069 3989 2181 4031 τος.
2215 3965 2435 4036 Ἐπειδὴ
2497 3963 2554 4020 δὲ
2613 3966 2640 4020 ὁ
2671 3968 2790 4025 νοῦς
2844 3969 3050 4034 νοητῶν
3087 3961 3219 4026 ἐστι,
3249 3965 3374 4022 νοῦς
3431 3965 3540 4013 τῶν
3575 3958 3718 4033 πρὸς

2070 4057 2121 4110 τί
2154 4057 2286 4112 ἐστι.
2335 4058 2458 4113 Τῶν
2490 4051 2547 4108 δὲ
2571 4053 2704 4130 πρός
2736 4074 2786 4106 τι
2820 4054 2847 4106 ὁ
2877 4056 2938 4107 τὸ
2962 4051 3012 4107 ἔν
3047 4048 3226 4118 είδὼς,
3286 4049 3375 4103 καὶ
3408 4048 3470 4102 τὸ
3515 4045 3722 4102 λοιπὸν

2074 4142 2293 4216 εἵσεται,
2345 4140 2515 4212 δῆλον
2549 4144 2631 4198 δτι
2658 4145 2692 4212 ἡ
2717 4140 2916 4218 θεωρία
2944 4145 3041 4196 τοῦ
3072 4140 3341 4214 ἡμετέρου
3371 4141 3466 4191 νοῦ
3495 4141 3585 4191 καὶ
3640 4136 3722 4197 εἷς

2073 4233 2352 4310 θεολογίαν
2415 4229 2628 4308 μεγάλα
2659 4226 3056 4304 συμϐάλλεται.
3104 4223 3422 4300 Συμϐάλλει
3473 4223 3530 4280 δέ
3581 4227 3726 4298 ἡμῖν

2072 4324 2159 4378 καὶ
2193 4324 2330 4399 πρὸς
2358 4323 2457 4392 τήν
2486 4322 2741 4394 φυσικήν.
2774 4318 2844 4377 Εἷ¹
2868 4339 2930 4394 γε
2959 4323 3188 4396 φυσικῆς
3222 4315 3317 4389 μέν
3351 4315 3490 4370 ἐστιν
3543 4312 3730 4387 ἔργον,

2073 4414 2136 4467 τὸ
2169 4411 2292 4488 περὶ
2325 4410 2594 4482 σωμάτων
2628 4406 3010 4484 διαλεχθῆναι,
3043 4405 3132 4461 καὶ
3162 4409 3269 4460 τῶν
3305 4401 3459 4458 εἰδῶν
3523 4404 3730 4472 αὐτῶν,

2075 4502 2166 4557 καὶ
2196 4505 2305 4556 τῶν
2337 4497 2640 4572 δυνάμεων·
2668 4502 2776 4554 τῶν
2811 4493 2867 4552 δὲ
2899 4495 2950 4552 ἐν
2984 4496 3228 4569 σώμασιν
3289 4491 3444 4550 εἰδῶν
3477 4493 3541 4547 τὸ
3599 4489 3735 4546 κάλ-

323 4573 511 4644 dcque
543 4591 740 4629 eorum
791 4593 922 4632 cum
959 4578 1180 4648 formis,
1215 4587 1338 4637 tum
1390 4583 1785 4644 facultatibus.
1819 4589 1965 4646 Nam

2086 4591 2264 4648 λιστον
2298 4591 2334 4660 ἡ
2366 4590 2544 4664 ψυχή.

325 4662 641 4718 formarum
675 4666 962 4734 omnium,
997 4684 1123 4738 quae
1173 4670 1228 4724 in
1272 4674 1615 4745 corporibus
1643 4683 1803 4749 sunt,
1835 4679 1963 4750 pul-

317 4749 604 4806 cherrima
636 4758 726 4807 est
760 4753 977 4812 anima.

391 4839 579 4902 Quare
609 4846 673 4896 ut
702 4841 772 4897 de
803 4843 1062 4916 reliquis,
1092 4846 1176 4901 sic
1215 4847 1284 4903 de
1315 4850 1512 4906 anima
1543 4869 1775 4926 quoque
1805 4873 1964 4928 quaa-

323 4931 570 4984 rendum
621 4937 731 4997 est,
775 4934 1072 5003 quodnam
1134 4937 1202 4991 ad
1261 4954 1448 5008 genus
1495 4945 1818 5000 revocanda
1864 4947 1962 5003 sit.

322 5019 568 5084 Quidam
602 5020 757 5076 enim
793 5023 862 5076 ad
898 5023 1313 5097 substantiam,
1346 5027 1441 5082 alii
1476 5030 1545 5085 ad
1580 5035 1963 5102 quantitatem

320 5109 629 5173 reducunt,
679 5115 743 5164 ut
790 5109 1162 5168 Xenocrates.
1195 5114 1485 5172 Numerus
1533 5121 1708 5192 enim,
1755 5122 1965 5195 inquit,

320 5197 578 5269 seipsum
615 5215 873 5266 movens,
894 5201 1093 5256 anima
1123 5208 1230 5257 est.
1261 5205 1372 5258 Alii
1403 5207 1470 5261 ad
1503 5209 1871 5281 qualitatem,
1906 5221 1969 5268 ut

321 5287 548 5352 medici,
573 5287 670 5357 qui
707 5306 810 5343 nos
833 5290 1090 5344 animum
1124 5308 1252 5345 esse
1273 5294 1494 5349 dicunt.
1522 5299 1744 5362 Quibus
1774 5317 1967 5356 annu-

319 5375 579 5429 merandi
631 5383 790 5446 sunt,
826 5378 923 5448 qui
977 5379 1148 5433 talem
1183 5384 1564 5439 enteleehiam
1618 5386 1806 5456 ipsam
1839 5407 1968 5446 esse

315 5465 675 5521 existimant.
712 5468 824 5522 Alii
859 5470 1143 5526 rationem
1189 5473 1610 5532 elementorum
1660 5494 1787 5534 eam
1839 5498 1968 5536 esse

2145 4859 2266 4916 ’Ὁτι
2303 4854 2403 4926 δεῖ,
2437 4855 2591 4935 φησὶ,
2637 4854 2877 4930 καθάπερ
2907 4854 2997 4909 καὶ
3029 4852 3114 4908 ἐπὶ
3146 4851 3256 4908 τῶν
3315 4848 3525 4920 ἄλλων,
3587 4850 3735 4906 οὕτω

2072 4947 2162 5002 καὶ
2197 4946 2280 5001 ἐπὶ
2339 4952 2437 5015 τῆς
2502 4948 2687 5020 ψυχῆς
2717 4949 2967 5014 ζητῆσαι,
3021 4942 3125 4997 ὑπὸ
3156 4946 3314 4995 ποῖον
3346 4938 3498 5016 γένος
3559 4939 3733 5008 αὐτὴν

2073 5037 2358 5109 ἀνάξομεν.
2418 5033 2514 5090 Καὶ
2571 5034 2672 5109 γὰρ
2730 5033 2782 5088 οἱ
2845 5032 2941 5105 μέτ
2999 5031 3166 5099 αὐτὴν
3223 5030 3326 5084 ὑπὸ
3381 5028 3479 5096 τήν
3540 5029 3733 5082 οὖσίαν

2075 5126 2382 5200 ἀνάγουσιν·
2444 5124 2494 5177 οἱ
2553 5121 2610 5178 δέ
2671 5122 2773 5177 ὑπὸ
2801 5122 2866 5177 τὸ
2896 5120 3098 5176 ποσόν·
3157 5119 3229 5174 ὧν
3262 5118 3371 5173 ἐστι
3423 5118 3512 5172 καὶ
3553 5123 3729 5173 Ξενο-

2074 5217 2276 5288 κράτης
2307 5217 2404 5285 (2).
2469 5212 2714 5285 Δριθμὸς
2753 5212 2857 5286 γάρ
2916 5210 3049 5277 ἐστι,
3099 5208 3285 5287 φησὶν,
3344 5211 3378 5276 ἡ
3427 5209 3582 5282 ψυχὴ
3645 5229 3732 5261 κι-

2076 5309 2180 5358 νῶν
2215 5303 2422 5360 ἐαυτὸν.
2459 5302 2522 5356 Οἱ
2554 5299 2612 5356 δὲ
2665 5300 2768 5356 ὑπὸ
2805 5299 2868 5354 τὸ
2896 5300 3076 5367 ποιὸν,
3135 5299 3208 5352 ὧν
3270 5295 3373 5351 εἶσι
3403 5297 3491 5351 καὶ
3528 5295 3735 5372 ἰατροὶ,

2075 5395 2223 5464 ἡμᾶς
2257 5395 2330 5462 (3)
2365 5392 2498 5447 εἶναι
2559 5389 2807 5466 λέγοντες
2839 5388 3030 5459 αὐτήν.
3086 5389 3342 5444 Τοιοῦτοι
3403 5382 3447 5439 δ’
3507 5383 3566 5439 ἄν
3631 5385 3734 5440 εἶεν

2077 5482 2166 5535 καὶ
2199 5483 2250 5536 οἱ
2310 5480 2652 5556 ἐντελέχειαν
2706 5477 2874 5548 αύτὴν
2909 5476 3225 5551 νομίζοντες
3256 5494 3533 5543 τοιαστην.
3593 5472 3735 5530 Ἀλ-

504 5599 558 5680 ld
595 5598 932 5680 Pythagora:
967 5601 1158 5680 potius
1193 5602 1392 5657 tribuit
1427 5603 1744 5676 Gregorius
1775 5607 2074 5680 Nyssenus
2104 5611 2161 5666 in
2198 5611 2346 5668 libro
2375 5613 2452 5668 De
2480 5614 2703 5668 Anima.

391 5669 466 5741 (3)
502 5670 649 5742 Lego
681 5670 818 5740 αἷμα
847 5669 1197 5741 sanguinem.
