3976 6212
79 28 260 52 μήτ-’νή-

187 347 314 406 l057
1605 335 1706 394 DE
1748 372 1757 393 Α

1965 335 2024 394 Α.
3379 344 3535 407 1058

184 474 256 530 λοι
286 471 436 545 λόγον
466 467 628 535 αὐτὴν
657 471 765 522 τῶν
815 464 1103 542 στοιχείων
1129 464 1404 540 λέγουσιν,
1430 465 1481 518 οἳ
1515 461 1753 534 δηλονότ

1968 468 2114 532 :unt,
2149 465 2248 536 qui
2280 482 2407 521 eam
2450 484 2660 540 nempe
2713 469 2771 525 in
2802 470 3115 529 relatorum
3148 475 3412 532 ordinem
3445 495 3538 533 eo-

187 564 272 618 ὑπὸ
296 561 350 616 τὸ
377 557 500 634 πρός
555 578 608 611 τι
662 556 864 626 ταύτην
899 556 1177 632 ἀνάγουσι.
1225 555 1300 610 Τὸ
1329 555 1434 630 γάρ
1496 551 1753 608 διπλάσιο

1979 559 2062 609 nt.
2096 553 2350 626 Duplum
2385 557 2539 610 enim
2573 563 2628 612 et
2658 559 2990 631 sextuplum
3027 561 3208 619 relata
3237 571 3394 620 sunt.
3423 567 3539 621 Du-

185 655 214 722 ἢ
258 648 492 723 ἡμιόλιον
542 650 648 700 τῶν
704 646 841 720 πρός
894 666 968 701 τι.
1029 638 1368 721 ’Δμφίϐολον
1421 643 1512 698 οὖν
1544 642 1680 706 τέως
1723 663 1752 695 τ

1971 660 2060 698 nm
2091 642 2272 716 igitur
2312 648 2370 699 et
2415 651 2852 704 controversum
2903 655 2993 705 est
3041 652 3169 722 ejus
3198 670 3404 726 genus.
3433 656 3541 711 Sed

184 742 334 816 γένος.
389 732 628 792 Ἐπειδὰν
681 732 738 790 δὲ
773 730 1016 808 εὕρωμεν
1082 733 1164 788 ὅτι
1216 731 1426 800 οὐσίαν,
1476 729 1639 787 πάλιν
1694 735 1754 800 ζη

1972 731 1999 786 ii
2051 732 2448 790 invenerimus
2496 737 2885 809 substantiam
2933 756 3081 807 esse,
3132 759 3337 798 rursus
3387 761 3542 815 quaa-

183 834 274 884 τεῖν
327 824 512 896 δεήσει,
545 824 775 898 πότερον
813 827 974 896 σῶμα
999 820 1034 891 ἢ
1068 822 1377 894 ἀσώματον,
1408 819 1497 875 xui
1528 820 1573 874 εἰ
1632 824 1753 892 σῶμ

1975 818 2146 874 ndum
2178 820 2287 874 erit
2317 838 2388 875 an
2421 837 2631 893 corpus
2652 841 2722 878 an
2758 825 2883 882 sine
2916 844 3154 900 corpore
3183 873 3196 898 ,
3228 847 3302 886 an
3333 849 3545 903 corpus

182 918 362 973 ἁπλοῦν
501 911 768 968 σύνθετον·
819 912 908 968 καὶ
969 911 1012 966 εί
1070 911 1359 984 ἀσώματον
1421 909 1693 985 χωριστὸν

1975 905 2172 978 nplex,
2205 925 2279 963 an
2329 912 2718 982 compositum
2754 931 2767 968 :
2801 913 2850 969 si
2897 915 3023 972 sine
3054 933 3311 990 corpore,
3345 938 3417 976 an
3450 937 3545 978 se-

183 1007 475 1081 ἂχώριστον.
507 1004 601 1056 Kui
637 1002 866 1077 πότερον
905 1000 1003 1074 μία
1032 999 1092 1055 ἐκ
1143 1001 1352 1072 ἑκάστῳ
1382 999 1561 1074 ψυχὴ,
1659 995 1753 1051 πο)

1981 996 2202 1066 rabilis,
2236 1015 2307 1052 an
2363 998 2810 1072 inseparabilis;
2864 1011 2942 1070 et,
2973 1006 3125 1062 sitne
3177 1026 3294 1065 una
3337 1011 3394 1066 in
3427 1010 3547 1066 sin-

181 1095 276 1151 λαί·
325 1093 406 1147 xui
437 1091 484 1146 si
517 1090 634 1164 μία,
671 1087 959 1163 μονοειδὴς
1015 1091 1050 1159 ἢ
1091 1086 1502 1161 πολυδύναμος·
1562 1088 1650 1141 xui
1711 1108 1751 1140 τη

1976 1085 2061 1141 slis
2089 1088 2430 1158 corporibus
2479 1089 2697 1158 anima,
2731 1092 2814 1148 vel
2847 1093 3046 1166 plures
3077 1114 3088 1150 :
3120 1102 3177 1153 et
3209 1098 3256 1152 si
3292 1116 3408 1155 una
3437 1105 3546 1170 est,

236 1187 333 1237 τῶν
361 1179 632 1252 δυνάμεων
666 1177 922 1257 διάφορά,
971 1179 1060 1234 xui
1093 1179 1137 1232 εί
1167 1177 1397 1233 πολλαί·
1431 1177 1657 1248 πότερον
1716 1197 1752 1228 τη

2039 1176 2215 1231 unius
2272 1177 2506 1249 speciei,
2567 1180 2654 1236 vel
2713 1181 3099 1254 plurimarum
3161 1188 3547 1259 facultatum;

181 1274 373 1346 ἀριθμῷ
424 1267 654 1337 πολλαὶ,
713 1268 748 1338 ἢ
805 1268 894 1324 xui
949 1272 1030 1340 τῷ
1086 1265 1238 1322 εἴδει·
1299 1267 1525 1338 πότερον
1584 1264 1676 1319 xui
1718 1285 1748 1318 τ

1990 1265 2201 1321 odnam
2235 1266 2312 1320 sit
2339 1283 2542 1323 earum
2575 1268 2728 1326 inter
2773 1288 2834 1327 se
2877 1274 3192 1332 discrimen
3229 1295 3241 1333 :
3274 1281 3401 1334 tum
3432 1279 3554 1335 sint

180 1360 319 1435 γένει,
346 1358 378 1427 ἢ
429 1358 512 1414 οὗ.
541 1357 616 1412 Τά
643 1357 744 1432 γὰρ
774 1361 854 1430 τῷ
884 1353 1013 1411 εῖδει
1071 1353 1412 1433 διαφέροντα,
1473 1352 1535 1408 οὐ
1580 1353 1750 1407 πάντα

2011 1352 2205 1423 plures
2234 1356 2359 1422 hae;
2411 1373 2483 1411 an
2518 1374 2784 1426 numero,
2838 1379 2910 1417 an
2960 1365 3153 1436 specie
3201 1365 3398 1437 plures
3431 1385 3443 1423 :
3477 1385 3549 1423 an

181 1449 258 1504 xui
284 1453 356 1519 τῷ
371 1448 530 1524 γένει’
565 1448 638 1507 ὡς
669 1448 954 1520 ἄνθρωπος
991 1445 1081 1499 xui
1109 1443 1298 1508 ἵππος.
1331 1444 1415 1502 Τά
1480 1441 1665 1516 μέντοι
1721 1461 1750 1494 τ

1983 1457 2137 1509 nere,
2171 1458 2370 1499 necne.
2404 1446 2550 1501 Nam
2583 1464 2714 1520 qua:
2740 1451 2934 1522 specie
2962 1453 3257 1518 diti'erunt,
3292 1473 3405 1512 non
3428 1473 3551 1512 om-

183 1539 303 1612 γένει
331 1533 645 1614 διαφέροντα
670 1580 684 1605 ,
743 1534 794 1607 ἐξ
825 1534 1061 1610 ἀνάγκης
1091 1533 1183 1588 xui
1213 1538 1290 1605 τῷ
1320 1530 1472 1604 εἷ’δει,
1509 1531 1584 1594 ὡς
1644 1529 1753 1594 λίθι

1983 1546 2047 1584 no
2077 1530 2252 1586 etiam
2300 1549 2548 1605 genere;
2602 1542 2666 1591 ut
2696 1538 2870 1595 homo
2913 1544 2970 1595 et
3015 1558 3224 1615 equus,
3257 1546 3390 1609 Quae
3420 1560 3553 1601 vero

182 1627 258 1681 xui
288 1629 432 1695 ζῶον.
463 1630 640 1680 Ταῦτα
666 1625 848 1680 τοίνυν
880 1625 967 1678 xui
1004 1623 1210 1678 τούτων
1241 1620 1492 1690 πλείονα,
1543 1621 1678 1695 πρὸς
1735 1640 1752 1673 1

1987 1635 2118 1674 nere
2157 1620 2453 1692 differunt,
2483 1625 2724 1682 omnino
2773 1633 2830 1683 et
2879 1630 3072 1701 specie
3102 1632 3456 1704 discrepant,
3492 1637 3557 1688 ut

183 1711 346 1770 λαϐεῖν
374 1715 460 1769 τὸν
495 1713 725 1790 ὁρισμὸν
744 1716 846 1778 τῆς
875 1716 1086 1789 ψυχῆς,
1124 1710 1408 1783 ζητητέον.

1987 1707 2062 1778 ais
2109 1713 2168 1764 et
2215 1710 2455 1766 animal.
2510 1714 2638 1769 Haec
2685 1719 2740 1770 et
2786 1716 2954 1788 plura
3002 1719 3074 1774 ad
3125 1719 3557 1792 percipiendam

1832 1836 1880 1902 B
1911 1796 2120 1851 animae
2151 1797 2571 1869 definitionem,
2603 1807 2918 1875 quaerenda
2946 1811 3105 1863 sunt.

241 1913 346 1965 Ὀτι
376 1909 762 1986 Ἀριστοτέλης
797 1910 900 1965 ὑπὸ
931 1907 1187 1985 διαίρεσιν
1214 1911 1308 1964 τὸν
1370 1908 1534 1983 λόγον
1590 1907 1797 1982 ἀνάγων

1989 1904 2321 1961 Aristoteles
2377 1907 2838 1980 disputationem
2896 1914 2968 1970 de
3025 1915 3224 1972 anima
3272 1917 3559 1985 dividens,

179 2000 256 2053 τὸν
288 2000 398 2075 περί
427 2003 636 2076 ψυχῆς,
664 1999 851 2077 φησὶν,
883 2000 916 2069 ἢ
950 1996 1173 2072 δυνάμει
1206 1997 1348 2053 ἐστὶν
1389 1999 1423 2068 ἢ
1476 1994 1744 2071 ἐντελέχει

1991 1992 2340 2066 lpotestate,
2390 1996 2605 2070 inquit,
2651 2005 2758 2070 est,
2790 2001 2877 2058 vel
2925 2003 3012 2060 vis
3060 2021 3128 2059 ex
3177 2021 3240 2062 se
3274 2022 3561 2062 movens:

184 2088 280 2142 ἀντὶ
310 2089 397 2160 μὲν
427 2093 528 2144 τοῦ
575 2088 829 2160 σώματος
873 2089 1222 2164 χρησάμενος
1268 2091 1336 2160 τῇ
1383 2083 1630 2159 δυνάμει,
1689 2086 1748 2139 ἀν

1993 2083 2014 2136 ιί
2049 2099 2150 2154 pro
2199 2101 2460 2156 corpore,
2495 2087 2659 2160 dixit,
2691 2096 3018 2162 potestate;
3067 2111 3169 2166 pro
3201 2095 3563 2166 incorporeo,

183 2174 232 2232 δὲ
255 2181 342 2232 τοῦ
396 2177 689 2251 ἀσώματος
730 2180 798 2251 τῇ
830 2175 1180 2251 ἐντελεχείᾳ·
1241 2175 1332 2230 xui
1380 2176 1483 2251 γάρ
1538 2180 1646 2230 τῶν
1706 2195 1753 2228 σι

1996 2187 2099 2227 sex
2130 2190 2191 2228 se
2223 2191 2461 2230 movens
2492 2193 2504 2231 :
2537 2193 2847 2249 corporum
2879 2182 3056 2249 enim,
3091 2183 3207 2240 alia
3237 2184 3294 2240 in
3325 2201 3566 2257 genera-

189 2268 350 2339 μάτων
395 2268 460 2320 τά
505 2267 603 2339 μὲν
659 2265 710 2321 ἐν
769 2267 970 2340 γενέσει
1027 2266 1118 2319 xui
1176 2267 1350 2342 φθορᾷ
1398 2262 1622 2337 δυνάμει
1673 2262 1759 2318 ἐστ

1994 2277 2074 2315 Ine
2104 2267 2160 2316 et
2189 2265 2582 2336 corruptione,
2624 2273 2910 2338 potestate
2956 2277 3117 2340 sunt,
3147 2277 3204 2328 et
3239 2275 3564 2330 secundum

186 2355 261 2409 xui
291 2357 398 2411 κατ’
430 2355 621 2410 οὐσίαν
653 2354 742 2409 xui
773 2356 908 2410 κατά
938 2353 1230 2425 ποιότητα,
1257 2354 1345 2407 xui
1399 2354 1498 2422 τήν
1526 2352 1585 2408 ἐκ
1639 2352 1756 2407 τόπι

1997 2349 2312 2406 bstantiam
2363 2357 2419 2407 et
2466 2355 2809 2425 qualitatem
2859 2362 2914 2413 et
2961 2360 3339 2417 mutationem
3382 2361 3566 2418 eloco

185 2443 250 2506 εἷς
272 2445 431 2499 τόπον
468 2440 1042 2518 μεταϐολήνοδυνάμει
1085 2444 1179 2517 μὲν
1212 2445 1314 2517 γάρ
1346 2442 1503 2516 ἐσμεν
1534 2439 1754 2517 ἅνθρωπ

2011 2435 2239 2493 locum:
2263 2457 2394 2496 nam
2428 2447 2713 2513 potestate
2731 2463 2942 2503 sumus
2967 2449 3237 2507 homines
3263 2453 3319 2505 in
3345 2451 3570 2507 semine

182 2532 228 2587 ἒν
279 2538 354 2605 τῷ
408 2534 679 2609 σπέρματι
733 2532 822 2587 καὶ
853 2532 904 2587 ἐν
934 2537 1016 2605 τῷ
1042 2531 1387 2605 καταμηνίῳ·
1446 2533 1534 2587 xui
1585 2529 1752 2604 δυνάμ

2023 2533 2323 2584 menstruo
2358 2547 2370 2585 :
2407 2537 2624 2587 etcum
2678 2535 2841 2604 pueri
2873 2538 3083 2609 simus,
3116 2539 3220 2594 viri
3272 2541 3569 2614 magnitu-

182 2620 352 2684 παῑδες
384 2618 562 2692 ὄντες,
617 2620 826 2698 ἔχομεν
847 2622 910 2677 τὸ
939 2626 1040 2677 τοῦ
1070 2619 1258 2698 ἀνδρὸς
1293 2620 1540 2697 μέγεθος.
1573 2620 1752 2694 Ὁμοίι

2002 2633 2120 2672 1cm
2164 2624 2448 2690 potestate
2497 2621 2804 2679 habemus.
2859 2626 2916 2680 In
2965 2627 3246 2698 qualitate
3278 2629 3572 2700 similiter,

182 2712 257 2764 xui
287 2709 369 2766 ἐπὶ
400 2717 496 2766 τοῦ
529 2717 711 2766 ποιοῦο
746 2709 971 2784 δυνάμει
1001 2710 1206 2786 ψυχροὶ
1263 2711 1455 2786 θερμοί
1515 2707 1683 2780 ὅντες,
1724 2731 1752 2764 x

2006 2723 2058 2761 m
2095 2707 2288 2778 frigidi
2322 2725 2548 2777 sumus,
2575 2715 2862 2782 potestate
2892 2714 3088 2771 callidi
3113 2735 3322 2773 sumus
3345 2723 3400 2773 et
3421 2723 3576 2790 pote-

181 2796 388 2873 δυνάμει
419 2799 721 2874 κινούμεθα
749 2802 1072 2874 καθήμενοι.
1104 2800 1184 2857 Τά
1215 2797 1272 2854 δέ
1299 2821 1358 2855 τε
1390 2799 1615 2875 οὐράνια
1645 2799 1695 2854 έν
1744 2821 1751 2834 ·

2003 2801 2074 2849 ite
2099 2812 2420 2866 movemur,
2446 2816 2573 2854 cum
2599 2803 2894 2859 sedemus.
2918 2804 3052 2860 lei
3077 2810 3273 2862 autem
3297 2809 3366 2863 ad
3388 2808 3573 2863 solam

180 2889 303 2943 κατὰ
323 2891 491 2946 τόπον
532 2885 813 2964 μεταϐολῇ
848 2889 1014 2963 μόνον
1071 2883 1260 2965 ἔχουσι
1289 2893 1358 2963 τῇ
1386 2887 1628 2964 δυνάμει.
1664 2890 1750 2946 Ἀν

2003 2884 2037 2938 :i
2097 2886 2504 2956 mutationem,
2567 2894 2915 2961 potestatem
2978 2894 3212 2950 habent.
3265 2896 3360 2953 Sol
3418 2896 3573 2953 enim

174 2976 370 3033 τίλλων
424 2981 528 3054 γάρ
591 2980 618 3034 ὁ
676 2978 859 3049 ἥλιος,
900 2976 1126 3053 δυνάμει
1189 2983 1527 3055 μεσουράνεῖ·
1587 2977 1676 3033 καὶ
1729 3000 1744 3050 ι

2006 2973 2144 3042 iens,
2178 2979 2457 3046 potestate
2507 2980 2738 3036 medius
2767 2986 2891 3050 est;
2945 2984 3188 3040 meridie
3231 3002 3384 3056 vero,
3420 2989 3576 3056 pote-

179 3073 440 3142 σουρανῶν
502 3066 728 3142 δυνάμει
789 3066 950 3123 δύνειο
1009 3069 1099 3122 xui
1158 3068 1374 3133 ἕπὶτῆς
1424 3065 1603 3138 ἄλλης
1653 3067 1749 3122 αὐτ

2003 3066 2079 3116 ite
2109 3062 2320 3118 occidit
2349 3081 2363 3119 :
2399 3070 2456 3120 et
2488 3066 2545 3120 in
2596 3069 2817 3124 czeteris
2866 3071 3015 3142 ejus,
3049 3078 3105 3128 et
3136 3073 3384 3130 aliorum
3420 3075 3573 3130 side-

174 3159 427 3227 κινήσεως
484 3158 578 3213 xui
633 3163 739 3213 τῶν
795 3156 980 3214 ἄλλων
1027 3156 1283 3233 ἀστέρων,
1342 3158 1600 3220 ὡσαύτως
1656 3156 1708 3211 ἐν

2009 3168 2062 3204 m
2095 3152 2375 3218 motibus,
2409 3156 2654 3211 mutatio
2677 3158 2746 3212 ad
2780 3157 2992 3228 locum,
3014 3165 3300 3232 potestate
3333 3163 3579 3218 attendi-

178 3201 426 3227 .-...,-..,..,,
487 3201 578 3213 η...
644 3201 737 3213 .w.
796 3201 977 3214 ...πη-ν
1027 3201 1283 3233 ..η-Γαμ,
1343 3201 1598 3220 ..κη-η..
1657 3201 1704 3211 -.

178 3248 304 3300 κατὰ
328 3248 500 3302 τόπον
537 3242 842 3321 μεταϐολῇ,
871 3247 936 3302 τὸ
967 3244 1191 3320 δύναμει
1223 3245 1334 3302 ἐστὶ
1370 3249 1614 3318 Θεωρεῖν.
1641 3247 1743 3301 Ἀλ

2008 3201 2062 3204 ___
2096 3201 2375 3218 __----_-,
2409 3201 2653 3211 ..-νην
2678 3201 2746 3212 ..μ
2780 3201 2992 3228 me-..”
3014 3201 3300 3232 νυιυυιυηυ
3333 3201 3577 3218 um"...—

2007 3258 2042 3296 r.
2081 3241 2191 3296 Sed
2227 3259 2350 3307 cur,
2383 3259 2513 3298 eum
2546 3249 2846 3316 potestate,
2870 3265 2973 3319 pro
3003 3265 3243 3321 corpore
3265 3251 3577 3322 posuisset,

179 3334 227 3389 τί
254 3332 456 3406 δήποτε
510 3337 598 3392 ἐπὶ
654 3341 752 3392 τοῦ⁹
803 3337 1055 3409 σώματος
1113 3336 1166 3390 ἒν
1217 3333 1441 3409 δυνάμει
1498 3335 1677 3406 τάξας,
1735 3335 1749 3390 ἑ

2011 3345 2036 3384 o
2067 3329 2405 3402 incorporeo
2439 3348 2553 3387 non
2590 3333 2754 3402 dixit,
2788 3335 3110 3392 cnteleehio
3136 3337 3196 3392 in
3228 3344 3388 3395 sexto
3419 3355 3581 3408 casu,

182 3427 268 3476 τοῦ
313 3425 613 3499 ἀσωμάτου
673 3424 774 3480 οὐκ
843 3427 983 3480 εἶπεν
1042 3423 1350 3499 ἐντελεχείᾳ
1410 3425 1544 3479 κατά
1601 3422 1752 3479 δοτικ

2012 3419 2032 3472 ;1
2066 3419 2472 3491 entelechiam,
2498 3422 2556 3476 in
2587 3421 2786 3478 recto?
2817 3423 2960 3487 Quia
2984 3425 3266 3482 nimirum
3292 3427 3447 3483 aliud
3473 3433 3582 3494 est,

182 3517 396 3587 πτῶσιν,
447 3513 583 3569 ἀλλ’
638 3513 976 3589 ἐντελέχειαν
1006 3515 1124 3570 κατ’
1153 3513 1398 3584 εὐθεῖαν;
1455 3512 1697 3589 Λέγομεν
1731 3515 1824 3569 οὖν
1934 3511 2212 3577 potestas,
2273 3508 2454 3576 aliud,
2513 3515 2834 3581 potestate;
2894 3519 2952 3569 et
3007 3514 3166 3571 aliud
3226 3516 3582 3584 entelechia,

183 3601 256 3655 δτι
281 3600 421 3657 ἄλλο
453 3602 571 3658 ἐστὶ
604 3601 853 3676 δύναμις,
886 3602 976 3658 xui
1007 3601 1148 3658 ἄλλο
1194 3602 1246 3657 έν
1280 3599 1527 3675 δυνάμει,
1560 3604 1646 3657 xui
1683 3601 1750 3658 ἄλ

2021 3596 2093 3649 ud
2127 3595 2470 3652 entelecbia.
2503 3598 2637 3653 Sola
2674 3600 2830 3655 enim
2883 3603 3144 3675 materia,
3177 3611 3267 3660 est
3299 3608 3586 3676 potestate

176 3688 503 3769 ἐντελέχεια,
557 3692 645 3748 xui
706 3690 847 3748 ἄλλο
905 3690 1232 3767 ἐντελεχείᾳ.
1289 3697 1352 3747 Ἡ
1414 3692 1508 3764 μὲν
1561 3691 1660 3767 γάρ
1715 3692 1744 3745 ὕ

2011 3684 2154 3755 mia,
2185 3690 2317 3740 actu
2350 3703 2482 3742 vero
2529 3688 2696 3743 nihil.
2751 3695 2819 3745 At
2850 3692 3056 3762 forma,
3088 3696 3269 3750 'actus
3299 3699 3529 3750 tantum
3569 3709 3581 3748 :

183 3780 351 3850 μόνως
410 3782 529 3838 ἐστὶ
590 3779 812 3855 δυνάμει
872 3783 1067 3853 πάντα,
1115 3782 1203 3836 xui
1237 3776 1347 3836 ἔστι
1401 3778 1647 3854 δυνάμει,
1680 3781 1753 3835 ένε

2019 3775 2090 3829 od
2123 3790 2254 3830 vero
2298 3792 2366 3831 ex
2414 3779 2660 3834 materia
2703 3784 2762 3835 et
2795 3781 3002 3849 forma,
3052 3783 3228 3838 etiam
3277 3787 3587 3856 potestate,

180 3869 291 3942 γείᾳ
321 3867 379 3925 δὲ
411 3869 594 3928 οὖδέν.
622 3871 692 3925 Τὸ
741 3869 799 3926 δὲ
840 3867 978 3932 εἶδος
1031 3872 1209 3943 μόνως
1269 3868 1598 3945 ἐντελέχεια·
1657 3869 1718 3924 τὸ

2017 3864 2082 3918 ad
2113 3868 2203 3918 est
2240 3870 2394 3920 actu.
2447 3866 2569 3923 Una
2599 3869 2756 3924 enim
2807 3869 2929 3926 haec
2977 3871 3173 3928 omnia
3204 3877 3587 3937 concurrunt,

180 3956 225 4026 ἒξ
251 3957 389 4030 om
452 3961 548 4016 xui
608 3956 786 4023 εἷ’δους
815 3959 905 4015 xui
933 3959 984 4015 ἐν
1013 3957 1261 4033 δυνάμει,
1294 3959 1455 4014 τοῦτό
1489 3958 1599 4014 ἔστι
1628 3958 1717 4014 xui
1744 3959 1750 4012 ἑ

2041 3953 2434 4027 quodcunque
2480 3961 2569 4012 est
2615 3957 2674 4013 in
2725 3963 3037 4031 potestate,
3082 3961 3228 4017 illud
3280 3962 3452 4018 etiam
3505 3965 3593 4018 est

176 4046 459 4123 τελεχείᾳ.
512 4051 880 4126 Συντρέχουσι
935 4051 1040 4126 γὰρ
1098 4049 1272 4104 πάντα
1322 4053 1491 4104 ταῦτα
1543 4049 1676 4121 azym-
1736 4070 1746 4102 ι

2023 4060 2092 4099 ;u.
2121 4043 2338 4100 Omnes
2367 4046 2522 4102 enin:
2560 4047 2782 4117 formze,
2813 4049 3029 4107 virtute
3061 4057 3204 4107 sunt
3235 4052 3290 4106 in
3327 4051 3593 4116 materia,

174 4133 296 4210 ὅπερ
359 4139 474 4194 ἐστὶ
511 4139 603 4194 xui
649 4139 698 4193 ἐν
743 4137 991 4212 δυνάμει,
1017 4135 1180 4193 τοῦτό
1211 4138 1320 4192 ἐστι
1346 4135 1438 4192 xui
1493 4135 1744 4212 ἐντελεχε

2022 4151 2061 4186 ae
2117 4134 2290 4188 modo
2341 4134 2469 4202 hoc,
2524 4139 2697 4194 modo
2744 4138 2885 4194 illud
2923 4142 2987 4195 fit
3038 4147 3193 4198 actu.
3242 4147 3407 4198 Nunc
3436 4141 3592 4197 enim

175 4227 556 4279 K“'
751 4226 900 4283 "is
1000 4225 1123 4282 δι’
1289 4225 1686 4282 ’κε’λι

216 4248 265 4279 αι
324 4249 430 4304 γάρ
485 4250 662 4284 πάντα
707 4250 774 4284 τοι
821 4250 846 4283 ε
905 4251 963 4299 η,
1037 4248 1224 4301 δναμει
1285 4249 1338 4282 εν
1392 4248 1522 4300 τῃυ
1565 4249 1600 4300 ῃ
1689 4247 1745 4281 στ

2024 4239 2069 4276 m
2105 4223 2279 4277 homo
2311 4224 2387 4278 sit
2427 4230 2734 4296 potestate,
2768 4227 2913 4283 alias
2947 4229 3043 4285 ﬁet
3073 4229 3248 4285 homo
3279 4239 3412 4286 actu
3439 4246 3452 4284 :
3478 4230 3594 4285 imo

170 4316 286 4383 ἣτις
317 4320 456 4374 ποτὲ
522 4318 618 4391 μὲν
676 4322 860 4385 τοῦτο,
907 4317 1040 4372 ποτε
1089 4313 1147 4371 δὲ
1204 4317 1379 4371 έκεῖνο
1429 4315 1628 4390 γίνεται
1687 4316 1738 4369 ὲν

2026 4328 2071 4366 Ὅ
2103 4310 2279 4366 habet
2313 4317 2376 4367 ut
2424 4313 2602 4368 simul
2633 4315 2709 4368 sit
2764 4320 3046 4386 potestate
3079 4324 3132 4373 et
3182 4323 3339 4374 actu.
3372 4317 3596 4390 Quippe

172 4404 306 4478 γείᾳ.
365 4411 482 4462 Νῦν
551 4408 646 4480 μὲν
699 4406 799 4484 γάρ
840 4405 1124 4481 ἄνθρωπος
1184 4407 1317 4460 οὖσά
1348 4403 1596 4478 δυνάμει,
1629 4402 1734 4460 ἄλλ

2025 4401 2218 4456 oniam
2252 4418 2554 4473 nunquam
2588 4405 2776 4459 forma
2797 4411 2980 4474 vacat,
3013 4423 3145 4462 cum
3173 4407 3321 4463 hanc
3344 4407 3595 4464 formam

168 4494 371 4567 γίνεται
419 4495 666 4572 ἐνεργείᾳ
714 4493 1016 4572 ἄνθρωπος’
1072 4492 1286 4568 μᾶλΛον
1346 4491 1402 4548 δὲ
1428 4493 1540 4566 ἅμα
1588 4491 1704 4568 ἔχει

2029 4491 2221 4562 seepit,
2255 4495 2385 4546 actu
2418 4493 2678 4563 quidem,
2709 4493 2817 4550 hoc
2838 4500 2950 4562 est,
2982 4495 3219 4563 virtute,
3243 4497 3426 4554 aliud.
3450 4497 3599 4562 Quia

172 4582 233 4636 τὸ
282 4569 524 4658 δυνάμει
559 4569 662 4639 ’καὶ
720 4585 781 4639 τὸ
816 4569 1101 4660 ϋὲνιργείᾳ.
1153 4580 1372 4652 Ἐπειδή
1420 4583 1520 4659 γὰρ
1573 4580 1740 4637 οὐδέπ

2033 4584 2124 4633 tur
2154 4579 2213 4634 in
2263 4579 2476 4651 quibus
2523 4587 2630 4651 est,
2682 4582 2912 4653 virtute,
2961 4584 3016 4638 in
3049 4585 3143 4641 his
3195 4591 3305 4654 est,
3341 4594 3394 4642 et
3441 4591 3603 4656 actu,

171 4672 499 4748 ἱστιγυμνή
537 4671 733 4742 ε’ίδους,
786 4673 992 4728 ἑκείνου
1029 4678 1125 4728 τοῦ
1186 4670 1386 4740 έίδους,
1445 4671 1682 4748 ἐνεργείᾳ
1738 4696 1741 4742 ε

2039 4667 2120 4722 uti
2152 4669 2222 4724 de
2262 4668 2584 4725 materiatis
2633 4672 2974 4743 corporibus
3024 4673 3247 4730 dictum
3283 4680 3374 4732 est
3406 4692 3420 4730 :
3454 4679 3513 4731 at
3545 4676 3603 4729 in

174 4761 258 4814 οὖν
314 4764 429 4818 ἐστι
493 4761 641 4835 τόδε,
693 4767 762 4836 τῇ
820 4760 1044 4837 δυνάμει
1076 4760 1133 4817 δὲ
1165 4760 1327 4818 ἄλλο.
1362 4761 1509 4817 Ἐπεὶ
1542 4758 1632 4815 οὖν
1667 4761 1718 4815 ἒν

2035 4757 2162 4812 ’ἱοίε
2193 4763 2250 4813 et
2275 4757 2671 4829 ,incorporeis,
2709 4760 2852 4816 nihil
2881 4767 2970 4817 est
3002 4763 3235 4832 virtute,
3268 4764 3408 4836 quia
3442 4762 3500 4818 in
3535 4763 3605 4818 iis

167 4849 227 4904 τὸ
284 4847 524 4925 δυνάμει
583 4850 750 4921 ἐστὶν,
808 4852 861 4906 ἒν
915 4851 1134 4916 τούτοις
1189 4850 1278 4905 xui
1337 4850 1398 4905 τὸ
1456 4851 1721 4926 ένεργείᾳ,

2031 4864 2138 4919 que
2173 4847 2415 4903 materia
2464 4852 2590 4915 est;
2643 4850 2714 4904 ob
2747 4865 2994 4923 eamque
3044 4868 3165 4908 rem
3199 4869 3388 4925 neque
3419 4857 3550 4908 actu
3587 4866 3601 4907 :

171 4937 255 4992 ἒπὶ
311 4941 428 4994 τῶν
495 4938 702 4996 ἒνύλων
756 4938 968 5015 ε’ίρηται
1017 4939 1305 5013 σωμάτων·
1341 4940 1427 4994 επὶ
1460 4936 1518 4994 δὲ
1539 4943 1647 4993 τῶν
1682 4949 1739 5002 ee

2032 4954 2063 4990 n
2099 4937 2254 4992 enim
2287 4940 2419 4992 actu
2453 4941 2592 4992 sunt
2623 4937 2737 4993 tale
2767 4939 3096 5012 quippiam.
3130 4943 3238 4998 Sed
3274 4941 3385 5014 ipsi
3413 4946 3602 5008 actus,

170 5028 258 5082 xui
316 5028 642 5102 ἀσωμάτων
700 5029 799 5084 οὑκ
826 5023 939 5083 ἔστι
989 5029 1052 5082 τὸ
1079 5026 1324 5101 δυνάμει·
1385 5026 1500 5082 επεὶ
1536 5024 1677 5100 μηδὲ
1707 5026 1736 5080 i5

2054 5026 2213 5081 omni
2249 5025 2490 5081 materia
2537 5027 2688 5098 puri.
2737 5032 3052 5101 Propterea
3081 5048 3216 5087 cum
3269 5049 3303 5087 a
3334 5031 3602 5095 materia,

172 5117 258 5169 xui
289 5114 382 5171 διά
406 5122 583 5172 τοῦτο
617 5114 745 5172 οὑδὲ
784 5117 846 5172 τὸ
909 5115 1170 5193 ἒνεργείᾳ.
1231 5117 1306 5170 Οὗ
1353 5116 1454 5192 γάρ
1509 5113 1643 5168 εἰσιν
1696 5115 1742 5168 έν

2037 5115 2360 5188 composita
2391 5118 2622 5185 natura,
2641 5116 3116 5190 immateriatam,
3136 5125 3193 5176 et
3217 5119 3344 5175 sine
3366 5131 3607 5190 corpore

170 5205 289 5280 γείᾳ
313 5203 450 5262 τόδε
501 5227 578 5274 τι,
639 5203 764 5261 ἀλλ’
815 5204 1207 5282 αὖτοενέργειαί
1239 5205 1371 5260 εἰσιν
1401 5201 1512 5274 ἤδη
1573 5198 1698 5257 ὄντα

2040 5209 2155 5260 itra
2178 5204 2459 5261 discernit
2489 5220 2502 5261 :
2539 5203 2723 5275 illam,
2755 5211 3065 5279 potestate,
3085 5208 3234 5264 hanc
3260 5223 3418 5274 voce,
3451 5209 3610 5262 ente-

171 5296 304 5368 Θαρά
365 5298 503 5351 ἄνευ
564 5295 728 5367 ὕλης.
787 5295 884 5350 Διά
937 5299 1100 5351 τοῦτο
1132 5291 1578 5350 ἀντιδιαστέλλον
1625 5293 1696 5364 τῇ

1005 5299 1100 5351 ῦτο
1132 5291 1578 5350 ἀντιδιαστέλλον
1625 5293 1696 5364 τῇ
1743 5291 1846 5368 ὕλῃ
1956 5293 2167 5359 lechia,
2201 5293 2575 5366 signiﬁcavit.

171 5404 182 5412 .
241 5383 255 5403 ε
467 5386 489 5414 Δ
658 5383 672 5404 ’
719 5405 736 5415 .
888 5385 903 5405 ‘
1017 5381 1076 5401 "”
1313 5383 1326 5404 ‘
1399 5383 1413 5402 ’
1479 5381 1490 5401 '
1772 5379 1787 5400 ’
1954 5403 2004 5424 πε
2092 5379 2166 5424 ’δι’
2320 5385 2347 5396 ”
2435 5378 2463 5435 δ
2550 5382 2560 5400 ’
2699 5400 2711 5413 '
2835 5383 2898 5434 “hi
2991 5380 3043 5437 ’δὲ
3104 5379 3180 5436 ’δι’
3243 5387 3340 5437 τῦ
3398 5380 3611 5438 ἐντελέ-

173 5403 256 5438 Aut
319 5396 578 5457 συνθιτῳ
608 5405 786 5462 φυσιι,
844 5405 942 5455 την
1012 5383 1180 5439 αυλον
1237 5405 1329 5439 και
1389 5402 1706 5454 ασωματον,
1770 5383 2006 5458 εσήμαθ..
2089 5402 2177 5434 o.u
2256 5402 2351 5435 του
2469 5402 2660 5454 υναμει
2800 5403 2866 5451 τ,
2986 5398 3012 5436 ο
3101 5397 3189 5438 Ou
3278 5405 3305 5439 ο

174 5491 322 5546 χεια.

239 5585 371 5641 ’Ότι
406 5580 644 5638 δυνατόν
677 5581 808 5660 φησί
838 5581 926 5638 xui
962 5583 1088 5656 μίαν
1123 5583 1308 5659 ψυχὴν
1341 5581 1430 5638 ἰπὶ
1485 5584 1582 5636 τοῦ
1640 5579 1809 5656 ἀνθρώ

2039 5587 2216 5639 Unam
2251 5598 2376 5638 esse
2407 5580 2464 5635 in
2499 5578 2737 5635 homine
2787 5578 3068 5653 animam,
3103 5589 3160 5640 et
3189 5582 3386 5656 plures
3416 5581 3609 5638 dicere

172 5691 275 5726 που
338 5673 536 5749 Λέγειν
593 5671 681 5727 xui
710 5669 933 5734 πλείους
969 5690 982 5703 ⁸
1024 5669 1248 5736 πλείους
1279 5672 1373 5747 μὲν
1425 5670 1506 5725 ὅτι
1557 5666 1742 5746 διαφέρ

2035 5679 2091 5728 et
2124 5689 2135 5727 :
2172 5671 2367 5744 plures
2388 5667 2647 5739 quidem,
2673 5665 2810 5738 quia
2840 5668 2993 5726 inter
3009 5687 3071 5728 se
3090 5672 3282 5744 specie
3309 5670 3604 5736 differunt,

3859 257 3870 266 ι.

3877 1067 3886 1076 ι

3932 1680 3933 1689 ι

3968 2986 3973 2995 1

3883 3135 3896 3146 δ

3958 3532 3961 3541 .

3944 3730 3963 3749 9,

3962 3790 3963 3799 ι

3924 3836 3927 3851 ι

3924 3876 3927 3881 .
3960 3872 3963 3881 .

3962 3946 3965 3955 π

3926 4110 3969 4149 ξιῗ

3926 4166 3949 4191 ii
3966 4190 3969 4193 .

3926 4232 3957 4301 οἱ

3928 4338 3973 4387 ’λῗί

3930 4390 3971 4425 ιβ

3926 4440 3965 4525 ιε

3932 4612 3955 4639 ,Ν

3928 4642 3951 4665 Ϊῗ

3938 4672 3951 4681 μ,

3932 4710 3971 4755 In“

3932 4830 3969 4867 ιὶι

3932 4956 3955 4973 .ῐ

3948 4978 3973 5025 IVN

3940 5080 3969 5113 ii.‘

3948 5126 3955 5159 i

3946 5172 3953 5183 1

3869 5549 3876 5558 I
3952 5524 3971 5549 ‘I‘

3913 5587 3916 5590 -
3952 5572 3961 5595 ί

3952 5610 3971 5619 μ

3966 5632 3973 5665 ἶ

3950 5684 3973 5717 Τλ

3954 5718 3971 5743 ψη

3954 5752 3967 5777 ὖ

3952 5798 3973 5823 I‘

3901 5913 3914 5926 -.
3954 5884 3961 5929 ἓ

3942 5938 3961 5961 λι

3956 6016 3974 6104 t
