4054 6200
256 316 259 323 ‹
330 280 488 339 1059

1671 265 1855 325 MICH
1868 268 1913 324 A
1926 262 2094 327 ELIS
2142 265 2407 328 PSELLI

3591 268 3754 333 1060

324 413 659 488 vegetatrix,
691 411 1025 479 brutorum,
1058 413 1116 463 et
1159 408 1421 463 humana
1452 410 1508 462 et
1540 424 1573 461 a
1605 420 1665 463 se
1698 418 1975 475 separan-

2092 422 2173 457 σιν
2202 400 2469 473 ἀλλήλων
2526 409 2605 477 τῷ
2665 402 2815 473 εῖδει,
2875 407 2909 475 ἡ
2944 406 3143 483 φυτικὴ
3176 405 3263 462 καὶ
3294 408 3329 476 ἡ
3363 404 3567 483 ἄλογος
3588 408 3677 462 καὶ
3708 410 3741 477 ἡ

323 511 438 559 tur.
472 502 660 559 Unam
690 516 844 567 vero,
880 502 1114 571 propter
1166 513 1365 553 earum
1430 500 1704 550 mutuum
1737 506 1982 548 concen-

328 597 456 648 tum
488 597 545 648 et
575 588 1044 646 consensionem.
1077 586 1224 641 Nam
1259 604 1290 641 a
1323 586 1565 650 ratione,
1601 584 1668 637 ad
1702 585 1980 652 vegetan-

329 686 470 751 tem,
497 681 755 736 actiones
806 677 1280 750 proficiscuntur,
1312 678 1370 729 et
1420 673 1630 728 harum
1681 675 1875 726 motus
1926 670 1982 723 et

330 769 477 840 vita,
512 769 796 824 rationem
838 767 896 820 in
946 782 1008 820 se
1040 763 1474 836 quodammodo
1523 760 1893 817 constituunt
1922 760 1982 813 et

329 858 638 914 adornant.
676 857 800 912 Una
832 854 1007 925 igitur
1031 852 1206 907 etiam
1240 857 1331 907 ost
1361 849 1619 906 hominis
1654 847 1869 904 anima.

408 969 515 1034 Qui
548 981 724 1023 unam
762 961 954 1035 specie
986 959 1241 1015 animam
1277 958 1335 1014 in
1369 957 1597 1014 cunctis
1621 953 1978 1012 animalibus

330 1077 457 1118 esse
487 1057 711 1123 dicunt,
744 1052 1275 1122 temperamentum
1308 1064 1436 1105 eam
1470 1063 1599 1103 esse
1630 1047 1976 1113 autumant;

329 1167 464 1207 nam
496 1162 622 1203 eam
651 1142 721 1198 ad
754 1137 1122 1211 singulorum
1173 1136 1470 1210 propriam
1522 1137 1978 1206 temperaturam

328 1237 544 1299 mutari
574 1235 810 1291 dicunt:
834 1230 988 1285 unde
1014 1228 1197 1284 multa
1222 1228 1476 1285 absurda
1500 1228 1976 1299 consequuntur:

326 1330 607 1404 primum,
668 1322 805 1395 quia
863 1320 1066 1375 effecta
1124 1317 1414 1375 nobiliora
1462 1316 1686 1375 faciunt
1743 1312 1978 1385 causis;

326 1403 539 1492 corpus
588 1412 745 1471 enim
794 1410 1150 1477 inanimum,
1183 1409 1393 1465 animae
1440 1421 1677 1462 causam
1713 1403 1973 1472 faciunt;

326 1488 606 1570 secundo,
639 1500 839 1555 vivens
887 1498 1023 1565 vita,
1060 1496 1367 1550 immotum
1414 1496 1702 1561 movente,
1736 1488 1977 1547 rationis

321 1610 527 1670 expers
573 1590 795 1645 ratione
828 1584 1092 1659 praedito,
1125 1582 1490 1648 anteeellere,
1524 1586 1581 1636 et
1631 1588 1834 1635 caetera
1863 1579 1975 1634 hu-

314 1680 581 1758 jusmodi
612 1674 985 1734 incommoda
1017 1677 1425 1744 sequerentur.

393 1789 771 1846 Diversorum
821 1778 1168 1838 animalium
1219 1778 1447 1835 animas
1496 1775 1689 1847 specie
1745 1775 1975 1833 diﬂ‘erre
2005 1777 2052 1845 Β

322 1881 523 1936 censet
567 1870 924 1941 Aristoteles,
953 1869 1090 1942 quia
1130 1884 1247 1923 non
1278 1870 1388 1936 est,
1417 1865 1630 1938 inquit,
1663 1879 1972 1921 commune

323 1984 511 2043 genus
542 1963 898 2032 animarum,
932 1975 1111 2032 quare
1143 1972 1245 2015 nec
1275 1972 1476 2012 earum
1508 1954 1841 2012 communis
1873 1954 1975 2010 de-

322 2055 508 2113 finitio
538 2052 663 2110 dari
699 2054 888 2124 potest
934 2045 1433 2120 quemadmodum
1476 2043 1815 2101 animantis.
1850 2043 1976 2107 Non

323 2152 409 2205 est
459 2148 656 2201 autem
708 2154 1021 2197 commune
1069 2153 1253 2209 genus
1286 2134 1425 2207 quia
1458 2134 1511 2189 in
1564 2133 1681 2189 illis
1729 2133 1891 2206 prius
1922 2136 1979 2190 et

325 2233 617 2308 posterius
669 2227 948 2297 cernitur,
997 2227 1151 2297 quod
1204 2225 1261 2280 in
1312 2224 1385 2280 iis
1430 2239 1559 2279 esse
1598 2239 1713 2280 non
1764 2226 1975 2296 potest,

324 2344 452 2400 quae
488 2323 600 2380 sub
631 2322 834 2379 eodem
866 2334 1079 2392 genere
1118 2315 1492 2372 continentur
1525 2332 1537 2369 :
1570 2313 1779 2370 deinde
1810 2330 1979 2386 vege-

324 2420 479 2485 tans,
512 2416 722 2468 natura
751 2410 909 2483 prior
951 2411 1060 2475 est,
1095 2405 1333 2479 reliquae
1368 2403 1753 2478 posteriores;
1788 2408 1846 2459 et
1868 2403 1978 2458 tol-

322 2503 393 2559 lit
425 2505 537 2559 ista
572 2500 850 2573 reliquas,
883 2514 987 2552 nec
1036 2513 1154 2551 una
1186 2511 1318 2551 cum
1371 2492 1444 2548 iis
1476 2491 1724 2560 tollitur,
1758 2496 1814 2548 et
1844 2507 1979 2547 cum

326 2594 442 2651 illis
474 2591 890 2655 introducitur,
912 2592 1102 2644 atuon
1134 2603 1231 2641 eas
1263 2583 1509 2654 inducit,
1538 2584 1694 2655 quod
1717 2582 1847 2654 ejus
1868 2587 1980 2651 est,

328 2685 485 2758 quod
518 2688 732 2740 natura
781 2679 942 2753 prius
976 2682 1083 2734 est.
1122 2676 1229 2732 Ubi
1264 2673 1421 2730 enim
1472 2677 1562 2728 est
1598 2671 1981 2758 rationabilis,

326 2750 405 2832 ibi
439 2775 747 2829 brutorum
781 2750 837 2826 et
875 2767 1212 2841 plantarum
1246 2762 1441 2819 anima
1472 2767 1561 2818 est
1593 2777 1606 2818 :
1643 2767 1702 2819 at
1734 2779 1849 2817 non
1884 2750 1985 2817 ubi

325 2862 663 2936 vegetatrix,
699 2859 777 2916 ibi
809 2857 982 2914 etiam
1020 2855 1254 2928 reliquae
1286 2870 1298 2908 :
1336 2852 1422 2907 vel
1473 2851 1571 2907 ubi
1604 2850 1984 2908 irrationalis’

326 2952 407 3009 ibi
439 2956 494 3007 et
525 2948 769 3006 rationis
804 2951 1033 3019 potens.
1072 2945 1197 3000 Haec
1239 2942 1437 3014 itaque
1470 2945 1675 2997 natura
1707 2940 1866 3013 prior
1895 2944 1987 2997 est

333 3039 578 3097 rationis
618 3054 846 3110 expers.
874 3040 929 3091 et
978 3034 1172 3089 ablata
1202 3034 1524 3103 vegetante,
1558 3028 1737 3085 simul
1773 3034 1830 3085 et
1860 3029 1984 3085 alia:

2092 491 2310 567 λογική,
2373 492 2460 549 καὶ
2520 494 2851 570 χωρίζονται
2907 492 3198 566 ἀλλήλων.
3257 496 3400 557 Μίαν
3443 493 3501 551 δὲ
3532 494 3620 556 διὰ
3646 498 3745 567 τήν

2091 583 2404 660 συμφωνίαν
2432 583 2638 641 τούτων
2697 586 2783 639 καὶ
2827 585 2926 655 τὴν
2960 584 3317 659 συμπάθειαν.
3354 585 3458 645 Καὶ
3495 587 3600 662 γάρ
3652 586 3741 641 καὶ

2092 669 2150 726 ἐκ
2177 676 2273 726 τοῦ
2304 670 2476 748 λόγου
2508 671 2771 752 ἐνὲργειαι
2806 669 3143 732 διαϐαίνουσι
3181 673 3344 752 μέχρι
3372 682 3472 745 τῆς
3491 683 3745 751 φυτικῆς,

2088 761 2178 815 καὶ
2206 762 2259 816 αἰ
2288 762 2495 817 τούτων
2527 765 2763 834 κινήσεις
2796 765 2883 819 καὶ
2922 764 3078 834 ζωαὶ,
3113 765 3280 820 οἰονεὶ
3319 762 3741 825 συνδιατιθέασιν

2090 848 2139 905 ἐν
2173 850 2360 915 αὐταῖς
2392 850 2482 906 τὸν
2512 850 2695 930 λόγον.
2727 853 2937 911 Οὐκοῦν
2971 853 3060 909 καὶ
3097 854 3217 927 μία.

2158 960 2278 1015 Ὂτι
2311 960 2362 1012 οἱ
2397 959 2522 1032 μίαν
2565 956 2815 1034 λέγοντες
2845 961 3029 1036 ψυγήν
3061 965 3138 1031 τῷ
3168 957 3298 1016 εἷ’δει
3346 961 3399 1015 ἐν
3446 967 3575 1017 πᾶσι
3622 968 3737 1024 τοῖς

2093 1048 2275 1120 ζώοις,
2336 1053 2524 1122 κρᾶσιν
2587 1049 2718 1105 εἰναι
2780 1048 2948 1119 αὐτὴν
3010 1046 3369 1120 δοξάζουσιν·
3421 1049 3742 1120 ἐξαλλάττε-

2088 1148 2207 1201 σθαι
2255 1137 2358 1213 γὰρ
2418 1138 2588 1207 αὐτὴν
2634 1138 2770 1213 πρὸς
2814 1141 2915 1207 τὴν
2967 1139 3018 1195 ἐν
3070 1137 3277 1197 ἑκάστω
3333 1136 3582 1207 ἰδιότητα
3643 1148 3742 1209 τῆς

2086 1227 2329 1300 κράσεως
2373 1227 2630 1283 τίθενται·
2665 1230 2748 1292 οἷς
2801 1222 2983 1283 ἕπεται
3041 1227 3231 1287 πολλὰ
3284 1226 3476 1285 ἄτοπα·
3538 1225 3591 1285 ἔν
3647 1230 3743 1301 μὲν

2088 1316 2171 1372 ὃτι
2200 1316 2265 1375 τὰ
2294 1316 2529 1386 αἶ’τιατᾶ,
2565 1318 2796 1393 κρείττω
2828 1322 3047 1373 ποιοῦσι
3103 1322 3210 1373 τῶν
3246 1318 3449 1374 αἰτίων.
3507 1319 3582 1376 Τὸ
3638 1320 3738 1394 γάρ

2088 1404 2298 1481 ἄψυχον
2332 1411 2490 1479 σῶμα
2520 1409 2709 1483 ψυχῆς
2738 1404 2910 1465 αἶ’τιον
2945 1412 3186 1465 ποιοῦσι.
3221 1408 3568 1482 Δεύτερον,τὸ
3597 1411 3734 1476 ζῶον

2083 1502 2185 1565 τῆς
2220 1501 2387 1565 ζωῆς,
2420 1495 2482 1551 τὸ
2511 1493 2766 1567 ἀκίνητον
2794 1500 2890 1554 τοῦ
2921 1502 3226 1568 κινητικοῦ,
3274 1498 3336 1553 τὸ
3380 1492 3579 1571 ἄλογον
3640 1500 3739 1551 τοῦ

2088 1584 2279 1659 λόγου,
2309 1584 2397 1639 καὶ
2431 1583 2529 1640 ὅσα
2556 1589 2799 1642 τοιαῦτα.

2150 1784 2271 1837 "Ott
2301 1781 2397 1841 τὰς
2428 1779 2480 1835 ἐν
2529 1786 2645 1843 τοῖς
2697 1779 2980 1859 διαφόροις
3036 1782 3195 1851 ζώοις
3246 1782 3427 1859 ψυχὰς
3482 1782 3733 1857 Ἀριστο-

2081 1868 2246 1940 τέλης
2277 1866 2567 1947 διαφόρους
2603 1869 2733 1926 εἶναι
2762 1869 2907 1947 λέγει
2940 1875 3020 1942 τῷ
3050 1868 3206 1927 εἴδει.
3260 1873 3382 1930 ’Ὀτι
3415 1870 3578 1948 φησὶν
3634 1870 3739 1926 οὐκ

2085 1953 2195 2014 ἔστι
2225 1958 2405 2015 κοινὸν
2436 1958 2590 2034 γένος
2616 1962 2726 2014 τῶν
2756 1962 2975 2033 ψυχῶν,
3035 1957 3224 2036 διόπερ
3284 1956 3408 2017 οὖδὶ
3466 1957 3741 2036 ἐνδὶχεττι

2083 2047 2175 2117 Eva
2204 2048 2383 2103 κοινὸν
2417 2046 2592 2103 αὐτῶν
2627 2047 2752 2123 ὀρον
2785 2046 3106 2110 ἀποδοῦναι,
3159 2048 3400 2124 καθάπερ
3442 2049 3612 2124 τυχὸν
3639 2053 3742 2105 τοῦ

2090 2139 2251 2207 ζώου.
2311 2136 2421 2192 Οὐκ
2452 2134 2561 2191 ἔστι
2624 2134 2681 2193 δὲ
2730 2138 2912 2193 κοινὸν
2945 2136 3120 2214 γένος,
3175 2136 3315 2194 διότι
3345 2136 3397 2194 ἐν
3431 2137 3618 2200 αὐταῖς
3671 2138 3741 2193 τὸ

2086 2228 2349 2301 πρότερον
2407 2225 2497 2281 καὶ
2530 2225 2592 2280 τὸ
2641 2225 2861 2303 ὕστερον
2918 2234 3221 2304 θεωρεῖται·
3282 2226 3413 2304 ὅπερ
3470 2225 3737 2284 ἀδύνατον

2087 2316 2138 2371 ἐν
2169 2322 2286 2380 τοῖς
2308 2314 2560 2371 τελοῦσιν
2590 2315 2692 2397 ὑπρ
2720 2317 2782 2372 τὸ
2812 2317 2945 2373 αὐτὸ
2988 2319 3315 2392 καθορᾶσθαι
3370 2318 3551 2392 γένος.
3612 2317 3743 2373 Ἐν-

2086 2408 2253 2463 ταῦθα
2283 2402 2341 2459 δὲ
2370 2403 2631 2480 πρότερον
2665 2405 2760 2479 μὲν
2813 2408 2848 2475 ἡ
2918 2408 3117 2485 φυτική
3149 2409 3218 2481 τῇ
3250 2406 3427 2485 φύσει,
3488 2403 3738 2478 δεύτερον

2091 2494 2148 2550 δὲ
2204 2496 2258 2549 αἰ
2316 2492 2526 2551 λοιπαί.
2588 2496 2688 2551 Καὶ
2748 2501 3052 2572 συναναιρεῖ
3110 2495 3203 2568 μὶν
3258 2497 3354 2560 τὰς
3411 2493 3617 2565 ἄλλας,
3676 2494 3744 2551 οὗ

2091 2589 2484 2658 συναναιρεῖται
2514 2582 2571 2638 δὲ
2599 2583 2810 2655 αὐταῖς,
2854 2586 2942 2643 καὶ
3000 2585 3394 2664 συνεισφέρεται
3454 2585 3551 2656 μὶν
3606 2583 3745 2640 iui-

2089 2694 2226 2741 ναις,
2278 2671 2339 2728 οὐ
2395 2673 2723 2747 συνεισφέρει
2783 2670 2860 2743 Si,
2920 2672 3052 2750 ὅπερ
3084 2671 3246 2744 ἴδιον,
3303 2678 3401 2731 τοῦ
3423 2672 3574 2750 φύσει
3606 2692 3747 2748 προσ

2091 2764 2270 2839 τὲρου,
2325 2764 2502 2820 Ὃπου
2556 2764 2657 2836 γὰρ
2693 2763 2727 2832 ἡ
2763 2760 2988 2838 λογική,
3021 2762 3132 2821 ἐκεῖ
3159 2760 3248 2820 καί
3278 2764 3313 2835 ἠ
3348 2761 3547 2839 ἄλογος
3576 2763 3669 2818 καὶ
3701 2762 3737 2832 ἦ

2095 2854 2315 2928 φυτική·
2369 2851 2430 2907 οὐ
2491 2850 2587 2924 μὲν
2646 2872 2731 2906 τοι
2764 2850 2900 2907 ὅπου
2957 2854 2992 2923 ἠ
3025 2853 3247 2931 φυτικῆ,
3274 2852 3384 2909 ἐκεῖ
3411 2853 3501 2907 καὶ
3534 2854 3587 2907 αἱ
3622 2852 3742 2907 λοι-

2094 2940 2210 2998 παί·
2271 2942 2306 3011 ἢ
2368 2939 2506 2996 ὅπου
2554 2943 2589 3010 ἡ
2650 2938 2872 3017 ἄλογος,
2931 2941 3040 2998 ἐκεῖ
3095 2943 3251 3011 καίἡ
3285 2940 3509 3017 λογική·
3545 2939 3746 2997 διὸκαὶ

2093 3031 2130 3100 ἠ
2176 3029 2378 3105 ἄλογος
2436 3028 2589 3103 φύσει
2642 3028 2880 3103 προτέρα
2924 3035 3024 3096 τῆς
3075 3029 3332 3106 λογικῆς·
3392 3032 3479 3086 καὶ
3533 3031 3750 3104 ἀναιρε-

330 3132 399 3186 do
432 3130 695 3199 subjecto
744 3125 1110 3183 auferuntur.
1160 3122 1261 3178 Est
1300 3120 1481 3194 igitur
1514 3120 1666 3175 inter
1693 3118 1846 3186 illas,
1883 3136 1978 3175 na-

2097 3124 2248 3183 θεῖσα
2298 3120 2332 3190 ἡ
2367 3120 2589 3197 φυτική,
2638 3117 2941 3177 συνανεῖλεν
3004 3119 3064 3176 in
3107 3125 3205 3175 τοῦ
3268 3120 3631 3193 ὑποκειμένου
3660 3119 3751 3174 καὶ

331 3226 461 3276 tura
521 3218 682 3290 prius
740 3220 797 3271 et
849 3212 1140 3287 posterius
1184 3228 1197 3266 :
1243 3210 1487 3282 ideoque
1537 3209 1691 3282 quod
1740 3209 1811 3264 de
1864 3207 1980 3266 illis

330 3307 722 3365 communiter
744 3302 979 3371 dicitur,
1014 3302 1121 3357 hoc
1138 3303 1226 3357 est
1245 3298 1463 3364 anima,
1488 3314 1601 3355 non
1634 3302 1723 3354 est
1749 3314 1936 3370 genus
1964 3312 1979 3355 :

327 3398 427 3454 sed
462 3414 601 3454 voce
630 3398 862 3452 tantum
886 3390 1283 3460 consentiunt,
1311 3391 1372 3443 ut
1402 3404 1528 3460 quae
1561 3388 1632 3443 ab
1665 3403 1805 3456 uno,
1829 3391 1886 3443 et
1906 3386 1979 3443 ad

328 3505 512 3544 unum
548 3488 907 3546 referuntur.

396 3674 533 3724 Cum
566 3665 680 3723 tria
710 3664 828 3723 sint
857 3663 915 3717 in
949 3662 1124 3717 rebus
1157 3658 1433 3734 physicis,
1470 3658 1676 3722 forma,
1712 3655 1976 3723 materia,

327 3761 383 3813 et
414 3771 592 3811 causa
623 3769 723 3825 per
755 3766 931 3824 quam
986 3750 1174 3804 forma
1224 3751 1313 3803 est
1343 3746 1398 3801 in
1433 3744 1694 3811 materia,
1729 3744 1799 3799 ad
1834 3744 1977 3800 istas

328 3844 583 3914 quinque
613 3837 857 3897 docendi
880 3836 981 3893 vis:
1014 3834 1342 3910 pertinent;
1376 3833 1635 3906 physica,
1670 3849 1764 3888 ars
1795 3830 1977 3903 parti-

326 3929 564 3996 cularis,
595 3926 921 3986 disserendi
955 3923 1224 3988 facultas,
1254 3921 1677 3980 mathematica
1702 3925 1759 3977 et
1789 3921 1979 3993 prima

327 4016 725 4091 philosophia.
783 4013 1037 4086 Physica;
1088 4028 1258 4087 porro
1305 4011 1493 4067 estde
1537 4008 1655 4066 illis
1701 4008 1978 4069 omnibus

327 4123 519 4181 agere,
565 4108 635 4165 de
686 4104 950 4175 materia,
1001 4104 1269 4177 inquam,
1300 4107 1357 4158 et
1409 4102 1583 4159 rebus
1630 4106 1875 4168 natura),
1909 4103 1979 4158 de

328 4198 513 4253 forma
562 4194 815 4268 denique
844 4197 902 4250 et
931 4193 1001 4250 de
1034 4209 1214 4249 causa
1247 4208 1260 4247 :
1296 4194 1436 4264 puta
1476 4188 1753 4247 caelorum
1787 4194 1977 4246 mate-

329 4286 475 4342 riam
508 4303 623 4343 non
654 4300 782 4342 esse
801 4286 1050 4356 quatuor
1066 4281 1375 4349 elementa,
1399 4280 1500 4336 sed
1524 4278 1795 4352 quintum
1821 4278 1977 4336 aliud

328 4375 623 4450 quoddam
656 4373 1059 4445 corpus.'1‘um
1092 4387 1220 4445 quae
1251 4370 1329 4426 sit
1360 4370 1566 4438 forma,
1591 4384 1721 4425 esse
1741 4368 1978 4424 orbicu-

327 4464 499 4534 latos,
530 4468 587 4520 et
618 4480 720 4518 cur
752 4463 870 4517 hac
915 4477 1115 4517 eorum
1168 4460 1355 4531 ﬁgura
1386 4457 1481 4514 sit.
1533 4457 1679 4524 Quia
1719 4456 1978 4527 capacis-

330 4551 482 4605 sima
513 4551 856 4622 tigurarum,
892 4551 981 4603 est
1012 4550 1069 4603 in
1122 4546 1293 4618 plano
1343 4545 1580 4617 quidem
1611 4543 1887 4610 circulus,
1920 4544 1978 4599 in

328 4638 534 4694 solidis
584 4654 716 4694 vero
764 4636 996 4709 globus.
1047 4635 1437 4703 Quamobrem
1489 4634 1806 4690 rotundum
1851 4649 1981 4689 esse

332 4727 539 4783 coelum
583 4724 748 4782 Plato
799 4725 857 4782 in
891 4725 1107 4781 Timaeo
1157 4723 1356 4780 tradit.
1408 4722 1517 4779 Sed
1550 4726 1607 4777 et
1655 4721 1979 4778 naturalem

332 4817 532 4890 ﬁguraa
583 4814 709 4871 ccin
764 4830 1003 4871 causam
1065 4814 1230 4870 ati‘ert
1276 4809 1641 4868 Aristoteles.
1690 4812 1763 4865 Ei
1809 4812 1977 4881 enim,

333 4907 479 4978 quod
535 4908 741 4962 mterno
795 4906 855 4959 in
910 4908 1064 4959 motu
1120 4904 1243 4958 erat
1296 4902 1568 4971 futurum,
1628 4899 1756 4955 huic
1808 4900 1983 4956 motui

334 5010 638 5065 congruens
674 4993 856 5065 ﬁgura
903 4992 1277 5047 conveniebat.
1330 4989 1438 5044 Sed
1489 4993 1545 5043 et
1595 4986 1881 5056 Plotinus,
1912 5004 1981 5044 ex

332 5100 533 5141 eorum
562 5100 687 5157 quae
719 5082 914 5155 ipsum
943 5084 1225 5138 anteeunt
1253 5077 1555 5134 aii‘ectione
1579 5082 1751 5149 atque
1775 5077 1980 5133 habitu

332 5173 460 5245 ejus
508 5172 588 5229 rei
639 5173 925 5228 rationem
980 5170 1218 5241 profert.
1280 5165 1427 5223 Nam
1486 5167 1746 5239 proxime
1802 5182 1984 5239 supra

333 5262 540 5318 cmium
602 5265 743 5317 sunt
799 5258 1195 5329 intelligentes
1254 5255 1599 5312 substantia:
1654 5255 1981 5312 :eti‘ectum

334 5356 552 5418 autem,
582 5348 841 5409 ﬁnitimis
864 5346 975 5407 sibi
1008 5362 1196 5402 causae
1224 5342 1538 5401 assimilari
1568 5347 1633 5403 ut
1662 5341 1981 5415 plurimum

333 5438 580 5507 oportet,
613 5436 861 5506 ejusque
907 5433 1225 5505 imaginem
1275 5436 1447 5502 atque
1479 5430 1861 5485 imitationem
1896 5447 1983 5486 re-

410 5616 487 5689 (4)
516 5613 660 5671 Vide
692 5613 931 5669 Aristot.
963 5614 1036 5669 De
1063 5613 1212 5668 caelo.

2094 3208 2188 3270 τὰς
2222 3206 2440 3270 λοιπάς.
2493 3208 2653 3264 Ὥστε
2711 3205 2852 3263 ἐστὶν
2883 3206 2935 3265 ἐν
2996 3206 3180 3269 αὐταῖς
3236 3208 3298 3265 τὸ
3358 3207 3622 3283 πρότερον
3678 3212 3745 3280 τῇ

2092 3294 2247 3374 φύσει
2277 3296 2366 3351 καὶ
2422 3294 2485 3351 τὸ
2542 3296 2787 3370 ὕστερον.
2820 3300 2919 3353 Καὶ
2978 3294 3067 3355 διὰ
3093 3300 3257 3353 τοῦτο
3308 3297 3371 3353 τὸ
3401 3301 3601 3361 κοινῶς
3652 3296 3747 3352 αὖ·

2091 3391 2210 3448 τοῖς
2268 3385 2740 3461 κατηγορούμενον
2802 3386 2904 3443 οὐκ
2944 3384 3054 3443 ἔστι
3108 3385 3281 3463 γίνος,
3333 3387 3481 3443 τοῦτ’
3534 3380 3684 3441 ἔστιν
3714 3384 3748 3453 ἦ

2096 3475 2274 3549 ψυχὴ,
2334 3473 2459 3530 ἀλλ’
2492 3472 2763 3548 ὁμώνυμα
2793 3473 2933 3531 ἐστιν
2967 3472 3265 3545 ἀλλήλοις,
3295 3476 3371 3539 ὡς
3397 3476 3465 3531 τά
3510 3474 3601 3553 ἀφ’
3632 3474 3754 3536 ἑνὸς

2089 3564 2179 3619 καὶ
2210 3565 2347 3640 πρὸς
2369 3560 2450 3620 ἓν.

2158 3654 2283 3710 ’Ότι
2312 3656 2477 3726 τριῶν
2508 3648 2677 3708 ὅντων
2709 3658 2816 3711 τῶν
2848 3652 2901 3709 ἐν
2928 3659 3045 3716 τοῖς
3098 3658 3347 3731 φυσικοῖς
3402 3652 3747 3729 πράγμασιν,

2088 3740 2283 3816 εἴδους,
2316 3739 2456 3812 ὕλης
2497 3742 2587 3797 καὶ
2614 3749 2713 3812 τῆς
2746 3741 2921 3808 αἰτίας
2949 3744 3064 3800 καθ’
3122 3742 3189 3812 ἥν
3246 3742 3355 3798 ἔστι
3385 3743 3450 3798 τὸ
3481 3740 3629 3804 εἶδος
3691 3742 3742 3798 ἂν

2085 3836 2152 3907 τῇ
2210 3830 2335 3906 ὕλῃ,
2394 3831 2767 3906 καταγίνονται
2822 3831 2948 3910 φασὶ
2978 3833 3102 3908 περὶ
3132 3837 3297 3887 ταῦτα
3358 3830 3584 3904 μίθοδοι
3614 3830 3745 3887 stiv-

2084 3943 2163 3995 τε,
2216 3921 2252 3993 ἠ
2312 3921 2536 3999 φυσικὴ,
2586 3921 2621 3989 ἠ
2652 3922 2791 3977 κατὰ
2824 3923 2987 3997 μάρος
3042 3922 3234 3995 τέχνη,
3261 3922 3296 3991 ἡ
3330 3917 3673 3989 διαλεκτικὴ,
3707 3920 3742 3989 ἧ

2090 4009 2471 4083 μαθηματικὴ,
2531 4011 2566 4079 ἠ
2626 4010 2818 4083 πρώτη
2871 4007 3189 4088 φιλοσοφία.
3224 4010 3377 4069 Ἔστι
3410 4007 3471 4067 δὶ
3508 4016 3747 4088 φυσικῆς

2091 4100 2183 4172 μὲν
2240 4099 2365 4173 περὶ
2412 4099 2628 4153 πάντων
2687 4098 2990 4173 εἰρημένων
3056 4095 3466 4173 διαλεχθῆναι·
3536 4106 3639 4168 τῆς
3689 4118 3750 4154 τι

2087 4186 2225 4259 ὅλης
2255 4186 2424 4265 φημὶ,
2474 4191 2583 4242 τῶν
2615 4192 2855 4265 φυσικῶν
2899 4187 3262 4263 πραγμάτων,
3290 4188 3379 4243 καὶ
3408 4192 3507 4243 τοῦ
3564 4184 3743 4250 εἴδους

2086 4277 2174 4332 καὶ
2234 4283 2332 4347 τῆς
2380 4274 2573 4339 αἰτίας·
2629 4278 2747 4333 οἷον
2778 4276 2863 4333 ὅτι
2912 4281 3018 4333 τῶν
3053 4276 3318 4353 οὐρανίων
3352 4274 3483 4347 ὕλη,
3516 4276 3647 4352 οὐχὶ
3679 4275 3748 4333 τὰ

2086 4366 2316 4440 τέσσαρα
2374 4371 2644 4440 στοιχεῖα,
2707 4363 2855 4423 ἀλλὰ
2908 4365 3158 4440 πέμπτον
3197 4364 3378 4441 ἓτερον
3437 4366 3501 4421 τὸ
3534 4371 3740 4440 σῶμας

2088 4453 2261 4513 Πάλιν
2294 4474 2346 4509 τι
2376 4455 2439 4511 τὸ
2498 4451 2660 4524 εἶδος,
2712 4450 2796 4509 ὅτι
2855 4456 3114 4533 σφαιρικὰ
3141 4454 3234 4511 καὶ
3279 4452 3423 4511 διατί
3450 4456 3748 4532 σφαιρικά·

2088 4544 2173 4598 ὃτι
2224 4540 2788 4618 πολυχωρητότατον,
2845 4542 2898 4601 ἓν
2954 4540 3195 4616 ἐπιπέδῳ
3256 4543 3352 4616 μὶν
3402 4548 3510 4599 τῶν
3558 4542 3749 4599 ἄλλων

2088 4631 2390 4707 σχημάτων
2439 4633 2468 4686 ὁ
2524 4630 2749 4702 κύκλος,
2809 4632 2863 4688 ἓν
2920 4639 3160 4707 στερεοῖς
3219 4629 3278 4688 δὲ
3333 4633 3369 4702 ἡ
3416 4638 3638 4710 σφαῖρα,
3673 4634 3750 4696 ὡς

2086 4720 2177 4777 καὶ
2210 4722 2238 4777 ὁ
2274 4718 2525 4790 Πλάτων,
2577 4720 2629 4775 ἓν
2680 4721 2902 4794 Τιμαίῳ
2929 4718 3021 4779 διὰ
3064 4724 3228 4779 τοῦτο
3257 4721 3542 4799 σφαιρικὸν
3592 4723 3749 4796 γενέ-

2088 4812 2206 4865 σθαι
2240 4809 2331 4865 τὸν
2393 4808 2618 4884 οὐρανὸν
2677 4806 3040 4869 ἀποδάδωκεν.
3093 4807 3430 4868 Ἀποδίδωσι
3482 4809 3542 4866 δὶ
3564 4810 3657 4866 καὶ
3718 4813 3751 4867 ὁ

2089 4895 2475 4974 Ἀριστοτέλης
2535 4900 2614 4973 (4)
2675 4898 2907 4977 φυσικὴν
2967 4896 3139 4955 αἰτίαν
3197 4896 3296 4953 τοῦ
3326 4902 3617 4973 σχήματος
3646 4903 3750 4955 τοῦ

2090 4987 2346 5063 οὐρανοῦ.
2422 4990 2510 5059 Τῷ
2577 4986 2678 5061 γὰρ
2745 4984 2910 5059 αἰδίῳ
2966 4986 3129 5058 φησὶν
3187 4985 3454 5060 ἐσομὲνφ.
3515 4986 3749 5045 Ἀποδᾶ-

2091 5073 2223 5133 δωσι
2276 5073 2333 5131 δὲ
2388 5075 2477 5131 καὶ
2532 5077 2561 5132 ὁ
2592 5073 2873 5139 Πλωτῖνος
2930 5074 3107 5135 αἰτίαν
3166 5076 3226 5133 ἐκ
3275 5082 3378 5146 τῆς
3409 5077 3652 5151 σχισιως
3680 5080 3748 5147 ἣν

2091 5161 2206 5241 ἔχει
2256 5163 2323 5221 τὰ
2379 5164 2485 5242 πρὸ
2550 5164 2735 5223 αὑτοῦ.
2769 5169 3066 5241 Προσιχῶς
3108 5162 3164 5220 δὲ
3195 5162 3328 5221 εἰσιν
3374 5166 3507 5241 ὑπὲρ
3534 5167 3604 5221 τὰ
3659 5168 3754 5223 οδ-

2092 5256 2249 5335 ράνια
2278 5256 2331 5312 αἱ
2361 5256 2552 5329 νοηταί
2601 5256 2801 5314 οὑσίαι·
2837 5254 2919 5315 δεῖ
2974 5255 3124 5315 δὲτὸ
3178 5257 3414 5313 αἰτιατὸν
3477 5255 3559 5314 ὅτι
3611 5257 3753 5333 μᾶλα

2091 5342 2184 5403 λεν
2214 5345 2533 5419 ὡμοιῶσθαι
2562 5344 2645 5419 τῷ
2694 5351 2961 5422 προσεχεῖ
2992 5345 3175 5419 αἲτίῳ,
3206 5344 3295 5403 καί
3322 5346 3519 5404 τούτου
3564 5347 3752 5403 εἰκόνα

2090 5431 2180 5490 καὶ
2216 5432 2446 5509 μίμημα
2500 5433 2699 5513 φερειν.
2734 5436 2831 5491 Διὰ
2857 5434 3017 5491 τοῦτο
3077 5435 3193 5504 οὗν,
3243 5435 3396 5514 φησί,
3440 5433 3636 5511 κύκλῳ
3660 5459 3750 5493 κι-
