4054 6200
273 313 422 374 1061

266 447 444 501 νεῖται
473 441 502 496 ὁ
553 440 802 516 οὐρανὸς,
851 438 935 497 ὅτι
987 440 1111 496 νοῦν
1167 443 1462 513 μιμεῖται·
1509 435 1652 494 ἴδιον
1698 439 1802 514 γὰρ
1825 442 1919 494 τοῦ

268 536 388 599 νοῦ,
429 531 492 590 τὸ
539 531 676 606 πρὸς
718 529 903 586 ἑαυτὸν
959 528 1248 587 συννεύειν.
1303 528 1474 592 Δύτὸς
1517 528 1618 604 γὰρ
1669 528 1698 584 6
1754 528 1921 602 ὁρῶν,

270 621 435 683 αὐτὸς
466 622 493 678 ὁ
526 620 802 693 ὁρώμενος
833 637 848 659 ο
877 619 1018 692 ὁρῶν
1068 620 1168 694 γὰρ
1213 618 1278 673 τὰ
1308 615 1450 688 εἷ’δη,
1477 617 1664 672 ἑαυτὸν
1684 617 1806 693 ὁρᾷ,
1832 616 1922 671 καὶ

271 709 435 766 αὐτὸν
491 711 654 784 δρῶν,
707 709 775 766 τὰ
828 705 947 778 εἷ’δη
999 705 1258 764 τεθέαται.
1320 706 1612 781 Πλήρωμα
1665 705 1765 781 γὰρ
1811 704 1921 760 ἐστι

271 804 381 856 τῶν
414 797 595 870 εἰδῶν,
625 801 714 855 καὶ
743 795 889 860 εἶδος
928 794 1111 854 εἰδῶν.
1162 802 1322 872 Ἔχει
1354 795 1448 850 οὖν
1475 795 1700 870 οὐρανὸς
1729 794 1790 850 τὸ
1827 795 1922 868 μὶν

273 889 556 966 σφαιρικὸν
609 895 826 964 σχῆμα,
874 883 965 942 διὰ
1009 887 1109 956 τήν
1161 885 1351 957 κύκλῳ
1408 884 1620 955 κίνησιν
1654 902 1668 920 ο
1717 881 1921 953 ταύτην

272 975 334 1034 δὶ
366 975 458 1034 διὰ
483 978 580 1046 τὴν
614 976 746 1050 πρὸς
792 976 884 1031 τὸν
929 979 1054 1032 νοῦν
1105 972 1450 1048 ἐξομοίωσιν.
1484 975 1580 1029 Καὶ
1628 971 1813 1034 ἄλλως
1839 993 1924 1046 μι-

277 1072 460 1140 μεῖται
499 1067 590 1122 τὸν
636 1071 761 1123 νοῦν
807 1067 1022 1140 ἀμερῶς
1068 1067 1324 1140 πανταχῆ
1384 1060 1510 1119 ὅτνα
1550 1081 1563 1095 '
1618 1061 1830 1138 καὶγὰρ
1861 1061 1923 1116 16

274 1155 530 1230 οὐράνιον
582 1160 740 1229 σῶμα
790 1161 1040 1231 πανταχῆ
1102 1152 1328 1231 γίνεται.
1381 1153 1460 1213 Τὸ
1517 1152 1608 1207 οῦν
1667 1155 1921 1226 πανταχῆ

269 1245 528 1320 γίνεσθαι,
584 1245 646 1300 τὸ
695 1248 980 1320 πανταχοῦ
1036 1244 1095 1300 ’ὀν
1149 1248 1419 1316 μιμεῖται.
1483 1240 1774 1302 Τελιίωσις
1819 1238 1921 1316 γὰρ

270 1339 384 1391 τῶν
427 1335 720 1411 χειρόνων,
791 1336 823 1403 ἡ
893 1333 1028 1410 πρὸς
1082 1332 1150 1388 τὰ
1209 1333 1472 1409 ὑπέρτερα
1518 1327 1816 1407 ἐπιστροφή
1863 1347 1925 1384 τε

273 1424 368 1479 καὶ
426 1421 767 1493 ἐξομοίωσις.
830 1420 989 1484 Οὕτω
1049 1424 1144 1495 μὶν
1202 1423 1230 1477 6
1290 1423 1511 1500 φυσικὸς
1556 1421 1771 1478 πάντων
1815 1421 1922 1474 τῶν

275 1519 518 1590 φυσικῶν
553 1511 823 1571 ἀποξώσιι
867 1514 1047 1571 καὶτὸ
1097 1510 1242 1575 εἶδος
1293 1512 1381 1567 καὶ
1433 1514 1532 1581 τὴν
1563 1509 1700 1580 ὕλην
1743 1509 1832 1566 καὶ
1862 1507 1926 1564 16

274 1603 473 1671 αἴτιον,
506 1605 592 1659 καὶ
629 1600 718 1658 διὰ
758 1607 919 1658 τοῦτο
966 1603 1058 1657 τὸν
1106 1602 1334 1676 ὁρισμόν
1371 1620 1382 1634 ’
1436 1600 1495 1658 ἐκ
1553 1598 1611 1656 δὲ
1658 1603 1759 1664 τῆς
1788 1594 1928 1668 ὕλης

273 1694 369 1749 καὶ
399 1697 495 1750 τοῦ
526 1689 702 1755 εῗῖους
758 1692 847 1747 xei
898 1699 1002 1762 τῆς
1048 1691 1221 1752 αἶ’τίας
1271 1688 1566 1748 ἀποδώσει.
1617 1691 1677 1746 Ὁ
1707 1685 1764 1742 6‘s
1791 1685 1930 1742 κατᾶ

281 1782 448 1860 μέρος
475 1781 755 1858 τεχνίτης,
807 1781 897 1836 καὶ
937 1779 1095 1843 αὐτὸς
1148 1781 1241 1854 μὶν
1291 1780 1415 1855 περὶ
1461 1783 1568 1834 τῶν
1601 1776 1775 1833 αὐτῶν
1810 1773 1928 1831 δια-

279 1844 579 1944 λαμϐάνείῖ
629 1844 880 1951 Διἀιρέριι
928 1868 985 1925 δὲ
1028 1844 1424 1948 τοῦνφυσικοιῦ,
1460 1870 1541 1923 ὅτι
1603 1867 1723 1942 περὶ
1780 1885 1927 1939 μερι-
1958 1844 2003 1910 Β

273 1960 372 2017 κόν
403 1983 456 2017 τι
509 1961 850 2036 καταγίνεται
900 1965 1128 2037 πρᾶγμα
1159 1979 1172 1994 ⁸
1224 1961 1342 2014 οἷον
1394 1959 1421 2013 6
1466 1957 1674 2034 ἷάτρὸς,
1705 1953 1927 2030 περὶτὰ

275 2052 592 2128 ἀνθρώπινα
622 2052 869 2124 σώματα,
920 2052 950 2105 6
994 2051 1196 2105 τέκτων
1247 2048 1370 2126 περὶ
1423 2046 1610 2114 λίθους
1647 2045 1735 2102 καὶ
1768 2042 1924 2115 ξύλα.

275 2137 594 2198 Ἀποδώσει
623 2138 682 2196 δὲ
709 2140 798 2196 καὶ
849 2140 1004 2202 οὗτος
1045 2140 1136 2195 τὸν
1181 2138 1430 2216 ὁρισμὸν,
1481 2130 1922 2214 παραλαμϐάνων

273 2253 370 2287 και
397 2233 461 2287 τὸ
491 2229 638 2294 εἶδος
664 2231 754 2286 καὶ
784 2232 881 2300 τήν
915 2229 1054 2302 ὕλην
1084 2229 1173 2285 καὶ
1203 2231 1302 2299 τήν
1334 2229 1532 2284 αἰτίαν.

353 2449 470 2502 Ὀτι
503 2449 538 2516 ἡ
571 2445 784 2517 ἀληθὴς
833 2441 1252 2522 Ἀριφτοτέλους
1302 2440 1426 2518 περὶ
1474 2445 1582 2497 τῶν
1629 2444 1794 2516 τριῶν
1829 2440 1926 2492 τοῦ

277 2541 381 2592 νοῦ
413 2534 834 2612 σημαινομένων
897 2531 1178 2609 διάληψις,
1229 2531 1294 2603 ἥν
1342 2529 1605 2607 έπικρίνει
1660 2527 1750 2585 καί
1796 2529 1930 2600 Ἀμ-

282 2627 514 2704 μώνιος,
546 2624 777 2696 Τοιαύτη
826 2621 956 2681 ἐστί.
1000 2627 1223 2698 Πρῶτον
1277 2620 1455 2676 τοίνυν
1509 2621 1619 2676 ἐστὶ
1659 2617 1929 2692 σημαινό-

281 2737 474 2794 μενον,
497 2717 525 2770 6
553 2719 676 2777 νοῦς
709 2716 736 2769 6
788 2710 1012 2786 δυνάμει
1063 2708 1221 2774 εἰδὼς
1265 2710 1332 2766 τὰ
1376 2710 1693 2786 πράγματα.
1724 2710 1929 2784 ’Ὠσπερ

279 2805 373 2861 ἐπὶ
415 2811 525 2862 τῶν
566 2801 774 2860 παίδων
820 2801 950 2858 ἐστί.
1003 2800 1260 2876 Δεύτερον
1311 2798 1713 2874 σημαινόμενον
1748 2798 1775 2851 6
1803 2801 1931 2860 νοῦς

278 2896 309 2950 6
360 2895 476 2950 καθ’
521 2893 626 2968 ἕξιν
676 2890 835 2954 εἰδὼς
882 2892 950 2946 τὰ
987 2893 1297 2968 πράγματα,
1359 2888 1539 2965 ὥσπερ
1602 2889 1629 2942 6
1679 2886 1767 2941 ἐπὶ
1822 2889 1928 2940 τῶν

276 2983 512 3040 τελείων
549 3003 561 3015 ·
611 2987 716 3039 τῶν
757 2979 1128 3055 ἐπισταμένων
1183 2980 1278 3055 μὶν
1326 2980 1388 3036 τὸ
1436 2977 1746 3054 πράγματα,
1805 2977 1934 3050 ἠρε-

282 3073 536 3147 μούντων
569 3070 627 3128 δὲ
667 3071 756 3128 καὶ
811 3072 884 3146 μή
938 3069 1296 3147 ἐνεργούντων
1345 3069 1482 3124 κατᾶ
1528 3071 1712 3123 ταῦτα.
1745 3063 1933 3140 Τρίτον

281 3161 697 3236 σημαινόμενόν
744 3159 884 3216 ἐστιν
913 3181 926 3194 ο
980 3161 1008 3214 6
1052 3159 1176 3222 νοῦς
1236 3158 1341 3235 οὐχ
1391 3159 1418 3212 6
1470 3156 1694 3232 θύραθεν
1727 3155 1932 3224 εἰσιὼν,

281 3254 364 3314 ὡς
397 3252 590 3308 ἐκεῖνοι
638 3249 840 3306 οἶόνται
878 3272 889 3283 ·
936 3245 1062 3304 ἀλλ’
1112 3249 1140 3302 6
1188 3249 1304 3304 καθ’
1354 3245 1456 3318 ἕξιν
1510 3246 1621 3320 ἅμα
1668 3244 1757 3301 καὶ
1789 3243 1935 3320 ἐνέρ-

281 3363 456 3420 γειαν,
516 3339 696 3417 ὥσπερ
756 3341 782 3394 6
828 3344 933 3394 τῶν
979 3335 1204 3394 τελείων
1256 3341 1379 3399 νοῦς
1435 3340 1544 3391 τῶν
1598 3332 1819 3391 εἰδότων
1873 3331 1939 3387 τὰ

285 3431 612 3509 πράγματα,
680 3429 766 3483 καὶ
848 3427 1354 3504 προχειριζομένων
1407 3425 1506 3495 τήν
1564 3422 1790 3496 εἴδησίν,
1848 3421 1937 3476 καὶ

287 3519 653 3598 ἐνεργούντων
732 3519 846 3573 κατ’
898 3517 1086 3588 αὑτήν.
1141 3515 1240 3570 Καὶ
1291 3514 1358 3569 τὰ
1413 3513 1505 3587 μὲν
1562 3511 1941 3588 σημαινόμενα

289 3613 393 3665 τοῦ
423 3607 538 3676 νοῦ,
571 3608 706 3664 κατὰ
736 3604 1124 3684 Ἀριστοτέλην
1171 3609 1356 3673 ταῦτα,
1408 3603 1489 3658 ὅτι
1526 3600 1818 3662 Πλάτωνος
1849 3598 1940 3654 λέ-

291 3719 490 3775 γοντος
519 3698 619 3768 τήν
651 3696 835 3773 ψυχὴν
881 3689 1050 3750 τόπον
1101 3691 1282 3761 εἰδῶν,
1333 3694 1361 3746 6
1392 3690 1779 3768 Ἀριστοτέλης
1809 3688 1939 3766 τρό-

289 3774 396 3845 πον
455 3787 550 3862 μέν
602 3807 724 3840 τινα
779 3785 912 3861 πρὸς
982 3781 1160 3861 δόγμα
1223 3778 1573 3858 ἀποδέχεται,
1622 3780 1822 3857 τρόπον
1885 3774 1943 3832 δὲ

289 3871 604 3933 διαϐάλλει.
654 3871 1015 3951 Ἀποδέχεται
1067 3872 1163 3945 μὲν
1212 3868 1399 3942 ἐπειδὴ
1442 3871 1582 3924 εἶπεν
1616 3868 1698 3924 ὅτι
1725 3865 1942 3945 δέχεται

291 3970 328 4039 ἡ
367 3965 521 4043 ψυχὴ
551 3966 616 4020 τὰ
647 3961 765 4034 εἷ’δη
805 3968 914 4020 τῶν
964 3964 1199 4034 νοητῶν,
1249 3960 1340 4015 καὶ
1369 3959 1540 4022 οὕτως
1571 3958 1779 4034 ἐνεργεῖ
1807 3975 1818 3991 ο
1851 3955 1943 4032 καὶ

293 4054 391 4112 διὰ
429 4059 588 4111 τοῦτο
627 4052 798 4109 εἰπεῖν
856 4051 1019 4121 αὐτὴν
1070 4052 1160 4107 τὸν
1217 4048 1483 4106 Πλάτωνα
1539 4048 1707 4102 τόπον
1761 4044 1943 4102 εἰδῶν.

287 4144 583 4222 Μέμφετκι
631 4141 688 4197 6‘s
736 4141 810 4204 εἷς
861 4139 956 4198 δύο
1002 4139 1143 4197 τινά.
1198 4141 1423 4217 Πρῶτον
1487 4137 1579 4210 μὲν
1632 4137 1714 4191 ὅτι
1771 4139 1945 4191 πᾶσαν

290 4234 483 4312 ψυχὴν
517 4233 543 4287 6
596 4230 823 4288 Πλᾶτων
856 4229 998 4307 λέγει
1048 4225 1214 4286 τόπον
1267 4226 1450 4298 εἰδῶν,
1509 4225 1598 4282 καὶ
1659 4225 1720 4280 ού
1779 4225 1945 4312 μόνον

286 4308 660 4400 τήν-λογικήν
697 4340 708 4354 ·
767 4319 943 4376 καίτοι
987 4340 1044 4374 τε
1097 4319 1194 4389 τὴν
1241 4316 1468 4395 λογικήν
1521 4315 1728 4379 ἐκεῖνος
1781 4308 1946 4389 μόνος

292 4412 454 4489 ἔλεγε
484 4411 647 4466 τόπον
691 4405 851 4464 εἶδῶν
900 4409 987 4464 καὶ
1036 4409 1244 4484 ψυχὴν,
1289 4406 1387 4468 τὰς
1441 4403 1497 4461 δὲ
1547 4401 1721 4468 ἄλλοις
1774 4402 1947 4479 ἐμψυ-

290 4502 451 4580 χίας.
483 4499 739 4577 Δεύτερον
776 4495 854 4566 δὲ,
906 4498 989 4552 δτι
1040 4496 1277 4574 ἐνεργείᾳ
1325 4493 1471 4572 λέγει
1515 4492 1566 4549 έν
1597 4497 1666 4569 τῇ
1697 4496 1852 4570 ψυχῇ
1882 4491 1959 4547 τὰ·

1746 309 1848 370 DE
1893 309 2169 372 ANIMA.

3520 321 3675 382 406‘!

1948 462 2002 529 Α
2034 442 2198 498 terra.
2234 443 2318 500 Ob
2350 444 2407 500 id
2440 444 2620 518 igitur
2648 462 2860 514 causis,
2892 446 3104 521 inquit,
3138 449 3349 505 omium
3381 451 3439 507 in
3482 452 3673 508 circu-

2033 530 2151 586 lum
2184 532 2902 607 orbemqueconvolvitur,
2937 538 3073 609 quia
3105 543 3356 594 mentem
3389 539 3671 611 imitatur,

2033 622 2248 678 mentis
2270 624 2427 681 enim
2479 626 2780 696 proprium
2829 631 2920 682 est
2967 629 3037 682 ad
3091 645 3152 684 se
3183 629 3468 700 respicere
3499 636 3557 686 et
3609 631 3670 686 in

2033 727 2094 766 se
2116 727 2383 781 vergere:
2418 713 2544 784 ipsa
2568 715 2724 771 enim
2746 721 2835 772 est.
2863 733 2989 789 quas
3022 718 3198 789 videt,
3229 717 3359 790 ipsa
3399 723 3489 774 est
3541 735 3671 792 quin

2029 799 2278 857 videtur.
2312 801 2529 859 Videns
2557 805 2712 860 enim
2748 806 2961 862 formas
2991 807 3244 879 seipsam
3264 807 3438 877 videt,
3471 812 3528 864 et
3581 825 3672 865 se-

2031 888 2220 960 ipsam
2255 889 2514 962 intuens,
2550 894 2768 950 formas
2800 896 3013 951 intuita
3034 897 3489 952 est.Formarum
3511 897 3670 953 enim

2032 978 2525 1050 complementum
2542 983 2843 1040 est.Habet
2864 985 3043 1058 igitur
3057 985 3265 1042 caelum
3285 986 3671 1044 orbicularem

2037 1066 2281 1139 ﬁguram
2325 1076 2558 1142 propter
2597 1077 2819 1129 motum
2868 1073 2927 1128 in
2986 1074 3295 1140 circulum,
3336 1075 3492 1131 hunc
3536 1092 3668 1132 vero

2034 1161 2270 1228 propter
2312 1157 2474 1215 illam
2528 1163 2742 1218 mentis
2787 1161 3198 1220 imitationem.
3248 1163 3372 1220 Alia
3437 1183 3671 1238 quoque

2037 1245 2280 1311 ratione,
2326 1247 2536 1304 malum
2595 1255 2848 1306 mentem
2909 1251 3195 1324 imitatur,
3243 1270 3371 1325 quae
3425 1254 3676 1310 indivise

2034 1334 2252 1408 ubique
2281 1342 2371 1392 est
2403 1355 2415 1393 :
2452 1355 2584 1394 nam
2619 1339 2850 1397 caeleste
2879 1358 3091 1413 corpus
3113 1343 3330 1415 ubique
3360 1347 3677 1414 estltaque

2035 1431 2326 1495 quatenus
2359 1426 2577 1499 ubique
2608 1429 2781 1496 est,id
2806 1432 2962 1502 quod
2994 1431 3213 1505 ubique
3241 1437 3350 1499 est,
3384 1432 3671 1489 imitatur.

2035 1514 2394 1571 Deteriorum
2428 1517 2584 1572 enim
2619 1520 2891 1590 perfectio
2932 1525 3040 1588 est,
3074 1522 3141 1576 ad
3176 1522 3478 1594 superiora
3532 1539 3676 1578 con~

2035 1604 2246 1668 versio,
2280 1610 2339 1661 et
2380 1621 2517 1662 cum
2574 1607 2649 1664 iis
2705 1607 3051 1665 similitudo.
3107 1611 3190 1665 Ad
3233 1610 3390 1668 hunc
3438 1612 3676 1667 modum

2038 1693 2316 1766 physicus
2376 1713 2409 1751 a
2466 1714 2663 1753 rerum
2722 1699 3078 1754 naturalium
3116 1701 3322 1770 forma,
3364 1699 3673 1756 materiam

2037 1788 2094 1838 et
2125 1800 2364 1840 causam
2395 1787 2684 1854 ostendet,
2729 1788 2930 1860 sicque
2958 1788 3380 1860 deﬁnitionem,
3439 1805 3683 1862 eamque

2033 1889 2101 1929 ex
2133 1872 2396 1944 materia,
2426 1875 2614 1930 forma
2643 1880 2700 1932 et
2720 1892 2898 1932 causa
2927 1877 3215 1934 videlicet.
3237 1879 3457 1935 Artifex
3487 1883 3683 1936 autem

2034 1961 2409 2034 particularis
2433 1963 2490 2018 in
2516 1964 2724 2022 iisdem
2761 1967 2938 2022 rebus
2969 1969 3367 2036 versatur,sed
3389 1967 3678 2042 aphysico

2034 2051 2392 2123 dilfert,quia
2413 2053 2470 2108 in
2494 2054 2832 2126 particulari
2855 2056 3127 2129 quapiam
3155 2062 3307 2127 re;ut
3337 2056 3600 2114 medicus
3622 2057 3680 2112 in

2034 2141 2310 2196 humanis
2329 2144 2674 2215 corporibus
2697 2146 3158 2216 curandis,circa
3188 2145 3414 2219 lapides
3443 2151 3500 2202 et
3522 2146 3682 2220 ligna

2033 2231 2441 2288 caamentarius
2471 2237 2528 2287 et
2559 2234 3076 2304 materiari_us:qure
3107 2239 3302 2291 tamen
3333 2235 3508 2292 etiam
3539 2235 3683 2291 deﬂ-

2036 2320 2341 2390 nitionem,
2365 2326 2673 2395 assumpta
2695 2324 2904 2392 forma,
2929 2324 3172 2380 materia
3203 2328 3260 2380 et
3279 2341 3476 2393 causa,
3493 2324 3679 2381 dabit.

2107 2450 2257 2502 Vera
2287 2450 2376 2502 est
2405 2445 2755 2517 Aristotelis,
2777 2448 2847 2504 de
2877 2447 3067 2505 tribus
3125 2449 3336 2505 mentis
3385 2447 3679 2522 signiﬁca-

2039 2537 2114 2591 tis
2160 2535 2469 2602 sententia,
2530 2535 2624 2592 cui
2671 2537 2845 2593 etiam
2905 2537 3226 2593 subscribit
3308 2537 3679 2594 Ammonius.

2039 2626 2170 2681 Haec
2210 2630 2402 2682 autem
2429 2630 2538 2681 est.
2599 2627 2835 2681 Primus
2885 2626 3254 2699 signiﬁcatus
3311 2627 3526 2686 mentis
3567 2632 3678 2693 est,

2039 2719 2104 2772 ut
2136 2720 2422 2788 potestate
2453 2732 2546 2772 res
2599 2720 2931 2790 cognoscat,
2983 2717 3175 2792 qualis
3218 2716 3278 2773 in
3328 2717 3523 2788 pueris
3569 2720 3678 2772 est.

2040 2807 2343 2861 Secundus
2375 2806 2762 2879 significatus,
2799 2822 2964 2862 mens
2995 2810 3104 2876 est,
3165 2823 3294 2878 quas
3341 2805 3544 2863 habitu
3597 2821 3686 2861 res

2043 2897 2223 2963 novit,
2258 2895 2398 2950 utin
2433 2895 2671 2967 adultis,
2705 2895 2803 2967 qui
2829 2911 2919 2952 res
2952 2896 3188 2967 quidem
3221 2895 3436 2963 sciunt,
3466 2899 3525 2950 at
3555 2895 3683 2967 qui-

2043 2989 2271 3056 escunt,
2297 3002 2486 3059 neque
2517 2985 2842 3040 secundum
2877 3002 2976 3041 eas
3000 2990 3199 3058 agunt.
3235 2986 3470 3042 Tertius
3500 2985 3687 3056 signi-

2044 3077 2273 3142 ﬁcatus,
2308 3091 2475 3130 meus
2499 3079 2608 3143 est,
2657 3091 2768 3130 non
2830 3091 2956 3146 quae
3016 3074 3376 3131 extrinsecus
3433 3074 3686 3142 advenit,

2046 3164 2228 3219 utisti
2282 3163 2662 3230 arbitrantur,
2719 3165 2819 3219 sed
2871 3181 2998 3236 qua:
3048 3163 3248 3220 habitu
3303 3162 3479 3220 simul
3510 3168 3596 3218 est
3634 3167 3692 3218 et

2046 3255 2292 3318 actione,
2330 3252 2522 3326 qualis
2552 3258 2640 3308 est
2671 3254 3080 3325 perl'ectorum,
3114 3253 3214 3325 qui
3247 3269 3337 3308 res
3385 3252 3580 3308 sciunt
3636 3255 3694 3307 et

2047 3342 2440 3418 cognitionem
2474 3345 2843 3414 expromunt,
2875 3345 2931 3398 et
2955 3342 3122 3413 juxta
3143 3357 3272 3398 eam
3332 3344 3535 3414 agunt.
3594 3340 3690 3396 Has

2049 3438 2188 3489 sunt
2217 3432 2430 3488 mentis
2461 3432 2616 3504 apud
2650 3429 3014 3487 Aristotelem
3047 3429 3524 3506 signiﬁcationes,
3557 3445 3690 3486 cum

2050 3522 2309 3579 animam
2335 3522 2652 3577 formarum
2689 3521 2879 3577 locum
2912 3520 3175 3577 nominet
3206 3518 3384 3588 Plato,
3445 3519 3500 3574 id
3563 3519 3692 3592 qui-

2051 3613 2182 3667 dem
2215 3609 2560 3667 Aristoteles
2595 3609 2786 3680 aliquo
2841 3611 3012 3666 modo
3057 3611 3284 3682 probat,
3345 3608 3541 3680 aliquo
3597 3625 3688 3668 re-

2053 3701 2254 3778 probat
2289 3705 2343 3756 et
2376 3699 2609 3756 refellit.
2633 3699 2847 3755 Probat
2877 3698 3140 3771 quidem,
3181 3697 3320 3771 quia
3372 3696 3518 3754 dixit
3576 3697 3696 3756 ani:

2054 3806 2211 3845 mam
2245 3806 2437 3845 rerum
2465 3787 2916 3858 intellectilium,
2968 3787 3194 3860 species
3255 3787 3531 3864 recipere,
3583 3785 3696 3844 sic-

2055 3897 2168 3952 que
2197 3878 2448 3952 operari,
2481 3878 2658 3950 idque
2705 3893 2834 3934 esse
2864 3877 3246 3949 quamobrem
3296 3875 3484 3949 ipsam
3533 3875 3696 3932 Plato

2056 3972 2375 4024 formarum
2408 3965 2893 4040 conceptaculum
2923 3969 3109 4023 vocat.
3138 3965 3363 4038 Duplici
3414 3981 3546 4022 vero
3601 3979 3696 4019 no-

2057 4058 2214 4114 mine
2243 4055 2653 4129 reprehendit:
2686 4055 2943 4128 primum
2976 4056 3113 4128 quia
3144 4071 3380 4112 omnem
3431 4054 3693 4112 animam

2057 4147 2218 4202 Plato
2253 4148 2571 4202 formarum
2604 4144 2796 4200 locum
2827 4143 3102 4216 appellat,
3136 4160 3326 4216 neque
3356 4143 3543 4202 solam
3601 4159 3695 4198 ra-

2058 4238 2214 4293 tione
2272 4236 2597 4308 praeditam,
2659 4250 2836 4306 quam
2891 4231 3051 4288 solus
3111 4231 3206 4288 ille
3237 4238 3294 4287 et
3326 4232 3586 4288 animam
3639 4233 3698 4284 et

2059 4326 2377 4381 formarum
2412 4320 2843 4393 receptaculum
2875 4324 3338 4388 vocat;caeteras
3393 4319 3450 4374 in
3508 4317 3702 4374 anima

2060 4413 2531 4486 comprehensas.
2607 4410 2873 4465 Secundo
2950 4409 3325 4482 reprehendit
3380 4406 3700 4476 Platonem,

2062 4505 2200 4578 quia
2231 4503 2288 4557 in
2321 4501 2519 4558 anima
2561 4500 2800 4564 formas,
2847 4502 3000 4564 actu,
3057 4515 3172 4554 non
3231 4501 3519 4570 potestate
3576 4512 3707 4552 esse

292 4579 440 4663 εἷ’δη,
472 4590 560 4645 καὶ
620 4588 684 4644 οὗ
732 4584 975 4662 δυνάμει.
1034 4587 1095 4644 Ὁ
1138 4585 1238 4664 γὰρ
1287 4582 1681 4661 Ἀριστοτέλης
1720 4581 1937 4659 ἀγράφιξ

2061 4592 2221 4650 dicit.
2256 4590 2420 4647 Illam
2455 4590 2611 4645 cnim
2665 4587 3006 4644 Aristoteles
3067 4588 3237 4643 nudas
3283 4603 3350 4643 ac
3405 4603 3560 4660 purae
3620 4589 3706 4642 ta-

289 4678 634 4758 γραμματίῳ
691 4677 860 4747 αὐτὴν
919 4676 1141 4744 εἰκάζει,
1191 4675 1278 4730 καὶ
1329 4672 1532 4751 κυρίως
1580 4670 1730 4749 λέγει
1765 4672 1950 4747 μάθη-

294 4768 505 4826 σιν.’0
565 4767 660 4841 μέν
720 4787 805 4821 τοι
865 4761 1090 4822 Πλᾶτων
1137 4762 1393 4842 ἐγγράφῳ
1457 4760 1812 4839 γραμματίῳ,
1861 4759 1952 4816 καὶ

291 4859 410 4929 τήν
445 4855 675 4932 μάθησιν
727 4855 1028 4929 ἀνάμνησιν
1081 4850 1248 4930 λέγει.
1308 4855 1426 4906 Ὅτι
1469 4848 1656 4917 διττῆς
1697 4847 1865 4922 οῧσης
1899 4848 1950 4906 ἓν

296 4951 445 5023 ἡμῖν
494 4952 590 5018 τῆς
620 4945 874 5022 γνώσεως
920 4950 1019 5015 τῆς
1073 4943 1167 5018 μὲν
1221 4940 1426 5020 ἀλόγου
1477 4941 1587 4995 οἷον
1632 4938 1952 5011 αἰσθήσεως,

295 5043 407 5107 τῆς
440 5031 496 5089 δὲ
527 5033 761 5111 λογικῆς
793 5033 907 5088 οἳον
938 5035 1032 5086 τνῦ
1074 5035 1190 5104 νοῦ,
1240 5027 1392 5085 διττά
1432 5027 1541 5086 ἐστι
1573 5027 1662 5083 καὶ
1691 5029 1759 5083 τὰ
1788 5049 1959 5105 γινω-

302 5126 546 5198 σκόμενα
578 5145 590 5157 ο
624 5123 692 5178 τὰ
724 5123 817 5197 μὶν
860 5115 1045 5193 ἔνυλα,
1076 5121 1187 5195 καὶ.
1205 5120 1272 5176 τὰ
1301 5118 1534 5190 αἴσθητά
1561 5127 1579 5152 ⁸
1609 5119 1676 5174 τὰ
1707 5115 1764 5173 δὲ
1795 5114 1956 5175 ἅύΛα.

301 5211 470 5286 Ζητεὶ
502 5213 593 5270 οῦν
623 5209 713 5269 διὰ
747 5210 952 5269 τούτων
981 5211 1007 5265 6
1043 5208 1447 5287 Ἀριστοτέλης,
1490 5208 1716 5286 πότερον
1759 5206 1956 5277 ἑκάστη

304 5307 516 5379 γνῶσις
549 5302 609 5358 νὸ
666 5301 868 5357 οἰκεῖον
929 5298 1204 5376 γινώσκει,
1262 5299 1376 5355 οἷον
1426 5301 1460 5368 ἡ
1516 5298 1609 5373 μὲν
1658 5295 1858 5372 ἄλογος
1893 5297 1962 5350 τὰ

305 5393 497 5465 ἶνυλα,
531 5397 565 5466 ἡ
595 5390 651 5449 ὃὶ
673 5392 875 5471 λογική
907 5392 972 5446 τὰ
1003 5387 1143 5447 ἄίἲλα
1169 5391 1332 5465 μόνον
1365 5410 1377 5425 ·
1411 5387 1447 5462 ἤ
1472 5392 1506 5460 ἡ
1545 5391 1638 5464 μὶν
1668 5386 1868 5466 ἄλογος
1895 5389 1963 5444 τὰ

315 5481 485 5539 ἕνυλα
517 5478 630 5537 οἶδε
663 5479 823 5554 μόνον
860 5483 874 5508 ⁶
906 5481 941 5550 ἡ
993 5476 1051 5534 δὲ
1079 5477 1282 5556 λογική
1316 5480 1391 5543 ὡς
1420 5479 1677 5555 κρείττων
1715 5477 1866 5552 οὖσα,
1900 5475 1960 5534 ού

318 5574 489 5650 μόνον
517 5572 584 5628 τὰ
612 5569 754 5626 ἅῧλα
783 5567 950 5638 οἶδεν,
983 5566 1133 5627 ἀλλὰ
1180 5569 1270 5627 καὶ
1325 5569 1393 5627 τὰ
1440 5567 1624 5628 ἶνυλα.
1658 5567 1757 5626 Καὶ
1779 5565 1966 5625 τοιαύ-

310 5685 420 5736 της
454 5663 628 5733 οὑσης
657 5667 758 5731 τῆς
807 5659 1061 5736 ἀπορίας,
1111 5658 1366 5736 ἑπικρίνει
1398 5659 1599 5739 λέγων,
1630 5655 1713 5717 ὅτι
1738 5660 1774 5732 ἡ
1808 5658 1965 5734 λόγι-

2062 4682 2210 4739 bula:
2242 4680 2492 4737 similem
2520 4679 2678 4747 facit,
2711 4682 2768 4733 et
2800 4676 3020 4749 aliquid
3052 4677 3357 4736 addiscere
3389 4677 3577 4749 ipsam
3621 4674 3708 4730 af-

2063 4773 2290 4826 ﬁrmat:
2326 4773 2383 4823 at
2404 4767 2566 4824 Plato
2599 4765 2927 4840 prescriptze
2977 4765 3190 4822 chartas
3241 4765 3498 4821 animam
3549 4779 3711 4820 com-

2065 4865 2250 4936 parat,
2298 4864 2354 4913 et
2403 4859 2624 4914 discere
2669 4859 2836 4914 vocat
2892 4854 3214 4912 reminisci.
3293 4857 3432 4910 Cum
3495 4851 3712 4925 duplex

2065 4952 2142 5006 sit
2170 4951 2230 5004 in
2265 4947 2432 5003 nobis
2463 4945 2737 5018 cognitio,
2771 4961 2903 5002 cum
2936 4945 3180 5016 ratione,
3215 4943 3405 5018 qualis
3435 4947 3523 5000 est
3546 4958 3711 4998 men-

2069 5040 2167 5106 tis,
2198 5042 2255 5094 et
2277 5038 2402 5094 sine
2434 5037 2681 5103 ratione,
2717 5034 3052 5105 cujusmodi
3084 5039 3172 5091 est
3205 5049 3438 5103 sensus,
3499 5029 3713 5102 duplex

2072 5144 2301 5202 quoque
2367 5130 2456 5182 est
2529 5141 2715 5197 genus
2756 5140 2962 5180 eorum
3012 5141 3139 5197 qua:
3200 5124 3637 5195 cognoscuntur
3696 5133 3708 5170 :

2073 5217 2188 5276 alia
2217 5215 2521 5272 materiata
2566 5217 2621 5270 et
2671 5229 2798 5285 quae
2846 5212 3120 5269 sensibus
3157 5209 3554 5282 objiciuntur;
3599 5203 3716 5262 alia

2059 5299 2488 5363 'immateriata.
2522 5304 2739 5370 Quaerit
2778 5304 2990 5359 idcirco
3035 5299 3394 5369 Aristoteles,
3457 5316 3529 5354 an
3580 5314 3711 5370 pro-

2074 5397 2266 5471 prium
2313 5395 2606 5468 obiectum
2644 5392 2915 5464 quaelibet
2971 5389 3217 5449 facultas
3257 5392 3589 5462 cognoscat,
3651 5391 3718 5442 ut

2075 5487 2318 5543 rationis
2358 5500 2585 5556 expers,
2648 5481 2972 5551 materiata,
3024 5478 3391 5538 rationabilis
3446 5478 3716 5539 immate-

2072 5579 2224 5633 riata
2256 5578 2508 5631 tantum.
2542 5573 2626 5627 An
2658 5587 2790 5629 vero
2823 5567 3241 5626 irrationabilis
3272 5568 3398 5626 sola
3443 5568 3716 5623 immate-

2078 5666 2226 5723 riata
2263 5663 2453 5719 norit:
2497 5666 2555 5717 at
2613 5659 2857 5716 rationis
2899 5673 3162 5730 compos,
3205 5663 3272 5715 ut
3325 5654 3713 5730 praestantior,
