4054 6200
396 286 549 345 1063

1731 279 2148 343 MICHAELIS
2195 279 2460 341 PSELLI

3642 286 3804 345 1064

390 432 503 470 non
554 413 744 471 solum
809 414 1115 469 materiata
1165 414 1338 485 norit,
1403 416 1503 472 sed
1543 415 1718 471 etiam
1760 416 2032 471 immate-

2147 411 2215 480 κὴ
2249 409 2311 467 οὐ
2346 409 2508 484 μόνον
2550 412 2616 464 τά
2664 406 2805 467 ἄῧλα
2861 405 3028 479 οἶδεν,
3079 407 3225 465 ἀλλὰ
3271 411 3359 466 καὶ
3411 414 3479 467 τά
3526 411 3710 483 ἔνυΑα,
3741 416 3803 473 Ὀ

389 503 555 559 riata.
590 506 772 576 Atque
810 503 867 558 in
902 520 961 559 re
1008 522 1120 559 non
1163 521 1371 576 parum
1419 504 1720 576 implicata
1768 503 1852 560 sic
1912 509 2031 560 sta-

390 593 523 661 tuit,
559 591 966 647 rationabilem
1020 610 1129 648 non
1162 592 1350 648 solum
1388 611 1579 660 nosse,
1628 610 1757 665 qua:
1814 611 1847 649 a
1906 610 2034 649 ma-

390 681 536 735 teria
566 685 788 735 secreta
809 686 967 746 sunt,
1003 682 1100 736 sed
1125 681 1298 737 etiam
1333 684 1659 738 materiata.
1712 683 1819 748 Qui
1877 681 2034 738 enim

396 769 798 841 praestantiora
848 771 1033 839 novit,
1100 771 1389 826 deteriora
1449 772 1631 828 multo
1704 772 1909 843 magis.
1964 776 2037 828 At

396 859 787 914 immateriata
818 859 1137 931 cognoscit.
1172 860 1348 916 Plane
1404 861 1582 933 igitur
1620 867 1679 917 et
1724 862 1816 917 his
1872 862 2035 935 igno-

394 948 600 1003 biliora
632 948 1044 1016 considerabit,
1097 948 1207 1004 hoc
1239 954 1330 1005 est
1384 951 1709 1007 matcriata.
1769 952 1827 1007 Si
1878 951 2034 1007 enim

394 1054 581 1105 mens,
616 1055 741 1108 qua:
769 1054 900 1092 cum
950 1038 1172 1095 ratione
1194 1040 1447 1112 cognitio
1480 1045 1589 1107 est,
1650 1040 1774 1096 sola
1822 1041 2036 1096 imma-

396 1127 599 1181 teriata
646 1128 822 1196 novit,
863 1143 1050 1198 neque
1088 1133 1282 1184 tamen
1335 1130 1662 1200 materiata,
1719 1147 1881 1185 mens
1926 1130 2038 1185 erit

396 1215 832 1286 quodammodo
867 1233 978 1271 non
1006 1234 1192 1274 mens.
1216 1219 1350 1281 Quae
1382 1220 1536 1274 enim
1584 1220 1892 1275 materiata
1922 1237 2035 1274 non

396 1304 701 1376 intelliget,
753 1305 863 1360 erit
913 1306 969 1360 in
1022 1307 1167 1377 ipsis
1203 1325 1315 1363 non
1352 1326 1536 1364 mens.
1572 1310 1681 1365 Sed
1715 1310 2035 1365 absurdum

395 1397 504 1462 est,
530 1396 784 1448 mentem
808 1393 1004 1465 aliquo
1048 1400 1214 1467 pacto
1261 1397 1881 1466 amentem:esse:non
1929 1397 2038 1469 igi-

394 1484 492 1535 tur
531 1482 656 1537 sola
715 1483 1109 1539 immateriata
1150 1484 1330 1553 novit,
1391 1486 1489 1541 sed
1548 1486 1722 1541 etiam
1782 1487 2036 1542 materiae

396 1569 693 1626 immersa.
732 1572 858 1625 Haec
895 1572 1248 1629 Aristoteles.
1303 1575 1503 1645 Itaque
1560 1591 1654 1630 res
1703 1575 2040 1630 materiatas

396 1663 652 1714 mentem
686 1676 859 1716 nosse
886 1660 1021 1716 hinc
1038 1662 1369 1734 perspicere
1401 1664 1567 1719 licet:
1594 1664 1705 1719 nisi
1754 1664 1909 1720 enim
1970 1682 2040 1719 ex

395 1746 637 1802 materia
659 1754 932 1803 concreta
986 1748 1180 1817 sciret,
1215 1752 1506 1822 quomodo
1560 1768 1801 1808 sensum
1861 1752 2118 1854 corri-B

397 1839 580 1906 geret,
634 1836 735 1907 qui
778 1853 1004 1892 remum
1046 1838 1201 1893 videt
1240 1839 1296 1893 in
1334 1856 1486 1911 aqua
1527 1841 1901 1912 fractum,{et
1945 1858 2037 1897 so-

394 1921 510 1978 lem
551 1924 742 1996 pedali
774 1926 1226 1997 magnitudine?
1257 1931 1601 2001 Quanquam
1629 1935 1685 1985 et
1726 1929 1841 1985 alia
1873 1930 2041 1987 nobis

399 2016 660 2085 suppetit
705 2014 925 2087 regula,
977 2016 1115 2087 quia
1164 2018 1319 2089 quod
1377 2035 1573 2075 rerum
1652 2019 2038 2076 dill'crentiam

395 2101 575 2169 novit,
618 2118 708 2157 res
747 2104 907 2174 ipsas
954 2104 1137 2160 multo
1189 2106 1396 2179 magis.
1457 2109 1528 2162 At
1586 2108 1903 2163 discrimen
1952 2123 2043 2164 eo-

394 2207 549 2256 rum,
597 2209 722 2261 quze
777 2193 902 2247 sine
975 2194 1220 2250 materia
1266 2200 1426 2266 sunt,
1484 2213 1616 2252 cum
1695 2198 2038 2265 materiatis,

394 2280 602 2337 novit:
663 2298 799 2353 ergo
831 2286 886 2337 et
939 2284 1269 2339 materiata.
1350 2286 1456 2340 Sed
1497 2285 1742 2342 fortasse
1801 2286 2035 2354 dixeris,

400 2368 596 2423 minus
622 2374 753 2437 apte
782 2371 917 2437 dici,
953 2377 1201 2428 mentem
1255 2390 1347 2430 res
1394 2376 1677 2431 extrarias
1725 2377 1914 2444 scire;
1980 2376 2037 2431 id

400 2457 556 2512 enim
617 2475 826 2515 sensus
870 2465 973 2526 est,
1016 2478 1108 2516 res
1159 2464 1495 2519 materiatae
1553 2470 1611 2520 et
1658 2466 2040 2536 particulares

400 2550 1113 2620 cognoscerezgenerales
1143 2552 1295 2607 enim
1345 2558 1601 2622 tantum,
1648 2564 1700 2609 et
1752 2572 1876 2625 quae
1916 2555 2040 2610 uni-

399 2653 576 2693 versm
605 2644 765 2706 sunt,
800 2656 963 2694 mens
996 2642 1195 2696 novit:
1232 2658 1441 2699 sensus
1472 2648 1664 2699 autem
1712 2650 1803 2700 est
1864 2663 2038 2703 nosse

401 2726 747 2797 singularia,
773 2745 1017 2799 qumque
1050 2735 1188 2784 sunt
1220 2732 1663 2788 materiata.Sed
1697 2735 2036 2806 responderi

396 2813 468 2866 ad
503 2813 607 2867 hoc
632 2818 843 2885 potest,
876 2821 1127 2871 mentem
1178 2818 1443 2888 subjecto
1503 2837 1680 2876 unam
1741 2838 1889 2893 esse,
1946 2840 2036 2878 ra-

398 2901 553 2957 tione
594 2920 725 2958 vero
779 2904 1091 2960 diversam.
1141 2910 1302 2963 Mens
1333 2908 1488 2963 enim
1529 2908 1617 2965 vel
1646 2928 1746 2982 per
1792 2928 1854 2967 se
1913 2917 2037 2968 tan-

396 2994 523 3046 tum
575 2992 817 3063 agitzet
874 2998 1033 3062 tunc,
1090 3012 1215 3067 qua:
1267 2996 1540 3054 universa
1597 3005 1736 3055 sunt
1803 3005 2033 3057 tantum

397 3081 556 3134 novit
580 3098 592 3110 ’
626 3081 711 3137 vel
744 3098 875 3137 cum
911 3100 1086 3139 sensu
1117 3092 1455 3157 operantur,
1488 3106 1554 3144 eo
1588 3106 1694 3145 usa
1750 3094 2028 3162 tanquam

2148 499 2251 575 γὰρ
2283 497 2443 561 εἰδὼς
2471 500 2539 554 τά
2581 498 2882 574 κρείττονα,
2928 496 3128 571 πολλῴ
3160 498 3329 556 πλὲον
3371 501 3461 556 καὶ
3492 503 3559 557 τὰ
3579 505 3803 579 χείρονα

2142 584 2224 641 ἴδε
2252 586 2317 641 τὰ
2367 583 2527 643 δι’ὕλα.
2582 589 2857 657 Σκοπήσει
2907 587 3123 648 πάντως
3178 589 3255 660 (5)
3307 588 3395 643 καὶ
3454 591 3519 645 τὰ
3570 592 3802 665 χείρονα

2142 678 2249 730 τῶν
2274 672 2455 729 ἂὺλων
2492 696 2504 709 ι
2539 675 2571 729 ἅ
2602 674 2711 729 ἐστι
2757 674 2823 730 τὰ
2871 669 3055 731 ἔνυλα.
3113 674 3181 732 Εἴ
3221 676 3325 752 γὰρ
3376 677 3404 731 ὁ
3436 682 3562 740 νοῦς
3594 678 3625 732 6'
3653 678 3798 733 ἔστιν

2145 766 2179 833 ἡ
2209 763 2409 839 λογικὴ
2439 769 2661 840 γνῶσις.
2716 765 2881 837 μόνον
2934 762 3048 818 οἶδε
3104 766 3169 819 τά
3218 763 3379 833 ἅῦλα,
3417 769 3492 839 μή
3543 768 3796 843 γινώσκει

2146 850 2203 908 δί
2236 851 2324 909 καὶ
2353 853 2419 909 τά
2449 851 2635 923 ἕνυλα,
2685 851 2831 909 ἔσται
2862 854 2890 908 6
2919 858 3043 917 νοῦς
3081 853 3215 909 κατά
3252 876 3306 910 τι
3354 853 3513 918 ἄνους
3547 874 3561 887 ·
3595 857 3664 912 τὰ
3690 859 3793 932 γὰρ

2147 940 2309 997 ἕνυλα
2356 944 2430 1015 μὴ
2484 946 2644 1015 νοῶν,
2694 944 2854 1005 ἄνους
2913 938 3058 998 ἔσται
3111 945 3228 998 κατ’
3276 943 3408 1000 αὐτά
3438 965 3452 978 ⁸
3498 944 3646 1002 ἀλλὰ
3700 946 3793 1018 μὶν

2148 1028 2349 1086 ἄτοπον
2395 1032 2487 1086 τὸν
2546 1035 2668 1086 νοῦν
2723 1030 2859 1087 κατά
2902 1053 2954 1086 τι
3012 1028 3168 1088 ἄνουν
3206 1035 3365 1092 εἶναι.
3422 1034 3533 1091 Οὐκ
3594 1032 3696 1110 ἄρα
3730 1035 3797 1090 τὰ

2149 1119 2288 1177 ἅῦλα
2320 1117 2485 1195 μόνον
2517 1120 2679 1190 οἶδεν,
2733 1121 2881 1179 ἀλλὰ
2909 1122 2998 1177 καὶ
3046 1124 3114 1178 τὰ
3159 1119 3338 1181 ἔνυλα.
3375 1124 3473 1181 Καὶ
3499 1129 3671 1181 ταῦτα
3704 1124 3796 1198 μὶν

2149 1212 2177 1265 6
2210 1209 2620 1282 Ἀριστοτέλης.
2680 1213 2801 1269 Ὅτι
2856 1209 2915 1267 δὲ
2960 1211 3050 1267 καὶ
3100 1213 3168 1267 τὰ
3218 1208 3378 1269 ἔνυλα
3424 1211 3570 1268 οἶδεν
3616 1216 3645 1268 6
3674 1219 3800 1277 νοῦς

2148 1300 2386 1356 ἐντεῦθεν
2438 1300 2549 1356 ἔστι
2607 1298 2858 1357 συνιδεῖν.
2912 1300 2981 1356 Εἴ
3024 1300 3125 1377 γὰρ
3180 1304 3255 1374 μή
3306 1303 3571 1373 ἠπίστατο
3619 1305 3686 1359 τά
3728 1302 3803 1359 ἔν-

2148 1391 2273 1463 υλα,
2322 1397 2441 1457 πῶς
2495 1389 2916 1467 ἐπιδιωρθοῦται
2966 1394 3066 1461 τήν
3118 1391 3388 1464 αἴσθησιν,
3440 1395 3652 1468 ὁρῶσαν
3700 1397 3797 1464 τήν

2148 1480 2338 1549 κώπην
2372 1479 2424 1535 ἐν
2458 1477 2611 1535 ὕδατι
2645 1480 3045 1554 κεκλασμένην,
3068 1481 3159 1535 καὶ
3200 1482 3291 1536 τὸν
3314 1480 3477 1552 ἥλιον
3503 1481 3756 1539 ποδιαῖον
3784 1505 3798 1551 ;

2148 1567 2337 1631 ἄλλως
2368 1591 2425 1624 τε
2456 1567 2515 1625 δὲ
2545 1568 2748 1645 ἔχομεν
2798 1569 3018 1637 κανόνα,
3050 1570 3132 1625 ὅτι
3186 1570 3247 1625 τὸ
3280 1570 3633 1646 ἐπιστάμενον
3680 1571 3800 1628 δια-

2147 1660 2318 1737 φορὰν
2348 1662 2709 1735 πραγμάτων,
2741 1656 2941 1731 πολλῷ
2976 1658 3188 1732 μᾶλλον
3223 1659 3356 1715 αὐτὰ
3378 1659 3505 1716 τάδε
3537 1680 3551 1695 ⁸
3586 1664 3666 1736 (6)
3696 1664 3798 1730 τήν

2149 1746 2407 1826 διαφορὰν
2436 1753 2543 1803 τῶν
2603 1747 2783 1803 ἀϋλων
2842 1749 2978 1823 πρὸς
3031 1749 3098 1803 τὰ
3146 1747 3329 1818 ἑνυλα,
3362 1747 3505 1805 οἶδεν
3555 1749 3660 1827 ἄρα
3707 1750 3797 1805 καὶ

2146 1838 2212 1893 τὰ
2239 1837 2421 1895 ἔνυλα.
2458 1836 2614 1894 Ἀλλ’
2659 1836 2796 1912 ἐρεῖς
2858 1835 2986 1901 ἴσως
3037 1836 3119 1893 ὅτι
3174 1837 3373 1893 ἄτοπόν
3424 1838 3533 1894 ἐστι
3578 1841 3642 1895 τὸ
3670 1845 3798 1895 νοῦν

2150 1927 2215 1982 τὰ
2271 1923 2371 1998 ἔξω
2425 1925 2619 1982 εἰδέναι
2656 1948 2669 1961 ο
2727 1931 2895 1981 ταῦτα
2947 1928 3047 2003 γάρ
3097 1926 3400 1999 αἰσθήσεώς
3458 1928 3567 1984 ἐστι
3616 1929 3679 1983 τὸ
3733 1931 3803 1985 τά

2149 2016 2312 2073 ἔνυλα
2340 2017 2427 2071 καὶ
2457 2017 2523 2071 τὰ
2570 2016 2706 2071 κατᾶ
2757 2017 2921 2092 μέρος
2966 2018 3250 2091 γινώσκειν
3283 2036 3297 2051 ο
3349 2019 3377 2072 6
3414 2018 3507 2090 μὲν
3538 2018 3641 2094 γὰρ
3666 2022 3803 2081 νοῦς

2145 2108 2208 2163 τὸ
2234 2106 2470 2162 καθόλου
2502 2103 2617 2161 οἶδε
2665 2105 2833 2178 μύνον
2868 2123 2881 2136 ·
2913 2112 3013 2175 τῆς
3066 2102 3123 2161 ὃὶ
3153 2105 3453 2177 αἴσθήσεώς
3482 2106 3593 2162 ἐστι
3622 2108 3688 2163 τὸ
3722 2106 3804 2162 εῖ-

2150 2194 2294 2251 δέναι
2353 2196 2566 2271 μερικα,
2624 2194 2657 2249 ἅ
2710 2194 2830 2249 τινά
2879 2194 3015 2250 ἐστιν
3079 2192 3261 2251 ἔνύλα.
3325 2198 3473 2250 Ἐστι
3518 2193 3577 2251 δὲ
3625 2194 3805 2251 εἰπεῖν

2148 2287 2285 2360 πρὸς
2315 2289 2498 2341 τοῦτο.
2559 2282 2641 2338 δεῖ
2675 2285 2703 2338 6
2733 2288 2856 2345 νοῦς
2900 2282 2979 2356 τῷ
3031 2285 3124 2356 μὶν
3170 2285 3509 2356 ὑποκειμένῳ
3554 2288 3631 2347 εἷς
3662 2284 3807 2358 ἐστι,

2147 2380 2226 2447 τῷ
2256 2372 2312 2429 ’δὲ
2346 2372 2501 2450 λόγῳ
2560 2370 2841 2450 διάφορος.
2891 2378 2951 2430 Ὁ
2978 2373 3077 2447 γὰρ
3108 2373 3289 2442 νοῦςῆ
3322 2375 3438 2438 καθ’
3468 2374 3654 2428 ἑαυτὸν
3694 2374 3802 2447 μό-

2147 2485 2236 2517 νον
2288 2462 2514 2539 ἐνεργεῖ,
2565 2462 2655 2516 καὶ
2712 2460 2835 2516 τότε
2880 2461 2943 2516 τὸ
2990 2462 3229 2525 καθόλου
3288 2464 3453 2534 μόνον
3504 2461 3644 2517 οἶδεν
3683 2483 3697 2495 ο
3760 2461 3801 2533 ἤ

2152 2554 2287 2626 μετὰ
2327 2552 2629 2622 αἰσθήσεως
2682 2550 2903 2627 ἐνεργεῖ,
2938 2549 3152 2627 ὀργάνῳ
3201 2550 3336 2625 αὐτῇ
3385 2552 3736 2628 κεχρημένος
3782 2571 3797 2583 ‘

2146 2642 2235 2697 καὶ
2270 2643 2387 2697 τότε
2442 2643 2507 2695 τὰ
2555 2639 2717 2696 ἔνυλα
2773 2639 2864 2695 καὶ
2926 2641 3119 2713 μερικά
3169 2638 3336 2696 οἶδεν.
3380 2643 3580 2718 Ὥσπερ
3630 2642 3733 2717 γάρ
3762 2643 3799 2710 ἡ

2146 2731 2281 2803 αύτῆ
2312 2731 2510 2798 εὐθεῖα,
2541 2736 2619 2802 τῷ
2674 2730 2767 2802 μὲν
2820 2729 3162 2802 ὑποκειμένῳ
3292 2729 3426 2801 αὐτή
3460 2730 3593 2803 ἐστι,
3626 2736 3705 2803 τῷ
3740 2728 3799 2787 δὶ

2147 2819 2297 2895 λόγῳ
2368 2820 2611 2898 ιάφορος.
2676 2820 2737 2876 Ἣ
2811 2818 2913 2892 γὰρ
2994 2822 3084 2871 νῦν
3149 2817 3330 2882 εὐθεῖα
3384 2821 3517 2873 οὖσα
3574 2817 3800 2875 δύναται

2143 2908 2441 2979 κλασθῆναι
2473 2908 2562 2963 καὶ
2612 2905 2929 2981 ἐπικαμπής
2977 2907 3219 2981 γενὲσθαι
3256 2927 3268 2940 ’
3306 2905 3447 2962 οὕτω
3477 2909 3566 2962 καὶ
3598 2909 3627 2962 ὁ
3658 2914 3793 2972 νοῦς

2146 2999 2173 3053 6
2205 2998 2363 3060 αὐτός
2406 2997 2517 3052 ἐστι
2555 3001 2636 3069 τῷ
2686 2997 3024 3070 ὑποκειμένῳ
3059 3016 3070 3027 ·
3122 2992 3324 3051 ἄλλοτε
3372 2995 3549 3052 εὐθεῖα
3592 2997 3799 3052 ἀνα).οο

2142 3093 2246 3164 γεῖ,
2280 3089 2308 3142 6
2366 3089 2456 3142 καὶ
2512 3092 2627 3150 καθ’
2688 3083 2877 3141 ἓαυτὸν
2939 3084 3143 3160 ἐνεργεῖ
3197 3086 3285 3139 καὶ
3337 3086 3401 3139 τά
3458 3085 3595 3141 ἅῦλα
3628 3084 3796 3160 οἶδεν,

394 3169 807 3239 instrumento,
836 3173 1034 3244 sicque
1068 3175 1371 3229 materiata
1400 3182 1457 3231 et
1507 3178 1883 3249 particularia
1930 3196 2027 3235 co-

2146 3159 2347 3234 άλλοτε
2414 3174 2470 3231 δὲ
2526 3159 2867 3250 κεκλασμὶνη
2926 3159 3123 3243 εὐθεῖα,
3212 3174 3657 3248 ὲπικαμπόμενος

392 3263 640 3331 gnoscit.
702 3261 1209 3324 Quemadmodum
1261 3265 1415 3319 enim
1461 3272 1617 3322 recta
1665 3270 1791 3340 ipsa
1855 3268 2030 3338 linea,

392 3350 657 3419 subjecto
689 3353 891 3406 eadem
924 3356 1032 3417 est,
1065 3360 1124 3409 at
1146 3354 1366 3411 ratione
1398 3355 1664 3425 diversa;
1707 3374 1827 3429 quae
1873 3359 2028 3415 enim

394 3453 549 3492 nunc
593 3445 747 3495 recta
782 3445 890 3509 est,
939 3440 1233 3497 incurvari
1282 3449 1337 3500 et
1406 3444 1623 3501 inﬂecti
1668 3452 1890 3520 potest:
1945 3449 2029 3504 sic

389 3527 561 3581 etiam
598 3545 763 3583 mens
790 3530 989 3584 eadem
1022 3536 1109 3585 est
1132 3532 1415 3603 subjecto.
1470 3534 1644 3590 Recta
1688 3537 1823 3591 item
1866 3553 2030 3592 men-

389 3619 505 3672 tem
542 3623 950 3689 repraesentat:
980 3637 1105 3691 quae
1130 3637 1232 3693 per
1253 3640 1314 3677 se
1355 3623 1476 3694 agit
1507 3626 1655 3696 ipsa,
1709 3630 1765 3681 et
1819 3626 2031 3683 imma-

387 3706 595 3760 teriata
629 3708 819 3761 novit:
844 3706 1138 3764 interdum
1189 3711 1504 3768 inﬂectitur
1556 3719 1747 3783 recta;
1778 3720 1831 3771 et
1866 3733 2032 3773 mens

388 3794 459 3847 ad
494 3795 1085 3863 sensuminflectitur,
1118 3816 1301 3871 coque
1332 3818 1434 3873 pro
1468 3801 1857 3858 instrumento
1916 3805 2030 3860 uti-

386 3887 503 3949 tur,
534 3900 666 3937 cum
716 3885 1019 3941 materiata
1050 3887 1227 3943 novit.
1264 3889 1365 3944 Hic
1399 3890 1623 3961 primus
1674 3896 1761 3947 est
1818 3894 2031 3962 nodus,

388 3972 632 4042 ejusque
684 3972 917 4028 solutio.
977 3976 1242 4032 Secunda
1299 3978 1621 4035 difﬁcultas
1704 3999 1837 4037 cum
1922 3983 2031 4039 hac

391 4061 728 4132 sumptione
761 4064 1109 4135 proponitur
1138 4082 1157 4119 :
1189 4068 1342 4139 quod
1364 4086 1395 4123 a
1423 4074 1730 4141 potestate,
1777 4072 1841 4127 fit
1873 4077 2031 4157 actu,

394 4151 635 4206 omnino
668 4157 966 4209 mutatur:
1003 4158 1059 4209 at
1093 4157 1359 4223 mutatio,
1388 4159 1610 4215 affectio
1642 4165 1748 4215 est.
1800 4160 1901 4217 His
1949 4151 2032 4217 sic

392 4242 789 4314 praesumptis,
846 4241 1128 4315 reliquam
1203 4245 1609 4304 difficultatem
1655 4249 1911 4320 subjicit.
1971 4251 2031 4306 Si

391 4344 557 4385 mens
591 4331 897 4387 materiata
928 4334 1244 4404 cognoscit,
1271 4336 1491 4407 aliquid
1524 4338 1595 4392 ab
1628 4338 1697 4394 iis
1732 4340 1952 4411 patitur
1999 4357 2034 4395 a

388 4420 889 4491 cognitione,quze
918 4428 1199 4494 potestate
1242 4427 1447 4497 fuerat,
1502 4428 1569 4481 ad
1638 4428 2029 4500 cognitionem

2139 3267 2275 3340 πρὸς
2331 3267 2432 3335 τήν
2489 3264 2756 3337 αἶ’σθῄσιν,
2804 3264 2892 3319 καὶ
2954 3264 3179 3339 ὀργάνῳ
3234 3264 3369 3338 αύτῇ
3423 3266 3792 3342 κεχρημένος,

2141 3356 2228 3411 ὅτε
2257 3355 2346 3410 καὶ
2375 3355 2440 3410 τὰ
2470 3351 2631 3409 ἔνυλα
2658 3352 2789 3411 οἵδε.
2843 3350 3018 3411 Τοῦτε
3068 3354 3161 3425 μὲν
3210 3352 3301 3407 οῦν
3328 3352 3440 3408 ἐστι
3471 3354 3534 3408 τὸ
3565 3360 3787 3428 πρῶτον

2140 3442 2341 3520 ἄπορον
2374 3443 2463 3498 καὶ
2492 3445 2526 3512 ἡ
2584 3440 2738 3504 λύσις
2792 3441 2976 3496 αὐτοῦ.
3012 3440 3264 3516 Δεύτερον
3315 3438 3539 3516 ἔπορον,
3590 3442 3650 3495 ὃν
3694 3444 3791 3496 καὶ

2141 3531 2341 3606 λῆμμα
2396 3526 2864 3609 προλαμϐάνεται,
2935 3533 3207 3598 τοιοῦτον,
3280 3529 3362 3585 ὅτι
3410 3532 3472 3585 τὸ
3532 3528 3637 3585 ἐιπὸ
3684 3536 3789 3586 τοῦ

2141 3620 2364 3695 δυνάμει
2399 3620 2471 3682 εἷς
2509 3622 2571 3674 τὸ
2621 3617 2852 3695 ἐνεργείᾳ
2894 3617 3208 3692 γενόμενον,
3258 3618 3472 3680 πάντως
3514 3617 3792 3674 ἀλλοιοῦ-

2138 3733 2250 3781 ται,
2306 3713 2340 3781 ἡ
2372 3708 2428 3764 δὲ
2474 3707 2772 3770 ἀλλοίωσις
2828 3708 2998 3769 πάθος
3050 3706 3180 3763 ἐστί.
3211 3712 3413 3762 Τοῦτον
3443 3707 3798 3785 προληῖνθὲν-

2139 3822 2231 3863 τος
2265 3799 2475 3873 πρόεισι
2507 3796 2699 3853 λοιπὸν
2730 3797 2793 3851 τὸ
2852 3794 3078 3871 ἄπορον.
3130 3796 3193 3850 Εἴ·
3221 3797 3473 3870 γινώσκει
3503 3798 3531 3851 6
3561 3801 3689 3859 νοῦς
3718 3800 3797 3853 τά

2140 3886 2322 3957 ἕνυλα,
2357 3885 2525 3953 δῆλον
2560 3888 2643 3941 ὅτι
2674 3886 2874 3960 πάσχει
2916 3885 3008 3939 ὐπ’
3058 3883 3253 3956 αὐτῶν,
3285 3885 3389 3940 ἀπὸ
3421 3892 3520 3954 τῆς
3559 3883 3798 3960 δυνάμει

2138 3979 2389 4054 γνώσεως
2444 3976 2520 4038 εἷς
2565 3976 2664 4044 τὴν
2698 3972 2934 4050 ἐνεργείᾳ
2981 3978 3179 4048 γνῶσιν
3361 3974 3430 4029 Τὸ
3456 3972 3511 4029 δὲ
3544 3976 3652 4029 ἀπὸ
3689 3982 3800 4032 τοῦ

2142 4066 2366 4142 δυνάμει
2415 4065 2678 4141 ἀγόμενον
2728 4063 2803 4126 εἷς
2849 4062 2911 4118 τό
2962 4062 3195 4139 ἐνεργείᾳ
3242 4062 3586 4119 ἀλλοιοῦται.
3630 4065 3703 4120 T6
3736 4062 3804 4121 δὲ

2142 4154 2563 4230 ἀλλοιούμενον,
2612 4154 2834 4229 πάσχει.
2885 4153 2947 4211 Ὁ
2994 4156 3119 4214 νοῦς
3156 4150 3257 4226 ἄρα
3300 4153 3499 4228 πάσχει
3547 4153 3655 4208 ἀπὸ
3685 4159 3802 4209 τῶν

2143 4244 2346 4300 ἐνύλων
2383 4265 2395 4279 ο
2430 4244 2519 4299 καὶ
2560 4240 2747 4312 ἐπειδῆ
2799 4238 2951 4296 οὐδὲν
2996 4240 3055 4295 ἐκ
3083 4241 3180 4295 τοῦ
3212 4239 3524 4313 ἀνομοῦλου
3565 4246 3802 4319 πάσχει,

2144 4330 2315 4403 δῆλον
2348 4331 2449 4407 ἄρα
2479 4330 2562 4387 ὅτι
2596 4330 2839 4405 ὁμόϋλός
2882 4328 3022 4385 ἐστιν
3059 4332 3086 4385 6
3116 4334 3241 4393 νοῦς
3269 4336 3385 4393 τοῖς
3419 4329 3660 4393 ἒνύλοις.
3694 4334 3804 4386 Καὶ

2143 4418 2252 4476 ἔστι
2286 4421 2373 4476 καὶ
2405 4420 2563 4482 αὐτὸς
2610 4414 2799 4481 ἕνυλος
2852 4418 2941 4473 καὶ
2974 4419 3263 4496 ἄφθαρτος,
3306 4417 3457 4490 Αὕτη
3492 4421 3526 4488 ἡ
3560 4420 3797 4495 ἀπορία,

392 4512 524 4562 actu
568 4509 839 4564 deducta.
900 4512 1059 4574 Quod
1130 4530 1260 4569 vero
1320 4532 1353 4569 a
1395 4520 1681 4586 potestate
1741 4518 2034 4588 ad:actum

2146 4511 2212 4580 ἦν
2240 4508 2625 4584 ἐπιλυσόμενοῐ
2673 4529 2871 4587 φαμεν,
2914 4509 2998 4563 δτι
3047 4512 3226 4569 κακῶς
3261 4508 3539 4581 εἴληπται,
3571 4508 3656 4563 ὅτι
3690 4515 3802 4565 ποῦ

390 4595 722 4665 deducitur,
788 4597 843 4653 id
898 4604 1179 4656 mutatur.
1239 4603 1401 4667 Quod
1445 4621 1577 4659 vero
1648 4610 1928 4673 mutatur,
1975 4606 2034 4663 id

391 4684 633 4754 patitur.
668 4685 815 4757 Ergo
842 4703 1004 4742 mens
1035 4706 1067 4744 a
1117 4691 1440 4747 materiatis
1483 4693 1725 4764 patitur,
1771 4699 1827 4750 et
1898 4696 2040 4767 quia

390 4771 538 4825 nihil
573 4773 690 4844 pati
720 4778 908 4845 potest
932 4777 1002 4831 ab
1034 4781 1277 4849 eo,quod
1302 4780 1622 4838 dissimiles
1654 4787 2035 4854 estmateriae;

390 4858 633 4929 planum
659 4866 749 4916 est
772 4862 971 4933 igitur,
1007 4871 1259 4921 mentem
1290 4867 1557 4937 ejusdem
1590 4886 1720 4926 esse
1780 4871 2035 4929 materiae

391 4964 524 5002 cum
560 4950 985 5022 materiatis,et
1041 4956 1305 5010 eamdem
1366 4972 1493 5013 esse
1554 4960 1921 5017 materiatam
1979 4965 2036 5017 et

388 5036 807 5111 incorruptam.
845 5041 922 5095 Ea
951 5046 1041 5098 est
1069 5043 1402 5117 difﬁcultas,
1426 5062 1603 5119 quam
1626 5046 2033 5120 dissolventes,

387 5126 640 5183 dicimus
691 5130 843 5186 male
893 5136 1263 5204 assumptum
1317 5151 1476 5205 esse,
1538 5138 1873 5211 ubicunque
1944 5143 2031 5195 est

388 5232 588 5287 agens,
625 5218 702 5273 ibi
745 5225 802 5275 et
850 5222 1004 5291 quod
1029 5223 1297 5293 patitur:
1349 5225 1404 5279 id
1455 5226 1607 5282 enim
1653 5228 1858 5284 falsum
1920 5232 2028 5284 est.

463 5394 538 5464 (5)
573 5394 811 5472 illatum
846 5398 928 5472 sic
964 5397 1182 5472 replere
1212 5401 1426 5469 videor,
1462 5401 1585 5457 ἀλλ’
1620 5400 1729 5457 οἶδε
1750 5403 1814 5458 τά
1871 5402 2029 5463 ἄυλα.

395 5464 583 5532 Σκοπή
593 5483 670 5517 σει
693 5464 782 5519 οὗν
801 5464 1036 5530 πάντωςξ

394 5606 407 5618 ο
436 5536 536 5607 ι(6)
568 5536 741 5663 liceat
768 5537 893 5594 ἀλλ’
928 5542 979 5594 ot
1005 5538 1059 5595 δὲ
1090 5543 1213 5611 τήν,
1246 5549 1381 5611 etc.,
1438 5550 1539 5600 aut
1569 5546 1868 5619 quidpiam
1920 5548 2030 5605 hu-

394 5623 585 5663 Iusmo
634 5626 668 5663 ι.

391 5623 668 5676 ιιιεωοαι.

2147 4604 2336 4655 ποιοῦν
2370 4600 2457 4654 καὶ
2490 4598 2688 4675 πάσχει
2727 4616 2739 4628 ’
2792 4597 2949 4658 οὗτος
3000 4596 3027 4649 6
3078 4593 3246 4671 λόγος
3276 4594 3479 4670 ψευδής
3508 4597 3641 4652 ἐστι.
3666 4598 3801 4653 Τότε

2145 4690 2244 4765 γάρ
2301 4689 2364 4744 τὸ
2420 4692 2611 4744 ποιοῦν
2656 4685 2996 4761 ἀντιπάσχει,
3056 4686 3145 4740 ὅτε
3205 4685 3447 4757 ὁμόϋλον
3510 4683 3661 4741 ἔσται
3725 4692 3800 4759 τῷ

2145 4778 2434 4853 πάσχοντι.
2472 4773 2691 4846 Ἐπειδὴ
2725 4776 2815 4830 οῦν
2863 4775 2890 4829 6
2941 4778 3068 4837 νοῦς
3110 4774 3213 4828 οὐκ
3241 4772 3382 4828 ἔστιν
3406 4774 3657 4847 ὁμὸυλος
3689 4782 3798 4838 τοῖς

2146 4864 2382 4937 ἐνύλοις,
2417 4866 2515 4921 οὐκ
2560 4859 2771 4940 ἷνάγκη
2822 4864 3055 4938 πάσχειν
3102 4862 3265 4917 αὐτὸν
3317 4863 3421 4918 ὑπὸ
3445 4868 3553 4918 τῶν
3587 4863 3795 4920 ἐνύλων

2144 4957 2232 5011 ὅτε
2288 4956 2543 5031 γινώσκει
2614 4952 2766 5011 αὐτά.
2844 4957 3000 5007 ΙΙοιεῖ
3074 4952 3177 5027 γὰρ
3209 4953 3299 5006 καὶ
3345 4954 3373 5007 6
3427 4949 3797 5030 δημιουργὸς,

2142 5043 2430 5121 εὐεργετῶν
2504 5047 2696 5115 ἡμᾶς·
2780 5041 2871 5097 καὶ
2946 5040 3098 5114 ὅμως
3183 5040 3283 5095 οὐκ
3345 5041 3647 5119 ἀντπάσχει
3714 5044 3799 5115 ὑφ’

2141 5136 2300 5208 ἡμῶν
2336 5154 2349 5167 ⁸
2385 5133 2522 5189 ὥστε
2552 5132 2729 5188 ἐκεῖνα
2781 5129 2918 5205 μόνα
2958 5134 3067 5184 τῶν
3111 5128 3413 5185 ποιούντων
3448 5130 3799 5209 ἀντιπάσχει,

2142 5222 2239 5279 ὅσα
2270 5222 2486 5297 ὁμόϋλά
2515 5220 2624 5279 ἐστι
2670 5224 2789 5283 τοῖς
2837 5219 3168 5294 πάσχουσιν.
3217 5220 3339 5276 ’Ὁτι
3377 5217 3523 5275 ’ἴδιόν
3561 5220 3675 5275 ἐστι
3722 5226 3803 5293 τῷ

2211 5406 2287 5473 (7)
2344 5407 2509 5460 Forte
2589 5400 2920 5475 legendum,
2981 5395 3069 5451 καὶ
3154 5397 3181 5451 ὁ
3240 5400 3389 5466 νοῦς,
3450 5396 3799 5469 ἐπικαμπτό-

2144 5494 2323 5546 μενον.

2210 5548 2287 5619 (8)
2318 5547 2570 5604 Subesse
2602 5549 2766 5619 puto,
2798 5539 3091 5617 ἆγομᾶνην.
