3976 6212
170 282 294 345 1065

1598 278 1702 339 DE
1744 276 2020 339 ANIMA.

3365 279 3531 342 1066

167 379 251 478 νοῒ,
276 410 351 465 καὶ
377 408 435 462 τὸ
473 408 540 479 τῇ
583 406 746 477 οὐσίᾳ
794 405 1049 481 ἐνεργεῖν.
1096 412 1200 463 Και
1248 406 1350 483 γὰρ
1382 409 1409 462 6
1436 408 1755 479 ὶπιστήμων

1873 411 2029 463 Tunc
2082 409 2238 464 enim
2298 424 2479 481 agens
2518 411 2723 465 contra
2777 407 3019 481 patitur,
3079 424 3217 465 cum
3261 408 3527 481 ejusdem

166 504 263 559 οὔτε
288 498 539 568 ἐπιστήμη
579 495 745 567 μόνον
806 494 969 563 ἐστὶν,
1020 495 1140 550 οὕτε
1188 498 1365 571 ψυχὴ,
1402 494 1546 551 ἀλλὰ
1578 501 1760 569 κρᾶμα

166 594 205 662 ἐξ
236 585 524 662 ἀμφοτέρων
562 604 574 615 ⁸
637 583 907 659 σύγκειται
974 586 1078 660 γὰρ
1139 585 1198 641 ἐκ
1256 590 1444 660 ψυχῆς
1488 585 1577 639 καὶ
1638 584 1761 639 ἐπι-

164 682 361 750 στήμης,
387 676 468 729 καὶ
504 673 781 748 ἀναλογεῖ,
815 677 849 743 ἠ
905 675 999 747 μὲν
1033 675 1186 750 ψυχὴ
1219 674 1344 749 ὕλῃ,
1374 678 1408 744 ἡ
1443 673 1499 729 δὲ
1530 674 1757 743 ἐπιστή-

166 792 224 843 μη
277 766 408 821 εἴδει.
471 765 565 819 Καὶ
646 760 833 832 ἐπειδὴ
904 762 1105 827 παντὸς
1161 785 1482 839 πραγματος
1546 762 1757 836 μᾶλλον

160 859 276 913 ἐστὶν
304 853 446 910 οὐσία
490 854 553 908 τὸ
585 850 727 915 εἶδος
773 860 874 921 τῆς
926 852 1065 923 ὕλης
1095 872 1107 885 ⁸
1142 853 1187 907 εἰ
1239 852 1453 926 μᾶλλον
1505 852 1662 907 οὐσία
1698 852 1761 906 τὸ

159 944 275 1009 εἶδος
297 952 385 1012 τῆς
418 940 550 1008 ὕλης
585 961 596 972 ⁸
641 943 765 1018 φασὶ
819 939 876 996 δὲ
922 940 1206 1013 Ἕλληνες
1240 943 1416 1017 ἀρχὴν
1471 946 1579 995 τῶν
1613 940 1757 995 ὅλων

156 1036 281 1101 Θεὸν,
311 1033 387 1087 καὶ
419 1030 555 1101 ὕλην
588 1050 599 1061 ⁸
631 1031 725 1085 τὸν
757 1030 887 1085 Θεὸν
936 1032 1009 1092 ὡς
1052 1028 1198 1093 εἶδος
1233 1029 1487 1105 λέγοντες
1522 1050 1534 1061 ⁸
1570 1031 1757 1084 οὐσίαν

154 1124 237 1197 ἄρα
264 1121 377 1199 φασὶ
404 1121 495 1175 τὸν
529 1120 656 1175 Θεὸν
690 1126 788 1188 τῆς
840 1118 978 1188 ὕλης
1030 1118 1269 1191 μᾶλλον,
1310 1121 1396 1173 καὶ
1450 1118 1583 1173 αὐτὰ
1640 1116 1754 1187 εἷ’δη

151 1212 256 1268 Θεόν
282 1230 292 1242 ⁸
323 1208 463 1284 εἷ’περ
498 1207 729 1281 οὐδεμία
761 1206 865 1277 ὕλη
916 1209 967 1262 ἐν
1007 1214 1121 1270 τοῖς
1156 1210 1302 1262 οὖσιν
1334 1206 1593 1277 ἀνείδεος,
1627 1207 1758 1280 ὅπερ

147 1303 208 1363 ὡς
259 1300 365 1356 λίαν
421 1293 607 1359 ἀσεϐὲς
663 1296 1039 1371 παραιτητέον
1081 1317 1093 1330 ⁸
1155 1296 1306 1352 οὐσία
1360 1295 1461 1372 ἄρα
1511 1297 1620 1351 ἔστὶ
1663 1300 1760 1350 τοῦ

148 1391 475 1459 ἰπιστήμονος
505 1390 539 1456 ἡ
575 1386 849 1457 ἐπιστήμη
888 1405 898 1416 ⁸
952 1387 1039 1440 καὶ
1096 1386 1144 1440 εἷ’
1183 1387 1211 1440 6
1265 1386 1583 1458 ἐπιστήμων
1624 1385 1761 1440 κατᾶ

143 1480 227 1546 τὴν
269 1476 563 1547 ἐπιστήμην
624 1473 854 1549 ἐνεργεῖ,
924 1472 1057 1544 αὕτη
1126 1472 1389 1529 δάδεικται
1461 1474 1614 1529 οὐσία
1664 1475 1759 1528 τοῦ

147 1565 481 1638 ἂπιστήμονος
510 1562 662 1619 οῦσα.
722 1564 863 1617 Κατὰ
919 1568 1078 1618 τοῦτο
1138 1563 1239 1639 ἄρα
1287 1563 1501 1638 λέγεται
1545 1567 1613 1627 τῆ
1663 1562 1758 1617 οὐ-

146 1654 219 1725 σίᾳ
243 1654 484 1728 ἆνεργεῖν,
520 1650 608 1707 διὰ
654 1654 717 1706 τὸ
772 1655 871 1721 τὴν
918 1651 1225 1725 ἐπιστήμην
1276 1651 1459 1706 οὐσίαν
1494 1654 1630 1706 εἶναι
1660 1650 1757 1707 τοῦ

142 1743 497 1815 ἐπιστήμονος.
535 1740 672 1800 Οὕτι
726 1742 826 1815 γὰρ
876 1742 1012 1796 κατὰ
1061 1740 1123 1795 τὰ
1184 1739 1396 1812 ὑψηλὸν
1449 1741 1623 1796 ἐκεῖνο
1666 1742 1757 1795 καὶ
1790 1784 1836 1847 Β

770 1828 1723 1847 ,ο.,.Α-.,.,ς

142 1832 411 1907 ἐπηρμένον
448 1834 713 1907 θεώρημα
766 1830 847 1885 ὅτι
902 1831 976 1893 ὡς
1036 1830 1124 1886 ἐπὶ
1184 1835 1338 1898 Θεοῦ,
1372 1834 1406 1900 ἡ
1446 1830 1581 1899 αὐτή
1614 1828 1755 1884 ἐστὶν

141 1921 274 1975 οὐσία
293 1924 357 1994 τῇ
412 1919 649 1994 ἐνεργείᾳ
682 1939 695 1951 ⁸
756 1917 839 1973 ἐπῖ
901 1919 1003 1993 γὰρ
1060 1923 1170 1973 τῶν
1234 1922 1452 1994 ψυχῶν,
1512 1918 1603 1972 καὶ
1648 1922 1757 1973 τῶν

136 2008 291 2064 ἀύλων
320 2008 541 2076 οὐσιῶν,
597 2008 777 2083 χωρὶς
824 2013 923 2068 τῖς
976 2008 1202 2081 πρώτης
1248 2007 1443 2075 αἶ’τιας,
1488 2006 1579 2061 καὶ
1607 2003 1763 2060 οὐσία

135 2095 602 2171 intuiti-3:11pm:
646 2096 737 2150 καὶ
796 2095 1060 2171 ἐνᾶργεια.
1117 2099 1200 2170 Τῇ
1255 2097 1345 2151 οῦν
1398 2096 1555 2166 οὐσίᾳ
1596 2093 1757 2169 λὲγε-

133 2207 202 2240 ται
232 2185 472 2261 ἐνεργεῖν,
509 2183 598 2239 διὰ
626 2185 688 2239 τὸ
731 2185 829 2253 τήν
883 2184 1191 2258 ἐπιστήμην
1245 2184 1413 2240 οἱονεὶ
1445 2183 1627 2238 οὐσίαν
1663 2181 1758 2238 λέ-

133 2287 294 2348 γεσθαι
339 2279 440 2340 τῆς
486 2281 695 2349 ψυχῆς.
747 2274 843 2330 Ἐκ
884 2278 983 2329 τοῦ
1026 2274 1334 2347 κρείττονος
1383 2274 1473 2328 οῦν
1505 2272 1760 2345 ὠνόμασε

129 2365 335 2418 τὸννοῦν
414 2361 640 2431 Ἐπειδὴ
674 2364 775 2438 γὰρ
828 2367 896 2435 τῇ
946 2362 1189 2438 ἐνεργείᾳ
1246 2362 1455 2436 ἱνεργιῖ
1520 2363 1547 2416 6
1605 2365 1755 2423 νοῦς.

129 2454 202 2504 καὶ
251 2450 319 2506 ὢν
378 2452 625 2528 ἐνεργεια
684 2451 885 2527 ἆνιργεῖ
918 2470 929 2481 ⁸
982 2456 1233 2526 κρεῖττον
1296 2448 1353 2505 δὲ
1402 2451 1455 2506 ἰν
1506 2456 1666 2505 πᾶσιν
1721 2452 1756 2519 ἡ

132 2538 341 2617 ὶνὲργεια
369 2541 458 2595 καὶ
491 2543 527 2610 ἡ
564 2540 722 2595 οὐσία
746 2560 758 2574 ⁸
794 2537 883 2594 διὰ
936 2544 1097 2595 τοῦτο
1150 2538 1322 2604 θέλων
1372 2539 1544 2595 εἷπεῖν
1576 2538 1659 2594 ὅτι
1690 2542 1757 2604 τῆ

132 2629 346 2704 ἰνεργείᾳ
401 2635 632 2704 ἷνεργιῖ,
691 2631 805 2684 εἶπε
860 2633 927 2702 τῇ
988 2630 1165 2702 οὐσίᾳ,
1227 2630 1300 2692 ὡς
1357 2629 1463 2684 ἀπὸ
1514 2627 1757 2703 κρείττο-

129 2738 225 2788 νος,
273 2719 453 2793 ὥσπερ
504 2718 611 2773 ἀπὸ
665 2739 855 2793 γινους
897 2718 1228 2791 τιμιωτέρου
1279 2719 1341 2772 τὸ
1399 2723 1503 2772 πᾶν
1554 2714 1758 2787 δηλού-

127 2827 311 2876 μενος·
368 2808 445 2867 ὡς
499 2810 725 2880 Τεῦκρε,
786 2806 920 2883 φίλη
990 2805 1223 2882 κεφαλή.
1286 2806 1387 2861 Καὶ
1452 2810 1613 2861 τοῦτο
1668 2804 1758 2859 οῦν

127 2895 386 2967 ἁρμόττει,
435 2901 517 2967 τῷ
567 2895 811 2971 ἆνεργείᾳ
856 2899 934 2966 νῷ
986 2899 1081 2950 τοῦ
1122 2896 1432 2970 ἀνθρώπου.
1486 2896 1761 2969 Ἐνὲργεια

115 2985 202 3058 γὰρ
233 2984 327 3053 ὣν,
371 2990 537 3039 νοεῖ⁸
596 2984 623 3038 6
671 2982 727 3039 δὶ
777 2985 1021 3060 θύραθεν,
1070 2984 1286 3039 αὐτόθεν
1337 2983 1579 3060 ἐνέργειά
1625 2982 1757 3055 ἐστι,

117 3074 277 3127 καὶτὸ
300 3072 489 3148 τρίτον
540 3070 598 3127 δὲ
639 3068 864 3148 ἁρμόζει
916 3072 1085 3145 αὐτῷ,
1136 3071 1217 3127 ὅτι
1268 3074 1296 3127 6
1334 3078 1457 3135 νοῦς
1491 3072 1571 3127 ἀεὶ
1618 3077 1752 3140 νοεῖ,

114 3161 212 3237 οὐχ
234 3162 307 3224 ὡς
337 3145 372 3217 ’ὁ
404 3145 692 3225 Ηλωτῖνος
715 3145 911 3233 δέεται,
961 3163 1043 3216 ὅτι
1096 3162 1175 3216 ἀεὶ
1226 3158 1515 3225 διαπαντὸς
1545 3162 1573 3215 6
1608 3160 1769 3224 αὐτὸς
1798 3145 1840 3212 C

114 3255 231 3305 νοεῖ.
266 3252 345 3307 06
377 3252 486 3326 γὰρ
529 3252 621 3306 τὸν
676 3248 766 3305 ἕνα
822 3254 933 3305 τῶν
991 3252 1236 3327 ἀριθμῶν
1288 3255 1409 3305 νοῦν
1461 3250 1760 3325 λεγόμενον

111 3336 182 3391 ἀεὶ
215 3344 324 3393 νοεῖ
356 3358 368 3371 ⁸
407 3338 541 3395 ἀλλ’
584 3335 666 3393 ὅτι
709 3340 737 3394 6
780 3337 832 3394 ἐν
891 3336 1008 3411 ὅλῳ
1056 3343 1134 3410 τῷ
1180 3338 1373 3411 κόσμῳ
1422 3339 1765 3413 ἀνθρωπικὸς

115 3430 227 3490 νοῦς
251 3426 328 3482 ἀεὶ
360 3434 503 3485 νοεῖ.
554 3427 658 3483 Κᾶν
710 3430 810 3503 γὰρ
856 3427 962 3504 ἇγὼ
1011 3430 1085 3501 μὴ
1118 3432 1252 3495 νοῶ,
1303 3426 1427 3483 ἀλλ’
1468 3428 1558 3482 οὖν
1592 3424 1763 3490 ἄλλος

114 3520 219 3569 νοεῖ
244 3517 329 3571 καὶ
362 3521 435 3591 τῇ
472 3514 711 3593 διαδοχῇ
760 3517 961 3592 γίνεται
1003 3518 1066 3572 τὸ
1122 3516 1203 3572 ἀεί
1239 3536 1251 3547 ⁸
1280 3514 1372 3571 ’ίνα
1397 3518 1471 3589 μή
1506 3516 1762 3592 ἐπιλείψῃ

114 3604 144 3669 ἡ
175 3601 451 3679 man
486 3605 623 3681 πρὸς
649 3607 799 3677 ἡμᾶς
847 3607 881 3674 ἡ
934 3610 1031 3660 τοῦ
1075 3611 1229 3674 Θεοῦ,
1262 3604 1296 3674 η’
1330 3606 1408 3660 ἀεὶ
1439 3611 1580 3660 νοεῖν
1616 3605 1765 3681 λέγει

111 3710 207 3759 ται,
265 3692 464 3763 ἐπειδὴ
528 3694 609 3749 ἀεὶ
671 3692 891 3749 δύναται
965 3700 1130 3751 νοεῖν.
1191 3695 1254 3751 Ὀ
1312 3695 1413 3769 γὰρ
1473 3693 1615 3769 ἔχων
1674 3696 1765 3749 τὸν

109 3786 238 3852 νοῦν,
294 3782 351 3838 ἐν
414 3781 721 3855 οἱᾳδήποτε
787 3782 902 3859 ὥρᾳ
959 3782 1239 3859 βούλεται,
1294 3789 1428 3852 νοεῖ,
1475 3782 1655 3859 ὥσπερ
1684 3787 1764 3855 τῷ

108 3868 423 3945 ἀνθρωπίνῳ
470 3878 550 3945 νῷ
613 3877 773 3927 τοῦτο
835 3872 1089 3947 ὑπάρχει.
1140 3874 1201 3929 Ὀ
1239 3872 1339 3947 γὰρ
1382 3872 1602 3946 θύραθεν
1642 3876 1766 3932 νοῦς

110 3960 229 4021 6d;
258 3964 401 4017 κατὰ
459 3961 721 4038 ἀριθμὸν,
770 3962 941 4015 πάντα
988 3966 1122 4018 νοεῖ.
1178 3960 1357 4017 Ἀλλὰ
1387 3966 1551 4015 ταῦτα
1582 3962 1678 4034 μὶν
1715 3960 1767 4015 ἐν

108 4048 334 4111 τοῦτοις.
368 4054 503 4107 Ὀτι
550 4051 603 4105 ἐν
655 4056 737 4122 τῷ
786 4050 859 4104 ἑνὶ
912 4052 1005 4123 μὶν
1055 4050 1346 4126 ἀνθρώπῳ,
1398 4050 1551 4127 φύσει
1582 4051 1644 4105 τὸ
1682 4049 1767 4105 δυ-

106 4138 251 4208 νάμει
274 4138 391 4194 ini
425 4138 698 4213 πρότερον
742 4143 842 4192 τοῦ
887 4137 1125 4213 ἆνεργείᾳ
1159 4159 1170 4171 ·
1224 4139 1325 4193 οὐκ
1357 4137 1409 4192 ἰν
1456 4143 1535 4209 τῷ
1562 4136 1678 4209 ὅλῳ
1712 4134 1769 4192 δὶ

104 4224 284 4298 κόσμῳ
318 4249 329 4258 ⁸
371 4227 427 4282 ἂν
459 4234 564 4303 γᾶρ
623 4231 703 4298 τῷ
758 4226 875 4299 ὅλῳ
922 4227 1134 4300 κόσμῳ,
1187 4226 1314 4304 φασί
1355 4247 1521 4294 τινες,
1554 4226 1614 4280 οὐ
1648 4223 1767 4281 δεύ-

100 4334 243 4388 τερον
274 4323 378 4372 τοῦ
420 4317 607 4372 ἄλλου
658 4313 782 4371 οὐδὶ
829 4316 1090 4391 πρότερον
1142 4314 1264 4370 οὔτε
1313 4316 1375 4370 τὸ
1415 4312 1635 4387 δυνάμει
1674 4319 1769 4369 τοῦ

102 4404 334 4479 ἐνεργείᾳ
372 4426 386 4439 ⁸
423 4404 556 4461 οὔτε
614 4406 676 4460 τὸ
732 4403 989 4481 ἐνεργείᾳ,
1048 4409 1146 4459 τοῦ
1194 4403 1438 4477 δυνάμει.
1492 4404 1554 4460 Et
1584 4405 1649 4478 γὰ
1687 4403 1769 4458 ἀΐ-

1868 501 1959 552 est
1986 498 2239 553 materiae
2302 515 2435 553 cum
2501 498 2777 570 patiente.
2840 499 3083 564 Quando
3157 498 3336 570 igitur
3363 516 3530 567 mens

1872 602 1985 640 non
2036 593 2129 641 est
2180 589 2447 659 ejusdem
2508 588 2770 643 materias
2799 603 2933 642 cum
2992 587 3335 659 materiatis,
3379 589 3527 645 nihil

1872 691 2109 731 necesse
2139 682 2247 742 est,
2284 683 2346 732 ut
2404 677 2663 748 patiatur
2691 694 2725 731 a
2771 675 3120 745 materiatis,
3154 693 3289 732 cum
3332 694 3400 732 ea
3426 695 3526 734 co-

1869 764 2100 834 gnoscit
2128 780 2139 820 :
2174 766 2294 836 agit
2325 766 2483 820 enim
2517 765 2706 836 cpifex
2738 765 2892 820 Deus
2924 781 3056 821 cum
3086 766 3255 821 nobis
3287 767 3527 823 benefa-

1870 852 1969 917 cit,
2005 853 2149 907 nihil
2202 859 2398 909 tamen
2450 872 2484 908 a
2545 854 2715 909 nobis
2767 854 3023 909 vicissim
3064 854 3305 926 patitur.
3338 856 3527 920 Quare

1870 941 1970 996 illa
2001 946 2224 996 tantum
2275 945 2511 1015 agentia
2562 942 2810 997 invicem
2859 943 3185 1013 patiuntur,
3227 960 3354 1015 qua
3386 950 3528 1002 sunt

1870 1032 2135 1100 ejusdem
2197 1034 2454 1087 materiae
2502 1049 2635 1087 cum
2697 1031 3071 1103 patientibus.
3127 1032 3308 1088 Menti
3348 1034 3527 1090 etiam

1871 1120 2173 1190 prOprium
2224 1126 2313 1176 est
2364 1126 2429 1176 ut
2479 1120 2816 1177 substantia
2866 1126 3040 1193 agat:
3102 1122 3296 1178 sciens
3346 1123 3528 1195 enim,

1873 1224 2059 1279 neque
2090 1209 2337 1265 scientia
2367 1214 2598 1264 tantum
2632 1216 2745 1277 est,
2779 1226 2968 1280 neque
2999 1212 3220 1279 anima,
3246 1212 3348 1267 sed
3379 1216 3527 1269 tem-

1872 1303 2277 1368 peramentum
2310 1315 2377 1353 ex
2416 1304 2668 1369 utroque
2694 1318 2708 1366 ;
2735 1315 2802 1354 ex
2832 1299 3031 1354 anima
3060 1301 3219 1354 enim
3254 1304 3311 1356 et
3333 1300 3529 1357 scien-

1869 1386 1949 1440 tia
1979 1385 2291 1454 coalescit;
2326 1391 2380 1442 et
2406 1387 2720 1458 respondet
2750 1387 3011 1442 materia)
3034 1387 3271 1459 quidem
3299 1388 3524 1459 anima,

1869 1476 2067 1529 formas
2098 1492 2230 1529 vero
2264 1475 2532 1530 scientia.
2567 1476 2635 1529 Et
2664 1475 2941 1546 quoniam
2975 1476 3033 1530 in
3066 1476 3226 1531 omni
3258 1494 3319 1533 re
3341 1478 3529 1536 forma

1870 1566 2059 1636 magis
2089 1570 2181 1619 est
2211 1564 2564 1629 substantia,
2620 1580 2798 1635 quam
2861 1564 3143 1633 materia;
3194 1564 3246 1621 si
3285 1567 3521 1638 quidem

1870 1654 2056 1707 forma
2116 1652 2303 1723 magis
2360 1656 2450 1708 est
2506 1652 2862 1723 substantia,
2914 1669 3088 1723 quam
3143 1653 3424 1712 materia:
3466 1658 3528 1727 et

1870 1758 2065 1797 rerum
2098 1742 2362 1797 omnium
2390 1742 2747 1813 principium
2780 1746 2959 1797 Deum
2992 1742 3175 1797 Grmci
3207 1743 3528 1814 praedicant

1869 1835 1927 1886 et
1958 1832 2290 1899 materiam,
2308 1832 2488 1888 Deum
2513 1836 2795 1902 tanquam
2821 1831 3071 1887 formam
3096 1835 3484 1902 agnoscentes
3509 1850 3524 1890 :

1869 1919 2056 1975 Deum
2109 1936 2247 1991 ergo
2308 1920 2497 1991 magis
2553 1936 2683 1976 esse
2757 1920 3155 1976 substantiam
3215 1937 3393 1993 quam
3448 1922 3530 1978 sit

1872 2008 2141 2079 materia,
2176 2008 2381 2065 dicunt
2411 2014 2470 2065 et
2519 2010 2682 2081 ipsas
2730 2010 3098 2065 substantias
3156 2010 3341 2065 Deum
3375 2026 3529 2079 esse,

1871 2098 1921 2153 si
1953 2098 2189 2170 quidem
2223 2098 2387 2154 nulla
2419 2099 2669 2154 materia
2699 2099 2761 2153 in
2822 2098 2999 2155 rebus
3029 2102 3121 2154 est
3149 2098 3277 2155 sine
3319 2099 3529 2156 forma.

1871 2187 2034 2251 Quod
2067 2187 2283 2257 dogma
2313 2191 2378 2242 ut
2409 2187 2660 2259 impium
2692 2187 3092 2258 respuendum
3122 2191 3229 2243 est.
3263 2187 3531 2245 Essentia

1868 2275 2050 2348 igitur
2079 2275 2322 2332 scientia
2351 2281 2442 2332 est
2466 2276 2733 2332 scientia.
2768 2276 2836 2331 Et
2894 2275 2944 2334 si
2975 2276 3168 2333 sciens
3199 2277 3525 2333 secundum

1870 2364 2172 2421 scientiam
2202 2370 2501 2437 operatur,
2535 2372 2835 2421 ostensum
2856 2368 2947 2421 est
2975 2379 3102 2421 eam
3135 2366 3376 2421 scientia
3396 2381 3526 2425 esse

1870 2452 2208 2509 essentiam.
2244 2453 2462 2508 Idcirco
2495 2452 2679 2525 igitur
2724 2453 2982 2508 essentia
3026 2453 3254 2525 operari
3285 2452 3521 2523 dicitur,

1870 2542 2010 2614 quia
2042 2540 2284 2597 scientia
2332 2541 2593 2596 essentia
2640 2545 2730 2598 est
2778 2540 3059 2610 scientia;
3093 2557 3209 2597 non
3248 2542 3407 2598 enim
3436 2558 3525 2599 se-

1870 2631 2124 2686 cundum
2158 2646 2433 2702 magnam
2466 2635 2523 2685 et
2539 2629 2825 2687 excelsam
2850 2630 3013 2687 illam
3038 2631 3521 2703 propositionem,

1872 2724 2151 2790 tanquam
2178 2718 2238 2774 in
2270 2720 2410 2786 Deo,
2442 2719 2631 2790 ipsam
2679 2721 3076 2776 substantiam
3106 2725 3237 2777 actu
3271 2736 3434 2778 esse:
3462 2721 3522 2777 in

1872 2807 2087 2863 animis
2144 2808 2299 2863 enim
2355 2813 2413 2863 et
2471 2808 2715 2864 secretis
2774 2825 2808 2863 a
2855 2810 3107 2865 materia
3149 2808 3525 2876 substantiis,

1873 2900 2079 2966 praeter
2127 2896 2378 2967 primam
2430 2902 2759 2966 causam,et
2803 2897 3063 2953 essentia
3113 2902 3227 2969 est,
3256 2902 3315 2954 et
3365 2902 3527 2970 pote-

1872 2990 2015 3051 stas,
2049 2989 2106 3040 et
2157 2985 2328 3040 actio.
2386 2984 2656 3041 Essentia
2704 3002 2842 3058 ergo
2888 3002 3059 3057 agere
3116 2986 3352 3054 dicitur,
3387 2986 3526 3059 quia

1871 3073 2137 3141 scientia,
2170 3073 2340 3144 quasi
2373 3073 2631 3129 essentia
2678 3074 2899 3130 dicitur
2941 3075 3174 3130 animis.
3224 3078 3271 3130 A
3302 3075 3527 3147 potiore

1874 3162 2057 3233 igitur
2086 3166 2248 3233 parte
2292 3166 2548 3217 mentem
2599 3162 2956 3234 appellavit:
3006 3164 3144 3235 quia
3200 3164 3358 3220 enim
3390 3168 3524 3229 actu

1875 3252 1995 3307 sive
2024 3251 2283 3306 efficacia
2338 3256 2615 3323 operatur
2673 3268 2863 3319 mens,
2894 3256 2953 3307 et
3009 3268 3144 3307 cum
3206 3252 3286 3307 sit
3332 3257 3522 3323 actus,

1874 3345 2170 3412 operatur,
2203 3344 2439 3412 prastat
2468 3345 2665 3397 autem
2696 3340 2756 3395 in
2802 3341 3081 3397 omnibus
3110 3341 3261 3397 actio
3295 3347 3353 3399 et
3380 3342 3523 3398 sub-

1873 3431 2127 3497 stantia;
2162 3446 2290 3486 eam
2324 3431 2397 3486 ob
2430 3446 2575 3496 rem,
2616 3446 2749 3486 cum
2800 3429 3131 3501 signiﬁcem
3161 3429 3355 3498 vellet,
3387 3434 3521 3488 actu

1874 3523 2129 3575 mentem
2162 3534 2353 3591 agere,
2378 3518 2525 3574 dixit
2555 3518 2835 3589 essentia,
2868 3536 2901 3575 a
2933 3518 3144 3591 potiori
3175 3524 3456 3592 tanquam
3489 3534 3523 3576 a

1873 3624 2082 3681 genere
2133 3607 2534 3679 prmstantiore
2582 3612 2771 3663 totum
2821 3608 3163 3681 designans,
3205 3613 3272 3665 ut
3327 3610 3523 3666 Teucer

1872 3696 2100 3752 charum
2129 3702 2318 3768 caput.
2352 3696 2471 3751 Hoc
2509 3696 2689 3768 igitur
2716 3696 2986 3752 convenit
3014 3697 3197 3753 menti
3224 3696 3520 3765 humanm,

1875 3802 2001 3857 quae
2032 3790 2200 3841 actus
2230 3790 2337 3841 est.
2384 3786 2530 3841 Cum
2580 3785 2736 3841 enim
2769 3790 2936 3842 actus
2968 3786 3065 3856 sit,
3116 3785 3431 3858 intelligit;
3464 3792 3526 3843 at

1875 3890 2002 3946 quas
2036 3874 2197 3943 foris,
2231 3874 2363 3929 inde
2394 3878 2559 3930 actus
2591 3878 2700 3942 est,
2731 3878 2789 3930 et
2817 3875 3057 3930 tertium
3090 3874 3203 3945 ipsi
3236 3876 3529 3945 convenit,

1876 3963 2016 4035 quia
2045 3980 2212 4019 mens
2244 3979 2479 4035 semper
2508 3963 2809 4034 intelligit,
2845 3980 2961 4019 non
2994 3967 3058 4019 ut
3090 3964 3354 4020 Plotinus
3382 3965 3535 4021 arbi-

1874 4057 2084 4118 tratur,
2119 4052 2256 4123 quia
2287 4068 2540 4124 semper,
2575 4052 2635 4107 in
2681 4052 2981 4120 omnibus,
3012 4051 3374 4110 omnimodis
3404 4054 3533 4126 ipsa

1879 4141 2173 4213 intelligit.
2207 4141 2333 4196 Non
2364 4143 2522 4197 enim
2554 4158 2741 4197 unum
2773 4157 3178 4209 numerorum,
3233 4143 3335 4213 qui
3365 4159 3534 4200 mens

1878 4230 2117 4299 dicitur,
2144 4246 2377 4301 semper
2407 4229 2620 4300 cogitat
2647 4247 2659 4285 :
2692 4230 2794 4285 sed
2827 4230 2967 4300 quia
2996 4229 3277 4298 humana,
3310 4247 3436 4301 quae
3471 4230 3531 4285 in

1879 4318 2151 4373 universo
2184 4319 2406 4373 mundo
2438 4324 2529 4374 est
2576 4334 2765 4387 mens,
2811 4334 3041 4389 semper
3081 4317 3373 4389 intelligit.
3407 4318 3534 4374 Etsi

1879 4407 2036 4463 enim
2071 4422 2172 4477 ego
2204 4423 2319 4462 non
2368 4407 2579 4479 cogito,
2613 4406 2765 4462 alius
2814 4410 3011 4462 tamen
3043 4406 3281 4477 cogitat,
3314 4411 3370 4462 et
3400 4422 3535 4463 suc-

100 4488 204 4553 διος
259 4495 288 4548 6
346 4496 570 4567 κόσμος
616 4494 751 4549 κατᾶ
795 4495 890 4549 τὸν
936 4494 1342 4567 Ἀριστοτέλην,
1398 4490 1550 4548 οὐδὲν
1590 4490 1758 4570 ἕτεροι

1880 4496 2143 4552 cessione
2175 4512 2241 4551 ac
2262 4495 2492 4552 vicibus
2515 4496 2580 4550 fit
2600 4494 2874 4567 cogitatio
2897 4494 3289 4551 intellectione
3317 4496 3533 4567 sempi-

100 4581 323 4655 θατέρου
376 4584 683 4658 πρότερον,
743 4582 868 4638 ἀλλ’
923 4583 1211 4659 ὁμόχρονά
1267 4585 1430 4638 ἐστιν.
1488 4584 1616 4640 ’Ὁτι
1674 4586 1766 4656 μὲν

93 4690 171 4724 τοι
203 4676 481 4748 χωρισθῇ
514 4674 543 4727 6
600 4677 727 4735 νοῦς
781 4694 869 4727 και
918 4672 1137 4747 γένηται
1171 4672 1287 4727 κατ’
1317 4670 1608 4748 ἐνέργειαν,
1650 4672 1771 4727 τότε

92 4761 292 4832 γίνεται
339 4765 491 4837 ὅπερ
544 4762 678 4829 ἐστὶ,
730 4763 975 4817 τούτὲστι
1016 4761 1219 4833 κυρίως
1272 4767 1422 4824 νοῦς.
1457 4762 1554 4817 Καὶ
1610 4767 1771 4817 τοῦτο

96 4851 278 4921 μόνον,
315 4849 600 4906 ἀδύνατον
651 4854 725 4924 (8)
776 4849 865 4904 καὶ
926 4847 1120 4906 ἀΐδιον.
1167 4853 1228 4907 'H
1281 4849 1337 4905 δὲ
1385 4848 1586 4928 ἄλογος
1617 4852 1770 4927 ψυχὴ

92 4940 175 4991 καὶ
208 4942 243 5008 ἠ
276 4942 500 5019 φυτική
540 4938 801 5003 ἀθάνατος
851 4940 967 5011 μὲν,
1012 4938 1110 4993 οὐκ
1161 4937 1339 5001 ἀΐδιος
1374 4937 1449 4995 δέ.
1486 4940 1773 5001 Ἀθάνατος

94 5024 131 5080 δ’
163 5027 226 5082 ἂν
261 5028 506 5105 λέγεται
540 5027 636 5083 κᾶν
697 5029 906 5106 φθαρτή
956 5028 1043 5081 καὶ
1093 5028 1191 5083 οὐκ
1258 5026 1433 5092 ἀΐδιος
1477 5028 1773 5098 δοξάζεται,

95 5116 280 5187 ἐπειδὴ
318 5120 387 5173 οὐ
424 5119 573 5171 καθὸ
601 5119 753 5191 ψυχὴ
804 5117 1098 5194 φθείρεται,
1133 5116 1273 5172 ἀλλὰ
1314 5120 1445 5181 καθὸ
1480 5118 1531 5172 ἐν
1565 5119 1777 5191 σώματι

92 5202 221 5264 ἔπι.
257 5210 361 5262 ⁴¹διὸ
415 5207 521 5261 καὶ
562 5206 789 5260 Πλάτων
846 5205 1014 5279 λέγει,
1068 5211 1234 5260 πᾶσαν
1277 5210 1459 5281 ψυχήν
1492 5207 1776 5274 ἀθάνατον,

89 5301 247 5351 τοῦτο
312 5297 515 5372 λέγων
565 5296 654 5349 καὶ
702 5295 785 5349 ἐπὶ
830 5303 1060 5364 φυτικῆς
1101 5295 1190 5349 καὶ
1240 5295 1326 5349 ἐπὶ
1374 5294 1598 5371 ἀλόγου.
1630 5301 1690 5350 Ἡ
1724 5293 1780 5349 δὲ

91 5380 189 5455 ὅλη
222 5387 290 5440 τὸ
325 5383 639 5452 ἀνάπαλιν,
697 5381 877 5447 ἀίδιος
937 5384 1055 5456 μὲν,
1116 5383 1215 5438 οὐκ
1260 5386 1516 5447 ἀθάνατος
1565 5384 1621 5438 δὲ
1648 5403 1658 5415 ⁸
1696 5382 1780 5439 διὸ

151 5584 264 5660 (8⁸)
295 5584 471 5658 Lego
509 5578 797 5635 ἀθάνατον.

438 5712 713 5771 Panos.
762 5711 875 5770 Gs.
923 5707 1154 5770 CXXII.

1880 4590 2067 4651 terna,
2102 4600 2172 4639 ne
2208 4585 2303 4640 Dei
2329 4587 2483 4657 apud
2518 4602 2625 4641 nos
2657 4584 2936 4657 splendor
2965 4584 3222 4654 deﬁciat,
3253 4584 3355 4655 qui
3388 4601 3539 4643 sem-

1879 4692 1982 4747 per
2011 4673 2338 4746 intelligere
2369 4674 2606 4745 dicitnr,
2640 4673 2781 4745 quia
2811 4689 3047 4745 semper
3074 4671 3405 4746 intelligere
3429 4690 3531 4746 po-

1880 4768 2032 4819 test:
2068 4763 2167 4835 qui
2199 4763 2358 4819 enim
2404 4771 2596 4819 mente
2626 4779 2729 4819 seu
2764 4761 3063 4819 intellectu
3116 4762 3395 4834 praeditus
3424 4767 3535 4831 est,

1881 4852 2141 4925 qualibet
2168 4854 2311 4908 hora
2342 4852 2639 4923 intelligit.
2672 4852 2792 4908 Hoc
2822 4852 3029 4924 itaque;
3051 4852 3325 4908 humanm
3357 4852 3542 4909 menti

1886 4944 2076 4997 inest:
2112 4957 2280 4997 mens
2312 4941 2471 4997 enim
2506 4958 2633 5011 quin
2682 4940 2845 5011 foris,
2897 4956 3144 4996 numero
3178 4958 3293 4995 una
3331 4944 3388 4997 et
3417 4940 3543 4996 sin-

1886 5030 2108 5102 gularis
2141 5030 2339 5084 omnia
2372 5029 2668 5101 intelligit.
2708 5030 2818 5086 Sed
2877 5029 2949 5085 de
2995 5029 3087 5085 bis
3137 5029 3445 5086 hactenus.
3480 5035 3542 5085 In

1890 5136 2005 5174 uno
2038 5119 2296 5187 homine,
2331 5123 2615 5189 potestate
2673 5122 2905 5185 natura,
2941 5119 3104 5190 prius
3150 5125 3241 5173 est
3296 5124 3452 5181 actu,
3487 5123 3548 5171 at

1892 5226 2007 5262 non
2043 5208 2100 5261 in
2136 5212 2253 5262 toto
2280 5209 2537 5263 mundo:
2567 5224 2698 5262 nam
2730 5210 2787 5263 in
2815 5213 2936 5264 toto
2962 5208 3280 5269 mundo,ut
3300 5205 3543 5276 quidam

1892 5298 2079 5363 aiunt,
2116 5313 2229 5351 non
2261 5303 2350 5352 est
2378 5298 2673 5368 posterius
2730 5296 2844 5351 alio
2875 5312 3065 5367 neque
3119 5294 3322 5366 prius;
3358 5310 3549 5366 neque

1892 5387 2045 5457 quod
2100 5391 2190 5440 est
2244 5391 2549 5457 potestate,
2595 5402 2660 5442 eo
2720 5386 2872 5456 quod
2930 5388 3099 5451 actu;
3156 5400 3346 5455 neque
3394 5385 3548 5455 quod

3149 5709 3226 5767 34

3892 504 3895 511 ι

3894 518 3899 545 t

3898 2578 3907 2587 .

3912 3162 3929 3171 κ

3880 3552 3891 3581 ζ

3882 4254 3889 4261 .

3886 4838 3889 4845 .

3892 5564 3907 5575 .-
