4054 6200
419 265 572 326 106⁸7
1759 253 2020 315 MICHM

2236 245 2488 310 PSELLI
3674 247 3837 308 1068

414 398 571 465 actu,
605 408 672 450 eo
714 391 871 464 quod
929 393 1019 447 est
1069 391 1381 463 potestate.
1422 387 1482 444 Si
1539 387 1724 456 enim,
1754 390 1820 444 ut
1876 401 2012 442 sena

2252 381 2378 442 νοῦς
2413 375 2589 443 ἀὶδιος
2636 378 2870 453 λὲγεται,
2916 377 2992 440 ὡς
3038 378 3129 433 καὶ
3178 375 3354 442 ἀΐδιος
3396 378 3486 433 καὶ
3532 378 3833 465 ἀθάνατος.

418 464 784 546 Aristoteles,
818 480 1079 536 mundus
1126 483 1215 534 est
1262 482 1534 546 aiternus,
1585 475 1784 531 nullus
1833 480 1922 530 est
1952 474 2019 530 ali

2232 476 2291 526 ἔτι
2351 468 2483 546 φησί
2530 466 2799 547 διαφέρειν
2854 469 3141 546 φαντασίαν
3193 469 3496 538 αἰσθήσεως
3547 466 3636 522 καὶ
3707 464 3833 520 δια-

419 574 607 647 prius,
640 573 743 627 sed
775 570 1040 641 ejusdem
1062 567 1344 638 temporis
1366 571 1505 621 sunt
1534 566 1752 620 omnia.
1779 564 1920 619 Cum
1955 564 2020 635 ig“

2244 558 2344 628 ίας,
2393 558 2526 622 καθὸ
2591 560 2626 627 ἡ
2686 558 2780 629 μὲν
2830 555 2966 629 μίση
3018 556 3224 611 τούτων
3289 556 3425 625 ἐστὶ,
3467 555 3532 609 τὰ
3580 553 3638 608 δὲ
3701 556 3835 626 παρ’

416 643 518 718 tur
546 664 817 733 separata
850 673 1013 714 mens
1034 665 1086 712 et
1110 656 1433 711 secundum
1466 661 1659 710 actum
1693 653 1866 709 fuerit
1894 656 2017 707 :tur

2224 645 2398 722 ιάτερα
2433 663 2448 677 ·
2496 643 2722 722 ἄρχεται
2777 646 2871 718 μὲν
2929 647 3030 719 γὰρ
3083 647 3116 715 ἡ
3175 643 3440 723 φαντασία
3469 643 3577 698 ἀπὸ
3605 650 3704 710 τῆς
3738 643 3825 696 αἶ’-

418 752 485 807 fit
513 751 570 805 id
605 731 761 822 quod
792 752 917 814 est;
951 746 1059 801 hoc
1102 749 1191 800 est
1220 743 1458 817 propria
1503 759 1710 798 mens:
1761 742 1936 813 idque
1967 757 2019 796 sc

2228 738 2415 806 M6th
2447 754 2460 767 '
2494 735 2671 811 ἀρχὰς
2730 735 2835 809 γὰρ
2883 737 2916 803 ἠ
2967 731 3213 804 αἶ’τοησις
3264 731 3455 787 δίδωσι
3501 735 3570 806 τῇ
3633 753 3829 810 φαντα-

417 841 541 897 lum
573 819 639 895 et
659 829 990 893 immortale
1020 839 1076 890 et
1105 838 1387 889 aeternum
1439 837 1543 888 est.
1580 834 1649 886 At
1679 831 1878 886 anima
1925 832 2018 885 bI‘l'

2230 845 2262 895 ᾳ
2295 842 2308 856 ⁸
2341 822 2515 893 ἐκείνη
2550 821 2607 878 δὲ
2634 827 2702 896 τῇ
2763 821 2974 893 διανοίᾳ
3019 821 3195 897 ἀρχὰς
3249 819 3489 877 δίδωσιν.
3521 823 3679 877 ’Ἄνευ
3727 820 3830 895 γὰρ

418 934 613 986 torum
670 931 727 982 et
781 925 1111 998 plantarum
1171 928 1451 994 perpetua
1506 921 1766 993 quidem,
1799 920 1903 975 sed
1949 936 2019 974 no

2231 911 2464 973 ιντασίας
2512 911 2572 965 οὐ
2632 908 2851 966 δύναται
2891 913 2925 979 ἡ
2966 908 3175 964 διάνοια
3223 909 3529 984 ἐνεργῆσαι.
3564 909 3668 964 Καὶ
3700 909 3832 962 ταύ-

419 1024 650 1076 aeterna.
688 995 1044 1072 Immortalis
1073 1030 1209 1069 vero
1240 1029 1343 1067 seu
1374 1015 1656 1083 perpetua
1686 1010 1921 1076 dicitur,
1954 1015 2020 1064 et:

2228 998 2512 1076 ιδιαφίρει
2567 998 2829 1078 φαντασία
2876 1000 3178 1068 αἰσθήσεως
3236 998 3324 1052 καὶ
3383 995 3641 1060 διανοίας.
3690 998 3829 1070 Πρὸς

421 1105 818 1179 corruptibilis
866 1109 924 1160 st
977 1119 1093 1158 non
1151 1106 1369 1157 aeterna
1425 1105 1718 1166 censetur,
1775 1099 1917 1170 quia
1947 1115 2021 1153 no

2228 1089 2387 1152 ιύτοις
2419 1087 2566 1163 λέγει
2601 1086 2760 1160 δόξης
2789 1089 2880 1142 καὶ
2921 1088 3214 1165 φαντασίας
3247 1084 3512 1164 διαφοράς
3545 1105 3556 1117 ⁸
3594 1085 3676 1140 ὅτι
3710 1108 3829 1163 φαν-

420 1172 713 1269 quatenus
744 1192 943 1249 anima
971 1199 1058 1248 est
1088 1189 1505 1261 corrumpitur,
1540 1189 1639 1244 sed
1665 1192 1957 1260 quatenus
1976 1203 2021 1242 ei

2228 1179 2429 1245 ισθῆναι
2470 1177 2564 1249 μὶν
2610 1175 2700 1230 ὅτε
2727 1175 2816 1230 καὶ
2847 1173 3079 1247 Θέλομεν
3109 1172 3403 1247 δυνάμεθα.
3439 1175 3539 1231 Καὶ
3575 1175 3681 1248 γὰρ
3714 1175 3829 1245 τρί-

415 1261 784 1356 incorpore:
833 1297 1015 1354 quare
1062 1284 1118 1336 et
1164 1279 1326 1334 Plato
1376 1293 1609 1334 omnem
1663 1277 1922 1332 animam
1953 1276 2016 1329 in

2228 1286 2359 1340 ηχυν
2415 1265 2504 1320 καὶ
2560 1264 2932 1338 εἷκοσάπηχυν
2985 1261 3266 1337 ἄνθρωπον
3320 1263 3698 1340 φανταζόμεθα
3742 1262 3829 1316 καὶ

417 1351 723 1430 mortalem
755 1351 935 1427 dicit:
999 1369 1153 1442 quod
1213 1369 1285 1423 de
1339 1370 1641 1439 vegetante
1693 1370 1751 1420 et
1781 1365 2018 1420 sentienl

2227 1355 2449 1425 »νάμεθα
2478 1351 2886 1407 ἀναπλάσασθαι
2926 1353 3013 1406 καὶ
3060 1351 3406 1427 τραγέλαφον
3449 1351 3539 1406 καὶ
3569 1352 3828 1405 ἰπποκὲν-

417 1462 578 1518 dicit.
629 1462 674 1517 E
723 1461 970 1529 diverso,
1029 1458 1272 1512 materia
1314 1437 1528 1511 interna
1560 1459 1666 1524 est,
1719 1459 1777 1508 at
1807 1470 1922 1508 non
1954 1453 2018 1506 in

2228 1462 2371 1516 ιυρον
2395 1486 2405 1497 .
2432 1439 2647 1513 δοξάσαι
2668 1439 2725 1494 δὲ
2749 1440 2780 1494 ἃ
2812 1438 3065 1512 θὲλομεν,
3095 1439 3156 1494 οὗ
3189 1439 3406 1503 πάντως
3435 1437 3730 1512 δύναμεθα.
3755 1441 3829 1496 Τὸ

420 1551 685 1609 mortalis
712 1565 892 1621 quare
924 1525 1092 1604 mens
1119 1550 1335 1600 eterna
1365 1544 1600 1610 dicitur,
1635 1546 1699 1597 ut
1731 1547 1788 1597 et
1819 1542 2021 1595 immo:

2229 1533 2278 1606 ἰιρ
2312 1528 2392 1592 δὶς
2423 1527 2518 1585 δύο
2546 1528 2714 1584 εἰπεῖν
2763 1529 2856 1603 μὶν
2905 1526 3030 1583 δέκα
3079 1526 3373 1601 δυνάμεθα,
3415 1526 3630 1600 δοξάσαι
3679 1525 3740 1582 δὲ
3770 1528 3830 1582 οὗ

415 1641 638 1698 talitas.
666 1615 759 1694 Ait
790 1641 1066 1710 praeterea
1096 1653 1128 1690 a
1161 1650 1337 1691 sensu
1357 1637 1414 1689 et
1443 1629 1830 1702 intelligentia
1855 1631 2016 1686 discri

2226 1621 2467 1692 Νάμεθα,
2502 1619 2640 1674 ὥστε
2687 1621 2721 1688 ἠ
2776 1619 2870 1690 μὶν
2921 1617 3179 1695 φαντασία
3238 1617 3320 1691 ἐφ’
3351 1620 3510 1688 ἡμῖν,
3539 1619 3573 1686 ἡ
3612 1615 3668 1671 δὶ
3698 1615 3827 1686 δόξα

417 1745 557 1802 pare
587 1704 1135 1800 phantasiam,quia
1165 1723 1288 1778 hac
1319 1721 1623 1791 interjecta
1651 1723 1758 1789 est,
1794 1719 1905 1774 illa:
1927 1735 2018 1774 ver

459 1821 471 1834 ι
514 1816 528 1830 ο
726 1831 778 1834 --
814 1814 1033 1834 LL“.
1060 1828 1073 1834 -
1111 1829 1135 1834 _
1166 1825 1340 1834 --_-.-
1375 1808 1527 1834 με..
1559 1808 1876 1834 _.___._.-;_
1910 1808 2018 1834 __;_

2229 1711 2276 1762 ix
2304 1709 2384 1785 ἐφ’
2426 1711 2582 1780 ἡμῖν·
2643 1707 2709 1764 Εἴ
2761 1704 2818 1761 δὲ
2868 1704 2949 1762 δεῖ
3001 1705 3218 1776 ταληθῆ
3274 1707 3466 1770 εἰπεῖν,
3519 1704 3644 1760 οὐδὲ
3692 1727 3830 1782 φαν-

2229 1795 2326 1834 ιηικ
2357 1796 2435 1834 ιη’
2471 1798 2605 1834 ειηῆι.
2654 1795 2793 1834 ιρι-ην
2831 1815 2841 1826 ο
2878 1798 2912 1834 4.
2963 1796 3065 1834 wh
3097 1794 3148 1834 lu
3208 1800 3288 1834 ηπ.
3344 1791 3620 1834 smne-122m
3686 1815 3830 1834 ωυρ.-

413 1791 691 1888 utrinque
722 1831 784 1870 se
814 1791 1073 1869 habent:
1109 1829 1142 1866 a
1164 1825 1342 1867 sensu
1373 1808 1530 1864 enim
1559 1808 1878 1879 phantasia;
1910 1808 2014 1879 prii

2230 1795 2328 1852 ισία
2357 1796 2435 1873 ἐφ’
2471 1798 2605 1868 ἡμῖν
2654 1795 2793 1850 ἐστιν
2831 1815 2841 1826 °
2878 1798 2913 1865 ἡ
2963 1796 3065 1870 γὰρ
3097 1794 3148 1850 ἐν
3208 1800 3288 1867 τῷ
3344 1791 3620 1859 καθεύδειν
3686 1815 3831 1868 γινο-

416 1881 638 1978 cipium
669 1907 759 1959 est
789 1920 801 1958 :
836 1901 973 1956 huic
1024 1899 1184 1955 enim
1231 1914 1443 1954 sensus
1490 1897 1726 1952 initium
1775 1897 1896 1962 dat,
1929 1897 2017 1951 hui

2230 1884 2335 1952 ἱνη,
2369 1885 2472 1939 οὐκ
2501 1884 2580 1962 ίφ’
2609 1887 2765 1958 ἡμῖν.
2798 1883 2875 1942 Οὐ
2917 1885 3016 1960 γὰρ
3064 1883 3094 1938 ἃ
3149 1883 3379 1957 θᾶλομεν
3415 1883 3466 1938 ἂν
3490 1889 3605 1945 τοῖς
3637 1881 3831 1945 ὕπνοις

415 1970 551 2049 vero
572 1990 990 2062 intelligentia.
1025 1987 1173 2043 Nam
1206 1989 1334 2044 sine
1364 1985 1696 2058 phantasia,
1727 2003 1842 2041 non
1876 1988 2016 2056 pote:

2234 1973 2549 2045 ινταζόμεθα
2600 1994 2613 2008 ·
2663 1975 2751 2028 καὶ
2802 1973 2853 2028 τί
2904 1972 3047 2049 λέγω
3101 1972 3151 2027 ἐν
3199 1978 3278 2042 τῷ
3327 1970 3649 2040 καθεύδεινς
3703 1971 3835 2028 ἀλλ’

418 2058 958 2149 intellectus-agere
981 2101 995 2145 ;
1027 2076 1250 2146 hocque
1269 2079 1360 2131 est
1379 2075 1863 2147 pbuutasie,cum
1887 2090 2019 2129 sens

2234 2083 2298 2116 ιτε
2325 2068 2468 2116 πᾶσα
2517 2061 2569 2117 ἐν
2593 2066 2674 2133 τῷ
2720 2061 3092 2137 ἔγρηγορὰναι.
3153 2063 3282 2119 ’Ότι
3317 2063 3421 2136 γὰρ
3463 2061 3531 2115 τὰ
3579 2058 3707 2116 ὄντα
3758 2062 3835 2123 ὡς

421 2174 481 2227 et
497 2168 797 2226 intellectu
816 2147 1154 2222 discrimen.
1177 2164 1481 2234 Opinionis
1506 2168 1781 2236 praeterea
1804 2171 1855 2219 el.
1879 2164 2022 2236 phan

2239 2171 2302 2204 τα
2342 2150 2739 2228 φανταζόμεθα,
2797 2152 2860 2205 οὐ
2921 2148 3212 2223 δυνάμεθα,
3273 2150 3322 2204 εἷ
3381 2152 3456 2222 μή
3511 2150 3586 2214 ὡς
3615 2147 3835 2225 ἔχουσι,

421 2258 587 2316 tasiaa
622 2254 1011 2313 diﬂerentiam
1044 2253 1334 2327 proponit,
1368 2235 1855 2325 quiaiinformare
1897 2253 2022 2308 nobi

2239 2239 2528 2308 ιντάζεσθαι
2587 2239 2740 2294 αὐτά.
2804 2241 2934 2296 Οἷον
3009 2239 3070 2292 τὸ
3153 2238 3447 2314 Σωκράτην
3505 2235 3560 2292 εἴ
3612 2244 3840 2312 προθῶ-

420 2363 555 2404 cum
587 2345 730 2402 libet
756 2351 814 2402 et
844 2324 1509 2417 quodlibet—possumus.
1558 2341 1760 2397 Trium
1792 2342 1948 2397 enim
1979 2359 2021 2397 Vl

2234 2347 2274 2381 ιιι
2305 2331 2383 2399 (9)
2425 2327 2802 2404 φαντάζεσθαι,
2863 2325 2923 2381 οὒ
2983 2324 3255 2398 δυνάμεθα
3314 2327 3471 2382 αὐτὸν
3521 2335 3835 2404 φαντασθῆ-

415 2434 626 2507 viginti
683 2414 992 2489 cubituum
1054 2431 1349 2488 hominem
1397 2431 1652 2502 cogitare
1737 2434 1794 2486 et
1851 2432 2016 2502 ﬁnge!

2238 2438 2260 2470 ηι
2292 2417 2502 2470 ἀστεῖον
2533 2417 2622 2471 καὶ
2676 2415 2867 2471 λευκὸν
2935 2416 3023 2469 καὶ
3077 2419 3358 2487 κομῶντα,
3413 2414 3558 2471 ἀλλὰ
3614 2418 3839 2477 πάντως

416 2502 739 2597 possumus
757 2540 770 2588 ;
789 2527 913 2578 tum
927 2525 984 2577 et
996 2520 1406 2594 tragelaphum
1423 2525 1481 2575 et
1503 2521 2017 2592 hippocentaurum

2236 2502 2454 2579 ιλακρὸν
2504 2505 2593 2560 καὶ
2638 2503 2845 2577 μέλανα
2892 2504 2980 2558 καὶ
3025 2505 3390 2579 προγάστορα,
3425 2502 3565 2559 ὥστε
3605 2506 3640 2573 ἡ
3683 2506 3837 2580 dispi-

417 2589 478 2670 at
501 2611 727 2683 Opinari
758 2627 886 2683 quae
936 2589 1122 2675 libet:
1151 2589 1322 2681 plane
1369 2625 1485 2664 non
1535 2589 1872 2679 possumus.
1920 2608 2018 2665 Nai

1298 2626 1322 2664 β
1369 2625 1485 2664 non
1535 2589 1872 2679 possumus.
1920 2608 2065 2665 Nam
2177 2589 2281 2662 θὴς
2315 2591 2546 2667 διαφορὰ
2577 2593 2712 2663 αὕτη
2736 2591 2899 2648 ἐστίν.

416 2701 510 2758 bis
542 2701 680 2770 duo,
711 2701 910 2756 decem
943 2699 1133 2754 dicere
1165 2714 1484 2770 possumus
1511 2715 1524 2753 :
1558 2697 1896 2754 existimare
1927 2705 2119 2755 autem
2155 2718 2271 2757 non
2305 2718 2645 2774 possumus,
2677 2707 2740 2756 ut
2787 2702 2845 2756 in
2879 2705 3078 2756 nostra
3127 2705 3412 2772 potestate
3457 2702 3536 2755 sit
3568 2701 3832 2771 phanta-

418 2791 530 2856 sia,
563 2805 678 2846 non
710 2789 845 2844 item
878 2787 1216 2859 opinio.Sed
1248 2786 1297 2842 si
1327 2802 1531 2843 verum
1552 2803 1843 2854 amamus,
1870 2803 2058 2859 neque
2080 2792 2265 2846 nostri
2295 2795 2385 2847 est
2407 2790 2633 2847 arbitrii
2655 2790 3005 2863 phantasia:
3040 2807 3176 2846 nam
3201 2807 3330 2861 quae
3352 2791 3522 2845 nobis
3544 2791 3836 2845 eveniunt

421 2877 873 2941 dormientibus,
907 2893 1022 2932 non
1074 2880 1163 2931 est
1193 2878 1404 2932 nostra
1452 2876 1719 2947 spontis;
1756 2893 1868 2932 non
1920 2877 2074 2933 enim
2106 2896 2230 2949 quis
2285 2880 2560 2936 volumus
2591 2897 2657 2936 ea
2702 2879 2761 2935 in
2797 2879 3024 2935 somnis
3077 2879 3506 2950 imaginamur:
3541 2879 3686 2950 quid
3717 2896 3827 2934 au-

417 2971 540 3025 tem
571 2967 630 3022 in
663 2965 938 3023 somnis?
963 2966 1064 3021 sed
1094 2981 1279 3036 neque
1308 2963 1690 3037 vigilantibus
1739 2965 1933 3035 nobis,
1967 2968 2160 3024 omnis
2207 2974 2296 3025 est
2321 2969 2382 3024 in
2416 2975 2618 3025 nostra
2663 2973 2948 3040 potestate
3000 2967 3348 3040 phantasia:
3385 2984 3517 3022 cum
3548 2968 3707 3022 enim
3741 2984 3825 3034 ea,

423 3072 556 3130 quas
585 3060 743 3124 sunt,
777 3058 841 3110 ut
871 3070 1001 3126 qua
1035 3057 1178 3110 sunt
1207 3054 1558 3124 cogitamus,
1593 3070 1710 3108 non
1745 3070 2084 3125 possumus,
2117 3056 2231 3112 nisi
2261 3063 2326 3112 ut
2355 3063 2495 3114 sunt
2524 3074 2590 3113 ea
2621 3058 2899 3130 cogitare.
2935 3055 3005 3113 Ut
3035 3056 3082 3112 si
3117 3057 3286 3112 nobis
3316 3060 3612 3111 Socratem
3648 3057 3832 3111 infor-

423 3160 681 3210 memus,
715 3143 999 3216 lepidum,
1029 3143 1227 3198 album
1261 3147 1319 3198 et
1348 3141 1712 3197 comatulum
1743 3143 1915 3198 nobis
1948 3144 2143 3216 ipsum
2179 3146 2495 3202 informare
2525 3163 2641 3202 non
2702 3163 3043 3218 possumus,
3075 3146 3176 3200 sed
3225 3144 3477 3210 calvum,
3513 3146 3747 3215 nigrum
3781 3150 3838 3199 et

423 3235 603 3292 obeso
632 3236 852 3301 ventre,
888 3232 1041 3304 quod
1075 3236 1415 3288 accuratum
1449 3229 1768 3287 discrimen
1800 3235 1912 3287 est.

493 3327 638 3378 Cum
670 3322 728 3377 id
785 3337 980 3392 omne,
1040 3320 1251 3393 inquit,
1303 3321 1460 3392 quod
1520 3324 1803 3388 movetur,
1838 3321 1895 3375 in
1945 3321 2066 3378 loco

2251 3323 2374 3380 ’Ότι
2405 3344 2521 3384 πως
2551 3322 2704 3396 φησὶ,
2756 3320 2929 3397 λέγων
2977 3317 3385 3396 Ἀριστοτέλης,
3429 3324 3532 3374 πᾶν
3560 3320 3622 3374 τὸ
3653 3319 3833 3374 κινού-

420 3428 572 3483 esse,
604 3411 859 3467 afﬁrmat
887 3409 1249 3475 Aristoteles,
1277 3408 1488 3465 coelum
1516 3408 1903 3464 inerrantium
1929 3411 2021 3465 stei

2232 3433 2340 3466 ινον
2374 3411 2425 3466 ἐν
2455 3413 2608 3484 τόπῳ
2638 3412 2731 3484 μὶν
2791 3411 2949 3482 εἶναι,
3008 3410 3167 3471 αὐτὸς
3226 3410 3324 3478 τὴν
3384 3406 3624 3477 ἀπλανῆ,
3657 3429 3833 3464 κινου-

419 3501 612 3558 larum
645 3498 863 3556 moveri
913 3499 1167 3566 fatetur;
1217 3501 1278 3554 at
1308 3497 1368 3552 in
1419 3497 1546 3554 loco
1577 3513 1705 3554 esse
1754 3502 1947 3570 negat,
1979 3515 2020 3552 νε

2232 3500 2350 3569 ἑνην
2384 3501 2478 3573 μὲν
2513 3498 2800 3574 ὁμολογεῖ,
2836 3494 2887 3552 ἔν
2938 3499 3091 3571 τόπῳ
3119 3495 3176 3552 δὲ
3211 3498 3284 3570 μὴ
3320 3499 3455 3551 εἶναι
3495 3513 3508 3529 ·
3546 3495 3580 3564 ἦ
3615 3493 3700 3550 ὅτι
3733 3494 3833 3550 κᾶν

423 3590 562 3663 quia
593 3588 701 3645 etsi
735 3605 850 3643 non
896 3591 1109 3658 totum,
1161 3591 1226 3642 ut
1271 3591 1488 3652 totum,
1537 3587 1638 3642 sed
1689 3588 1828 3658 quia
1872 3592 2024 3659 parte

2232 3590 2256 3657 ἦ
2286 3585 2390 3659 ὅλη
2428 3588 2502 3652 ὡς
2532 3587 2659 3659 ὅλη,
2711 3585 2838 3642 ἁΑλ’
2890 3582 2972 3640 ὅτι
3022 3586 3089 3641 τὰ
3141 3586 3279 3658 μέρη
3337 3583 3503 3655 αὐτῆς
3531 3584 3582 3639 ἐν
3622 3586 3786 3656 τόπῳ
3822 3604 3833 3616 ·

421 3678 613 3749 ipsius
642 3677 702 3731 in
736 3677 881 3742 loco,
916 3693 1030 3731 non
1076 3675 1215 3747 quia
1263 3679 1412 3731 natas
1444 3676 1565 3730 sint
1613 3692 1728 3730 non
1760 3677 2022 3732 continer

2246 3698 2288 3752 χ
2317 3677 2398 3733 ὅτι
2425 3679 2628 3755 πέφυκε
2670 3678 2746 3750 μή
2778 3675 3125 3751 περιέχεσθαί
3158 3695 3169 3706 ·
3205 3673 3335 3729 ἀλλ’
3365 3674 3448 3728 ὅτι
3483 3676 3557 3746 μὴ
3590 3674 3844 3729 ὲπὲκεινα

422 3767 523 3821 sed
553 3763 694 3836 quia
722 3780 902 3835 supra
929 3764 1089 3835 ipsas
1112 3763 1339 3818 nullum
1363 3769 1452 3820 est
1472 3769 1774 3834 corpus,ut
1804 3770 1859 3818 et
1879 3768 2023 3819 totul

2247 3774 2346 3836 τῆς
2376 3768 2536 3840 σῶμά
2577 3765 2716 3821 ὶστιν
2753 3785 2765 3798 ·
2792 3763 2883 3819 *ἱνα
2921 3765 3010 3819 καὶ
3054 3764 3116 3820 τὸ
3162 3768 3265 3818 πᾶν
3305 3762 3438 3836 αὐτῇ
3489 3764 3846 3837 περικοιλαί-

425 3869 559 3910 cum
591 3853 720 3924 ipso
749 3853 805 3907 in
838 3869 900 3908 se
945 3853 1350 3908 concludatur.
1393 3856 1456 3908 In
1509 3853 1708 3908 anima
1756 3870 1891 3909 vero
1925 3855 2021 3910 nih

2250 3877 2333 3910 ται
2366 3853 2416 3910 ἐν
2454 3854 2620 3927 αὐτῷ.
2663 3853 2786 3910 Ἐπὶ
2820 3852 2876 3908 δὲ
2933 3857 3118 3928 ψυχῆς
3171 3849 3323 3907 οὐδὶν
3373 3851 3620 3906 τοιοῦτόν
3668 3851 3851 3921 ἐστιν,

425 3946 516 3999 est
545 3939 862 4011 ejusmodi,
894 3941 993 3997 sed
1042 3941 1170 4012 ejus
1224 3948 1435 3997 natura
1479 3945 1587 4010 est,
1639 3958 1753 3998 non
1786 3943 2026 4000 contine:

2246 3943 2306 3999 ,λ’
2361 3946 2396 4013 ἡ
2455 3942 2610 4022 φύσις
2668 3942 2834 4012 αὐτῆς
2894 3941 3006 3996 ἐστι
3057 3941 3118 3996 τὸ
3171 3941 3247 4013 μὴ
3297 3939 3450 4012 τόπῳ
3501 3942 3847 4015 περιγράφε-

425 4029 576 4087 loco.

2182 4035 2321 4090 σθαι.

496 4118 712 4175 Anima
740 4132 843 4190 per
896 4133 959 4175 se
1014 4117 1261 4175 immota
1317 4124 1444 4176 est:
1500 4136 1570 4175 ex
1621 4120 1907 4177 accidenti
1935 4138 2071 4178 vero

2252 4122 2371 4178 Ὀτι
2421 4122 2455 4190 ἡ
2516 4121 2669 4195 ψυχὴ
2728 4120 2846 4174 καθ’
2901 4118 3094 4188 ἐαυτήν
3156 4117 3410 4190 ἀκίνητός
3470 4115 3581 4173 ἐστι
3619 4137 3633 4149 ·
3700 4119 3842 4173 κατὰ

425 4207 538 4265 dici
563 4207 750 4281 possit
769 4206 1024 4280 seipsam
1060 4224 1312 4275 movere,
1340 4208 1516 4280 idque
1539 4207 1662 4264 solo
1693 4216 1854 4266 motu
1881 4211 1951 4266 ad
1985 4211 2026 4267 lc

2253 4204 2530 4282 μϐεϐηκὸς
2588 4206 2645 4262 δὶ
2695 4209 2889 4275 ἑαυτὴν
2950 4212 3114 4262 κινεῖν
3168 4206 3369 4282 λέγοιτ’
3422 4208 3480 4260 ἂν
3525 4225 3538 4238 ·
3569 4208 3661 4260 καὶ
3714 4207 3844 4263 τότε

424 4314 559 4356 cum
587 4314 599 4354 :
628 4298 865 4367 quando
895 4297 1052 4353 enim
1098 4296 1225 4369 ipsa
1256 4313 1471 4369 corpus
1523 4304 1732 4366 movet,
1766 4305 1823 4354 et
1853 4300 1907 4354 in
1943 4300 2025 4371 ips

2246 4300 2354 4370 ἱνην
2394 4299 2492 4367 τήν
2546 4299 2680 4352 κατὰ
2728 4296 2895 4351 τόπον
2955 4297 3192 4367 κίνησιν.
3251 4292 3472 4365 Ἐπειδή
3533 4297 3640 4371 γὰρ
3701 4303 3847 4351 κινεῖ

424 4393 604 4444 sunt:
637 4404 762 4459 qua:
795 4390 1122 4453 moventur,
1148 4391 1305 4441 moto
1337 4404 1596 4459 corpore,
1624 4405 1756 4443 cum
1789 4405 1854 4444 eo
1881 4406 2025 4445 mow

2239 4401 2278 4442 ὲν
2311 4388 2444 4458 αὕτη
2476 4388 2537 4442 τὸ
2571 4391 2729 4459 σῶμ»
2759 4404 2770 4416 ·
2807 4382 2917 4440 ἔστι
2968 4383 3025 4440 δὲ
3080 4384 3130 4439 ἰν
3174 4385 3322 4456 αὐτῷ
3369 4406 3667 4456 κινουμενα
3703 4407 3716 4418 θ
3752 4408 3840 4439 χι-

424 4476 606 4532 bitur.
639 4477 843 4548 Itaque
872 4475 1199 4532 secundum
1252 4476 1526 4532 accidens
1558 4477 1810 4548 seipsam
1859 4495 2022 4536 move

2236 4479 2446 4549 ιυμὲνου
2497 4473 2553 4530 δὶ
2625 4479 2723 4530 τοῦ
2798 4475 3053 4546 σώματος
3130 4475 3583 4548 συγκινηθήσεται
3642 4474 3837 4544 αὐτῷ·

425 4565 564 4639 quia
593 4581 823 4636 corpus,
855 4565 914 4620 in
946 4582 1064 4637 quo
1093 4576 1221 4634 est;
1252 4570 1313 4621 at
1343 4582 1444 4636 per
1474 4582 1538 4621 se
1569 4574 1623 4622 et
1653 4583 1714 4622 se
1746 4569 2026 4623 secundui

2237 4586 2319 4619 στε
2347 4566 2480 4619 κατὰ
2515 4558 2860 4636 συμϐεϐηκὸς
2913 4561 3106 4630 ἑαυτὴν
3154 4567 3289 4616 κινεῖ
3323 4579 3336 4593 ·
3368 4566 3446 4632 τῷ
3473 4561 3536 4616 τὸ
3569 4566 3754 4633 σῶμα,
3788 4563 3838 4617 ἂν

427 4653 846 4720 substantiam,
896 4670 1085 4726 neque
1119 4658 1403 4722 movetur,
1457 4671 1644 4726 neque
1677 4658 1734 4710 in
1783 4655 1910 4712 loco
1944 4660 2028 4713 est

2256 4652 2365 4708 ἐστι
2409 4673 2420 4686 ·
2455 4655 2572 4716 καθ’
2603 4653 2796 4720 ἑαυτὴν
2854 4649 2931 4720 δὲ,
2984 4651 3072 4705 καὶ
3129 4654 3248 4705 κατ’
3297 4649 3480 4705 οὐσίαν
3509 4647 3636 4705 οὔτε
3668 4658 3831 4706 κινεῖ-

429 4746 590 4800 motu
646 4741 826 4814 igitur
882 4743 953 4798 ad
1007 4742 1202 4798 locum
1261 4759 1330 4798 ex
1387 4743 1670 4800 accidenti
1733 4761 1962 4801 movere
2010 4763 2030 4801 s

2231 4765 2289 4809 ιι,
2324 4743 2443 4798 οὔτε
2493 4741 2543 4797 ἰν
2588 4742 2743 4813 τόπῳ
2770 4739 2904 4795 ἔστί.
2957 4740 3068 4807 Τὴν
3121 4739 3210 4793 οὗν
3260 4739 3394 4792 κατὰ
3421 4738 3590 4793 τόπον
3624 4739 3832 4810 κίνησιν

428 4832 623 4889 anima
653 4831 767 4887 dici
800 4835 1010 4903 potest,
1041 4831 1154 4887 alio
1181 4837 1457 4904 praeterea
1478 4832 1660 4890 nullo.
1695 4833 1894 4905 Neque
1915 4835 2029 4890 enix

2225 4830 2383 4906 ίγοιτ²
2412 4829 2470 4884 ἄν
2508 4833 2672 4904 μόνον
2721 4835 2888 4884 κινεῖν
2943 4829 3136 4896 ἑαυτὴν
3187 4829 3220 4897 ἡ
3256 4829 3406 4903 ψυχὴ
3448 4827 3585 4882 κατὰ
3634 4824 3826 4900 συμϐεο

430 4924 655 4978 mutato
685 4935 927 4993 corpore
974 4920 1343 4989 immutatur,
1377 4923 1478 4978 sed
1533 4939 1635 4978 nec
1667 4928 1932 4994 augetur,
1966 4942 2031 4981 ns

2234 4921 2371 4990 ηκὸς,
2406 4916 2584 4987 ἄλλην
2619 4916 2675 4973 δὶ
2725 4915 3002 4990 οὐδεμίαν.
3065 4913 3202 4974 Οὔτε
3251 4915 3354 4991 γὰρ
3385 4915 3716 4971 ἀλλοιοῦται
3746 4920 3835 4972 τοῦ

429 5009 738 5068 minuitur.
2183 5008 2434 5082 σώματος
2465 5007 2895 5080 ἀλλοιολμένου,
2931 5003 3054 5061 οὕτε
3086 5005 3300 5078 αὔξεται
3331 5003 3366 5074 ἤ
3403 5010 3678 5078 μειοῦται.

498 5099 810 5155 Brutorum
841 5101 899 5154 et
929 5099 1264 5171 plantarum
1321 5099 1580 5155 animam
1614 5117 1846 5172 quoque
1891 5119 2072 5173 saepe-

2253 5105 2376 5155 ’Ότι
2432 5096 2710 5161 πολλάκις
2752 5097 2780 5151 ὁ
2843 5095 3212 5171 Αριστοτέλης
3269 5096 3453 5167 ψυχήν
3501 5093 3688 5161 καλεῖ,
3734 5096 3844 5167 ἅμα

423 5203 669 5245 numero
700 5193 868 5244 vocat
921 5188 1284 5256 Aristoteles,
1317 5194 1374 5244 et
1416 5206 1548 5244 cum
1610 5189 1881 5245 rationali
1913 5207 2024 5245 corr

2243 5189 2389 5257 εὶτήν
2448 5185 2650 5263 ἄλογον
2710 5187 2801 5242 καὶ
2859 5189 2957 5255 τήν
3017 5187 3270 5262 φυτικὴν,
3331 5179 3744 5256 συλλαμϐάνων
3775 5190 3844 5256 τῇ

421 5275 752 5346 prehendit.
785 5274 948 5346 Saepe
979 5291 1112 5331 vero
1162 5277 1345 5331 solam
1391 5275 1543 5332 hanc
1591 5277 1848 5332 animam
1882 5295 2021 5333 voca

2240 5282 2401 5353 ›γικῇ.
2439 5276 2712 5339 Πολλάκις
2745 5274 2801 5332 δὶ
2834 5277 2997 5351 μόνον
3044 5276 3144 5344 τήν
3178 5273 3406 5348 λογικήν
3445 5293 3458 5305 ·
3519 5268 3628 5326 ἔσθ’
3659 5274 3751 5328 ὅτε
3777 5273 3841 5328 δὲ

420 5363 716 5419 interdum
747 5363 924 5418 etiam
958 5371 1213 5419 mentem
1246 5365 1505 5419 animam
1534 5365 1809 5436 appellat,
1860 5383 2021 5422 rursu

2257 5367 2461 5421 ἱαύτὸν
2509 5368 2602 5422 τὸν
2655 5371 2776 5420 νοῦν
2838 5367 3023 5439 ψυχὴν
3084 5363 3364 5436 ὀνομάζει,
3422 5362 3753 5434 ἐπονομάζει
3787 5361 3851 5417 δὲ

405 5548 415 5558 ’
499 5557 578 5630 (9)
607 5557 740 5632 Leg.
764 5558 1119 5633 προθώμεθα.
