4054 6200
170 213 325 276 1069

1617 211 1619 214 ⁴
1656 206 1757 267 DE
1801 205 2083 275 ANIMA.

3446 215 3604 295 ιοπο

170 342 336 400 πάλιν
367 339 687 413 ἰδιαζόντως
713 342 814 412 τὴν
838 341 1024 418 ψυχὴν
1052 341 1151 409 τὴν
1179 336 1385 415 ἄλογον
1416 337 1503 393 καὶ
1559 339 1659 407 τὴν
1720 359 1825 412 φυ-

1946 338 2169 410 proprie
2218 339 2481 398 animam
2532 341 2939 399 irrationalem
2979 349 3037 401 et
3075 349 3443 417 vegetantem
3493 363 3603 406 no-

166 435 345 503 τικήν.
401 434 739 505 ΙίοΑυσήμου
792 431 975 487 τοίνυν
1024 436 1125 501 τῆς
1171 433 1358 506 ψυχῆς
1391 427 1535 504 παρὰ
1582 428 1832 502 Ἀριστο-

168 522 365 586 τὲλους
419 516 867 595 λαμϐανομένης,
929 517 1013 575 δεῖ
1069 520 1278 591 ἒκάστῳ
1326 514 1719 591 σημαινομὲνῳ
1769 516 1837 569 τὰ

168 608 347 667 οἰκεῖα
395 609 675 687 ἀφορίζειν
735 610 828 665 καὶ
880 608 1192 682 ἀπονέμειν·
1240 606 1330 663 καὶ
1382 606 1459 679 μή
1493 610 1714 680 συγχεῖν
1749 601 1837 659 διὰ

164 707 267 770 τῆς
326 700 657 774 ὁμωνυμίας
703 704 805 768 τῆς
860 699 1048 773 φωνῆς
1093 697 1183 752 καὶ
1232 696 1340 752 τῶν
1386 694 1724 771 πραγμάτων
1774 693 1834 747 τὸ

169 786 506 864 διῃρημένον
559 789 648 843 καὶ
706 785 1035 862 ἀσύγχυτον.
1095 786 1300 859 ’Ὠσπερ
1349 784 1450 860 γὰρ
1488 784 1551 837 τὸ
1597 780 1834 860 ὑφαίνειν

164 879 342 953 τυχὸν
399 881 496 933 τοῦ
556 878 702 947 ζώου
760 874 871 931 ἔστῖ
921 875 1058 930 κατά
1112 875 1175 930 τὸ
1236 878 1416 946 σῶμα·
1460 872 1602 926 οὕτω
1654 870 1743 925 καὶ
1774 870 1837 925 τὸ

169 964 505 1023 διανοεῖσθαι
534 969 632 1022 τοῦ
667 966 809 1035 ζώου
836 964 948 1021 ἆστὶ
996 966 1131 1020 κατὰ
1162 965 1372 1039 ψυχήν.
1407 961 1499 1017 Διὸ
1548 963 1645 1016 τοῦ
1696 960 1837 1029 ζώου

167 1057 558 1135 φθειρομόνου,
593 1052 746 1110 οὐδὶν
785 1053 995 1110 τούτων
1048 1050 1153 1124 ἔξει
1201 1054 1235 1122 ἡ
1268 1052 1446 1127 ψυχὴ,
1478 1048 1612 1125 ἅπερ
1646 1047 1706 1103 ἐκ
1735 1048 1836 1117 τῆς

172 1144 510 1219 συμπλοκῆς
549 1151 650 1214 τῆς
699 1144 835 1219 πρὸς
883 1144 945 1198 τὸ
977 1148 1137 1215 σῶμα
1168 1142 1307 1215 αὐτῇ
1341 1140 1640 1215 ἦπεγόνετω
1698 1139 1839 1194 ὥστε

170 1233 301 1291 οὗδὶ
338 1232 694 1309 μνημονεύει.
736 1231 839 1290 Καὶ
887 1231 989 1308 γὰρ
1039 1228 1265 1285 ἐνταῦθα
1315 1230 1409 1303 μὶν
1460 1226 1839 1305 παραβρἑουσά

166 1325 316 1379 ιστιν
361 1326 396 1393 ἡ
445 1326 641 1398 γνῶσις
683 1321 876 1393 αὐτῆς,
918 1320 1007 1375 καὶ
1060 1316 1227 1374 δεῖται
1286 1320 1513 1391 μνήμης
1549 1317 1626 1384 εἷς
1674 1337 1836 1371 κατο-

168 1415 288 1491 χὴν
318 1417 429 1469 τῶν
463 1411 837 1486 ἐγνωσμένων.
868 1409 1017 1466 Μετᾶ
1047 1406 1104 1467 δὶ
1127 1408 1190 1463 τὸ
1221 1412 1421 1491 σῶμα,
1462 1405 1553 1461 ἅτε
1600 1405 1833 1461 ἑστῶσαν
1865 1474 1873 1483 ⁸

168 1490 382 1579 ιχουσα
434 1503 533 1571 τὴν
593 1505 819 1576 γνῶσιν,
872 1499 961 1554 καὶ
1016 1497 1200 1558 αὐτοῖς
1252 1490 1680 1572 προσϐάλλουσα
1721 1500 1837 1557 τοῖς

170 1593 485 1667 πράγμασι,
517 1591 743 1664 μνήμης
788 1587 850 1644 οὐ
882 1586 1072 1643 δεῖται·
1111 1588 1303 1661 μνήμη
1336 1583 1435 1661 γάρ
1468 1583 1610 1640 ίστιν
1659 1586 1694 1654 ἡ
1724 1588 1833 1639 τῶν

174 1679 354 1737 ¹ιεάλαι
388 1676 766 1755 ἑγνωσμᾶνων.

249 1790 373 1841 Ὅτι
432 1785 594 1865 φησὶν
656 1782 1062 1860 Ἀριστοτέλης,
1122 1782 1247 1836 ὅταν
1301 1781 1377 1854 μὴ
1419 1776 1563 1856 ἄρχῃ
1594 1780 1622 1834 ὁ
1683 1778 1831 1848 νοῦς,

176 1873 329 1932 ἀλλὰ
372 1876 516 1950 παρὰ
568 1873 724 1951 φύσιν
772 1869 886 1948 ἔχει
920 1873 948 1926 ὁ
1000 1868 1309 1948 ἄνθρωπος,
1339 1870 1464 1923 τότε
1491 1875 1594 1937 τῆς
1636 1867 1835 1938 τάξεως

176 1963 650 2041 ἀντιστραφείσης,
703 1957 922 2017 ἕπονται
968 1965 1088 2023 ταῖς
1137 1961 1357 2034 κράσεσι
1418 1962 1517 2013 του
1577 1958 1831 2030 σώματος

175 2055 233 2108 αἱ
264 2059 371 2122 τῆς
399 2055 584 2127 ψυχῆς
618 2048 891 2124 δυνάμεις.
923 2050 1087 2107 Ὅταν
1123 2045 1181 2103 δι
1224 2048 1251 2101 ὁ
1299 2051 1423 2110 νοῦς
1478 2047 1648 2121 ἄρχῃ,
1708 2044 1831 2100 τότε

174 2141 317 2197 κατὰ
344 2140 499 2218 φύσιν
528 2137 757 2216 ἔχοντος
784 2142 881 2194 τοῦ
910 2138 1220 2214 ἀνθρώπου,
1252 2135 1432 2192 οὗκὲτι
1461 2141 1579 2198 ταῖς
1610 2136 1827 2208 κράσεσι

169 2235 274 2286 τοῦ
306 2229 561 2302 σώματος
602 2226 990 2292 ἀκολουθοῦσιν
1047 2227 1101 2282 αἱ
1157 2230 1259 2293 τῆς
1309 2228 1494 2302 ψυχῆς
1549 2222 1825 2298 δυνάμεις,

169 2319 302 2376 ἀλλ’
336 2315 519 2374 ἕπεται
547 2322 616 2392 τῇ
647 2320 802 2393 ψυχῇ
831 2317 894 2372 τὸ
925 2320 1105 2390 σῶμα.

240 2428 364 2481 Ὀτι
395 2426 492 2495 τὴν
525 2425 706 2481 Θαλοῦ
738 2421 892 2494 δόξαν
920 2422 1042 2497 περὶ
1074 2424 1263 2497 ψυχῆς
1308 2419 1643 2494 ἀνατρὲπων,
1676 2419 1826 2483 ὅστις

162 2510 324 2591 ἔλεγε
351 2514 510 2569 παντὶ
542 2514 753 2586 σώματι
790 2511 1059 2587 μεμίχθαι
1109 2510 1208 2579 τήν
1259 2509 1445 2584 ψυχὴν
1526 2508 1600 2569 ὡς
1632 2513 1823 2583 παρεῖ-

161 2626 249 2659 ναι
276 2607 441 2676 σῶμα
472 2600 744 2677 ἔμψυχον.
798 2605 1021 2677 Πρῶτον
1054 2600 1174 2673 μὶν,
1234 2597 1287 2653 τί
1336 2595 1402 2668 δή
1448 2618 1602 2669 ποτε,
1635 2598 1822 2675 φησὶν,

164 2693 223 2748 όν
256 2692 419 2748 παντῖ
450 2691 665 2766 σώματι
714 2689 881 2760 οὔσης
926 2692 1131 2765 ψυχῆς,
1180 2688 1247 2743 τὰ
1280 2687 1372 2759 μὶν
1406 2686 1514 2742 ἐστὶ
1572 2691 1702 2757 ζῶα,
1760 2687 1826 2741 τὰ

166 2780 225 2837 δι
284 2780 350 2837 οὔ
376 2801 390 2851 ;
425 2780 560 2848 εἶτα,
592 2777 735 2835 διατί
763 2782 869 2833 τῶν
901 2776 1091 2833 άπλὼν
1151 2773 1307 2831 οὖδὶν
1370 2776 1480 2831 ἐστι
1525 2779 1661 2844 ζῶον
1689 2793 1702 2844 ;
1734 2775 1823 2830 καί

167 2892 254 2927 τοι
316 2867 425 2926 ἔδει
462 2867 674 2943 μᾶλλον
732 2871 920 2923 ταῦτα.
982 2868 1072 2923 Ἐν
1117 2864 1217 2939 γὰρ
1258 2864 1389 2940 πυρὶ
1448 2866 1599 2935 οὖσα,
1650 2865 1737 2919 καὶ
1769 2862 1822 2919 ἐν

167 2960 311 3035 ἀίρι,
342 2958 436 3014 ἅτε
483 2954 883 3032 ωθαρωτᾶροις
910 2955 1003 3009 καὶ
1035 2952 1550 3030 λεπτομερεστίροις
1577 2954 1822 3026 σώμασιν

1945 428 2154 484 minet.
2184 434 2328 485 Cum
2361 446 2497 503 ergo
2530 431 2845 503 multiplici
2878 433 2936 488 in
2970 433 3308 506 signiﬁcatu
3339 436 3600 495 animam

1945 517 2195 589 accipiat
2225 519 2590 586 Aristoteles,
2622 520 2867 577 cuilibet
2905 514 3237 594 significato
3271 526 3428 596 quod
3464 542 3597 598 pro-

1945 606 2141 678 prium
2185 613 2295 675 est,
2330 609 2730 665 definiendum
2763 615 2821 665 et
2851 612 3297 668 attribuendum
3330 618 3419 669 est
3451 631 3464 670 :
3499 632 3600 671 ne-

1946 711 2060 767 que
2090 712 2320 765 vocum,
2357 698 2664 753 nominum
2698 703 2753 755 et
2788 716 2984 755 rerum
3019 700 3412 757 similitudine
3444 719 3603 759 com-

1949 784 2342 856 miscendum,
2366 787 2521 857 quod
2554 788 2874 844 discretum
2906 794 2962 844 et
2993 806 3108 845 non
3142 790 3456 848 confusum
3492 796 3604 848 est.

1947 872 2455 936 Quemadmodum
2505 875 2661 932 enim
2719 882 2930 943 texere,
2982 883 3144 949 puta,
3187 879 3467 936 animalis
3516 885 3607 937 est

1947 963 2278 1018 secundum
2335 980 2596 1036 corpus:
2630 966 2715 1022 sic
2763 966 3117 1039 intelligere,
3170 967 3445 1025 animalis
3494 974 3603 1039 est,

1948 1067 2051 1123 per
2081 1051 2361 1108 animam.
2397 1054 2586 1118 Quare
2617 1053 2858 1109 animali
2892 1058 3190 1127 corrupto,
3223 1055 3374 1111 nihil
3404 1071 3607 1113 eorum

1947 1139 2185 1195 habebit
2232 1140 2452 1211 anima,
2485 1158 2608 1211 qua:
2639 1159 2708 1197 ex
2739 1143 3156 1213 conjunctione
3186 1144 3449 1217 corporis
3500 1146 3606 1202 hac

1946 1228 2141 1285 hebet.
2200 1230 2307 1284 Sed
2379 1246 2567 1302 neque
2636 1231 2928 1287 meminit.
2987 1231 3133 1288 Hinc
3197 1233 3355 1289 enim
3415 1234 3607 1291 afﬂuit

1946 1318 2075 1388 ejus
2125 1318 2399 1389 cognitio,
2435 1323 2492 1374 et
2542 1320 2825 1376 memoria
2872 1320 3117 1393 indiget,
3170 1323 3242 1377 ad
3294 1322 3606 1380 retinenda

1946 1422 2074 1476 qua:
2134 1407 2403 1478 cognovit
2450 1424 2463 1462 :
2511 1413 2571 1463 at
2632 1408 2831 1464 soluta
2885 1425 3143 1480 corpore,
3204 1414 3270 1465 ut
3324 1411 3601 1469 stabilem

1947 1494 2169 1550 habens
2200 1495 2593 1565 cognitionem
2644 1500 2701 1552 et
2747 1514 2841 1553 res
2888 1497 3051 1569 ipsas
3098 1498 3419 1572 attingens,
3453 1500 3601 1557 nihil

1943 1587 2075 1656 eget
2120 1585 2427 1656 memoria,
2470 1602 2607 1642 nam
2667 1589 2841 1643 antea
2890 1586 3259 1659 cognitorum
3317 1590 3604 1646 memoria

1942 1678 2052 1729 est.

2014 1780 2158 1836 Cum
2220 1795 2384 1836 mens
2447 1796 2564 1836 non
2622 1779 2897 1853 imperat,
2948 1780 3029 1837 ait
3083 1780 3448 1850 Aristoteles,
3500 1785 3602 1841 sed

1944 1872 2157 1941 prater
2202 1873 2476 1926 naturam
2511 1886 2575 1926 se
2606 1869 2783 1926 habet
2809 1872 3007 1942 homo,
3041 1875 3182 1927 tunc
3217 1872 3423 1927 ordine
3470 1889 3603 1944 per-

1940 1972 2107 2013 verso
2168 1961 2635 2030 temperaturam
2693 1960 2955 2030 corporis
3009 1960 3221 2016 animae
3279 1965 3604 2032 potestates

1939 2050 2493 2102 assectantur.Gum
2525 2063 2660 2104 vero
2693 2064 2862 2104 mens
2891 2048 3162 2120 imperat,
3187 2054 3329 2105 tunc
3360 2049 3600 2107 homine

1939 2136 2267 2191 secundum
2292 2140 2565 2192 naturam
2589 2136 2817 2207 affecto,
2834 2154 2951 2193 non
2968 2138 3089 2208 jam
3110 2138 3454 2210 temperiem
3477 2155 3599 2196 cor-

1937 2224 2095 2297 poris
2143 2228 2477 2297 sequuntur
2530 2224 2738 2281 animai
2788 2225 3117 2298 facultates,
3168 2228 3270 2283 sed
3330 2227 3591 2285 animam

1935 2330 2151 2387 corpus
2183 2317 2380 2388 ipsum
2413 2316 2703 2388 sequitur.

2005 2422 2267 2480 Thaletis
2314 2422 2522 2479 Milesii
2568 2423 2905 2496 opinionem
2951 2424 3023 2481 de
3070 2424 3266 2481 anima
3310 2425 3586 2483 convellit

1935 2513 2035 2585 qui
2062 2512 2223 2568 omni
2247 2511 2475 2584 corpori
2495 2528 2624 2568 esse
2653 2513 2979 2569 immistam
3001 2514 3261 2570 animam
3284 2529 3585 2571 commen-

1934 2606 2030 2658 tus
2059 2605 2168 2670 est,
2199 2605 2265 2656 ut
2309 2601 2387 2657 sit
2432 2617 2647 2673 corpus
2678 2600 2897 2658 vivens.
2934 2600 3198 2658 Primum
3244 2603 3427 2672 enim,
3458 2620 3585 2672 cur,

1933 2689 2150 2762 inquit,
2183 2705 2316 2745 cum
2349 2689 2408 2744 in
2442 2690 2603 2745 omni
2635 2706 2878 2762 corpore
2926 2690 3004 2746 sit
3058 2690 3278 2755 anima.
3308 2691 3429 2748 haec
3460 2691 3591 2748 ani-

1935 2779 2114 2836 malia
2141 2783 2304 2845 sunt,
2330 2778 2429 2834 illa
2462 2795 2575 2835 non
2609 2779 2784 2836 sunt?
2806 2780 3049 2848 Deinde,
3075 2796 3182 2836 cur
3208 2781 3441 2837 nullum
3477 2781 3594 2839 ele-

1934 2872 2267 2924 mentorum
2302 2868 2520 2923 animal
2554 2872 2682 2924 est?
2709 2868 2942 2926 tametsi
2971 2885 3041 2925 ea
3072 2870 3263 2941 magis
3294 2872 3601 2942 oportebat

1935 2957 2216 3013 animalia
2245 2973 2397 3012 esse.
2430 2956 2491 3012 Si
2523 2957 2677 3012 enim
2712 2957 2772 3013 in
2803 2957 2941 3029 igne
2986 2961 3044 3013 et
3096 2958 3153 3013 in
3204 2975 3336 3015 aere
3367 2960 3600 3032 fuisset,

166 3050 327 3114 οὖσα,
365 3046 583 3124 βέλτιον
611 3044 675 3102 ἂν
704 3044 787 3116 εἴη
820 3044 873 3100 ἂν
904 3042 1121 3107 τούτοις
1147 3045 1182 3113 ἡ
1214 3045 1503 3141 ψυχῇπᾶω
1538 3042 1821 3113 συνθέτων,

1946 3044 2152 3103 melius
2198 3046 2258 3101 in
2310 3046 2426 3112 his,
2462 3049 2662 3117 utpote
2714 3046 3014 3117 prioribus
3072 3051 3129 3102 et
3186 3048 3600 3107 subtilioribus

164 3138 289 3202 ὅθεν
324 3136 413 3192 καὶ
448 3136 660 3208 μᾶλλον
685 3132 1055 3212 διαφαίνεσθαι
1085 3132 1280 3202 ἑαυτῆς
1309 3129 1547 3207 ὤφειλον
1581 3132 1634 3187 αἱ
1684 3131 1824 3206 ἐνέρ-

160 3247 333 3301 γειαι.
364 3226 469 3281 Καὶ
504 3222 651 3279 ἄλλα
679 3220 737 3279 δὲ
765 3222 945 3280 πλείω
977 3222 1260 3279 συνεπάνει
1289 3226 1357 3297 τῇ
1395 3221 1669 3296 ὑπολήψει
1700 3220 1825 3276 ταύ-

162 3336 230 3389 τῃ
260 3314 505 3388 ιπόμενα
536 3312 730 3368 ἄτοπα.

236 3494 364 3551 ’Ότι
417 3490 534 3546 {ml
593 3487 819 3553 πλείους
860 3490 949 3546 καὶ
1000 3487 1251 3569 διάφοροι
1296 3497 1396 3559 τῆς
1442 3493 1629 3565 ψυχῆς
1688 3488 1828 3565 ἆνερ-

164 3602 339 3657 γειαι,
374 3586 526 3651 ζητεῖ
570 3580 601 3636 ό
644 3578 1053 3652 ⁹Λρισιτοιτόλης,
1104 3580 1330 3656 πότερον
1367 3584 1493 3652 μιᾶς
1524 3575 1689 3649 οὔσης
1735 3580 1828 3633 καὶ

167 3669 468 3743 ἀμερίστου
515 3675 615 3737 τῆς
666 3672 872 3744 ψυχῆς,
922 3669 1037 3724 κατ’
1090 3667 1271 3724 οὐσίαν
1304 3668 1363 3724 ἐκ
1389 3668 1592 3738 ταύτης
1621 3669 1676 3723 αἱ
1707 3665 1827 3723 διά-

172 3779 340 3834 φοροι
387 3755 643 3829 δυνάμεις
708 3758 798 3813 καὶ
843 3756 1103 3834 ἐνάργειαι
1147 3758 1535 3834 προὶρχονται·
1594 3757 1668 3819 ὡς
1725 3758 1823 3825 τήν

174 3846 346 3913 αὐτὴν
404 3846 533 3900 εἶναι
593 3847 709 3901 κατ’
761 3844 969 3915 οὐσίαν,
1019 3846 1109 3901 καὶ
1164 3846 1289 3920 μίαν
1316 3851 1396 3919 τῷ
1444 3846 1684 3922 ἀριθμῷ,
1734 3845 1823 3900 καὶ

173 3936 494 4011 θρεπτικὴν,
543 3934 632 3989 καὶ
684 3935 1002 4007 αὐξητικὴν,
1051 3938 1142 3991 καὶ
1195 3937 1541 4010 γεννητικὴν,
1591 3934 1679 3989 καὶ
1729 3932 1824 3989 λο-

168 4025 354 4099 γικὴν,
411 4023 501 4077 καί
561 4025 821 4096 θυμικὴν,
881 4025 971 4079 καὶ
1017 4023 1445 4097 ἐπιθυμητικήν.
1506 4025 1607 4080 Kal
1662 4024 1823 4079 καθά-

168 4134 269 4189 πιρ
328 4115 365 4183 ἡ
397 4117 494 4168 τοῦ
525 4113 696 4187 πυρὸς
755 4112 910 4168 οὐσία
945 4113 1040 4187 μία
1086 4113 1173 4169 καὶ
1205 4114 1239 4183 ἡ
1285 4114 1423 4183 αὑτή
1460 4112 1617 4167 ἐστιν’
1652 4113 1702 4183 ἐξ
1758 4113 1825 4181 ἦς

168 4205 204 4271 ἠ
294 4203 558 4271 καυστική
640 4221 700 4256 τε
773 4201 861 4256 καὶ
949 4203 1267 4279 ξηραντικὴ,
1352 4203 1441 4256 καὶ
1522 4204 1821 4279 φωτιστική

170 4291 388 4367 πρόεισι
433 4287 658 4362 δύναμίς
706 4310 764 4345 τε
806 4289 895 4345 καὶ
944 4289 1204 4366 ἆνὲργεια,
1234 4292 1270 4363 ἢ
1300 4312 1381 4353 τις
1412 4289 1559 4362 ἄλλη
1595 4288 1825 4364 δύναμις

169 4379 411 4455 ψυχικὴ,
466 4378 501 4448 ἢ
537 4381 763 4455 μεριστή
798 4378 936 4435 ἑστιν
963 4382 998 4450 ἡ
1049 4380 1226 4455 ψυχὴ,
1285 4382 1374 4436 καὶ
1404 4381 1539 4435 κατά
1564 4377 1706 4436 ἄλλο
1734 4380 1822 4434 καὶ

1936 3135 2280 3207 corporibus
2339 3133 2585 3204 fuisset,
2635 3150 2809 3204 quam
2867 3133 2928 3189 in
2989 3136 3373 3207 compositis;
3438 3138 3597 3194 unde

1934 3224 2126 3296 ipsius
2175 3222 2441 3279 actiones
2490 3222 2709 3278 clarius
2739 3221 3087 3280 eluxissent.
3120 3223 3200 3281 Iis
3231 3225 3444 3281 deinde
3481 3224 3597 3282 alla

1936 3312 2230 3369 connectit
2257 3312 2520 3368 absurda
2548 3328 2727 3384 quam
2771 3310 3047 3384 plurima,
3079 3329 3205 3385 quae
3235 3330 3304 3370 ex
3333 3313 3593 3372 Thaletis

1937 3400 2213 3474 opinione
2244 3404 2596 3473 sequuntur.

2010 3492 2153 3547 Cum
2188 3489 2387 3545 multa
2438 3490 2560 3545 sint
2589 3493 2648 3545 et
2678 3488 3016 3547 differentes
3064 3490 3273 3547 animm
3320 3492 3580 3549 actiones

1938 3578 2148 3651 quierit
2196 3577 2567 3645 Aristoteles,
2589 3582 2790 3634 utrum
2822 3594 2957 3634 cum
2990 3595 3108 3634 una
3152 3578 3230 3636 sit
3257 3583 3315 3635 et
3343 3578 3598 3636 indivisa

1937 3668 2139 3725 anima
2169 3669 2494 3724 secundum
2544 3668 2966 3738 substantiam,
3000 3685 3070 3725 ex
3100 3668 3232 3741 ipsa
3261 3668 3600 3727 differentes

1938 3758 2050 3814 illa
2081 3761 2400 3830 potestates
2422 3762 2481 3813 et
2510 3758 2772 3813 actiones
2803 3757 3276 3829 proficiscantur,
3302 3763 3363 3813 ut
3394 3759 3598 3815 eadem

1936 3847 2015 3902 sit
2044 3847 2384 3902 substantia
2404 3850 2462 3902 et
2491 3862 2736 3903 numero
2762 3863 2898 3914 una,
2923 3846 3120 3913 altrix,
3152 3848 3398 3915 auctrix,
3424 3863 3599 3919 gene-

1935 3936 2135 4003 retrix,
2162 3935 2487 4002 rationalis,
2510 3936 2774 3993 irascens
2803 3940 2860 3992 et
2890 3936 3313 4009 concupiscens
3340 3953 3354 3992 :
3378 3953 3589 4008 quem-

1937 4026 2256 4081 admodum
2306 4025 2460 4098 ignis
2500 4025 2833 4081 substantia
2878 4042 2997 4081 una
3042 4031 3100 4081 et
3148 4027 3349 4082 eadem
3382 4035 3489 4093 est,
3523 4042 3592 4082 ex

1936 4130 2053 4186 qua
2084 4113 2311 4178 urendi,
2336 4113 2669 4170 exsiccandi
2721 4118 2779 4169 et
2826 4112 3207 4170 illuminandi
3238 4115 3326 4170 vis
3358 4120 3415 4171 et
3445 4117 3596 4171 actio

1937 4207 2246 4274 promanat
2270 4219 2284 4257 :
2309 4202 2398 4257 vel
2429 4202 2544 4258 alia
2575 4207 2666 4258 cst
2715 4202 2925 4258 animae
2956 4206 3239 4274 potestas,
3264 4203 3352 4258 vel
3398 4204 3601 4259 anima

1935 4291 2113 4346 dividi
2149 4294 2361 4361 potest,
2388 4295 2445 4346 et
2493 4292 2820 4347 secundum
2873 4291 3048 4347 aliam
3081 4296 3141 4347 et
3174 4291 3349 4348 aliam
3402 4293 3597 4365 ipsius

1938 4384 2162 4453 partem
2197 4378 2473 4450 quaelibet
2508 4378 2718 4434 harum
2761 4380 3170 4451 operationum
3204 4380 3296 4436 ﬁt.
3332 4381 3392 4437 1d
3427 4398 3605 4453 porro

172 4451 320 4523 ἀλλο
385 4451 575 4541 μόριον
608 4451 801 4537 αὐτῆς
861 4451 1072 4540 δκάστη
1289 4467 1567 4545 ἐνεργειῶν
1623 4469 1828 4523 τούτων

1946 4451 2083 4526 dicit
2129 4468 2493 4540 Aristoteles,
2520 4484 2899 4541 nequaquam
2951 4468 3036 4525 illi
3090 4470 3365 4527 doctrinaa
3397 4451 3601 4527 assen-

171 4556 408 4632 γίνεται.
444 4557 588 4627 Φησῖ
622 4554 680 4611 δὶ
710 4557 739 4610 ὁ
772 4555 1161 4631 Ἀριστοτέλης
1208 4559 1311 4613 οὐκ
1353 4557 1715 4634 ἀρεσκόμενος
1762 4562 1840 4629 τῷ

175 4644 439 4721 δόγματι,
502 4644 630 4701 ἀλλ’
680 4645 926 4719 ὶγκαλῶν
979 4651 1059 4718 τῷ
1108 4648 1331 4719 Τιμαίῳ
1370 4650 1515 4722 παρὰ
1570 4650 1635 4703 τά
1677 4649 1841 4722 μόρια

174 4738 279 4789 τοῦ
311 4736 571 4804 σώματος
602 4731 903 4809 διαιροῦντι
934 4736 1024 4789 καὶ
1054 4736 1155 4805 τήν
1202 4738 1411 4811 ψυχήν.
1448 4739 1551 4791 Καὶ
1584 4738 1686 4810 γὰρ
1721 4736 1838 4792 οὐδ’

178 4822 347 4884 αὐτὸς
388 4820 643 4897 βούλεται
704 4821 832 4895 μίαν
895 4821 1077 4878 οὐσίαν
1135 4824 1267 4878 εἶναι
1325 4831 1425 4893 τῆς
1479 4824 1841 4900 ψυχῆς.ἀλλ⁹

175 4909 237 4964 ἰκ
270 4906 551 4984 διαφόρων
585 4911 680 4983 μὶν
726 4910 923 4966 οὐσιῶν
981 4916 1292 4985 συγκεῖσθαι
1344 4911 1567 4982 ταύτην·
1627 4914 1841 4986 ἡνωμέ-

174 5021 285 5053 νων
322 4997 382 5054 δὶ
438 4996 718 5070 ἀλλήλαις
779 5002 867 5054 καὶ
927 5004 1170 5075 συνεχῶν
1206 4999 1399 5067 οὕτως,
1432 5003 1504 5063 ὡς
1541 5001 1667 5075 μίαν
1699 5002 1839 5076 γίνε-

175 5099 303 5152 σθαι
362 5086 538 5142 αὐτῶν
596 5087 931 5162 συμπάθειαν
968 5131 980 5144 .
1040 5083 1310 5144 Διαϐαίνει
1366 5090 1466 5165 γάρ
1523 5111 1575 5144 τι
1639 5092 1729 5144 καὶ
1783 5089 1843 5144 ἐκ

169 5174 474 5252 τοῦλόγου
508 5177 586 5239 εἷς
630 5178 697 5234 τὰ
744 5176 915 5250 πάθη,
963 5180 1050 5233 καὶ
1102 5177 1153 5248 ἐξ
1206 5177 1421 5233 ἐκείνων
1474 5178 1547 5241 εἷς
1601 5179 1691 5232 τὸν
1744 5176 1837 5234 λό-

171 5286 298 5341 γον.
335 5265 471 5321 Τότε
517 5266 620 5341 γὰρ
654 5266 1020 5343 ὑποτετάχθαι
1073 5269 1140 5322 τὰ
1190 5268 1361 5338 πάθη,
1406 5268 1495 5322 καὶ
1546 5266 1706 5323 εἷ’κειν
1762 5274 1840 5341 τῷ

177 5353 364 5430 λόγῳ,
392 5354 593 5410 ἄνωθεν
647 5355 709 5411 ἐκ
763 5363 865 5427 τῆς
920 5361 1017 5412 τοῦ
1061 5356 1231 5433 λόγου
1264 5356 1595 5432 συλλήψεως
1651 5358 1838 5421 αὐτοῖς

178 5445 399 5523 ὶφήκει.
447 5445 585 5503 Τότε
640 5448 779 5523 πρὸς
834 5446 929 5509 τὰς
984 5446 1187 5511 οἰκείας
1236 5447 1503 5523 ἐνεργείας
1550 5446 1839 5521 ἐμποδίζε-

178 5547 305 5602 σθαι
364 5534 458 5592 τὸν
493 5534 677 5611 λόγον,
739 5535 799 5595 tu
853 5542 953 5607 τῆς
983 5537 1117 5615 πρὸς
1170 5538 1408 5609 τὰπάθη
1445 5538 1686 5616 σχέσεως
1747 5537 1839 5594 αὖα

1951 4558 2125 4625 tiens,
2158 4559 2259 4613 sed
2311 4558 2595 4614 Timarum
2645 4558 3100 4629 reprehendens,
3134 4559 3235 4631 qui
3283 4562 3355 4616 ad
3405 4564 3601 4633 partes

1949 4645 2211 4719 corporis
2254 4645 2511 4703 animam
2563 4662 2799 4719 quoque
2847 4646 3146 4704 dividebat
3180 4666 3192 4704 :
3225 4665 3361 4705 nam
3411 4667 3602 4722 neque

1950 4737 2074 4807 ipse
2105 4752 2282 4791 unam
2312 4751 2441 4791 esse
2461 4736 2586 4791 vult
2615 4736 2828 4792 animm
2849 4736 3267 4808 substantiam,
3289 4739 3391 4795 sed
3422 4756 3491 4794 ex
3519 4740 3604 4796 di-

1948 4824 2134 4879 versis
2166 4841 2293 4880 eam
2347 4824 2697 4881 substantiis
2728 4832 3057 4882 concretam
3109 4844 3307 4883 verum
3354 4827 3510 4885 inter
3539 4846 3602 4886 se

1951 4913 2199 4984 coalitis,
2232 4918 2289 4969 et
2314 4912 2397 4968 ita
2427 4914 2878 4983 cohaerentibus,
2914 4919 2978 4970 ut
3008 4932 3125 4972 una
3164 4916 3243 4973 sit
3281 4934 3482 4974 earum
3518 4919 3600 4975 af-

1952 5003 2141 5059 fectio.
2175 5004 2220 5057 A
2250 5002 2474 5058 ratione
2508 5006 2725 5075 quippe
2770 5003 2829 5059 in
2878 5004 3011 5062 illas
3064 5006 3420 5078 affectiones,
3446 5012 3502 5063 et
3532 5011 3603 5064 ab

1949 5091 2067 5148 illis
2109 5093 2167 5147 in
2202 5092 2486 5148 rationem
2532 5092 2754 5164 aliquid
2802 5096 3015 5151 transit
3049 5112 3060 5149 ε
3096 5095 3392 5150 interdum
3446 5098 3604 5151 enim

1952 5180 2518 5255 perturbationibus,
2536 5186 2599 5236 ut
2616 5183 3007 5254 subjiciantur
3027 5188 3084 5240 et
3105 5184 3314 5239 rationi
3339 5190 3605 5255 pareant,

1951 5288 2018 5327 ex
2048 5271 2294 5326 rationis
2333 5271 2857 5343 comprehensione
2908 5273 3119 5329 accidit
3151 5291 3163 5328 :
3198 5272 3512 5344 aliquando
3543 5274 3604 5330 in

1951 5361 2075 5417 suis
2106 5360 2381 5432 operibus
2424 5361 2715 5418 rationem
2768 5362 3039 5434 impediri
3089 5376 3160 5417 ex
3208 5360 3414 5418 habitu
3445 5362 3607 5436 ipsa-

1953 5465 2079 5504 rum
2112 5453 2169 5504 et
2200 5466 2351 5506 nexu
2400 5466 2531 5507 cum
2574 5450 3139 5525 perturbationibus,
3173 5451 3475 5527 contingit.
3508 5454 3603 5511 Sic

1951 5538 2132 5614 igitur
2162 5538 2362 5598 anima
2383 5557 2502 5600 una
2526 5548 2610 5599 est
2648 5539 3002 5608 substantia,
3026 5542 3091 5597 ut
3110 5545 3167 5599 et
3195 5544 3385 5600 totum
3416 5542 3602 5601 homi-
