4054 6200
443 264 593 326 1071

1782 254 2205 317 MICHAELIS
2248 256 2522 321 PSELLI

3705 257 3866 353 1073

440 412 575 453 nem
609 394 785 450 unius
815 409 947 450 esse
977 392 1319 449 substantias
1346 391 1620 459 dicimus,
1642 393 1699 445 et
1728 404 2095 462 quacunque

2217 391 2313 441 τῶν
2348 386 2705 462 περιγίνεται.
2736 384 2925 450 Οὕτως
2976 388 3067 443 οὗν
3122 387 3218 462 μία
3265 387 3421 444 οὐσία
3467 389 3503 459 ἢ
3550 390 3730 463 ψυχὴ,
3786 388 3863 449 ὡς

442 503 513 542 ex
544 484 792 540 materia
838 486 896 539 et
946 484 1134 538 forma
1164 484 1436 537 constant
1469 497 1481 536 :
1516 480 1655 551 quia
1703 480 1858 549 quod
1909 493 2099 549 neque

441 572 805 630 irrationalis
854 572 1055 626 anima
1102 573 1295 625 omnis
1354 570 1531 624 unius
1580 572 1670 623 est
1727 566 2100 631 substantias,

444 662 701 719 ostendit
746 661 900 716 inter
937 676 1000 715 se
1048 674 1199 729 saepe
1257 658 1545 712 dissidere
1606 656 2099 727 perturbationes,

442 752 590 806 iram
622 750 751 805 dico
800 758 854 804 et
884 748 1262 819 cupiditatem
1296 764 1307 801 :
1342 750 1401 800 at
1431 746 1576 800 nihil
1610 745 1821 800 horum
1856 748 2099 815 pugnat.

439 847 845 913 Saepenumero
899 838 1083 910 igitur
1112 838 1181 891 ad
1218 836 1499 891 rationem
1549 835 1740 906 magis
1791 834 1877 888 ira
1924 835 2102 905 perti-

440 935 559 999 net,
596 934 659 985 ut
706 930 757 983 ei
819 927 1054 982 affinior
1116 930 1353 996 propter
1413 924 1821 979 ambitionem.
1857 921 2105 977 Obsistit

443 1023 639 1075 autem
671 1021 727 1072 et
757 1015 1031 1071 renititur
1063 1014 1381 1085 cupiditas,
1418 1013 1556 1084 quia
1585 1013 1915 1068 secundum
1949 1010 2101 1066 acci-

442 1108 611 1176 dens,
658 1104 872 1176 inquit,
903 1105 961 1158 in
1014 1102 1300 1159 similium
1354 1101 1611 1173 partium
1661 1104 1857 1173 partes
1907 1099 2104 1154 anima

442 1194 724 1251 dividitur
784 1212 798 1249 :
860 1194 1014 1265 quod
1084 1192 1242 1248 enim
1309 1191 1368 1245 in
1442 1206 1685 1262 corpore
1744 1189 2102 1253 dividantur,

441 1284 570 1351 ipsa
611 1297 847 1354 quoque
898 1298 1016 1336 una
1063 1279 1367 1348 dividitur,
1404 1284 1469 1335 ut
1516 1279 1573 1333 in
1629 1278 1848 1350 plantis
1901 1282 1956 1332 et
2012 1277 2103 1331 in-

445 1373 645 1429 sectis.

516 1477 881 1536 Irrationalis
912 1476 1109 1530 anima
1138 1480 1195 1530 et
1223 1482 1522 1546 vegetans,
1553 1473 1637 1529 vis
1669 1490 1737 1529 ex
1767 1490 1829 1531 se
1862 1488 2104 1528 movens
2186 1494 2195 1505 ·

447 1568 709 1640 corporis
741 1566 856 1622 diei
891 1569 1101 1636 potest,
1135 1568 1200 1619 ut
1240 1565 1431 1619 forma
1478 1564 1535 1617 in
1588 1563 1852 1631 materia,
1886 1570 1940 1618 et
1969 1566 2102 1617 tan-

449 1674 629 1730 quam
663 1654 997 1711 substantia
1041 1670 1148 1708 sua
1198 1654 1532 1723 subjectum
1584 1652 1915 1723 perﬁciens,
1946 1650 2103 1706 etab

448 1748 576 1817 ipso
608 1741 1044 1814 inseparabilis-
1079 1742 1261 1812 Cujus
1303 1740 1457 1796 enim
1489 1739 1763 1812 perfectio
1796 1740 1907 1793 erit
1933 1755 2101 1810 vege-

446 1841 584 1890 tans
634 1834 851 1898 anima,
892 1831 939 1885 si
994 1848 1028 1885 a
1077 1846 1319 1900 corpore
1371 1826 1718 1900 separetur?
1766 1826 2101 1883 Entelechia

448 1938 682 1996 quoque
742 1920 1046 1976 rationalis
1105 1919 1304 1974 anima
1360 1919 1473 1973 dici
1532 1922 1741 1989 potest,
1775 1934 1888 1972 non
1947 1916 2099 1986 quod

450 2012 783 2068 substantia
816 2009 1081 2080 perﬁciat
1119 2009 1475 2079 subjectum,
1511 2007 1609 2062 sed
1644 2007 1795 2078 quod
1827 2006 2052 2061 actione
2088 2022 2101 2060 :

452 2108 515 2158 ut
549 2102 908 2173 gubernator
953 2114 1163 2154 navem
1213 2097 1441 2169 perficit
1470 2100 1529 2151 et
1559 2096 1727 2167 regit,
1760 2112 1874 2165 qua
1921 2111 1982 2149 re
2029 2094 2101 2148 ab

448 2191 574 2259 ipso
604 2188 864 2259 separari
912 2191 1120 2259 potest.
1157 2186 1366 2243 Verum
1399 2190 1455 2240 et
1488 2184 1686 2256 aliquo
1720 2185 1892 2240 modo
1925 2184 2102 2239 ratio-

451 2280 603 2335 nalis
632 2279 809 2333 etiam
843 2276 1042 2331 anima
1084 2275 1200 2329 dici
1242 2278 1436 2346 potest
1466 2291 1499 2329 a
1528 2290 1769 2345 corpore
1800 2274 2103 2344 insepara-

450 2367 608 2437 bilis,
643 2383 761 2438 qua
786 2370 876 2420 est
922 2363 1267 2420 entelechia.
1300 2363 1442 2419 Nam
1489 2362 1769 2429 actiones,
1806 2378 1908 2432 per
1955 2376 2103 2431 quas

448 2456 665 2513 animal
701 2454 928 2527 perficit
976 2454 1173 2525 ipsum
1209 2469 1451 2508 movens
1498 2451 1607 2507 hoc
1639 2451 1725 2506 vel
1757 2451 1857 2506 illo
1907 2451 2103 2515 modo,

446 2546 625 2602 habet
662 2562 695 2601 a
737 2559 978 2615 corpore
1028 2541 1455 2613 inseparabiles
1492 2558 1504 2596 :
1540 2540 1639 2595 ubi
1688 2542 1843 2595 enim
1877 2555 1946 2594 ex
1975 2540 2104 2611 ipso

447 2634 783 2704 excesserit,
821 2648 935 2688 non
984 2631 1076 2686 his
1124 2630 1383 2702 amplius
1427 2634 1643 2685 utetur.
1679 2629 1795 2685 Has
1847 2628 2003 2684 enim
2037 2644 2106 2683 ex

445 2725 651 2782 habitu
682 2723 753 2778 ad
806 2738 1042 2792 corpus,
1092 2720 1322 2775 habuit.
1360 2721 1561 2789 Itaque
1609 2719 1718 2774 hoc
1766 2724 1955 2790 pacto,
1990 2734 2106 2789 qua

447 2812 770 2870 entelechia
799 2814 908 2877 est,
939 2809 1049 2865 hoc
1081 2810 1230 2877 dico,
1264 2808 1586 2864 secundum
1619 2808 1794 2863 hasce
1823 2807 2101 2872 actiones,

450 2921 486 2959 a
537 2916 779 2971 corpore
834 2897 1095 2969 separari
1155 2914 1270 2953 non
1331 2902 1541 2969 potest.
1602 2896 2104 2960 Quemadmodum

452 2989 883 3062 gubernatoris,
928 2992 992 3042 ut
1033 2986 1392 3059 gubernator
1439 2991 1550 3056 est,
1584 2986 1843 3042 actiones
1892 3003 1926 3041 a
1973 2985 2104 3040 navi

450 3078 710 3151 separari
768 3094 883 3133 non
943 3080 1227 3148 possunt,
1285 3081 1343 3132 et
1399 3080 1706 3148 separatur
1770 3076 1967 3131 homo.
2028 3077 2105 3128 Ut

2208 479 2296 531 καὶ
2329 478 2421 532 τὸν
2454 476 2587 532 ὅλον
2630 479 2913 553 ἄνθρωπον
2965 484 3091 551 μιᾶς
3124 479 3257 553 εἷναί
3307 500 3479 552 φαμεν
3512 478 3726 544 οὐσίας,
3772 478 3859 533 καὶ

2211 567 2425 635 ἁπλῶς,
2482 569 2548 621 τὰ
2605 566 2654 640 ἐξ
2704 550 2843 638 ὕλης
2894 550 2985 623 καὶ
3036 550 3233 630 εἴδους·
3288 550 3401 623 ἐπεί⁵
3437 567 3519 623 ὅτι
3552 589 3615 642 γε
3647 565 3771 622 οὐδὲ
3826 570 3859 636 ἡ

2211 654 2415 732 ἄλογος
2472 657 2627 732 ψυχὴ
2677 663 2822 711 πᾶσα
2864 662 2990 731 μιᾶς
3049 656 3188 712 ἐστιν
3251 656 3455 726 οὐσίας,
3513 654 3744 711 δεικνύει
3802 655 3859 711 τὸ

2216 747 2483 821 μάχεσθαι
2537 742 2811 816 ἄλλήλοις
2858 744 3131 809 πολλάκις
3188 746 3256 801 τὰ
3307 746 3475 815 πάθη,
3511 745 3688 815 θυμὸν
3719 742 3859 819 λέγω

2210 834 2301 887 καὶ
2348 833 2666 907 ἐπιθυμίαν
2730 832 2885 889 οὔδὶν
2938 832 2995 891 δὲ
3052 834 3227 890 αὐτῶν
3280 836 3533 910 μάχεται.
3578 831 3857 894 Πολλάκις

2210 928 2336 999 γοῦν
2367 925 2503 997 πρὸς
2530 928 2627 978 τοῦ
2658 918 2825 999 λόγου
2861 922 3076 997 μᾶλλον
3109 925 3136 978 6
3167 924 3359 997 θυμὸς,
3395 922 3609 995 μᾶλλον
3638 921 3855 996 γίνεται,

2212 1012 2288 1074 ὡς
2319 1011 2726 1089 συγγενέστερος
2757 1010 2847 1068 διὰ
2899 1014 2962 1068 τὸ
2997 1011 3312 1091 φιλότιμον.
3372 1009 3652 1067 Ἀνθὲλκει
3713 1008 3767 1065 δὲ
3822 1014 3853 1080 ἡ

2211 1100 2489 1176 ἐπιθυμία.
2550 1104 2669 1160 Ὃτι
2706 1102 2845 1158 κατὰ
2890 1097 3262 1175 συμϐεϐηκὸς,
3318 1102 3500 1179 φησὶν,
3535 1102 3609 1161 εἱς
3671 1101 3856 1172 ὁμοιο·

2217 1199 2353 1266 μερῆ
2406 1189 2693 1267 διαιρεῖται
2748 1189 2885 1264 μέρη
2918 1193 2953 1260 ἡ
2981 1192 3134 1266 ψυχή
3161 1210 3173 1224 ’
3206 1194 3285 1262 τῷ
3313 1193 3417 1265 γάρ
3446 1210 3532 1244 τοι
3564 1188 3615 1243 ἐν
3650 1193 3728 1260 τῷ
3755 1188 3856 1243 σώ-

2217 1300 2343 1351 ματι
2377 1276 2720 1356 διαιρεῖσθιοι,
2768 1280 2858 1334 καὶ
2887 1279 3024 1348 αὖτή
3074 1276 3485 1355 συνδιαιρεῖται,
3518 1278 3593 1339 ὡς
3636 1276 3723 1332 ἐπὶ
3751 1282 3855 1331 τῶν

2215 1373 2393 1446 φυτῶν
2424 1368 2515 1423 καὶ
2540 1372 2646 1422 τῶν
2678 1366 2946 1441 ἑντόμων.

2283 1477 2409 1531 ’Ότι
2438 1476 2473 1544 ἡ
2510 1475 2603 1547 μιν
2636 1473 2836 1550 ἄλογος
2864 1475 3017 1551 ψυχὴ
3049 1475 3135 1529 moi
3178 1476 3213 1545 ἡ
3274 1475 3496 1552 φυτική,
3554 1472 3860 1549 ὄντελὲχεια

2215 1562 2413 1641 λέγοιτ’
2442 1561 2502 1618 ἂν
2528 1567 2623 1618 τοῦ
2655 1564 2928 1635 σώματος,
2960 1565 3033 1626 ὡς
3067 1561 3207 1626 εἶδος
3250 1563 3301 1619 ἂν
3336 1563 3466 1639 ὕλῃ,
3517 1563 3605 1617 καὶ
3642 1564 3715 1624 ὡς
3770 1563 3860 1617 οὐ·

2214 1653 2301 1725 σίᾳ
2327 1650 2611 1708 τελειοῦσα
2647 1654 2711 1709 τὸ
2769 1652 3146 1725 ὑποκείμενον,
3199 1654 3289 1709 καὶ
3331 1653 3639 1729 ἀχώριστος
3693 1651 3863 1727 ἆπάρ-

2212 1763 2391 1818 χουσα
2438 1743 2622 1798 αὐτοῦ.
2677 1742 2839 1806 Τίνος
2889 1740 2992 1819 γάρ
3054 1741 3200 1798 ἔσται
3242 1741 3524 1811 τελειότης
3576 1744 3607 1811 ἡ
3662 1741 3863 1814 suum},

2209 1833 2363 1907 ψυχὴ
2399 1836 2735 1907 χωρισθεῖσα
2780 1835 2879 1885 τοῦ
2927 1831 3225 1904 σώματος;
3282 1829 3627 1905 Ἐντελὲχεια
3680 1827 3739 1884 δὲ
3778 1828 3869 1883 καὶ

2209 1920 2243 1982 ἡ
2280 1917 2476 1995 λογικὴ
2504 1919 2658 1993 ψυχὴ
2692 1918 2890 1993 λέγοιτ’
2920 1917 3004 1985 ἃν,
3038 1916 3143 1994 οὐχ
3173 1918 3249 1981 ὡς
3298 1921 3367 1993 τῇ
3400 1918 3558 1988 οὐσίᾳ
3586 1916 3872 1972 τελειοῦσι

2208 2008 2270 2062 τὸ
2328 2007 2705 2080 ὑποκείμενον,
2765 2006 2912 2063 ἀλλὰ
2963 2010 3031 2081 τῇ
3092 2007 3350 2083 ἰνεργείᾳ.
3409 2007 3508 2062 Καὶ
3558 2007 3633 2068 ὡς
3685 2008 3712 2061 6
3771 2027 3872 2060 κυ-

2212 2091 2482 2171 ϐερνήτης
2537 2099 2599 2151 τὸ
2649 2096 2846 2151 πλοῖον
2900 2094 3106 2151 τελειοῖ
3134 2094 3226 2151 καί
3279 2096 3478 2151 τάττει·
3513 2092 3599 2149 διὸ
3624 2094 3714 2149 καὶ
3750 2113 3871 2169 χωρ

2214 2188 2366 2259 ριστή
2430 2185 2569 2242 ἔστιν
2628 2185 2814 2241 αὐτοῦ.
2878 2184 3106 2240 Δύναται
3139 2184 3234 2258 μέν
3269 2206 3352 2241 τοι
3403 2185 3538 2240 κατά
3584 2205 3708 2238 τινα
3736 2185 3871 2257 τρόο

2212 2295 2311 2330 πον
2346 2272 2595 2350 λέγεσθαι
2626 2276 2716 2330 καὶ
2765 2277 2800 2344 ἡ
2834 2271 3030 2350 λογικὴ
3062 2274 3215 2349 ψυχὴ
3248 2274 3562 2349 ἀχώριστος
3607 2272 3741 2326 εἶναι
3772 2276 3875 2327 τοῦ

2213 2365 2491 2436 σώματος,
2537 2363 2668 2418 καθό
2701 2364 2839 2418 ἐστιν
2893 2362 3223 2438 ἐντελέχεια.
3282 2363 3396 2424 Τὰς
3442 2362 3545 2437 γὰρ
3598 2360 3872 2436 ἐνεργείας

2212 2454 2331 2517 καθ’
2388 2452 2450 2517 ἃς
2501 2452 2707 2508 τελειοῖ
2762 2454 2824 2507 τὸ
2885 2457 3043 2524 ζῶον,
3101 2455 3324 2507 κινοῦσα
3375 2450 3505 2506 αὐτὸ
3532 2449 3771 2506 τοιῶσδε
3832 2452 3865 2518 ἢ

2211 2540 2462 2609 τοιῶσδε,
2505 2541 2832 2617 ἀχωρίστως
2888 2536 3004 2616 ἔχει
3057 2544 3154 2595 τοῦ
3213 2541 3491 2613 σώματος.
3550 2538 3876 2610 Ἐξελθοῦσα

2212 2634 2311 2707 γὰρ
2371 2631 2556 2698 αὑτοῦ,
2603 2630 2781 2686 οὐκετι
2835 2630 3031 2693 ταύτας
3086 2629 3386 2705 ἐνεργήσει·
3449 2630 3566 2705 εἶχε
3618 2629 3724 2705 γὰρ
3776 2628 3870 2683 αὖ·

2211 2721 2308 2782 τὰς
2338 2719 2398 2774 ἐκ
2428 2727 2526 2789 τῆς
2557 2721 2797 2795 σχέσεως
2826 2722 2927 2789 τῆς
2970 2720 3105 2793 πρὸς
3151 2720 3213 2774 τὸ
3265 2723 3444 2791 σῶμα’
3505 2718 3647 2772 ὣστε
3704 2718 3869 2789 ταύτῃ

2213 2811 2344 2864 καθὸ
2402 2808 2713 2885 ὲντεΛὲχειά
2769 2809 2901 2881 ἐστι,
2935 2807 3081 2883 λὲγω
3134 2805 3200 2877 δὴ
3251 2808 3385 2863 κατὰ
3411 2804 3574 2862 τάσδε
3598 2809 3695 2869 τὰς
3727 2806 3871 2882 ἐνερ-

2212 2898 2383 2975 γείας,
2444 2898 2753 2974 ἆχώριστος
2808 2896 2867 2953 ἂν
2922 2896 3006 2968 εἴη
3068 2903 3162 2953 τοῦ
3215 2896 3485 2970 σώματος·
3548 2896 3736 2971 ὥσπερ
3784 2896 3870 2950 καὶ

2211 2992 2309 3043 τοῦ
2372 2982 2707 3062 κυϐερνήτου
2785 2988 2840 3041 αἱ
2904 2988 2981 3049 ὡς
3045 2981 3381 3063 κυϐερνήτου
3457 2984 3724 3060 ἐνέργειαι
3771 2988 3868 3039 τοῦ

2214 3074 2415 3131 πλοίου
2444 3075 2575 3131 είσὶν
2611 3076 2937 3151 ἀχώριστοι,
2980 3074 3071 3131 καὶ
3102 3076 3399 3151 χωρίζεται
3434 3075 3526 3148 μὶν
3588 3075 3617 3128 6
3661 3075 3869 3147 ἄνθρω-

450 3146 809 3241 gubernator
874 3146 1149 3237 quidem,
1208 3164 1315 3221 etsi
1383 3146 1555 3237 agat,
1621 3163 1801 3221 simul
1868 3180 1903 3219 a
1969 3163 2101 3218 navi

2217 3187 2334 3229 πος.
2365 3167 2454 3228 Ὠς
2490 3164 2583 3238 μὲν
2615 3146 2701 3221 τὸί
2740 3146 3204 3242 ⁷κιιόερνήτης-ίῗὸν
3252 3164 3303 3220 ὗν
3354 3146 3593 3239 ἆνεργείᾳ
3648 3146 3769 3236 ἅμα
3810 3182 3870 3216 τε

450 3258 754 3330 sejunctas
818 3259 943 3324 est,
1021 3258 1327 3327 corruptas
1394 3255 1570 3310 habet
1634 3253 1926 3325 ejusmodi
2000 3269 2099 3308 ac-

447 3347 661 3404 tiones.

519 3453 795 3509 Omnium
824 3451 1152 3525 vcgetantis
1202 3451 1406 3506 animas
1447 3454 1805 3523 potestatum
1848 3449 2102 3506 nobilis-

447 3544 660 3600 simam
695 3543 864 3597 aiunt
908 3557 1036 3595 esse
1066 3540 1181 3594 vim
1231 3541 1574 3611 generandi,
1607 3541 1928 3596 secundam
1961 3557 2100 3595 auc-

446 3634 677 3701 tricem,
709 3630 941 3684 tertiam
977 3628 1240 3684 altricem
1270 3646 1282 3683 :
1308 3646 1445 3684 nam
1478 3630 1729 3700 speciem
1763 3646 2104 3684 conservare

450 3718 669 3775 altricis
702 3732 850 3787 opus
899 3721 991 3770 est
1023 3733 1035 3771 :
1071 3715 1275 3769 tandiu
1324 3716 1478 3769 enim
1536 3715 1805 3781 vivimus,
1839 3716 2103 3785 quandiu

453 3807 686 3861 alimur.
719 3804 1010 3859 Auctricis
1052 3809 1247 3859 autem
1297 3808 1406 3869 est,
1439 3804 1509 3858 ad
1564 3805 1883 3873 perfectum
1914 3814 1963 3858 et
2002 3821 2101 3859 na-

453 3893 704 3950 turalem
738 3892 982 3948 modum
1015 3891 1303 3946 deducere
1338 3893 1408 3946 ad
1442 3908 1618 3962 quem
1651 3908 1783 3946 cum
1817 3892 2107 3947 evaserint

454 3982 736 4039 animalia
766 3987 831 4051 ξεί
880 3980 1112 4051 plantis,
1164 3980 1234 4034 ad
1284 3980 1841 4051 przestantissimum
1882 3986 2103 4036 naturae

454 4072 654 4135 ﬁnem,
704 4069 812 4126 hoc
863 4074 971 4137 est,
1005 4069 1077 4123 ad
1133 4069 1453 4140 generandi
1504 4074 1872 4138 potestatem,
1900 4087 2102 4143 perve-

454 4164 688 4217 nerunt.
724 4161 779 4214 Is
809 4159 967 4215 enim
1000 4161 1088 4213 est
1120 4162 1345 4213 natura:
1383 4158 1627 4213 ultimus
1658 4164 1714 4214 et
1745 4160 2105 4231 perfectissi-

454 4269 585 4307 mus
629 4266 844 4322 scopus
899 4252 1137 4320 propter
1184 4247 1526 4304 aeternitatis
1556 4248 2105 4318 etlimmortalitatis

453 4342 513 4395 in
563 4338 781 4412 genitis
829 4336 1188 4393 animalibus
1246 4338 1651 4408 cupiditatem,
1695 4355 1820 4408 qum
1871 4355 2104 4394 succes-

453 4430 619 4485 sione
669 4431 1066 4498 comparatur.
1098 4426 1337 4481 Auctrix
1381 4427 1579 4499 itaque
1611 4428 1894 4482 rationem
1918 4428 2105 4499 [habet

2207 3256 2539 3331 κεχώρισται
2568 3261 2669 3325 τῆς
2692 3255 2942 3324 νεὼς,καί
2972 3254 3309 3333 ἐφθαρμένας
3336 3248 3453 3329 ἔχει
3482 3252 3580 3315 τὰς
3608 3250 3868 3313 τοιαύτας

2210 3341 2498 3420 ἐνεργείας.

2281 3452 2405 3531 ’Ότι
2450 3449 2729 3526 κρείττων,
2784 3449 2960 3527 φασὶ,
3019 3453 3204 3504 πασῶν
3254 3451 3343 3505 καὶ
3396 3450 3699 3523 τιμιωτιρα
3757 3453 3871 3504 τῶν

2210 3546 2311 3609 τῆς
2344 3546 2575 3614 φυτικῆς
2641 3542 2828 3613 ψυχῆς
2885 3536 3162 3611 δυνάμεων
3209 3540 3243 3608 ἠ
3275 3540 3561 3613 γυνητική·
3616 3534 3876 3609 δεύτερον

2215 3626 2272 3683 δὲ
2319 3631 2353 3697 ἡ
2386 3627 2671 3700 αὐξητικὴ,
2724 3626 2811 3682 καὶ
2851 3626 3033 3703 τρίτον
3071 3630 3105 3696 ἡ
3148 3629 3431 3701 θρεπτική.
3462 3632 3569 3694 Τῆς
3620 3626 3717 3696 μὲν
3769 3628 3880 3701 γὰρ

2214 3720 2506 3793 θρεπτικῆς
2539 3714 2696 3792 ἔργον
2722 3716 2831 3771 ἔστί
2875 3716 2938 3770 τὸ
2991 3716 3179 3784 σώζειν
3238 3716 3300 3770 τὸ
3348 3713 3507 3776 εἶδοςο
3546 3717 3718 3789 μέχρι
3770 3717 3879 3790 γὰρ

2211 3806 2473 3863 τοσούτου
2500 3806 2805 3879 σωζόμεθα,
2863 3802 2971 3867 ’ἕως
3030 3806 3087 3859 ἃν
3119 3806 3463 3882 τρεφώμεθα.
3525 3806 3642 3873 Τῆς
3676 3802 3743 3859 δὲ
3777 3804 3881 3860 αὗ-

2213 3896 2457 3967 ξητικῆς,
2511 3893 2573 3947 τὸ
2621 3893 2696 3954 είς
2743 3892 2806 3945 τὸ
2853 3890 3063 3946 τέλειον
3113 3892 3198 3946 καὶ
3260 3894 3397 3947 κατὰ
3455 3893 3611 3968 φύσιν
3670 3894 3887 3966 μέτρον

2214 3984 2455 4059 ἀγαγεῖν,
2508 3981 2584 4045 είς
2628 3982 2657 4036 ὂ
2705 3980 2967 4057 γενόμενα
2995 3980 3061 4035 τά
3090 4002 3148 4035 τε
3182 3985 3294 4050 ζῶα
3340 3982 3430 4035 καὶ
3460 3980 3526 4035 τὰ
3557 3981 3727 4058 φυτὰ,
3793 3982 3885 4036 ἐπὶ

2212 4072 2274 4126 τὸ
2330 4072 2745 4144 σκοπιμώτατον
2795 4076 2896 4139 τῆς
2956 4069 3165 4147 φύσεως
3220 4068 3403 4139 τέλος,
3446 4068 3592 4143 λέγω
3649 4067 3727 4141 δὴ
3782 4073 3886 4137 τήν

2211 4160 2530 4235 γεννητικὴν
2591 4156 2838 4231 δύναμιν,
2896 4157 3294 4232 παραγίνεται.
3364 4156 3538 4219 Οὗτος
3608 4158 3720 4232 γὰρ
3784 4166 3884 4227 τῆς

2214 4248 2422 4327 φύσεως
2479 4248 2506 4302 6
2563 4245 2928 4309 τελικώτατος
2979 4246 3178 4308 σκοπὸς
3239 4244 3329 4301 διὰ
3380 4248 3480 4315 τὴν
3539 4242 3727 4324 ἔφεσιν
3784 4251 3884 4311 τῆς

2212 4337 2523 4409 ἀϊδιότητος
2552 4343 2651 4406 τῆς
2680 4336 2969 4398 ἀθανασίας
2998 4342 3114 4398 τοῖς
3165 4342 3445 4411 γεννητοῖς
3508 4336 3696 4407 ζώοις,
3766 4337 3883 4390 ἑπι-

2214 4430 2509 4499 σκευαστῆς
2538 4428 2609 4497 τῇ
2668 4423 2905 4501 διαδοχῇ
2958 4424 3269 4500 γενομένης·
3320 4424 3458 4479 ὣστε
3515 4426 3548 4493 ἡ
3616 4426 3718 4496 μὶν
3784 4425 3881 4479 αὖ·

457 4517 711 4574 materia:
770 4516 839 4571 ad
898 4515 1219 4587 generandi
1273 4515 1413 4586 vim,
1463 4517 1536 4571 ad
1596 4517 1912 4573 auctricem
1970 4534 2104 4572 vero

2217 4517 2404 4591 ξητική
2464 4516 2598 4582 ὕλης
2627 4514 2814 4591 ὶπὲχει
2861 4514 3025 4591 λόγον
3060 4515 3194 4590 πρὸς
3223 4516 3321 4584 τὴν
3345 4517 3701 4589 γεννητικήν,
3741 4514 3886 4585 Πρὸς

458 4606 650 4662 altrix.

528 4695 611 4749 Ad
635 4692 966 4748 Aristotelis
999 4693 1287 4762 animum,
1312 4709 1479 4748 mens
1500 4693 1826 4749 entelechia
1848 4696 2108 4766 corporis

460 4784 572 4839 dici
620 4786 856 4854 potest:
892 4782 1140 4853 ideoque
1190 4783 1262 4836 ab
1311 4799 1376 4836 eo
1425 4782 1686 4854 separari
1737 4784 1957 4853 nequit,
1992 4801 2107 4839 non

460 4872 815 4940 substantia,
849 4888 1037 4942 neque
1068 4871 1343 4927 omnibus
1367 4872 1491 4927 suis
1524 4872 1879 4941 actionibus,
1902 4874 2003 4929 sed
2034 4874 2108 4929 iis

460 4968 889 5035 tantum,quas
938 4977 1007 5015 ex
1047 4961 1247 5016 habitu
1291 4967 1349 5016 et
1400 4961 1706 5017 atYectione
1754 4964 1823 5017 ad
1872 4980 2108 5036 corpus,

460 5054 651 5109 habet.
684 5054 941 5117 Quarum
974 5051 1277 5121 pracipuae
1309 5055 1448 5106 sunt
1477 5052 1767 5121 eﬁ‘ectivaa,
1793 5052 1881 5107 has
1912 5058 2105 5109 autem

456 5144 715 5198 actiones
748 5140 1006 5212 separari
1042 5157 1073 5194 a
1105 5155 1345 5212 corpore
1380 5157 1493 5195 non
1528 5146 1776 5211 possunt
1809 5160 1821 5197 :
1856 5159 1990 5197 nam
2025 5144 2107 5198 si-

462 5230 580 5287 mul
619 5248 685 5286 ac
717 5234 1060 5300 corruptum
1095 5234 1184 5284 est
1215 5246 1574 5302 corpus,una
1604 5248 1837 5303 quoque
1869 5237 2114 5303 pereunt

453 5320 538 5375 hac
572 5319 787 5375 mentis
819 5319 1102 5386 actiones,
1126 5335 1273 5390 quas
1302 5337 1371 5375 ex
1401 5321 1814 5391 conjunctione
1846 5322 2107 5393 corporis

452 5408 708 5464 habebat
742 5424 754 5463 :
787 5412 843 5463 et
873 5408 1371 5479 quemadmodum
1405 5410 1785 5481 gubernator,
1812 5411 1912 5482 qui
1947 5411 2108 5467 navis

454 5497 634 5554 motio
665 5500 776 5567 est,
811 5497 949 5569 quia
978 5514 1091 5551 non
1124 5502 1354 5553 tantum
1385 5498 1764 5569 gubernator,
1797 5500 1897 5554 sed
1929 5500 2105 5556 etiam

454 5588 625 5643 homo
657 5591 765 5653 est,
794 5590 851 5641 et
881 5603 995 5657 qua
1027 5585 1201 5642 homo
1233 5591 1342 5657 est,
1377 5602 1624 5643 manens
1657 5591 1822 5643 actus
1855 5605 1956 5645 seu
1991 5607 2109 5646 mo-

2218 4605 2275 4662 δὶ
2301 4609 2398 4675 τήν
2427 4605 2720 4676 αὐξητικὴν
2750 4606 2783 4673 ή
2819 4606 3105 4680 θρεπτική.

2284 4698 2407 4753 Ὃτι
2452 4697 2479 4750 6
2511 4698 2635 4756 νοῦς
2676 4694 2811 4748 κατὰ
2869 4691 3256 4769 Ἀριστοτέλην
3319 4690 3524 4746 δύναιτ’
3576 4692 3642 4745 ἃν
3677 4690 3884 4747 ιντελέ-

2216 4804 2343 4860 χεια
2370 4789 2465 4839 τοῦ
2514 4784 2764 4856 σώματος
2811 4780 3079 4857 λέγεσθαι,
3122 4782 3211 4835 καὶ
3254 4782 3391 4835 κατὰ
3422 4784 3583 4835 τοῦτο
3646 4780 3863 4856 ἀχώρι-

2218 4874 2341 4936 στός
2370 4875 2479 4929 ἐστι
2509 4876 2605 4928 τοῦ
2650 4872 2926 4945 σώματος,
2976 4868 3098 4926 οὔτε
3124 4875 3193 4945 τῇ
3253 4870 3430 4941 οὐσίᾳ,
3490 4865 3617 4924 οὔτε
3679 4872 3881 4927 πάσαις

2218 4962 2379 5018 αὐτοῦ
2434 4967 2555 5023 ταῖς
2614 4958 2930 5037 ἐνεργείαις.
2993 4958 3138 5013 ἀλλὰ
3174 4958 3419 5030 ταύταις,
3480 4955 3542 5019 ἅς
3597 4956 3764 5033 ’ἴσχει
3821 4956 3881 5011 ἐκ

2215 5056 2312 5121 τῆς
2370 5052 2606 5126 σχὲσεως
2666 5056 2767 5119 τῆς
2798 5051 2932 5125 πρὸς
2961 5049 3023 5103 τὸ
3072 5053 3252 5122 σῶμα,
3309 5048 3382 5101 ὢν
3450 5044 3695 5120 μάλιστά
3744 5047 3878 5100 εἰσιν

2220 5145 2273 5197 αἱ
2329 5140 2653 5217 πρακτικαί.
2716 5140 2886 5194 Αὗται
2945 5136 3002 5194 δὲ
3073 5139 3332 5213 ἐνέργειαι
3391 5136 3708 5212 ἀχώριστοι
3776 5134 3885 5189 εἲσῖ

2216 5236 2313 5287 τοῦ
2374 5232 2672 5302 σώματος·
2732 5229 2843 5302 ἁμα
2916 5228 3016 5305 γὰρ
3075 5232 3155 5300 τῷ
3207 5232 3475 5303 φθαρῆναι
3549 5225 3613 5280 τὸ
3688 5226 3879 5297 σῶμα,

2218 5320 2636 5399 συμφθείρονται
2680 5317 2767 5372 καὶ
2801 5319 2855 5371 αἱ
2883 5320 3129 5371 τοίαῦται
3185 5319 3281 5371 τοῦ
3336 5319 3432 5369 νοῦ
3488 5312 3792 5389 ἒνὲργειιι,
3829 5315 3891 5374 ἇς

2219 5412 2279 5466 ὲκ
2324 5417 2423 5479 τῆς
2470 5409 2708 5484 σχέσεως
2766 5403 2895 5481 ἔσχε
2950 5410 3046 5459 τοῦ
3100 5405 3385 5477 σώματος.
3442 5401 3543 5457 Καὶ
3602 5401 3799 5477 ὥσπερ
3865 5404 3894 5457 6

2217 5495 2578 5575 κυϐερνήτης,
2639 5494 2952 5570 ἐντελέχεια
3009 5492 3081 5548 ὥν
3136 5500 3235 5563 τῆς
3291 5492 3447 5564 νεὼς,
3481 5488 3675 5559 ἔπειδὴ
3713 5488 3787 5559 δὴ
3825 5493 3895 5548 οὔ

2223 5592 2384 5664 μόνον
2419 5582 2758 5664 κυϐερνήτης
2797 5584 2960 5656 ἐστὶν,
3008 5581 3156 5639 ἀλλὰ
3185 5585 3273 5638 καί
3337 5584 3364 5637 6
3426 5583 3749 5657 ἄνθρωπος,
3813 5582 3895 5645 ὡς
