4054 6200
183 404 211 461 ί
229 402 351 463 0³73

1680 402 1784 463 DE
1827 401 2107 462 ANIMA.

3464 414 3621 473 1074

180 530 240 588 δὲ
299 530 580 609 ἅνθρωπος
643 537 821 611 μένων
868 536 1179 614 ἐντελέχεια
1223 546 1323 610 τῆς
1364 540 1518 609 νεὼς,
1548 536 1716 607 ταύτῃ
1744 553 1832 587 και

1948 533 2028 589 tio
2059 534 2227 590 navis
2257 552 2270 591 :
2306 536 2391 592 sic
2421 536 2597 592 etiam
2653 538 2726 594 ab
2775 555 2842 594 eo
2888 556 3004 594 non
3038 540 3166 611 quit
3220 544 3502 612 separari,
3533 544 3615 601 ita

176 621 492 698 ἀχώριστός
551 624 714 680 ἔστιν’
751 625 894 682 οὕτω
952 628 1041 682 καὶ
1102 631 1136 698 ἡ
1192 630 1433 704 ἡμετέρα
1491 626 1669 702 φυγὴ,
1703 621 1847 677 ἐντε-

1958 623 2132 679 etiam
2190 625 2425 681 animus
2473 631 2693 696 noster,
2725 629 2825 699 qui
2878 630 3086 684 animis
3136 630 3316 686 motio
3365 638 3472 698 est,
3504 633 3613 689 hoc

176 710 378 786 λέχεια
438 713 568 769 οὖσα
619 721 720 771 τοῦ
776 718 1054 790 σώματος,
1085 719 1254 793 ταύτῃ
1308 715 1433 773 ἄνευ
1464 717 1719 789 σώματος
1750 710 1834 765 οὖν

1959 719 2126 784 pacto
2178 715 2303 769 sine
2357 733 2597 788 corpore
2628 734 2757 773 esse
2788 720 3011 789 nequit,
3045 721 3144 775 sed
3176 721 3453 790 quoniam
3504 721 3609 777 ali-

184 799 246 855 ἂν
284 798 398 873 εἴη.
433 802 654 873 Ἐπειδή
688 803 744 861 δὲ
776 800 894 882 ἕχει
923 808 1073 869 τινὰς
1123 808 1212 862 καὶ
1266 808 1544 883 χωριστὰς
1593 804 1846 876 σώματος

172 890 475 967 ἐνεργείας,
508 894 601 957 τὰς
651 897 772 970 περί
819 901 928 951 τῶν
978 901 1190 967 νοητῶν
1240 919 1406 974 φημι,
1441 896 1515 957 εἰς
1550 894 1610 957 ’ἀς
1645 893 1708 946 οὐ
1746 888 1844 963 μό·

166 1002 263 1035 νον
319 982 381 1037 οὐ
425 977 800 1056 συμϐάλλεται
857 986 919 1039 τὸ
961 990 1140 1059 σῶμα,
1175 985 1321 1042 ἀλλά
1372 985 1463 1040 καὶ
1527 979 1841 1058 ἐμποδίζει-

167 1067 458 1145 πρόδηλον
492 1071 573 1127 ὅτι
608 1074 696 1127 καὶ
724 1074 822 1142 τὴν
858 1072 1040 1129 οὐσίαν
1073 1072 1177 1146 ἳξει
1207 1076 1490 1151 χωριστὴν
1546 1077 1672 1134 νοῦς
1721 1071 1845 1129 τότε

168 1159 310 1215 οῦσα
340 1162 427 1216 καὶ
459 1160 755 1238 λεγομένη,
788 1163 966 1219 οὖκὲτι
1002 1165 1097 1238 μὲν
1128 1187 1217 1221 τοι
1251 1168 1404 1241 ψυχὴ
1453 1164 1497 1219 εί
1549 1164 1626 1237 μὴ
1682 1159 1840 1216 δυνά-

169 1270 304 1320 μει·
350 1251 529 1328 ὥσπερ
584 1250 674 1307 καί
732 1251 784 1308 ἐν
843 1256 1056 1328 σώματι
1118 1256 1269 1325 οῦσα,
1322 1255 1384 1310 οὐ
1437 1252 1666 1328 δυνάμει
1730 1250 1840 1307 ἐστὶ

170 1358 333 1400 νους.

248 1448 378 1501 ’Ὁτι
436 1447 500 1501 τὰ
551 1452 685 1519 ζῶα,
744 1450 899 1526 φησὶ,
965 1449 1180 1526 μετέχει
1239 1458 1342 1522 τῆς
1409 1457 1702 1523 θρεπικῆς
1750 1449 1839 1503 καὶ

185 1534 514 1605 αἰσθητικῆς
575 1534 892 1611 δυνάμεως·
956 1536 1045 1594 διὰ
1102 1538 1160 1595 δὲ
1214 1542 1313 1610 τήν
1374 1541 1694 1610 αἰσθητικὴν
1751 1535 1840 1594 καὶ

164 1630 273 1692 τῆς
333 1623 639 1699 όρεκτικῆς,
690 1628 778 1680 καὶ
840 1627 1245 1697 κατασκευάζει,
1306 1628 1389 1684 δτι
1443 1628 1658 1689 πάντως
1716 1624 1840 1682 ἔνθα

168 1709 274 1767 κᾶν
342 1713 440 1784 μία
494 1712 741 1784 αἴσθησις
800 1715 855 1791 ᾖ,
918 1716 1120 1792 ἀνάγκη
1179 1719 1309 1773 εἶναι
1381 1717 1669 1790 ἐπιθυμίαν
1748 1717 1836 1771 καὶ

177 1797 381 1877 ὕρεξιν.
410 1804 509 1857 Διά
564 1808 724 1859 τοῦτο
771 1803 862 1859 οῦν
909 1807 977 1861 τὰ
1026 1810 1137 1876 ζῶα
1177 1806 1421 1878 αἶ’σθησιν
1481 1801 1599 1881 ἔχει
1640 1807 1836 1860 πάντα·

1957 818 2107 873 quas
2157 802 2333 859 habet
2366 822 2396 859 a
2430 822 2669 877 corpore
2702 807 3059 879 separabiles
3111 807 3389 875 actiones,
3417 810 3487 865 de
3518 826 3605 866 re-

1954 891 2066 946 bus
2100 892 2543 950 intellectilibus
2576 894 2726 961 dico,
2752 897 2821 951 ad
2855 914 3004 969 quas
3037 914 3146 952 non
3175 899 3452 954 conducit
3480 916 3605 954 cor-

1955 996 2087 1051 pus,
2114 982 2212 1037 sed
2246 999 2345 1038 eas
2367 984 2541 1039 etiam
2574 984 2842 1056 impedit,
2868 986 3245 1042 manifestum
3269 993 3360 1043 est
3390 989 3606 1045 mentis

1954 1070 2345 1141 separabilem
2380 1072 2500 1128 fore
2550 1074 2965 1142 substantiam,
3000 1092 3126 1146 quea
3175 1080 3315 1132 tunc
3346 1081 3403 1132 et
3433 1094 3603 1133 mens

1953 1165 2063 1227 est,
2095 1164 2152 1214 et
2181 1160 2415 1228 dicitur,
2449 1166 2507 1218 at
2536 1179 2649 1218 non
2684 1164 2883 1219 anima
2910 1163 3025 1220 nisi
3057 1168 3343 1236 potestate
3369 1183 3381 1222 :
3405 1183 3605 1238 quem-

1952 1248 2270 1305 admodum
2298 1251 2474 1306 etiam
2507 1268 2640 1307 cum
2674 1257 2764 1308 est
2793 1252 2852 1307 in
2884 1269 3145 1326 corpore,
3170 1271 3283 1310 non
3316 1260 3405 1311 est
3434 1272 3602 1313 mens

1952 1341 2258 1408 potestate.

2022 1445 2339 1511 Animalia,
2363 1446 2574 1518 inquit,
2599 1448 2791 1505 alendi
2815 1455 2869 1505 et
2900 1450 3189 1506 sentiendi
3209 1452 3329 1507 vim
3359 1452 3599 1519 habent,

1950 1537 2007 1589 et
2038 1551 2141 1605 per
2170 1536 2459 1591 sentiendi
2485 1542 2855 1609 potestatem,
2882 1539 3055 1594 etiam
3084 1542 3595 1611 appetendi.Quod

1950 1623 2033 1679 sic
2064 1624 2290 1695 probat,
2326 1627 2465 1698 quia
2497 1628 2593 1681 ubi
2622 1628 2707 1682 vel
2738 1645 2893 1683 unus
2923 1645 3136 1684 sensus
3166 1631 3363 1699 fuerit,
3390 1630 3471 1697 ibi
3501 1648 3596 1685 cu-

1949 1710 2251 1781 piditatem
2285 1717 2338 1767 et
2378 1714 2771 1785 appetentiam
2821 1733 2949 1771 esse
2980 1733 3217 1773 necesse
3265 1723 3375 1772 est.
3409 1710 3597 1783 Quare

1950 1800 2228 1857 animalia
2258 1802 2457 1858 omnia
2486 1820 2726 1859 sensum
2760 1805 2976 1861 habent
3001 1822 3014 1861 :
3039 1807 3097 1861 in
3130 1807 3407 1862 omnibus
3436 1808 3593 1863 enim

166 1890 230 1945 ἐν
289 1897 418 1946 πᾶσι
466 1892 569 1968 γὰρ
621 1894 835 1955 πάντως
880 1894 1020 1949 ἐστὶν
1055 1897 1089 1964 ἡ
1124 1897 1255 1974 ἁφὴ,
1289 1893 1384 1951 κᾶν
1436 1898 1509 1969 μή
1558 1917 1642 1957 τις
1688 1892 1834 1964 ἄλλη

1949 1890 2188 1945 omnino
2214 1896 2302 1947 est
2328 1896 2542 1963 tactus,
2576 1893 2685 1949 etsi
2734 1894 2936 1950 nullus
2967 1895 3043 1950 sit
3075 1895 3226 1951 alius
3257 1913 3487 1951 sensus.
3524 1900 3596 1951 At

166 1984 284 2035 τῶν
350 1980 671 2052 αἰσθήσεων.
704 1984 765 2040 Ἡ
822 1980 880 2038 δὶ
946 1981 1195 2054 αἴσθησις
1241 1990 1337 2040 τοῦ
1385 1982 1546 2054 ἡδέος
1595 1984 1684 2040 καὶ
1740 1988 1838 2040 τοῦ

174 2066 437 2143 λυπηροῦ
467 2065 959 2143 ἀντιλαμϐάνεταισ
996 2071 1121 2137 ἔνθα
1170 2070 1236 2142 δὴ
1281 2074 1343 2129 τὸ
1386 2071 1513 2144 ἡδὺ,
1543 2073 1654 2129 ἐκεῖ
1704 2076 1839 2129 πάν-

169 2178 285 2219 τως
340 2159 427 2212 καὶ
484 2159 519 2228 ἡ
571 2158 831 2233 ἐπιθυμία
878 2161 969 2216 καὶ
1030 2157 1226 2236 ὄρεξις.
1272 2164 1334 2220 Ἦ
1404 2165 1508 2238 γὰρ
1576 2162 1841 2236 ἐπιθυμία

168 2250 274 2300 τοῦ
333 2244 494 2316 ἡδέος
545 2245 689 2303 ἐστὶν
744 2245 920 2327 ἔφεσις
952 2268 964 2283 ’
1025 2248 1191 2322 ἔνθεν,
1248 2250 1339 2306 καὶ
1391 2252 1458 2306 τὰ
1518 2247 1689 2325 μόνης
1742 2259 1839 2322 τῆς

172 2336 323 2405 ἁφῆς
361 2337 681 2412 μετέχοντα,
719 2339 950 2414 ὁρῶνται
993 2335 1325 2416 διαχεόμενα
1364 2341 1701 2415 προσιόντων
1734 2346 1839 2396 τῶν

168 2421 385 2493 ήδὲων·
422 2424 830 2500 συστελλόμενα
889 2425 966 2497 δὲ,
1021 2428 1274 2505 λυπηροῦ
1333 2452 1479 2495 τινος
1526 2430 1837 2506 προσπελά-

172 2534 392 2575 σαντος.
424 2515 625 2590 Ὁρίζει
670 2514 727 2571 δὶ
775 2518 873 2588 τήν
919 2514 1116 2594 ὄρεξιν,
1167 2519 1448 2594 ἐπιθυμίᾳ,
1486 2526 1665 2593 θυμῷ,
1705 2522 1838 2595 βου-

169 2601 357 2673 λήσει·
400 2600 621 2659 ἕκαστον
678 2606 782 2683 γὰρ
839 2608 1046 2663 τούτων
1107 2604 1279 2683 ὄρεξίς
1329 2611 1414 2673 τίς
1472 2609 1603 2666 ἐστι,
1656 2606 1837 2679 Δῆλον

162 2689 221 2746 δὶ
265 2691 351 2747 ὅτι
399 2692 549 2763 ἁπλῆ
607 2695 704 2767 μὲν
754 2692 927 2771 ὄρεξις
975 2702 1054 2769 τῷ
1104 2697 1408 2770 αἰσθητικῷ
1438 2696 1629 2761 ἁπλῶς
1666 2700 1835 2774 ὑπάρ-

162 2800 351 2856 χουσα
384 2782 646 2859 φαίνεται.
680 2784 761 2841 Οὐ
816 2791 961 2841 πᾶσα
992 2783 1049 2841 δὲ
1080 2782 1255 2859 ὄρεξις
1303 2788 1460 2843 παντὶ
1514 2788 1834 2860 αἱσθητικῷ⁶

167 2874 287 2930 τοῖς
343 2870 440 2941 μὶν
497 2871 596 2948 γὰρ
655 2874 755 2941 τὴν
814 2876 954 2951 ἁφὴν
1018 2875 1187 2949 μόνην
1250 2874 1471 2951 ἔχουσιν
1506 2876 1833 2946 ἡκατ⁹ἐπι-

171 2959 381 3030 θυμίαν
414 2958 645 3036 ὑπάρχει
680 2958 871 3039 ὅρεξις·
907 2971 1023 3026 τοῖς
1075 2962 1133 3019 δὲ
1181 2964 1354 3028 πάσας
1392 2965 1486 3028 τὰς
1538 2964 1834 3035 αἰσθήσεις,

170 3049 261 3101 καὶ
293 3051 331 3117 ἡ
387 3051 522 3103 κατὰ
581 3051 773 3123 θυμόν.
806 3053 1072 3128 Ὀρῶνται
1119 3055 1221 3131 γὰρ
1269 3056 1336 3109 τὰ
1383 3059 1605 3110 τοιαῦτα
1661 3054 1836 3127 ἀμυν-

178 3140 306 3192 τικὰ
339 3134 491 3196 ὄντα.
523 3140 586 3196 Ἡ
618 3138 675 3194 δὶ
709 3140 973 3216 βούλησις
1007 3143 1176 3215 μόνου
1208 3142 1321 3198 ἔστῖ
1346 3149 1443 3199 τοῦ
1475 3142 1666 3219 λόγου,
1699 3142 1838 3198 ὥστε

175 3227 496 3300 ὁμωνύμως
523 3229 557 3298 ἠ
592 3225 787 3303 ὄρεξις,
819 3231 909 3285 καὶ
940 3234 974 3300 ἡ
1017 3231 1279 3305 ἐπιθυμία
1311 3230 1367 3288 δὶ
1416 3233 1695 3295 ὡσαύτως.
1730 3233 1831 3289 Καὶ

168 3281 272 3391 γάρ
306 3319 344 3385 ἡ
382 3281 557 3390 ῦρεὲις
1165 3281 1384 3389 κῦινῶς,
1418 3320 1505 3375 ἐπί
1550 3343 1609 3376 τε
1651 3281 1832 3394 ξυμοῦ

1948 3315 2196 3387 demque
2251 3317 2543 3388 cupiditas
2589 3318 2983 3373 communiter
3034 3335 3047 3373 :

166 3403 254 3458 καὶ
321 3403 637 3476 ἐπιθυμίας,
668 3407 757 3460 καὶ
814 3411 910 3461 τοῦ
966 3407 1167 3483 λόγου·
1201 3408 1291 3464 καί
1348 3411 1451 3485 γὰρ
1508 3415 1617 3466 τῶν
1674 3412 1829 3466 θείων

166 3493 462 3568 ὀρέγεσθαί
522 3516 717 3572 φαμεν,
770 3495 860 3550 καὶ
936 3495 1246 3571 ἐπιστήμης
1318 3498 1618 3575 ὀρέγεσθαι.
1678 3504 1831 3557 "Eat:

159 3580 218 3637 δδ
247 3583 345 3637 καὶ
380 3580 698 3659 ΐδικώτερον
732 3584 999 3661 λεγομένη
1046 3583 1244 3663 ὄρεξις,
1279 3587 1364 3643 ἐπὶ
1424 3594 1530 3644 τῶν
1592 3595 1831 3667 φυσικῶν

158 3672 459 3741 κινήσεων,
521 3671 1082 3747 ἀντιδιαστελλομένη
1138 3677 1275 3751 πρὸς
1335 3678 1427 3731 τὸν
1484 3675 1672 3754 λόγον.
1734 3680 1834 3734 Καὶ

162 3759 436 3832 ἆπιθυμία
496 3760 777 3833 ὡσαύτως,
804 3764 839 3831 ἡ
879 3763 972 3835 μὶν
1032 3762 1144 3819 ἐστὶ
1196 3766 1380 3834 κοινὴ,
1412 3768 1447 3835 ἡ
1483 3764 1540 3821 δὲ
1589 3766 1830 3823 ἀντιδια-

172 3846 521 3921 στελλομινη
555 3850 690 3925 πρὸς
720 3851 911 3924 θυμὸν,
941 3851 1030 3906 καὶ
1059 3854 1150 3908 τὸν
1186 3853 1377 3931 λόγον.

234 3958 356 4011 Ὅτι
419 3957 483 4011 οὗ
536 3955 759 4031 λέγουσι
807 3958 870 4012 τὸ
921 3962 1037 4037 φῶς
1088 3966 1286 4035 σῶμα’
1329 3961 1445 4018 imi
1496 3962 1554 4019 δὲ
1611 3963 1832 4041 λέγουσί

166 4065 311 4107 τινες
342 4046 405 4099 τὸ
438 4050 553 4124 φῶς
586 4050 746 4120 σῶμα
797 4049 953 4119 εἶναι,
988 4048 1207 4127 λέγουσι
1260 4053 1488 4131 σφαῖράν
1538 4075 1660 4109 τινα
1719 4075 1833 4132 φω-

163 4134 256 4196 τὸς
314 4133 564 4207 προϊὶναι
624 4132 684 4189 ἐκ
738 4136 834 4190 τοῦ
892 4135 1079 4205 ἡλίου,
1131 4141 1278 4195 Ἐπεὶ
1343 4138 1399 4195 Si
1446 4143 1536 4196 καὶ
1592 4143 1619 4196 ὁ
1672 4141 1834 4212 ¹ἥλιος

168 4223 456 4299 σφαιρικός
491 4243 503 4254 ·
567 4222 677 4280 ἔστι
735 4222 792 4279 δὲ
849 4226 1134 4302 σφαιρικὸς
1183 4230 1271 4283 καὶ
1332 4231 1360 4284 ὁ
1419 4231 1568 4303 ἀήρ·
1627 4232 1829 4308 ἀνάγκη

162 4318 311 4367 πᾶσα
364 4314 466 4381 τὴν
524 4317 622 4368 τοῦ
673 4314 853 4392 φωτὸς
887 4320 1114 4393 σφαῖραν
1150 4323 1447 4391 προϊοῦσαν
1479 4322 1616 4393 πρὸς
1661 4324 1831 4395 ἡμᾶς,

162 4401 196 4469 ἢ
231 4399 397 4454 ὠθεῖν
429 4403 530 4471 τήν
560 4407 786 4480 σφαῖραν
828 4406 925 4457 τοῦ
977 4405 1158 4480 ἀέρος’
1191 4408 1279 4460 καὶ
1328 4405 1471 4463 οὕτω
1513 4410 1605 4464 τὸν
1662 4411 1830 4465 τόπον

162 4490 340 4558 αὐτῆς
369 4486 801 4569 καταλαϐοῦσαν,
836 4493 1088 4569 φωτίζειν
1122 4496 1213 4549 τὸν
1262 4497 1387 4573 περὶ
1434 4500 1581 4571 ἡμᾶς
1637 4499 1830 4557 τόπον.

164 4578 227 4635 Εἰ
260 4575 700 4653 καταλαμϐάνει,
735 4578 884 4637 ἔσται
940 4583 1092 4638 κενὸν
1151 4584 1310 4661 ἀέρος
1365 4588 1427 4641 τὸ
1486 4588 1829 4665 πεφωτισμὲ-

162 4689 254 4723 νον
314 4668 700 4746 ἡμισφαίριον,
763 4671 895 4747 ὅπερ
956 4670 1237 4732 ἀδύνατον.
1299 4675 1365 4730 Εἴ
1435 4674 1491 4731 δὲ
1543 4678 1619 4749 μὴ
1680 4677 1828 4745 ὠθεῖ,

164 4755 295 4813 οὐδὲ
354 4759 601 4835 φωτίζει,
663 4759 801 4816 ὥστε
863 4764 939 4835 μὴ
1000 4763 1397 4838 ἀφικνούμενον
1458 4764 1534 4829 εἷς
1585 4767 1830 4840 ἡμᾶς·εἶ

165 4843 220 4900 δὲ
253 4848 508 4921 χωρήσει
560 4845 630 4903 δι’
662 4847 849 4919 αὐτῆς,
885 4848 1031 4906 ἔσται
1084 4856 1245 4925 σῶμα
1296 4850 1387 4908 διὰ
1440 4853 1691 4927 σώματος
1737 4876 1829 4910 κε-

166 4935 451 5012 χωρηκός·
479 4934 511 4991 ὅ
538 4958 592 4991 τι
622 4958 721 5013 περ
754 4936 1035 4996 ἀδύνατον.
1080 4941 1148 4997 Εἴ
1201 4939 1258 4996 δὶ
1302 4940 1517 5016 λέξουσί
1563 4965 1722 5013 τινες,
1755 4945 1831 5007 ὡς

167 5023 313 5080 ἄλλο
349 5029 509 5097 σῶμα
567 5024 786 5081 δύναται
845 5036 1096 5104 χωρῆσαι
1148 5026 1237 5084 διὰ
1286 5032 1561 5104 σώματος·
1594 5033 1832 5106 μάλιστα

166 5114 263 5184 μὲν
293 5114 324 5167 ὁ
375 5112 541 5188 λόγος
582 5112 868 5178 ἀδύνατος.
900 5116 1059 5174 Οὕτω
1109 5118 1214 5194 γὰρ
1257 5117 1504 5191 ἤμελλεν
1536 5123 1563 5175 ὁ
1606 5121 1833 5197 οὐρανὸς

160 5202 214 5255 ἑν
270 5203 498 5277 κέγχρῳ
571 5200 825 5258 δύνασθαι
906 5203 1177 5281 λέγεσθαι.
1238 5208 1466 5264 Ἔπειτα
1521 5210 1565 5263 εἰ
1621 5207 1708 5265 διὰ
1765 5211 1828 5265 τὸ

161 5288 337 5345 ἄυλον
363 5291 521 5361 εἶναι,
554 5288 775 5347 δύναται
806 5300 1061 5369 χωρῆσαι
1099 5291 1189 5350 διά
1238 5300 1335 5349 τοῦ
1382 5299 1655 5371 σώματος,
1690 5300 1830 5375 ἰχώο

164 5399 329 5453 ρησεν
389 5377 447 5434 ἂν
504 5379 567 5434 οὐ
621 5381 784 5454 μόνον
854 5379 923 5436 δι’
974 5383 1151 5458 ἀέρος,
1186 5381 1334 5439 ἀλλά
1390 5386 1479 5440 καὶ
1537 5384 1606 5441 δι’
1654 5386 1828 5445 ἄλλου

167 5470 418 5524 ὁτουοῦν.
454 5469 547 5530 Τίς
606 5471 707 5545 γὰρ
766 5472 799 5540 ἡ
853 5471 1243 5547 ἀποκλήρωσις
1300 5470 1400 5543 εἷῆ,
1451 5473 1617 5531 ἄυλον
1671 5483 1831 5552 σῶμα

170 5555 263 5612 διὰ
289 5558 547 5631 σώματος
588 5558 722 5614 εἶναι
765 5564 1008 5637 χωροῦν,
1049 5563 1125 5635 μὴ
1179 5563 1270 5618 καὶ
1316 5561 1406 5619 διὰ
1464 5567 1660 5629 παντὸς
1710 5588 1828 5642 χω-

170 5652 321 5724 ρεῖν;
356 5645 496 5702 ὥστε
524 5641 632 5702 ἔδει
662 5650 751 5703 καὶ
788 5646 879 5704 διὰ
904 5654 1013 5706 τῶν
1043 5657 1271 5728 στερεῶν
1323 5654 1591 5728 σωμάτων
1646 5641 1832 5731 χωρῆ-

168 5758 263 5793 σαι
310 5736 375 5791 τὸ
426 5741 564 5817 φῶς·
602 5734 691 5793 διὰ
740 5746 843 5815 γῆς
895 5737 1060 5815 λέγω,
1100 5741 1191 5796 καὶ
1241 5747 1347 5816 τῷν
1399 5744 1628 5818 ὁμοίων.
1681 5745 1831 5801 Διατί

1950 1995 2160 2035 sensus
2182 1981 2517 2051 jucundum
2563 1988 2619 2037 et
2660 1982 2973 2039 molestum
3006 1986 3255 2056 percipit
3286 2002 3298 2040 :
3334 1985 3431 2040 ubi
3464 2002 3595 2040 vero

1941 2070 2298 2139 jucundum,
2327 2070 2406 2125 ibi
2437 2070 2731 2143 cupiditas
2761 2078 2818 2127 et
2848 2074 3186 2145 appetentia
3214 2074 3292 2129 sit
3320 2079 3548 2146 oportet
3581 2092 3594 2130 :

1949 2158 2240 2230 cupiditas
2261 2160 2414 2214 enim
2431 2160 2681 2231 jucundi
2704 2166 2795 2218 est
2818 2163 3115 2234 appetitus
3140 2180 3153 2217 :
3178 2167 3233 2218 et
3255 2180 3380 2234 quae
3404 2163 3595 2219 solum

1949 2246 2171 2303 habent
2219 2254 2437 2304 tactum
2498 2250 2797 2317 animalia,
2840 2251 3167 2308 diffundere
3217 2270 3279 2308 se
3328 2253 3601 2308 videntur

1949 2336 1998 2391 si
2021 2336 2288 2407 jucunda
2317 2340 2701 2409 accesserint;
2751 2341 3017 2396 contrahi
3049 2358 3184 2396 vero
3217 2342 3265 2396 si
3298 2342 3435 2413 quid
3472 2359 3597 2397 mo-

1946 2425 2082 2480 lesti
2115 2427 2564 2499 appropinquat.
2598 2430 3002 2500 Appetentiam
3031 2435 3227 2486 autem
3251 2429 3595 2502 cupiditate,

1948 2513 2035 2569 ira
2079 2519 2135 2570 et
2181 2515 2480 2572 voluntate
2538 2518 2771 2587 deﬁnit;
2815 2519 3024 2574 horum
3085 2520 3239 2574 enim
3295 2518 3599 2590 quodlibet

1948 2605 2283 2675 appetentis
2313 2610 2439 2661 est:
2475 2605 2723 2677 simplex
2767 2624 2902 2662 vero
2951 2608 3249 2679 appetitus
3280 2608 3337 2662 in
3371 2608 3596 2663 instru-

1948 2697 2146 2747 mento
2196 2694 2485 2749 sentiendi
2534 2713 2775 2766 prorsus
2836 2697 3030 2752 inesse
3079 2697 3328 2752 videtur.
3363 2700 3431 2752 At
3479 2712 3595 2752 non

1948 2782 2108 2836 omni
2142 2783 2364 2850 sensui,
2395 2784 2586 2839 omnis
2619 2785 2771 2840 inest
2801 2786 3119 2857 appetitus.
3155 2787 3231 2840 Iis
3265 2786 3444 2857 enim,
3470 2803 3596 2857 quae

1948 2869 2135 2925 solum
2170 2871 2389 2928 habent
2437 2877 2683 2939 tactum,
2716 2876 3041 2930 secundum
3076 2875 3460 2946 cupiditatem
3493 2893 3595 2947 ap-

1948 2960 2168 3030 petitus
2199 2960 2372 3016 inest.
2406 2964 2479 3016 At
2527 2979 2655 3033 quae
2706 2962 2982 3019 omnibus
3031 2965 3305 3019 sensibus
3353 2956 3600 3035 praedita

1948 3054 2104 3116 sunt,
2140 3050 2213 3104 iis
2262 3050 2438 3105 etiam
2471 3051 2543 3105 ad
2577 3053 2724 3105 iram
2758 3051 3070 3124 propensio
3119 3057 3226 3109 est.
3260 3053 3387 3108 Haec
3438 3054 3597 3109 enim

1947 3138 2017 3191 ad
2063 3138 2469 3194 ulciscendum
2520 3146 2858 3212 comparata
2905 3141 3194 3196 videntur.
3228 3145 3299 3196 At
3330 3140 3600 3197 voluntas

1947 3226 2131 3283 solius
2162 3234 2250 3282 est
2291 3229 2555 3299 rationis,
2590 3234 2654 3284 ut
2701 3234 2757 3284 et
2804 3230 3099 3301 appetitus
3150 3231 3468 3302 equivoce,
3503 3230 3597 3284 iti-

3099 3319 3234 3374 item
3285 3320 3356 3373 de
3405 3320 3492 3373 ira
3542 3323 3599 3373 et

1942 3404 2392 3477 concupiscente
2420 3411 2477 3460 et
2508 3407 2732 3462 ratione
2762 3407 2979 3462 dicitur
3008 3408 3303 3479 appetitus
3329 3425 3343 3464 :
3369 3424 3505 3462 nam
3537 3412 3596 3462 et

1944 3492 2170 3549 divinas
2204 3511 2294 3549 res
2339 3495 2595 3550 dicimur
2640 3501 2930 3567 expetere,
2980 3501 3105 3551 tum
3157 3502 3215 3551 et
3261 3496 3590 3552 scientiam.

1942 3582 2050 3637 Sed
2084 3583 2315 3653 proprie
2355 3600 2419 3638 ac
2464 3600 2664 3655 presse
2696 3584 2884 3656 magis
2934 3585 3147 3640 dicitur
3196 3584 3491 3657 appetitus
3524 3587 3594 3641 de

1945 3671 2313 3727 naturalibus
2372 3673 2627 3728 motibus
2678 3674 2889 3729 rationi
2947 3674 3272 3746 oppositus.
3327 3674 3591 3747 Itemque

1944 3760 2237 3832 cupiditas
2268 3761 2384 3818 alia
2427 3762 2760 3820 communis
2800 3767 2909 3833 est,
2942 3762 3058 3819 alia
3106 3762 3385 3819 irascenti
3416 3766 3473 3818 et
3501 3779 3598 3818 ra-

1942 3849 2087 3906 tioni
2120 3850 2408 3922 opposita.

2016 3958 2228 4014 Lucem
2292 3975 2408 4013 non
2457 3964 2667 4015 vocant
2715 3976 2972 4031 corpus:
3021 3960 3161 4030 quia
3216 3976 3347 4015 vero
3402 3958 3595 4015 lucem

1943 4046 2209 4102 nonnulli
2241 4062 2455 4117 corpus
2506 4064 2635 4103 esse
2684 4048 2910 4119 dicunt,
2943 4049 3234 4121 spheram
3276 4050 3595 4121 quamdam

1943 4134 2191 4190 luminis
2221 4136 2358 4190 oriri
2393 4153 2461 4191 ex
2494 4137 2615 4191 sole
2646 4137 3241 4201 asserunt.Quoniam
3264 4155 3397 4193 vero
3422 4144 3480 4193 et
3510 4138 3596 4193 sol

1944 4227 2234 4280 rotundus
2276 4230 2386 4290 est,
2417 4230 2544 4280 tum
2595 4226 2770 4281 etiam
2803 4243 2920 4295 aer,
2946 4244 3185 4297 prorsus
3219 4243 3455 4282 necesse
3482 4231 3593 4293 est,

1943 4314 2233 4385 sphaeram
2270 4314 2539 4384 luminis,
2563 4331 2689 4385 quae
2721 4316 2791 4370 ad
2842 4332 2946 4370 nos
2976 4316 3155 4383 venit,
3180 4315 3265 4370 vel
3297 4316 3590 4387 sphaaram

1944 4404 2096 4459 aeris
2126 4402 2449 4474 expellere:
2475 4404 2675 4474 sicque
2704 4409 2985 4475 occupato
3025 4404 3154 4475 ejus
3186 4404 3310 4460 loco
3340 4405 3592 4460 circum-

1938 4493 2163 4563 jectum
2207 4493 2377 4548 nobis
2425 4492 2615 4547 locum
2663 4492 3018 4549 illuminare.
3053 4493 3112 4548 Si
3161 4499 3426 4565 occupat,
3460 4509 3592 4549 aere

1941 4599 2123 4637 vacua
2144 4583 2256 4637 erit
2278 4582 2522 4637 dimidia
2542 4582 2926 4654 sphaera,quze
2948 4582 3282 4638 illuminata
3302 4587 3409 4651 est,
3436 4584 3592 4655 quod

1940 4672 2264 4727 absurdum
2302 4690 2315 4727 :
2348 4677 2407 4728 at
2436 4671 2485 4728 si
2519 4689 2631 4727 non
2664 4672 2923 4744 expellit,
2957 4688 3146 4744 neque
3187 4673 3325 4728 item
3365 4672 3591 4729 illumi-

1942 4765 2062 4830 nat,
2090 4767 2155 4815 ut
2186 4778 2313 4833 quae
2346 4762 2416 4816 ad
2450 4778 2557 4817 nos
2607 4765 2951 4832 perventura
3000 4778 3116 4817 non
3150 4762 3245 4817 sit.
3280 4766 3350 4817 At
3379 4762 3427 4817 si
3460 4780 3590 4819 eam

1941 4851 2292 4920 penetrabit,
2343 4867 2554 4919 corpus
2603 4868 2635 4904 a
2683 4867 2923 4921 corpore
2972 4852 3391 4922 penetrabitur,
3433 4853 3590 4923 quod

1942 4940 2065 4993 tieri
2118 4956 2234 4994 non
2283 4944 2495 5010 potest.
2538 4941 2636 4994 Sin
2686 4956 2819 4994 vero
2868 4940 3065 4994 dicent
3108 4939 3285 5010 aliqui
3335 4957 3508 5013 posse
3557 4960 3590 4997 a

1940 5046 2181 5101 corpore
2228 5028 2520 5099 penetrari
2571 5044 2803 5099 corpus,
2837 5029 3334 5085 absurdissimum
3366 5030 3422 5084 id
3457 5047 3587 5101 pro-

1941 5122 2087 5176 fecto
2118 5120 2226 5173 est.
2277 5116 2372 5171 Sic
2403 5118 2557 5171 enim
2611 5121 2808 5187 posset
2853 5117 2911 5172 in
2964 5118 3109 5172 milii
3143 5134 3325 5189 grano
3373 5117 3581 5171 cmlum

1940 5206 2246 5265 contineri.
2280 5205 2517 5272 Deinde,
2553 5206 2601 5259 si
2635 5206 2787 5276 quod
2837 5207 3091 5261 materiae
3125 5208 3201 5261 sit
3229 5222 3433 5276 expers
3462 5205 3583 5276 lux,

1939 5313 2152 5368 corpus
2200 5300 2505 5367 penetrare
2555 5300 2766 5365 potest,
2812 5300 3177 5365 penetrasset
3226 5310 3339 5347 non
3392 5293 3584 5350 solum

1940 5402 2151 5451 aerem,
2190 5385 2291 5440 sed
2324 5383 2482 5438 aliud
2516 5384 2820 5455 quodlibet
2868 5401 3082 5455 corpus
3114 5400 3125 5436 :
3162 5400 3295 5437 nam
3330 5400 3457 5455 quae
3488 5384 3589 5441 illa

1938 5474 2194 5531 conditio
2243 5480 2416 5541 esset,
2456 5477 2512 5527 et
2570 5472 3019 5527 immateriatum
3081 5488 3316 5543 corpus,
3376 5490 3589 5545 corpus

1938 5572 2292 5640 penetraret,
2345 5584 2449 5622 nec
2508 5584 2681 5621 omne
2728 5566 2984 5636 corpus?
3042 5565 3243 5636 Itaque
3299 5573 3589 5638 oporteret

1937 5658 2115 5714 etiam
2172 5657 2363 5712 lucem
2422 5656 2610 5711 sclida
2668 5671 2903 5727 quoque
2960 5671 3203 5726 corpora
3260 5664 3584 5727 penetrare,

1936 5753 2157 5804 terram
2188 5745 2318 5801 dico
2356 5749 2414 5800 et
2460 5743 2698 5800 similia.
2731 5743 2944 5807 Quidni
2986 5760 3144 5816 ergo,
3178 5760 3308 5799 cum
3353 5746 3439 5800 sol
3470 5746 3582 5802 sub
