4054 6200
469 460 496 514 1
509 455 628 515 075

1813 435 2234 500 MICHAELIS
2283 436 2544 494 PSELLI

3740 411 3896 497 ιοτό

472 595 632 646 terra
676 593 787 659 est,
817 605 933 644 non
985 604 1120 643 eum
1170 603 1352 658 supra
1398 589 1614 640 terram
1662 580 1953 643 videmus,
1995 574 2123 629 luce

2245 568 2332 624 οῦν
2358 573 2431 644 μή
2459 571 2546 625 καὶ
2587 571 2689 627 ὑπὸ
2717 572 2815 640 τὴν
2849 575 2951 648 γῆν
2985 570 3139 635 ὄντος
3164 577 3262 628 τοῦ
3291 572 3456 643 ἡλίου
3487 575 3702 649 ὁρῶμεν
3758 576 3892 650 ὗπὶρ

478 685 692 735 terram
731 695 964 750 quoque
1000 677 1374 748 penetrante?
1414 672 1654 739 Deinde,
1682 670 1728 725 si
1761 670 1860 723 lux
1890 682 2119 736 corpus,

480 787 668 825 aerem
703 787 916 838 corpus
971 773 1250 837 penetret,
1290 765 1452 816 illum
1487 767 1748 832 Oporteat
1796 757 2124 812 densiorem

480 866 537 915 et
584 860 928 914 crassiorem
975 856 1121 920 ﬁeri,
1159 861 1359 909 contra
1410 869 1583 922 quam
1633 848 2011 919 experimur:
2045 849 2124 896 te-

481 947 654 1003 nuior
685 947 839 1002 enim
883 946 949 999 ﬁt
1000 961 1094 999 aer
1145 943 1499 1010 illustratus,
1533 935 2032 1011 quemadmodum
2082 932 2130 987 si

479 1052 695 1108 aquam
720 1039 875 1090 terra
905 1034 1119 1105 capiat,
1144 1038 1199 1087 et
1228 1031 1415 1100 major
1437 1030 1537 1084 ﬁat
1557 1045 1624 1083 ex
1657 1026 1922 1096 utrisque
1944 1024 2130 1088 locus,

480 1124 718 1180 omnino
769 1138 1006 1178 necesse
1056 1127 1146 1177 est
1194 1136 1408 1191 corpus
1458 1135 1526 1173 ex
1577 1116 1840 1186 utrisque
1888 1110 2130 1167 densius

479 1211 770 1268 ﬁerizsic
808 1227 1001 1267 aerem
1059 1227 1195 1265 cum
1253 1209 1354 1263 lux
1414 1205 1727 1262 accesserit
1785 1201 2128 1257 crassiorem

480 1301 607 1355 fieri
639 1316 876 1356 necesse
905 1304 996 1356 est
1027 1317 1040 1355 :
1079 1315 1234 1355 nunc
1281 1313 1415 1352 vero
1451 1294 1636 1351 multo
1684 1309 1854 1348 secus
1901 1290 2134 1346 tenuior

480 1390 638 1446 enim
668 1397 722 1445 et
752 1389 1026 1446 subtilior
1051 1389 1136 1444 ﬁt.

553 1609 668 1685 (10)
701 1609 871 1666 Forte
899 1605 990 1663 καὶ
1021 1606 1069 1661 el
1094 1613 1192 1684 γῆ.

2235 662 2333 729 τὴν
2388 667 2514 734 γῆν,
2563 665 2660 714 τοῦ
2713 663 2892 736 φωτὸς
2951 664 3038 717 καὶ
3097 661 3186 717 διά
3243 670 3341 732 τῆς
3397 671 3498 739 γῆς
3552 671 3891 739 χωροῦντος,

2237 752 2465 806 Ἔπειτα
2497 749 2544 803 εἷ’
2578 755 2735 823 σῶμα
2766 753 2823 805 ὃν
2853 753 2914 805 τὸ
2946 756 3080 829 φῶς,
3113 758 3290 828 χωρεῖ
3344 751 3432 806 ὂιά
3481 755 3736 826 σώματος
3798 754 3893 808 τοῦ

2239 839 2416 914 ἀέρος,
2450 834 2555 893 ἔδει
2614 844 2703 893 καί
2750 843 2811 894 τὸ
2861 841 2989 896 ὅλον
3050 841 3376 916 πυκνότερον
3437 845 3524 896 και
3583 844 3892 919 παχύτερον

2237 929 2496 1004 γίνεσθαι.
2537 933 2648 983 Νῦν
2711 927 2768 983 δὲ
2823 929 3133 985 τούναντίον
3169 951 3182 964 ·
3246 930 3739 1006 λεπτομερέστερος
3791 933 3890 1007 γὰρ

2241 1017 2404 1093 ὁάὴρ
2463 1019 2834 1095 φωτιζόμενος
2893 1017 3119 1096 γίνεται,
3155 1020 3335 1096 ὥσπερ
3393 1020 3483 1075 καὶ
3546 1020 3596 1076 έν
3650 1025 3724 1095 γῇ
3779 1023 3892 1093 (10)

2243 1108 2485 1180 χωρήσει
2518 1104 2683 1182 ὕδωρ·
2717 1109 2804 1162 καὶ
2870 1112 3068 1181 μείζων
3097 1110 3126 1163 ὁ
3167 1107 3218 1179 ἐξ
3277 1109 3483 1186 ἀμφοῖν
3541 1112 3746 1187 γίνεται
3801 1109 3892 1163 τό·

2241 1217 2362 1267 πος,
2396 1197 2629 1271 Ἀνάγκη
2690 1202 2834 1250 πᾶσα
2888 1198 2948 1252 τὸ
3007 1197 3058 1267 ἐξ
3111 1198 3313 1270 ἀμφοῖν
3375 1204 3534 1272 σῶμα
3582 1198 3889 1274 παχύτερον

2242 1284 2499 1357 γίνεσθαι.
2534 1285 2692 1342 Οὕτω
2726 1281 2783 1339 δὶ
2837 1286 2924 1340 καὶ
2978 1285 3066 1340 τὸν
3128 1285 3258 1362 ἀέρα
3313 1287 3521 1363 ἀνάγχη
3583 1287 3892 1362 παχύτερον

2243 1375 2507 1448 γενέσθαι,
2565 1375 2860 1448 γενομένου
2909 1379 3006 1430 τοῦ
3064 1377 3284 1453 φωτός·
3319 1381 3409 1431 νῦν
3470 1375 3528 1432 δὶ
3585 1375 3898 1432 τούναντίον

2244 1460 2741 1538 λεπτομερέστερος
2769 1462 2995 1540 γίνεται.

1938 1949 2451 2048 ΨΜΜῶΥ

885 2157 993 2209 ΟΤΙ
1031 2157 1118 2209 ΤΔ
1159 2154 1530 2211 ΚῙΝΗΜΔΤΑ
1569 2153 1700 2207 ΤΗΣ
1744 2150 1980 2204 ΨΥΧΠΣ
2020 2149 2304 2201 ΕΟΙΚΛΣΙ
2343 2145 2510 2201 ΤΑΙΣ
2549 2146 2677 2198 ΤΩΝ
2717 2145 3067 2200 ΟΥΡΔΝΙΩΝ
3108 2144 3472 2198 ΚῙΝΗΣΕΣΙ.

1903 2407 2478 2503 PSELLI

1079 2621 1268 2684 QUOD
1307 2617 1560 2674 ANlM/E
1598 2614 1842 2671 MOTUS
1882 2611 2355 2671 COELESTIBUS
2397 2609 2718 2667 MOTIBUS
2758 2611 3054 2668 SIMILES
3097 2611 3283 2668 SINT.

490 2927 610 2980 Τῶν
643 2925 1016 2999 πρωτοτόκων
1051 2926 1284 3000 οὐρανοῦ
1314 2923 1630 2997 κινημάτων

494 3013 592 3068 Καὶ
624 3019 730 3068 τῶν
764 3013 814 3069 έν
849 3015 997 3086 αὐτῷ
1026 3019 1314 3093 προσφυῶν
1344 3014 1679 3086 παθημάτων

494 3102 667 3177 Εὕρῃς
698 3105 823 3179 παρ’
854 3107 988 3177 ἡμῖν
1019 3103 1230 3166 εἰκόνας
1259 3102 1660 3179 κεκρυμμένας.

487 3197 542 3246 Ὀ
573 3197 697 3255 νοῦς
730 3193 833 3268 γὰρ
868 3197 1051 3267 ἡμῶν,
1085 3195 1172 3248 οἷα
1204 3193 1457 3268 λαμπρὸς
1490 3191 1799 3271 φωσφόρος,

487 3283 589 3338 Τὸν
622 3281 784 3352 ἥλιόν
818 3305 936 3347 πως
965 3284 1212 3353 εἱιιονίζει
1247 3282 1567 3360 πανσόφως·

489 3377 599 3441 Τῆς
633 3369 679 3426 δ’
706 3373 771 3427 αὗ
804 3371 1044 3443 σελήνης
1077 3373 1217 3428 ἐστὶν
1250 3373 1284 3442 ἡ
1317 3373 1469 3447 ψυχὴ
1501 3373 1689 3435 τύπος.

499 3462 543 3518 Ο
579 3462 673 3533 μὲν
706 3463 835 3536 γὰρ,
868 3462 940 3523 ὡς
971 3461 1287 3531 κάλλιστος,
1321 3462 1393 3522 ὡς
1425 3462 1648 3538 φωστὴρ
1682 3458 1869 3534 μέγας,

480 3548 644 3612 Ὀλος
681 3547 907 3625 διαυγής
937 3549 1078 3605 ἐστιν
1112 3545 1553 3625 ἀστραπηϐόλος·

486 3639 658 3714 Ψυχή
693 3637 770 3711 δὲ,
804 3644 1183 3714 προσπεσοῦσα
1215 3641 1468 3712 σώματος
1498 3639 1676 3710 φύσει,

483 3727 571 3796 Ἐξ
605 3726 861 3799 ἡμισείας
897 3729 1077 3804 ὥσπερ
1119 3730 1343 3802 αὐγάζει
1381 3729 1567 3800 μόνον.

486 3815 564 3871 Τὸ
596 3817 688 3887 μὶν
719 3815 841 3891 γὰρ,
875 3816 950 3878 εἷς
984 3815 1106 3870 νοῦν
1139 3821 1430 3893 προσφυῶς
1463 3813 1784 3890 ἀνηγμένον,

491 3904 684 3965 Φωτὸς
721 3903 1000 3979 μετέσχεν,
1037 3904 1218 3980 ὥσπερ
1249 3904 1306 3958 ἐκ
1335 3905 1556 3978 πρώτου
1592 3904 1759 3980 φάους
1785 3920 1798 3933 ’

487 3993 557 4046 Τὸ
590 3989 635 4045 δ’
666 3991 731 4046 αὗ
763 4013 844 4068 γε,
878 3995 1014 4066 πρὸς
1046 3992 1295 4064 αἶ’σθησιν
1327 3993 1557 4066 ἐμπεσὸν
1587 3990 1754 4061 κάτω,
1787 4012 1789 4014 ·

488 4079 587 4135 Καὶ
620 4083 799 4159 φωτὸς
831 4083 1107 4158 ἠμοίρησε
1140 4084 1224 4138 καὶ
1260 4084 1484 4144 σκότους
1516 4082 1693 4156 γέμει.

503 4171 546 4228 Ο
583 4171 676 4243 μὲν
708 4171 806 4247 γὰρ
841 4171 1112 4244 ἀκούτησε
1140 4177 1249 4227 τῶν
1279 4171 1389 4227 ἄνω
1421 4171 1627 4247 λόγων,

484 4249 641 4324 Βρύει
676 4248 890 4328 διαυγεῖ
917 4257 1226 4331 γνωστικῶς
1258 4250 1576 4327 λαμπηδόνι
1606 4274 1618 4285 -

2169 2921 2216 2986 Β
2245 2918 2308 2974 Ἡ
2341 2915 2420 2984 δὲ,
2451 2919 2585 2993 πρὸς
2617 2919 2754 2994 αὐτῇ
2782 2923 2851 2994 τῇ
2886 2918 3010 2990 σκίᾷ
3039 2920 3348 2991 καθημένη,

2246 3009 2479 3063 Ἐκεῖθεν
2511 3009 2835 3084 ἠμαύρωσεν
2869 3011 3039 3078 αὐτῆς
3071 3010 3168 3078 τὴν
3203 3008 3358 3086 φύσιν

2249 3097 2346 3150 Καί
2371 3118 2487 3159 πως
2521 3095 2827 3167 σκοτώδης,
2860 3097 3069 3174 ἀχλύος
3099 3096 3487 3171 πεπλησμένη,

2247 3183 2662 3262 ’Υποδραμοῦσα
2688 3188 2779 3242 τὸν
2813 3187 3008 3257 νοητὸν
3043 3188 3355 3264 φωσφόρον,

2249 3274 2516 3350 Συνέσχεν
2548 3274 2710 3330 αὐτοῦ
2738 3275 2833 3338 τὰς
2866 3274 3106 3350 διαυγεῖς
3139 3274 3452 3347 λαμπάδας.

2248 3363 2411 3417 Κάκεῖ
2442 3364 2537 3435 μέν
2570 3363 2682 3419 έστι
2703 3371 2800 3438 γῆ,
2831 3362 3063 3436 σελήνη,
3095 3358 3408 3441 φωσφόρος,

2248 3458 2416 3527 Ψυχη
2452 3451 2509 3507 δὶ
2536 3452 2625 3507 καὶ
2658 3453 2784 3528 σὰρξ
2815 3451 2923 3508 ὧδε
2950 3453 3042 3509 καὶ
3073 3457 3196 3515 νοῦς
3225 3451 3578 3531 προσφόροις.

2245 3541 2339 3597 Ἓν
2371 3537 2462 3594 οὗν
2495 3542 2629 3617 πρὸς
2653 3537 2706 3597 ἵν
2734 3563 2851 3605 πως
2881 3542 3107 3611 ἀντίθες,
3139 3539 3286 3611 πλὴν
3318 3539 3585 3616 εὐλόγως,

2248 3631 2389 3704 Πρὸς
2417 3625 2580 3698 ἥλιον
2612 3634 2759 3698 νοῦν,
2793 3635 2955 3704 σῶμα
2984 3630 3121 3706 πρὸς
3151 3637 3252 3706 γῆν
3286 3629 3541 3699 εὐθέτως,

2248 3717 2360 3785 Τὴν
2389 3719 2634 3793 ψυχικὴν
2666 3716 2722 3773 δὶ
2751 3718 2889 3793 πρὸς
2922 3718 3158 3790 σελήνην
3183 3718 3364 3774 οὐσίαν
3384 3740 3397 3753 ·

2247 3807 2308 3863 Ὁ
2345 3808 2438 3879 μὲν
2471 3808 2574 3882 γάρ
2603 3806 2932 3883 αὐτόχρημα
2963 3809 3140 3883 φωτὸς
3171 3807 3325 3862 οὐσία
3347 3825 3359 3840 ⁶

2248 3896 2326 3951 Τὸ
2359 3899 2517 3968 σῶμα
2549 3894 2938 3968 λαμπρότητος
2968 3897 3324 3972 ἐστερημένον
3351 3916 3363 3928 ·

2249 3988 2416 4061 Ψυχή
2446 3983 2523 4056 δὲ,
2554 3987 2902 4061 τυγχάνουσα
2937 3989 3073 4060 μέση
3107 3993 3213 4042 τῶν
3248 3985 3364 4055 δύο,

2246 4075 2315 4128 Τὸ
2353 4077 2445 4147 μὲν
2477 4074 2698 4151 τέτευχε
2728 4077 2927 4154 φωτὸς,
2959 4077 3034 4138 ὡς
3065 4082 3160 4132 νοῦ
3191 4074 3448 4148 πλησίον,

2248 4165 2324 4221 Τὸ
2356 4160 2402 4218 δ’
2434 4164 2496 4219 οὐ
2523 4163 2796 4240 τέτευχεν,
2829 4165 2988 4242 ἐγγὺς
3021 4166 3154 4221 οὖσα
3183 4165 3474 4237 σωμάτων.

554 4429 989 4487 Primitivorum
1033 4433 1160 4488 coeli
1195 4439 1490 4501 motuum,
1521 4437 1579 4486 et
1629 4448 1830 4486 earum
1865 4447 1992 4502 quae
2024 4430 2136 4502 ipsi
2172 4433 2214 4500 C
2253 4431 2582 4488 secundum
2614 4433 2920 4489 scientiam
2968 4432 3262 4501 claritate;
3311 4431 3494 4488 altera
3541 4449 3700 4498 vero,
3743 4434 3926 4502 juxta

485 4517 700 4573 innatae
730 4517 870 4575 eunt
905 4521 1273 4592 passionum,
1309 4521 1574 4576 invenias
1618 4521 1772 4591 apud
1807 4537 1911 4575 nos
1942 4536 2142 4574 recon-

485 4607 641 4663 ditas
671 4607 979 4680 imagines.
1013 4611 1174 4666 Mens
1226 4612 1384 4666 enim
1419 4616 1643 4679 nostra,
1679 4614 1744 4664 ut
1794 4608 2141 4680 splendidus

484 4693 710 4764 lucifer,
739 4696 921 4752 solem
967 4700 1223 4771 quodam
1257 4699 1429 4755 modo
1462 4696 1898 4770 sapientissimo
1931 4714 2140 4770 reprae-

488 4788 700 4840 sentat.
737 4786 912 4841 Lunae
943 4791 1141 4844 autem
1182 4793 1272 4843 est
1321 4794 1378 4844 et
1431 4788 1631 4843 anima
1679 4789 2137 4858 repraesentatio.

488 4872 593 4928 Ille
611 4875 867 4944 quidem,
886 4881 949 4930 ut
969 4877 1432 4948 pulcherrimum
1453 4881 1509 4932 et
1527 4892 1803 4947 magnum
1827 4875 2137 4943 luminare,

486 4964 670 5018 totius
701 4964 1050 5036 splendidus
1080 4971 1136 5022 et
1168 4965 1667 5039 fulgurajaciens.
1703 4965 1913 5020 Anima
1943 4970 2138 5021 autem

487 5067 616 5123 quae
639 5052 698 5107 in
723 5055 985 5126 corporis
1008 5059 1282 5110 naturam
1323 5055 1549 5122 incidit,
1578 5059 1860 5125 tanquam
1895 5054 2142 5110 dimidia

485 5146 648 5213 parte
675 5146 906 5198 tantum
931 5143 1220 5215 splendet.
1248 5144 1408 5208 Quod
1443 5143 1599 5198 enim
1631 5143 1691 5197 in
1721 5147 1978 5198 mentem
2009 5145 2141 5211 apte

484 5230 806 5289 adductum
847 5240 955 5303 est,
989 5232 1234 5288 luminis
1285 5241 1371 5289 est
1423 5233 1712 5305 particeps
1759 5236 2040 5301 tanquam
2074 5247 2142 5286 ex

485 5319 676 5389 prima
713 5321 870 5391 luce;
923 5322 1077 5393 quod
1111 5327 1306 5378 autem
1338 5323 1409 5378 ad
1443 5339 1654 5377 sensus
1704 5321 1856 5375 infra
1904 5319 2139 5388 decidit,

487 5404 733 5464 luminis
775 5426 974 5466 exsors
1004 5416 1115 5479 est,
1149 5414 1204 5466 et
1234 5410 1492 5466 tenebris
1517 5410 1770 5482 plenum.
1802 5409 1990 5464 Altera
2012 5410 2141 5480 qui-

491 5492 625 5549 dem
659 5495 847 5552 audiit
878 5514 1135 5570 superna
1165 5499 1341 5554 verba
1384 5501 1442 5553 et
1473 5499 1686 5552 referta
1713 5501 1805 5552 est
1833 5495 2143 5568 splendida

2252 4521 2443 4592 ipsam
2476 4522 2747 4577 umbram
2781 4523 3013 4589 sedens,
3046 4522 3181 4577 Inde
3227 4521 3565 4577 obscuravit
3594 4537 3771 4575 suam
3809 4539 3918 4576 na-

2250 4613 2467 4666 turam.
2502 4611 2570 4665 Et
2618 4611 2872 4683 quodam
2923 4611 3097 4666 modo
3129 4610 3463 4672 tenebroso.
3513 4607 3770 4681 caligine
3822 4625 3916 4664 re-

2250 4698 2428 4770 pleta,
2460 4698 2894 4772 intelligibilem
2933 4698 3124 4756 lucem
3169 4703 3378 4772 printer
3405 4713 3674 4765 currens,
3709 4697 3918 4769 splen-

2249 4786 2417 4843 didos
2464 4787 2633 4843 illum
2665 4789 2862 4844 radios
2892 4787 3224 4845 coarctavit.
3257 4788 3327 4842 Et
3376 4792 3468 4864 est
3514 4787 3758 4858 quidem
3791 4786 3917 4842 illic

2248 4880 2424 4942 terra,
2467 4875 2627 4944 luna,
2662 4877 2965 4950 splendor,
3011 4877 3219 4932 animas
3272 4877 3354 4932 ibi
3385 4880 3617 4939 vero,et
3669 4892 3807 4930 eam
3858 4880 3920 4930 et

2250 4981 2417 5021 mens
2450 4966 2742 5023 similiter.
2775 4967 2966 5024 Unum
3015 4967 3197 5040 igitur
3243 4965 3410 5023 alteri
3442 4965 3703 5037 quodam
3735 4965 3918 5020 modo

2249 5055 2513 5127 opponit,
2545 5064 2819 5113 caeterum
2873 5056 3279 5129 probabiliter.
3309 5055 3430 5111 Soli
3459 5059 3743 5121 mentem,
3777 5069 3923 5109 cor-

2250 5161 2359 5216 pus
2391 5149 2579 5215 terraa,
2603 5146 2920 5202 animalem
2952 5145 3352 5201 substantiam
3387 5144 3557 5198 luna.
3583 5142 3750 5198 Mens
3787 5144 3929 5215 qni-

2249 5233 2380 5287 dem
2439 5234 2679 5290 omnino
2728 5233 2878 5290 lucis
2937 5234 3290 5299 substantia,
3333 5249 3547 5304 corpus
3595 5231 3928 5302 splendore

2251 5326 2436 5390 caret;
2471 5320 2670 5377 anima
2716 5339 2872 5392 vero,
2904 5322 3058 5378 inter
3097 5338 3166 5378 ea
3198 5321 3413 5389 media,
3447 5321 3649 5375 lumen
3699 5322 3929 5377 sortita

2252 5415 2316 5465 ut
2347 5412 2523 5466 menti
2559 5414 2908 5483 propinqua,
2937 5411 3177 5468 aliunde
3225 5427 3341 5468 non
3392 5410 3603 5469 sortita
3629 5417 3744 5479 est,
3774 5425 3926 5466 cum

2251 5500 2596 5572 corporibus
2622 5500 2814 5557 vicina
2840 5499 2940 5557 sit.
