4054 6200
276 417 428 476 1οΠ
1366 417 1438 475 IN
1491 415 1952 476 PSYCHOGUN
1967 414 2106 476 IAM
2150 411 2558 474 PLATONIS.
3525 403 3688 466 1078

785 790 1187 920 ΤΟΥ
1335 788 2192 919 ΨΕΛΛΟΥ
2345 779 3187 914 ΜΙΧΑΗΛ

1918 1045 2035 1096 ΕΙΣ

497 1247 809 1342 ΤΗΝ
925 1244 2000 1342 ΨΥΧΟΓΟΝΙΑΝ
2130 1243 2433 1341 ΤΟΥ
2547 1242 3473 1341 ΠΛΑΤΩΝΟΣ.

811 1645 2146 1799 MIGHAELIS
2321 1645 3171 1799 PSELLI

1673 1956 2299 2022 COMMENTARIUS

908 2186 1044 2281 IN
1117 2186 2122 2284 PSYCHOGONIAM
2199 2188 3064 2286 PLATONICAM.

1168 2403 1272 2475 (Ex
1299 2403 1552 2461 editione
1582 2402 1768 2460 Caroli
1798 2403 2096 2460 Guilielmi
2132 2405 2367 2476 Linder,
2401 2404 2809 2478 Upsaliensis.)

1569 2797 1614 2854 Α
1630 2796 2128 2858 ltGUMEN'l‘UM
2172 2798 2404 2860 LIBRI.

348 3002 415 3058 In
451 3001 644 3072 prima
675 3005 838 3072 parte
868 3017 1002 3057 cum
1036 3001 1107 3056 de
1139 3000 1370 3056 duobus
1393 2999 1512 3056 illis
1544 3016 1738 3057 rerum
1770 3001 2089 3073 generibus
2120 3001 2480 3074 disputatur,
2504 3021 2754 3076 quorum
2786 3005 3035 3062 alterum
3069 3028 3096 3056 «
3131 3008 3222 3062 est
3251 3003 3700 3078 sempiternum,

271 3095 587 3157 constans,
622 3088 815 3145 omnis
845 3104 1052 3161 expers
1081 3087 1532 3154 vicissitudinis,
1567 3105 1672 3145 nec
1717 3106 1980 3160 unquam
2013 3093 2230 3161 ortum,
2259 3091 2532 3159 alterum,
2566 3093 2720 3164 quod
2752 3092 2926 3149 habet
2955 3110 3023 3148 ea
3053 3110 3180 3164 quae
3211 3093 3479 3164 subjecta
3509 3095 3703 3147 muta-

273 3180 469 3236 tionis
499 3179 894 3234 vicissitudini
927 3184 1103 3250 atque
1142 3183 1419 3250 generata
1469 3182 1608 3233 sunt
1633 3179 1742 3249 (α),
1776 3200 1804 3227 ››
1837 3195 1905 3234 ex
1938 3179 2158 3250 quibus
2188 3181 2504 3251 generibus
2535 3181 2910 3253 componitur
2957 3183 3162 3237 animai
3214 3181 3544 3248 harmonia,
3574 3185 3701 3236 tum

275 3270 425 3324 inde
458 3269 528 3323 sb
561 3269 709 3339 ipsis
739 3269 862 3324 suis
913 3267 1100 3322 initiis
1131 3283 1198 3323 ea
1229 3267 1515 3339 repetitur
1561 3283 1942 3322 numerorum
1975 3269 2457 3340 proportionibus
2490 3270 2783 3326 declarata
2833 3289 2897 3327 ac
2945 3271 3239 3343 descripta
3270 3270 3598 3337 harmonia,
3631 3268 3705 3324 ad

274 3374 464 3429 quam
495 3362 615 3413 tota
666 3358 918 3429 exigitur
964 3357 1177 3412 animai
1227 3359 1540 3412 mundanas
1585 3355 1887 3411 fabricatio
1913 3357 2007 3427 (ὸ).
2041 3359 2277 3413 Accedit
2327 3358 2560 3415 inversa
2590 3361 2858 3432 quaedam
2908 3366 3083 3433 atque
3132 3361 3444 3416 immutata
3493 3359 3704 3415 harum

276 3463 486 3502 rerum
518 3446 920 3517 interpretatio
943 3447 1039 3517 (c).
1075 3448 1135 3501 In
1182 3446 1440 3500 secunda
1484 3445 1854 3500 harmoniam
1888 3445 2050 3500 illam
2085 3445 2228 3502 solis
2279 3464 2659 3504 numerorum
2692 3449 3168 3521 proportionibus
3218 3447 3608 3522 persequitur.
3643 3449 3708 3504 In

278 3535 466 3592 tertia
497 3535 748 3590 duorum
782 3534 1017 3590 illorum
1069 3535 1324 3602 orbium,
1357 3533 1561 3589 circuli
1593 3533 2017 3605 aequinoctialis
2049 3535 2178 3590 dico
2226 3541 2282 3591 et
2327 3536 2571 3604 zodiaci,
2601 3538 2938 3611 descriptio,
2970 3539 3042 3596 ad
3090 3539 3380 3607 eamdem,
3415 3553 3594 3609 quam
3647 3535 3708 3592 in

278 3625 483 3698 prima
528 3627 691 3696 parte
746 3621 1142 3694 allegoricam,
1177 3628 1243 3678 ut
1272 3623 1458 3688 aiunt,
1491 3623 1847 3677 sententiam
1894 3627 2176 3678 revocata.
2212 3628 2275 3679 In
2309 3632 2517 3697 quarta
2548 3627 2802 3700 denique
2854 3632 3018 3701 parte
3075 3626 3370 3684 semitonii
3427 3623 3702 3681 sumendi

277 3714 376 3770 lex
408 3718 470 3770 et
499 3713 702 3785 regula
747 3712 1086 3769 constituta.
1119 3711 1222 3767 His
1271 3712 1331 3766 in
1384 3711 1559 3766 rebus
1591 3710 1936 3766 ensrrandis
1970 3711 2192 3768 Psellus
2223 3719 2519 3770 auctorem
2571 3720 2809 3772 secutus
2859 3722 2951 3773 est
3000 3716 3266 3774 Proolum
3315 3713 3704 3779 Diadocbum,

279 3802 710 3875 philosophum
753 3801 921 3856 illum
973 3801 1127 3856 inter
1181 3799 1651 3872 Neoplatonicos,
1686 3800 1786 3871 qui
1839 3805 2141 3872 vocantur,
2173 3803 2549 3859 eminentem.
2582 3804 2724 3876 Ejus
2754 3805 3064 3862 sententiis
3115 3822 3218 3878 pro
3265 3803 3391 3860 suis
3437 3819 3708 3876 saepenu-

281 3907 453 3947 mero
502 3891 580 3946 ita
631 3907 776 3946 usus
827 3894 936 3956 est,
970 3894 1034 3944 ut
1085 3889 1288 3944 multis
1340 3888 1484 3944 locis
1535 3890 1664 3960 ipsa
1692 3889 1868 3944 verba
1919 3889 2106 3946 Procli
2165 3893 2599 3949 transcriberet.
2633 3894 2808 3951 Vides
2864 3895 3046 3967 igitur
3100 3894 3159 3949 in
3217 3893 3408 3949 Psello
3466 3907 3709 3966 prorsus

279 3981 560 4037 eamdem
594 3978 897 4036 Platonicae
949 3979 1193 4034 rationis
1244 3978 1745 4050 perturbationem
1778 3981 1835 4032 et
1869 3980 2298 4049 confusionem,
2333 3998 2510 4054 quam
2556 3985 2709 4056 apud
2743 3983 3191 4056 Neaplatonicos
3237 3983 3392 4054 illos,
3425 3981 3524 4055 qui
3573 3998 3710 4038 cum

278 4069 548 4126 Platonis
578 4069 904 4124 doctrinam
958 4069 1026 4123 ad
1076 4083 1319 4124 suarum
1351 4067 1723 4122 voluntatum
1758 4066 2209 4125 similitudinem
2245 4078 2601 4142 revocarent,
2631 4077 2757 4129 tum
2807 4075 2875 4129 ad
2930 4091 3017 4141 ea,
3052 4090 3178 4146 quae
3231 4070 3490 4129 Platonis
3520 4073 3712 4139 erant,

279 4159 640 4232 explicanda
687 4157 1045 4214 adhibebant
1091 4157 1268 4213 verba
1315 4154 1662 4223 Aristotelis,
1694 4156 1775 4211 ita
1816 4160 1880 4212 ut
1922 4156 2139 4214 mirum
2171 4159 2230 4215 in
2263 4163 2506 4218 modum
2552 4164 2753 4219 omnia
2798 4163 2951 4219 inter
2995 4179 3059 4220 se
3106 4166 3438 4236 permutata
3491 4160 3612 4217 int
3655 4162 3716 4217 et

282 4267 586 4323 perversa.

357 4419 440 4562 (ag
477 4417 650 4474 Psell.
687 4416 970 4491 Psyehog.
1004 4418 1026 4473 Ι

360 4491 416 4561 (b
477 4489 648 4546 Psell.
684 4489 969 4562 Psychog.
1001 4494 1026 4546 Ι

1035 4459 1050 4485 9
1080 4418 1108 4497 ἓ
2127 4424 2202 4496 (c)
2230 4423 2403 4478 Psell.
2439 4422 2636 4496 Psyche

2127 4424 2202 4496 (ο)
2230 4423 2403 4478 Psell.
2439 4422 2724 4496 Psycbog.
2757 4422 2798 4491 Ι,
2833 4422 2862 4497 §
2896 4424 2962 4477 12
2993 4437 3122 4494 sqq.

360 4489 440 4562 (ὸ)
477 4489 648 4546 Psell.
684 4489 969 4563 Psychog.
1001 4494 1051 4558 Ι,
1079 4492 1107 4558 §
1134 4491 1171 4546 5
1197 4504 1330 4560 sqq.

1561 4874 2460 4952 COMMENTARIUS

937 5103 1073 5198 IN
1138 5099 2140 5198 PSYCHOGONIAM
2208 5097 3072 5193 PLATONICAM.

1093 5493 1170 5551 ΔΩ
2874 5482 2915 5539 Ι.

382 5603 449 5662 α’.
481 5603 559 5661 Τὸ
622 5601 718 5676 μὶν
777 5597 1072 5678 λεγόμενόν
1133 5596 1297 5670 ἅστιν,
1330 5596 1412 5652 ὅτι
1469 5595 1531 5650 οὐ
1583 5596 1822 5668 μάτηνή
1853 5597 1962 5678 τῷν

2149 5593 2200 5648 1.
2227 5593 2456 5648 Dictum
2480 5588 2716 5664 quidem
2739 5588 2850 5650 est,
2876 5598 2991 5637 non
3013 5583 3233 5636 temere
3250 5573 3469 5634 anobis
3491 5573 3727 5676 concin-

301 5692 502 5772 ιφιξῆς
533 5666 720 5767 λόιξων
772 5666 980 5766 ιῦῥιᾶις
1035 5689 1173 5763 ἡμῖν
1237 5666 1624 5762 μέμηχάνητὰι
1681 5685 1777 5737 τοῦ
1831 5700 1902 5756 πρ

2126 5689 2276 5744 stam
2304 5699 2435 5740 esse
2465 5683 2756 5755 perpetua
2781 5675 2852 5732 de
2883 5670 3164 5730 relatione
3186 5669 3259 5728 ad
3283 5666 3505 5742 aliquid
3527 5666 3727 5738 dispu-
