4054 6200
260 456 261 459 η
363 405 523 463 1οἸ9

1710 384 2128 452 MICHAELIS
2172 386 2445 447 PSELLl

3620 389 3783 447 1080

354 536 599 593 tationis
617 534 1129 607 compositionem,
1145 532 1514 603 ostendique,
1530 546 1703 586 omne
1722 525 2011 596 augendo-

2129 539 2171 571 τι
2230 523 2401 573 ποσοῦ
2464 521 2558 592 (1),
2589 519 2678 573 καὶ
2739 516 3031 585 δείκνυται,
3065 517 3149 572 ὅτι
3183 520 3217 586 ἡ
3253 516 3439 589 ἰσότης
3501 523 3778 596 στοιχεῖόν

355 641 490 682 rum
521 625 581 680 in
614 625 878 680 numeris
921 623 1187 679 habitum
1219 620 1575 693 principium
1610 616 2006 689 aequalitatem

356 730 507 782 esse,
542 718 851 785 propterea
881 713 1035 783 quod
1077 727 1145 765 ex
1177 710 1278 765 illa
1307 725 1512 764 omnes
1545 708 1780 762 habitus
1812 704 2010 759 oriun-

354 806 452 859 tur
473 803 545 857 ad
568 818 815 873 eamque
840 805 1161 856 extremam
1190 798 1593 863 resolvuntur;
1621 812 1747 867 quae
1772 793 2009 865 quidem

358 892 621 948 definitio
656 890 1078 963 principiorum
1133 892 1241 955 est,
1273 888 1376 941 sed
1408 886 1612 941 utilem
1663 899 1790 938 eam
1844 882 2013 936 nobis

357 998 489 1037 esse
518 985 575 1035 et
607 982 676 1035 ad
701 980 829 1034 vitae
861 995 1033 1033 usum
1060 981 1116 1033 et
1139 978 1208 1031 ed
1243 977 1428 1048 ipsius
1462 972 1847 1047 phiIOSOphiae
1874 988 2011 1026 con-

356 1068 825 1141 templationem.
859 1069 931 1121 At
961 1067 1105 1133 haec,
1137 1065 1393 1137 inquies,
1422 1064 1839 1120 commentatio
1871 1062 2010 1132 quid

354 1156 630 1231 proﬁcit?
662 1157 781 1212 imo
802 1161 860 1212 et
888 1157 960 1211 ad
994 1155 1253 1211 Platonis
1278 1156 1349 1209 de
1380 1153 1588 1209 anima
1615 1152 2016 1225 procreatione

356 1248 687 1303 doctrinam
722 1250 780 1301 et
818 1246 891 1301 ad
925 1244 1233 1300 intervalla
1280 1243 1623 1299 harmonica
1673 1240 2016 1313 exponenda

356 1341 415 1392 et
442 1335 810 1407 explicanda.
844 1333 1221 1390 Intervallum
1256 1337 1452 1388 autem
1486 1332 1894 1387 barmonicum
1928 1334 2018 1385 est

358 1442 392 1481 a
418 1440 560 1479 voce
612 1425 682 1479 ad
735 1438 934 1478 vocem
986 1421 1256 1493 migratio
1305 1422 1479 1489 ictus,
1512 1422 1670 1475 velut
1700 1438 1732 1475 a
1763 1420 2014 1492 graviori

358 1514 431 1571 ad
463 1513 786 1569 acutiorem
815 1510 903 1567 vel
944 1528 1013 1566 ex
1056 1510 1368 1565 contrario.
1404 1510 1522 1565 Vox
1552 1509 1707 1564 enim
1743 1514 1827 1565 est
1859 1512 2017 1563 certa

362 1604 633 1675 quaedam
692 1601 871 1657 unius
922 1600 1150 1657 chordae
1196 1600 1567 1667 resonantia;
1616 1599 1716 1670 qui
1770 1614 1900 1652 vero
1957 1599 2015 1652 in

362 1691 591 1748 ratione
620 1690 801 1746 diesis
831 1690 917 1745 vel
952 1689 1249 1744 semitonii
1279 1688 1367 1743 vel
1409 1688 1529 1743 toni
1565 1705 1598 1743 a
1628 1688 1844 1743 chorda
1874 1704 2017 1759 qua-

364 1782 501 1836 dam
531 1779 787 1835 efﬁcitur
819 1781 886 1835 ad
931 1778 1256 1850 proximam
1290 1777 1598 1845 transitus,
1627 1777 1747 1832 sive
1782 1778 1853 1833 ad
1886 1792 2016 1849 gra-

2120 608 2230 662 ἒστι
2275 613 2369 661 τοῦ
2427 610 2685 663 παντοίου
2740 613 2846 662 τῶν
2908 608 2958 661 ἑν
3011 609 3268 682 ἀριθμοῖς
3330 608 3571 682 σχέσεων
3632 609 3781 680 πλη-

2122 705 2351 772 θυσμοῦ,
2380 698 2518 754 διότι
2555 700 2605 769 ἐξ
2655 699 2820 768 αὐτῆς
2879 705 3044 753 πᾶσαι
3106 700 3157 752 αἱ
3214 702 3429 774 σχέσεις
3487 707 3781 773 γεννῶνται

2120 789 2209 843 καὶ
2270 790 2344 852 εἷς
2400 790 2567 858 αὐτὴν
2619 788 2852 864 ἐσχάτην
2887 786 3235 857 ἀναλύονται,
3268 789 3399 864 ὅπερ
3448 790 3574 864 ὅρος
3631 812 3777 845 στοι⁸

2124 877 2288 953 χείων
2350 878 2510 946 ἐστὶν,
2544 877 2688 933 ἀλλὰ
2744 878 2833 932 καὶ
2886 879 3021 954 πρὸς
3084 876 3508 952 πραγματειώδη
3542 881 3635 933 καὶ
3688 902 3778 957 φιν

2124 966 2361 1044 λόσοφον
2422 964 2588 1029 ὄντως
2646 968 2870 1041 θεωρίαν
2931 966 3261 1043 χρησιμεύει
3320 970 3493 1040 ἡμῖν·
3545 968 3665 1023 τίνα
3722 968 3780 1022 δέ

2123 1058 2280 1131 εἶσιν,
2334 1058 2428 1115 Εἰς
2490 1058 2521 1111 ἃ
2573 1061 2708 1130 ἡμῖν
2766 1060 2799 1126 ἡ
2860 1062 3109 1128 παροῦσα
3172 1061 3496 1132 χρησιμεύει
3554 1058 3775 1134 θεωρία,

2128 1147 2302 1223 λέγεις
2333 1166 2345 1215 ;
2383 1145 2457 1208 εἵς
2489 1168 2545 1201 τε
2575 1149 2673 1215 τήν
2711 1146 3001 1203 Πλάτωνος
3057 1147 3395 1221 ψυχογονίαν
3446 1148 3532 1201 καὶ
3580 1147 3657 1209 εἷς
3711 1150 3777 1201 τὰ

2127 1238 2395 1311 ἁρμονικὰ
2445 1233 2805 1306 διαστήματα.
2840 1237 2992 1290 Ἔστι
3046 1233 3101 1289 δὲ
3153 1237 3450 1310 ἁρμονικὸν
3507 1234 3783 1309 διάστημα

2126 1327 2160 1394 ἡ
2192 1326 2295 1379 ἀπὸ
2324 1324 2569 1399 φθόγγου
2621 1324 2693 1385 εἷς
2748 1325 2983 1400 φθόγγον
3045 1318 3333 1396 μετάϐασις
3389 1332 3487 1393 τῆς
3534 1324 3782 1398 πληγῆς,

2127 1418 2242 1469 οἷον
2301 1415 2406 1468 ἀπὸ
2452 1418 2548 1468 τοῦ
2604 1412 2901 1489 βαρυτέρου
2944 1412 3019 1473 εἷς
3050 1413 3111 1466 τὸ
3149 1412 3485 1485 όξύτερον,ἢ
3533 1415 3595 1467 τὸ
3656 1414 3784 1467 ἀνά-

2127 1504 2314 1559 παλιν.
2358 1503 2601 1577 Φθόγγος
2649 1504 2749 1577 γάρ
2800 1503 2937 1556 ἐστιν
2971 1505 3005 1571 ἡ
3038 1509 3137 1571 τῆς
3197 1508 3324 1573 μιᾶς
3383 1500 3593 1577 χορδῆς
3648 1506 3785 1557 ποιά

2126 1615 2208 1655 τις
2244 1592 2549 1667 ἀπήχησις.
2581 1598 2639 1645 Ἡ
2691 1588 2736 1644 δ’
2784 1591 2876 1644 ἀπ’
2907 1590 3079 1660 αὐτῆς
3109 1591 3244 1664 πρὸς
3286 1592 3384 1659 τὴν
3448 1590 3635 1668 ἐφεξῆς
3692 1592 3783 1645 καὶ

2130 1680 2384 1760 διάφορος
2446 1680 2582 1753 αὐτῇ
2640 1681 2777 1733 κατὰ
2835 1680 3175 1755 βαρύτητα-ἢ
3228 1679 3459 1748 ὀξύτητα
3516 1680 3567 1733 ἐν
3626 1679 3784 1752 λόγῳ

2130 1769 2371 1843 διεσιαίῳ
2400 1770 2434 1839 ἢ
2467 1770 2807 1843 ἡμιτονιαίῳ
2847 1770 2881 1839 ἣ
2913 1769 3137 1840 τονιαίῳ
3171 1770 3493 1841 μετάστασις
3534 1768 3784 1823 καλεῖται

361 1869 524 1925 viora
556 1869 621 1923 ﬁt
650 1870 771 1925 sive
815 1868 885 1923 ad
927 1868 1212 1935 acutoria,
1244 1866 1611 1921 intervallum
1663 1866 2014 1938 appellatur,

2130 1859 2421 1933 διάστημα·
2454 1862 2516 1914 τὸ
2548 1857 2594 1914 δ’
2626 1858 2754 1914 αὐτὸ
2803 1859 2892 1913 καὶ
2944 1858 3231 1931 ἐμμέλεια,
3268 1860 3363 1914 Ἐκ
3419 1857 3475 1913 δὲ
3521 1863 3627 1911 τῶν
3684 1858 3787 1930 ἒμ-

366 1959 643 2029 idemque
697 1956 1045 2012 modulatio.
1081 1957 1161 2011 Ex
1213 1955 1718 2011 modulationibus
1765 1960 2022 2028 systema

366 2052 560 2103 ortum
597 2064 610 2102 :
644 2063 897 2118 quarum
942 2046 1179 2117 quidem
1214 2046 1501 2101 extribus
1552 2046 1883 2115 conjunctis
1930 2044 2019 2098 in-

363 2134 669 2192 tervallum
716 2134 1160 2206 quaternarium
1214 2139 1446 2189 constat
1490 2134 1920 2204 (diatessaron),
1954 2149 2020 2187 ex

368 2230 623 2296 quatuor
680 2228 875 2280 autem
929 2224 1267 2294 quinarium
1320 2223 1657 2295 (diapente),
1700 2238 2023 2293 eorumque

370 2314 537 2387 prius
567 2314 627 2369 in
668 2313 1008 2383 sequitertia
1059 2313 1282 2368 ratione
1315 2318 1599 2381 versatur,
1631 2313 1690 2366 in
1742 2311 2021 2383 sesquial-

372 2406 500 2459 tera
531 2403 823 2475 posterius
856 2419 870 2457 :
904 2419 1031 2473 quae
1063 2403 1206 2474 ipsae
1236 2403 1437 2472 prima:
1469 2406 1524 2457 et
1554 2402 1852 2473 simplices
1884 2418 2022 2456 con-

376 2494 660 2549 sonantiae
692 2491 1097 2565 (symphonias)
1131 2492 1282 2562 apud
1318 2491 1575 2546 musicos
1609 2496 1923 2545 vocantur:
1959 2508 2026 2546 ex

377 2580 756 2652 quaternario
812 2584 1009 2635 autem
1044 2584 1101 2635 et
1131 2580 1401 2650 quinario
1450 2578 1757 2634 intervallo
1790 2596 2024 2651 compo-

377 2669 540 2726 nitur
569 2673 797 2741 septem
831 2685 1037 2723 vocum
1084 2667 1452 2722 intervallum
1486 2668 1837 2739 (diapason),
1871 2669 2025 2740 quod

372 2758 436 2815 in
496 2757 678 2829 dupla
734 2757 961 2813 ratione
1019 2756 1298 2811 cernitur.
1332 2756 1624 2827 Quidquid
1685 2761 1811 2811 tum
1869 2759 2029 2813 vocis

368 2846 774 2903 convenientia
824 2851 948 2901 tum
1000 2846 1317 2901 unisonum
1369 2851 1622 2916 systeme
1676 2846 2026 2917 appellatur,

2136 1949 2367 2023 μελειῶν
2421 1952 2483 2004 τὸ
2541 1948 2809 2019 σύστημα·
2846 1946 2903 2002 ἐκ
2955 1953 3119 2020 τριῶν
3193 1948 3287 2020 μὲν
3340 1948 3403 2001 τὸ
3458 1946 3546 2002 διὰ
3602 1945 3668 2014 δ’,
3728 1948 3793 2001 ἐκ

2129 2040 2399 2114 τεσσάρων
2457 2036 2514 2093 δὲ
2573 2035 2660 2092 διὰ
2711 2045 2765 2106 ε’,
2794 2037 2881 2091 καὶ
2929 2038 2992 2091 τὸ
3044 2038 3138 2109 μὲν
3192 2034 3279 2090 διὰ
3327 2034 3368 2090 δ’
3398 2037 3449 2090 ἐν
3506 2036 3791 2112 ἐπιτρίτῳ,

2129 2131 2190 2184 τὸ
2224 2126 2281 2183 δὲ
2311 2126 2401 2181 διὰ
2427 2130 2462 2182 ε’
2494 2128 2545 2181 ἐν
2576 2125 2828 2198 ἡμιολίῳ
2860 2125 3014 2200 λόγῳ
3068 2126 3353 2196 συνεστὼς,
3386 2127 3441 2179 αἱ
3488 2124 3575 2181 καί
3631 2131 3795 2200 πρῶ-

2129 2240 2216 2274 ται
2248 2219 2337 2272 καὶ
2370 2215 2542 2271 ἁπλαῖ
2584 2216 2892 2293 συμφωνίαι
2939 2212 3235 2269 καλοῦνται
3285 2216 3433 2291 παρὰ
3474 2222 3590 2276 τοῖς
3645 2236 3789 2287 μου-

2135 2312 2331 2367 σικοῖς’
2368 2305 2427 2360 ἐκ
2458 2303 2514 2359 δὲ
2542 2309 2637 2359 τοῦ
2669 2301 2760 2357 διὰ
2792 2301 2833 2357 δ’
2874 2304 2963 2357 καὶ
3012 2301 3101 2357 διὰ
3132 2305 3168 2358 ε’
3198 2306 3232 2372 ἡ
3280 2300 3367 2357 διὰ
3426 2309 3612 2357 πασῶν
3670 2303 3799 2377 σύγ-

2133 2418 2326 2465 κειται,
2369 2396 2419 2449 ἐν
2483 2393 2788 2449 διπλασίενι
2849 2391 2997 2467 λόγῳ
3056 2393 3429 2465 θεωρουμένη.
3482 2395 3639 2455 ’Ἡτις
3698 2394 3793 2447 καὶ

2136 2486 2419 2563 ὁμοφωνία
2470 2484 2714 2539 καλεῖται
2764 2483 2852 2537 καὶ
2907 2482 3192 2559 ὁμόφωνον
3222 2482 3498 2554 σύστημα,
3533 2483 3790 2555 σύστημα

2137 2575 2195 2629 ἐκ
2247 2574 2595 2646 ἐνστημάτων
2632 2575 2707 2645 (2)
2760 2569 2929 2644 μέλος
2980 2569 3108 2646 ἔχον
3165 2572 3650 2645 κατακορὲστατον.
3686 2571 3791 2626 Καὶ

2139 2665 2328 2742 ἐφεξῆς
2384 2663 2448 2717 τὰ
2498 2661 2665 2716 λοιπὰ
2714 2662 3052 2733 συστήματα,
3081 2657 3173 2714 (ίνα
3225 2662 3300 2732 μὴ
3351 2660 3523 2714 πάντα
3572 2660 3789 2733 ἐπεξέρ-

2139 2774 2351 2831 χωμαι,
2385 2750 2497 2805 ἐπεὶ
2531 2749 2654 2805 οὐδὲ
2684 2749 2806 2825 περὶ
2855 2748 3061 2803 τούτων
3114 2753 3201 2803 νῦν
3252 2748 3533 2824 πρόκειται
3585 2748 3788 2824 λέγειν,

2140 2841 2286 2899 ἀλλὰ
2315 2841 2439 2896 ὅσον
2474 2836 2799 2909 ἐνδείξασθαι
2831 2840 2897 2892 τὰ
2928 2835 3215 2913 λεγόμενα.

367 2940 631 3008 systema
660 2935 788 2991 sine
818 2933 1142 2990 obstaculis
1174 2933 1603 3004 (dissonantiis)
1635 2938 1741 3000 est,
1775 2934 2364 3004 sincerissimumque
2395 2935 2631 2985 cantum
2666 2929 2861 2984 habet.
2898 2929 3110 2984 Eodem
3144 2928 3315 2984 modo
3347 2928 3575 3001 reliqua
3605 2935 3787 3001 syste-

369 3029 551 3092 mata,
585 3040 655 3079 ne
687 3023 886 3079 omnia
931 3038 1381 3095 persequamur,
1412 3023 1691 3093 quoniam
1728 3024 1799 3079 de
1828 3024 1935 3081 hac
1979 3042 2041 3083 re
2085 3041 2240 3082 nunc
2287 3022 2480 3077 dicere
2529 3019 2892 3092 propositum
2927 3034 3043 3073 non
3075 3021 3187 3085 est,
3221 3018 3321 3074 sed
3373 3018 3473 3078 ita.
3506 3024 3573 3073 ut
3601 3034 3689 3087 ea,
3722 3018 3789 3073 de

366 3112 585 3186 quibus
617 3113 837 3169 mentio
868 3117 978 3181 est,
1012 3112 1505 3167 demonstremus.

429 3207 483 3258 2.
505 3203 961 3275 Sesquitertium
984 3201 1166 3273 igitur
1188 3200 1563 3256 intervallum
1588 3202 1645 3255 in
1665 3218 1875 3273 genere
1898 3203 2014 3259 dia-

2207 3201 2271 3275 β’.
2307 3193 2737 3271 Καταδιαιρεῖται
2792 3193 2880 3249 οὖν
2922 3194 2985 3248 τὸ
3036 3191 3309 3269 ἐπίτριτον
3362 3192 3416 3247 ἄν
3470 3195 3563 3266 μὲν
3617 3190 3794 3248 διατο-

366 3292 561 3348 tonico
592 3290 904 3364 (siquidem
938 3289 1051 3346 tria
1083 3294 1221 3345 sunt
1253 3289 1721 3345 modulationum
1756 3309 1969 3361 genera
2002 3309 2015 3348 :

367 3381 844 3446 enharmonium,
879 3379 1141 3445 chroma,
1175 3379 1502 3451 diatonum)
1538 3379 1593 3433 in
1638 3381 2018 3435 semitonium

365 3470 769 3542 (semitonium
821 3474 1042 3537 autem,
1075 3470 1230 3540 quod
1279 3468 1515 3536 dicitur,
1549 3485 1663 3523 non
1698 3486 1828 3525 vere
1874 3470 2021 3525 illud

366 3560 602 3632 quidem
630 3559 1007 3616 semitonium
1045 3563 1152 3628 est,
1177 3560 1274 3612 sed
1307 3556 1536 3628 limma)
1562 3563 1738 3630 atque
1767 3559 1825 3613 in
1853 3564 2023 3615 tonos

363 3648 733 3719 dispertitur,
768 3649 850 3701 ita
904 3652 968 3700 ut
998 3646 1056 3700 in
1100 3646 1479 3700 semitonium
1516 3654 1570 3701 et
1601 3648 1714 3701 duo
1749 3647 2022 3719 deinceps

362 3741 535 3792 tonos
584 3753 769 3806 genus
814 3736 1172 3789 diatouicum
1226 3734 1539 3789 dividatur.
1575 3736 1774 3789 Tenus
1825 3742 2020 3792 autem

361 3824 772 3895 sesquioctava
799 3823 1023 3887 ratione
1047 3826 1298 3888 constat,
1324 3822 1491 3892 isque
1523 3823 1581 3876 in
1617 3821 1759 3877 illud
1794 3821 2019 3896 limma,

361 3929 493 3984 quas
524 3912 764 3984 quidem
797 3913 989 3965 minor
1011 3911 1131 3965 toni
1157 3910 1444 3981 particula
1465 3916 1573 3978 est,
1598 3914 1654 3965 et
1685 3917 2020 3983 apotomen,

358 4005 589 4073 quaeest
609 3998 1095 4071 major,discedit.
1117 3999 1178 4053 In
1200 4014 1411 4070 genere
1430 4004 1621 4054 autem
1640 4001 2021 4057 enharmonio

357 4088 415 4145 id
450 4090 640 4145 diesin
673 4094 730 4144 et
759 4087 948 4144 diesin
981 4094 1037 4143 et
1067 4089 1182 4142 duo
1221 4087 1398 4142 simul
1433 4105 1607 4144 sonos
1640 4089 2021 4160 (quaternarii

356 4176 675 4248 intervalli)
730 4177 877 4232 ratio
929 4176 1303 4243 describitur,
1337 4176 1395 4231 in
1449 4178 1746 4232 chromate
1778 4194 1909 4233 vero
1959 4178 2019 4233 in

356 4266 737 4325 semitonium
761 4270 819 4322 et
836 4265 1220 4321 semitonium
1247 4270 1305 4321 et
1327 4266 1439 4321 tria
1470 4266 1648 4321 simul
1685 4267 2017 4323 semitonia.

428 4393 510 4475 (1)
541 4390 619 4448 Τὸ
648 4390 797 4475 ’πρρς
839 4410 894 4444 τι
941 4387 1107 4475 ποαόν
1160 4389 1330 4475 idem
1369 4392 1483 4446 fere
1537 4408 1667 4475 esse
1710 4396 1898 4475 .atq‘ue
1955 4391 2010 4446 id

400 4464 515 4519 uod
581 4462 906 4518 relationem
974 4462 1330 4533 adialiquid
1394 4468 1559 4517 vocat
1618 4462 2014 4527 Quintilianus

400 4481 515 4519 uoo
581 4481 906 4518 retauonem
974 4481 1051 4517 aa
1116 4481 1330 4533 auquza
1394 4481 1559 4517 vocat
1618 4481 2013 4527 uulnuuanus

357 4481 529 4606 (linat.
563 4534 659 4589 Or.
690 4534 977 4606 8,1521),
1002 4532 1122 4606 vel,
1164 4539 1228 4588 ut
1276 4534 1469 4589 verius
1519 4535 1730 4606 dicam,
1785 4536 2013 4590 modum

361 4604 659 4661 relationis
686 4605 766 4660 ad
793 4604 1031 4676 aliquid,
1050 4609 1301 4677 apparet
1331 4622 1463 4660 cum
1496 4620 1563 4659 ex
1592 4605 1700 4677 hoc
1730 4606 1855 4661 loco
1887 4610 2011 4660 tum

364 4692 435 4732 ex
466 4676 651 4731 Procli
684 4675 1010 4749 comment.
1044 4675 1419 4749 inq'l‘imaeum
1478 4675 1624 4749 Plat.
1658 4678 2009 4749 pag.7213‘_v.

361 4749 445 4820 36Δ
483 4763 613 4818 sqq.
663 4748 776 4818 (ed.
807 4746 1212 4820 _Basi_l._1534)_
1253 4765 1266 4802 :
1326 4747 1426 4820 Καὶ
1487 4742 1852 4820 ἀριθμητῖκὴν
1890 4742 2014 4820 Δἀέρα

362 4817 452 4892 ηαξ
482 4815 1054 4892 γεωμετρικὴν-αὐτὴν
1090 4815 1279 4892 ῥητέον
1321 4815 1724 4892 (ἰοὶ-,ψυχικήν
1775 4815 2008 4892 οὐσίαν),

362 4838 452 4873 και
482 4838 860 4945 γεωμετὸρικην
891 4838 1054 4884 αυτην
1090 4838 1279 4890 ρητεον
1321 4838 1724 4903 ιιηι.’ψυχικην
1775 4838 2008 4889 ουσιαν),

361 4888 507 4945 ἀλλὰ
536 4890 673 4965 ξιαθἈ
720 4910 812 4943 σον
861 4888 1200 4965 ἀριθμητική
1252 4889 1414 4965 ἔστιν,
1446 4886 1562 4965 ἐχει
1604 4891 1706 4965 *καὶ
1757 4893 1854 4965 τὴν
1916 4890 2012 4963 ἀρ·

356 5104 488 5162 αὐτὸ
535 5105 743 5183 καί-τὸ
794 5105 929 5179 πρός
966 5125 1044 5183 Δτι.
1094 5106 1260 5183 ποσὸν
1318 5104 1660 5183 συνείληφεν.
1721 5106 2007 5161 Caeterum

354 5195 422 5234 ex
468 5184 590 5234 tota
644 5179 770 5243 hac,
803 5176 930 5249 quae
964 5176 1047 5249 §71
1087 5179 1437 5241 continetur,
1491 5176 1796 5232 verborum
1851 5195 2007 5232 com-

354 5250 623 5323 plexione
656 5248 919 5323 apparet,
956 5248 1201 5323 alterum
1252 5255 1383 5323 ante
1435 5249 1547 5323 hoc
1580 5267 1789 5323 opusqa
1817 5249 2007 5323 Psello

353 5320 753 5392 conscriptum
803 5338 949 5387 esse,
981 5321 1039 5374 in
1083 5337 1197 5391 quo
1248 5321 1317 5375 de
1366 5321 1633 5374 relatione
1678 5321 1748 5375 ad
1794 5320 2009 5390 aliquid

352 5394 475 5448 sive
508 5394 576 5447 de
611 5393 985 5463 proportione
1013 5392 1399 5463 quaerebatur.
1428 5392 1721 5463 (Incertum
1752 5396 1866 5463 est,
1892 5394 2007 5445 fue-

354 5467 505 5534 rit_ne
537 5458 827 5532 ejusmodi
874 5465 987 5517 fere
1032 5458 1202 5533 opus,
1236 5464 1389 5534 quod
1422 5462 1481 5516 in
1514 5458 1844 5534 Aidaamkiq
1873 5481 2005 5534 παν-

353 5531 1105 5606 τοδατεῇί,1ῇι)ιιοᾉΡεο11ἰειοο
1157 5531 1304 5606 (cap.
1350 5536 1439 5600 59,
1489 5550 1662 5606 supra
1714 5531 1819 5588 col.
1852 5532 2003 5606 725),

350 5606 478 5683 Tivt
510 5601 746 5683 διαφέρει
781 5604 928 5683 ἀρχὴ
960 5606 1049 5658 καί
1083 5601 1329 5678 στοιχεῖα
1353 5603 1714 5683 inscribitur,
1741 5604 2002 5683 annaliud

352 5678 492 5735 huic
519 5674 732 5750 simile,
768 5674 919 5750 quod
938 5682 1056 5750 _aut
1086 5674 1386 5750 communi
1416 5674 1706 5750 librorum
1734 5674 2003 5750 antiquo-

352 5746 983 5874 ἷὲιιὲιειῗᾶἷξξτὶθήι
1022 5752 1126 5804 aut
1169 5746 1509 5805 etiamnunc
1538 5746 1598 5804 in
1629 5746 2002 5806 bibliothecis

379 5833 552 5874 stest.
585 5833 826 5875 LINDIR.

2132 3292 2268 3359 νικῷ
2297 3288 2439 3362 γὲνει
2475 3284 2616 3359 [τρία
2645 3286 2743 3359 γὰρ
2794 3282 2860 3337 τὰ
2909 3282 3204 3356 ἐναρμόνια
3253 3282 3407 3355 γὲνη,
3441 3281 3784 3355 ἐναρμόνιον,

2133 3381 2337 3453 χρῶμα
2367 3376 2453 3429 καὶ
2491 3371 2761 3444 διάτονον]
2795 3371 2871 3434 εἷς
2923 3371 3211 3444 ἡμιτόνιον
3242 3369 3372 3444 [ἔστι
3424 3369 3480 3425 δὲ
3518 3371 3579 3425 τὸ
3630 3369 3789 3445 λεγό-

2137 3487 2290 3539 μενον
2345 3463 2631 3537 ἡμιτόνιον
2683 3461 2743 3516 ού
2793 3461 2995 3536 κυρίως
3027 3460 3332 3533 ἡμιτόνιον,
3368 3458 3513 3515 ἀλλὰ
3552 3461 3791 3532 Αεῖμμα]

2131 3555 2221 3609 καὶ
2250 3555 2431 3625 τόνον,
2454 3551 2619 3627 ¹ἤγουν
2654 3550 2727 3612 εἷς
2760 3550 3047 3623 ἡμιτόνιον
3082 3550 3169 3603 καὶ
3205 3547 3301 3603 δύο
3351 3548 3543 3609 τόνους
3596 3548 3790 3625 ἐφεξῆς

2131 3644 2191 3697 τὸ
2241 3640 2541 3697 διατονικὸν
2618 3637 2925 3715 διαιρεῖται.
2972 3639 3029 3695 Ὁ
3089 3635 3147 3693 δὲ
3223 3638 3377 3698 τόνος
3424 3635 3475 3692 ἔν
3526 3635 3781 3711 ἐπογδόῳ

2133 3730 2435 3785 συνίσταται
2469 3727 2640 3803 λόγῳ,
2675 3726 2763 3782 διὰ
2791 3725 2951 3783 τοῦτο
2998 3724 3055 3781 δὲ
3087 3726 3185 3781 ούκ
3214 3722 3323 3781 ἔστι
3370 3726 3433 3781 τὸ
3482 3724 3777 3800 λεγόμενον

2132 3817 2344 3893 λεῖμμα
2377 3821 2452 3893 (3)
2497 3814 2628 3893 ὅπερ
2680 3815 2787 3870 ἐστὶ
2841 3818 2904 3870 τὸ
2949 3813 3172 3871 ἔλαττον
3227 3822 3422 3887 τμῆμα
3452 3820 3550 3869 τοῦ
3597 3815 3776 3887 τόνου,

2128 3910 2217 3964 καὶ
2264 3911 2361 3977 τὴν
2414 3907 2722 3978 ἀποτομὴν,
2757 3907 2887 3980 ὅπερ
2934 3904 3043 3958 ἐστὶ
3093 3905 3153 3959 τὸ
3208 3910 3413 3978 μεῖζον.
3446 3907 3539 3959 Ἐν
3597 3902 3656 3959 δὲ
3703 3909 3779 3974 τῷ

2130 3997 2434 4074 ἕναρμονίῳ
2484 3995 2561 4056 εἷς
2606 3992 2768 4049 δίεσιν
2822 3994 2911 4049 καὶ
2952 3991 3117 4048 δίεσιν
3174 3993 3265 4048 καὶ
3316 3991 3557 4048 δίτονον·
3610 3994 3663 4049 ἐν
3725 3990 3779 4048 δὲ

2127 4086 2206 4159 τῷ
2236 4087 2492 4163 χρώματι
2526 4083 2604 4145 εἷς
2635 4083 2922 4156 ἡμιτόνιον
2954 4083 3042 4137 καὶ
3075 4082 3359 4157 ἡμιτόνιον
3408 4082 3497 4137 καὶ
3553 4103 3777 4157 τριημι-

2127 4176 2301 4231 τόνιον
2331 4170 2756 4248 καταδιαιρεῖται
2785 4170 2974 4246 λόγος.

2195 4392 2274 4463 (‘2)
2318 4387 2601 4463 Σύστημα⁸
2626 4386 2707 4463 ἐκ,
2742 4386 3113 4463 ἐνστῃμάτων.
3167 4388 3313 4463 Ηωιῑ⁸
3344 4389 3541 4463 verba,
3595 4406 3781 4461 quan-

2125 4459 2303 4533 quam
2346 4480 2458 4517 non
2492 4460 2639 4533 satis
2694 4459 2939 4533 intelligi
3002 4465 3267 4532 possunt,
3301 4460 3521 4516 habent
3577 4459 3776 4533 tamen

2125 4530 2416 4605 quomodo
2464 4532 2872 4605 restituantur.
2892 4530 3067 4605 'Quod
3101 4533 3378 4605 ostendit
3409 4550 3513 4587 vox
3562 4533 3667 4605 illa
3699 4530 3775 4605 ἐκ,

2123 4602 2257 4672 Quae
2290 4604 2341 4660 si
2373 4604 2544 4660 Pselli
2595 4608 2770 4674 esset,
2804 4604 3060 4675 profecto
3090 4602 3141 4672 ἐξ
3173 4604 3549 4660 scriberetur.
3584 4604 3778 4667 Quid?

2122 4678 2172 4732 si
2204 4694 2236 4733 a
2268 4676 2506 4731 librario
2557 4676 2754 4747 aliquo
2796 4680 3099 4731 attenuata
3127 4680 3183 4730 et
3212 4676 3379 4747 quasi
3427 4677 3779 4732 detruncata

2045 4721 2090 4784 Ι)
2122 4721 2236 4803 iiii?
2261 4721 2346 4802 {£5
2350 4721 2370 4817 ξ
2386 4721 2469 4803 ut
2477 4721 2829 4820 pii-31%;"
2837 4721 3099 4820 iéEaBE'E
3118 4721 3195 4802 ἔίὶ
3212 4721 3380 4820 es}.
3410 4721 3547 4803 νὶῖιὲ
3566 4721 3777 4805 "Ege?

2123 4820 2362 4875 Lmnna.

2193 4892 2270 4963 (3)
2312 4890 2409 4943 Διά
2456 4892 2617 4963 τοῦτο
2665 4918 2735 4929 -
2782 4883 3016 4960 λεῖμμα.
3074 4888 3287 4963 Mirum
3339 4895 3631 4961 quantum
3683 4891 3773 4946 hic

2121 4960 2433 5034 corruptus
2463 4966 2553 5016 est
2581 4960 2767 5030 locus,
2792 4962 3341 5034 cujueemendandi
3360 4960 3646 5034 quaedam
3682 4979 3772 5018 ra-

2121 5034 2200 5089 tio
2231 5030 2376 5089 inita
2422 5037 2512 5089 est
2561 5034 2632 5088 ab
2664 5048 2730 5087 eo
2780 5030 2903 5102 qui,
2936 5031 3191 5102 plurium
3241 5030 3551 5088 verborum
3604 5033 3773 5089 lacu-

2119 5122 2256 5160 nam
2318 5106 2410 5162 hic
2463 5120 2591 5159 esse
2650 5109 2832 5171 ratus,
2884 5102 2944 5157 in
3005 5105 3268 5171 margine
3323 5106 3451 5160 cod.
3505 5122 3609 5160 ms.
3662 5106 3771 5162 hoc

2117 5177 2300 5231 edidit
2329 5176 2759 5232 emendationis
2781 5174 3077 5245 specimen
3105 5172 3232 5231 ςδιὰ
3259 5178 3420 5230 τοῦτο
3444 5172 3500 5229 δὲ
3523 5176 3627 5230 οὐκ
3659 5175 3770 5230 ἦστὶ

2118 5249 2285 5319 (forte
2322 5265 2333 5301 :
2368 5246 2675 5371 ἡμιτόνιον)
2708 5245 2769 5299 τὸ
2799 5243 3097 5318 λεγόμενον
3134 5245 3346 5319 λεῖμμα
3391 5250 3537 5305 forte
3572 5266 3584 5304 :
3620 5248 3706 5302 ὅτι
3742 5250 3768 5302 ὁ

2118 5318 2267 5371 τόνος
2301 5316 2584 5371 διαιρεῖται
2626 5338 2648 5371 ε
2678 5338 2701 5371 ς
2742 5317 2803 5371 τὸ
2843 5315 3098 5371 λεῖμμα).
3130 5319 3284 5371 ὅπεο.
3318 5325 3426 5371 etc.
3460 5324 3586 5371 Oua
3616 5320 3675 5371 in
3711 5338 3768 5371 re

2114 5315 2267 5379 τόνος
2301 5315 2584 5389 διαιρεῖται
2626 5315 2701 5378 εἰς
2742 5317 2803 5371 τὸ
2838 5315 3098 5391 λεῖμμα),
3130 5315 3284 5391 ὅπερ,
3318 5325 3426 5376 etc.
3460 5324 3586 5386 Qua
3616 5320 3675 5375 in
3711 5338 3769 5376 re

2115 5394 2311 5467 tamen
2344 5392 2500 5467 haud
2535 5391 2655 5446 scio
2706 5406 2777 5467 an
2824 5389 2988 5467 justo
3021 5390 3153 5461 plus
3204 5389 3398 5448 videre
3448 5392 3767 5467 si‘bipvisus

2117 5462 2195 5516 sit
2235 5464 2283 5517 is
2312 5464 2411 5534 qui
2459 5462 2573 5534 hoc
2621 5462 2966 5534 conjectura
3006 5468 3310 5520 assecutus
3341 5469 3449 5519 est.
3481 5464 3589 5534 Sed
3644 5465 3767 5519 ﬁeri

2115 5530 2425 5657 potuitfut
2454 5533 2563 5589 hoc
2614 5533 2785 5588 modo
2836 5533 3117 5590 scriberet
3167 5534 3394 5591 Psellus
3428 5553 3441 5590 :
3476 5530 3764 5609 διαιρεῖται

2146 5602 2172 5656 ὲ
2203 5604 2359 5657 οὗτος
2392 5605 2466 5657 εἷς
2504 5606 2566 5657 τὸ
2606 5601 2929 5657 λεγόμενον.
2960 5608 3069 5657 etc.
3096 5608 3258 5657 Ound
3293 5613 3447 5657 certe
3478 5610 3764 5657 universae

2146 5602 2172 5656 ὲ
2203 5604 2359 5678 οὗτος
2392 5605 2466 5665 εἷς
2504 5606 2566 5658 τὸ
2600 5601 2929 5678 λεγόμενον,
2960 5608 3069 5660 etc.
3096 5608 3258 5673 Quod
3293 5613 3447 5663 certe
3478 5601 3765 5663 universa!

2108 5677 2419 5751 verborum
2452 5676 2895 5751 continuationi
2923 5679 3262 5748 respondet,
3294 5694 3477 5751 quare
3505 5680 3576 5735 ad
3610 5679 3764 5735 hanc

2111 5747 2582 5806 emendationem
2637 5747 3077 5805 conversionem
3115 5747 3381 5809 nostram
3418 5766 3762 5809 accommo-

2112 5817 2252 5878 dare
2282 5834 2398 5877 non
2430 5819 2852 5879 dubitavimus.
2883 5817 3125 5879 LINDIR.
