4054 6200
362 350 515 412 1083

1695 352 2113 412 MICHAELIS
2158 354 2425 416 PSELLI

3610 355 3769 414 1084

355 484 541 539 ciores
564 486 815 554 possunt
831 498 960 537 esse
986 484 1193 538 animus
1218 485 1603 554 partes,quod
1624 483 1861 554 quidem
1894 500 1997 555 ap-

2127 487 2222 537 τῶν
2283 489 2462 558 μερῶν
2515 485 2707 554 αὐτῆς,
2739 484 2813 546 ὡς
2874 481 3017 538 ἔσται
3070 480 3238 552 δῆλον
3273 483 3323 538 ἐν
3358 480 3615 557 διαιρέσει
3661 487 3770 537 τῶν

358 571 744 644 parebit,cum
771 572 1032 627 confecta
1053 573 1162 626 erit
1187 572 1661 627 barmonicarum
1687 575 2006 645 proportio-

360 678 498 717 num
550 662 863 733 descriptio
896 677 907 715 ε
945 662 1060 716 alia
1107 662 1359 731 denique
1409 663 1595 717 forma
1624 664 1751 733 ejus
1794 668 1919 730 est;
1952 668 2009 718 et

362 751 483 806 haec
509 751 708 806 omnia
736 752 888 805 inter
917 767 978 805 se
1007 751 1120 804 alia
1146 750 1277 805 aliis
1310 752 1532 806 insunt.
1568 752 1710 806 Nam
1745 769 1876 807 cum
1909 771 2005 808 su-

364 840 620 896 bstantia
671 840 1110 894 multitudinem
1159 845 1290 910 apte
1335 843 1718 911 compositam
1754 843 2006 906 cohibet,

361 931 579 1001 quippe
598 946 723 1000 qua:
745 945 848 983 nec
866 945 1070 999 expers
1093 929 1493 984 multitudinis
1512 932 1720 998 sit,nec
1739 931 2006 986 multitu-

362 1019 558 1074 dinem
577 1018 888 1088 solam,sed
906 1034 1105 1073 secum
1121 1019 1312 1090 ipsam
1328 1021 1674 1075 concordem
1695 1020 2006 1088 contineat,

361 1113 486 1162 tum
522 1107 832 1162 harmonia
863 1112 918 1161 et
949 1108 1080 1178 ipsa
1105 1109 1441 1164 essentialis
1474 1114 1582 1174 est,
1604 1127 1785 1182 capax
1818 1126 2010 1165 essen-

361 1196 453 1250 tiaa
474 1201 532 1251 et
562 1198 806 1250 formam
833 1196 1126 1252 efﬁciens:
1153 1213 1220 1252 ex
1252 1215 1369 1269 qua
1389 1198 1518 1270 ipsa
1549 1199 2005 1265 demonstratur,

364 1285 863 1356 quemadmodum
898 1289 998 1340 aut
1048 1285 1368 1340 harmoniai
1411 1288 1833 1356 temperatione
1877 1301 2010 1341 con-

361 1374 620 1428 tineatur
649 1373 849 1429 anima
879 1379 980 1430 aut
1012 1391 1124 1429 non
1149 1375 1536 1430 contineatur.
1560 1376 1821 1430 Primum
1850 1376 2008 1430 enim

365 1462 562 1517 anima
591 1463 650 1516 in
700 1463 1018 1518 essentiam
1067 1468 1122 1518 et
1162 1465 1483 1535 potentiam
1533 1469 1588 1518 et
1633 1464 2007 1520 efﬁcientiam

357 1551 626 1617 discedit,
678 1551 909 1618 deinde,
945 1557 1011 1606 ut
1062 1552 1282 1608 dictum
1336 1558 1446 1617 est,
1479 1553 1536 1607 in
1589 1554 2008 1620 substantiam,

360 1639 730 1696 harmoniam
747 1644 801 1695 et
819 1642 1064 1696 formam
1090 1642 1497 1706 essentia,tum
1523 1659 1655 1697 vero
1675 1641 2012 1697 substantia

361 1730 422 1786 in
455 1731 799 1801 essentiam,
833 1732 1010 1799 idem,
1044 1731 1316 1789 alterum.
1345 1734 1533 1804 Atque
1587 1733 1707 1788 haec
1739 1734 2009 1804 quaedam

2117 574 2424 646 ἁρμονικῶν
2479 573 2656 649 λόγων
2704 575 2893 642 αὐτῆς.
2929 573 3027 627 Καὶ
3073 570 3214 627 ἄλλο
3265 573 3326 626 τὸ
3371 569 3512 633 εἶδος
3563 571 3726 640 αὐτῆς
3758 591 3770 603 ⁸

2117 662 2205 715 καὶ
2232 667 2407 717 πάντα
2437 667 2601 718 ταῦτα
2635 663 2684 716 ἐν
2717 661 2994 732 ἀλλήλοις
3026 662 3186 719 ἐστίν.
3219 663 3290 718 "H
3341 683 3399 715 τε
3445 661 3544 736 γὰρ
3597 660 3770 736 ὕπαρ-

2118 751 2195 820 ξις
2224 748 2337 826 ἔχει
2374 754 2491 824 μεθ’
2524 753 2716 821 ἑαυτῆς
2776 752 2837 805 τὸ
2888 751 3237 825 ἡρμοσμένον
3292 749 3527 817 πλῆθος,
3561 749 3623 804 οὐ
3671 752 3769 824 γάρ

2117 839 2258 893 ἐστιν
2317 839 2688 910 ἆπλήθυντος,
2749 839 2874 895 οὐδέ
2921 862 2982 914 γε
3041 838 3258 908 πλῆθος
3318 839 3481 910 μόνον
3547 837 3771 913 ἔχουσα,

2118 929 2420 1001 ἀνάρμονον
2478 927 2555 998 δὲ,
2587 929 2677 983 καὶ
2726 932 2760 999 ἡ
2794 929 3025 1005 ἁρμονία
3084 926 3140 982 δὲ
3197 926 3469 997 οὖσιώδης
3525 927 3636 982 ἐστὶ
3684 928 3772 981 καὶ

2117 1016 2274 1088 αὕτη,
2355 1020 2636 1086 συνεκτικὴ
2713 1019 2804 1073 καὶ
2890 1015 3164 1078 εἷ’δοποιὸς
3237 1023 3340 1085 τῆς
3421 1015 3629 1086 οὐσίας,
3687 1017 3774 1094 ἀφ’

2115 1108 2182 1174 ῆς
2237 1107 2326 1160 καὶ
2387 1105 2674 1179 δείκνυται,
2709 1111 2827 1170 πῶς
2886 1108 2980 1180 μὲν
3045 1106 3188 1162 ἐστιν
3247 1105 3480 1180 ἁρμονία
3525 1107 3560 1174 ἡ
3593 1107 3771 1179 ψυχὴ,

2117 1199 2235 1256 πῶς
2291 1193 2346 1250 δὲ
2395 1194 2478 1253 οὕ.
2513 1200 2590 1266 (6)
2625 1201 2919 1269 Διαιρεῖται
2966 1197 3068 1270 γὰρ
3121 1197 3155 1264 ἡ
3187 1195 3341 1270 ψυχὴ
3399 1199 3614 1269 πρῶτον
3678 1197 3772 1266 μὲν

2119 1285 2194 1346 εἷς
2235 1285 2415 1339 οὐσίαν
2475 1286 2563 1339 καὶ
2610 1283 2837 1357 δύναμιν
2885 1284 2973 1338 καὶ
3027 1283 3332 1358 ἀνέργειαν·
3390 1285 3424 1352 ἡ
3484 1280 3540 1337 δὲ
3595 1283 3771 1350 οὐσία,

2120 1376 2195 1437 ὡς
2255 1373 2485 1449 εἴρηται,
2521 1374 2597 1436 εἷς
2656 1374 2904 1451 ὕπαρξιν,
2942 1373 3203 1449 ἁρμονίαν
3259 1374 3349 1427 καὶ
3407 1370 3585 1434 εἶδοςο
3619 1375 3654 1440 ἡ
3720 1369 3776 1426 δδ

2119 1464 2343 1536 ὕπαρξις
2415 1463 2490 1526 εἷς
2572 1463 2777 1532 οὐσίαν,
2832 1463 3051 1532 ταύτὸν,
3113 1464 3357 1539 θάτερον.
3417 1461 3567 1531 Αὕτη
3629 1458 3686 1515 at
3740 1463 3773 1529 ἡ

2121 1552 2352 1608 δοκοῦσα
2411 1551 2670 1629 διαίρεσις
2725 1560 2826 1622 τῆς
2885 1555 3070 1627 ψυχῆς
3129 1553 3232 1606 οὐκ
3306 1549 3417 1606 ἔστι
3489 1547 3774 1623 διαίρεσις,

2120 1642 2265 1698 ἀλλὰ
2294 1641 2576 1714 ἀνάλυσις,
2609 1642 2684 1704 ὡς
2717 1642 2825 1696 ἀπὸ
2870 1641 3125 1705 συνθέτου
3175 1648 3275 1710 τῆς
3333 1643 3518 1716 ψυχῆς
3575 1639 3652 1700 εἷς
3712 1640 3779 1693 τὰ

2121 1729 2268 1787 ἀπλᾶ
2318 1731 2445 1807 γινη
2505 1735 2602 1785 τοῦ
2677 1727 2832 1792 ὅντος
2891 1734 3280 1806 προχωροῦσα.
3341 1733 3513 1783 Ταῦτα
3561 1726 3652 1782 οῦν
3712 1727 3779 1782 τὰ

363 1819 534 1890 quasi
566 1819 774 1874 divisio
798 1820 1008 1876 animm
1029 1837 1146 1877 non
1171 1827 1262 1877 est
1280 1821 1488 1877 divisio
1513 1821 1613 1878 illa
1639 1822 2009 1894 quidem,sed

2127 1822 2245 1894 γένη
2278 1825 2374 1875 τοῦ
2433 1817 2589 1881 ὄντος
2631 1819 2893 1897 πρότερον
2947 1820 3040 1892 μιν
3097 1818 3240 1874 ἔστιν
3289 1817 3340 1873 ιν
3385 1823 3502 1878 τοῖς
3555 1820 3780 1885 νοητοῖς

2191 1909 2204 1924 \
2271 1909 2284 1924 9
2491 1913 2514 1924 εν
2619 1905 2669 1924 ’νδ
2847 1905 2870 1924 8
2915 1906 2928 1924 I
3146 1904 3191 1924 αἱ
3257 1905 3271 1924 9
3365 1909 3376 1924 Ι
3504 1910 3527 1920 ο
3612 1901 3684 1924 1,,

360 1907 691 1980 explicatio,
725 1913 791 1963 ut
823 1926 948 1980 qua:
982 1910 1054 1964 ab
1087 1910 1296 1965 animae
1325 1911 1749 1983 compositione
1780 1913 1850 1966 ad
1884 1913 2010 1982 ejus

360 1997 575 2069 ipsius,
608 1998 764 2068 quod
798 2003 1128 2070 est,genera
1159 1999 1454 2071 simplicia
1488 2001 2011 2071 procedat.Quibus

363 2103 433 2142 ex
457 2087 771 2159 generibus
803 2088 952 2156 ejus,
986 2089 1140 2159 quod
1177 2093 1286 2154 est,
1322 2090 1575 2160 primum
1603 2090 1837 2160 quidem
1869 2107 2010 2146 con-

363 2175 523 2232 sistit
551 2175 610 2230 in
645 2177 1115 2248 intelligibilibus
1148 2183 1317 2249 atque
1348 2177 1753 2234 immobilibus
1786 2180 2009 2249 formis,

367 2264 612 2320 alterum
633 2265 690 2319 in
712 2265 949 2328 animis,
974 2265 1034 2320 in
1054 2266 1395 2337 corporibus
1408 2273 1602 2322 autem
1625 2272 2009 2339 postremum.

364 2356 552 2420 Quare
600 2353 758 2410 Plato
809 2355 867 2408 in
923 2355 1138 2410 Timaeo
1189 2371 1291 2410 suo
1345 2356 1603 2426 primum
1654 2357 1919 2427 quidem,
1951 2361 2016 2412 ut

366 2443 554 2515 ipsius
579 2448 667 2498 est
716 2445 1028 2512 sententia,
1061 2443 1187 2499 οωιὶ
1220 2444 1503 2512 animam,
1539 2461 1712 2515 quam
1748 2447 2012 2502 eamdem

363 2533 623 2588 animam
655 2549 850 2588 rerum
911 2533 1313 2588 universitatis
1364 2533 1640 2606 appellat,
1675 2535 1813 2590 oriri
1846 2534 1926 2589 ait
1958 2535 2014 2589 in

363 2620 554 2691 prima
583 2637 863 2692 generum
899 2621 1170 2676 mistione
1201 2622 1374 2692 primi
1409 2623 1651 2677 crateris
1685 2639 1697 2677 :
1733 2627 2013 2678 craterem

364 2708 566 2764 dicens
586 2709 819 2763 vitalem
844 2709 1004 2764 illam
1027 2714 1084 2764 et
1106 2709 1559 2766 substantialem
1584 2727 1776 2766 rerum
1793 2711 2015 2783 opiﬁcis

365 2797 573 2852 animai
586 2797 674 2852 vel
689 2796 960 2853 animalis
980 2797 1107 2853 vitae
1125 2799 1444 2870 potentiam
1472 2819 1484 2868 ;
1514 2805 1642 2855 tum
1662 2816 1792 2856 vero
1815 2801 2018 2856 buma-

366 2900 502 2938 nam
558 2900 789 2956 quoque
821 2885 1081 2940 animam
1126 2887 1390 2956 generari
1441 2886 1715 2955 afﬁrmat,
1749 2887 2018 2944 videlicet

372 2971 578 3040 altera,
613 2977 676 3028 ut
701 2973 803 3040 ait,
838 2974 1111 3030 mistione
1145 2979 1554 3046 (procreatam)
1585 2993 1652 3031 ex
1683 2976 1888 3032 iisdem
1924 2994 2016 3050 ge-

379 3062 640 3127 neribus,
688 3063 843 3133 quod
891 3069 998 3130 est,
1032 3063 1429 3119 inferioribus.
1466 3065 1581 3120 Hoc
1631 3067 1804 3121 modo
1860 3068 2015 3121 enim

368 3151 555 3206 dicit:
593 3173 621 3202 α
655 3153 983 3222 iterumque
1033 3153 1090 3207 in
1142 3158 1412 3208 eumdem
1460 3159 1763 3222 craterem,
1797 3155 1856 3209 in
1902 3173 2017 3227 quo

369 3241 768 3296 universitatis
825 3242 1083 3298 animam
1138 3247 1520 3314 temperatam
1573 3245 2015 3315 permiscuerat,
2051 3229 2093 3294 (ἶ

367 3330 690 3400 superioris
711 3330 1152 3401 temperationis
1175 3330 1454 3402 reliquias
1478 3331 1780 3388 miscendo
1803 3333 2020 3388 infudit

2117 1909 2206 1962 xui
2260 1909 2541 1979 ἀκινητοῖς
2590 1905 2808 1981 εἴδεσιν,
2843 1905 3090 1981 δεύτερον
3143 1904 3200 1961 δὶ
3252 1905 3306 1962 ὶν
3351 1909 3575 1981 ψυχαῖς,
3611 1901 3778 1978 ἔσχα-

2116 2019 2208 2053 τον
2249 1996 2306 2052 δὶ
2351 1997 2401 2051 ἐν
2450 1999 2718 2070 σώμασιν.
2754 2003 2790 2051 Γ
2796 1996 2962 2051 ἐνεσιν
3013 1995 3105 2051 οὗν
3151 1998 3335 2070 ψυχῆς
3387 1996 3414 2048 ὁ
3461 1993 3693 2048 Πλάτων
3723 1990 3778 2046 ἐν

2118 2093 2196 2160 τῷ
2224 2088 2442 2161 Τιμαίῳ
2473 2093 2663 2163 πρῶτα
2697 2087 2792 2159 μὶν
2821 2093 2921 2156 τῆς
2957 2091 3054 2140 τοῦ
3105 2085 3356 2161 οὐρανοῦ
3385 2082 3528 2157 λεγει
3590 2087 3783 2157 ψυχῆς

2119 2177 2255 2232 κατὰ
2309 2179 2370 2231 τὸ
2431 2178 2620 2231 ἑαυτοῦ
2680 2173 2882 2251 δόγμα,
2943 2177 3009 2244 ἢν
3069 2175 3154 2228 xui
3214 2178 3310 2228 τοῦ
3369 2173 3572 2234 παντὸς
3634 2170 3784 2247 λέγει

2121 2268 2327 2341 ψυχὴν,
2397 2265 2450 2320 ἐν
2502 2270 2582 2336 τῷ
2639 2265 2843 2339 πρώτῳ
2905 2264 3138 2338 μίγματι
3197 2267 3304 2316 τῶν
3363 2265 3531 2336 γενῶν
3596 2259 3648 2314 ἰν
3708 2259 3792 2332 τῷ

2120 2357 2371 2431 κρατῆρι·
2406 2361 2651 2430 κρατῆρα
2710 2351 2882 2429 λέγων
2937 2355 3036 2423 τὴν
3095 2351 3365 2426 ζωογόνον
3420 2350 3509 2405 καὶ
3543 2351 3788 2404 ὑποστα-

2121 2447 2282 2513 τικήν
2337 2451 2436 2513 τῆς
2484 2444 2735 2517 ψυχῆς-ἢ
2767 2445 3012 2517 ψυχικῆς
3070 2448 3214 2510 ζωῆς
3269 2444 3368 2494 τοῦ
3427 2442 3792 2513 Δημιουργοῦ

2126 2532 2396 2606 δύναμινο
2461 2530 2705 2608 δεύτερον
2759 2529 2815 2586 δὶ
2865 2531 2953 2586 xui
3011 2531 3108 2600 τὴν
3179 2529 3515 2604 ἀνθρωπείαν
3595 2528 3788 2602 ψυχήν

2124 2624 2368 2698 γενέσθαι
2400 2619 2569 2697 λίγει,
2604 2620 2654 2675 ἐν
2686 2624 2765 2692 τῷ
2819 2617 2994 2693 λέγειν
3045 2617 3097 2672 ἕν
3140 2623 3220 2690 τῷ
3264 2615 3495 2693 δευτέρῳ
3542 2618 3787 2691 κράματι

2126 2711 2184 2765 ἐκ
2237 2715 2344 2766 τῶν
2405 2709 2578 2764 αὐτῶν
2641 2709 2735 2783 μὶν
2793 2712 2963 2783 γενῶν
3017 2712 3114 2762 τοῦ
3159 2703 3334 2778 ὄντος,
3364 2706 3669 2783 ὑφειμὲνων
3703 2701 3782 2761 δι.

2129 2798 2411 2874 Λίγειγὰρ
2447 2797 2641 2859 οὕτως’
2669 2797 2757 2851 καὶ
2806 2795 2971 2855 πάλιν
3032 2795 3116 2850 ἰπὶ
3176 2797 3268 2850 τὸν
3325 2794 3591 2871 πρότερον
3649 2813 3783 2866 κρα-

2125 2896 2286 2962 τῆρα,
2323 2887 2372 2942 ἐν
2407 2888 2452 2959 ᾧ
2486 2888 2584 2956 τῆν
2627 2891 2722 2941 τοῦ
2772 2886 2973 2950 παντὸς
3020 2887 3208 2960 ψυχήν
3258 2883 3450 2959 ἔμισγε
3503 2882 3784 2958 κεραννὺς,

2126 2979 2194 3031 τὰ
2222 2981 2328 3030 τῶν
2364 2975 2589 3039 πνόσθεν
2635 2972 2909 3029 ὑπόλοιπα
2967 2979 3252 3049 κατεχεῖτο
3305 2974 3517 3047 μίσγων
3572 2971 3781 3046 τρόπον

2134 3068 2227 3140 μὲν
2280 3086 2401 3119 τινα
2458 3065 2548 3118 τὸν
2608 3064 2769 3118 αὐτὸν
2831 3063 3074 3138 ἀκήρατα
3131 3059 3187 3117 δὲ
3245 3061 3422 3117 οὐκέτι
3481 3060 3706 3135 (λέγων)
3752 3066 3779 3125 1

2132 3155 2423 3229 (’ἀκήρατα
2456 3150 2512 3206 δὲ
2573 3152 2747 3207 οὐκέτι
2808 3150 3004 3226 λὲγων,
3054 3152 3168 3206 ἀντὶ
3225 3155 3327 3205 τοῦ
3384 3147 3636 3221 ἄπροσπα
3693 3147 3784 3202 xui

2133 3242 2328 3311 ἀκλινῆ
2388 3241 2476 3295 xui
2536 3239 2874 3313 ἀμείλικτα)
2935 3239 3078 3295 ἀλλὰ
3133 3240 3270 3314 πρὸς
3321 3239 3419 3307 τήν
3480 3257 3789 3309 γενεσιουρ-

2126 3333 2276 3406 γικὸν
2305 3330 2636 3384 ἀπονεύοντα
2675 3328 2852 3406 φύσιν.

367 3417 545 3487 (Deus
578 3422 868 3490 summus)
897 3422 1101 3475 eodem
1150 3421 1266 3475 fere
1316 3421 1484 3475 modo
1528 3426 1905 3494 temperatas,
1939 3423 2190 3477 necdum
2241 3427 2436 3477 tamen
2487 3420 2744 3475 sinceras
2779 3442 2804 3468 ››
2837 3419 2888 3489 (‹‹
2925 3419 3175 3473 necdum
3228 3422 3422 3472 tamen
3466 3417 3726 3470 sinceras
3764 3438 3784 3462 -

368 3522 467 3562 eas
499 3508 822 3579 appellans,
856 3526 969 3565 non
998 3510 1284 3565 informes
1316 3510 1653 3583 [difﬁciles],
1707 3511 2061 3581 immobiles,
2095 3510 2543 3584 implacabiles),
2593 3509 2694 3565 sed
2742 3510 2812 3564 ad
2863 3508 3214 3581 genetricem
3264 3510 3564 3578 vergentes
3617 3509 3793 3559 natu-

370 3612 493 3652 ram
507 3638 519 3650 .

440 3703 493 3757 5.
526 3703 683 3758 Talis
713 3704 832 3758 fere
864 3705 1128 3760 universe
1159 3710 1215 3761 et
1271 3706 1671 3777 probabiliter,
1707 3712 1770 3762 ut
1821 3707 2023 3779 paucis

375 3807 496 3846 rem
529 3791 858 3862 expediam,
893 3792 1149 3848 Platonis
1182 3796 1461 3849 deﬁnitur
1513 3797 1582 3850 de
1632 3797 1842 3850 animae
1885 3813 2021 3868 pro-

377 3881 670 3935 creatione
701 3881 985 3935 doctrina.
1021 3883 1128 3948 Qui
1161 3899 1294 3937 cum
1329 3883 1502 3938 talem
1538 3885 1746 3939 animm
1783 3886 2021 3957 permis-

377 3968 594 4022 tionem
629 3973 1011 4039 temperatam
1063 3987 1191 4026 esse
1216 3972 1356 4026 dicit
1386 3991 1418 4026 a
1450 3978 1641 4028 mente
1672 3973 1774 4029 illa
1804 3975 2022 4042 divina,

381 4074 508 4128 quae
538 4056 793 4112 Alterius
827 4063 1118 4126 naturam,
1152 4078 1184 4114 a
1218 4061 1508 4128 mistione,
1547 4067 1608 4116 ut
1638 4063 1737 4129 ait,
1771 4064 2021 4119 alienam

381 4146 692 4217 (siquidem
718 4153 928 4202 natura
951 4155 1077 4218 ejus
1101 4150 1169 4204 ad
1206 4149 1658 4206 discernendum
1682 4156 1737 4208 et
1759 4153 2022 4209 dividen-

382 4235 523 4290 dum
559 4235 830 4307 proclivis
855 4240 944 4291 est
964 4237 1035 4291 ab
1059 4253 1242 4308 eaque
1264 4253 1574 4309 processus
1626 4240 1703 4310 [et
1725 4242 1892 4311 quasi
1925 4257 2027 4312 per

383 4326 602 4395 gradus
629 4325 917 4396 quosdam
969 4327 1363 4397 ascensiones]
1395 4345 1460 4383 ac
1506 4328 2026 4401 multiplicationes

383 4413 1164 4485 proﬁciscuntur),adjuncta
1189 4416 1604 4485 essentia,cum
1628 4419 1843 4475 Eodem
1868 4435 2025 4475 com-

385 4503 672 4559 miscebat
703 4509 760 4559 et
807 4523 874 4560 ex
917 4506 1106 4561 tribus
1156 4507 1365 4563 fecerat
1414 4524 1615 4574 unum,
1647 4514 1771 4564 tum
1821 4528 2027 4567 rursus

384 4591 576 4662 [quasi
605 4592 662 4646 in
695 4595 952 4665 scenam]
985 4595 1210 4650 inducit
1243 4596 1349 4651 hoc
1377 4600 1587 4652 totum.
1613 4599 1822 4654 Totum
1855 4600 2026 4669 illud,

387 4680 542 4750 quod
577 4679 912 4736 mistionem
944 4684 1206 4748 vocabat,
1239 4684 1297 4738 in
1329 4702 1416 4753 ea,
1459 4702 1586 4757 quas
1635 4687 1849 4758 decuit,
1883 4705 2027 4760 quo~

382 4782 512 4820 rum
545 4766 819 4837 quodque
851 4772 907 4822 et
955 4784 1023 4824 ex
1071 4770 1273 4825 eodem
1325 4775 1382 4826 et
1431 4771 1613 4829 altero
1663 4779 1720 4828 et
1771 4775 2030 4831 essentia

382 4859 774 4925 temperatum
826 4861 969 4924 erat,
1021 4858 1285 4914 membra
1330 4859 1549 4918 divisit.
1598 4885 1618 4911 α
1656 4863 1787 4918 Fuit
1831 4869 2028 4921 autem

383 4942 520 4998 talis
547 4942 649 4998 illa
680 4944 932 5014 partitio.
968 4949 1154 5002 Unam
1206 4949 1491 5021 principio
1525 4955 1746 5022 partem
1780 4953 2033 5010 detraxit

385 5047 453 5086 ex
481 5035 606 5086 toto
641 5047 652 5087 :
689 5035 1009 5090 secundam
1052 5043 1248 5092 autem
1283 5039 1481 5109 prima:
1515 5041 1699 5110 partis
1732 5042 1974 5115 duplam
2013 5061 2026 5098 :

383 5119 592 5176 deinde
636 5123 898 5190 tertiam,
931 5141 1057 5195 qua:
1111 5132 1266 5182 esset
1301 5131 1568 5184 secundes
1619 5133 2029 5203 sesquialtera,

387 5209 586 5279 primae
619 5210 792 5281 tripla
824 5229 837 5267 :
870 5213 1081 5267 deinde
1111 5219 1402 5284 quartam,
1437 5232 1562 5286 quas
1611 5220 1882 5274 secunde
1923 5220 2032 5274 du-

2206 3711 2261 3760 s‘.
2297 3703 2541 3768 Καθόλου
2578 3705 2671 3776 μὶν
2708 3701 2797 3756 οὖν
2831 3701 2920 3756 xui
2951 3700 3264 3780 ἰμφατικῶς
3306 3701 3378 3762 ὡς
3420 3698 3471 3753 ἐν
3525 3698 3791 3774 βραχέσιν

2134 3793 2327 3859 εἰπεῖν,
2381 3793 2414 3861 ἡ
2473 3792 2697 3861 τοιαύτη
2784 3795 2881 3844 τοῦ
2935 3788 3228 3850 Πλάτωνός
3286 3787 3396 3842 ἐστι
3455 3787 3792 3862 ψυχογονία.

2131 3884 2392 3940 Τοιοῦτον
2449 3880 2538 3935 οῦν
2597 3881 2659 3934 τὸ
2710 3883 2893 3954 κρᾶμα
2949 3885 3049 3947 τῆς
3106 3881 3292 3952 ψυχῆς
3363 3875 3528 3930 εἰπὼν
3592 3895 3792 3948 συγκεο

2134 3973 2391 4046 ρασΘῆναι
2446 3969 2591 4045 παρὰ
2631 3973 2726 4023 τοῦ
2777 3965 3117 4042 δημιουργοῦ
3171 3971 3286 4034 νοῦ,
3340 3965 3630 4038 μιγνύντος
3686 3965 3791 4030 τήν

2131 4065 2230 4114 τοῦ
2312 4059 2537 4135 θατέρου
2614 4058 2793 4135 φύσιν,
2856 4054 3176 4128 δύσμικτον,
3235 4053 3310 4116 ὥς
3384 4073 3566 4129 φησιν,
3626 4053 3794 4106 οὖσαν

2134 4146 2464 4222 (διακριτικὴ
2527 4147 2629 4223 γὰρ
2686 4146 2777 4200 καὶ
2837 4142 3136 4218 διαιρετική
3195 4144 3283 4198 καὶ
3373 4139 3629 4214 προόδων
3700 4141 3792 4195 καὶ

2133 4235 2684 4309 πολλαπλασιασμῶν
2749 4235 2887 4289 ἆστιν
2937 4232 3085 4287 αίτία
3134 4235 3169 4302 ἡ
3219 4231 3378 4310 φύσις
3433 4229 3648 4302 αὐτοῦ’)
3709 4233 3794 4300 τῷ

2133 4325 2313 4399 ταῦτῷ
2374 4325 2509 4399 μετᾶ
2552 4331 2652 4395 τῆς
2683 4323 2865 4386 οὐσίας
2897 4321 2987 4376 καὶ
3048 4321 3108 4377 lx
3153 4324 3320 4395 τριῶν
3376 4320 3431 4374 ’ἐν
3490 4318 3797 4392 ποιησαμι-

2133 4434 2252 4485 νου,
2285 4413 2469 4489 ἐπάγει
2500 4410 2664 4467 πάλιν
2698 4411 2825 4467 ὅλον
2857 4414 3042 4468 τοῦτο.
3073 4408 3203 4466 ὅλον
3248 4408 3310 4462 τὸ
3361 4408 3545 4483 μίγμα
3596 4407 3791 4483 λέγων·

2142 4502 2334 4576 μοίρας
2395 4503 2520 4564 ὅσας
2579 4505 2824 4577 προσῆκε
2884 4496 3165 4572 διένειμεν,
3221 4496 3450 4567 ἑκάστην
3504 4493 3564 4551 δὲ
3621 4491 3683 4552 ἔκ
3734 4515 3792 4550 τε

2134 4591 2332 4646 ταύτοῦ
2416 4591 2507 4645 καὶ
2592 4589 2818 4664 θατέρου
2872 4589 2963 4642 καὶ
3013 4589 3113 4656 τῆς
3173 4586 3357 4647 οὐσίας
3419 4585 3790 4661 μεμιγμένην.

2135 4683 2376 4757 Ἤρχετο
2436 4678 2495 4735 δὲ
2551 4677 2776 4755 διαιρεῖν
2835 4675 2975 4732 ὧδε·
3023 4675 3147 4750 μίαν
3206 4675 3397 4753 ἀφεῖλε
3449 4676 3513 4729 τὸ
3575 4679 3790 4750 πρῶτον

2137 4770 2244 4824 ἀπὸ
2276 4769 2478 4830 παντὸς
2513 4773 2733 4843 μοῖραν,
2770 4767 2904 4840 μετὰ
2949 4763 3006 4821 δὶ
3053 4769 3220 4819 ταῦτα
3257 4764 3452 4841 ἀφῄρει
3497 4761 3790 4818 διπλασίαν

2137 4862 2361 4935 ταύτης,
2391 4863 2489 4930 τὴν
2542 4859 2600 4916 δὶ
2631 4861 2694 4915 αὗ
2721 4858 2913 4936 τρίτην
2941 4857 3206 4931 ἡμιολίαν
3244 4857 3340 4929 μὶν
3387 4863 3491 4926 τῆς
3521 4853 3793 4932 δευτέρας,

2139 4949 2466 5028 τριπλασίαν
2499 4949 2557 5005 δὲ
2585 4957 2686 5019 τῆς
2717 4949 2965 5026 πρώτης,
2996 4947 3259 5021 τετάρτην
3307 4943 3364 5000 δὶ
3407 4951 3510 5015 τῆς
3541 4942 3791 5020 δευτέρας

2138 5041 2401 5117 τριπλῆν,
2452 5043 2705 5114 πέμπτην
2767 5035 2825 5092 δὶ
2880 5035 3115 5112 τριπλῆν
3172 5041 3273 5104 τῆς
3319 5033 3529 5106 τρίτης,
3589 5034 3694 5101 τὴν
3742 5030 3794 5086 δὶ

2139 5128 2300 5201 ἕκτην
2349 5135 2450 5199 τῆς
2501 5129 2727 5205 πρώτης
2784 5122 3178 5195 ὀκταπλασίαν,
3227 5118 3472 5197 ὶόδόμην
3519 5119 3578 5179 δὶ
3636 5124 3796 5178 ἱπτα-

2139 5213 2641 5274 καιεικοσιπϐασίαν
2672 5222 2771 5286 τῆς
2799 5215 3044 5288 πρώτης.

386 5298 480 5367 pla
511 5305 668 5354 esset
700 5317 712 5353 :
747 5300 1033 5370 quintam,
1068 5318 1194 5371 quas
1227 5304 1406 5359 tertiae
1436 5305 1613 5376 tripla
1644 5323 1657 5361 :
1691 5312 1818 5364 tum
1851 5313 2074 5366 sextam
2104 5310 2400 5384 octuplam
2443 5311 2671 5384 prima,
2704 5311 3000 5382 postremo
3042 5303 3378 5376 septimam,
3411 5319 3537 5375 quis
3570 5307 3797 5376 septem

384 5390 443 5440 et
471 5385 675 5458 viginti
707 5389 976 5458 partibus
1017 5393 1386 5449 antecederet
1415 5392 1633 5466 prima.
1670 5417 1700 5446 υ

460 5581 902 5672 ςβὶᾉέαιρξῑται
991 5583 1165 5672 vir-:-

1242 5589 1631 5661 προχωροῦσα.

1726 5593 2034 5666 Diuisione;
2141 5597 2422 5666 tanquam
2448 5593 2630 5666 invito
2651 5593 3300 5666 tributasesseeenset,
3320 5586 3378 5643 id
3391 5604 3510 5666 suo
3530 5586 3795 5666 quodam

393 5650 541 5709 istas
569 5655 655 5710 vel
690 5650 885 5729 potius
917 5650 1312 5732 explicationes
1340 5650 1547 5717 animas
1577 5661 1628 5718 si
1661 5663 1791 5736 quis
1809 5650 2040 5725 Platoni
2141 5650 2282 5738 ,ιυτὲ
2299 5665 2489 5722 facere
2505 5665 2756 5723 videtur.
2788 5663 3046 5724 Profecto
3067 5662 3126 5719 in
3149 5660 3223 5718 iis
3253 5650 3368 5716 n'on
3391 5650 3796 5716 Plato'nismus
