4054 6200
373 416 532 476 1085

1481 418 1559 477 ΙΝ
1604 418 2073 481 PSYCHOGON
2081 419 2218 480 IAM
2271 420 2573 481 PLATON
2585 420 2673 480 IS.

3635 415 3792 476 I086

443 552 506 607 ς’.
537 544 683 614 Αὕτη
717 549 844 621 γοῦν
877 549 910 616 ἡ
945 546 1020 608 εἰς
1049 547 1118 602 ’τἃ
1151 546 1320 620 μιίζω
1351 544 1611 624 διαίρεσίς
1657 555 1758 617 τῆς
1813 552 2020 625 ψυχῆς⁶

2210 552 2460 622 6.Atque
2489 551 2611 607 hac
2642 551 2880 622 quidem
2916 549 3124 605 anima
3155 556 3244 606 est
3275 551 3332 605 in
3365 549 3621 621 amplius
3653 567 3789 622 par-

369 633 636 709 Διῄρηται
668 634 766 709 γὰρ
800 635 942 690 οὕτω
988 637 1104 690 κατ’
1134 637 1365 712 ἀριθμὸν
1427 635 1670 706 οὖσιώδη
1737 637 1810 700 είς
1863 637 2025 712 ὅρους

367 722 524 777 ὶπτᾶ·
559 725 622 779 α’.
661 724 725 798 β’.
771 725 836 798 γ’.
891 722 951 781 δ’.
1001 725 1062 779 θ’.
1125 727 1194 793 η’.
1257 727 1356 793 κζ’,
1409 723 1603 800 λόγους
1659 723 1714 779 6‘s
1767 725 2024 787 ὡσαύτως

363 817 480 866 τῶν
540 812 896 885 ἐπικειμένων
950 815 1089 887 ὅρων
1130 811 1259 868 ’ἵνα
1321 815 1414 886 μὶν
1476 817 1564 868 τὸν
1619 822 1716 882 τῆς
1777 812 2026 887 δευτέρας

366 907 506 973 πρὸς
536 903 634 970 τὴν
667 903 909 977 πρώτην,
944 900 1038 956 δύο
1072 901 1128 956 δὲ
1157 910 1257 971 τῆς
1312 903 1502 978 τρίτης
1560 915 1696 977 πρὸς
1753 906 1853 973 τὴν
1913 901 2025 958 δευ-

361 990 522 1064 τέραν
579 991 667 1044 καὶ
716 993 816 1060 τήν
876 992 1124 1066 πρώτην,
1159 989 1251 1046 ἕνα
1309 989 1364 1046 δὲ
1416 997 1516 1057 τῆς
1569 992 1831 1065 τετάρτης
1890 993 2024 1066 πρὸς

363 1081 466 1147 τήν
497 1078 766 1154 δευτέραν,
796 1080 885 1134 καὶ
915 1077 1009 1135 ἕνα
1047 1089 1148 1150 τῆς
1189 1081 1446 1151 πὲμπτης
1493 1083 1628 1156 πρὸς
1659 1084 1756 1151 τὴν
1806 1082 2020 1155 τρίτην,

364 1169 455 1222 καὶ
504 1165 599 1222 δύο
651 1171 749 1236 τῆς
799 1166 961 1238 ἕκτῆς
1009 1169 1098 1223 καὶ
1143 1177 1241 1233 τῆς
1276 1165 1520 1243 ἑϐδόμης
1571 1172 1705 1244 πρὸς
1737 1173 1836 1240 τήν
1870 1171 2019 1246 πρώ-

359 1277 488 1327 τηνο
523 1258 597 1319 ὡς
649 1258 777 1312 εἶναι
833 1259 931 1325 τὴν
985 1260 1171 1334 ψυχὴν
1217 1257 1510 1329 ἓπταδικήν
1549 1263 1626 1333 (7)
1671 1259 1806 1314 κατᾶ
1853 1281 1909 1315 τε
1958 1260 2023 1315 τὰ

2139 640 2286 696 titio.
2323 645 2440 696 Hoc
2465 641 2635 695 modo
2659 640 2814 695 enim
2843 657 2944 711 per
2987 657 3296 695 numerum
3338 639 3787 694 substantialem

2137 728 2196 782 in
2229 729 2336 782 boc
2368 731 2587 798 septem
2639 727 2923 782 terminos
2973 729 3160 782 divisa
3208 733 3298 783 est
3331 743 3342 781 :
3380 728 3422 796 Ι,
3458 727 3528 793 ΙΙ,
3566 726 3662 795 ΙΙΙ,
3697 725 3789 795 ιν,

2138 819 2236 882 IX,
2273 817 2416 880 VIII,
2449 816 2677 881 XXVII,
2712 817 3100 888 similiterque
3125 819 3182 872 in
3212 816 3552 886 eorum,qui
3579 831 3787 887 pr0po-

2135 905 2228 960 siti
2266 911 2422 973 sunt,
2457 907 2841 960 terminorum
2885 907 3138 960 rationes
3189 906 3338 975 (bas)
3377 922 3389 960 :
3426 921 3628 970 unam,
3663 920 3788 974 qua!

2135 999 2406 1050 secunda:
2461 995 2645 1066 partis
2695 995 2839 1048 ratio
2895 999 2982 1049 est
3029 995 3098 1049 ad
3147 996 3421 1066 primam,
3456 994 3628 1057 duas,
3661 1009 3792 1062 qua

2136 1084 2318 1138 tertia
2350 1083 2580 1155 (partis)
2629 1089 2770 1139 sunt
2801 1084 2872 1137 ad
2933 1084 3252 1138 secundam
3305 1088 3360 1138 et
3391 1083 3464 1138 ad
3517 1081 3790 1153 primam,

2134 1190 2336 1242 unam,
2371 1190 2498 1244 quae
2525 1177 2750 1244 quartae
2777 1173 2845 1226 ad
2889 1173 3230 1242 secundam,
3266 1188 3442 1227 unam
3468 1172 3680 1243 quintae
3715 1171 3788 1226 ad

2131 1263 2388 1331 tertiam,
2424 1264 2709 1333 duasque,
2741 1278 2870 1332 quaa
2901 1265 3072 1317 sectae
3103 1265 3159 1316 et
3191 1261 3453 1332 septimas
3489 1260 3790 1333 (partium)

2302 1575 2590 1826 //

1723 1755 1760 1800 γ’
1895 1751 1932 1794 5'
2077 1743 2111 1792 ε’

2191 1947 2213 1982 ς

365 2192 511 2282 μέρη
552 2195 642 2249 καὶ
693 2194 820 2258 τοὺς
868 2201 974 2252 τῶν
1047 2202 1225 2273 μερῶν
1258 2200 1394 2270 πρὸς
1427 2196 1651 2268 ἄΑληλα
1683 2198 1908 2274 λόγους,
1939 2199 2024 2256 καὶ

2141 2202 2211 2257 ad
2243 2202 2496 2275 primam
2529 2205 2836 2279 (rationes)
2865 2213 3022 2265 sunt.
3043 2209 3250 2265 Anima
3280 2209 3479 2282 igitur,
3513 2209 3562 2266 si
3589 2215 3785 2282 partes

365 2277 700 2357 συμϐαίνειν,
774 2285 978 2355 ταύτην
1051 2287 1328 2364 ἑπταμερῆ
1401 2287 1490 2344 καὶ
1558 2288 1861 2365 ἓπτάλογον
1931 2290 2020 2345 καὶ

365 2369 706 2428 ιπτάκυκλον
767 2373 924 2431 εἶναι.
983 2375 1224 2438 Κύκλοις
1296 2377 1398 2453 γὰρ
1473 2377 1707 2434 ιοίκασιν
1766 2380 1818 2434 οἱ
1874 2383 2021 2455 τρεῖς

366 2459 742 2538 ιπιτρεπτικοὶ
801 2466 874 2527 ὡς
930 2463 1200 2540 τριαδικοὶ
1251 2468 1278 2521 6
1327 2469 1396 2542 γ’,
1431 2469 1458 2522 6
1508 2470 1572 2536 θ’,
1605 2470 1633 2524 6
1680 2471 1780 2539 κζ’,
1819 2471 1908 2525 καὶ
1970 2471 2021 2525 οὶ

367 2547 464 2606 δύο
514 2550 689 2615 ἰσάκις
742 2551 847 2609 ἴσοι
896 2555 924 2609 6
975 2553 1018 2610 δ’
1046 2555 1135 2609 καὶ
1185 2556 1213 2610 6
1257 2558 1323 2625 θ’,
1353 2557 1444 2612 καὶ
1495 2560 1546 2612 οἱ
1579 2556 1673 2614 δύο
1710 2559 1882 2621 ἷσᾶκις
1914 2558 2020 2615 ἴσοι

368 2639 546 2703 ἰσάκις
579 2642 607 2696 6
638 2643 689 2712 η’
737 2642 826 2697 καὶ
886 2645 1003 2712 κζ’⁶
1039 2642 1212 2706 οὕτως
1264 2643 1357 2700 οὖν
1413 2647 1500 2701 καὶ
1553 2648 1927 2713 δπτάκυκλος·
1983 2651 2018 2720 ἠ

362 2729 469 2804 γὰρ
504 2733 672 2802 μονάς
702 2731 844 2787 ἆστιν
879 2733 906 2787 6
940 2729 1280 2808 δημιουργὸς
1324 2739 1468 2807 νοῦς,
1501 2738 1535 2806 ἡ
1572 2734 1629 2792 δὶ
1677 2741 1829 2813 ψυχὴ
1882 2739 2021 2816 πρό-

363 2838 526 2891 τερον
585 2819 690 2874 ἀπὸ
735 2825 831 2876 τοῦ
869 2825 964 2876 νοῦ
1011 2827 1300 2898 προϊοῦσα,
1333 2819 1638 2897 ἆϐδομᾶδος
1688 2824 1804 2904 ἔχει
1855 2825 2018 2903 λόγον

370 2908 510 2983 πρὸς
565 2909 766 2964 αὐτόν’
801 2913 1038 2986 πατρική
1094 2913 1196 2988 γὰρ
1243 2913 1334 2967 καὶ
1384 2913 1614 2989 ἀμήτωρ
1663 2918 1697 2984 ἡ
1759 2911 2019 2989 δὸδομάς.

371 2996 555 3053 Ἀλλὰ
611 2999 712 3074 γὰρ
772 2996 1013 3067 λεκτέον,
1046 3000 1090 3056 εί
1147 3002 1234 3056 καὶ
1285 2997 1848 3078 παρεκϐατικώτερον,
1904 3005 2022 3062 τίνα

374 3088 476 3155 τήν
509 3086 787 3162 ἰκφάνειαν
823 3091 850 3144 6
886 3092 1149 3166 μερισμὸς
1177 3098 1276 3162 τῆς
1309 3094 1493 3166 ψυχῆς
1528 3092 1604 3155 εἷς
1642 3095 1733 3148 τὸν
1777 3092 2018 3166 οὖσιώὸη

368 3175 604 3250 ἀριθμὸν
661 3179 900 3253 γεγονὼς
953 3179 1122 3256 φέρει,
1181 3183 1272 3235 καὶ
1328 3180 1479 3243 ὅπως
1527 3182 1581 3236 αἱ
1640 3183 1774 3238 ἑπτὰ
1833 3191 2022 3261 μοῖραι

366 3264 567 3320 τούτου
595 3267 694 3336 τὴν
719 3268 1010 3323 ὑπόστασιν
1040 3267 1265 3346 ἔλαχον.

2134 2291 2266 2362 ejus
2300 2291 2674 2366 partiumque
2704 2294 2862 2351 inter
2889 2313 2950 2352 se
3008 2297 3444 2369 proportionem
3477 2314 3784 2370 compara-

2133 2378 2473 2453 tionemque
2513 2388 2869 2454 spectamus,
2904 2385 3234 2458 septenaria
3263 2390 3371 2457 est,
3403 2389 3784 2459 sequiturque

2135 2475 2199 2525 ut
2227 2471 2586 2543 septifariam
2619 2478 2676 2527 et
2704 2474 2894 2530 divisa
2919 2481 2977 2530 et
3025 2476 3322 2547 descripta
3370 2476 3698 2532 rationibus
3727 2481 3784 2531 et

2134 2561 2458 2616 orbiculata
2485 2562 2580 2617 sit.
2615 2561 2869 2619 Orbibus
2891 2563 3046 2619 enim
3099 2565 3242 2634 (sive
3265 2565 3522 2638 circulis)
3555 2566 3781 2622 similes

2133 2654 2273 2705 sunt
2303 2654 2420 2705 tres
2451 2649 2534 2704 illi
2566 2649 2740 2706 veluti
2765 2652 3062 2724 principes
3084 2653 3180 2724 (ad
3201 2657 3351 2710 retro
3365 2656 3780 2711 reﬂectendum

2132 2739 2288 2811 facti)
2321 2741 2551 2796 numeri
2600 2740 2862 2812 triplices
2896 2743 2990 2806 Ill,
3025 2742 3123 2812 IX,
3158 2742 3381 2811 XXVII,
3432 2745 3667 2816 duoque
3695 2744 3780 2800 illi

2131 2828 2429 2901 aequaliter
2471 2829 2727 2900 equales
2759 2829 2828 2886 IV
2859 2835 2916 2886 et
2946 2831 3043 2900 IX,
3077 2847 3144 2885 ao
3175 2831 3291 2886 duo
3341 2831 3425 2886 illi
3477 2833 3782 2905 aqualiter

2131 2917 2387 2989 aequales
2439 2917 2741 2990 aequaliter
2787 2918 2912 2974 VIII
2945 2924 3002 2974 et
3031 2919 3263 2975 XXVII.
3315 2921 3502 2985 Quare
3552 2927 3779 2994 septem

2133 3025 2366 3080 quoque
2396 3008 2634 3064 circulis
2663 3009 2939 3063 conclusa
2969 3014 3075 3064 est.
3111 3011 3316 3066 Unitas
3371 3012 3526 3066 enim
3559 3017 3649 3066 est
3681 3011 3781 3066 illa

2132 3113 2328 3154 rerum
2360 3097 2616 3152 effectrix
2643 3097 2810 3152 ratio.
2836 3097 3047 3152 Anima
3079 3104 3298 3165 autem,
3333 3104 3466 3154 ante
3500 3117 3532 3155 a
3561 3100 3785 3154 ratione

2136 3188 2410 3259 profecta,
2445 3185 2836 3256 septenariam
2891 3183 3176 3240 rationem
3227 3203 3361 3240 eum
3414 3187 3516 3242 illa
3559 3187 3784 3243 habet:

2133 3275 2503 3349 septenarius
2519 3272 2672 3328 enim
2707 3288 2987 3328 numerus
3012 3278 3070 3327 et
3100 3276 3442 3345 procreandi
3464 3281 3670 3346 potens
3701 3279 3794 3330 est

373 3371 566 3427 neque
598 3361 782 3412 matre
812 3358 1015 3414 utitur.
1049 3362 1266 3416 Verum
1297 3361 1453 3416 enim
1485 3377 1642 3433 vero,
1675 3365 1946 3434 quamvis
1977 3368 2230 3425 breviter
2259 3371 2315 3420 et
2346 3362 2512 3434 quasi
2547 3361 2949 3432 praetereundo
3004 3377 3119 3416 rem
3171 3363 3584 3432 transigentes,
3619 3379 3791 3418 enar-

373 3445 626 3500 randum
659 3447 1052 3520 suscepimus,
1085 3465 1264 3520 quam
1298 3451 1553 3522 speciem
1586 3452 1658 3507 ad
1705 3453 1992 3512 rationem
2038 3451 2450 3514 substantialis
2498 3449 2725 3504 numeri
2775 3449 2986 3505 factam
3036 3450 3272 3522 partitio
3321 3451 3526 3507 animae
3580 3469 3694 3524 pre
3729 3467 3791 3508 se

371 3533 543 3600 ferat,
575 3541 632 3590 et
657 3538 950 3608 quomodo
974 3543 1194 3610 septem
1228 3540 1356 3610 ejus
1387 3544 1583 3612 partes
1610 3543 1914 3600 veritatem
1947 3544 2328 3604 obtinuerint.

449 3621 510 3690 ζ’.
543 3623 605 3678 Ἦ
654 3625 748 3696 μὲν
809 3622 876 3694 δὴ
932 3625 1123 3701 πρώτη
1183 3631 1348 3704 μοῖρα
1399 3628 1460 3682 τὸ
1519 3628 1856 3704 νοερώτατόν
1921 3632 2028 3688 εστι

372 3709 464 3762 καὶ
509 3710 803 3786 ἀκρότατον
854 3721 955 3784 τῆς
1005 3717 1218 3792 ψυχῆς,
1253 3717 1403 3788 αὐτῷ
1466 3721 1545 3788 τῷ
1606 3717 1910 3794 ὑπερουσίῳ
1954 3721 2030 3776 ἑνὶ

381 3801 723 3856 συνάπτουσα
779 3802 870 3858 καὶ
929 3802 997 3878 τῇ
1054 3804 1272 3880 ὑπάρξει
1320 3812 1419 3874 τῆς
1480 3805 1618 3876 ὅλης
1677 3807 1862 3870 οὐσίας
1899 3828 1910 3841 ·
1947 3809 2030 3865 διὸ

377 3888 468 3943 καὶ
523 3889 618 3961 μία
667 3893 1123 3968 προσαγορεύεται
1165 3895 1240 3958 ὡς
1278 3891 1540 3965 ἓνοειὸής·
1577 3897 1665 3949 καὶ
1714 3897 1741 3951 6
1800 3898 2030 3974 ἀριθμὸς

378 3977 548 4047 αὐτῆς
604 3981 737 4035 κατᾶ
787 3983 850 4036 τὸ
899 3981 1115 4052 πλῆθος
1170 3983 1355 4038 ὶνώσει
1407 3983 1715 4059 κατέχεται,
1758 3987 1848 4040 καὶ
1894 3985 2034 4043 ἔστιν

379 4068 651 4144 ἀνάλογον
690 4075 757 4145 τῇ
813 4071 960 4145 αἰτίᾳ
1002 4070 1092 4127 καὶ
1140 4077 1216 4144 τῷ
1267 4075 1475 4149 κέντρῳ
1503 4082 1602 4144 τῆς
1631 4078 1817 4151 ψυχῆς
1843 4097 1855 4109 ⁸
1901 4080 2036 4134 κατὰ

373 4156 582 4228 ταύτην
637 4160 741 4234 γὰρ
796 4162 887 4216 καὶ
947 4161 1334 4237 ἀνεκφοίτητός
1388 4161 1498 4217 ἐστι
1538 4168 1645 4217 τῶν
1681 4161 1849 4222 ὅλων.
1881 4166 1946 4223 Ἦ
1978 4163 2034 4222 δὶ

374 4242 598 4321 δευτέρα
644 4247 1120 4320 πολλαπλασιάζει
1169 4253 1266 4320 τήν
1320 4252 1426 4327 πρὸ
1475 4252 1646 4320 αὐτῆς
1695 4261 2035 4327 γεννητικαῖς

374 4333 660 4410 προόδοις,
716 4337 777 4400 ἃς
830 4339 865 4408 ἡ
927 4335 1054 4402 δυὰς
1123 4337 1472 4409 ἐνδείκνυται,
1525 4338 1615 4394 καὶ
1685 4342 1858 4404 πάσας
1937 4343 2032 4405 τὰς

377 4422 655 4500 προόδους
690 4426 1055 4506 ὶκφαίνειτῆς
1109 4428 1314 4492 οὐσίας·
1349 4427 1433 4484 διὸ
1487 4430 1577 4484 καὶ
1635 4425 1898 4486 διπλασία
1949 4431 2035 4488 λι-

376 4535 530 4589 γεται
584 4523 682 4586 τῆς
741 4515 987 4593 πρώτης,
1022 4517 1096 4580 ὡς
1148 4520 1182 4587 ἡ
1246 4517 1563 4592 μιμουμένη
1621 4520 1721 4588 τὴν
1781 4519 2029 4597 ἀόριστον

379 4601 547 4660 δυάδα
576 4607 666 4660 καὶ
713 4608 813 4676 τὴν
855 4607 1098 4682 ἀπειρίαν
1123 4609 1223 4676 τήν
1250 4611 1474 4680 νοητήν.
1508 4609 1572 4667 Ἠ
1622 4605 1680 4664 δὶ
1729 4610 1885 4684 τρίτη
1935 4617 2034 4666 πᾶ-

377 4713 474 4747 σαν
534 4695 704 4764 αὐτὴν
754 4695 1057 4774 ἂπιστράφει
1119 4697 1283 4752 πάλιν
1364 4697 1439 4760 είς
1514 4699 1614 4768 τὴν
1683 4699 1887 4775 ἀρχὴν,
1941 4700 2032 4754 καὶ

377 4780 490 4837 Ιστι
521 4784 582 4838 τὸ
611 4784 791 4860 τρίτον
846 4787 1018 4856 αὐτῆς
1046 4787 1109 4842 τὸ
1140 4785 1590 4860 συνελισσόμενον
1651 4787 1726 4850 είς
1780 4788 1878 4851 τὰς
1935 4788 2029 4864 ἀρ-

379 4872 508 4945 χάς·
542 4873 570 4927 '6
622 4870 688 4943 δὴ
744 4879 1016 4948 μετρεῖται
1061 4875 1155 4949 μὲν
1216 4877 1320 4930 ὑπὸ
1374 4879 1475 4941 τῆς
1529 4877 1753 4952 πρώτης
1813 4877 2030 4952 μοίρας,

375 4959 453 5021 ὡς
511 4961 752 5024 ἑνώσεως
800 4963 890 5018 ἀπ’
945 4962 1114 5033 αὐτῆς
1173 4962 1602 5039 πληρούμενον
1664 4967 2026 5041 μερικώτερον

377 5045 437 5102 δὲ
494 5049 810 5106 συνάπτεται
864 5052 1001 5128 πρὸς
1056 5053 1155 5122 τὴν
1218 5049 1507 5126 δευτέραν·
1568 5051 1658 5107 καὶ
1717 5050 1806 5107 διὰ
1869 5058 2029 5108 τοῦτο

375 5135 590 5213 λέγιται
643 5136 940 5214 τριπλασία
1001 5141 1095 5212 μὲν
1145 5138 1378 5214 ἐκείνης,
1411 5139 1651 5214 ⁴ἡμιολία
1696 5138 1753 5196 δὲ
1803 5141 2025 5211 ταύτης,

2207 3630 2468 3689 7.Prima
2487 3628 2755 3701 igitur,in
2775 3645 2891 3700 qua
2909 3628 3118 3683 animaa
3137 3630 3310 3700 quasi
3327 3646 3563 3686 summa
3580 3628 3777 3685 consis

2139 3723 2232 3786 tit,
2265 3719 2523 3776 maxima
2553 3716 2918 3789 intelligendi
2948 3716 3002 3771 vi
3036 3717 3300 3788 praedita,
3333 3735 3460 3773 cum
3499 3719 3792 3774 eminente

2147 3810 2245 3867 illo
2277 3825 2455 3881 supra
2481 3811 2778 3862 naturam.
2832 3804 2956 3861 Uno
3011 3807 3460 3876 substantiaque
3509 3807 3792 3862 universae

2149 3898 2417 3956 essentia
2448 3897 2762 3965 conjuncta
2793 3898 3092 3966 est,quare
3123 3912 3242 3950 una
3272 3895 3471 3961 etiam,
3507 3901 3704 3967 utpote
3735 3896 3794 3949 in

2145 3988 2398 4061 simplici
2433 3984 2624 4056 specie
2656 3985 2867 4055 posita,
2909 3983 3260 4056 appellatur.
3302 3985 3594 4040 Numerus
3641 3984 3792 4054 ejus,

2143 4080 2192 4135 si
2226 4078 2296 4133 ad
2330 4073 2768 4131 multitudinem
2803 4081 3161 4143 spectamus,
3195 4074 3410 4128 unione
3437 4073 3792 4135 continetur,

2143 4171 2428 4239 aptusque
2450 4169 2509 4218 et
2539 4162 3016 4218 accommodatus
3047 4167 3138 4218 est
3167 4163 3238 4217 ad
3264 4177 3498 4218 causam
3522 4167 3579 4216 et
3603 4161 3793 4216 umbi-

2140 4254 2322 4310 licum
2345 4253 2575 4318 animas,
2607 4251 2666 4306 in
2693 4267 2811 4322 qua
2841 4249 3045 4305 ﬁrmus
3067 4256 3156 4306 est
3181 4267 3369 4321 neque
3392 4249 3514 4305 ulla
3547 4250 3791 4320 propin-

2143 4345 2368 4417 quitate
2416 4358 2550 4397 cum
2600 4339 2697 4409 iis,
2728 4356 2856 4410 qua.-
2898 4339 3172 4394 universa
3220 4343 3380 4406 sunt,
3415 4340 3790 4409 coniunctus.

2139 4431 2407 4490 Secunda
2457 4433 2652 4484 autem
2687 4444 2823 4500 pars
2853 4444 3002 4494 eam,
3035 4443 3162 4498 qua:
3194 4426 3456 4499 proxime
3482 4427 3792 4492 antecedit,

2139 4520 2494 4592 genitalibus
2527 4515 2882 4588 multiplicat
2912 4516 3344 4587 progressibus,
3378 4533 3528 4587 quos
3561 4516 3795 4572 exhibet

2141 4610 2415 4668 dualilas.
2447 4611 2504 4663 et
2551 4621 2754 4662 omnes
2805 4605 3022 4675 profert
3071 4606 3340 4660 essentia
3393 4623 3739 4678 progressus
3778 4621 3790 4661 :

2142 4715 2320 4771 quam
2345 4697 2531 4768 ipsam
2552 4694 2623 4750 ob
2647 4709 2768 4750 rem
2797 4692 2996 4765 primae
3024 4694 3208 4764 partis
3235 4693 3415 4766 dupla
3438 4693 3786 4766 appellatur,

2141 4792 2342 4859 utpote
2371 4784 2660 4840 inﬁnitam
2693 4781 3036 4838 dualitatem
3070 4785 3128 4837 et
3158 4783 3550 4840 inﬁnitionem
3581 4783 3794 4838 intelli-

2140 4875 2376 4948 gibilem
2411 4873 2661 4928 imitata.
2716 4871 2881 4926 Illam
2929 4887 3062 4927 vero
3091 4875 3274 4927 totam
3308 4873 3378 4928 ad
3434 4871 3788 4945 principium

2141 4970 2293 5020 retro
2326 4961 2571 5018 reﬂectit
2595 4959 2767 5014 tertia
2809 4975 2963 5031 pars,
2998 4963 3167 5030 cujus
3201 4961 3272 5017 ad
3317 4961 3603 5034 principia
3650 4978 3788 5017 con-

2138 5053 2376 5108 volutus
2407 5054 2495 5106 est
2515 5049 2719 5116 triens,
2754 5048 2852 5118 qui
2872 5048 3108 5117 scilicet,
3141 5055 3340 5122 utpote
3371 5050 3786 5107 adunationem

2141 5147 2349 5198 nactus
2371 5158 2404 5195 a
2427 5139 2616 5211 prima
2638 5141 2825 5208 parte,
2858 5138 2927 5190 ed
2952 5139 3079 5208 ejus
3117 5155 3454 5194 mensuram
3486 5139 3738 5209 exigitur
3771 5155 3784 5193 :

377 5225 428 5296 ἐξ
477 5226 732 5299 ἡμισείας
792 5229 886 5301 μὲν
944 5229 1047 5285 ὑπὸ
1093 5237 1193 5300 τῆς
1246 5227 1493 5302 δευτερας
1524 5230 1912 5304 συνεχόμενον,
1947 5231 2021 5293 ὡς

2141 5230 2359 5303 reliqua
2409 5235 2599 5284 autem
2634 5226 2822 5298 portio
2854 5225 2925 5280 ad
2961 5227 3280 5281 secundam
3314 5227 3554 5281 accedit.
3585 5227 3785 5298 Tripla

371 5312 432 5369 ἂν
500 5313 641 5388 μηδὲ
680 5319 780 5387 τήν
835 5316 956 5389 ἴσην
1019 5316 1243 5392 δύναμιν
1303 5318 1566 5395 ἇχούσης,
1597 5318 1798 5382 τελίως
1830 5316 1887 5375 δὲ
1920 5321 2024 5376 ὑπὸ

369 5411 473 5474 τῆς
523 5407 769 5480 πρώτης.
801 5407 862 5464 Ἦ
910 5404 957 5462 δ’
988 5407 1052 5463 αὗ
1093 5409 1324 5483 τετάρτη
1377 5412 1543 5486 μοῖρα
1588 5407 1678 5464 καὶ
1708 5410 1744 5480 ἡ
1775 5407 2023 5484 πᾶμπτη,

370 5589 655 5656 cernitur,
691 5589 792 5662 sed
822 5588 1372 5662 N_e_oplatonismns.
1397 5589 1598 5662 Neque
1635 5589 1793 5662 enim
1844 5588 1904 5646 in
1933 5590 2028 5662 his

387 5662 564 5733 rebus
587 5659 962 5733 explicandis
977 5659 1208 5733 Psellus
1239 5661 1380 5733 quid
1413 5659 1539 5733 ipse
1569 5661 2032 5733 senti_at,profert

387 5678 564 5717 renus
589 5678 948 5731 expuoanais
977 5678 1208 5718 rseuus
1239 5678 1380 5733 quia
1413 5678 1431 5716 ι
1477 5678 1539 5719 se
1569 5678 1956 5733 sent1a1,prou

367 5731 470 5790 ille
499 5730 760 5804 quidem,
793 5733 894 5789 sed
928 5735 1088 5791 totus
1119 5748 1154 5790 ε
1182 5729 1381 5792 Proolo
1410 5678 1512 5792 illo
1542 5734 1683 5794 stat.
1716 5730 1956 5792 Lmen.

2135 5321 2317 5393 igitur
2360 5317 2536 5386 illius,
2587 5315 2764 5386 hujus
2809 5315 3194 5386 sesquialtera
3244 5314 3594 5386 appellatur,
3627 5332 3659 5371 a
3689 5333 3784 5371 se-

2135 5409 2332 5467 cunda
2361 5407 2674 5478 enim,qua
2698 5404 2822 5477 pari
2844 5406 3132 5476 potestate
3163 5420 3277 5460 non
3309 5405 3406 5474 sit,
3440 5420 3509 5461 ex
3537 5404 3782 5461 dimidio

2213 5591 2290 5664 (7)
2321 5581 2672 5664 Ἐπταξικήν.
2708 5584 2835 5638 Hec
2864 5581 3058 5664 voxin
3100 5583 3261 5664 nullo
3293 5588 3513 5664 ⁸(ἓιιεοιςει
3565 5583 3780 5664 lingua

2140 5654 2347 5732 lexieo,
2375 5658 2530 5732 quod
2563 5656 2769 5720 sciam,
2800 5654 3125 5732 reperitur,
3156 5657 3255 5732 sed
3289 5656 3346 5710 in
3375 5654 3632 5732 _Forcell.
3665 5654 3778 5712 lex.

2137 5735 2244 5790 tot.
2277 5725 2412 5788 Lat:
2432 5727 2543 5785 sub
2576 5741 2711 5782 voce
2738 5726 3087 5796 septenarius
3111 5725 3342 5798 legitur.
3373 5727 3611 5782 LINDER.
