4054 6200
351 255 511 319 4089

1460 258 1534 317 ῐΝ
1584 256 2198 322 PSYCHOGONIAM
2244 265 2651 332 PLATONIS.

3612 288 3771 351 4090

351 388 445 443 καὶ
476 387 576 464 γὰρ
604 387 666 443 τὸ
697 384 1019 463 διάγραμμα
1048 384 1131 443 δεῖ
1158 386 1374 444 πάντων
1404 387 1611 444 τούτων
1665 388 1813 494 ιιῖνιιιζ
1846 410 2002 494 περι-

2118 398 2307 469 tonis,
2366 417 2719 474 cognoscere
2777 406 3045 477 intersit,
3104 412 3175 468 de
3231 418 3460 473 numeri
3518 426 3773 494 augendi

353 474 624 545 ληπτικὸν
652 476 742 531 καὶ
789 479 1301 532 καταπεπυκνῶσθαι
1349 477 1565 539 τούτοις
1622 482 1739 539 τοῖς
1794 477 2002 553 λόγοις.

349 567 466 624 Ἰνα
497 564 586 619 οὖν
617 563 668 620 έν
698 565 841 637 τάξει
894 564 1200 643 προΐωμεν,
1245 561 1503 640 λάϐωμεν
1535 571 1752 643 πρῶτον
1803 567 1856 621 ἐν
1886 574 2005 630 τοῖς

352 654 459 709 ἀπὸ
489 651 725 728 μονάδος
775 654 1030 729 ἀριθμοῖς
1078 655 1205 719 τοὺς
1255 655 1584 733 λεγομένους
1612 657 1867 732 πρώτους
1900 657 2003 712 ὑπὸ

346 748 448 799 τοῦ
481 741 771 805 Πλάτωνος
805 741 1030 819 λόγους.

2116 483 2444 543 rationibus
2511 490 2730 563 iisque,
2789 511 2915 565 qua
2974 496 3125 554 inter
3182 500 3313 557 illas
3374 483 3768 583 intercedunt,

2116 574 2552 648 medietatibus,
2576 581 2647 636 de
2676 586 3072 655 sesquitertiis
3103 594 3160 643 et
3184 593 3613 663 sesquialteris,
3637 574 3767 671 quae

2114 660 2171 715 in
2207 665 2620 724 medietatibus
2664 680 3007 745 cernuntur,
3039 677 3111 731 de
3152 681 3596 752 sesquioctavis,
3631 660 3766 759 qui-

2114 751 2224 807 bus
2280 756 2593 826 explentur
2647 760 2970 830 intervalla,
3030 766 3100 821 de
3157 767 3443 827 limmate.
3503 751 3764 849 Namque

351 835 720 905 diagramma
751 841 807 891 et
837 834 957 890 haec
989 836 1189 891 omnia
1228 835 1537 909 complecti
1587 836 1762 892 debet
1810 840 1868 893 et
1915 838 2193 910 compleri
2225 841 2618 915 (condensari)
2649 849 2742 905 his
2773 851 3121 910 rationibus.
3154 857 3342 920 Quare
3390 834 3767 932 primum,.ut

349 924 554 980 ordine
586 925 859 996 procedat
890 925 1094 992 oratio,
1128 926 1186 981 in
1242 925 1311 981 iis
1365 926 1647 998 numeris,
1681 925 1782 997 qui
1814 926 1884 982 ab
1914 928 2141 984 unitate
2188 936 2328 987 sunt
2371 937 2643 1006 proximi,
2678 955 2799 1011 eas,
2832 958 2961 1013 qua
2990 961 3022 999 a
3054 945 3291 1004 Platone
3341 960 3764 1024 memorantur,

352 1015 571 1085 primas
603 1014 859 1069 rationes
889 1031 1220 1071 sumamus.

422 1103 484 1165 θ’.
544 1100 837 1165 Ἐκκείσθω
894 1100 986 1157 οὖν
1037 1099 1104 1171 δὴ
1141 1102 1454 1176 μονὰς,καὶ
1483 1112 1688 1169 ταύτης
1747 1099 2008 1157 διπλασία

348 1188 505 1253 δυάς·
542 1191 652 1246 εἶτα
679 1190 856 1265 τριὰς,
888 1188 1127 1263 ἡμιολία
1158 1192 1253 1265 μὶν
1280 1195 1382 1257 τῆς
1435 1189 1654 1259 δυάδος,
1711 1189 2008 1266 τριπλασία

347 1277 410 1335 δὶ
445 1287 545 1349 τῆς
580 1277 838 1353 μονάδος·
872 1281 986 1336 εἶτα
1038 1282 1252 1357 τετρὰς,
1313 1279 1573 1337 διπλασία
1627 1288 1727 1351 τῆς
1786 1277 2002 1342 δυάδος·

350 1369 466 1423 εἶτα
534 1367 710 1433 ἐννεὰς
780 1368 1075 1443 τριπλασία
1146 1373 1245 1436 τῆς
1310 1367 1569 1446 τριάδος·
1640 1370 1751 1423 εἶτα
1805 1360 2004 1444 ὀγδοὰς

348 1455 686 1514 ὀκταπλασία
738 1461 835 1528 τῆς
869 1457 1131 1532 μονάδος·
1172 1458 1261 1515 έπὶ
1312 1464 1444 1514 πᾶσι
1473 1456 1530 1514 δὶ
1561 1453 1772 1532 έϐδόμη
1839 1471 2008 1533 μοιρα

344 1545 959 1603 ἐπτακαιεικοσιπλασία
990 1555 1087 1619 τῆς
1141 1546 1399 1622 μονάδος.
1460 1546 1614 1605 Ἀλλ’
1662 1545 1710 1602 εἴ
1743 1547 1836 1620 μὶν
1870 1546 2003 1629 ἅγρι

342 1636 555 1692 τούτων
610 1632 735 1708 ἔστη
789 1637 857 1693 τὰ
910 1642 1007 1693 τοῦ
1065 1637 1381 1706 Πλάτωνος,
1442 1633 1548 1693 ἔδει
1590 1634 1761 1711 μηδὶν
1791 1653 2007 1714 περιερ-

2186 1109 2239 1164 9.
2268 1110 2501 1170 Ponitor
2522 1116 2704 1188 igitur
2728 1120 2952 1190 unitas,
2974 1124 3222 1197 ejusque
3243 1128 3458 1200 duplus
3482 1148 3766 1191 numerus

2117 1198 2382 1257 binarius
2416 1220 2429 1259 :
2463 1205 2673 1264 deinde
2722 1212 3015 1268 ternarius
3069 1231 3374 1284 numerus,
3417 1221 3767 1291 sesquialter

2115 1287 2353 1362 binarii,
2377 1293 2622 1351 unitatis
2656 1298 2868 1369 triplus
2892 1316 2904 1356 :
2931 1306 3056 1358 tum
3090 1308 3521 1375 quaternarius,
3552 1310 3763 1366 binarii

2117 1377 2333 1449 duplus
2377 1399 2391 1436 :
2440 1386 2563 1439 tum
2614 1389 2989 1459 novenarius,
3043 1393 3281 1449 ternarii
3329 1396 3591 1468 triplus:
3634 1405 3761 1455 tum

2116 1470 2474 1541 octonarius,
2497 1475 2770 1545 octuplus
2795 1478 3037 1535 unitatis
3064 1498 3076 1535 :
3104 1488 3396 1553 postremo
3421 1491 3613 1542 autem
3640 1505 3769 1559 sep-

2114 1554 2261 1612 tima
2292 1575 2448 1629 pars,
2473 1577 2600 1633 quas
2651 1570 2876 1636 septem
2909 1573 2964 1622 et
2993 1570 3202 1641 viginti
3256 1573 3519 1643 partibus
3553 1554 3763 1632 unitati

2116 1646 2424 1703 antecedit.
2459 1650 2608 1706 Tum
2656 1669 2791 1709 vero
2822 1656 2870 1709 si
2901 1656 3021 1712 haec
3067 1658 3351 1715 hactenus
3400 1662 3564 1719 Plato
3612 1671 3766 1722 esset

344 1726 597 1803 γάζεσοαι
655 1725 862 1784 πλέον.
920 1726 1139 1798 Ἐπειδή
1221 1726 1307 1825 Si.
1342 1726 1521 1825 ainde
1572 1729 1709 1825 ἡμῖν
1765 1744 2002 1825 παρακε-

2118 1741 2478 1807 persecutus,
2502 1738 2839 1798 elaborandi
2873 1744 3175 1818 diligentia
3199 1766 3309 1805 non
3337 1752 3593 1824 amplius
3615 1771 3764 1825 opus

350 1813 566 1870 λεύεται
613 1814 682 1870 τὰ
707 1812 969 1872 διπλάσια
1015 1817 1103 1871 καὶ
1154 1814 1452 1892 τριπλάσια
1495 1812 1835 1888 διαστήματα
1889 1819 2007 1875 ταῖς

343 1924 408 1958 τε
465 1905 851 1979 ἀριθμητικαῖς
904 1904 994 1960 καὶ
1058 1906 1385 1980 ἀρμονικαῖς
1448 1904 1709 1979 μεσότησι
1770 1900 2005 1971 συνδεῖν,

349 1992 588 2067 μονάδος
628 1994 686 2051 δὶ
726 1995 825 2051 οὐκ
872 1992 981 2052 ἔστι
1033 1995 1125 2051 καὶ
1171 1993 1369 2059 δυάδος
1416 1993 1611 2069 μεταξὺ
1659 1992 1854 2055 ταύτας
1908 1993 2003 2054 τὰς

350 2085 657 2157 μεσότητας
717 2087 891 2161 εὑρεῖν
928 2128 944 2154 ,
1015 2084 1255 2155 ληπτέον
1306 2085 1429 2140 τινὰ
1485 2088 1704 2160 πρῶτον
1770 2083 2001 2159 ἀριθμὸν

342 2173 405 2235 ὃς
462 2172 756 2249 έλάχιστος
809 2172 881 2229 ὢν
942 2172 1042 2245 ἔξει
1098 2174 1275 2247 ἥμισυ
1326 2175 1417 2229 καὶ
1473 2172 1679 2248 τρίτον·
1715 2169 2000 2226 διπλάσιον

341 2263 449 2337 γάρ
482 2268 586 2325 πᾶς
635 2263 868 2337 ἀριθμὸς
914 2261 1062 2339 ἔχειν
1093 2261 1334 2320 δύναται.
1396 2261 1664 2341 Εἰλήφθω
1715 2264 1844 2337 γοῦν
1878 2261 1906 2315 6
1938 2266 2003 2332 ς’,

344 2352 438 2405 καὶ
490 2351 686 2406 τούτου
748 2349 1035 2415 διπλάσιος
1090 2353 1117 2408 6
1152 2354 1243 2429 ιβ’,
1298 2352 1390 2408 τὸν
1446 2350 1604 2407 αὐτὸν
1639 2345 1783 2427 ἔχων
1815 2349 2001 2425 λόγον,

344 2440 411 2493 δν
466 2440 605 2516 πρὸς
664 2437 832 2495 δυάδα
893 2441 1081 2514 μονάς.
1141 2442 1362 2499 Τούτων
1414 2438 1481 2509 δὴ
1512 2444 1618 2495 τῶν
1664 2438 1999 2513 έξαπλασίων

344 2526 587 2601 μονάδος
638 2531 730 2585 καὶ
762 2527 958 2593 δυάδος
992 2530 1150 2604 μέσοι
1192 2531 1595 2607 παρεντιοέντες
1653 2529 1682 2584 ὃ
1724 2550 1783 2584 τε
1813 2528 1863 2598 η’
1910 2526 2000 2581 καὶ

339 2619 389 2671 Θ⁹
447 2619 541 2680 τὰς
601 2619 891 2693 εἰρημένας
946 2619 1245 2693 μεσότητας
1298 2616 1673 2674 ἀποδώσουσιν
1700 2660 1714 2674 .
1772 2618 1831 2675 Ὀ
1903 2616 1997 2690 μὶν

343 2707 454 2781 γὰρ
512 2708 562 2774 η’
619 2713 800 2780 ταυτῷ
857 2708 1005 2782 μέρει
1079 2714 1184 2763 τῶν
1239 2706 1415 2783 ἄκρων
1488 2706 1739 2783 ὑπερέχει
1796 2727 1855 2761 τε
1906 2705 1997 2761 καὶ

346 2796 699 2872 ὑπερέχεται,
761 2796 892 2874 ὅπερ
940 2795 1076 2854 ἴδιόν
1111 2797 1253 2854 ἐστιν
1313 2799 1616 2873 ἁρμονικῆς
1678 2793 1988 2871 ἀναλογίας·

341 2886 372 2940 6
408 2884 466 2940 δὲ
496 2887 539 2939 0'
562 2883 671 2958 'lccp
728 2887 823 2959 μὶν
883 2887 997 2960 [τὸν
1029 2888 1094 2959 ς’]
1142 2888 1259 2942 κατ’
1292 2887 1520 2962 ἀριθμὸν
1558 2883 1835 2960 ὑπερέχει,
1889 2881 1998 2956 ’ίσῳ

2117 1830 2288 1880 esset.
2315 1828 2557 1891 Quando
2589 1835 2785 1886 autem
2826 1832 2951 1903 ipse
2983 1836 3151 1892 nobis
3184 1840 3465 1912 praecipit,
3489 1847 3554 1896 ut
3583 1842 3767 1913 dupla

2115 1917 2172 1969 et
2202 1914 2379 1987 tripla
2406 1916 2713 1975 intervalla
2761 1922 3148 1982 arithmeticis
3200 1933 3374 1999 atque
3406 1930 3766 1988 barmonicis

2116 2004 2532 2062 medietatibus
2578 2008 2944 2082 colligemus,
2979 2014 3117 2086 quia
3170 2016 3323 2072 inter
3373 2020 3658 2077 unitatem
3709 2027 3767 2079 et

2113 2091 2456 2151 dualitatem
2497 2098 2841 2156 medietates
2873 2103 3050 2157 nulla
3084 2104 3336 2176 interjici
3372 2115 3618 2179 possunt
3647 2111 3761 2183 pri-

2113 2196 2247 2236 mus
2278 2182 2493 2254 aliquis
2526 2202 2809 2244 numerus
2832 2193 3160 2248 sumendus
3183 2199 3293 2265 est,
3319 2197 3417 2267 qui
3450 2213 3627 2269 quam
3654 2182 3767 2254 7mi-

2112 2270 2311 2326 nimus
2341 2272 2648 2329 dimidiam
2674 2282 2901 2348 partem
2926 2284 3098 2350 atque
3124 2283 3357 2338 tertiam
3382 2285 3593 2341 habeat
3615 2304 3628 2342 :
3654 2291 3765 2343 du-

2112 2358 2269 2431 plam
2300 2359 2457 2416 enim
2491 2364 2682 2434 quivis
2713 2383 2997 2424 numerus
3030 2369 3225 2425 habet.
3256 2372 3538 2431 Sumatur
3584 2376 3764 2449 igitur

2109 2448 2144 2502 6
2175 2449 2480 2522 (senarius)
2506 2469 2785 2511 numerus
2815 2459 3061 2528 ejusque
3093 2460 3312 2532 duplus
3344 2464 3409 2518 12
3439 2448 3760 2537 (duodena-

2111 2537 2551 2609 rius),eamdem
2577 2543 2859 2601 rationem
2888 2547 3314 2621 habens,quam
3330 2568 3463 2608 cum
3481 2554 3763 2613 dualitate

2110 2628 2327 2683 unitas.
2346 2628 2407 2684 In
2433 2632 2623 2686 medio
2651 2631 2888 2690 illorum
2909 2652 3287 2694 numerorum
3309 2640 3593 2697 unitatem
3612 2650 3668 2700 et
3685 2646 3763 2700 bi-

2111 2718 2342 2773 narium
2357 2719 2545 2776 sexies
2562 2722 2989 2781 continentium
3010 2726 3339 2798 interpositi
3359 2733 3693 2789 octonarius
3710 2738 3769 2791 et

2111 2806 2460 2863 novenarius
2477 2824 2733 2882 eas,quzs
2755 2813 2921 2868 dictas
2947 2820 3105 2883 sunt,
3124 2818 3470 2876 medietates
3492 2823 3749 2879 reddunt

2108 2896 2457 2953 Octonarius
2512 2899 2669 2954 enim
2718 2903 2922 2959 eadem
2981 2909 3145 2976 parte
3196 2913 3431 2978 praestat
3479 2912 3756 2969 extremis

347 3393 405 3450 δδ
459 3396 801 3472 ὑπερέχεται,
834 3397 967 3472 ὅπερ
1031 3396 1169 3454 ἴδιόν
1231 3398 1372 3455 έστιν
1431 3399 1801 3476 ἀριθμητικῆς
1838 3400 1997 3476 μεσό-

2118 3403 2431 3473 sademque
2452 3400 2787 3471 superatur,
2813 3398 2969 3469 quod
2992 3399 3233 3468 quidem
3256 3398 3609 3457 harmonicaa
3633 3419 3767 3474 pro-

349 3506 543 3556 τητος.
583 3488 793 3560 Ἐεάκις
824 3486 926 3563 ἄρα
967 3491 1067 3560 τὴν
1115 3487 1323 3563 μονάδα
1353 3490 1445 3546 καὶ
1479 3489 1649 3547 δυάδα
1678 3494 2004 3564 ποιήσαντες

352 3571 580 3650 εὕρομεν
626 3576 892 3651 ἀριθμοὺς
941 3580 1035 3641 τὰς
1087 3579 1373 3656 εἰρημένας
1423 3578 1852 3657 έπιδεχομένους
1914 3603 2008 3655 με·

353 3664 608 3735 σότητας.
659 3666 907 3738 Ὁμοίως
966 3664 1024 3723 δὶ
1079 3669 1170 3723 καὶ
1219 3670 1344 3731 τοὺς
1403 3670 1631 3733 λοιποὺς
1660 3676 1766 3725 τῶν
1818 3670 1869 3726 έν
1931 3676 2010 3744 τῷ

352 3755 741 3830 προειρημένῳ
798 3756 979 3831 στίχῳ
1007 3761 1117 3812 τῶν
1152 3754 1451 3814 διπλασίων
1486 3760 1600 3832 ἅμα
1639 3759 1728 3815 καὶ
1775 3759 2008 3834 τριπλα-

347 3842 479 3898 σίων
530 3841 1016 3913 έξαπλασιάσαντες
1074 3846 1380 3922 εὑρήσομεν
1435 3847 1634 3920 ὅρους,
1696 3848 1790 3911 οὕς
1851 3845 2009 3919 δυνη-

349 3932 558 4005 σόμεθα
602 3938 972 3989 καταπυκνοῦν
1023 3935 1411 4012 ἀριθμητικαῖς
1450 3957 1509 3992 τε
1536 3937 1624 3991 καὶ
1673 3938 2006 4012 άρμονικαῖς

348 4020 635 4094 μεσότησι.

2116 3490 2403 3565 portionis
2447 3488 2751 3562 preprium
2780 3490 2897 3553 est;
2933 3486 3285 3569 novenarius
3334 3492 3531 3545 autem
3562 3492 3765 3547 eodem

2119 3596 2364 3636 numero
2396 3575 2743 3647 (senarium)
2766 3579 3004 3647 praestat
3032 3591 3147 3647 quo
3179 3576 3237 3648 (a
3262 3577 3644 3651 duodenario)
3667 3598 3768 3635 su-

2120 3673 2377 3740 peratur,
2412 3666 2569 3739 quod
2604 3664 2843 3737 quidem
2875 3664 3262 3721 arithmeticis
3301 3672 3391 3724 est
3438 3669 3769 3724 medietatis

2119 3757 2444 3831 proprium.
2480 3754 2539 3812 Si
2590 3754 2776 3811 sexies
2809 3754 2991 3827 igitur
3040 3754 3327 3812 unitatem
3375 3762 3434 3813 et
3476 3758 3769 3814 binarium

2117 3846 2575 3919 sumpserimus,
2626 3860 2906 3900 numeros
2956 3844 3353 3902 invenerimus
3402 3847 3768 3916 medietates,

2119 3952 2267 4009 quas
2300 3935 2581 3999 diximus,
2614 3933 2968 4005 complexos.
3002 3933 3400 4006 Similiterque
3430 3936 3480 3991 si
3514 3936 3767 4008 reliquos

2118 4027 2179 4082 in
2237 4024 2387 4082 serie
2441 4022 2564 4090 illa,
2616 4039 2795 4093 quam
2854 4039 3035 4094 supra
3091 4026 3517 4092 enarravimus,
3558 4026 3771 4097 duplos

347 4112 677 4185 triplosque
707 4129 987 4170 numeros
1018 4115 1209 4171 sexies
1235 4116 1692 4190 sumpserimus,
1726 4117 2094 4174 inveniemus
2126 4114 2434 4184 terminos,
2467 4128 2616 4185 quos
2656 4112 3047 4168 arithmeticis
3077 4116 3135 4169 et
3165 4112 3527 4170 barmonicis
3558 4115 3774 4173 medie-

344 4201 575 4257 tatibus
606 4203 969 4260 condensare
998 4205 1280 4278 (explere)
1310 4208 1653 4279 poterimus.

415 4290 467 4345 ι’.
530 4288 905 4364 Γεγονέτωσαν
976 4291 1082 4347 ἀπὸ
1161 4295 1363 4356 παντὸς
1434 4298 1534 4350 τοῦ
1600 4293 2006 4372 προειρημένου

342 4376 539 4452 στίχου
592 4376 931 4448 έξαπλάσιοι.
992 4378 1239 4444 ’Ἄλλους
1299 4383 1564 4456 ἀριθμοὺς
1621 4383 1673 4438 ἐν
1700 4383 1842 4454 τάξει
1890 4383 2004 4437 Θέν-

348 4486 457 4531 τες,
522 4466 683 4538 μόνον
734 4468 825 4521 τὸν
886 4465 966 4523 νδ’
1018 4470 1123 4545 πρὸ
1180 4475 1276 4526 τοῦ
1340 4474 1434 4544 μη’
1467 4478 1637 4537 θεῖναι
1669 4472 2001 4551 ὀφείλοντες·

345 4558 539 4609 τοῦτον
594 4557 700 4631 γὰρ
748 4555 1012 4632 πρότερον
1072 4557 1189 4613 είπὶ
1244 4559 1566 4633 τριπλάσιον
1620 4566 1716 4615 τοῦ
1766 4562 1952 4637 τρίτου
1988 4580 1999 4593 ·

354 4643 471 4714 μετ’
519 4642 722 4698 ἐκεῖνον
778 4642 835 4699 δὶ
888 4645 1049 4701 αὐτὸν
1094 4650 1256 4719 ἡμεῖς
1313 4645 1521 4722 ἔθεμεν,
1552 4654 1632 4722 τῷ
1663 4649 1864 4720 πλήθει
1895 4653 2001 4704 τῶν

2187 4293 2276 4348 40.
2311 4291 2494 4347 Sunto
2516 4304 2587 4344 ex
2614 4290 2735 4344 tota
2763 4288 2890 4359 hac,
2918 4305 3096 4361 quam
3118 4306 3299 4361 supra
3322 4291 3599 4363 diximus,
3624 4294 3774 4349 serie

2118 4381 2304 4438 sexies
2354 4377 2577 4449 sumpti
2607 4376 2908 4449 (numeri).
2944 4377 3208 4449 Reliquis
3257 4380 3519 4436 numeris
3568 4383 3776 4438 ordine

2114 4466 2419 4542 dispositis
2450 4482 2793 4538 quanquam
2844 4465 3037 4522 solum
3090 4482 3404 4524 numerum
3433 4470 3506 4524 54
3534 4476 3672 4526 ante
3705 4473 3773 4527 48

2116 4573 2330 4632 ponere
2360 4556 2743 4620 debebamus,
2770 4554 3023 4626 priorem
3058 4554 3224 4611 illum
3250 4557 3406 4613 enim
3429 4558 3591 4617 dicas
3615 4561 3774 4616 tertii

2113 4647 2594 4721 triplum,tamen
2617 4647 2749 4716 post
2769 4643 2928 4699 hunc
2951 4643 3118 4700 illum
3138 4647 3771 4719 posuimus,unitatum

358 4730 605 4802 μονάδων
664 4731 970 4806 έπόμενοι,
1025 4737 1114 4790 καὶ
1169 4736 1231 4790 οὗ
1288 4742 1356 4811 τῇ
1416 4739 1809 4811 ἀπαριθμήσει,
1861 4741 1923 4808 ἣν
1980 4740 2002 4794 6

2120 4734 2560 4793 multitudinem
2587 4733 2875 4803 (ordinem
2902 4732 3236 4805 seriemque
3258 4743 3663 4807 numerorum)
3689 4757 3773 4795 se-

351 4818 581 4877 Πλάτων
631 4823 949 4893 πεποίηται,
980 4830 1095 4885 τοῖς
1128 4824 1314 4901 λόγοις
1345 4826 1520 4882 αὐτῶν
1574 4826 1860 4900 ἑπόμενος,
1914 4828 2003 4883 καὶ

343 4908 581 4980 έναλλὰξ
656 4912 825 4975 τιθεὶς
900 4912 1027 4975 τοὺς
1095 4911 1417 4979 διπλασίους
1476 4917 1560 4970 καὶ
1625 4916 2001 4991 τριπλασίους.

347 4999 564 5069 Μεταξὺ
620 5002 711 5071 μὶν
772 5001 863 5055 οὗν
916 5006 1017 5056 τοῦ
1067 5004 1108 5065 ς’
1138 5005 1224 5058 καὶ
1269 5008 1367 5058 τοῦ
1404 5006 1471 5079 ιβ’
1504 5005 1863 5077 ἐμπεσοῦνται
1897 5008 1925 5060 6
1956 5014 2005 5077 η’

339 5088 430 5140 καὶ
491 5089 558 5155 θ’,
624 5089 817 5160 μεταξὺ
876 5088 932 5145 δὲ
979 5095 1075 5145 τοῦ
1110 5092 1180 5167 ιβ’
1230 5093 1319 5147 καί
1371 5089 1450 5147 κδ’
1483 5090 1773 5149 διπλασίου
1831 5096 2002 5170 ἁρμο-

337 5176 466 5244 νική
503 5176 600 5249 μὶν
647 5178 879 5249 μεσότης
910 5180 936 5234 6
994 5181 1078 5248 ις’,
1132 5180 1472 5256 ἀριθμητική
1508 5180 1565 5237 δὶ
1591 5183 1619 5237 6
1655 5190 1743 5253 ιη’·
1806 5181 2001 5257 μεταξὺ

346 5261 405 5319 δὶ
459 5269 557 5320 τοῦ
615 5263 904 5322 διπλασίου
952 5269 1048 5322 τοῦ
1098 5266 1177 5324 κδ’
1228 5270 1444 5326 καὶτοῦ
1479 5273 1869 5348 μη¹ἀρμονικὴ
1906 5272 1999 5343 μὲν

1735 5394 1798 5484 ιβ
1922 5415 1990 5479 ις’

2114 4826 2256 4894 cuti,
2274 4829 2453 4894 atque
2474 4839 2508 4877 a
2530 4821 2881 4876 numerandi
2906 4837 3069 4878 more
3098 4823 3466 4880 discedentes
3491 4826 3773 4899 Platonis,

2116 4915 2236 4987 qui,
2263 4913 2549 4968 rationem
2588 4925 2967 4966 numerorum
3001 4917 3262 4975 secutus.
3287 4913 3543 4971 alternos
3563 4917 3775 4988 duplos

2115 5009 2172 5059 et
2218 5000 2428 5073 triplos
2488 4997 2830 5054 collocabat.
2893 5000 3115 5055 Inter6
3145 5001 3327 5073 igitur
3364 5007 3422 5057 et
3472 5004 3541 5058 42
3596 5005 3772 5060 medii

2114 5091 2475 5149 intercedent
2504 5089 2539 5142 8
2568 5094 2624 5143 et
2652 5089 2687 5142 9
2720 5090 2950 5145 numeri
2984 5108 2998 5147 :
3032 5090 3184 5147 inter
3226 5092 3295 5147 42
3338 5098 3393 5147 et
3441 5094 3510 5147 24
3558 5095 3771 5166 duplos

2112 5181 2458 5238 harmonica
2498 5178 2784 5234 medietas
2831 5178 2900 5235 46
2950 5186 3007 5236 et
3054 5180 3124 5237 48
3171 5181 3541 5237 arithmetica
3573 5199 3586 5236 :
3618 5182 3772 5239 inter

2114 5270 2327 5343 duplos
2376 5283 2654 5325 numeros
2682 5268 2754 5323 24
2790 5274 2847 5324 et
2889 5270 2957 5324 48
2994 5270 3065 5324 32
3102 5269 3442 5325 harmonica
3492 5270 3772 5328 medietas

2114 5424 2173 5474 ιη’
2316 5415 2387 5473 νδθ

1828 5507 1867 5555 δ’
2201 5507 2254 5563 ς’
