4054 6200
282 286 438 349 4093

1376 291 1457 351 ΙΝ
1502 284 2114 351 PSYGHOGONIAM
2161 284 2576 347 PLATONIS.

3544 289 3701 352 4094

276 418 476 479 παντὸς
532 417 632 493 γὰρ
690 416 969 493 ἐπιτρίτου
1023 417 1118 474 δύο
1174 416 1454 495 ἇπυγδόων
1532 415 1927 496 αφαιρεθὲντων

2060 422 2335 489 iuperest,
2369 435 2546 490 quam
2593 418 2813 475 habent
2839 418 2947 473 256
2984 434 3120 475 cum
3151 419 3278 477 243.
3312 421 3395 477 Ex
3424 422 3701 481 universa

276 505 659 562 καταλείπεται
693 508 721 562 6
750 511 846 561 106
898 505 1206 580 λείμματος
1257 506 1449 582 λόγος.
1492 507 1670 563 Ἀλλὰ
1699 510 1796 561 τοῦ
1825 526 1921 568 σνς

280 591 547 669 ἐπόγδοος
596 595 623 648 6
667 602 811 665 σπη’,
863 596 921 657 ’ὁς
966 597 1064 665 τὴν
1123 597 1495 670 ἀριθμητικὴν
1556 596 1719 665 σώζει
1774 594 1936 668 μεσό-

281 705 440 753 τητα,
498 685 827 759 τεταγμένος
902 684 1096 757 μεταξὺ
1171 690 1269 740 106
1323 686 1439 761 ρςβ’
1493 686 1583 739 καὶ
1640 688 1735 739 106
1794 681 1933 751 τπδ’,

283 775 423 847 πρὸς
473 772 565 845 μὲν
618 773 709 826 τὸν
761 773 878 847 ρςβ¹
918 774 1010 827 τὸν
1068 770 1354 829 διπλάσιον
1410 772 1575 849 λόγον
1627 772 1935 839 ποιοῦντος,

284 862 425 937 πρὸς
458 858 514 914 δὲ
543 862 633 915 τὸν
687 862 811 931 σπη’
840 859 1136 937 ἐπίτριτον.
1173 862 1235 919 Ei
1281 862 1374 933 μὲν
1408 861 1498 917 οὖν
1534 860 1754 917 δυνατὸν
1798 861 1936 915 ἀπο-

287 956 481 1019 στῆσαι
535 946 630 1002 δύο
677 946 973 1025 ἐπογδόους
1024 951 1127 1003 ἀπὸ
1170 955 1266 1005 106
1325 952 1471 1021 σπη’,
1521 950 1935 1005 κατεπυκνώσα-

289 1058 386 1111 μεν
423 1037 482 1091 ἂν
516 1037 605 1091 καὶ
652 1042 814 1093 τοῦτο
868 1039 931 1093 τὸ
982 1038 1253 1114 ἆπίτριτον
1285 1045 1401 1100 τοῖς
1448 1060 1506 1094 τε
1536 1036 1819 1115 ἕπογδόοις
1850 1037 1939 1092 καὶ

281 1131 365 1199 τῷ
407 1125 689 1198 λείμματι.
748 1130 853 1181 Νῦν
910 1124 968 1181 δὶ
1026 1128 1136 1202 οὐχ
1193 1128 1391 1199 οἷόντε,
1444 1127 1471 1182 ό
1521 1128 1625 1203 γὰρ
1676 1124 1939 1202 ἐπόγδοος

283 1214 452 1270 αὐτοῦ
479 1215 506 1269 6
536 1211 650 1269 τκδ’
702 1212 897 1289 ὄγδοον
949 1215 1049 1270 οὐκ
1091 1213 1231 1291 ἔχει’
1282 1213 1366 1271 διὸ
1398 1218 1536 1289 πρὸς
1584 1215 1741 1271 αὐτόν
1777 1214 1940 1289 ἆπόγ-

286 1301 413 1359 δοον
464 1302 699 1378 γίνεσθαι
762 1302 923 1379 λόγον
985 1304 1047 1358 οὐ
1107 1302 1325 1361 δυνατὸν
1380 1310 1496 1367 τοῖς
1546 1304 1790 1378 ἄτμητον
1839 1305 1938 1372 τήν

289 1391 497 1467 μονάδα
553 1392 841 1470 φυλάττειν
918 1396 979 1447 ἂν
1044 1392 1411 1469 βουλομένοις
1476 1394 1537 1448 τὸ
1594 1395 1694 1469 γὰρ
1751 1389 1942 1467 ὄγδοον

284 1484 452 1537 αὐτοῦ
499 1481 661 1555 μέρος
710 1481 842 1538 ἐστί.
896 1481 1355 1545 Διπλασιάσαντες
1407 1481 1496 1537 οὖν
1543 1483 1698 1551 αὐτὰ,
1744 1480 1836 1536 ’ίνα
1881 1481 1942 1536 τὸ

286 1570 463 1644 ἥμισυ
495 1570 623 1626 δ’λον
676 1573 997 1644 ποιήσωμεν
1043 1572 1131 1627 καὶ
1176 1577 1398 1648 σχῶμεν
1432 1571 1523 1626 καὶ
1557 1571 1719 1626 αὐτοῦ
1753 1565 1941 1625 λαϐεῖν

289 1658 577 1736 ἐπόγδοον,
625 1660 1142 1736 ἀναγκασθησόμεθα
1183 1659 1270 1715 διὰ
1315 1666 1478 1716 τοῦτο
1529 1660 1618 1714 καὶ
1666 1661 1791 1723 τοὸς
1839 1660 1945 1733 πρὸ

2046 505 2202 561 enim
2228 507 2605 579 sesquitertia
2622 508 2865 573 ratione,
2881 508 3113 564 duabus
3131 508 3384 580 demptis
3403 512 3703 584 sesquioc-

2045 595 2219 661 tavis,
2249 594 2537 651 limmatis
2559 596 2707 652 ratio
2742 595 3115 667 relinquitur.
3138 598 3314 668 Atqui
3347 600 3575 655 numeri
3596 602 3703 657 256

2047 683 2491 753 sesquioctavus
2531 691 2621 741 est
2658 685 2786 751 288,
2818 685 2987 757 isque
3019 686 3447 743 arithmeticam
3482 690 3707 745 medie-

2046 775 2225 828 tatem
2258 778 2454 828 servat
2484 774 2637 830 inter
2676 774 2775 828 492
2805 773 3127 830 collocatus
3157 780 3214 831 et
3242 776 3367 845 384,
3402 778 3503 847 qui
3537 778 3707 833 ratio-

2048 876 2182 915 nem
2216 861 2459 933 duplam
2488 864 2559 917 ad
2592 863 2697 918 492
2729 864 2881 929 facit,
2919 865 2989 918 ad
3020 865 3126 918 288
3161 866 3620 937 sesquitertiam.
3647 868 3705 922 Si

2047 965 2179 1007 vero
2207 951 2321 1006 duo
2354 951 2796 1023 sesquioctavos
2820 970 3063 1008 numero
3084 954 3190 1008 288
3223 955 3474 1024 adjicere
3508 972 3707 1027 posse-

2050 1060 2207 1108 mus,
2233 1042 2339 1097 hoc
2379 1058 2614 1113 quoque
2652 1042 3097 1113 sesquitertium
3125 1043 3551 1114 (intervallum)
3582 1061 3705 1101 ses-

2051 1130 2375 1202 quioctavis
2431 1128 2812 1201 (intervallis)
2870 1135 2928 1185 et
2982 1129 3247 1187 limmate
3311 1131 3701 1204 expleremus.

2049 1219 2267 1275 Verum
2308 1217 2417 1274 hoc
2464 1218 2589 1273 fieri
2644 1235 2759 1274 non
2810 1223 3021 1289 potest,
3074 1236 3209 1275 nam
3260 1222 3705 1293 sesquioctavus

2051 1310 2179 1379 ejus
2209 1308 2315 1363 324
2344 1311 2608 1362 octavam
2658 1311 2883 1379 partem
2930 1324 3043 1364 non
3093 1308 3298 1376 habet;
3333 1310 3610 1381 quocirca
3656 1312 3709 1368 si

2053 1396 2189 1470 quis
2220 1397 2509 1468 integram
2564 1412 2795 1452 servare
2827 1397 3029 1469 cupiat
3077 1399 3383 1463 unitatem,
3412 1401 3481 1454 ad
3539 1400 3708 1456 illum

2056 1500 2370 1542 numerum
2403 1486 2867 1557 sesquioctavam
2902 1487 3186 1541 rationem
3222 1489 3450 1544 efficere
3481 1490 3709 1561 nequit,

2056 1592 2191 1631 nam
2222 1574 2479 1631 fractura
2508 1574 2595 1645 (ut
2625 1574 2815 1645 aiunt)
2838 1578 3039 1629 octava
3070 1576 3197 1645 ejus
3227 1592 3363 1647 pars
3387 1582 3497 1632 est.
3520 1577 3709 1641 Quare

2056 1670 2119 1719 ut
2149 1666 2280 1735 ejus
2310 1668 2369 1718 et
2390 1662 2638 1717 dimidia
2669 1680 2803 1733 pars
2827 1679 3113 1718 numerus
3135 1664 3214 1719 sit
3234 1665 3485 1737 simplex
3506 1672 3563 1721 et
3585 1683 3707 1723 ses-

290 1749 460 1805 αὗτοῦ
483 1747 834 1804 διπλασιάσαι
866 1748 1071 1811 πάντας
1102 1750 1191 1804 καὶ
1222 1750 1347 1811 τοὺς
1383 1752 1498 1823 μετ’
1528 1748 1711 1807 αὐτόν.
1757 1751 1943 1804 Ἔσται

343 1838 369 1854 ν
442 1838 456 1854 9
531 1838 543 1854 \
620 1838 637 1854 ε
768 1842 793 1852 ο-
903 1839 950 1854 na
1003 1840 1015 1854 Ι
1134 1836 1171 1854 (\I
1236 1839 1247 1854 !
1325 1838 1338 1854 \
1396 1836 1439 1854 ἢκ
1549 1842 1571 1852 υ
1707 1839 1716 1854 Ι
1750 1839 1762 1854 ο
1838 1834 1856 1854 Ν
1881 1838 1925 1854 nr

2060 1752 2365 1824 quioctava
2384 1750 2532 1808 ratio
2553 1751 2704 1807 efﬁci
2728 1751 2934 1823 possit,
2955 1752 3005 1808 si
3025 1768 3159 1807 eum
3184 1754 3707 1825 duplicaverimus,

309 1838 399 1891 οὗν
432 1838 545 1893 ἀντὶ
581 1838 673 1910 μὶν
702 1842 797 1892 106
831 1839 950 1913 ρςβ’
996 1840 1023 1892 6
1053 1836 1190 1893 1116"
1224 1838 1341 1893 ἀντὶ
1393 1836 1450 1893 δὲ
1478 1842 1575 1893 106
1617 1839 1716 1901 σις’
1743 1839 1771 1892 6
1803 1834 1945 1912 υλβ”

308 1926 425 1980 ἀντὶ
476 1924 533 1981 δὲ
587 1930 683 1980 106
732 1927 853 2000 σμγ’
902 1928 929 1980 6
979 1928 1111 1989 υπς”
1166 1927 1282 1980 ἀντὶ
1338 1924 1394 1980 δὲ
1433 1930 1530 1980 106
1592 1933 1693 1988 σνς’
1742 1927 1770 1981 ὁ
1818 1926 1950 2003 φιβ’

307 2015 423 2070 ἀντὶ
457 2012 514 2069 δὲ
540 2018 637 2069 106
667 2015 791 2084 σπη’
822 2016 850 2069 6
882 2022 1018 2092 φος’,
1048 2015 1137 2069 καὶ
1183 2014 1380 2069 τούτου
1438 2012 1701 2091 ἐπόγδοος
1730 2016 1758 2070 6
1791 2019 1952 2097 χμη⁶,

288 2103 380 2159 καὶ
411 2102 608 2157 τούτου
655 2100 915 2177 ἐπόγδοος
945 2104 972 2156 6
1004 2104 1143 2176 ψκθ’·
1182 2098 1366 2157 ἔπειτα
1413 2104 1441 2157 6
1473 2107 1621 2175 ψξη’,
1657 2101 1950 2164 διπλάσιος

292 2189 366 2245 ὢν
397 2196 494 2245 106
524 2189 669 2259 1116',
699 2192 839 2267 πρὸς
871 2188 928 2245 δὲ
967 2192 1059 2245 τὸν
1091 2188 1211 2264 ψκδ¹
1258 2188 1421 2266 λόγον
1473 2186 1617 2265 ἔχων
1662 2196 1758 2245 106
1790 2189 1951 2263 λείμο

294 2300 488 2352 ματος.
554 2280 650 2336 Καὶ
709 2279 851 2335 οὕτω
906 2277 972 2347 δὴ
1025 2278 1498 2353 συμπεπλήρωται
1548 2281 1609 2334 τὸ
1662 2277 1949 2335 διπλάσιον

292 2364 570 2441 διάστημα
611 2374 728 2430 τοῖς
778 2390 835 2423 τε
892 2368 1181 2441 ήμιολίοις
1232 2368 1321 2423 καί
1371 2368 1665 2445 ἆπιτρίτοις
1721 2370 1811 2424 καὶ
1857 2370 1945 2423 ἐπ’

292 2456 515 2532 ογδόοις
557 2455 745 2531 λόγοις
795 2457 849 2511 ἐν
898 2455 1081 2512 τοῖσδε
1127 2463 1246 2519 τοῖς
1296 2458 1570 2531 ἀριθμοῖς’
1618 2456 1758 2517 τπδ’.
1807 2456 1948 2534 υλβ’.

295 2548 433 2609 υπς’.
467 2548 601 2623 φιβ’.
655 2547 791 2623 φοςῖ
846 2548 1003 2622 χμη’.
1055 2548 1196 2619 ψκσ.
1252 2548 1392 2619 ψξη’.
1431 2546 1490 2603 Εἰ
1524 2550 1614 2601 οὖν
1660 2547 1949 2618 ἐθελήσαι-

295 2656 392 2706 μεν
424 2635 553 2689 ὅλον
588 2634 992 2709 συμπληρῶσαι
1027 2635 1089 2688 τὸ
1122 2632 1465 2710 διάγραμμα,
1502 2634 1783 2708 ἇκθέμενοι
1816 2636 1953 2691 γατᾶ

294 2724 357 2778 τὸ
391 2724 514 2793 ἑξῆς
542 2724 655 2778 ἀντὶ
692 2724 785 2796 μὲν
838 2726 933 2791 τῆς
984 2724 1206 2798 πρώτης
1258 2723 1452 2798 μοίρας
1496 2728 1587 2778 τὸν
1638 2721 1780 2797 τμδ’·
1834 2725 1950 2779 ἀντὶ

294 2810 353 2866 δὶ
382 2819 479 2881 τῆς
514 2810 762 2886 δευτέρας
805 2814 897 2865 τὸν
945 2813 1087 2885 ψξη’·
1123 2812 1239 2867 ἀντὶ
1272 2810 1329 2866 δὲ
1358 2816 1459 2876 τῆς
1506 2812 1693 2885 τρίτης
1728 2814 1947 2888 μοίρας,

293 2908 395 2969 τῆς
441 2900 768 2971 τριπλασίας
815 2907 916 2968 τῆς
962 2901 1210 2974 πρώτης,
1260 2899 1527 2973 ἡμιολίας
1583 2899 1641 2955 δὲ
1682 2908 1783 2970 τῆς
1838 2899 1950 2956 δευ-

294 2990 474 3063 τέρας,
528 2990 621 3044 τὸν
669 2989 854 3064 ,αρνβ’,
911 2990 1025 3043 ἀντὶ
1058 2986 1115 3043 δὲ
1170 2996 1270 3058 τῆς
1321 2994 1610 3064 τετάρτης,
1659 2986 1952 3053 διπλασίας

288 3085 391 3147 τῆς
422 3075 693 3151 δευτέρας,
740 3078 835 3132 τὸν
875 3076 1069 3155 ,αφλςκ
1106 3079 1220 3133 ἀντὶ
1262 3075 1319 3132 δὲ
1365 3085 1465 3147 τῆς
1512 3077 1791 3151 πέμπτης,
1848 3082 1948 3143 τῆς

286 3164 621 3241 τριπλασίας
648 3174 749 3235 τῆς
777 3167 994 3241 τρίτης,
1026 3167 1119 3221 τὸν
1162 3168 1344 3241 ,γυνςπ
1377 3166 1494 3221 ἀντὶ
1545 3165 1602 3221 6t
1629 3174 1732 3236 τῆς
1763 3162 1948 3237 ἕκτης,

288 3255 326 3323 ἥ
361 3254 503 3310 ἑστιν
556 3254 899 3310 ὁκταπλασία
947 3262 1047 3324 τῆς
1095 3256 1346 3329 πρώτης,
1405 3255 1495 3310 τὸν
1546 3256 1704 3330 ,γοβ⁸
1742 3256 1855 3310 ἀντὶ
1898 3254 1955 3323 δι

288 3350 393 3412 τῆς
442 3337 703 3415 ἑϐδόμης,
738 3342 773 3411 ἥ
809 3342 949 3397 ἐστιν
1005 3341 1616 3398 ἐπτακαιεικοσιπλασία
1664 3350 1766 3412 τῆς
1805 3344 1955 3417 πρώ-

293 3452 420 3501 της,
478 3432 569 3485 τὸν
627 3432 805 3501 ,ιτξη’”
859 3430 909 3485 εἴ
957 3432 1047 3485 οὖν
1090 3430 1448 3505 ἐθελήσαιμεν
1504 3428 1664 3486 τάσδε
1718 3452 1955 3486 καταπυ-

293 3524 500 3575 κνῶσαι
558 3526 677 3582 ταῖς
726 3520 1052 3595 ἀρμονικαῖς
1090 3520 1181 3575 καὶ
1213 3521 1600 3596 ἀριθμητικαῖς
1636 3521 1952 3593 μεσότησιν,

296 3609 352 3661 αἳ
384 3613 764 3683 παρατεθεῖσαι
808 3609 875 3663 τά
920 3629 977 3664 τε
1027 3608 1264 3679 ἡμιόλια
1316 3610 1401 3663 καὶ
1455 3608 1700 3685 ἐπίτριτα
1731 3606 1953 3679 διαστή-

302 3715 445 3768 ματα
498 3697 851 3764 ποιήσουσιν,
910 3694 1120 3750 ἔσονται
1185 3694 1380 3768 μεταξὺ
1434 3700 1531 3751 106
1576 3717 1635 3750 τε
1680 3694 1803 3751 τπδ’
1864 3695 1954 3751 καί

298 3788 396 3838 106
428 3783 550 3857 ψξη⁹
601 3780 892 3839 διπλασίου
935 3783 963 3839 ὅ
1008 3805 1065 3839 τε
1115 3785 1248 3861 φιβ’,
1280 3789 1451 3838 ποιῶν
1496 3786 1593 3853 τὴν
1647 3786 1951 3861 ἁρμονικὴν

302 3872 599 3945 μεσότητα,
656 3873 745 3927 καὶ
802 3874 829 3927 6
888 3875 1002 3950 φος¹
1034 3877 1171 3947 (11),
1222 3874 1320 3942 τήν
1371 3873 1741 3947 ἀριθμητικὴν
1787 3874 1953 3947 μεσό-

296 3980 436 4030 τητα
492 3966 688 4019 ποιῶν.
745 3961 808 4018 Ei
868 3960 925 4016 δὲ
980 3967 1076 4017 106
1146 3961 1473 4037 τριπλασίου
1529 3959 1900 4035 διαστήματος
1936 4005 1951 4031 ,

299 4047 446 4123 λιγῳ
477 4046 535 4104 δὶ
580 4054 677 4104 106
705 4048 825 4105 τπδ’
858 4050 946 4105 καὶ
997 4054 1096 4105 106
1142 4050 1330 4124 ,αρνβᾏ
1366 4045 1633 4122 λάϐοιμεν
1661 4050 1757 4111 τὰς
1794 4050 1953 4122 μεσό-

296 4132 552 4205 τητας,ὂ’
609 4139 705 4211 μὶν
754 4161 869 4214 φος,
914 4139 1074 4207 σώζει
1124 4140 1223 4208 τὴν
1269 4139 1597 4211 ἁρμονικὴν,
1645 4139 1718 4199 ὡς
1774 4138 1824 4192 ἐν
1876 4143 1955 4210 τῷ

299 4222 579 4299 διπλασίῳ
634 4229 733 4296 τὴν
776 4228 1146 4301 ἀριθμητικὴν
1206 4226 1526 4299 ἀναπλήρου
1562 4270 1575 4295 ,
1636 4226 1907 4299 μεσότητα
1940 4273 1954 4295 ,

298 4314 332 4369 6
365 4313 423 4368 δὲ
454 4315 574 4388 ψξη’
619 4317 719 4384 τὴν
765 4317 1155 4390 ἀριθμητικὴν,
1187 4316 1245 4377 ’ὸς
1296 4315 1360 4383 ἦν
1412 4316 1610 4388 μείζων
1656 4312 1818 4384 ἄκρος
1859 4319 1955 4369 τοῦ

300 4399 619 4460 διπλασίου.
652 4403 823 4461 Ηάλιν
858 4404 907 4459 εἲ
947 4410 1045 4459 106
1098 4404 1346 4479 δευτέρου
1397 4400 1688 4457 διπλασίου
1728 4406 1821 4465 τὰς
1860 4404 1951 4458 αὐ-

2062 1843 2134 1897 ob
2165 1842 2432 1898 eamdem
2464 1857 2703 1896 causam
2732 1857 2852 1906 eos,
2878 1841 2976 1912 qui
3001 1844 3058 1896 et
3085 1846 3218 1897 ante
3248 1846 3387 1897 sunt
3407 1847 3464 1897 et
3484 1843 3585 1914 qui
3617 1859 3706 1898 ee-

2064 1935 2350 2003 quuntur,
2374 1946 2579 1985 omnes
2605 1930 2905 2002 duplicare
2935 1946 3232 2002 cogemur.
3259 1931 3365 1986 Pro
3403 1932 3499 1985 492
3528 1932 3714 2003 igitur

2064 2020 2174 2074 erit
2214 2019 2320 2072 384
2354 2035 2366 2073 :
2405 2035 2507 2089 pro
2558 2018 2681 2084 246,
2732 2019 2839 2072 432
2874 2035 2884 2073 :
2922 2036 3024 2090 pro
3070 2020 3199 2086 243,
3250 2020 3354 2074 486
3384 2039 3401 2074 :
3434 2038 3537 2092 pro
3583 2021 3712 2092 256,

2061 2109 2203 2163 512:
2240 2125 2342 2179 pro
2372 2108 2498 2175 288,
2524 2108 2650 2173 576,
2683 2107 2929 2178 ejusque
2959 2108 3400 2175 sesquioctavus
3430 2126 3712 2165 numerus

2060 2196 2189 2263 648,
2250 2195 2550 2267 hujusque
2603 2198 3048 2267 sesquioctavus
3101 2198 3261 2252 729:
3314 2198 3525 2253 deinde
3581 2199 3709 2268 768,

2064 2285 2163 2358 qui
2193 2284 2411 2356 duplus
2439 2288 2529 2340 est
2559 2286 2787 2339 numeri
2818 2285 2944 2353 384,
2979 2289 3037 2339 et
3066 2285 3137 2339 ad
3168 2286 3277 2340 729
3303 2286 3590 2343 limmatis
3619 2303 3711 2341 ra-

2062 2376 2281 2430 tionem
2332 2373 2527 2428 habet.
2563 2377 2745 2445 Atque
2793 2372 2902 2428 hoc
2951 2374 3188 2428 demum
3240 2375 3412 2430 modo
3461 2374 3710 2446 duplum

2063 2462 2436 2519 intervallum
2468 2461 2873 2532 sesquialteris
2894 2472 2947 2517 et
2968 2461 3362 2533 sesquitertiis
3387 2464 3714 2520 rationibus

2065 2570 2165 2623 per
2196 2553 2301 2607 hos
2332 2566 2610 2606 numeros
2637 2550 2767 2616 384,
2798 2551 2924 2619 432,
2960 2551 3082 2619 486,
3113 2551 3241 2621 543,
3272 2552 3398 2621 576,
3430 2552 3558 2617 648,
3587 2553 3716 2617 729,

2058 2642 2165 2697 768
2195 2640 2490 2712 expletum
2542 2644 2650 2695 est.
2687 2640 2888 2711 Itaque
2919 2639 2967 2695 si
2998 2644 3188 2695 totum
3222 2640 3593 2713 diagramma
3622 2658 3717 2696 ex-

2061 2730 2218 2802 plere
2248 2729 2543 2800 cupimus,
2578 2731 2893 2799 postquam
2926 2727 3131 2782 ordine
3180 2744 3283 2799 pro
3336 2731 3526 2800 prima
3555 2734 3719 2800 parte

2061 2835 2375 2875 numerum
2406 2817 2511 2872 384
2548 2817 2992 2885 substituimus,
3026 2833 3128 2888 pro
3160 2820 3420 2873 secunda
3448 2819 3575 2887 768,
3610 2836 3714 2890 pro

2060 2909 2235 2964 tertia
2293 2912 2473 2977 parte.
2538 2904 2714 2977 tripla
2776 2906 2976 2977 prima;
3037 2906 3268 2977 (partis)
3324 2908 3715 2979 secundaeque

2058 2995 2258 3068 dupla,
2287 2995 2447 3052 4452.
2481 3010 2583 3064 pro
2614 2998 2847 3065 quarta,
2882 2996 3149 3049 secundae
3182 2994 3380 3067 dupla,
3414 2995 3574 3057 4536,
3610 3012 3712 3067 pro

2064 3085 2293 3156 quinta,
2326 3082 2510 3137 tertiae
2562 3082 2755 3153 tripla,
2786 3082 2949 3148 3456,
2982 3099 3085 3153 pro
3132 3088 3318 3152 sexta,
3351 3100 3479 3153 qua
3512 3084 3715 3154 prima

2065 3171 2301 3243 octupla
2358 3174 2467 3237 est,
2516 3170 2684 3237 3072,
2734 3186 2836 3241 pro
2893 3170 3163 3241 septima,
3205 3187 3331 3242 quin
3391 3177 3615 3243 septem
3666 3177 3723 3227 et

2064 3260 2267 3331 viginti
2308 3258 2576 3331 partibus
2629 3258 2921 3314 antecedit
2969 3258 3243 3329 primam,
3276 3259 3489 3315 40368:
3527 3260 3575 3315 si
3611 3258 3719 3315 has

2064 3349 2246 3421 igitur
2288 3347 2648 3403 harmonicis
2678 3351 2735 3402 et
2765 3346 3151 3402 arithmeticis
3182 3347 3413 3418 explere
3442 3348 3717 3419 cupimus

2066 3435 2500 3501 medietatibus,
2523 3452 2652 3508 quas
2677 3436 2957 3507 appositis
2983 3435 3372 3506 sesquialtera
3397 3440 3456 3492 et
3485 3436 3715 3509 sesqui-

2063 3528 2237 3583 tertia
2293 3524 2597 3581 intervalla
2653 3524 2933 3590 efﬁciant,
2974 3526 3128 3580 inter
3182 3525 3286 3581 384
3346 3530 3403 3581 et
3456 3526 3581 3595 768,
3615 3526 3715 3595 qui

2065 3616 2293 3671 numeri
2346 3619 2486 3669 sunt
2533 3613 2721 3686 duplsa
2769 3612 3032 3685 rationis,
3065 3614 3431 3670 intercedent
3458 3614 3584 3685 542,
3614 3614 3716 3686 qui

2064 3704 2469 3761 harmonicam
2501 3704 2640 3759 facit
2684 3703 3082 3770 medietatem,
3114 3709 3172 3759 et
3200 3704 3273 3772 is,
3306 3705 3405 3775 qui
3437 3703 3715 3759 arithme-

2062 3794 2236 3849 ticam
2300 3792 2673 3848 medietatem
2728 3791 2929 3862 eftlcit,
2977 3792 3103 3847 576.
3159 3792 3261 3848 Sin
3311 3797 3507 3848 autem
3558 3791 3718 3865 tripli

2064 3880 2377 3948 intervalli,
2408 3882 2512 3937 384
2570 3881 2699 3936 dico
2746 3885 2803 3936 el
2853 3880 2995 3936 4452
3045 3897 3448 3949 numerorum,
3500 3882 3715 3937 medie-

2063 3977 2214 4028 tates
2245 3970 2562 4036 sumimus,
2595 3985 2879 4025 numerus
2907 3970 3033 4035 576,
3060 3970 3160 4042 qui
3192 3971 3250 4025 in
3283 3970 3464 4042 dupla
3496 3971 3719 4026 ratione

2064 4061 2491 4116 arithmeticam
2538 4060 2913 4114 medietatem
2966 4059 3264 4129 implebat,
3312 4058 3717 4115 harmonicam

2062 4154 2262 4205 tuetur
2311 4149 2705 4214 medietatem,
2739 4146 3171 4202 arithmeticam
3223 4152 3415 4202 autem
3453 4148 3582 4215 768,
3616 4146 3718 4216 qui

2065 4238 2258 4309 duplaa
2308 4236 2553 4293 rationis
2604 4237 2794 4307 major
2842 4242 2964 4291 erat
3014 4236 3351 4307 (terminus)
3398 4240 3719 4291 extremus;

2064 4327 2123 4382 Si
2158 4344 2363 4381 rursus
2399 4330 2636 4381 easdem
2666 4324 2941 4381 volumus
2991 4326 3260 4380 secunda:
3291 4324 3485 4395 dupla:
3538 4324 3717 4380 ratio-

2066 4416 2158 4471 nis
2192 4415 2531 4469 medietates
2562 4414 2821 4485 assequi,
2851 4413 3005 4469 inter
3030 4414 3136 4468 768
3158 4418 3214 4468 et
3243 4414 3387 4469 4536
3416 4414 3546 4484 (erit
3579 4413 3720 4469 4024

296 4489 397 4551 τὰς
458 4490 760 4564 θελήσομεν
823 4491 1126 4563 μεσότητας
1191 4486 1417 4558 Λαϐεῖν,
1477 4485 1687 4545 ἔσονται
1761 4491 1948 4562 μεταξὺ

2068 4503 2410 4559 harmonica
2467 4502 2775 4568 medietas,
2835 4502 3207 4558 arithmetica
3245 4502 3405 4558 4452.
3455 4502 3617 4567 Quod
3670 4502 3721 4557 si

294 4584 400 4634 106
427 4600 486 4633 τε
514 4580 635 4653 ψξη¹
681 4581 771 4634 καὶ
818 4585 913 4635 106
962 4579 1127 4658 ,αφλξ
1154 4581 1181 4633 6
1234 4581 1327 4652 μὶν
1380 4576 1506 4653 ,ακδ’
1556 4580 1828 4654 ἁρμονική
1867 4601 1953 4653 με-

299 4668 493 4738 σότης,
544 4669 572 4723 6
619 4664 681 4722 δὶ
727 4670 892 4744 ,αρνβ’
937 4669 1296 4741 ἀριθμητική·
1351 4668 1412 4725 Et
1464 4666 1521 4723 δὲ
1568 4669 1657 4722 καὶ
1709 4664 1956 4743 δεύτερον

377 4935 489 5006 (11)
518 4934 587 4989 ’Ὀ
638 4953 696 4986 τε
754 4935 933 5010 φιβ’...
966 4934 1055 4988 καὶ
1113 4934 1318 5010 ὁ-φοςἌ
1378 4937 1788 5010 [numargine
1827 4938 1955 5010 cod.

298 5007 418 5083 h‘oc
464 5006 830 5083 aupotatum‘
861 5012 1055 5083 exstat
1083 5023 1105 5083 ε,
1128 5006 1317 5081 Ὀγὰρ
1362 5006 1659 5083 φιβί-ποιεῗ
1687 5006 1832 5083 πρ-ὁς
1860 5008 1954 5083 μὲν

295 5076 399 5131 τὸν
428 5073 549 5151 1116'
572 5078 671 5151 τὸν
715 5075 989 5151 ἐπίτριτον
1041 5072 1521 5151 λόγονξλπρὸξδὶ
1568 5078 1661 5131 τὸν
1861 5072 1955 5133 τὸν

298 5146 606 5224 ἡμιόλιον,
631 5148 682 5218 ἰξ
724 5148 798 5224 (ἓν
842 5146 1133 5224 ’σύγκειταί
1181 5150 1207 5203 ὁ
1241 5146 1549 5224 διπλάσιος⁵
1580 5151 1665 5203 καὶ
1706 5146 1957 5224 ὅπερὲχει

300 5216 504 5308 δ’ῗιβ,
529 5216 917 5308 1.06111621133-
934 5216 983 5308 γ’
1030 5221 1194 5308 αὑτοῦ
1246 5222 1363 5308 μεν,
1397 5219 1714 5308 ὑκπερὲχειται
1764 5216 1819 5308 δέ
1854 5216 1957 5308 6116

299 5292 405 5385 106
588 5296 667 5380 τῷ
712 5295 809 5385 106
840 5292 973 5385 Ιιξξη⁷
1002 5294 1047 5368 γ’
1098 5292 1363 5385 μὲρεξ.ΙὈ
1412 5292 1468 5348 δὲ
1500 5292 1814 5385 ἰροξμπρρς
1852 5296 1959 5385 μὲν

297 5363 398 5420 τὸν
426 5361 545 5418 τπδ’
586 5361 677 5419 τὸν
720 5361 984 5437 ἡμιόλιον
1016 5361 1181 5418 ’ποιεί
1225 5364 1412 5439 λόγον,
1446 5361 1582 5439 πρὸς
1629 5362 1685 5419 δὶ
1715 5361 1805 5419 τὸν

298 5435 399 5513 τὸν
449 5435 724 5513 ἂπίτριτον
780 5436 1174 5513 ἀντιστρόιρῳς,
1226 5438 1314 5492 καὶ
1369 5438 1621 5513 ὑπερέχει
1657 5437 1957 5513 Δκαὶ-ὑπερ-

300 5511 515 5593 ίχςιαι.
559 5507 822 5593 ἂατὲριυν
882 5507 1003 5593 τῶν.
1020 5507 1718 5593 ,ςᾷκρῳὶἢμονάσ⁷ινξξρςβ’,
1777 5511 1850 5593 h._
1870 5507 1958 5593 θ’.)

302 5581 597 5640 εἷ’ῐιειὶῑιθ
628 5581 840 5640 reddas
874 5600 887 5640 :
921 5606 949 5634 ι(
972 5582 1080 5639 512
1117 5581 1191 5640 ad
1219 5581 1324 5638 384
1351 5581 1790 5655 sesquitertiam
1824 5584 1964 5640 facit

2067 4593 2389 4650 secundum
2443 4591 2673 4664 explere
2731 4592 2902 4648 nobis
2951 4591 3093 4648 libet
3143 4591 3385 4663 triplum
3419 4590 3719 4661 (interval-

2064 4683 2232 4753 lum),
2267 4682 2437 4753 cujus
2484 4680 2720 4736 termini
2772 4681 2908 4736 445‘2
2938 4686 2996 4737 et
3036 4681 3177 4735 3456
3225 4685 3385 4751 sunt,
3417 4679 3717 4736 harmoni-

2069 4934 2355 4990 rationem
2405 4932 2536 5002 (542
2561 4931 2697 4985 1384
2719 4930 2837 4984 -4
2863 4947 2875 5002 ;
2900 4930 2976 5001 3),
3010 4930 3080 4985 ad
3109 4930 3216 4985 768
3266 4929 3721 5002 sesquialterum

2068 5007 2196 5079 (768
2221 5022 2232 5060 :
2257 5003 2642 5079 512:3_:_2),
2675 5018 2742 5056 ex
2773 5001 2992 5072 quibus
3033 5008 3264 5079 constat
3293 5001 3473 5079 dupla
3505 5003 3721 5079 (ratio).

2067 5074 2146 5132 Ᾱο
2176 5092 2462 5130 numerus
2493 5075 2598 5127 412
2630 5080 2686 5128 et
2717 5090 3026 5128 numerum
3060 5075 3163 5129 384
3193 5074 3361 5128 tertia
3394 5074 3519 5140 ejus
3561 5076 3722 5142 parte

2069 5153 2307 5221 superat
2337 5152 2393 5201 et
2425 5163 2456 5200 a
2484 5145 2591 5227 768
2623 5146 2793 5200 tertia
2827 5153 2986 5216 parte
3012 5152 3329 5226 superatur
3352 5162 3365 5199 :
3388 5145 3494 5197 576
3524 5146 3719 5196 autem

2071 5222 2141 5275 ad
2184 5220 2287 5274 384
2337 5216 2783 5285 sesquialteram
2836 5218 2971 5272 facit
3024 5224 3307 5271 rationem
3339 5214 3467 5285 (576
3491 5231 3504 5269 :
3528 5214 3722 5285 384:

2071 5222 2141 5275 ad
2184 5222 2287 5274 384
2337 5222 2783 5289 sesquialteram
2836 5222 2971 5272 facit
3024 5222 3307 5271 rationem
3339 5222 3723 5285 (5762384:

2069 5295 2139 5347 3:
2168 5294 2248 5357 2),
2281 5291 2351 5345 ad
2400 5290 2506 5344 768
2557 5290 2986 5359 sesquitertiam
3040 5289 3166 5358 (576
3190 5303 3201 5339 :
3225 5288 3332 5340 768
3354 5304 3424 5337 Ξ
3444 5287 3514 5339 3:
3542 5286 3596 5357 4)
3626 5284 3717 5341 in-

2068 5380 2253 5429 verse,
2280 5369 2455 5434 atque
2475 5361 3098 5434 extremusgtﬁerminus
3131 5363 3376 5428 uterque
3402 5362 3722 5429 utrumque

2070 5436 2319 5565 ilnvicem
2362 5432 2693 5490 unitatibus
2744 5432 2845 5487 192
2893 5437 2950 5487 et
2995 5434 3235 5503 superat
3278 5435 3334 5485 et
3384 5434 3720 5504 superatur.

2118 5524 2317 5564 INDER.
