4060 6214
375 370 529 432 1099

1712 364 2131 427 MICHAELIS
2175 365 2445 426 PSELLI

3633 365 3795 426 1100

370 512 425 563 et
438 508 1027 578 cognoscat;eamque
1041 502 1113 557 ob
1130 518 1368 558 causam
1387 500 1768 556 scientiarum
1785 500 2029 572 species,

2161 494 2260 568 ;ἰδη
2292 502 2397 551 τῶν
2431 502 2683 573 γνωστῶν
2735 496 3143 568 ἐπιΟοΛούνται,
3178 494 3367 552 διόλου
3413 496 3793 573 ἐνυπάρχοντα

372 613 501 667 quas
534 596 592 649 in
626 594 825 649 anima
854 592 1079 662 insunt,
1113 590 1351 646 omnino
1384 607 1501 644 non
1538 590 1980 661 perturbantur.

448 685 536 739 13.
570 682 842 739 Secunda
873 669 1031 753 pars,
1067 696 1192 751 qua
1226 684 1316 733 est
1346 680 1543 749 primae
1577 678 1779 750 dupla,
1836 683 2035 733 osten-

382 774 489 840 dit,
522 769 1040 837 animam,etiamsi
1073 785 1176 840 per
1206 784 1266 823 se
1298 769 1591 822 adunetur
1616 774 1672 822 et
1699 768 1902 822 cadem
1937 767 2037 821 ﬁat

382 879 488 919 nec
520 861 791 933 prodiens
821 860 899 914 sit
929 863 984 913 et
1015 857 1347 925 uniformis,
1382 857 1696 928 procedere
1729 862 1931 911 tamen
1982 862 2039 912 et

383 940 599 1008 mutari
630 949 951 1005 secundum
984 963 1074 1015 ea,
1109 962 1236 1017 qua:
1285 950 1746 1017 cognoscuntur.
1806 946 1928 1009 Quo
1977 945 2036 1000 in

380 1056 590 1114 genere
619 1042 759 1094 sunt
787 1053 875 1101 ea,
909 1052 1035 1107 quae
1063 1035 1123 1090 in
1154 1036 1532 1106 generatione
1563 1039 1703 1089 sunt
1732 1034 1944 1105 posita,
1980 1039 2035 1089 et

381 1131 452 1185 ad
487 1132 756 1183 naturam
789 1125 1029 1180 alterius
1062 1124 1379 1195 pertinent.
1406 1127 1524 1178 Hoc
1553 1127 1643 1178 est
1673 1123 1851 1193 enim,
1878 1123 2033 1194 quod

380 1211 1865 1286 ostenditduplum(intervallum).0uemadmodum
1880 1212 2037 1266 enim

378 1306 437 1361 in
472 1307 592 1363 Uno
622 1304 778 1360 idem
812 1306 968 1369 (nam
1002 1302 1111 1357 etsi
1144 1318 1259 1356 non
1292 1300 1552 1369 alteri,at
1582 1306 1788 1356 contra
1826 1316 1895 1354 ea
1925 1299 2039 1354 sibi

381 1410 626 1467 prorsus
654 1392 813 1449 idem
850 1391 1027 1463 [est]),
1062 1391 1148 1445 sic
1178 1390 1237 1444 in
1270 1390 1501 1445 duobus
1532 1389 1613 1457 id,
1647 1390 1801 1462 quod
1853 1389 2040 1443 diver-

382 1500 515 1540 sum
573 1480 871 1551 (alterum)
933 1484 1040 1534 est.
1073 1479 1236 1542 Quod
1298 1478 1535 1550 quidem
1595 1495 1710 1533 non
1757 1495 1790 1532 a
1845 1478 2038 1548 seipse

385 1572 683 1628 diversum
718 1570 873 1641 (est),
923 1569 1026 1624 sed
1084 1584 1117 1623 a
1167 1568 1395 1623 diverso
1445 1568 1772 1634 diversum,
1821 1566 1904 1621 ita
1952 1569 2038 1631 ut,

385 1660 617 1717 etiamsi
649 1674 767 1713 non
799 1657 1095 1713 discordet
1116 1674 1149 1711 a
1181 1656 1397 1727 seipso,
1430 1656 1502 1710 ab
1534 1655 1649 1710 alio
1682 1655 1989 1709 dissideat.

457 1752 546 1806 44.
579 1750 775 1804 Tertia
806 1765 963 1818 pars,
995 1764 1123 1819 qum
1150 1748 1299 1802 duas
1330 1747 1507 1802 habet
1557 1751 1616 1801 et
1666 1746 1736 1800 ad
1790 1744 2041 1816 primam

388 1846 445 1897 et
473 1842 544 1895 ad
578 1838 899 1894 secundam
928 1836 1203 1908 (partem)
1249 1835 1604 1905 (habituum)

386 1930 588 2001 prima:
620 1927 797 2000 tripla
826 1930 917 1982 est
946 1927 1334 1997 secundaeque
1375 1923 1780 1996 sesquialtera,
1834 1923 2037 1995 cogni-

384 2016 605 2071 tionem
639 2015 829 2086 aperit
859 2016 931 2070 ad
962 2031 1029 2070 ea
1060 2015 1301 2071 omnino
1328 2015 1876 2086 pertinentem,qum
1907 2029 2039 2068 sen-

391 2105 587 2160 sibilia
634 2108 797 2171 sunt,
849 2120 979 2175 qua:
1024 2103 1263 2175 quidem
1315 2105 1421 2159 etsi
1474 2120 1577 2175 per
1624 2101 2041 2157 subsistentias

389 2196 478 2265 (ut
505 2193 615 2250 hac
643 2208 779 2249 voce
807 2192 984 2261 ultar)
1007 2195 1296 2265 augentur
1327 2208 1461 2248 nam
1494 2191 1609 2247 tria
1639 2189 2041 2245 multitudinis

2140 589 2209 660 τῇ
2243 589 2421 662 ψυχῇ.

2221 682 2305 749 ιγ’.
2335 677 2396 731 Ἦ
2431 672 2652 751 δευτέρα
2694 682 2881 748 μοῖρα,
2938 674 3198 731 διπλασία
3243 683 3343 745 τῆς
3387 676 3612 751 πρώτης
3639 672 3793 743 οὖσα,

2145 761 2333 834 δηλοῖ,
2390 764 2471 819 ὅτι
2523 763 2573 818 εἶ’
2613 764 2703 819 καὶ
2756 764 2806 819 ἰν
2868 765 3031 839 ἐαυτῇ
3082 764 3308 835 ὶνίζεται
3354 764 3442 819 καὶ
3489 764 3791 832 ταυτίζετιι

2143 852 2233 907 καὶ
2273 852 2660 931 ἀνεκεροίτητός
2720 853 2828 908 ἐστι
2882 855 2973 909 καὶ
3021 851 3311 927 μονοειδὴς
3362 855 3397 923 ἠ
3445 854 3624 928 ψυχὴ,
3666 851 3795 906 ἀλλ’

2146 942 2235 995 οὗν
2297 943 2626 1017 προέρχεται
2684 941 2773 996 καὶ
2842 940 3190 998 ποικίλλεται
3241 943 3378 997 κατὰ
3433 942 3500 996 τὰ
3555 943 3790 1015 γνωστά.

2146 1032 2329 1086 Ταῦτα
2359 1028 2425 1099 δὴ
2457 1033 2523 1084 τὰ
2555 1030 2605 1084 ἐι
2639 1033 2843 1105 γενέσει
2897 1033 2985 1086 καὶ
3034 1032 3102 1086 τὰ
3146 1038 3247 1100 τῆς
3293 1033 3517 1106 θατέρου
3559 1031 3791 1105 φύσεως.

2144 1122 2313 1173 Τοῦτο
2360 1120 2461 1194 γάρ
2521 1117 2687 1189 δηλοῖ
2736 1121 2799 1175 τὸ
2853 1118 3163 1178 διπλάσιον.
3218 1127 3302 1183 Ὡς
3360 1120 3460 1196 γὰρ
3523 1120 3576 1175 ἐν
3606 1124 3687 1190 τῷ
3719 1119 3793 1173 ἐνὶ

2146 1205 2207 1261 τό
2264 1207 2453 1261 ταύτὸν
2519 1207 2586 1281 (εἰ
2642 1208 2745 1283 γὰρ
2808 1210 2885 1281 μὴ
2947 1208 3115 1283 ἑτέρῳ
3172 1208 3386 1276 ταύτὸν,
3447 1207 3569 1262 ἀλλ’
3624 1206 3691 1261 αὖ
3737 1228 3797 1281 γε

2147 1295 2313 1368 ἑαυτψ
2371 1298 2634 1369 πάντως),
2694 1297 2867 1361 οὕτως
2924 1296 2975 1352 ἐν
3033 1303 3150 1359 τοῖς
3196 1294 3314 1351 δυσὶ
3361 1297 3423 1351 τὸ
3465 1294 3648 1371 ἕτερον
3683 1313 3697 1326 '
3732 1296 3795 1349 οὗ

2147 1386 2249 1460 γὰρ
2309 1385 2500 1439 ἑαυτοῦ
2547 1382 2753 1461 ἕτερον,
2800 1384 2928 1441 ἀλλ’
2972 1386 3155 1459 ἐτὲρου
3205 1384 3384 1460 ἕτερον
3420 1406 3434 1419 ·
3498 1386 3656 1452 ὥστε,
3708 1385 3799 1438 καὶ

2147 1474 2285 1549 πρὸς
2334 1472 2491 1527 ἑαυτὸ
2548 1474 2901 1530 ἀστασίαστον
2956 1476 3139 1549 μενον,
3201 1475 3471 1543 στασιάζει
3529 1472 3803 1535 πολλάκις

2148 1562 2283 1637 πρὸς
2314 1560 2476 1619 ἄλλο.

2225 1736 2304 1795 ιδ’.
2338 1741 2401 1797 Ἡ
2449 1741 2607 1816 τρίτη
2646 1746 2833 1815 μοῖρα,
2887 1740 2982 1798 δύο
3032 1737 3235 1817 ἔχουσα
3290 1745 3505 1817 σχέσεις
3565 1742 3705 1813 πρός
3737 1763 3797 1795 τε

1655 1834 1933 1903 rationes,
1986 1838 2043 1887 et

2161 1829 2247 1896 τὴν
2280 1829 2501 1903 πρώτην
2531 1830 2619 1884 καὶ
2648 1832 2784 1903 πρὸς
2829 1831 2930 1898 τὴν
2982 1829 3253 1906 δευτέραν,
3297 1832 3387 1885 καὶ
3425 1833 3526 1899 τῆς
3568 1838 3803 1903 πρώτης

2149 1918 2281 1972 οὖσα
2309 1917 2626 1992 τριπλασία.
2656 1926 2758 1988 τῆς
2811 1916 2869 1974 δὲ
2918 1918 3169 1993 δευτέρας
3218 1917 3475 1992 ἡμιολία,
3512 1916 3803 1988 δηλοῐτήν

2152 2006 2226 2067 είς
2250 2007 2317 2061 τὰ
2354 2006 2585 2077 αἰσθητά
2630 2008 2846 2070 πάντως
2892 2014 3114 2084 γνῶσιν,
3159 2006 3293 2083 ἅπερ
3343 2007 3389 2062 εἷ
3438 2007 3527 2061 καὶ
3581 2005 3807 2077 πληθῦ-

2150 2117 2329 2151 νονται
2388 2098 2522 2152 κατὰ
2576 2098 2671 2161 τὰς
2732 2096 3073 2170 ὕποστάσεις,
3124 2101 3151 2154 ὀ
3200 2100 3300 2175 γὰρ
3361 2100 3485 2173 τρία
3550 2098 3810 2168 πλήθους

2154 2185 2322 2262 ἁρχὴ,
2356 2183 2483 2240 ἀλλ’
2515 2185 2606 2241 οὖν
2658 2186 2921 2257 ἑνίζονται
2980 2194 3058 2262 τῷ
3102 2188 3283 2261 ἰνιαίῳ
3338 2187 3427 2242 καὶ
3486 2186 3651 2259 ἁπλῷ
3710 2195 3813 2255 τῆς

1863 2377 1905 2420 α’
2092 2381 2137 2437 β’
2335 2408 2361 2447 γ

395 2799 818 2875 initium(est),
841 2800 1097 2874 simplici
1123 2805 1319 2857 tamen
1351 2806 1408 2856 et
1436 2801 1665 2858 sincera
1696 2803 2047 2875 cognitionis

395 2895 496 2967 (vi)
529 2898 706 2965 atque
736 2909 823 2959 eo,
856 2892 1012 2963 quod
1047 2891 1388 2946 universum
1419 2890 1654 2961 dicitur,
1688 2893 2045 2962 adunantur,

396 2988 454 3037 et
483 2998 617 3037 vero
650 2982 708 3036 in
744 2980 931 3035 multa
955 2979 1447 3051 (multitudinem)
1477 2997 1545 3034 ex
1595 2981 2049 3051 particularibus

400 3073 907 3144 coguntur.Atque
924 3068 1044 3123 haec
1061 3067 1296 3138 quidem
1324 3067 1509 3122 multa
1525 3074 1582 3122 et
1597 3069 1825 3125 diversa
1841 3070 2048 3140 (sunt),

396 3161 499 3217 sed
529 3158 785 3231 cognitio
817 3156 917 3212 illa
946 3162 1002 3211 et
1034 3155 1285 3227 simplex
1311 3163 1401 3211 est
1444 3174 1633 3228 neque
1680 3159 1931 3214 diversa.
1969 3162 2049 3213 Ac

395 3254 672 3321 praeterea
698 3245 1141 3316 sesquialteram
1168 3244 1346 3299 habet
1377 3246 1661 3301 rationem
1715 3248 1786 3302 ad
1835 3264 2049 3303 secun-

2156 2823 2409 2877 γνωσεως
2465 2802 2555 2857 καὶ
2606 2804 2684 2872 τῷ
2735 2794 2993 2869 καθόλου,
3044 2799 3134 2854 καὶ
3196 2800 3328 2872 μετὰ
3382 2798 3450 2853 τὰ
3506 2796 3696 2853 πολλᾶ
3752 2798 3813 2853 ἐκ

2153 2897 2260 2947 τῶν
2325 2896 2559 2968 μερικῶν
2640 2890 2967 2963 συνάγεται·
3045 2890 3266 2943 κάκεῖνα
3333 2889 3427 2961 μὶν
3481 2887 3671 2943 πολλὰ
3718 2890 3809 2942 καὶ

2158 2978 2409 3058 διάφορα,
2465 2982 2499 3049 ἡ
2556 2976 2612 3033 δὲ
2658 2982 2856 3053 γνῶσις
2921 2974 3070 3047 ἁπλῆ
3129 2977 3219 3031 καὶ
3278 2974 3595 3053 ἀδιάφορος.
3652 2974 3809 3044 Πλὴν

2158 3067 2273 3143 ἔχει
2322 3069 2411 3123 καὶ
2468 3068 2607 3143 πρὸς
2661 3069 2761 3135 τήν
2818 3063 3067 3138 δευτέραν
3125 3066 3216 3120 τὸν
3267 3064 3531 3137 ἡμιόλιον
3592 3064 3811 3139 λόγον,

2162 3156 2615 3233 ὑπεμιραίνοντος,
2649 3156 2827 3227 οἶμαι,
2851 3158 2947 3208 τοῦ
2978 3151 3166 3227 λόγου,
3189 3153 3271 3208 ὅτι
3306 3153 3353 3207 εἷ
3379 3153 3467 3208 καὶ
3499 3155 3559 3207 τὸ
3591 3151 3812 3223 πεπλη-

2158 3246 2417 3317 θυσμὲνον
2470 3245 2545 3308 εἷς
2591 3245 2655 3299 τὸ
2706 3242 2946 3298 καθόλου
2994 3242 3083 3297 καὶ
3133 3242 3334 3296 ἐνιαῖον
3387 3242 3619 3309 ἑνοῦται,
3676 3241 3814 3297 ἀλλ’

391 3341 525 3393 dam
560 3337 855 3409 (partem),
890 3334 1289 3405 ostenditque,
1327 3339 1388 3388 ut
1420 3336 1647 3405 opinor,
1680 3338 1850 3404 ratio,
1895 3336 2043 3392 illud

2161 3332 2253 3387 οὖν
2285 3332 2374 3388 καὶ
2406 3333 2539 3388 αὐτὸ
2569 3333 2635 3387 τὰ
2678 3330 3131 3404 πεπληθυσμὲνον
3179 3331 3230 3401 ἐξ
3281 3330 3480 3385 ἐνιαίου
3528 3332 3821 3405 συνάγεται

396 3429 618 3500 ipsum,
651 3425 804 3496 quod
838 3427 1077 3479 auctum
1109 3429 1166 3478 et
1197 3421 1655 3494 multiplicatum
1689 3430 1797 3491 est,
1831 3426 1939 3480 etsi
1992 3426 2049 3480 in

396 3516 738 3572 universum
771 3512 944 3568 simul
987 3517 1046 3568 et
1097 3511 1349 3583 simplex
1396 3518 1705 3584 (tanquam
1756 3513 1814 3568 in
1867 3531 2051 3569 unum

400 3605 693 3676 quoddam
729 3603 1053 3669 redactum)
1071 3600 1472 3671 copuletur,ex
1488 3602 1741 3673 simplici
1768 3607 1961 3658 tamen
1980 3604 2052 3659 ad

400 3691 843 3748 multitudinem
876 3688 1069 3760 colligi
1104 3705 1117 3743 :
1150 3704 1219 3743 ex
1250 3687 1520 3759 pluribus
1552 3691 1711 3744 enim
1746 3707 1927 3745 unum
1964 3692 2050 3757 ﬁt,

399 3798 469 3836 ex
500 3796 615 3835 uno
646 3794 799 3849 saepe
830 3778 948 3833 haec
980 3777 1149 3847 plura
1195 3776 1581 3844 (multitudo).
1633 3779 1717 3832 Ad
1768 3779 2051 3835 sensibile

397 3870 597 3940 igitur,
629 3867 780 3937 quod
832 3865 1093 3921 ostendit
1146 3865 1408 3919 secunda
1457 3882 1592 3936 pars
1641 3867 2053 3937 (sesquialtera

394 3958 500 4035 illa
546 3956 713 4023 ratio)
768 3953 1214 4009 multitudinem
1256 3952 1519 4023 apponit,
1570 3971 1749 4025 quam
1801 3959 2057 4013 ostendit

393 4044 584 4111 tertia,
620 4048 939 4113 utrumque
969 4047 1167 4097 autem
1197 4056 1267 4097 ex
1296 4057 1385 4109 eo,
1418 4043 1573 4113 quod
1609 4044 1840 4115 proprie
1872 4061 2056 4100 unum

385 4133 621 4202 dicitur,
654 4138 1065 4205 comparatum
1095 4136 1186 4186 est
1214 4131 1494 4202 (pendet).
1533 4132 1671 4196 Qua
1704 4134 1755 4188 si
1790 4135 1860 4188 ad
1894 4133 2055 4190 illius

382 4224 880 4296 comparationem
932 4221 1087 4276 inter
1134 4237 1197 4277 se
1248 4225 1566 4277 censentur
1620 4224 1698 4291 (et
1748 4222 2054 4278 aestiman-

385 4315 525 4383 tur),
558 4311 836 4367 sensibile
868 4310 1013 4366 illud
1046 4308 1292 4381 simplex
1341 4311 1413 4365 ab
1471 4325 1559 4376 eo,
1609 4312 1764 4383 quod
1820 4312 2053 4383 proprie

393 4418 579 4456 unum
613 4399 1103 4470 dicitur,pr0pius
1129 4398 1296 4454 abest
1322 4415 1501 4470 quam
1534 4399 1591 4453 id
1621 4400 1774 4469 quod
1805 4406 2044 4456 auctum

2161 3422 2237 3484 εἰς
2270 3422 2485 3491 πλῆθος
2518 3442 2529 3455 ·
2566 3422 2624 3476 ἐκ
2670 3422 2773 3496 γὰρ
2820 3419 3047 3476 πολλῶν
3098 3421 3360 3475 τοιούτων
3410 3420 3474 3474 τὸ
3529 3417 3601 3485 ἰν,
3632 3420 3726 3473 καὶ
3767 3420 3823 3491 ἐξ

2164 3512 2281 3575 ἑνὸς
2307 3516 2553 3566 τοιοῦτον
2584 3510 2858 3572 πολλάκις
2895 3510 2957 3565 τὸ
2988 3509 3225 3579 πλῆθος.
3259 3509 3383 3566 Ἑπὶ
3412 3511 3505 3563 οὖν
3531 3510 3593 3563 τὸ
3627 3508 3830 3580 αἰσθη-

2163 3600 2278 3667 τὸν,
2311 3597 2338 3654 ὅ
2372 3597 2591 3670 δηλοῖὴ
2626 3597 2847 3674 δευτέρα
2871 3603 3059 3674 μοῖρα,
3106 3599 3168 3653 τὸ
3214 3597 3428 3666 πλῆθος
3460 3597 3695 3671 παρίστη
3710 3620 3828 3666 σιν,

2166 3690 2194 3743 ὃ
2226 3686 2392 3759 δηλοῖ
2421 3691 2455 3757 ἡ
2505 3688 2686 3764 τρίτη,
2730 3689 2953 3763 ἑκάτερα
3000 3685 3058 3743 δὶ
3092 3692 3189 3742 τοῦ
3238 3688 3436 3761 κυρίως
3486 3688 3603 3748 ὶνὸς
3657 3686 3834 3763 ἐξήρ-

2164 3798 2375 3846 τηνται.
2437 3777 2626 3833 Αὐτῶν
2686 3778 2779 3851 μὲν
2851 3778 2987 3849 πρὸς
3039 3776 3211 3832 ἐκεῖνο
3279 3774 3699 3848 ἐξεταζομένων,
3764 3780 3834 3832 τὸ

2167 3864 2419 3935 αἰσθητὸν
2473 3865 2667 3919 ὶνιαῖον
2718 3863 3005 3940 ἐγγύτερόν
3060 3864 3168 3920 ἐστι
3218 3869 3318 3919 τοῦ
3364 3864 3566 3939 κυρίως
3621 3863 3744 3927 ἐνὸς
3792 3864 3832 3935 ἤ

2163 3954 2225 4007 τὸ
2275 3951 2749 4026 πεπληθυσμὲνον,
2798 3953 2874 4017 ὡς
2907 3955 2935 4008 ὁ
2985 3950 3273 4017 διπλάσιος
3321 3950 3407 4008 διὸ
3459 3957 3556 4007 τοῦ
3604 3952 3753 4018 ἐνὸς,
3788 3954 3827 4023 ἤ

2166 4043 2194 4096 ὁ
2242 4039 2588 4116 τριπλάσιος.
2648 4043 2717 4097 Τὸ
2770 4042 2870 4118 γὰρ
2922 4040 2973 4096 ἐν
3034 4041 3316 4103 τοσούτοις
3372 4048 3580 4114 μεῖζον,
3618 4064 3829 4117 μακρι-

2166 4130 2302 4202 σμόν
2362 4133 2475 4201 (14)
2524 4152 2649 4185 τινα
2705 4129 3024 4208 ἐπεμφαίνει
3079 4131 3171 4184 καὶ
3224 4128 3617 4205 ἀλλοτρίωσιν.
3669 4132 3830 4187 Aviti

2166 4216 2223 4273 δὶ
2247 4220 2384 4293 πρὸς
2438 4217 2663 4289 ἄλληλα
2712 4219 3107 4295 συγκρινόμενα
3156 4218 3830 4296 εὕρηταισυρεγγότερον⁹

2164 4307 2237 4368 ὡς
2296 4306 2345 4360 ἐν
2393 4306 2640 4380 ἡμιολίῳ
2714 4308 2841 4382 γὰρ,
2925 4309 2999 4369 ὡς
3072 4307 3355 4385 ἀμφότερα
3407 4308 3511 4363 ὑπὸ
3567 4310 3826 4379 αἴσθησιν

2164 4392 2314 4452 ὅντα.

398 4487 974 4558 multiplicatumque
1005 4491 1114 4552 est,
1148 4486 1303 4541 sicut
1334 4485 1551 4558 duplus
1581 4487 1906 4558 (numerus)
1939 4487 2037 4542 uni
2072 4485 2309 4557 propior
2341 4491 2431 4541 est
2461 4502 2640 4558 quam
2676 4485 2913 4558 triplus.
2948 4486 3111 4553 Quod
3152 4485 3214 4541 in
3267 4485 3364 4541 isti
3409 4485 3569 4541 enim
3623 4490 3823 4559 majus

397 4582 507 4643 est,
538 4574 927 4647 prolixitatem
962 4575 1283 4644 quamdam
1315 4581 1373 4630 et
1403 4574 1818 4631 alienationem
1854 4593 1966 4647 praa
1997 4592 2061 4632 se
2091 4575 2220 4629 fert.
2273 4576 2431 4629 Inter
2476 4591 2538 4630 se
2585 4581 2781 4630 autem
2824 4579 3186 4646 comparata,
3242 4575 3515 4646 propiora
3564 4575 3817 4633 alterum

398 4662 567 4719 alteri
596 4678 721 4717 esse
750 4662 876 4716 visa
906 4662 1178 4733 (reperta)
1209 4668 1380 4731 sunt;
1420 4680 1553 4719 nam
1584 4663 1746 4719 velut
1777 4664 1832 4718 in
1865 4662 2253 4736 sesquialtera
2283 4663 2573 4735 (ratione),
2607 4664 2690 4718 sic
2723 4668 3043 4735 utrumque
3074 4664 3185 4718 sub
3218 4679 3458 4719 sensum
3490 4666 3672 4719 cadit.

470 4753 556 4806 15.
604 4751 822 4815 Quarta
871 4767 1028 4821 pars,
1080 4767 1206 4822 quas
1257 4752 1528 4807 secundae
1577 4752 1758 4824 dupla
1810 4759 1917 4822 est,
1970 4759 2046 4819 et,
2083 4754 2127 4818 D

395 4846 598 4897 contra
627 4855 805 4895 unam
829 4837 989 4893 illam
1014 4840 1476 4911 posita,planum
1501 4840 1677 4896 habet
1698 4842 2049 4913 quadrilate-

395 4946 549 4996 rum,
581 4927 1000 5000 cognitionem,
1036 4944 1161 4998 quae
1202 4934 1291 4984 est
1338 4929 1399 4984 in
1448 4928 1784 4998 latitudine,
1836 4932 2047 5002 aperit.

394 5020 585 5084 Quare
614 5018 688 5073 ab
719 5033 836 5073 uno
872 5017 1106 5080 recedit,
1131 5033 1266 5072 cum
1300 5016 1667 5091 longitudine
1698 5025 1894 5075 autem
1927 5020 2048 5076 sive

394 5107 675 5164 dualitate
706 5105 1317 5178 comparatur.0mnis
1348 5108 1503 5162 enim
1537 5108 2046 5180 cognitio,longis-

398 5198 546 5253 sime
576 5212 888 5269 progressa
918 5211 1259 5267 quanquam
1292 5212 1361 5251 ex
1391 5213 1506 5252 uno
1539 5197 1773 5267 pendet,
1805 5198 1958 5253 sicut
1976 5214 2045 5252 ex

400 5286 620 5341 unitate
670 5285 862 5340 omnis
914 5299 1221 5350 numerus,
1268 5300 1517 5355 eamque
1563 5286 1634 5339 ob
1684 5301 1925 5341 causam
1972 5286 2045 5340 ad

400 5388 583 5427 unum
612 5372 747 5444 plus
769 5371 1018 5444 pertinet
1043 5373 1444 5443 (accomodata
1471 5373 1541 5427 ad
1570 5389 1750 5428 unum
1772 5375 1905 5444 est),
1939 5389 2044 5429 ne-

398 5478 512 5533 que
537 5464 729 5515 tamen
757 5461 813 5515 in
850 5460 1279 5533 longitudinem
1308 5476 1450 5515 sane
1497 5461 1731 5531 crescit,
1780 5462 1921 5516 dum
1976 5479 2046 5518 ex

398 5550 620 5607 unitate
652 5549 885 5621 pendet.
917 5549 1000 5604 Ab
1032 5548 1136 5605 illa
1164 5552 1359 5604 autem
1392 5548 1561 5620 quasi
1612 5549 1860 5605 dimissa
1909 5566 2042 5607 cum

2235 4756 2309 4806 ιε’.
2367 4752 2431 4807 Ἡ
2488 4751 2716 4824 τετάρτη
2802 4756 2989 4825 μοῖρα,
3069 4748 3329 4806 διπλασ.α
3402 4758 3502 4820 τῆς
3562 4749 3812 4827 δευτέρας

2159 4838 2311 4909 οὖσα,
2344 4838 2434 4893 καὶ
2487 4840 2620 4913 πρὸς
2668 4840 2766 4907 τήν
2821 4839 2947 4911 μίαν
3008 4838 3380 4912 ἀντικειμένη,
3437 4840 3527 4893 καὶ
3576 4840 3689 4911 ἤδη
3740 4864 3817 4896 τε·

2157 4926 2495 5002 τράπλευρον
2554 4928 2615 4982 τὸ
2668 4925 2919 4983 ἐπίπεδον
3002 4927 3229 5002 ἔχουσα,
3298 4925 3463 4999 δηλοῖ
3518 4932 3619 4997 τήν
3680 4932 3814 4984 κατὰ

2156 5015 2362 5078 πλάτος
2422 5017 2643 5092 γνῶσὶν.
2704 5016 2800 5070 Διὰ
2850 5021 3010 5071 τοῦτο
3070 5019 3177 5092 γὰρ
3234 5017 3327 5071 καὶ
3381 5022 3479 5071 τοῦ
3538 5017 3657 5080 ἐνὸς
3716 5021 3810 5091 μὲν

2156 5104 2464 5182 ἀφίσταται,
2494 5110 2574 5176 τῷ
2608 5107 2769 5178 μήκει
2819 5103 2877 5160 δὲ
2921 5104 3027 5161 εἷ’τε
3079 5106 3171 5159 οὖν
3216 5109 3284 5179 τῇ
3330 5103 3484 5161 δυάδι
3532 5106 3815 5177 ἀντεξετά-

2160 5200 2326 5261 ζεται.
2385 5198 2533 5247 Πᾶσα
2590 5194 2690 5269 γὰρ
2758 5198 2978 5268 γνῶσις,
3054 5192 3141 5247 ἐπὶ
3203 5197 3469 5266 μήκιστον
3518 5202 3815 5269 προϊοῦσα,

2156 5282 2394 5357 ἐξέχεται
2456 5283 2549 5355 μὶν
2603 5286 2699 5337 τοῦ
2767 5283 2909 5354 ἑνὸς,
2981 5283 3056 5345 ὡς
3115 5283 3205 5337 καὶ
3263 5289 3369 5345 πᾶς
3423 5283 3662 5360 ἀριθμὸς
3716 5294 3820 5354 τίς

2160 5370 2413 5443 μονάδος,
2464 5372 2553 5426 καὶ
2602 5371 2738 5427 κατὰ
2778 5375 2939 5427 τοῦτο
3003 5371 3296 5445 ἐνικωτέρα
3350 5370 3518 5441 ἐστὶν,
3574 5374 3638 5428 οὐ
3703 5378 3813 5447 μὴν

2156 5458 2212 5515 δὲ
2248 5460 2336 5515 καὶ
2388 5460 2465 5523 εἰς
2512 5459 2721 5523 πλάτος
2784 5458 3119 5535 ἐπιδίδωσιν,
3180 5460 3286 5516 ἄπ’
3342 5459 3402 5515 ἂν
3463 5469 3564 5531 τῆς
3627 5463 3816 5527 ὶνάδος

2153 5549 2415 5626 ἐξέχεται,
2474 5552 2604 5607 Ὃτε
2659 5549 2715 5605 δὲ
2770 5549 2978 5622 ἐκείνης
3032 5553 3153 5605 οἷον
3210 5551 3452 5627 ἀφεμένη
3503 5549 3817 5627 ἐπικάμψει

465 5720 576 5794 (14)
608 5719 953 5794 Μακρισμόν.
989 5722 1130 5789 Vox,
1167 5720 1358 5792 credo,
1390 5738 1423 5777 a
1457 5719 1637 5777 Psello
1669 5720 1927 5780 inventa.
1958 5722 2185 5782 LINDBB.
