  <div class='ocr_page' id='page_1' title='image "/cluster/home/n/w/nwhite01/storage/ocr_20150623/122/hvd.32044073502460/568.png"; bbox 0 0 4060 6214; ppageno 0'>
   <div class='ocr_carea' id='block_1_1' title="bbox 218 400 3602 470">
    <p class='ocr_par' dir='ltr' id='par_1_1' title="bbox 218 400 3602 470">
     <span class='ocr_line' id='line_1_1' title="bbox 218 400 3602 470; baseline 0.004 -14"><span class='ocrx_word' id='word_1_1' title='bbox 218 400 349 457; x_wconf 77' lang='lat' dir='ltr'>“Ol</span> <span class='ocrx_word' id='word_1_2' title='bbox 1305 404 1381 462; x_wconf 81' lang='grc' dir='ltr'>ΙΝ</span> <span class='ocrx_word' id='word_1_3' title='bbox 1426 404 2041 467; x_wconf 83' lang='lat' dir='ltr'>PSYCIIOGONIAM</span> <span class='ocrx_word' id='word_1_4' title='bbox 2090 408 2500 468; x_wconf 84' lang='lat' dir='ltr'>PLATONIS.</span> <span class='ocrx_word' id='word_1_5' title='bbox 3444 412 3602 470; x_wconf 78' lang='lat'>“02</span> 
     </span>
    </p>
   </div>
   <div class='ocr_carea' id='block_1_2' title="bbox 211 526 1814 613">
    <p class='ocr_par' dir='ltr' id='par_1_2' title="bbox 211 526 1814 610">
     <span class='ocr_line' id='line_1_2' title="bbox 211 526 1814 610; baseline 0.006 -30"><span class='ocrx_word' id='word_1_6' title='bbox 211 528 286 581; x_wconf 78' lang='lat' dir='ltr'>xui</span> <span class='ocrx_word' id='word_1_7' title='bbox 318 526 619 603; x_wconf 85' lang='grc' dir='ltr'>πλαγιάσει,</span> <span class='ocrx_word' id='word_1_8' title='bbox 654 528 824 597; x_wconf 83' lang='grc' dir='ltr'>διπλῆ</span> <span class='ocrx_word' id='word_1_9' title='bbox 854 554 939 595; x_wconf 91' lang='grc' dir='ltr'>τις</span> <span class='ocrx_word' id='word_1_10' title='bbox 993 533 1066 595; x_wconf 86' lang='grc' dir='ltr'>ὡς</span> <span class='ocrx_word' id='word_1_11' title='bbox 1112 534 1172 588; x_wconf 80' lang='grc' dir='ltr'>ἂν</span> <span class='ocrx_word' id='word_1_12' title='bbox 1223 533 1521 610; x_wconf 73' lang='grc' dir='ltr'>ὶγγὶγνεται</span> <span class='ocrx_word' id='word_1_13' title='bbox 1562 540 1641 607; x_wconf 76' lang='grc' dir='ltr'>τῷ</span> <span class='ocrx_word' id='word_1_14' title='bbox 1677 537 1814 609; x_wconf 77' lang='grc' dir='ltr'>μήκε</span> 
     </span>
    </p>
   </div>
   <div class='ocr_carea' id='block_1_3' title="bbox 1994 526 3597 613">
    <p class='ocr_par' dir='ltr' id='par_1_3' title="bbox 1994 538 3597 613">
     <span class='ocr_line' id='line_1_3' title="bbox 1994 538 3597 613; baseline 0.004 -21"><span class='ocrx_word' id='word_1_15' title='bbox 1994 554 2016 592; x_wconf 86' lang='lat' dir='ltr'>e</span> <span class='ocrx_word' id='word_1_16' title='bbox 2032 538 2251 593; x_wconf 84' lang='lat' dir='ltr'>inﬂexit</span> <span class='ocrx_word' id='word_1_17' title='bbox 2272 544 2328 594; x_wconf 88' lang='lat' dir='ltr'>et</span> <span class='ocrx_word' id='word_1_18' title='bbox 2349 539 2690 611; x_wconf 82' lang='lat' dir='ltr'>obliquavit,</span> <span class='ocrx_word' id='word_1_19' title='bbox 2708 540 2924 611; x_wconf 84' lang='lat' dir='ltr'>duplex</span> <span class='ocrx_word' id='word_1_20' title='bbox 2946 542 3381 612; x_wconf 91' lang='lat' dir='ltr'>quodammodo</span> <span class='ocrx_word' id='word_1_21' title='bbox 3403 542 3597 613; x_wconf 85' lang='lat' dir='ltr'>(facta)</span> 
     </span>
    </p>
   </div>
   <div class='ocr_carea' id='block_1_4' title="bbox 209 618 1812 702">
    <p class='ocr_par' dir='ltr' id='par_1_4' title="bbox 209 618 1812 694">
     <span class='ocr_line' id='line_1_4' title="bbox 209 618 1812 694; baseline 0.005 -23"><span class='ocrx_word' id='word_1_22' title='bbox 209 618 474 694; x_wconf 70' lang='grc' dir='ltr'>πρότερον,</span> <span class='ocrx_word' id='word_1_23' title='bbox 509 618 621 674; x_wconf 77' lang='grc' dir='ltr'>εἶτα</span> <span class='ocrx_word' id='word_1_24' title='bbox 666 621 754 675; x_wconf 84' lang='grc' dir='ltr'>καὶ</span> <span class='ocrx_word' id='word_1_25' title='bbox 802 622 882 694; x_wconf 81' lang='grc' dir='ltr'>τῷ</span> <span class='ocrx_word' id='word_1_26' title='bbox 932 622 1149 691; x_wconf 83' lang='grc' dir='ltr'>πλάτει,</span> <span class='ocrx_word' id='word_1_27' title='bbox 1195 625 1283 677; x_wconf 84' lang='lat' dir='ltr'>xui</span> <span class='ocrx_word' id='word_1_28' title='bbox 1336 621 1683 679; x_wconf 79' lang='grc' dir='ltr'>ἐπιπεδοῦται</span> <span class='ocrx_word' id='word_1_29' title='bbox 1718 626 1812 679; x_wconf 67' lang='grc' dir='ltr'>οἶοε</span> 
     </span>
    </p>
   </div>
   <div class='ocr_carea' id='block_1_5' title="bbox 1995 618 3598 702">
    <p class='ocr_par' dir='ltr' id='par_1_5' title="bbox 1995 627 3598 702">
     <span class='ocr_line' id='line_1_5' title="bbox 1995 627 3598 702; baseline 0.004 -21"><span class='ocrx_word' id='word_1_30' title='bbox 1995 627 2194 682; x_wconf 79' lang='grc' dir='ltr'>·ἱωυω</span> <span class='ocrx_word' id='word_1_31' title='bbox 2227 628 2593 683; x_wconf 80' lang='lat' dir='ltr'>multitudini</span> <span class='ocrx_word' id='word_1_32' title='bbox 2624 633 2749 683; x_wconf 88' lang='lat' dir='ltr'>tum</span> <span class='ocrx_word' id='word_1_33' title='bbox 2785 646 2916 684; x_wconf 87' lang='lat' dir='ltr'>vero</span> <span class='ocrx_word' id='word_1_34' title='bbox 2956 630 3257 685; x_wconf 80' lang='lat' dir='ltr'>latitudini</span> <span class='ocrx_word' id='word_1_35' title='bbox 3300 632 3470 702; x_wconf 85' lang='lat' dir='ltr'>quasi</span> <span class='ocrx_word' id='word_1_36' title='bbox 3512 632 3598 687; x_wconf 93' lang='lat' dir='ltr'>in-</span> 
     </span>
    </p>
   </div>
   <div class='ocr_carea' id='block_1_6' title="bbox 204 709 1807 791">
    <p class='ocr_par' dir='ltr' id='par_1_6' title="bbox 204 709 1804 787">
     <span class='ocr_line' id='line_1_6' title="bbox 204 709 1804 787; baseline 0.005 -28"><span class='ocrx_word' id='word_1_37' title='bbox 204 709 256 761; x_wconf 85' lang='grc' dir='ltr'>τὸ</span> <span class='ocrx_word' id='word_1_38' title='bbox 308 712 568 781; x_wconf 82' lang='grc' dir='ltr'>γινῶσκον</span> <span class='ocrx_word' id='word_1_39' title='bbox 622 710 759 765; x_wconf 78' lang='grc' dir='ltr'>κατὰ</span> <span class='ocrx_word' id='word_1_40' title='bbox 805 713 867 766; x_wconf 87' lang='grc' dir='ltr'>τὸ</span> <span class='ocrx_word' id='word_1_41' title='bbox 916 716 1011 766; x_wconf 78' lang='grc' dir='ltr'>τοῦ</span> <span class='ocrx_word' id='word_1_42' title='bbox 1072 716 1483 787; x_wconf 67' lang='grc' dir='ltr'>γινωσκομένου</span> <span class='ocrx_word' id='word_1_43' title='bbox 1556 712 1804 769; x_wconf 80' lang='grc' dir='ltr'>ἐπίπεδον</span> 
     </span>
    </p>
   </div>
   <div class='ocr_carea' id='block_1_7' title="bbox 1996 709 3599 791">
    <p class='ocr_par' dir='ltr' id='par_1_7' title="bbox 1996 716 3599 791">
     <span class='ocr_line' id='line_1_7' title="bbox 1996 716 3599 791; baseline 0.004 -20"><span class='ocrx_word' id='word_1_44' title='bbox 1996 717 2223 771; x_wconf 61' lang='grc' dir='ltr'>ὶεοίὶυτ.</span> <span class='ocrx_word' id='word_1_45' title='bbox 2249 720 2315 771; x_wconf 83' lang='lat' dir='ltr'>Et</span> <span class='ocrx_word' id='word_1_46' title='bbox 2335 733 2466 772; x_wconf 89' lang='lat' dir='ltr'>vero</span> <span class='ocrx_word' id='word_1_47' title='bbox 2488 716 2569 783; x_wconf 92' lang='lat' dir='ltr'>id,</span> <span class='ocrx_word' id='word_1_48' title='bbox 2602 720 2750 787; x_wconf 91' lang='lat' dir='ltr'>quod</span> <span class='ocrx_word' id='word_1_49' title='bbox 2776 718 3066 786; x_wconf 74' lang='lat' dir='ltr'>cognocit,</span> <span class='ocrx_word' id='word_1_50' title='bbox 3085 718 3255 791; x_wconf 87' lang='lat' dir='ltr'>quasi</span> <span class='ocrx_word' id='word_1_51' title='bbox 3272 718 3515 791; x_wconf 90' lang='lat' dir='ltr'>planum</span> <span class='ocrx_word' id='word_1_52' title='bbox 3538 737 3599 777; x_wconf 88' lang='lat' dir='ltr'>se</span> 
     </span>
    </p>
   </div>
   <div class='ocr_carea' id='block_1_8' title="bbox 202 792 1805 881">
    <p class='ocr_par' dir='ltr' id='par_1_8' title="bbox 202 792 1803 879">
     <span class='ocr_line' id='line_1_8' title="bbox 202 792 1803 879; baseline 0.004 -28"><span class='ocrx_word' id='word_1_53' title='bbox 202 792 407 866; x_wconf 78' lang='grc' dir='ltr'>ὃδηλοῖ</span> <span class='ocrx_word' id='word_1_54' title='bbox 434 796 654 852; x_wconf 72' lang='grc' dir='ltr'>ἐνταῦθα</span> <span class='ocrx_word' id='word_1_55' title='bbox 700 802 733 869; x_wconf 75' lang='grc' dir='ltr'>ἡ</span> <span class='ocrx_word' id='word_1_56' title='bbox 780 801 1009 876; x_wconf 75' lang='grc' dir='ltr'>τετάρτη</span> <span class='ocrx_word' id='word_1_57' title='bbox 1042 807 1208 876; x_wconf 80' lang='grc' dir='ltr'>μοῖρα</span> <span class='ocrx_word' id='word_1_58' title='bbox 1258 804 1396 877; x_wconf 89' lang='grc' dir='ltr'>πρὸς</span> <span class='ocrx_word' id='word_1_59' title='bbox 1438 804 1535 871; x_wconf 80' lang='grc' dir='ltr'>τήν</span> <span class='ocrx_word' id='word_1_60' title='bbox 1584 800 1803 879; x_wconf 82' lang='grc' dir='ltr'>δευτέρα</span> 
     </span>
    </p>
   </div>
   <div class='ocr_carea' id='block_1_9' title="bbox 1994 792 3597 881">
    <p class='ocr_par' dir='ltr' id='par_1_9' title="bbox 1994 805 3597 881">
     <span class='ocr_line' id='line_1_9' title="bbox 1994 805 3597 881; baseline 0.004 -23"><span class='ocrx_word' id='word_1_61' title='bbox 1994 805 2081 859; x_wconf 88' lang='lat' dir='ltr'>.cit</span> <span class='ocrx_word' id='word_1_62' title='bbox 2114 806 2491 862; x_wconf 86' lang='lat' dir='ltr'>accomodate</span> <span class='ocrx_word' id='word_1_63' title='bbox 2542 807 2614 861; x_wconf 91' lang='lat' dir='ltr'>ad</span> <span class='ocrx_word' id='word_1_64' title='bbox 2666 808 2814 877; x_wconf 83' lang='lat' dir='ltr'>ejus,</span> <span class='ocrx_word' id='word_1_65' title='bbox 2842 808 2996 878; x_wconf 91' lang='lat' dir='ltr'>quod</span> <span class='ocrx_word' id='word_1_66' title='bbox 3045 808 3441 879; x_wconf 84' lang='lat' dir='ltr'>cognoscitur,</span> <span class='ocrx_word' id='word_1_67' title='bbox 3472 809 3597 881; x_wconf 90' lang='lat' dir='ltr'>pla-</span> 
     </span>
    </p>
   </div>
   <div class='ocr_carea' id='block_1_10' title="bbox 202 885 1805 968">
    <p class='ocr_par' dir='ltr' id='par_1_10' title="bbox 202 885 881 963">
     <span class='ocr_line' id='line_1_10' title="bbox 202 885 881 963; baseline 0.012 -25"><span class='ocrx_word' id='word_1_68' title='bbox 202 885 281 939; x_wconf 84' lang='lat' dir='ltr'>xui</span> <span class='ocrx_word' id='word_1_69' title='bbox 315 886 478 957; x_wconf 83' lang='grc' dir='ltr'>μόνην</span> <span class='ocrx_word' id='word_1_70' title='bbox 510 886 881 963; x_wconf 70' lang='grc' dir='ltr'>ἀντικειμένη.</span> 
     </span>
    </p>
   </div>
   <div class='ocr_carea' id='block_1_11' title="bbox 1993 885 3596 968">
    <p class='ocr_par' dir='ltr' id='par_1_11' title="bbox 1993 894 3596 968">
     <span class='ocr_line' id='line_1_11' title="bbox 1993 894 3596 968; baseline 0.003 -20"><span class='ocrx_word' id='word_1_71' title='bbox 1993 909 2110 962; x_wconf 89' lang='lat' dir='ltr'>um,</span> <span class='ocrx_word' id='word_1_72' title='bbox 2148 894 2304 963; x_wconf 92' lang='lat' dir='ltr'>quod</span> <span class='ocrx_word' id='word_1_73' title='bbox 2338 894 2431 949; x_wconf 88' lang='lat' dir='ltr'>hic</span> <span class='ocrx_word' id='word_1_74' title='bbox 2463 894 2719 950; x_wconf 82' lang='lat' dir='ltr'>ostendit</span> <span class='ocrx_word' id='word_1_75' title='bbox 2750 899 2959 966; x_wconf 91' lang='lat' dir='ltr'>quarta</span> <span class='ocrx_word' id='word_1_76' title='bbox 3008 912 3166 966; x_wconf 89' lang='lat' dir='ltr'>pars,</span> <span class='ocrx_word' id='word_1_77' title='bbox 3199 912 3326 967; x_wconf 78' lang='lat' dir='ltr'>quae</span> <span class='ocrx_word' id='word_1_78' title='bbox 3358 896 3596 968; x_wconf 88' lang='lat' dir='ltr'>quidem</span> 
     </span>
    </p>
   </div>
   <div class='ocr_carea' id='block_1_12' title="bbox 1942 984 3347 1056">
    <p class='ocr_par' dir='ltr' id='par_1_12' title="bbox 1942 984 3347 1056">
     <span class='ocr_line' id='line_1_12' title="bbox 1942 984 3347 1056; baseline 0.001 -17"><span class='ocrx_word' id='word_1_79' title='bbox 1942 988 2147 1039; x_wconf 87' lang='lat' dir='ltr'>contra</span> <span class='ocrx_word' id='word_1_80' title='bbox 2177 984 2495 1039; x_wconf 88' lang='lat' dir='ltr'>secundam</span> <span class='ocrx_word' id='word_1_81' title='bbox 2518 989 2576 1040; x_wconf 88' lang='lat' dir='ltr'>et</span> <span class='ocrx_word' id='word_1_82' title='bbox 2608 1000 2786 1039; x_wconf 89' lang='lat' dir='ltr'>unam</span> <span class='ocrx_word' id='word_1_83' title='bbox 2813 984 2975 1040; x_wconf 91' lang='lat' dir='ltr'>illam</span> <span class='ocrx_word' id='word_1_84' title='bbox 3016 984 3209 1056; x_wconf 89' lang='lat' dir='ltr'>posita</span> <span class='ocrx_word' id='word_1_85' title='bbox 3237 991 3347 1042; x_wconf 92' lang='lat' dir='ltr'>est.</span> 
     </span>
    </p>
   </div>
   <div class='ocr_carea' id='block_1_13' title="bbox 268 1068 1871 1146">
    <p class='ocr_par' dir='ltr' id='par_1_13' title="bbox 268 1068 1828 1146">
     <span class='ocr_line' id='line_1_13' title="bbox 268 1068 1828 1146; baseline 0.005 -27"><span class='ocrx_word' id='word_1_86' title='bbox 268 1074 325 1129; x_wconf 77' lang='grc' dir='ltr'>ις’</span> <span class='ocrx_word' id='word_1_87' title='bbox 352 1068 412 1124; x_wconf 83' lang='grc' dir='ltr'><strong>Ἠ</strong></span> <span class='ocrx_word' id='word_1_88' title='bbox 444 1069 664 1140; x_wconf 84' lang='grc' dir='ltr'>πέμπτη</span> <span class='ocrx_word' id='word_1_89' title='bbox 706 1074 897 1143; x_wconf 84' lang='grc' dir='ltr'>μοῖρα,</span> <span class='ocrx_word' id='word_1_90' title='bbox 951 1069 1250 1145; x_wconf 83' lang='grc' dir='ltr'>τριπλασία</span> <span class='ocrx_word' id='word_1_91' title='bbox 1296 1073 1394 1140; x_wconf 70' lang='grc' dir='ltr'>τῆς</span> <span class='ocrx_word' id='word_1_92' title='bbox 1441 1072 1630 1146; x_wconf 83' lang='grc' dir='ltr'>τρίτης</span> <span class='ocrx_word' id='word_1_93' title='bbox 1676 1073 1828 1145; x_wconf 78' lang='grc' dir='ltr'>οὖσα,</span> 
     </span>
    </p>
   </div>
   <div class='ocr_carea' id='block_1_14' title="bbox 1988 1068 3591 1146">
    <p class='ocr_par' dir='ltr' id='par_1_14' title="bbox 2015 1072 3591 1146">
     <span class='ocr_line' id='line_1_14' title="bbox 2015 1072 3591 1146; baseline 0.004 -20"><span class='ocrx_word' id='word_1_94' title='bbox 2015 1073 2104 1128; x_wconf 87' lang='grc'>16.</span> <span class='ocrx_word' id='word_1_95' title='bbox 2136 1072 2355 1137; x_wconf 88' lang='lat' dir='ltr'>Quinta</span> <span class='ocrx_word' id='word_1_96' title='bbox 2386 1090 2547 1145; x_wconf 88' lang='lat' dir='ltr'>pars,</span> <span class='ocrx_word' id='word_1_97' title='bbox 2580 1074 2763 1128; x_wconf 70' lang='lat' dir='ltr'>tertia:</span> <span class='ocrx_word' id='word_1_98' title='bbox 2795 1074 2994 1146; x_wconf 89' lang='lat' dir='ltr'>tripla,</span> <span class='ocrx_word' id='word_1_99' title='bbox 3030 1090 3220 1144; x_wconf 89' lang='lat' dir='ltr'>neque</span> <span class='ocrx_word' id='word_1_100' title='bbox 3268 1079 3471 1131; x_wconf 86' lang='lat' dir='ltr'>contra</span> <span class='ocrx_word' id='word_1_101' title='bbox 3499 1092 3591 1132; x_wconf 84' lang='lat' dir='ltr'>se-</span> 
     </span>
    </p>
   </div>
   <div class='ocr_carea' id='block_1_15' title="bbox 199 1156 1802 1236">
    <p class='ocr_par' dir='ltr' id='par_1_15' title="bbox 199 1156 1794 1236">
     <span class='ocr_line' id='line_1_15' title="bbox 199 1156 1794 1236; baseline 0.004 -27"><span class='ocrx_word' id='word_1_102' title='bbox 199 1156 279 1210; x_wconf 84' lang='lat' dir='ltr'>xui</span> <span class='ocrx_word' id='word_1_103' title='bbox 311 1158 445 1228; x_wconf 80' lang='grc' dir='ltr'>μήτε</span> <span class='ocrx_word' id='word_1_104' title='bbox 473 1158 609 1231; x_wconf 87' lang='grc' dir='ltr'>πρὸς</span> <span class='ocrx_word' id='word_1_105' title='bbox 660 1159 757 1226; x_wconf 78' lang='grc' dir='ltr'>τήν</span> <span class='ocrx_word' id='word_1_106' title='bbox 804 1156 1053 1235; x_wconf 78' lang='grc' dir='ltr'>δευτέραν</span> <span class='ocrx_word' id='word_1_107' title='bbox 1110 1162 1250 1232; x_wconf 76' lang='grc' dir='ltr'>μήτε</span> <span class='ocrx_word' id='word_1_108' title='bbox 1296 1162 1433 1236; x_wconf 86' lang='grc' dir='ltr'>πρὸς</span> <span class='ocrx_word' id='word_1_109' title='bbox 1475 1162 1571 1230; x_wconf 79' lang='grc' dir='ltr'>τήν</span> <span class='ocrx_word' id='word_1_110' title='bbox 1604 1162 1794 1236; x_wconf 84' lang='grc' dir='ltr'>πρώτη</span> 
     </span>
    </p>
   </div>
   <div class='ocr_carea' id='block_1_16' title="bbox 1990 1156 3593 1236">
    <p class='ocr_par' dir='ltr' id='par_1_16' title="bbox 1990 1162 3593 1236">
     <span class='ocr_line' id='line_1_16' title="bbox 1990 1162 3593 1236; baseline 0.002 -20"><span class='ocrx_word' id='word_1_111' title='bbox 1990 1162 2195 1217; x_wconf 84' lang='lat' dir='ltr'>mdam</span> <span class='ocrx_word' id='word_1_112' title='bbox 2231 1179 2419 1234; x_wconf 86' lang='lat' dir='ltr'>neque</span> <span class='ocrx_word' id='word_1_113' title='bbox 2435 1167 2638 1218; x_wconf 86' lang='lat' dir='ltr'>contra</span> <span class='ocrx_word' id='word_1_114' title='bbox 2667 1163 2921 1233; x_wconf 82' lang='lat' dir='ltr'>primam</span> <span class='ocrx_word' id='word_1_115' title='bbox 2952 1163 3161 1234; x_wconf 90' lang='lat' dir='ltr'>posita,</span> <span class='ocrx_word' id='word_1_116' title='bbox 3192 1165 3593 1236; x_wconf 84' lang='lat' dir='ltr'>cognitionum</span> 
     </span>
    </p>
   </div>
   <div class='ocr_carea' id='block_1_17' title="bbox 200 1244 1803 1324">
    <p class='ocr_par' dir='ltr' id='par_1_17' title="bbox 200 1244 1798 1324">
     <span class='ocr_line' id='line_1_17' title="bbox 200 1244 1798 1324; baseline 0.003 -26"><span class='ocrx_word' id='word_1_117' title='bbox 200 1245 551 1318; x_wconf 72' lang='grc' dir='ltr'>ἀντικειμένη,</span> <span class='ocrx_word' id='word_1_118' title='bbox 602 1244 772 1317; x_wconf 84' lang='grc' dir='ltr'>δηλοῖ</span> <span class='ocrx_word' id='word_1_119' title='bbox 812 1248 874 1302; x_wconf 87' lang='grc' dir='ltr'>τὸ</span> <span class='ocrx_word' id='word_1_120' title='bbox 923 1253 1033 1303; x_wconf 78' lang='grc' dir='ltr'>τῶν</span> <span class='ocrx_word' id='word_1_121' title='bbox 1082 1250 1335 1324; x_wconf 87' lang='grc' dir='ltr'>γνώσεων</span> <span class='ocrx_word' id='word_1_122' title='bbox 1385 1249 1551 1306; x_wconf 75' lang='grc' dir='ltr'>πολύ.</span> <span class='ocrx_word' id='word_1_123' title='bbox 1604 1252 1798 1322; x_wconf 77' lang='grc' dir='ltr'>ΠυΘμὴ</span> 
     </span>
    </p>
   </div>
   <div class='ocr_carea' id='block_1_18' title="bbox 1986 1244 3589 1324">
    <p class='ocr_par' dir='ltr' id='par_1_18' title="bbox 1986 1250 3589 1319">
     <span class='ocr_line' id='line_1_18' title="bbox 1986 1250 3589 1319; baseline 0.002 -14"><span class='ocrx_word' id='word_1_124' title='bbox 1986 1250 2382 1306; x_wconf 80' lang='lat' dir='ltr'>iultitudinem</span> <span class='ocrx_word' id='word_1_125' title='bbox 2400 1251 3169 1307; x_wconf 86' lang='lat' dir='ltr'>ostendit.Fundamentum</span> <span class='ocrx_word' id='word_1_126' title='bbox 3192 1252 3346 1308; x_wconf 91' lang='lat' dir='ltr'>enim</span> <span class='ocrx_word' id='word_1_127' title='bbox 3364 1269 3589 1319; x_wconf 88' lang='lat' dir='ltr'>eorum,</span> 
     </span>
    </p>
   </div>
   <div class='ocr_carea' id='block_1_19' title="bbox 198 1333 1801 1411">
    <p class='ocr_par' dir='ltr' id='par_1_19' title="bbox 198 1333 1801 1411">
     <span class='ocr_line' id='line_1_19' title="bbox 198 1333 1801 1411; baseline 0.004 -24"><span class='ocrx_word' id='word_1_128' title='bbox 198 1336 292 1409; x_wconf 77' lang='grc' dir='ltr'>γάρ</span> <span class='ocrx_word' id='word_1_129' title='bbox 320 1340 423 1389; x_wconf 80' lang='grc' dir='ltr'>τῶν</span> <span class='ocrx_word' id='word_1_130' title='bbox 453 1333 681 1390; x_wconf 80' lang='grc' dir='ltr'>πολλῶν</span> <span class='ocrx_word' id='word_1_131' title='bbox 731 1336 798 1391; x_wconf 80' lang='grc' dir='ltr'>τά</span> <span class='ocrx_word' id='word_1_132' title='bbox 845 1338 989 1411; x_wconf 82' lang='grc' dir='ltr'>τρία.</span> <span class='ocrx_word' id='word_1_133' title='bbox 1024 1336 1304 1403; x_wconf 83' lang='grc' dir='ltr'>Πολλάκις</span> <span class='ocrx_word' id='word_1_134' title='bbox 1349 1336 1405 1393; x_wconf 69' lang='grc' dir='ltr'>δὶ</span> <span class='ocrx_word' id='word_1_135' title='bbox 1452 1337 1638 1393; x_wconf 75' lang='grc' dir='ltr'>πολλὰ</span> <span class='ocrx_word' id='word_1_136' title='bbox 1665 1340 1731 1393; x_wconf 79' lang='grc' dir='ltr'>τά</span> <span class='ocrx_word' id='word_1_137' title='bbox 1765 1341 1801 1402; x_wconf 73' lang='grc' dir='ltr'>θ⁴</span> 
     </span>
    </p>
   </div>
   <div class='ocr_carea' id='block_1_20' title="bbox 1984 1333 3587 1411">
    <p class='ocr_par' dir='ltr' id='par_1_20' title="bbox 1984 1339 3587 1407">
     <span class='ocr_line' id='line_1_20' title="bbox 1984 1339 3587 1407; baseline 0.002 -13"><span class='ocrx_word' id='word_1_138' title='bbox 1984 1356 2067 1394; x_wconf 67' lang='lat' dir='ltr'>ua:</span> <span class='ocrx_word' id='word_1_139' title='bbox 2099 1339 2286 1394; x_wconf 90' lang='lat' dir='ltr'>multa</span> <span class='ocrx_word' id='word_1_140' title='bbox 2317 1340 2717 1407; x_wconf 79' lang='lat' dir='ltr'>nominantur,</span> <span class='ocrx_word' id='word_1_141' title='bbox 2751 1341 2862 1396; x_wconf 83' lang='lat' dir='ltr'>tria</span> <span class='ocrx_word' id='word_1_142' title='bbox 2910 1345 3068 1396; x_wconf 88' lang='lat' dir='ltr'>sunt.</span> <span class='ocrx_word' id='word_1_143' title='bbox 3120 1341 3343 1398; x_wconf 89' lang='lat' dir='ltr'>Pluries</span> <span class='ocrx_word' id='word_1_144' title='bbox 3392 1347 3587 1398; x_wconf 86' lang='lat' dir='ltr'>autem</span> 
     </span>
    </p>
   </div>
   <div class='ocr_carea' id='block_1_21' title="bbox 196 1422 1799 1505">
    <p class='ocr_par' dir='ltr' id='par_1_21' title="bbox 196 1422 1795 1505">
     <span class='ocr_line' id='line_1_21' title="bbox 196 1422 1795 1505; baseline 0.003 -28"><span class='ocrx_word' id='word_1_145' title='bbox 196 1422 302 1478; x_wconf 74' lang='grc' dir='ltr'>ὅθεν</span> <span class='ocrx_word' id='word_1_146' title='bbox 330 1425 413 1478; x_wconf 80' lang='grc' dir='ltr'>καὶ</span> <span class='ocrx_word' id='word_1_147' title='bbox 454 1423 654 1496; x_wconf 76' lang='grc' dir='ltr'>μούσας</span> <span class='ocrx_word' id='word_1_148' title='bbox 683 1427 725 1479; x_wconf 77' lang='lat'>0&#39;</span> <span class='ocrx_word' id='word_1_149' title='bbox 754 1426 806 1480; x_wconf 75' lang='grc' dir='ltr'>οἱ</span> <span class='ocrx_word' id='word_1_150' title='bbox 856 1427 1083 1498; x_wconf 70' lang='grc' dir='ltr'>ποιηταί</span> <span class='ocrx_word' id='word_1_151' title='bbox 1129 1449 1309 1505; x_wconf 77' lang='grc' dir='ltr'>φασιν,</span> <span class='ocrx_word' id='word_1_152' title='bbox 1344 1428 1507 1482; x_wconf 77' lang='grc' dir='ltr'>οἱονεὶ</span> <span class='ocrx_word' id='word_1_153' title='bbox 1555 1425 1795 1483; x_wconf 83' lang='grc' dir='ltr'>πολλάκι</span> 
     </span>
    </p>
   </div>
   <div class='ocr_carea' id='block_1_22' title="bbox 1983 1422 3586 1505">
    <p class='ocr_par' dir='ltr' id='par_1_22' title="bbox 1983 1429 3586 1500">
     <span class='ocr_line' id='line_1_22' title="bbox 1983 1429 3586 1500; baseline 0.003 -18"><span class='ocrx_word' id='word_1_154' title='bbox 1983 1429 2011 1482; x_wconf 66' lang='lat' dir='ltr'>si</span> <span class='ocrx_word' id='word_1_155' title='bbox 2038 1431 2380 1500; x_wconf 84' lang='lat' dir='ltr'>sumuntur)</span> <span class='ocrx_word' id='word_1_156' title='bbox 2419 1430 2625 1499; x_wconf 90' lang='lat' dir='ltr'>multa,</span> <span class='ocrx_word' id='word_1_157' title='bbox 2660 1446 2867 1484; x_wconf 90' lang='lat' dir='ltr'>novem</span> <span class='ocrx_word' id='word_1_158' title='bbox 2892 1430 3299 1500; x_wconf 86' lang='lat' dir='ltr'>(efﬁciuntur).</span> <span class='ocrx_word' id='word_1_159' title='bbox 3323 1432 3461 1486; x_wconf 88' lang='lat' dir='ltr'>Inde</span> <span class='ocrx_word' id='word_1_160' title='bbox 3481 1449 3586 1487; x_wconf 90' lang='lat' dir='ltr'>no-</span> 
     </span>
    </p>
   </div>
   <div class='ocr_carea' id='block_1_23' title="bbox 196 1511 1799 1592">
    <p class='ocr_par' dir='ltr' id='par_1_23' title="bbox 196 1511 1799 1592">
     <span class='ocr_line' id='line_1_23' title="bbox 196 1511 1799 1592; baseline 0.004 -26"><span class='ocrx_word' id='word_1_161' title='bbox 196 1512 412 1574; x_wconf 83' lang='grc' dir='ltr'>πολλάς.</span> <span class='ocrx_word' id='word_1_162' title='bbox 442 1514 516 1567; x_wconf 78' lang='grc' dir='ltr'>Τά</span> <span class='ocrx_word' id='word_1_163' title='bbox 545 1511 601 1568; x_wconf 72' lang='grc' dir='ltr'>δὲ</span> <span class='ocrx_word' id='word_1_164' title='bbox 652 1513 840 1569; x_wconf 85' lang='grc' dir='ltr'>πολλὰ</span> <span class='ocrx_word' id='word_1_165' title='bbox 886 1514 1008 1571; x_wconf 66' lang='grc' dir='ltr'>οὔτε</span> <span class='ocrx_word' id='word_1_166' title='bbox 1049 1518 1187 1592; x_wconf 87' lang='grc' dir='ltr'>πρὸς</span> <span class='ocrx_word' id='word_1_167' title='bbox 1234 1517 1297 1571; x_wconf 89' lang='grc' dir='ltr'>τὸ</span> <span class='ocrx_word' id='word_1_168' title='bbox 1326 1514 1380 1571; x_wconf 73' lang='grc' dir='ltr'>ἓν</span> <span class='ocrx_word' id='word_1_169' title='bbox 1433 1514 1549 1591; x_wconf 78' lang='grc' dir='ltr'>ἔχει</span> <span class='ocrx_word' id='word_1_170' title='bbox 1577 1519 1677 1587; x_wconf 78' lang='grc' dir='ltr'>τήν</span> <span class='ocrx_word' id='word_1_171' title='bbox 1708 1518 1799 1572; x_wconf 82' lang='grc' dir='ltr'>ἀντ</span> 
     </span>
    </p>
   </div>
   <div class='ocr_carea' id='block_1_24' title="bbox 1982 1511 3585 1592">
    <p class='ocr_par' dir='ltr' id='par_1_24' title="bbox 1982 1517 3585 1590">
     <span class='ocr_line' id='line_1_24' title="bbox 1982 1517 3585 1590; baseline 0.002 -18"><span class='ocrx_word' id='word_1_172' title='bbox 1982 1533 2067 1572; x_wconf 88' lang='lat' dir='ltr'>em</span> <span class='ocrx_word' id='word_1_173' title='bbox 2088 1518 2287 1573; x_wconf 89' lang='lat' dir='ltr'>Musas</span> <span class='ocrx_word' id='word_1_174' title='bbox 2309 1517 2483 1573; x_wconf 91' lang='lat' dir='ltr'>veluti</span> <span class='ocrx_word' id='word_1_175' title='bbox 2501 1518 2718 1590; x_wconf 89' lang='lat' dir='ltr'>pluries</span> <span class='ocrx_word' id='word_1_176' title='bbox 2733 1518 2952 1574; x_wconf 86' lang='lat' dir='ltr'>multas</span> <span class='ocrx_word' id='word_1_177' title='bbox 2975 1524 3153 1590; x_wconf 68' lang='lat' dir='ltr'>poeta:</span> <span class='ocrx_word' id='word_1_178' title='bbox 3167 1520 3359 1575; x_wconf 87' lang='lat' dir='ltr'>dicere</span> <span class='ocrx_word' id='word_1_179' title='bbox 3376 1521 3585 1575; x_wconf 88' lang='lat' dir='ltr'>solent.</span> 
     </span>
    </p>
   </div>
   <div class='ocr_carea' id='block_1_25' title="bbox 198 1600 1801 1682">
    <p class='ocr_par' dir='ltr' id='par_1_25' title="bbox 198 1600 1797 1682">
     <span class='ocr_line' id='line_1_25' title="bbox 198 1600 1797 1682; baseline 0.003 -26"><span class='ocrx_word' id='word_1_180' title='bbox 198 1603 433 1674; x_wconf 74' lang='grc' dir='ltr'>εξέτασιν,</span> <span class='ocrx_word' id='word_1_181' title='bbox 466 1603 539 1664; x_wconf 84' lang='grc' dir='ltr'>ὡς</span> <span class='ocrx_word' id='word_1_182' title='bbox 598 1600 727 1659; x_wconf 74' lang='grc' dir='ltr'>οὐδὲ</span> <span class='ocrx_word' id='word_1_183' title='bbox 777 1605 839 1659; x_wconf 86' lang='grc' dir='ltr'>τὸ</span> <span class='ocrx_word' id='word_1_184' title='bbox 899 1602 1155 1660; x_wconf 70' lang='grc' dir='ltr'>ἐπίπεδον</span> <span class='ocrx_word' id='word_1_185' title='bbox 1212 1605 1246 1673; x_wconf 72' lang='grc' dir='ltr'><strong>ἢ</strong></span> <span class='ocrx_word' id='word_1_186' title='bbox 1306 1606 1368 1660; x_wconf 80' lang='grc' dir='ltr'>τὸ</span> <span class='ocrx_word' id='word_1_187' title='bbox 1418 1606 1633 1680; x_wconf 75' lang='grc' dir='ltr'>στερεὸν</span> <span class='ocrx_word' id='word_1_188' title='bbox 1692 1608 1797 1682; x_wconf 86' lang='grc' dir='ltr'>πρὸ</span> 
     </span>
    </p>
   </div>
   <div class='ocr_carea' id='block_1_26' title="bbox 1985 1600 3588 1682">
    <p class='ocr_par' dir='ltr' id='par_1_26' title="bbox 1985 1606 3588 1680">
     <span class='ocr_line' id='line_1_26' title="bbox 1985 1606 3588 1680; baseline 0.003 -20"><span class='ocrx_word' id='word_1_189' title='bbox 1985 1606 2118 1661; x_wconf 78' lang='lat' dir='ltr'>Iulta</span> <span class='ocrx_word' id='word_1_190' title='bbox 2134 1611 2326 1662; x_wconf 86' lang='lat' dir='ltr'>tamen</span> <span class='ocrx_word' id='word_1_191' title='bbox 2346 1606 2567 1663; x_wconf 90' lang='lat' dir='ltr'>nullam</span> <span class='ocrx_word' id='word_1_192' title='bbox 2588 1608 3085 1679; x_wconf 88' lang='lat' dir='ltr'>comparationem</span> <span class='ocrx_word' id='word_1_193' title='bbox 3113 1625 3301 1680; x_wconf 89' lang='lat' dir='ltr'>neque</span> <span class='ocrx_word' id='word_1_194' title='bbox 3324 1610 3394 1665; x_wconf 91' lang='lat' dir='ltr'>ad</span> <span class='ocrx_word' id='word_1_195' title='bbox 3418 1627 3588 1666; x_wconf 88' lang='lat' dir='ltr'>unum</span> 
     </span>
    </p>
   </div>
   <div class='ocr_carea' id='block_1_27' title="bbox 195 1688 1798 1769">
    <p class='ocr_par' dir='ltr' id='par_1_27' title="bbox 195 1688 1798 1769">
     <span class='ocr_line' id='line_1_27' title="bbox 195 1688 1798 1769; baseline 0.004 -27"><span class='ocrx_word' id='word_1_196' title='bbox 195 1692 283 1757; x_wconf 78' lang='grc' dir='ltr'>τὴν</span> <span class='ocrx_word' id='word_1_197' title='bbox 334 1692 587 1766; x_wconf 76' lang='grc' dir='ltr'>στιγμὴν,</span> <span class='ocrx_word' id='word_1_198' title='bbox 647 1688 770 1746; x_wconf 67' lang='grc' dir='ltr'>οὔτε</span> <span class='ocrx_word' id='word_1_199' title='bbox 829 1694 925 1765; x_wconf 73' lang='grc' dir='ltr'>μὲν</span> <span class='ocrx_word' id='word_1_200' title='bbox 984 1694 1123 1769; x_wconf 85' lang='grc' dir='ltr'>πρὸς</span> <span class='ocrx_word' id='word_1_201' title='bbox 1174 1694 1241 1749; x_wconf 72' lang='grc' dir='ltr'>τά</span> <span class='ocrx_word' id='word_1_202' title='bbox 1294 1692 1411 1763; x_wconf 80' lang='grc' dir='ltr'>δύο,</span> <span class='ocrx_word' id='word_1_203' title='bbox 1475 1696 1654 1769; x_wconf 82' lang='grc' dir='ltr'>ὥσπερ</span> <span class='ocrx_word' id='word_1_204' title='bbox 1704 1692 1798 1749; x_wconf 81' lang='grc' dir='ltr'>οὐδ</span> 
     </span>
    </p>
   </div>
   <div class='ocr_carea' id='block_1_28' title="bbox 1983 1688 3586 1769">
    <p class='ocr_par' dir='ltr' id='par_1_28' title="bbox 1983 1696 3586 1768">
     <span class='ocr_line' id='line_1_28' title="bbox 1983 1696 3586 1768; baseline 0.002 -17"><span class='ocrx_word' id='word_1_205' title='bbox 1983 1696 2350 1765; x_wconf 59' lang='grc' dir='ltr'>αὺοηῐλεὶουῐ</span> <span class='ocrx_word' id='word_1_206' title='bbox 2373 1713 2485 1751; x_wconf 92' lang='lat' dir='ltr'>non</span> <span class='ocrx_word' id='word_1_207' title='bbox 2521 1696 2759 1768; x_wconf 88' lang='lat' dir='ltr'>planum</span> <span class='ocrx_word' id='word_1_208' title='bbox 2780 1702 2881 1751; x_wconf 88' lang='lat' dir='ltr'>aut</span> <span class='ocrx_word' id='word_1_209' title='bbox 2904 1696 3159 1752; x_wconf 89' lang='lat' dir='ltr'>solidum</span> <span class='ocrx_word' id='word_1_210' title='bbox 3180 1699 3251 1752; x_wconf 91' lang='lat' dir='ltr'>ad</span> <span class='ocrx_word' id='word_1_211' title='bbox 3278 1703 3586 1768; x_wconf 85' lang='lat' dir='ltr'>punctum,</span> 
     </span>
    </p>
   </div>
   <div class='ocr_carea' id='block_1_29' title="bbox 198 1779 1801 1859">
    <p class='ocr_par' dir='ltr' id='par_1_29' title="bbox 198 1779 1801 1859">
     <span class='ocr_line' id='line_1_29' title="bbox 198 1779 1801 1859; baseline 0.002 -25"><span class='ocrx_word' id='word_1_212' title='bbox 198 1779 326 1834; x_wconf 65' lang='grc' dir='ltr'>οἰκία</span> <span class='ocrx_word' id='word_1_213' title='bbox 370 1781 507 1854; x_wconf 84' lang='grc' dir='ltr'>πρὸς</span> <span class='ocrx_word' id='word_1_214' title='bbox 558 1780 837 1853; x_wconf 78' lang='grc' dir='ltr'>θεμέλιον,</span> <span class='ocrx_word' id='word_1_215' title='bbox 888 1783 976 1837; x_wconf 87' lang='grc' dir='ltr'>καὶ</span> <span class='ocrx_word' id='word_1_216' title='bbox 1026 1782 1220 1838; x_wconf 87' lang='grc' dir='ltr'>πλοῖον</span> <span class='ocrx_word' id='word_1_217' title='bbox 1277 1784 1413 1857; x_wconf 83' lang='grc' dir='ltr'>πρὸς</span> <span class='ocrx_word' id='word_1_218' title='bbox 1469 1782 1682 1859; x_wconf 83' lang='grc' dir='ltr'>τρόπιν,</span> <span class='ocrx_word' id='word_1_219' title='bbox 1736 1804 1801 1838; x_wconf 88' lang='lat' dir='ltr'>xu</span> 
     </span>
    </p>
   </div>
   <div class='ocr_carea' id='block_1_30' title="bbox 1980 1779 3583 1859">
    <p class='ocr_par' dir='ltr' id='par_1_30' title="bbox 1982 1785 3583 1857">
     <span class='ocr_line' id='line_1_30' title="bbox 1982 1785 3583 1857; baseline 0.001 -17"><span class='ocrx_word' id='word_1_220' title='bbox 1982 1800 2129 1857; x_wconf 86' lang='lat' dir='ltr'>eque</span> <span class='ocrx_word' id='word_1_221' title='bbox 2155 1801 2288 1839; x_wconf 89' lang='lat' dir='ltr'>vero</span> <span class='ocrx_word' id='word_1_222' title='bbox 2314 1785 2383 1839; x_wconf 88' lang='lat' dir='ltr'>ad</span> <span class='ocrx_word' id='word_1_223' title='bbox 2412 1785 2708 1839; x_wconf 83' lang='lat' dir='ltr'>binarium</span> <span class='ocrx_word' id='word_1_224' title='bbox 2734 1787 3583 1857; x_wconf 88' lang='lat' dir='ltr'>numerum,quemadmodum</span> 
     </span>
    </p>
   </div>
   <div class='ocr_carea' id='block_1_31' title="bbox 196 1868 1799 1947">
    <p class='ocr_par' dir='ltr' id='par_1_31' title="bbox 196 1868 1797 1947">
     <span class='ocr_line' id='line_1_31' title="bbox 196 1868 1797 1947; baseline 0.002 -25"><span class='ocrx_word' id='word_1_225' title='bbox 196 1871 319 1922; x_wconf 75' lang='grc' dir='ltr'>ἅπαν</span> <span class='ocrx_word' id='word_1_226' title='bbox 364 1870 500 1944; x_wconf 81' lang='grc' dir='ltr'>πρὸς</span> <span class='ocrx_word' id='word_1_227' title='bbox 548 1868 752 1945; x_wconf 76' lang='grc' dir='ltr'>ἀρχήν·</span> <span class='ocrx_word' id='word_1_228' title='bbox 808 1869 1035 1945; x_wconf 76' lang='grc' dir='ltr'>οὐδεμία</span> <span class='ocrx_word' id='word_1_229' title='bbox 1081 1869 1138 1926; x_wconf 77' lang='grc' dir='ltr'>δὲ</span> <span class='ocrx_word' id='word_1_230' title='bbox 1186 1872 1332 1947; x_wconf 78' lang='grc' dir='ltr'>ἀρχὴ</span> <span class='ocrx_word' id='word_1_231' title='bbox 1389 1873 1656 1946; x_wconf 75' lang='grc' dir='ltr'>συγγενὴς</span> <span class='ocrx_word' id='word_1_232' title='bbox 1707 1878 1797 1926; x_wconf 83' lang='grc' dir='ltr'>τοῖ</span> 
     </span>
    </p>
   </div>
   <div class='ocr_carea' id='block_1_32' title="bbox 1979 1868 3582 1947">
    <p class='ocr_par' dir='ltr' id='par_1_32' title="bbox 1980 1874 3582 1944">
     <span class='ocr_line' id='line_1_32' title="bbox 1980 1874 3582 1944; baseline 0.001 -16"><span class='ocrx_word' id='word_1_233' title='bbox 1980 1890 2127 1944; x_wconf 88' lang='lat' dir='ltr'>eque</span> <span class='ocrx_word' id='word_1_234' title='bbox 2168 1876 2270 1928; x_wconf 86' lang='lat' dir='ltr'>aut</span> <span class='ocrx_word' id='word_1_235' title='bbox 2308 1874 2380 1928; x_wconf 90' lang='lat' dir='ltr'>ad</span> <span class='ocrx_word' id='word_1_236' title='bbox 2424 1874 2879 1928; x_wconf 83' lang='lat' dir='ltr'>fundamentum</span> <span class='ocrx_word' id='word_1_237' title='bbox 2926 1874 3151 1943; x_wconf 90' lang='lat' dir='ltr'>domus,</span> <span class='ocrx_word' id='word_1_238' title='bbox 3187 1878 3288 1929; x_wconf 87' lang='lat' dir='ltr'>aut</span> <span class='ocrx_word' id='word_1_239' title='bbox 3320 1875 3485 1930; x_wconf 88' lang='lat' dir='ltr'>navis</span> <span class='ocrx_word' id='word_1_240' title='bbox 3511 1876 3582 1930; x_wconf 91' lang='lat' dir='ltr'>ad</span> 
     </span>
    </p>
   </div>
   <div class='ocr_carea' id='block_1_33' title="bbox 191 1955 1794 2034">
    <p class='ocr_par' dir='ltr' id='par_1_33' title="bbox 191 1955 1794 2033">
     <span class='ocr_line' id='line_1_33' title="bbox 191 1955 1794 2033; baseline 0.001 -22"><span class='ocrx_word' id='word_1_241' title='bbox 191 1955 407 2026; x_wconf 71' lang='grc' dir='ltr'>τίλεσιν,</span> <span class='ocrx_word' id='word_1_242' title='bbox 440 1959 586 2033; x_wconf 74' lang='grc' dir='ltr'>ἀρχὴ</span> <span class='ocrx_word' id='word_1_243' title='bbox 641 1956 698 2014; x_wconf 73' lang='grc' dir='ltr'>δὲ</span> <span class='ocrx_word' id='word_1_244' title='bbox 745 1958 997 2030; x_wconf 70' lang='grc' dir='ltr'>πλήθους</span> <span class='ocrx_word' id='word_1_245' title='bbox 1044 1964 1077 2030; x_wconf 79' lang='grc' dir='ltr'>ἡ</span> <span class='ocrx_word' id='word_1_246' title='bbox 1130 1958 1281 2032; x_wconf 78' lang='grc' dir='ltr'>δυὰς,</span> <span class='ocrx_word' id='word_1_247' title='bbox 1315 1960 1377 2014; x_wconf 73' lang='lat'><strong>0&#39;3</strong></span> <span class='ocrx_word' id='word_1_248' title='bbox 1409 1960 1646 2031; x_wconf 54' lang='grc' dir='ltr'>πλῆθος</span> <span class='ocrx_word' id='word_1_249' title='bbox 1677 1961 1794 2017; x_wconf 59' lang='lat' dir='ltr'>cii/Ou</span> 
     </span>
    </p>
   </div>
   <div class='ocr_carea' id='block_1_34' title="bbox 1979 1955 3582 2034">
    <p class='ocr_par' dir='ltr' id='par_1_34' title="bbox 1979 1961 3582 2034">
     <span class='ocr_line' id='line_1_34' title="bbox 1979 1961 3582 2034; baseline 0.002 -18"><span class='ocrx_word' id='word_1_250' title='bbox 1979 1961 2216 2032; x_wconf 67' lang='lat' dir='ltr'>irinam,</span> <span class='ocrx_word' id='word_1_251' title='bbox 2258 1966 2360 2017; x_wconf 87' lang='lat' dir='ltr'>aut</span> <span class='ocrx_word' id='word_1_252' title='bbox 2408 1962 2750 2016; x_wconf 90' lang='lat' dir='ltr'>universum</span> <span class='ocrx_word' id='word_1_253' title='bbox 2801 1962 2872 2017; x_wconf 92' lang='lat' dir='ltr'>ad</span> <span class='ocrx_word' id='word_1_254' title='bbox 2920 1962 3279 2034; x_wconf 86' lang='lat' dir='ltr'>principium</span> <span class='ocrx_word' id='word_1_255' title='bbox 3332 1979 3345 2019; x_wconf 90' lang='lat'>:</span> <span class='ocrx_word' id='word_1_256' title='bbox 3394 1980 3582 2034; x_wconf 87' lang='lat' dir='ltr'>neque</span> 
     </span>
    </p>
   </div>
   <div class='ocr_carea' id='block_1_35' title="bbox 189 2046 1792 2126">
    <p class='ocr_par' dir='ltr' id='par_1_35' title="bbox 189 2046 1790 2126">
     <span class='ocr_line' id='line_1_35' title="bbox 189 2046 1790 2126; baseline 0.003 -25"><span class='ocrx_word' id='word_1_257' title='bbox 189 2049 247 2101; x_wconf 72' lang='grc' dir='ltr'>τά</span> <span class='ocrx_word' id='word_1_258' title='bbox 290 2046 465 2102; x_wconf 73' lang='grc' dir='ltr'>πολλὰ</span> <span class='ocrx_word' id='word_1_259' title='bbox 509 2049 644 2123; x_wconf 85' lang='grc' dir='ltr'>πρὸς</span> <span class='ocrx_word' id='word_1_260' title='bbox 696 2048 896 2105; x_wconf 71' lang='grc' dir='ltr'>πολλὰ.</span> <span class='ocrx_word' id='word_1_261' title='bbox 933 2052 1092 2115; x_wconf 80' lang='grc' dir='ltr'>’Όθεν</span> <span class='ocrx_word' id='word_1_262' title='bbox 1126 2051 1153 2104; x_wconf 97' lang='lat'>6</span> <span class='ocrx_word' id='word_1_263' title='bbox 1182 2052 1225 2113; x_wconf 83' lang='lat'>0&#39;</span> <span class='ocrx_word' id='word_1_264' title='bbox 1255 2051 1391 2125; x_wconf 87' lang='grc' dir='ltr'>πρὸς</span> <span class='ocrx_word' id='word_1_265' title='bbox 1438 2052 1529 2105; x_wconf 86' lang='grc' dir='ltr'>τὸν</span> <span class='ocrx_word' id='word_1_266' title='bbox 1563 2052 1608 2126; x_wconf 85' lang='grc' dir='ltr'>γ’</span> <span class='ocrx_word' id='word_1_267' title='bbox 1643 2050 1790 2121; x_wconf 77' lang='grc' dir='ltr'>ἐξετά</span> 
     </span>
    </p>
   </div>
   <div class='ocr_carea' id='block_1_36' title="bbox 1978 2046 3581 2126">
    <p class='ocr_par' dir='ltr' id='par_1_36' title="bbox 1978 2050 3581 2123">
     <span class='ocr_line' id='line_1_36' title="bbox 1978 2050 3581 2123; baseline 0.002 -18"><span class='ocrx_word' id='word_1_268' title='bbox 1978 2051 2089 2105; x_wconf 83' lang='lat' dir='ltr'>nim</span> <span class='ocrx_word' id='word_1_269' title='bbox 2150 2050 2338 2105; x_wconf 92' lang='lat' dir='ltr'>ullum</span> <span class='ocrx_word' id='word_1_270' title='bbox 2386 2051 2743 2121; x_wconf 88' lang='lat' dir='ltr'>principium</span> <span class='ocrx_word' id='word_1_271' title='bbox 2794 2051 3071 2107; x_wconf 84' lang='lat' dir='ltr'>extremis</span> <span class='ocrx_word' id='word_1_272' title='bbox 3116 2055 3430 2123; x_wconf 82' lang='lat' dir='ltr'>cognatum</span> <span class='ocrx_word' id='word_1_273' title='bbox 3471 2058 3581 2118; x_wconf 85' lang='lat' dir='ltr'>est,</span> 
     </span>
    </p>
   </div>
   <div class='ocr_carea' id='block_1_37' title="bbox 192 2136 1795 2217">
    <p class='ocr_par' dir='ltr' id='par_1_37' title="bbox 192 2136 1795 2217">
     <span class='ocr_line' id='line_1_37' title="bbox 192 2136 1795 2217; baseline 0.003 -29"><span class='ocrx_word' id='word_1_274' title='bbox 192 2140 338 2206; x_wconf 81' lang='grc' dir='ltr'>ζεται,</span> <span class='ocrx_word' id='word_1_275' title='bbox 367 2137 426 2191; x_wconf 82' lang='grc' dir='ltr'>τὸ</span> <span class='ocrx_word' id='word_1_276' title='bbox 458 2136 673 2202; x_wconf 79' lang='grc' dir='ltr'>πλῆθος</span> <span class='ocrx_word' id='word_1_277' title='bbox 706 2139 843 2213; x_wconf 84' lang='grc' dir='ltr'>πρὸς</span> <span class='ocrx_word' id='word_1_278' title='bbox 882 2138 943 2193; x_wconf 87' lang='grc' dir='ltr'>τὸ</span> <span class='ocrx_word' id='word_1_279' title='bbox 974 2137 1203 2208; x_wconf 78' lang='grc' dir='ltr'>πλῆθος,</span> <span class='ocrx_word' id='word_1_280' title='bbox 1236 2139 1326 2193; x_wconf 80' lang='grc' dir='ltr'>καὶ</span> <span class='ocrx_word' id='word_1_281' title='bbox 1370 2138 1691 2217; x_wconf 77' lang='grc' dir='ltr'>ὑπεμφαίνει</span> <span class='ocrx_word' id='word_1_282' title='bbox 1722 2140 1795 2194; x_wconf 68' lang='grc' dir='ltr'>τὸε</span> 
     </span>
    </p>
   </div>
   <div class='ocr_carea' id='block_1_38' title="bbox 1977 2136 3580 2217">
    <p class='ocr_par' dir='ltr' id='par_1_38' title="bbox 1977 2139 3580 2211">
     <span class='ocr_line' id='line_1_38' title="bbox 1977 2139 3580 2211; baseline 0.001 -16"><span class='ocrx_word' id='word_1_283' title='bbox 1977 2156 2273 2211; x_wconf 88' lang='lat' dir='ltr'>uanquam</span> <span class='ocrx_word' id='word_1_284' title='bbox 2304 2139 2699 2193; x_wconf 83' lang='lat' dir='ltr'>multitudinis</span> <span class='ocrx_word' id='word_1_285' title='bbox 2733 2139 3115 2211; x_wconf 86' lang='lat' dir='ltr'>principium,</span> <span class='ocrx_word' id='word_1_286' title='bbox 3154 2158 3269 2196; x_wconf 90' lang='lat' dir='ltr'>non</span> <span class='ocrx_word' id='word_1_287' title='bbox 3303 2141 3580 2197; x_wconf 85' lang='lat' dir='ltr'>multitu-</span> 
     </span>
    </p>
   </div>
   <div class='ocr_carea' id='block_1_39' title="bbox 188 2224 1791 2300">
    <p class='ocr_par' dir='ltr' id='par_1_39' title="bbox 188 2224 1296 2300">
     <span class='ocr_line' id='line_1_39' title="bbox 188 2224 1296 2300; baseline 0.005 -23"><span class='ocrx_word' id='word_1_288' title='bbox 188 2224 483 2299; x_wconf 84' lang='grc' dir='ltr'>τριπλάσιον</span> <span class='ocrx_word' id='word_1_289' title='bbox 514 2227 651 2280; x_wconf 78' lang='grc' dir='ltr'>κατά</span> <span class='ocrx_word' id='word_1_290' title='bbox 680 2226 823 2282; x_wconf 80' lang='grc' dir='ltr'>πολὺ</span> <span class='ocrx_word' id='word_1_291' title='bbox 856 2226 1296 2300; x_wconf 76' lang='grc' dir='ltr'>πληθυνόμενος.</span> 
     </span>
    </p>
   </div>
   <div class='ocr_carea' id='block_1_40' title="bbox 1970 2224 3573 2300">
    <p class='ocr_par' dir='ltr' id='par_1_40' title="bbox 1976 2227 3573 2299">
     <span class='ocr_line' id='line_1_40' title="bbox 1976 2227 3573 2299; baseline 0.001 -15"><span class='ocrx_word' id='word_1_292' title='bbox 1976 2247 2029 2293; x_wconf 91' lang='grc' dir='ltr'>ο,</span> <span class='ocrx_word' id='word_1_293' title='bbox 2056 2228 2315 2284; x_wconf 85' lang='lat' dir='ltr'>dualitas</span> <span class='ocrx_word' id='word_1_294' title='bbox 2336 2233 2463 2294; x_wconf 87' lang='lat' dir='ltr'>est;</span> <span class='ocrx_word' id='word_1_295' title='bbox 2498 2229 2600 2283; x_wconf 89' lang='lat' dir='ltr'>sed</span> <span class='ocrx_word' id='word_1_296' title='bbox 2634 2227 2821 2283; x_wconf 89' lang='lat' dir='ltr'>multa</span> <span class='ocrx_word' id='word_1_297' title='bbox 2846 2228 3087 2299; x_wconf 90' lang='lat' dir='ltr'>(habent</span> <span class='ocrx_word' id='word_1_298' title='bbox 3108 2229 3375 2298; x_wconf 46' lang='lat' dir='ltr'>inter,se</span> <span class='ocrx_word' id='word_1_299' title='bbox 3416 2246 3573 2286; x_wconf 88' lang='lat' dir='ltr'>com-</span> 
     </span>
    </p>
   </div>
   <div class='ocr_carea' id='block_1_41' title="bbox 193 2316 3575 2389">
    <p class='ocr_par' dir='ltr' id='par_1_41' title="bbox 193 2316 3575 2389">
     <span class='ocr_line' id='line_1_41' title="bbox 193 2316 3575 2389; baseline 0.001 -20"><span class='ocrx_word' id='word_1_300' title='bbox 193 2316 577 2388; x_wconf 86' lang='lat' dir='ltr'>parationem).</span> <span class='ocrx_word' id='word_1_301' title='bbox 611 2317 735 2380; x_wconf 88' lang='lat' dir='ltr'>Qua</span> <span class='ocrx_word' id='word_1_302' title='bbox 764 2334 834 2373; x_wconf 77' lang='lat' dir='ltr'>ex</span> <span class='ocrx_word' id='word_1_303' title='bbox 866 2334 926 2373; x_wconf 89' lang='lat' dir='ltr'>re</span> <span class='ocrx_word' id='word_1_304' title='bbox 959 2334 1241 2374; x_wconf 88' lang='lat' dir='ltr'>numerus</span> <span class='ocrx_word' id='word_1_305' title='bbox 1276 2319 1346 2374; x_wconf 88' lang='lat' dir='ltr'>IX</span> <span class='ocrx_word' id='word_1_306' title='bbox 1374 2336 1508 2375; x_wconf 90' lang='lat' dir='ltr'>cum</span> <span class='ocrx_word' id='word_1_307' title='bbox 1543 2322 1639 2387; x_wconf 93' lang='lat' dir='ltr'>IlI,</span> <span class='ocrx_word' id='word_1_308' title='bbox 1675 2324 1739 2375; x_wconf 90' lang='lat' dir='ltr'>ut</span> <span class='ocrx_word' id='word_1_309' title='bbox 1762 2319 2083 2375; x_wconf 88' lang='lat' dir='ltr'>multitudo</span> <span class='ocrx_word' id='word_1_310' title='bbox 2113 2334 2246 2373; x_wconf 89' lang='lat' dir='ltr'>cum</span> <span class='ocrx_word' id='word_1_311' title='bbox 2280 2316 2681 2385; x_wconf 89' lang='lat' dir='ltr'>multitudine,</span> <span class='ocrx_word' id='word_1_312' title='bbox 2716 2323 3090 2389; x_wconf 89' lang='lat' dir='ltr'>comparatur</span> <span class='ocrx_word' id='word_1_313' title='bbox 3120 2323 3178 2373; x_wconf 90' lang='lat' dir='ltr'>et</span> <span class='ocrx_word' id='word_1_314' title='bbox 3210 2318 3268 2372; x_wconf 92' lang='lat' dir='ltr'>in</span> <span class='ocrx_word' id='word_1_315' title='bbox 3302 2318 3575 2374; x_wconf 88' lang='lat' dir='ltr'>multitu-</span> 
     </span>
    </p>
   </div>
   <div class='ocr_carea' id='block_1_42' title="bbox 190 2404 1550 2479">
    <p class='ocr_par' dir='ltr' id='par_1_42' title="bbox 190 2404 1550 2479">
     <span class='ocr_line' id='line_1_42' title="bbox 190 2404 1550 2479; baseline 0.005 -22"><span class='ocrx_word' id='word_1_316' title='bbox 190 2404 364 2460; x_wconf 89' lang='lat' dir='ltr'>dinem</span> <span class='ocrx_word' id='word_1_317' title='bbox 390 2411 603 2461; x_wconf 86' lang='lat' dir='ltr'>auctus</span> <span class='ocrx_word' id='word_1_318' title='bbox 633 2405 875 2479; x_wconf 91' lang='lat' dir='ltr'>triplum</span> <span class='ocrx_word' id='word_1_319' title='bbox 907 2407 1270 2478; x_wconf 89' lang='lat' dir='ltr'>(numerum)</span> <span class='ocrx_word' id='word_1_320' title='bbox 1299 2410 1550 2465; x_wconf 84' lang='lat' dir='ltr'>exhibet.</span> 
     </span>
    </p>
   </div>
   <div class='ocr_carea' id='block_1_43' title="bbox 252 2492 1855 2569">
    <p class='ocr_par' dir='ltr' id='par_1_43' title="bbox 252 2492 1810 2569">
     <span class='ocr_line' id='line_1_43' title="bbox 252 2492 1810 2569; baseline 0.005 -25"><span class='ocrx_word' id='word_1_321' title='bbox 252 2498 324 2560; x_wconf 81' lang='grc' dir='ltr'>ιζ’·</span> <span class='ocrx_word' id='word_1_322' title='bbox 354 2494 414 2549; x_wconf 78' lang='grc' dir='ltr'>Ἠ</span> <span class='ocrx_word' id='word_1_323' title='bbox 444 2492 575 2564; x_wconf 76' lang='grc' dir='ltr'>ἓκτη</span> <span class='ocrx_word' id='word_1_324' title='bbox 630 2498 819 2569; x_wconf 86' lang='grc' dir='ltr'>μοῖρα,</span> <span class='ocrx_word' id='word_1_325' title='bbox 871 2493 1209 2550; x_wconf 78' lang='grc' dir='ltr'>ὀκταπλασία</span> <span class='ocrx_word' id='word_1_326' title='bbox 1255 2498 1356 2565; x_wconf 79' lang='grc' dir='ltr'>τῆς</span> <span class='ocrx_word' id='word_1_327' title='bbox 1396 2498 1621 2567; x_wconf 78' lang='grc' dir='ltr'>πρώτης</span> <span class='ocrx_word' id='word_1_328' title='bbox 1654 2496 1810 2565; x_wconf 76' lang='grc' dir='ltr'>οὖσα,</span> 
     </span>
    </p>
   </div>
   <div class='ocr_carea' id='block_1_44' title="bbox 1975 2492 3578 2569">
    <p class='ocr_par' dir='ltr' id='par_1_44' title="bbox 2000 2495 3578 2568">
     <span class='ocr_line' id='line_1_44' title="bbox 2000 2495 3578 2568; baseline 0.001 -16"><span class='ocrx_word' id='word_1_329' title='bbox 2000 2500 2082 2552; x_wconf 89' lang='grc'>17.</span> <span class='ocrx_word' id='word_1_330' title='bbox 2117 2498 2287 2552; x_wconf 84' lang='lat' dir='ltr'>Sexta</span> <span class='ocrx_word' id='word_1_331' title='bbox 2338 2513 2493 2568; x_wconf 92' lang='lat' dir='ltr'>pars,</span> <span class='ocrx_word' id='word_1_332' title='bbox 2545 2495 2735 2567; x_wconf 87' lang='lat' dir='ltr'>prima</span> <span class='ocrx_word' id='word_1_333' title='bbox 2784 2495 3042 2567; x_wconf 89' lang='lat' dir='ltr'>octupla,</span> <span class='ocrx_word' id='word_1_334' title='bbox 3088 2512 3224 2551; x_wconf 92' lang='lat' dir='ltr'>cum</span> <span class='ocrx_word' id='word_1_335' title='bbox 3273 2495 3434 2552; x_wconf 84' lang='lat' dir='ltr'>nulla</span> <span class='ocrx_word' id='word_1_336' title='bbox 3465 2496 3578 2553; x_wconf 87' lang='lat' dir='ltr'>alia</span> 
     </span>
    </p>
   </div>
   <div class='ocr_carea' id='block_1_45' title="bbox 184 2580 1787 2659">
    <p class='ocr_par' dir='ltr' id='par_1_45' title="bbox 184 2580 1785 2659">
     <span class='ocr_line' id='line_1_45' title="bbox 184 2580 1785 2659; baseline 0.004 -25"><span class='ocrx_word' id='word_1_337' title='bbox 184 2580 408 2655; x_wconf 74' lang='grc' dir='ltr'>καὶπρὸς</span> <span class='ocrx_word' id='word_1_338' title='bbox 440 2580 699 2655; x_wconf 73' lang='grc' dir='ltr'>οὐδεμίαν</span> <span class='ocrx_word' id='word_1_339' title='bbox 750 2582 931 2657; x_wconf 66' lang='grc' dir='ltr'>ἑτέραν</span> <span class='ocrx_word' id='word_1_340' title='bbox 982 2584 1081 2652; x_wconf 76' lang='grc' dir='ltr'>τὴν</span> <span class='ocrx_word' id='word_1_341' title='bbox 1136 2584 1320 2659; x_wconf 78' lang='grc' dir='ltr'>σχέσιν</span> <span class='ocrx_word' id='word_1_342' title='bbox 1376 2582 1598 2659; x_wconf 77' lang='grc' dir='ltr'>ἔχουσα,</span> <span class='ocrx_word' id='word_1_343' title='bbox 1648 2584 1785 2655; x_wconf 86' lang='grc' dir='ltr'>δηλο</span> 
     </span>
    </p>
   </div>
   <div class='ocr_carea' id='block_1_46' title="bbox 1975 2580 3578 2659">
    <p class='ocr_par' dir='ltr' id='par_1_46' title="bbox 1975 2585 3578 2655">
     <span class='ocr_line' id='line_1_46' title="bbox 1975 2585 3578 2655; baseline -0.001 -14"><span class='ocrx_word' id='word_1_344' title='bbox 1975 2586 2209 2641; x_wconf 70' lang='lat' dir='ltr'>itionem</span> <span class='ocrx_word' id='word_1_345' title='bbox 2228 2586 2470 2651; x_wconf 82' lang='lat' dir='ltr'>habens,</span> <span class='ocrx_word' id='word_1_346' title='bbox 2496 2601 2688 2640; x_wconf 89' lang='lat' dir='ltr'>rerum</span> <span class='ocrx_word' id='word_1_347' title='bbox 2716 2585 3109 2655; x_wconf 85' lang='lat' dir='ltr'>cognitionem</span> <span class='ocrx_word' id='word_1_348' title='bbox 3134 2585 3354 2639; x_wconf 86' lang='lat' dir='ltr'>indicat</span> <span class='ocrx_word' id='word_1_349' title='bbox 3376 2586 3446 2640; x_wconf 90' lang='lat' dir='ltr'>ad</span> <span class='ocrx_word' id='word_1_350' title='bbox 3464 2590 3578 2640; x_wconf 88' lang='lat' dir='ltr'>ter-</span> 
     </span>
    </p>
   </div>
   <div class='ocr_carea' id='block_1_47' title="bbox 185 2668 1788 2749">
    <p class='ocr_par' dir='ltr' id='par_1_47' title="bbox 185 2668 1788 2749">
     <span class='ocr_line' id='line_1_47' title="bbox 185 2668 1788 2749; baseline 0.004 -28"><span class='ocrx_word' id='word_1_351' title='bbox 185 2672 267 2737; x_wconf 72' lang='grc' dir='ltr'>τήν</span> <span class='ocrx_word' id='word_1_352' title='bbox 314 2670 396 2724; x_wconf 78' lang='grc' dir='ltr'>ἐπὶ</span> <span class='ocrx_word' id='word_1_353' title='bbox 448 2672 552 2739; x_wconf 73' lang='grc' dir='ltr'>τήν</span> <span class='ocrx_word' id='word_1_354' title='bbox 592 2670 781 2747; x_wconf 86' lang='grc' dir='ltr'>τρίτην</span> <span class='ocrx_word' id='word_1_355' title='bbox 834 2668 1107 2727; x_wconf 85' lang='grc' dir='ltr'>διάστασιν</span> <span class='ocrx_word' id='word_1_356' title='bbox 1162 2675 1273 2745; x_wconf 73' lang='grc'>(15)</span> <span class='ocrx_word' id='word_1_357' title='bbox 1322 2678 1428 2727; x_wconf 81' lang='grc' dir='ltr'>τῶν</span> <span class='ocrx_word' id='word_1_358' title='bbox 1476 2674 1788 2749; x_wconf 62' lang='grc' dir='ltr'>πραγμάτωτ</span> 
     </span>
    </p>
   </div>
   <div class='ocr_carea' id='block_1_48' title="bbox 1973 2668 3576 2749">
    <p class='ocr_par' dir='ltr' id='par_1_48' title="bbox 1973 2673 3576 2744">
     <span class='ocr_line' id='line_1_48' title="bbox 1973 2673 3576 2744; baseline 0 -15"><span class='ocrx_word' id='word_1_359' title='bbox 1973 2692 2065 2729; x_wconf 88' lang='lat' dir='ltr'>am</span> <span class='ocrx_word' id='word_1_360' title='bbox 2091 2674 2522 2729; x_wconf 90' lang='lat' dir='ltr'>dimensionem</span> <span class='ocrx_word' id='word_1_361' title='bbox 2547 2673 2989 2743; x_wconf 86' lang='lat' dir='ltr'>(progressam),</span> <span class='ocrx_word' id='word_1_362' title='bbox 3015 2674 3085 2726; x_wconf 88' lang='lat' dir='ltr'>ad</span> <span class='ocrx_word' id='word_1_363' title='bbox 3117 2674 3576 2744; x_wconf 88' lang='lat' dir='ltr'>protunditatem</span> 
     </span>
    </p>
   </div>
   <div class='ocr_carea' id='block_1_49' title="bbox 182 2758 1785 2836">
    <p class='ocr_par' dir='ltr' id='par_1_49' title="bbox 182 2758 1785 2836">
     <span class='ocr_line' id='line_1_49' title="bbox 182 2758 1785 2836; baseline 0.002 -24"><span class='ocrx_word' id='word_1_364' title='bbox 182 2763 378 2833; x_wconf 82' lang='grc' dir='ltr'>γνῶσιν,</span> <span class='ocrx_word' id='word_1_365' title='bbox 414 2758 675 2827; x_wconf 84' lang='grc' dir='ltr'>δηλονότι</span> <span class='ocrx_word' id='word_1_366' title='bbox 697 2762 795 2830; x_wconf 77' lang='grc' dir='ltr'>τήν</span> <span class='ocrx_word' id='word_1_367' title='bbox 829 2761 903 2822; x_wconf 82' lang='grc' dir='ltr'>εἷς</span> <span class='ocrx_word' id='word_1_368' title='bbox 938 2761 1155 2836; x_wconf 82' lang='grc' dir='ltr'>βάθοςῆ</span> <span class='ocrx_word' id='word_1_369' title='bbox 1189 2764 1371 2836; x_wconf 85' lang='grc' dir='ltr'>πάχος</span> <span class='ocrx_word' id='word_1_370' title='bbox 1400 2764 1433 2832; x_wconf 71' lang='grc' dir='ltr'><strong>ἢ</strong></span> <span class='ocrx_word' id='word_1_371' title='bbox 1468 2762 1728 2835; x_wconf 60' lang='grc' dir='ltr'>ὕψοςΛώι</span> <span class='ocrx_word' id='word_1_372' title='bbox 1749 2783 1785 2816; x_wconf 76' lang='grc' dir='ltr'>τ⁴</span> 
     </span>
    </p>
   </div>
   <div class='ocr_carea' id='block_1_50' title="bbox 1973 2758 3576 2836">
    <p class='ocr_par' dir='ltr' id='par_1_50' title="bbox 1973 2761 3576 2829">
     <span class='ocr_line' id='line_1_50' title="bbox 1973 2761 3576 2829; baseline 0.002 -14"><span class='ocrx_word' id='word_1_373' title='bbox 1973 2764 2190 2819; x_wconf 77' lang='lat' dir='ltr'>Idelicct</span> <span class='ocrx_word' id='word_1_374' title='bbox 2237 2762 2324 2817; x_wconf 90' lang='lat' dir='ltr'>vel</span> <span class='ocrx_word' id='word_1_375' title='bbox 2366 2761 2820 2817; x_wconf 84' lang='lat' dir='ltr'>crassitudinem</span> <span class='ocrx_word' id='word_1_376' title='bbox 2852 2762 2940 2817; x_wconf 88' lang='lat' dir='ltr'>vel</span> <span class='ocrx_word' id='word_1_377' title='bbox 2990 2761 3390 2818; x_wconf 89' lang='lat' dir='ltr'>altitudinem.</span> <span class='ocrx_word' id='word_1_378' title='bbox 3428 2765 3576 2829; x_wconf 89' lang='lat' dir='ltr'>Quo-</span> 
     </span>
    </p>
   </div>
   <div class='ocr_carea' id='block_1_51' title="bbox 185 2845 1788 2926">
    <p class='ocr_par' dir='ltr' id='par_1_51' title="bbox 185 2845 1786 2926">
     <span class='ocr_line' id='line_1_51' title="bbox 185 2845 1786 2926; baseline 0.002 -25"><span class='ocrx_word' id='word_1_379' title='bbox 185 2845 231 2901; x_wconf 76' lang='grc' dir='ltr'>δὲ</span> <span class='ocrx_word' id='word_1_380' title='bbox 259 2848 477 2923; x_wconf 74' lang='grc' dir='ltr'>ἄσχετος</span> <span class='ocrx_word' id='word_1_381' title='bbox 512 2848 646 2904; x_wconf 76' lang='grc' dir='ltr'>οὖσα</span> <span class='ocrx_word' id='word_1_382' title='bbox 698 2852 835 2923; x_wconf 83' lang='grc' dir='ltr'>πρὸς</span> <span class='ocrx_word' id='word_1_383' title='bbox 881 2852 977 2912; x_wconf 77' lang='grc' dir='ltr'>τὰς</span> <span class='ocrx_word' id='word_1_384' title='bbox 1022 2849 1217 2917; x_wconf 75' lang='grc' dir='ltr'>ἄλλας,</span> <span class='ocrx_word' id='word_1_385' title='bbox 1248 2855 1316 2924; x_wconf 76' lang='grc' dir='ltr'>τῇ</span> <span class='ocrx_word' id='word_1_386' title='bbox 1359 2850 1546 2926; x_wconf 80' lang='grc' dir='ltr'>πρώτῃ</span> <span class='ocrx_word' id='word_1_387' title='bbox 1577 2851 1786 2906; x_wconf 74' lang='grc' dir='ltr'>ἑνοῦται</span> 
     </span>
    </p>
   </div>
   <div class='ocr_carea' id='block_1_52' title="bbox 1975 2845 3578 2926">
    <p class='ocr_par' dir='ltr' id='par_1_52' title="bbox 1975 2850 3578 2922">
     <span class='ocr_line' id='line_1_52' title="bbox 1975 2850 3578 2922; baseline 0.001 -16"><span class='ocrx_word' id='word_1_388' title='bbox 1975 2854 2080 2907; x_wconf 64' lang='lat' dir='ltr'>iam</span> <span class='ocrx_word' id='word_1_389' title='bbox 2113 2857 2335 2921; x_wconf 86' lang='lat' dir='ltr'>autem,</span> <span class='ocrx_word' id='word_1_390' title='bbox 2361 2856 2562 2922; x_wconf 89' lang='lat' dir='ltr'>utpote</span> <span class='ocrx_word' id='word_1_391' title='bbox 2584 2851 2656 2904; x_wconf 88' lang='lat' dir='ltr'>ad</span> <span class='ocrx_word' id='word_1_392' title='bbox 2683 2850 2829 2905; x_wconf 88' lang='lat' dir='ltr'>alias</span> <span class='ocrx_word' id='word_1_393' title='bbox 2863 2850 3148 2906; x_wconf 87' lang='lat' dir='ltr'>rationem</span> <span class='ocrx_word' id='word_1_394' title='bbox 3183 2868 3297 2907; x_wconf 92' lang='lat' dir='ltr'>non</span> <span class='ocrx_word' id='word_1_395' title='bbox 3332 2851 3578 2920; x_wconf 87' lang='lat' dir='ltr'>habens,</span> 
     </span>
    </p>
   </div>
   <div class='ocr_carea' id='block_1_53' title="bbox 182 2933 1785 3011">
    <p class='ocr_par' dir='ltr' id='par_1_53' title="bbox 182 2933 1777 3011">
     <span class='ocr_line' id='line_1_53' title="bbox 182 2933 1777 3011; baseline 0.002 -21"><span class='ocrx_word' id='word_1_396' title='bbox 182 2936 311 3004; x_wconf 77' lang='grc' dir='ltr'>ἧὸτι</span> <span class='ocrx_word' id='word_1_397' title='bbox 341 2933 504 2999; x_wconf 68' lang='grc' dir='ltr'>κύϐος</span> <span class='ocrx_word' id='word_1_398' title='bbox 535 2935 607 2992; x_wconf 76' lang='grc' dir='ltr'>ὢν</span> <span class='ocrx_word' id='word_1_399' title='bbox 653 2938 726 3000; x_wconf 86' lang='grc' dir='ltr'>ὡς</span> <span class='ocrx_word' id='word_1_400' title='bbox 758 2940 785 2992; x_wconf 92' lang='lat'>6</span> <span class='ocrx_word' id='word_1_401' title='bbox 820 2941 935 3011; x_wconf 86' lang='grc' dir='ltr'>μετ’</span> <span class='ocrx_word' id='word_1_402' title='bbox 984 2940 1166 3007; x_wconf 83' lang='grc' dir='ltr'>αὐτὸν,</span> <span class='ocrx_word' id='word_1_403' title='bbox 1204 2940 1289 2994; x_wconf 87' lang='lat' dir='ltr'>xui</span> <span class='ocrx_word' id='word_1_404' title='bbox 1337 2940 1441 2993; x_wconf 83' lang='grc' dir='ltr'>ἀπὸ</span> <span class='ocrx_word' id='word_1_405' title='bbox 1480 2947 1578 3009; x_wconf 80' lang='grc' dir='ltr'>τῆς</span> <span class='ocrx_word' id='word_1_406' title='bbox 1613 2937 1777 2994; x_wconf 81' lang='grc' dir='ltr'>δυάδο</span> 
     </span>
    </p>
   </div>
   <div class='ocr_carea' id='block_1_54' title="bbox 1975 2933 3578 3011">
    <p class='ocr_par' dir='ltr' id='par_1_54' title="bbox 1975 2938 3578 3011">
     <span class='ocr_line' id='line_1_54' title="bbox 1975 2938 3578 3011; baseline 0.001 -17"><span class='ocrx_word' id='word_1_407' title='bbox 1975 2958 2054 2994; x_wconf 80' lang='lat' dir='ltr'>im</span> <span class='ocrx_word' id='word_1_408' title='bbox 2090 2940 2276 3011; x_wconf 89' lang='lat' dir='ltr'>prima</span> <span class='ocrx_word' id='word_1_409' title='bbox 2305 2938 2852 3009; x_wconf 86' lang='lat' dir='ltr'>conjungitur,quia</span> <span class='ocrx_word' id='word_1_410' title='bbox 2870 2939 3095 2994; x_wconf 90' lang='lat' dir='ltr'>scilicet</span> <span class='ocrx_word' id='word_1_411' title='bbox 3117 2941 3303 2996; x_wconf 91' lang='lat' dir='ltr'>cubus</span> <span class='ocrx_word' id='word_1_412' title='bbox 3326 2945 3433 3009; x_wconf 86' lang='lat' dir='ltr'>est,</span> <span class='ocrx_word' id='word_1_413' title='bbox 3459 2941 3578 2996; x_wconf 89' lang='lat' dir='ltr'>sic-</span> 
     </span>
    </p>
   </div>
   <div class='ocr_carea' id='block_1_55' title="bbox 181 3026 1784 3103">
    <p class='ocr_par' dir='ltr' id='par_1_55' title="bbox 181 3026 1783 3103">
     <span class='ocr_line' id='line_1_55' title="bbox 181 3026 1783 3103; baseline 0.002 -24"><span class='ocrx_word' id='word_1_414' title='bbox 181 3028 253 3079; x_wconf 80' lang='lat' dir='ltr'>xui</span> <span class='ocrx_word' id='word_1_415' title='bbox 286 3026 539 3103; x_wconf 72' lang='grc' dir='ltr'>τετράδος</span> <span class='ocrx_word' id='word_1_416' title='bbox 584 3028 872 3101; x_wconf 86' lang='grc' dir='ltr'>γινομένη,</span> <span class='ocrx_word' id='word_1_417' title='bbox 926 3026 1048 3083; x_wconf 72' lang='grc' dir='ltr'>οὔτε</span> <span class='ocrx_word' id='word_1_418' title='bbox 1092 3030 1228 3103; x_wconf 85' lang='grc' dir='ltr'>πρὸς</span> <span class='ocrx_word' id='word_1_419' title='bbox 1275 3027 1443 3097; x_wconf 66' lang='grc' dir='ltr'>αὐτὴν</span> <span class='ocrx_word' id='word_1_420' title='bbox 1490 3029 1581 3083; x_wconf 87' lang='grc' dir='ltr'>τὸν</span> <span class='ocrx_word' id='word_1_421' title='bbox 1624 3049 1783 3103; x_wconf 79' lang='grc' dir='ltr'>τετρά</span> 
     </span>
    </p>
   </div>
   <div class='ocr_carea' id='block_1_56' title="bbox 1970 3026 3573 3103">
    <p class='ocr_par' dir='ltr' id='par_1_56' title="bbox 1970 3029 3573 3100">
     <span class='ocr_line' id='line_1_56' title="bbox 1970 3029 3573 3100; baseline 0.001 -17"><span class='ocrx_word' id='word_1_422' title='bbox 1970 3034 1987 3083; x_wconf 86' lang='grc' dir='ltr'>ι</span> <span class='ocrx_word' id='word_1_423' title='bbox 2017 3029 2278 3100; x_wconf 83' lang='lat' dir='ltr'>proxime</span> <span class='ocrx_word' id='word_1_424' title='bbox 2321 3044 2601 3099; x_wconf 87' lang='lat' dir='ltr'>sequens,</span> <span class='ocrx_word' id='word_1_425' title='bbox 2626 3032 2681 3081; x_wconf 90' lang='lat' dir='ltr'>et</span> <span class='ocrx_word' id='word_1_426' title='bbox 2711 3044 2778 3081; x_wconf 85' lang='lat' dir='ltr'>ex</span> <span class='ocrx_word' id='word_1_427' title='bbox 2801 3044 3046 3084; x_wconf 91' lang='lat' dir='ltr'>numero</span> <span class='ocrx_word' id='word_1_428' title='bbox 3080 3030 3306 3084; x_wconf 88' lang='lat' dir='ltr'>binario</span> <span class='ocrx_word' id='word_1_429' title='bbox 3340 3034 3397 3084; x_wconf 92' lang='lat' dir='ltr'>et</span> <span class='ocrx_word' id='word_1_430' title='bbox 3425 3046 3573 3100; x_wconf 86' lang='lat' dir='ltr'>qua-</span> 
     </span>
    </p>
   </div>
   <div class='ocr_carea' id='block_1_57' title="bbox 180 3113 1783 3193">
    <p class='ocr_par' dir='ltr' id='par_1_57' title="bbox 180 3113 1783 3193">
     <span class='ocr_line' id='line_1_57' title="bbox 180 3113 1783 3193; baseline 0.002 -25"><span class='ocrx_word' id='word_1_431' title='bbox 180 3114 441 3187; x_wconf 82' lang='grc' dir='ltr'>πλασίονα,</span> <span class='ocrx_word' id='word_1_432' title='bbox 470 3113 595 3170; x_wconf 71' lang='grc' dir='ltr'>οὔτε</span> <span class='ocrx_word' id='word_1_433' title='bbox 624 3118 760 3191; x_wconf 84' lang='grc' dir='ltr'>πρὸς</span> <span class='ocrx_word' id='word_1_434' title='bbox 788 3119 886 3187; x_wconf 75' lang='grc' dir='ltr'>τήν</span> <span class='ocrx_word' id='word_1_435' title='bbox 922 3117 1101 3193; x_wconf 76' lang='grc' dir='ltr'>ἑτέραν</span> <span class='ocrx_word' id='word_1_436' title='bbox 1129 3118 1219 3172; x_wconf 69' lang='grc' dir='ltr'>τὸι</span> <span class='ocrx_word' id='word_1_437' title='bbox 1278 3114 1602 3172; x_wconf 84' lang='grc' dir='ltr'>διπλασίονα</span> <span class='ocrx_word' id='word_1_438' title='bbox 1631 3123 1783 3191; x_wconf 71' lang='grc' dir='ltr'>τηρεῖ</span> 
     </span>
    </p>
   </div>
   <div class='ocr_carea' id='block_1_58' title="bbox 1967 3113 3570 3193">
    <p class='ocr_par' dir='ltr' id='par_1_58' title="bbox 1967 3115 3570 3188">
     <span class='ocr_line' id='line_1_58' title="bbox 1967 3115 3570 3188; baseline 0.001 -16"><span class='ocrx_word' id='word_1_439' title='bbox 1967 3118 2173 3173; x_wconf 69' lang='lat' dir='ltr'>arnario</span> <span class='ocrx_word' id='word_1_440' title='bbox 2208 3118 2294 3185; x_wconf 79' lang='lat' dir='ltr'>fit,</span> <span class='ocrx_word' id='word_1_441' title='bbox 2328 3133 2517 3187; x_wconf 89' lang='lat' dir='ltr'>neque</span> <span class='ocrx_word' id='word_1_442' title='bbox 2556 3116 2627 3171; x_wconf 89' lang='lat' dir='ltr'>ad</span> <span class='ocrx_word' id='word_1_443' title='bbox 2662 3115 2829 3170; x_wconf 89' lang='lat' dir='ltr'>illum</span> <span class='ocrx_word' id='word_1_444' title='bbox 2853 3117 3247 3188; x_wconf 88' lang='lat' dir='ltr'>quadruplam</span> <span class='ocrx_word' id='word_1_445' title='bbox 3279 3117 3570 3173; x_wconf 87' lang='lat' dir='ltr'>rationem</span> 
     </span>
    </p>
   </div>
   <div class='ocr_carea' id='block_1_59' title="bbox 181 3202 1784 3282">
    <p class='ocr_par' dir='ltr' id='par_1_59' title="bbox 181 3202 1778 3282">
     <span class='ocr_line' id='line_1_59' title="bbox 181 3202 1778 3282; baseline 0.001 -25"><span class='ocrx_word' id='word_1_446' title='bbox 181 3202 307 3259; x_wconf 78' lang='grc' dir='ltr'>ἀλλὰ</span> <span class='ocrx_word' id='word_1_447' title='bbox 334 3206 418 3259; x_wconf 84' lang='grc' dir='ltr'>τὸν</span> <span class='ocrx_word' id='word_1_448' title='bbox 457 3205 591 3279; x_wconf 80' lang='grc' dir='ltr'>πρὸς</span> <span class='ocrx_word' id='word_1_449' title='bbox 620 3205 717 3274; x_wconf 77' lang='grc' dir='ltr'>τήν</span> <span class='ocrx_word' id='word_1_450' title='bbox 765 3207 989 3276; x_wconf 88' lang='grc' dir='ltr'>πρώτην</span> <span class='ocrx_word' id='word_1_451' title='bbox 1043 3204 1467 3271; x_wconf 77' lang='grc' dir='ltr'>ὀκταπλασίονα,</span> <span class='ocrx_word' id='word_1_452' title='bbox 1508 3207 1608 3273; x_wconf 72' lang='grc' dir='ltr'>τὴν</span> <span class='ocrx_word' id='word_1_453' title='bbox 1654 3227 1778 3282; x_wconf 84' lang='grc' dir='ltr'>περι</span> 
     </span>
    </p>
   </div>
   <div class='ocr_carea' id='block_1_60' title="bbox 1965 3202 3568 3282">
    <p class='ocr_par' dir='ltr' id='par_1_60' title="bbox 1965 3204 3568 3279">
     <span class='ocr_line' id='line_1_60' title="bbox 1965 3204 3568 3279; baseline 0 -18"><span class='ocrx_word' id='word_1_454' title='bbox 1965 3224 2111 3279; x_wconf 89' lang='lat' dir='ltr'>eque</span> <span class='ocrx_word' id='word_1_455' title='bbox 2142 3206 2212 3260; x_wconf 87' lang='lat' dir='ltr'>ad</span> <span class='ocrx_word' id='word_1_456' title='bbox 2237 3206 2392 3260; x_wconf 89' lang='lat' dir='ltr'>hunc</span> <span class='ocrx_word' id='word_1_457' title='bbox 2423 3204 2666 3276; x_wconf 91' lang='lat' dir='ltr'>duplam</span> <span class='ocrx_word' id='word_1_458' title='bbox 2699 3206 2989 3275; x_wconf 89' lang='lat' dir='ltr'>sequitur,</span> <span class='ocrx_word' id='word_1_459' title='bbox 3020 3206 3120 3260; x_wconf 87' lang='lat' dir='ltr'>sed</span> <span class='ocrx_word' id='word_1_460' title='bbox 3148 3221 3274 3260; x_wconf 89' lang='lat' dir='ltr'>eam</span> <span class='ocrx_word' id='word_1_461' title='bbox 3298 3210 3568 3275; x_wconf 90' lang='lat' dir='ltr'>(tuetur),</span> 
     </span>
    </p>
   </div>
   <div class='ocr_carea' id='block_1_61' title="bbox 181 3292 1784 3372">
    <p class='ocr_par' dir='ltr' id='par_1_61' title="bbox 181 3292 1784 3372">
     <span class='ocr_line' id='line_1_61' title="bbox 181 3292 1784 3372; baseline 0.002 -26"><span class='ocrx_word' id='word_1_462' title='bbox 181 3292 389 3367; x_wconf 71' lang='grc' dir='ltr'>ἔχουσαν</span> <span class='ocrx_word' id='word_1_463' title='bbox 448 3294 715 3355; x_wconf 75' lang='grc' dir='ltr'>κάκείνας.</span> <span class='ocrx_word' id='word_1_464' title='bbox 779 3295 1119 3372; x_wconf 74' lang='grc' dir='ltr'>Ἐπιστρέφει</span> <span class='ocrx_word' id='word_1_465' title='bbox 1178 3293 1235 3349; x_wconf 75' lang='grc' dir='ltr'>δὲ</span> <span class='ocrx_word' id='word_1_466' title='bbox 1293 3296 1319 3349; x_wconf 89' lang='lat'>6</span> <span class='ocrx_word' id='word_1_467' title='bbox 1376 3295 1539 3371; x_wconf 79' lang='grc' dir='ltr'>λόγος</span> <span class='ocrx_word' id='word_1_468' title='bbox 1605 3295 1693 3349; x_wconf 78' lang='grc' dir='ltr'>καὶ</span> <span class='ocrx_word' id='word_1_469' title='bbox 1745 3317 1784 3349; x_wconf 65' lang='grc' dir='ltr'>τι</span> 
     </span>
    </p>
   </div>
   <div class='ocr_carea' id='block_1_62' title="bbox 1969 3292 3572 3372">
    <p class='ocr_par' dir='ltr' id='par_1_62' title="bbox 1969 3293 3572 3366">
     <span class='ocr_line' id='line_1_62' title="bbox 1969 3293 3572 3366; baseline -0.001 -15"><span class='ocrx_word' id='word_1_470' title='bbox 1969 3313 2071 3363; x_wconf 67' lang='lat' dir='ltr'>uas,</span> <span class='ocrx_word' id='word_1_471' title='bbox 2099 3296 2293 3366; x_wconf 75' lang='lat' dir='ltr'>prima:</span> <span class='ocrx_word' id='word_1_472' title='bbox 2328 3293 2583 3364; x_wconf 90' lang='lat' dir='ltr'>octupla,</span> <span class='ocrx_word' id='word_1_473' title='bbox 2608 3293 2713 3347; x_wconf 87' lang='lat' dir='ltr'>has</span> <span class='ocrx_word' id='word_1_474' title='bbox 2747 3310 2981 3365; x_wconf 88' lang='lat' dir='ltr'>quoque</span> <span class='ocrx_word' id='word_1_475' title='bbox 3013 3295 3438 3365; x_wconf 89' lang='lat' dir='ltr'>complectitur.</span> <span class='ocrx_word' id='word_1_476' title='bbox 3466 3296 3572 3350; x_wconf 72' lang='grc' dir='ltr'>Ριιι-</span> 
     </span>
    </p>
   </div>
   <div class='ocr_carea' id='block_1_63' title="bbox 181 3380 1784 3458">
    <p class='ocr_par' dir='ltr' id='par_1_63' title="bbox 181 3380 1784 3458">
     <span class='ocr_line' id='line_1_63' title="bbox 181 3380 1784 3458; baseline 0.002 -23"><span class='ocrx_word' id='word_1_477' title='bbox 181 3380 362 3457; x_wconf 77' lang='grc' dir='ltr'>ἕσχατα</span> <span class='ocrx_word' id='word_1_478' title='bbox 417 3384 492 3447; x_wconf 67' lang='grc' dir='ltr'>εἷς</span> <span class='ocrx_word' id='word_1_479' title='bbox 548 3384 614 3438; x_wconf 75' lang='grc' dir='ltr'>τά</span> <span class='ocrx_word' id='word_1_480' title='bbox 661 3388 873 3458; x_wconf 81' lang='grc' dir='ltr'>πρῶτα,</span> <span class='ocrx_word' id='word_1_481' title='bbox 916 3382 1007 3438; x_wconf 78' lang='grc' dir='ltr'>’ἱνα</span> <span class='ocrx_word' id='word_1_482' title='bbox 1059 3386 1134 3456; x_wconf 76' lang='grc' dir='ltr'>μὴ</span> <span class='ocrx_word' id='word_1_483' title='bbox 1186 3382 1651 3458; x_wconf 71' lang='grc' dir='ltr'>ἀπεσχοινισμένα</span> <span class='ocrx_word' id='word_1_484' title='bbox 1710 3386 1784 3439; x_wconf 86' lang='grc' dir='ltr'>ώσ</span> 
     </span>
    </p>
   </div>
   <div class='ocr_carea' id='block_1_64' title="bbox 1968 3380 3571 3458">
    <p class='ocr_par' dir='ltr' id='par_1_64' title="bbox 1968 3382 3571 3455">
     <span class='ocr_line' id='line_1_64' title="bbox 1968 3382 3571 3455; baseline -0.001 -15"><span class='ocrx_word' id='word_1_485' title='bbox 1968 3404 1999 3441; x_wconf 96' lang='lat' dir='ltr'>o</span> <span class='ocrx_word' id='word_1_486' title='bbox 2032 3389 2224 3440; x_wconf 86' lang='lat' dir='ltr'>autem</span> <span class='ocrx_word' id='word_1_487' title='bbox 2249 3386 2321 3439; x_wconf 90' lang='lat' dir='ltr'>ad</span> <span class='ocrx_word' id='word_1_488' title='bbox 2346 3384 2537 3455; x_wconf 90' lang='lat' dir='ltr'>prima</span> <span class='ocrx_word' id='word_1_489' title='bbox 2562 3382 2801 3437; x_wconf 84' lang='lat' dir='ltr'>reflectit</span> <span class='ocrx_word' id='word_1_490' title='bbox 2822 3388 3100 3450; x_wconf 83' lang='lat' dir='ltr'>extrema,</span> <span class='ocrx_word' id='word_1_491' title='bbox 3136 3400 3208 3439; x_wconf 90' lang='lat' dir='ltr'>ne</span> <span class='ocrx_word' id='word_1_492' title='bbox 3240 3401 3480 3455; x_wconf 88' lang='lat' dir='ltr'>prorsus</span> <span class='ocrx_word' id='word_1_493' title='bbox 3499 3385 3571 3439; x_wconf 87' lang='lat' dir='ltr'>ab</span> 
     </span>
    </p>
   </div>
   <div class='ocr_carea' id='block_1_65' title="bbox 178 3471 1781 3548">
    <p class='ocr_par' dir='ltr' id='par_1_65' title="bbox 178 3471 1775 3548">
     <span class='ocr_line' id='line_1_65' title="bbox 178 3471 1775 3548; baseline 0.002 -24"><span class='ocrx_word' id='word_1_494' title='bbox 178 3471 357 3533; x_wconf 75' lang='grc' dir='ltr'>τελέως</span> <span class='ocrx_word' id='word_1_495' title='bbox 386 3478 482 3527; x_wconf 73' lang='grc' dir='ltr'>τοῦ</span> <span class='ocrx_word' id='word_1_496' title='bbox 514 3474 758 3547; x_wconf 72' lang='grc' dir='ltr'>πρώτου,</span> <span class='ocrx_word' id='word_1_497' title='bbox 785 3472 912 3528; x_wconf 81' lang='grc' dir='ltr'>ἀλλ’</span> <span class='ocrx_word' id='word_1_498' title='bbox 955 3474 1096 3545; x_wconf 74' lang='grc' dir='ltr'>ὁμοῦ</span> <span class='ocrx_word' id='word_1_499' title='bbox 1141 3478 1237 3528; x_wconf 70' lang='grc' dir='ltr'>τοῦ</span> <span class='ocrx_word' id='word_1_500' title='bbox 1267 3479 1511 3547; x_wconf 73' lang='grc' dir='ltr'>γνωστοῦ</span> <span class='ocrx_word' id='word_1_501' title='bbox 1543 3476 1577 3543; x_wconf 76' lang='grc' dir='ltr'>ἡ</span> <span class='ocrx_word' id='word_1_502' title='bbox 1606 3478 1775 3548; x_wconf 82' lang='grc' dir='ltr'>γνῶσι</span> 
     </span>
    </p>
   </div>
   <div class='ocr_carea' id='block_1_66' title="bbox 1966 3471 3569 3548">
    <p class='ocr_par' dir='ltr' id='par_1_66' title="bbox 1966 3471 3569 3544">
     <span class='ocr_line' id='line_1_66' title="bbox 1966 3471 3569 3544; baseline -0.002 -14"><span class='ocrx_word' id='word_1_503' title='bbox 1966 3492 2038 3530; x_wconf 92' lang='lat' dir='ltr'>no</span> <span class='ocrx_word' id='word_1_504' title='bbox 2071 3475 2336 3544; x_wconf 89' lang='lat' dir='ltr'>sejuncta</span> <span class='ocrx_word' id='word_1_505' title='bbox 2366 3473 2505 3541; x_wconf 89' lang='lat' dir='ltr'>sint,</span> <span class='ocrx_word' id='word_1_506' title='bbox 2549 3472 2672 3540; x_wconf 85' lang='lat' dir='ltr'>sed,</span> <span class='ocrx_word' id='word_1_507' title='bbox 2735 3472 2967 3526; x_wconf 87' lang='lat' dir='ltr'>etiamsi</span> <span class='ocrx_word' id='word_1_508' title='bbox 3025 3471 3189 3527; x_wconf 88' lang='lat' dir='ltr'>varia</span> <span class='ocrx_word' id='word_1_509' title='bbox 3238 3473 3333 3539; x_wconf 84' lang='lat' dir='ltr'>sit,</span> <span class='ocrx_word' id='word_1_510' title='bbox 3386 3490 3569 3527; x_wconf 90' lang='lat' dir='ltr'>unum</span> 
     </span>
    </p>
   </div>
   <div class='ocr_carea' id='block_1_67' title="bbox 182 3556 1785 3637">
    <p class='ocr_par' dir='ltr' id='par_1_67' title="bbox 182 3556 1779 3637">
     <span class='ocr_line' id='line_1_67' title="bbox 182 3556 1779 3637; baseline 0.003 -26"><span class='ocrx_word' id='word_1_511' title='bbox 182 3556 657 3634; x_wconf 76' lang='grc' dir='ltr'>ἂντιλαμϐάνηται,</span> <span class='ocrx_word' id='word_1_512' title='bbox 690 3561 736 3615; x_wconf 80' lang='grc' dir='ltr'><strong>εἰ</strong></span> <span class='ocrx_word' id='word_1_513' title='bbox 786 3561 875 3614; x_wconf 88' lang='lat' dir='ltr'>xui</span> <span class='ocrx_word' id='word_1_514' title='bbox 906 3561 1157 3623; x_wconf 80' lang='grc' dir='ltr'>ποικίλος</span> <span class='ocrx_word' id='word_1_515' title='bbox 1191 3562 1353 3616; x_wconf 81' lang='grc' dir='ltr'>ἐστίν’</span> <span class='ocrx_word' id='word_1_516' title='bbox 1390 3563 1418 3616; x_wconf 92' lang='grc' dir='ltr'>ὁ</span> <span class='ocrx_word' id='word_1_517' title='bbox 1447 3561 1545 3635; x_wconf 76' lang='grc' dir='ltr'>γάρ</span> <span class='ocrx_word' id='word_1_518' title='bbox 1580 3562 1779 3637; x_wconf 80' lang='grc' dir='ltr'>ἀριθμὸ</span> 
     </span>
    </p>
   </div>
   <div class='ocr_carea' id='block_1_68' title="bbox 1969 3556 3572 3637">
    <p class='ocr_par' dir='ltr' id='par_1_68' title="bbox 1969 3560 3572 3631">
     <span class='ocr_line' id='line_1_68' title="bbox 1969 3560 3572 3631; baseline 0 -14"><span class='ocrx_word' id='word_1_519' title='bbox 1969 3563 2089 3618; x_wconf 86' lang='lat' dir='ltr'>uasi</span> <span class='ocrx_word' id='word_1_520' title='bbox 2112 3563 2169 3617; x_wconf 89' lang='lat' dir='ltr'>in</span> <span class='ocrx_word' id='word_1_521' title='bbox 2202 3562 2394 3617; x_wconf 92' lang='lat' dir='ltr'>locum</span> <span class='ocrx_word' id='word_1_522' title='bbox 2428 3560 2735 3616; x_wconf 87' lang='lat' dir='ltr'>scientiam</span> <span class='ocrx_word' id='word_1_523' title='bbox 2764 3560 3233 3631; x_wconf 90' lang='lat' dir='ltr'>comprehendit.</span> <span class='ocrx_word' id='word_1_524' title='bbox 3278 3561 3572 3617; x_wconf 86' lang='lat' dir='ltr'>Numerus</span> 
     </span>
    </p>
   </div>
   <div class='ocr_carea' id='block_1_69' title="bbox 183 3647 1786 3725">
    <p class='ocr_par' dir='ltr' id='par_1_69' title="bbox 183 3647 1782 3725">
     <span class='ocr_line' id='line_1_69' title="bbox 183 3647 1782 3725; baseline 0.001 -23"><span class='ocrx_word' id='word_1_525' title='bbox 183 3655 376 3723; x_wconf 80' lang='grc' dir='ltr'>πρῶτος</span> <span class='ocrx_word' id='word_1_526' title='bbox 440 3650 657 3725; x_wconf 81' lang='grc' dir='ltr'>στερεὸς</span> <span class='ocrx_word' id='word_1_527' title='bbox 722 3649 811 3704; x_wconf 83' lang='grc' dir='ltr'>καὶ</span> <span class='ocrx_word' id='word_1_528' title='bbox 892 3653 1109 3724; x_wconf 83' lang='grc' dir='ltr'>πρῶτος</span> <span class='ocrx_word' id='word_1_529' title='bbox 1178 3651 1355 3712; x_wconf 79' lang='grc' dir='ltr'>ἱσάκις</span> <span class='ocrx_word' id='word_1_530' title='bbox 1426 3647 1538 3711; x_wconf 71' lang='grc' dir='ltr'>ξ’σος</span> <span class='ocrx_word' id='word_1_531' title='bbox 1609 3649 1782 3711; x_wconf 77' lang='grc' dir='ltr'>ἰσάκις</span> 
     </span>
    </p>
   </div>
   <div class='ocr_carea' id='block_1_70' title="bbox 1967 3647 3570 3725">
    <p class='ocr_par' dir='ltr' id='par_1_70' title="bbox 1967 3648 3570 3723">
     <span class='ocr_line' id='line_1_70' title="bbox 1967 3648 3570 3723; baseline -0.001 -17"><span class='ocrx_word' id='word_1_532' title='bbox 1967 3652 2071 3707; x_wconf 76' lang='lat' dir='ltr'>iim</span> <span class='ocrx_word' id='word_1_533' title='bbox 2090 3652 2263 3723; x_wconf 84' lang='lat' dir='ltr'>(ejus)</span> <span class='ocrx_word' id='word_1_534' title='bbox 2289 3649 2515 3706; x_wconf 88' lang='lat' dir='ltr'>solidus</span> <span class='ocrx_word' id='word_1_535' title='bbox 2542 3648 2767 3721; x_wconf 90' lang='lat' dir='ltr'>primus</span> <span class='ocrx_word' id='word_1_536' title='bbox 2793 3650 2991 3719; x_wconf 86' lang='lat' dir='ltr'>(est)et</span> <span class='ocrx_word' id='word_1_537' title='bbox 3012 3648 3570 3722; x_wconf 71' lang='lat' dir='ltr'>aequaliterazqualis</span> 
     </span>
    </p>
   </div>
   <div class='ocr_carea' id='block_1_71' title="bbox 182 3736 1785 3813">
    <p class='ocr_par' dir='ltr' id='par_1_71' title="bbox 182 3736 1781 3813">
     <span class='ocr_line' id='line_1_71' title="bbox 182 3736 1781 3813; baseline 0.001 -21"><span class='ocrx_word' id='word_1_538' title='bbox 182 3738 257 3791; x_wconf 80' lang='lat' dir='ltr'>xui</span> <span class='ocrx_word' id='word_1_539' title='bbox 286 3736 368 3793; x_wconf 77' lang='grc' dir='ltr'>διά</span> <span class='ocrx_word' id='word_1_540' title='bbox 394 3744 558 3793; x_wconf 71' lang='grc' dir='ltr'>τοῦτο</span> <span class='ocrx_word' id='word_1_541' title='bbox 589 3740 662 3801; x_wconf 82' lang='grc' dir='ltr'>ὡς</span> <span class='ocrx_word' id='word_1_542' title='bbox 694 3743 911 3813; x_wconf 82' lang='grc' dir='ltr'>πρῶτος</span> <span class='ocrx_word' id='word_1_543' title='bbox 938 3744 1018 3810; x_wconf 76' lang='grc' dir='ltr'>τῷ</span> <span class='ocrx_word' id='word_1_544' title='bbox 1048 3738 1123 3792; x_wconf 83' lang='grc' dir='ltr'>ἐνὶ</span> <span class='ocrx_word' id='word_1_545' title='bbox 1168 3738 1509 3808; x_wconf 74' lang='grc' dir='ltr'>συνάπτεται,</span> <span class='ocrx_word' id='word_1_546' title='bbox 1544 3736 1781 3809; x_wconf 81' lang='grc' dir='ltr'>δηλονότ</span> 
     </span>
    </p>
   </div>
   <div class='ocr_carea' id='block_1_72' title="bbox 1968 3736 3571 3813">
    <p class='ocr_par' dir='ltr' id='par_1_72' title="bbox 1968 3739 3571 3813">
     <span class='ocr_line' id='line_1_72' title="bbox 1968 3739 3571 3813; baseline 0 -18"><span class='ocrx_word' id='word_1_547' title='bbox 1968 3740 2238 3813; x_wconf 90' lang='lat' dir='ltr'>qualiter,</span> <span class='ocrx_word' id='word_1_548' title='bbox 2297 3740 2703 3808; x_wconf 86' lang='lat' dir='ltr'>quamobrem,</span> <span class='ocrx_word' id='word_1_549' title='bbox 2757 3744 2821 3792; x_wconf 93' lang='lat' dir='ltr'>ut</span> <span class='ocrx_word' id='word_1_550' title='bbox 2883 3754 3016 3793; x_wconf 91' lang='lat' dir='ltr'>cum</span> <span class='ocrx_word' id='word_1_551' title='bbox 3052 3755 3167 3793; x_wconf 93' lang='lat' dir='ltr'>uno</span> <span class='ocrx_word' id='word_1_552' title='bbox 3200 3739 3571 3795; x_wconf 89' lang='lat' dir='ltr'>connectitur</span> 
     </span>
    </p>
   </div>
   <div class='ocr_carea' id='block_1_73' title="bbox 182 3822 1785 3903">
    <p class='ocr_par' dir='ltr' id='par_1_73' title="bbox 182 3822 1500 3903">
     <span class='ocr_line' id='line_1_73' title="bbox 182 3822 1500 3903; baseline 0.002 -22"><span class='ocrx_word' id='word_1_553' title='bbox 182 3831 238 3900; x_wconf 75' lang='grc' dir='ltr'>τῇ</span> <span class='ocrx_word' id='word_1_554' title='bbox 266 3829 447 3903; x_wconf 73' lang='grc' dir='ltr'>πρώτῃ</span> <span class='ocrx_word' id='word_1_555' title='bbox 486 3827 673 3902; x_wconf 79' lang='grc' dir='ltr'>μοίρᾳ,</span> <span class='ocrx_word' id='word_1_556' title='bbox 706 3827 900 3883; x_wconf 76' lang='grc' dir='ltr'>ἐκεῖθεν</span> <span class='ocrx_word' id='word_1_557' title='bbox 925 3822 1069 3903; x_wconf 75' lang='grc' dir='ltr'>ἔχων</span> <span class='ocrx_word' id='word_1_558' title='bbox 1096 3830 1195 3897; x_wconf 73' lang='grc' dir='ltr'>τὴν</span> <span class='ocrx_word' id='word_1_559' title='bbox 1229 3827 1500 3883; x_wconf 77' lang='grc' dir='ltr'>σύστασιν.</span> 
     </span>
    </p>
   </div>
   <div class='ocr_carea' id='block_1_74' title="bbox 1964 3822 3567 3903">
    <p class='ocr_par' dir='ltr' id='par_1_74' title="bbox 1964 3826 3567 3900">
     <span class='ocr_line' id='line_1_74' title="bbox 1964 3826 3567 3900; baseline 0.001 -17"><span class='ocrx_word' id='word_1_560' title='bbox 1964 3832 2168 3896; x_wconf 88' lang='lat' dir='ltr'>rimus,</span> <span class='ocrx_word' id='word_1_561' title='bbox 2220 3828 2322 3899; x_wconf 89' lang='lat' dir='ltr'>(sic</span> <span class='ocrx_word' id='word_1_562' title='bbox 2374 3827 2492 3900; x_wconf 90' lang='lat' dir='ltr'>ille)</span> <span class='ocrx_word' id='word_1_563' title='bbox 2526 3845 2657 3883; x_wconf 89' lang='lat' dir='ltr'>cum</span> <span class='ocrx_word' id='word_1_564' title='bbox 2693 3827 2886 3899; x_wconf 89' lang='lat' dir='ltr'>prima</span> <span class='ocrx_word' id='word_1_565' title='bbox 2915 3826 3142 3882; x_wconf 87' lang='lat' dir='ltr'>scilicet</span> <span class='ocrx_word' id='word_1_566' title='bbox 3185 3832 3365 3899; x_wconf 88' lang='lat' dir='ltr'>parte,</span> <span class='ocrx_word' id='word_1_567' title='bbox 3414 3830 3567 3884; x_wconf 89' lang='lat' dir='ltr'>unde</span> 
     </span>
    </p>
   </div>
   <div class='ocr_carea' id='block_1_75' title="bbox 1914 3916 2828 3975">
    <p class='ocr_par' dir='ltr' id='par_1_75' title="bbox 1914 3916 2828 3975">
     <span class='ocr_line' id='line_1_75' title="bbox 1914 3916 2828 3975; baseline -0.002 -1"><span class='ocrx_word' id='word_1_568' title='bbox 1914 3920 2395 3975; x_wconf 80' lang='lat' dir='ltr'>constitutionem</span> <span class='ocrx_word' id='word_1_569' title='bbox 2430 3934 2598 3973; x_wconf 89' lang='lat' dir='ltr'>suam</span> <span class='ocrx_word' id='word_1_570' title='bbox 2633 3916 2828 3972; x_wconf 87' lang='lat' dir='ltr'>habet.</span> 
     </span>
    </p>
   </div>
   <div class='ocr_carea' id='block_1_76' title="bbox 242 4000 1845 4082">
    <p class='ocr_par' dir='ltr' id='par_1_76' title="bbox 242 4000 1803 4082">
     <span class='ocr_line' id='line_1_76' title="bbox 242 4000 1803 4082; baseline 0.001 -23"><span class='ocrx_word' id='word_1_571' title='bbox 242 4008 322 4076; x_wconf 87' lang='grc' dir='ltr'>ιη’.</span> <span class='ocrx_word' id='word_1_572' title='bbox 353 4009 415 4063; x_wconf 78' lang='grc' dir='ltr'>ἸΙ</span> <span class='ocrx_word' id='word_1_573' title='bbox 447 4004 505 4061; x_wconf 72' lang='grc' dir='ltr'>δὲ</span> <span class='ocrx_word' id='word_1_574' title='bbox 552 4000 759 4078; x_wconf 74' lang='grc' dir='ltr'>ἑϐδόμη</span> <span class='ocrx_word' id='word_1_575' title='bbox 810 4011 998 4082; x_wconf 84' lang='grc' dir='ltr'>μοῖρα,</span> <span class='ocrx_word' id='word_1_576' title='bbox 1047 4004 1657 4061; x_wconf 73' lang='grc' dir='ltr'>ἐπτακαιεικοσιπλασέα</span> <span class='ocrx_word' id='word_1_577' title='bbox 1702 4012 1803 4075; x_wconf 77' lang='grc' dir='ltr'>τῆς</span> 
     </span>
    </p>
   </div>
   <div class='ocr_carea' id='block_1_77' title="bbox 1963 4000 3566 4082">
    <p class='ocr_par' dir='ltr' id='par_1_77' title="bbox 1988 4004 3566 4079">
     <span class='ocr_line' id='line_1_77' title="bbox 1988 4004 3566 4079; baseline 0 -17"><span class='ocrx_word' id='word_1_578' title='bbox 1988 4009 2069 4062; x_wconf 89' lang='grc'>18.</span> <span class='ocrx_word' id='word_1_579' title='bbox 2105 4007 2367 4079; x_wconf 87' lang='lat' dir='ltr'>Septima</span> <span class='ocrx_word' id='word_1_580' title='bbox 2399 4023 2558 4078; x_wconf 90' lang='lat' dir='ltr'>pars,</span> <span class='ocrx_word' id='word_1_581' title='bbox 2584 4022 2710 4076; x_wconf 58' lang='lat' dir='ltr'>qua:</span> <span class='ocrx_word' id='word_1_582' title='bbox 2735 4008 2960 4076; x_wconf 88' lang='lat' dir='ltr'>septem</span> <span class='ocrx_word' id='word_1_583' title='bbox 2989 4007 3046 4060; x_wconf 88' lang='lat' dir='ltr'>et</span> <span class='ocrx_word' id='word_1_584' title='bbox 3066 4004 3270 4077; x_wconf 88' lang='lat' dir='ltr'>viginti</span> <span class='ocrx_word' id='word_1_585' title='bbox 3300 4006 3566 4077; x_wconf 91' lang='lat' dir='ltr'>partibus</span> 
     </span>
    </p>
   </div>
   <div class='ocr_carea' id='block_1_78' title="bbox 179 4089 1782 4171">
    <p class='ocr_par' dir='ltr' id='par_1_78' title="bbox 179 4089 1782 4171">
     <span class='ocr_line' id='line_1_78' title="bbox 179 4089 1782 4171; baseline 0.001 -24"><span class='ocrx_word' id='word_1_586' title='bbox 179 4095 377 4169; x_wconf 87' lang='grc' dir='ltr'>πρώτης</span> <span class='ocrx_word' id='word_1_587' title='bbox 403 4095 539 4151; x_wconf 77' lang='grc' dir='ltr'>οὖσα</span> <span class='ocrx_word' id='word_1_588' title='bbox 568 4095 659 4150; x_wconf 82' lang='grc' dir='ltr'>καὶ</span> <span class='ocrx_word' id='word_1_589' title='bbox 703 4093 948 4171; x_wconf 73' lang='grc' dir='ltr'>δεύτερος</span> <span class='ocrx_word' id='word_1_590' title='bbox 1001 4089 1166 4156; x_wconf 75' lang='grc' dir='ltr'>κύϐος</span> <span class='ocrx_word' id='word_1_591' title='bbox 1209 4092 1342 4148; x_wconf 70' lang='grc' dir='ltr'>οὖσα</span> <span class='ocrx_word' id='word_1_592' title='bbox 1391 4095 1604 4169; x_wconf 82' lang='grc' dir='ltr'>στερεὸς</span> <span class='ocrx_word' id='word_1_593' title='bbox 1634 4098 1782 4149; x_wconf 71' lang='grc' dir='ltr'>ταῦτξ</span> 
     </span>
    </p>
   </div>
   <div class='ocr_carea' id='block_1_79' title="bbox 1959 4089 3562 4171">
    <p class='ocr_par' dir='ltr' id='par_1_79' title="bbox 1959 4094 3562 4167">
     <span class='ocr_line' id='line_1_79' title="bbox 1959 4094 3562 4167; baseline -0.001 -17"><span class='ocrx_word' id='word_1_594' title='bbox 1959 4097 2163 4151; x_wconf 88' lang='lat' dir='ltr'>rimam</span> <span class='ocrx_word' id='word_1_595' title='bbox 2212 4100 2473 4167; x_wconf 66' lang='lat' dir='ltr'>praestat,</span> <span class='ocrx_word' id='word_1_596' title='bbox 2523 4110 2770 4167; x_wconf 71' lang='lat' dir='ltr'>quaeque</span> <span class='ocrx_word' id='word_1_597' title='bbox 2812 4094 2958 4148; x_wconf 87' lang='lat' dir='ltr'>alter</span> <span class='ocrx_word' id='word_1_598' title='bbox 2980 4094 3166 4149; x_wconf 88' lang='lat' dir='ltr'>cubus</span> <span class='ocrx_word' id='word_1_599' title='bbox 3198 4094 3422 4149; x_wconf 86' lang='lat' dir='ltr'>solidus</span> <span class='ocrx_word' id='word_1_600' title='bbox 3454 4101 3562 4161; x_wconf 87' lang='lat' dir='ltr'>est,</span> 
     </span>
    </p>
   </div>
   <div class='ocr_carea' id='block_1_80' title="bbox 178 4182 1781 4261">
    <p class='ocr_par' dir='ltr' id='par_1_80' title="bbox 178 4182 1781 4261">
     <span class='ocr_line' id='line_1_80' title="bbox 178 4182 1781 4261; baseline 0 -24"><span class='ocrx_word' id='word_1_601' title='bbox 178 4188 241 4255; x_wconf 80' lang='grc' dir='ltr'>τῷ</span> <span class='ocrx_word' id='word_1_602' title='bbox 293 4186 393 4261; x_wconf 83' lang='grc' dir='ltr'>πρὸ</span> <span class='ocrx_word' id='word_1_603' title='bbox 448 4186 647 4240; x_wconf 75' lang='grc' dir='ltr'>τούτου</span> <span class='ocrx_word' id='word_1_604' title='bbox 706 4184 954 4255; x_wconf 85' lang='grc' dir='ltr'>πέπονθε,</span> <span class='ocrx_word' id='word_1_605' title='bbox 1004 4184 1095 4238; x_wconf 85' lang='grc' dir='ltr'>καὶ</span> <span class='ocrx_word' id='word_1_606' title='bbox 1153 4185 1215 4238; x_wconf 86' lang='grc' dir='ltr'>τὸ</span> <span class='ocrx_word' id='word_1_607' title='bbox 1272 4182 1488 4253; x_wconf 78' lang='grc' dir='ltr'>πλῆθος</span> <span class='ocrx_word' id='word_1_608' title='bbox 1547 4184 1640 4256; x_wconf 73' lang='grc' dir='ltr'>μὲν</span> <span class='ocrx_word' id='word_1_609' title='bbox 1690 4187 1781 4238; x_wconf 55' lang='grc' dir='ltr'>τῶι</span> 
     </span>
    </p>
   </div>
   <div class='ocr_carea' id='block_1_81' title="bbox 1957 4182 3560 4261">
    <p class='ocr_par' dir='ltr' id='par_1_81' title="bbox 1957 4182 3560 4255">
     <span class='ocr_line' id='line_1_81' title="bbox 1957 4182 3560 4255; baseline -0.002 -15"><span class='ocrx_word' id='word_1_610' title='bbox 1957 4186 2112 4240; x_wconf 64' lang='lat' dir='ltr'>idem</span> <span class='ocrx_word' id='word_1_611' title='bbox 2144 4186 2336 4249; x_wconf 92' lang='lat' dir='ltr'>modo,</span> <span class='ocrx_word' id='word_1_612' title='bbox 2369 4200 2484 4255; x_wconf 94' lang='lat' dir='ltr'>quo</span> <span class='ocrx_word' id='word_1_613' title='bbox 2508 4182 2793 4255; x_wconf 83' lang='lat' dir='ltr'>proxima,</span> <span class='ocrx_word' id='word_1_614' title='bbox 2819 4186 2909 4237; x_wconf 92' lang='lat' dir='ltr'>est</span> <span class='ocrx_word' id='word_1_615' title='bbox 2940 4183 3166 4248; x_wconf 73' lang='lat' dir='ltr'>affecta,</span> <span class='ocrx_word' id='word_1_616' title='bbox 3199 4186 3256 4236; x_wconf 90' lang='lat' dir='ltr'>et</span> <span class='ocrx_word' id='word_1_617' title='bbox 3288 4182 3560 4237; x_wconf 89' lang='lat' dir='ltr'>multitu-</span> 
     </span>
    </p>
   </div>
   <div class='ocr_carea' id='block_1_82' title="bbox 176 4266 1779 4345">
    <p class='ocr_par' dir='ltr' id='par_1_82' title="bbox 176 4266 1779 4345">
     <span class='ocr_line' id='line_1_82' title="bbox 176 4266 1779 4345; baseline -0.001 -19"><span class='ocrx_word' id='word_1_618' title='bbox 176 4274 404 4345; x_wconf 81' lang='grc' dir='ltr'>γνώσεων</span> <span class='ocrx_word' id='word_1_619' title='bbox 463 4274 556 4329; x_wconf 80' lang='grc' dir='ltr'>καὶ</span> <span class='ocrx_word' id='word_1_620' title='bbox 626 4275 727 4342; x_wconf 81' lang='grc' dir='ltr'>τήν</span> <span class='ocrx_word' id='word_1_621' title='bbox 785 4272 861 4336; x_wconf 75' lang='grc' dir='ltr'>εἷς</span> <span class='ocrx_word' id='word_1_622' title='bbox 931 4277 1076 4345; x_wconf 82' lang='grc' dir='ltr'>τρεῖς</span> <span class='ocrx_word' id='word_1_623' title='bbox 1154 4270 1455 4334; x_wconf 72' lang='grc' dir='ltr'>διαστάσεις</span> <span class='ocrx_word' id='word_1_624' title='bbox 1531 4266 1779 4341; x_wconf 64' lang='grc' dir='ltr'>ἐπιϐολὴ</span> 
     </span>
    </p>
   </div>
   <div class='ocr_carea' id='block_1_83' title="bbox 1955 4266 3558 4345">
    <p class='ocr_par' dir='ltr' id='par_1_83' title="bbox 1955 4268 3558 4345">
     <span class='ocr_line' id='line_1_83' title="bbox 1955 4268 3558 4345; baseline -0.002 -16"><span class='ocrx_word' id='word_1_625' title='bbox 1955 4275 2106 4329; x_wconf 91' lang='lat' dir='ltr'>inem</span> <span class='ocrx_word' id='word_1_626' title='bbox 2157 4273 2559 4345; x_wconf 91' lang='lat' dir='ltr'>cognitionum</span> <span class='ocrx_word' id='word_1_627' title='bbox 2592 4276 2648 4328; x_wconf 90' lang='lat' dir='ltr'>et</span> <span class='ocrx_word' id='word_1_628' title='bbox 2691 4271 2749 4326; x_wconf 91' lang='lat' dir='ltr'>in</span> <span class='ocrx_word' id='word_1_629' title='bbox 2780 4276 2899 4325; x_wconf 89' lang='lat' dir='ltr'>tres</span> <span class='ocrx_word' id='word_1_630' title='bbox 2930 4268 3329 4325; x_wconf 90' lang='lat' dir='ltr'>dimensiones</span> <span class='ocrx_word' id='word_1_631' title='bbox 3362 4286 3558 4325; x_wconf 88' lang='lat' dir='ltr'>acces-</span> 
     </span>
    </p>
   </div>
   <div class='ocr_carea' id='block_1_84' title="bbox 176 4357 1779 4438">
    <p class='ocr_par' dir='ltr' id='par_1_84' title="bbox 176 4357 1779 4438">
     <span class='ocr_line' id='line_1_84' title="bbox 176 4357 1779 4438; baseline 0.001 -23"><span class='ocrx_word' id='word_1_632' title='bbox 176 4363 501 4436; x_wconf 78' lang='grc' dir='ltr'>παρίστησιν.</span> <span class='ocrx_word' id='word_1_633' title='bbox 563 4357 900 4438; x_wconf 75' lang='grc' dir='ltr'>Ὑπερόαίνει</span> <span class='ocrx_word' id='word_1_634' title='bbox 960 4359 1016 4416; x_wconf 68' lang='grc' dir='ltr'>δὲ</span> <span class='ocrx_word' id='word_1_635' title='bbox 1064 4362 1152 4416; x_wconf 87' lang='grc' dir='ltr'>καὶ</span> <span class='ocrx_word' id='word_1_636' title='bbox 1204 4360 1360 4425; x_wconf 76' lang='grc' dir='ltr'>οὗτος</span> <span class='ocrx_word' id='word_1_637' title='bbox 1387 4361 1477 4416; x_wconf 89' lang='grc' dir='ltr'>τὸν</span> <span class='ocrx_word' id='word_1_638' title='bbox 1509 4363 1555 4436; x_wconf 88' lang='grc' dir='ltr'>γ’</span> <span class='ocrx_word' id='word_1_639' title='bbox 1584 4362 1674 4416; x_wconf 87' lang='lat' dir='ltr'>xui</span> <span class='ocrx_word' id='word_1_640' title='bbox 1704 4362 1779 4416; x_wconf 66' lang='grc' dir='ltr'>τὸτ</span> 
     </span>
    </p>
   </div>
   <div class='ocr_carea' id='block_1_85' title="bbox 1954 4357 3557 4438">
    <p class='ocr_par' dir='ltr' id='par_1_85' title="bbox 1954 4357 3557 4431">
     <span class='ocr_line' id='line_1_85' title="bbox 1954 4357 3557 4431; baseline -0.004 -14"><span class='ocrx_word' id='word_1_641' title='bbox 1954 4364 2133 4418; x_wconf 77' lang='lat' dir='ltr'>ionem</span> <span class='ocrx_word' id='word_1_642' title='bbox 2164 4362 2221 4415; x_wconf 92' lang='lat' dir='ltr'>in</span> <span class='ocrx_word' id='word_1_643' title='bbox 2249 4360 2509 4415; x_wconf 90' lang='lat' dir='ltr'>medium</span> <span class='ocrx_word' id='word_1_644' title='bbox 2541 4361 2779 4431; x_wconf 83' lang='lat' dir='ltr'>profert.</span> <span class='ocrx_word' id='word_1_645' title='bbox 2808 4357 3044 4414; x_wconf 86' lang='lat' dir='ltr'>Excedit</span> <span class='ocrx_word' id='word_1_646' title='bbox 3067 4374 3308 4429; x_wconf 90' lang='lat' dir='ltr'>quoque</span> <span class='ocrx_word' id='word_1_647' title='bbox 3330 4358 3557 4430; x_wconf 88' lang='lat' dir='ltr'>(nume-</span> 
     </span>
    </p>
   </div>
   <div class='ocr_carea' id='block_1_86' title="bbox 176 4446 1779 4525">
    <p class='ocr_par' dir='ltr' id='par_1_86' title="bbox 176 4448 1779 4525">
     <span class='ocr_line' id='line_1_86' title="bbox 176 4448 1779 4525; baseline -0.001 -20"><span class='ocrx_word' id='word_1_648' title='bbox 176 4459 227 4519; x_wconf 83' lang='grc' dir='ltr'>θ’,</span> <span class='ocrx_word' id='word_1_649' title='bbox 252 4458 342 4505; x_wconf 76' lang='grc' dir='ltr'>τοῦ</span> <span class='ocrx_word' id='word_1_650' title='bbox 388 4454 480 4525; x_wconf 75' lang='grc' dir='ltr'>μὲν</span> <span class='ocrx_word' id='word_1_651' title='bbox 528 4449 915 4512; x_wconf 77' lang='grc' dir='ltr'>ἐννεαπλάσιος</span> <span class='ocrx_word' id='word_1_652' title='bbox 962 4449 1057 4521; x_wconf 83' lang='grc' dir='ltr'>ὢν,</span> <span class='ocrx_word' id='word_1_653' title='bbox 1088 4448 1185 4505; x_wconf 78' lang='grc' dir='ltr'>τοῦ</span> <span class='ocrx_word' id='word_1_654' title='bbox 1231 4448 1287 4505; x_wconf 73' lang='grc' dir='ltr'>δὲ</span> <span class='ocrx_word' id='word_1_655' title='bbox 1332 4449 1681 4525; x_wconf 86' lang='grc' dir='ltr'>τριπλάσιος,</span> <span class='ocrx_word' id='word_1_656' title='bbox 1721 4451 1779 4504; x_wconf 54' lang='grc' dir='ltr'>ὦι</span> 
     </span>
    </p>
   </div>
   <div class='ocr_carea' id='block_1_87' title="bbox 1958 4446 3561 4525">
    <p class='ocr_par' dir='ltr' id='par_1_87' title="bbox 1958 4446 3561 4521">
     <span class='ocr_line' id='line_1_87' title="bbox 1958 4446 3561 4521; baseline -0.004 -13"><span class='ocrx_word' id='word_1_657' title='bbox 1958 4456 2035 4521; x_wconf 74' lang='grc' dir='ltr'>ιε)</span> <span class='ocrx_word' id='word_1_658' title='bbox 2078 4450 2174 4506; x_wconf 90' lang='lat' dir='ltr'>ille</span> <span class='ocrx_word' id='word_1_659' title='bbox 2195 4449 2554 4519; x_wconf 89' lang='lat' dir='ltr'>(numerum)</span> <span class='ocrx_word' id='word_1_660' title='bbox 2600 4448 2677 4503; x_wconf 91' lang='lat' dir='ltr'>IlI</span> <span class='ocrx_word' id='word_1_661' title='bbox 2711 4452 2767 4503; x_wconf 89' lang='lat' dir='ltr'>et</span> <span class='ocrx_word' id='word_1_662' title='bbox 2799 4447 2891 4517; x_wconf 90' lang='lat' dir='ltr'>IX,</span> <span class='ocrx_word' id='word_1_663' title='bbox 2926 4449 3027 4503; x_wconf 92' lang='lat' dir='ltr'>uni</span> <span class='ocrx_word' id='word_1_664' title='bbox 3056 4462 3261 4503; x_wconf 85' lang='lat' dir='ltr'>novom</span> <span class='ocrx_word' id='word_1_665' title='bbox 3294 4446 3561 4518; x_wconf 87' lang='lat' dir='ltr'>partibus</span> 
     </span>
    </p>
   </div>
   <div class='ocr_carea' id='block_1_88' title="bbox 171 4536 1774 4617">
    <p class='ocr_par' dir='ltr' id='par_1_88' title="bbox 171 4536 1767 4617">
     <span class='ocr_line' id='line_1_88' title="bbox 171 4536 1767 4617; baseline 0.001 -25"><span class='ocrx_word' id='word_1_666' title='bbox 171 4540 222 4593; x_wconf 78' lang='grc' dir='ltr'>τὸ</span> <span class='ocrx_word' id='word_1_667' title='bbox 278 4542 364 4613; x_wconf 74' lang='grc' dir='ltr'>μὲν</span> <span class='ocrx_word' id='word_1_668' title='bbox 424 4539 748 4617; x_wconf 84' lang='grc' dir='ltr'>τριπλάσιον</span> <span class='ocrx_word' id='word_1_669' title='bbox 808 4539 958 4602; x_wconf 75' lang='grc' dir='ltr'>ἐντὸς</span> <span class='ocrx_word' id='word_1_670' title='bbox 1012 4540 1078 4608; x_wconf 73' lang='grc' dir='ltr'>ἦν</span> <span class='ocrx_word' id='word_1_671' title='bbox 1138 4538 1189 4593; x_wconf 86' lang='grc' dir='ltr'>ἐν</span> <span class='ocrx_word' id='word_1_672' title='bbox 1244 4538 1468 4615; x_wconf 77' lang='grc' dir='ltr'>ἑτέροις,</span> <span class='ocrx_word' id='word_1_673' title='bbox 1514 4540 1573 4593; x_wconf 87' lang='grc' dir='ltr'>τὸ</span> <span class='ocrx_word' id='word_1_674' title='bbox 1630 4536 1686 4593; x_wconf 77' lang='grc' dir='ltr'>δὲ</span> <span class='ocrx_word' id='word_1_675' title='bbox 1716 4537 1767 4594; x_wconf 78' lang='grc' dir='ltr'>ἐν</span> 
     </span>
    </p>
   </div>
   <div class='ocr_carea' id='block_1_89' title="bbox 1957 4536 3560 4617">
    <p class='ocr_par' dir='ltr' id='par_1_89' title="bbox 1957 4536 3560 4608">
     <span class='ocr_line' id='line_1_89' title="bbox 1957 4536 3560 4608; baseline -0.003 -12"><span class='ocrx_word' id='word_1_676' title='bbox 1957 4545 2211 4605; x_wconf 59' lang='lat' dir='ltr'>restans,</span> <span class='ocrx_word' id='word_1_677' title='bbox 2236 4537 2401 4595; x_wconf 92' lang='lat' dir='ltr'>alteri</span> <span class='ocrx_word' id='word_1_678' title='bbox 2424 4538 2634 4604; x_wconf 90' lang='lat' dir='ltr'>tribus,</span> <span class='ocrx_word' id='word_1_679' title='bbox 2654 4552 2973 4608; x_wconf 85' lang='lat' dir='ltr'>eorumque</span> <span class='ocrx_word' id='word_1_680' title='bbox 2994 4536 3067 4605; x_wconf 89' lang='lat' dir='ltr'>is,</span> <span class='ocrx_word' id='word_1_681' title='bbox 3090 4536 3188 4607; x_wconf 91' lang='lat' dir='ltr'>qui</span> <span class='ocrx_word' id='word_1_682' title='bbox 3214 4536 3427 4608; x_wconf 90' lang='lat' dir='ltr'>triplus</span> <span class='ocrx_word' id='word_1_683' title='bbox 3450 4542 3560 4602; x_wconf 90' lang='lat' dir='ltr'>est,</span> 
     </span>
    </p>
   </div>
   <div class='ocr_carea' id='block_1_90' title="bbox 170 4622 1773 4703">
    <p class='ocr_par' dir='ltr' id='par_1_90' title="bbox 170 4629 1771 4702">
     <span class='ocr_line' id='line_1_90' title="bbox 170 4629 1771 4702; baseline 0.002 -22"><span class='ocrx_word' id='word_1_684' title='bbox 170 4630 473 4684; x_wconf 82' lang='grc' dir='ltr'>νεαπλάσιον</span> <span class='ocrx_word' id='word_1_685' title='bbox 524 4631 613 4683; x_wconf 86' lang='lat' dir='ltr'>xui</span> <span class='ocrx_word' id='word_1_686' title='bbox 668 4629 797 4683; x_wconf 73' lang='grc' dir='ltr'>αὐτὸ</span> <span class='ocrx_word' id='word_1_687' title='bbox 845 4629 951 4683; x_wconf 81' lang='grc' dir='ltr'>ἀπὸ</span> <span class='ocrx_word' id='word_1_688' title='bbox 993 4634 1089 4682; x_wconf 69' lang='grc' dir='ltr'>τοῦ</span> <span class='ocrx_word' id='word_1_689' title='bbox 1122 4630 1164 4682; x_wconf 81' lang='grc' dir='ltr'>ϐ’</span> <span class='ocrx_word' id='word_1_690' title='bbox 1195 4630 1329 4702; x_wconf 85' lang='grc' dir='ltr'>πρὸς</span> <span class='ocrx_word' id='word_1_691' title='bbox 1374 4629 1436 4683; x_wconf 77' lang='grc' dir='ltr'>τὸ</span> <span class='ocrx_word' id='word_1_692' title='bbox 1469 4630 1513 4683; x_wconf 87' lang='grc' dir='ltr'>α’</span> <span class='ocrx_word' id='word_1_693' title='bbox 1547 4630 1771 4697; x_wconf 73' lang='grc' dir='ltr'>σώζεται</span> 
     </span>
    </p>
   </div>
   <div class='ocr_carea' id='block_1_91' title="bbox 1952 4622 3555 4703">
    <p class='ocr_par' dir='ltr' id='par_1_91' title="bbox 1952 4624 3555 4697">
     <span class='ocr_line' id='line_1_91' title="bbox 1952 4624 3555 4697; baseline -0.003 -11"><span class='ocrx_word' id='word_1_694' title='bbox 1952 4630 2138 4686; x_wconf 75' lang='grc' dir='ltr'>ιωάίιι</span> <span class='ocrx_word' id='word_1_695' title='bbox 2182 4628 2333 4683; x_wconf 86' lang='lat' dir='ltr'>inest</span> <span class='ocrx_word' id='word_1_696' title='bbox 2354 4626 2411 4681; x_wconf 92' lang='lat' dir='ltr'>in</span> <span class='ocrx_word' id='word_1_697' title='bbox 2446 4625 2712 4697; x_wconf 89' lang='lat' dir='ltr'>reliquis,</span> <span class='ocrx_word' id='word_1_698' title='bbox 2756 4624 2855 4696; x_wconf 90' lang='lat' dir='ltr'>qui</span> <span class='ocrx_word' id='word_1_699' title='bbox 2898 4641 3031 4681; x_wconf 90' lang='lat' dir='ltr'>vero</span> <span class='ocrx_word' id='word_1_700' title='bbox 3057 4641 3263 4681; x_wconf 88' lang='lat' dir='ltr'>novem</span> <span class='ocrx_word' id='word_1_701' title='bbox 3288 4626 3555 4697; x_wconf 88' lang='lat' dir='ltr'>partibus</span> 
     </span>
    </p>
   </div>
   <div class='ocr_carea' id='block_1_92' title="bbox 170 4714 1773 4794">
    <p class='ocr_par' dir='ltr' id='par_1_92' title="bbox 170 4716 1767 4794">
     <span class='ocr_line' id='line_1_92' title="bbox 234 4716 1467 4735; baseline 0 -1"><span class='ocrx_word' id='word_1_702' title='bbox 234 4719 243 4731; x_wconf 82' lang='lat'>.</span> <span class='ocrx_word' id='word_1_703' title='bbox 342 4724 362 4733; x_wconf 78' lang='lat'>-</span> <span class='ocrx_word' id='word_1_704' title='bbox 672 4718 720 4735; x_wconf 77' lang='lat'>..</span> <span class='ocrx_word' id='word_1_705' title='bbox 895 4719 907 4735; x_wconf 60' lang='grc' dir='ltr'><strong>ε</strong></span> <span class='ocrx_word' id='word_1_706' title='bbox 1116 4718 1129 4734; x_wconf 55' lang='grc' dir='ltr'>ι</span> <span class='ocrx_word' id='word_1_707' title='bbox 1221 4719 1232 4733; x_wconf 90' lang='grc'><strong>.</strong></span> <span class='ocrx_word' id='word_1_708' title='bbox 1362 4716 1384 4734; x_wconf 57' lang='grc' dir='ltr'>εκ</span> <span class='ocrx_word' id='word_1_709' title='bbox 1454 4718 1467 4734; x_wconf 65' lang='grc' dir='ltr'>ι</span> 
     </span>
     <span class='ocr_line' id='line_1_93' title="bbox 170 4717 1767 4794; baseline 0.001 -23"><span class='ocrx_word' id='word_1_710' title='bbox 170 4725 254 4771; x_wconf 75' lang='grc' dir='ltr'>Δια</span> <span class='ocrx_word' id='word_1_711' title='bbox 278 4740 431 4774; x_wconf 74' lang='grc' dir='ltr'>τουτο</span> <span class='ocrx_word' id='word_1_712' title='bbox 472 4720 534 4773; x_wconf 82' lang='grc' dir='ltr'>τὸ</span> <span class='ocrx_word' id='word_1_713' title='bbox 585 4718 774 4794; x_wconf 83' lang='grc' dir='ltr'>πόρρω</span> <span class='ocrx_word' id='word_1_714' title='bbox 820 4739 909 4772; x_wconf 86' lang='grc' dir='ltr'>και</span> <span class='ocrx_word' id='word_1_715' title='bbox 956 4738 1168 4790; x_wconf 85' lang='grc' dir='ltr'>στερεον</span> <span class='ocrx_word' id='word_1_716' title='bbox 1221 4734 1507 4773; x_wconf 81' lang='grc' dir='ltr'>επταοικον</span> <span class='ocrx_word' id='word_1_717' title='bbox 1557 4719 1584 4773; x_wconf 93' lang='lat'>6</span> <span class='ocrx_word' id='word_1_718' title='bbox 1632 4717 1767 4793; x_wconf 86' lang='grc' dir='ltr'>λόγο</span> 
     </span>
    </p>
   </div>
   <div class='ocr_carea' id='block_1_93' title="bbox 1953 4714 3556 4794">
    <p class='ocr_par' dir='ltr' id='par_1_93' title="bbox 1953 4714 3556 4791">
     <span class='ocr_line' id='line_1_94' title="bbox 1953 4714 3556 4791; baseline -0.003 -15"><span class='ocrx_word' id='word_1_719' title='bbox 1953 4722 2101 4791; x_wconf 70' lang='grc' dir='ltr'>ιιι]οτ</span> <span class='ocrx_word' id='word_1_720' title='bbox 2132 4722 2243 4784; x_wconf 90' lang='lat' dir='ltr'>est,</span> <span class='ocrx_word' id='word_1_721' title='bbox 2283 4720 2339 4772; x_wconf 92' lang='lat' dir='ltr'>et</span> <span class='ocrx_word' id='word_1_722' title='bbox 2387 4716 2510 4788; x_wconf 87' lang='lat' dir='ltr'>ipse</span> <span class='ocrx_word' id='word_1_723' title='bbox 2543 4732 2575 4770; x_wconf 88' lang='lat' dir='ltr'>a</span> <span class='ocrx_word' id='word_1_724' title='bbox 2610 4730 2852 4770; x_wconf 90' lang='lat' dir='ltr'>numero</span> <span class='ocrx_word' id='word_1_725' title='bbox 2904 4716 2983 4769; x_wconf 79' lang='lat' dir='ltr'>IX</span> <span class='ocrx_word' id='word_1_726' title='bbox 3038 4714 3108 4769; x_wconf 91' lang='lat' dir='ltr'>ad</span> <span class='ocrx_word' id='word_1_727' title='bbox 3143 4715 3164 4768; x_wconf 96' lang='grc' dir='ltr'>Ι</span> <span class='ocrx_word' id='word_1_728' title='bbox 3198 4714 3556 4785; x_wconf 89' lang='lat' dir='ltr'>perducitur.</span> 
     </span>
    </p>
   </div>
   <div class='ocr_carea' id='block_1_94' title="bbox 167 4804 1770 4884">
    <p class='ocr_par' dir='ltr' id='par_1_94' title="bbox 167 4804 1770 4884">
     <span class='ocr_line' id='line_1_95' title="bbox 167 4804 1770 4884; baseline 0.002 -25"><span class='ocrx_word' id='word_1_729' title='bbox 167 4810 307 4862; x_wconf 77' lang='grc' dir='ltr'>τιθεῶ</span> <span class='ocrx_word' id='word_1_730' title='bbox 361 4815 441 4882; x_wconf 80' lang='grc' dir='ltr'>τῷ</span> <span class='ocrx_word' id='word_1_731' title='bbox 495 4808 573 4864; x_wconf 70' lang='grc' dir='ltr'>ἑνὶ</span> <span class='ocrx_word' id='word_1_732' title='bbox 653 4808 992 4880; x_wconf 71' lang='grc' dir='ltr'>συνάπτεται,</span> <span class='ocrx_word' id='word_1_733' title='bbox 1052 4808 1141 4862; x_wconf 86' lang='grc' dir='ltr'>καὶ</span> <span class='ocrx_word' id='word_1_734' title='bbox 1219 4804 1455 4884; x_wconf 75' lang='grc' dir='ltr'>ὑπερϐάς</span> <span class='ocrx_word' id='word_1_735' title='bbox 1512 4809 1578 4863; x_wconf 72' lang='grc' dir='ltr'>τὰ</span> <span class='ocrx_word' id='word_1_736' title='bbox 1640 4810 1770 4881; x_wconf 74' lang='grc' dir='ltr'>μέσα</span> 
     </span>
    </p>
   </div>
   <div class='ocr_carea' id='block_1_95' title="bbox 1952 4804 3555 4884">
    <p class='ocr_par' dir='ltr' id='par_1_95' title="bbox 1962 4804 3555 4877">
     <span class='ocr_line' id='line_1_96' title="bbox 1962 4804 3555 4877; baseline -0.004 -14"><span class='ocrx_word' id='word_1_737' title='bbox 1962 4824 2099 4863; x_wconf 89' lang='lat' dir='ltr'>uare</span> <span class='ocrx_word' id='word_1_738' title='bbox 2124 4806 2268 4862; x_wconf 90' lang='lat' dir='ltr'>ratio</span> <span class='ocrx_word' id='word_1_739' title='bbox 2291 4806 2591 4877; x_wconf 89' lang='lat' dir='ltr'>proposita</span> <span class='ocrx_word' id='word_1_740' title='bbox 2614 4804 2696 4871; x_wconf 91' lang='lat' dir='ltr'>id,</span> <span class='ocrx_word' id='word_1_741' title='bbox 2748 4804 2904 4874; x_wconf 92' lang='lat' dir='ltr'>quod</span> <span class='ocrx_word' id='word_1_742' title='bbox 2931 4820 3103 4875; x_wconf 90' lang='lat' dir='ltr'>porro</span> <span class='ocrx_word' id='word_1_743' title='bbox 3126 4807 3213 4858; x_wconf 86' lang='lat' dir='ltr'>est</span> <span class='ocrx_word' id='word_1_744' title='bbox 3232 4804 3555 4875; x_wconf 84' lang='lat' dir='ltr'>(excurrit),</span> 
     </span>
    </p>
   </div>
   <div class='ocr_carea' id='block_1_96' title="bbox 168 4892 1771 4973">
    <p class='ocr_par' dir='ltr' id='par_1_96' title="bbox 168 4896 1771 4973">
     <span class='ocr_line' id='line_1_97' title="bbox 168 4896 1771 4973; baseline 0.002 -26"><span class='ocrx_word' id='word_1_745' title='bbox 168 4896 394 4973; x_wconf 64' lang='grc' dir='ltr'>ἁνανρέρει</span> <span class='ocrx_word' id='word_1_746' title='bbox 444 4898 541 4959; x_wconf 69' lang='grc' dir='ltr'>τὰς</span> <span class='ocrx_word' id='word_1_747' title='bbox 590 4898 921 4971; x_wconf 77' lang='grc' dir='ltr'>περατώσεις</span> <span class='ocrx_word' id='word_1_748' title='bbox 970 4899 1071 4961; x_wconf 78' lang='grc' dir='ltr'>τῆς</span> <span class='ocrx_word' id='word_1_749' title='bbox 1120 4899 1304 4971; x_wconf 64' lang='grc' dir='ltr'>ψυχῆς</span> <span class='ocrx_word' id='word_1_750' title='bbox 1349 4896 1437 4951; x_wconf 82' lang='grc' dir='ltr'>ἐπὶ</span> <span class='ocrx_word' id='word_1_751' title='bbox 1484 4897 1583 4965; x_wconf 70' lang='grc' dir='ltr'>τὴν</span> <span class='ocrx_word' id='word_1_752' title='bbox 1630 4897 1771 4973; x_wconf 67' lang='grc' dir='ltr'>ἀκρὸι</span> 
     </span>
    </p>
   </div>
   <div class='ocr_carea' id='block_1_97' title="bbox 1951 4892 3554 4973">
    <p class='ocr_par' dir='ltr' id='par_1_97' title="bbox 1951 4892 3554 4965">
     <span class='ocr_line' id='line_1_98' title="bbox 1951 4892 3554 4965; baseline -0.002 -14"><span class='ocrx_word' id='word_1_753' title='bbox 1951 4903 1965 4951; x_wconf 79' lang='grc' dir='ltr'>ι</span> <span class='ocrx_word' id='word_1_754' title='bbox 1994 4896 2248 4953; x_wconf 87' lang='lat' dir='ltr'>solidum</span> <span class='ocrx_word' id='word_1_755' title='bbox 2283 4892 2645 4965; x_wconf 83' lang='lat' dir='ltr'>septemplex</span> <span class='ocrx_word' id='word_1_756' title='bbox 2674 4910 2811 4948; x_wconf 91' lang='lat' dir='ltr'>cum</span> <span class='ocrx_word' id='word_1_757' title='bbox 2845 4909 2959 4948; x_wconf 89' lang='lat' dir='ltr'>uno</span> <span class='ocrx_word' id='word_1_758' title='bbox 2991 4892 3319 4963; x_wconf 87' lang='lat' dir='ltr'>conjungit,</span> <span class='ocrx_word' id='word_1_759' title='bbox 3350 4908 3554 4964; x_wconf 89' lang='lat' dir='ltr'>eaque,</span> 
     </span>
    </p>
   </div>
   <div class='ocr_carea' id='block_1_98' title="bbox 170 4981 3555 5058">
    <p class='ocr_par' dir='ltr' id='par_1_98' title="bbox 170 4981 3555 5058">
     <span class='ocr_line' id='line_1_99' title="bbox 170 4981 3555 5058; baseline 0 -22"><span class='ocrx_word' id='word_1_760' title='bbox 170 5004 307 5054; x_wconf 80' lang='grc' dir='ltr'>τητα.</span> <span class='ocrx_word' id='word_1_761' title='bbox 1908 5003 2035 5058; x_wconf 67' lang='lat' dir='ltr'>qua:</span> <span class='ocrx_word' id='word_1_762' title='bbox 2088 4983 2282 5039; x_wconf 92' lang='lat' dir='ltr'>media</span> <span class='ocrx_word' id='word_1_763' title='bbox 2320 4987 2478 5049; x_wconf 91' lang='lat' dir='ltr'>sunt,</span> <span class='ocrx_word' id='word_1_764' title='bbox 2512 4986 2851 5053; x_wconf 83' lang='lat' dir='ltr'>trangressa</span> <span class='ocrx_word' id='word_1_765' title='bbox 2899 4981 3299 5037; x_wconf 83' lang='lat' dir='ltr'>extremitates</span> <span class='ocrx_word' id='word_1_766' title='bbox 3349 4981 3555 5038; x_wconf 61' lang='lat' dir='ltr'>anima)</span> 
     </span>
    </p>
   </div>
   <div class='ocr_carea' id='block_1_99' title="bbox 1905 5070 2835 5143">
    <p class='ocr_par' dir='ltr' id='par_1_99' title="bbox 1905 5070 2835 5143">
     <span class='ocr_line' id='line_1_100' title="bbox 1905 5070 2835 5143; baseline -0.005 -10"><span class='ocrx_word' id='word_1_767' title='bbox 1905 5078 1977 5133; x_wconf 87' lang='lat' dir='ltr'>ad</span> <span class='ocrx_word' id='word_1_768' title='bbox 2000 5088 2302 5131; x_wconf 88' lang='lat' dir='ltr'>summum</span> <span class='ocrx_word' id='word_1_769' title='bbox 2336 5070 2636 5143; x_wconf 84' lang='lat' dir='ltr'>fastigium</span> <span class='ocrx_word' id='word_1_770' title='bbox 2662 5070 2835 5128; x_wconf 84' lang='lat' dir='ltr'>tollit.</span> 
     </span>
    </p>
   </div>
   <div class='ocr_carea' id='block_1_100' title="bbox 227 5197 3545 5280">
    <p class='ocr_par' dir='ltr' id='par_1_100' title="bbox 227 5197 3545 5280">
     <span class='ocr_line' id='line_1_101' title="bbox 227 5197 3545 5280; baseline -0.001 -24"><span class='ocrx_word' id='word_1_771' title='bbox 227 5203 894 5280; x_wconf 22' lang='lat' dir='ltr'>(lmpoethuAritbm.</span> <span class='ocrx_word' id='word_1_772' title='bbox 956 5203 1058 5280; x_wconf 83' lang='lat' dir='ltr'>lib.</span> <span class='ocrx_word' id='word_1_773' title='bbox 1112 5221 1188 5280; x_wconf 79' lang='lat'>11,_</span> <span class='ocrx_word' id='word_1_774' title='bbox 1225 5206 1385 5280; x_wconf 86' lang='lat' dir='ltr'>c.__2Q</span> <span class='ocrx_word' id='word_1_775' title='bbox 1414 5205 1495 5276; x_wconf 91' lang='lat' dir='ltr'>(p.</span> <span class='ocrx_word' id='word_1_776' title='bbox 1532 5206 1670 5260; x_wconf 80' lang='grc'>1029</span> <span class='ocrx_word' id='word_1_777' title='bbox 1701 5207 1792 5261; x_wconf 90' lang='lat' dir='ltr'>ed.</span> <span class='ocrx_word' id='word_1_778' title='bbox 1905 5204 2080 5280; x_wconf 75' lang='lat' dir='ltr'>addat</span> <span class='ocrx_word' id='word_1_779' title='bbox 2135 5216 2459 5280; x_wconf 68' lang='lat' dir='ltr'>eqm,___quas</span> <span class='ocrx_word' id='word_1_780' title='bbox 2515 5201 2678 5280; x_wconf 54' lang='lat' dir='ltr'>alia;</span> <span class='ocrx_word' id='word_1_781' title='bbox 2724 5200 3156 5280; x_wconf 67' lang='lat' dir='ltr'>altitudo,alz&#39;as</span> <span class='ocrx_word' id='word_1_782' title='bbox 3212 5197 3545 5280; x_wconf 54' lang='lat' dir='ltr'>crassitudo,</span> 
     </span>
    </p>
   </div>
   <div class='ocr_carea' id='block_1_101' title="bbox 164 5270 3552 5347">
    <p class='ocr_par' dir='ltr' id='par_1_101' title="bbox 164 5270 3552 5347">
     <span class='ocr_line' id='line_1_102' title="bbox 164 5270 3552 5347; baseline -0.002 -18"><span class='ocrx_word' id='word_1_783' title='bbox 164 5270 320 5347; x_wconf 61' lang='lat' dir='ltr'>Bas“.</span> <span class='ocrx_word' id='word_1_784' title='bbox 349 5277 523 5343; x_wconf 78' lang='grc'>1546.)</span> <span class='ocrx_word' id='word_1_785' title='bbox 551 5298 576 5325; x_wconf 87' lang='grc'>‹‹</span> <span class='ocrx_word' id='word_1_786' title='bbox 602 5275 786 5339; x_wconf 89' lang='lat' dir='ltr'>Sicut,</span> <span class='ocrx_word' id='word_1_787' title='bbox 810 5275 1386 5347; x_wconf 85' lang='lat' dir='ltr'>inquit,longitudini</span> <span class='ocrx_word' id='word_1_788' title='bbox 1414 5270 1794 5333; x_wconf 71' lang='lat' dir='ltr'>numerorum</span> <span class='ocrx_word' id='word_1_789' title='bbox 1906 5270 2413 5347; x_wconf 67' lang='lat' dir='ltr'>aliaspro/‘umtc’tas</span> <span class='ocrx_word' id='word_1_790' title='bbox 2436 5272 2785 5343; x_wconf 87' lang='lat' dir='ltr'>appellatur,</span> <span class='ocrx_word' id='word_1_791' title='bbox 2810 5272 3061 5329; x_wconf 83' lang='lat' dir='ltr'>solidum</span> <span class='ocrx_word' id='word_1_792' title='bbox 3090 5270 3317 5327; x_wconf 89' lang='lat' dir='ltr'>numeri</span> <span class='ocrx_word' id='word_1_793' title='bbox 3340 5285 3552 5341; x_wconf 88' lang='lat' dir='ltr'>corpus</span> 
     </span>
    </p>
   </div>
   <div class='ocr_carea' id='block_1_102' title="bbox 166 5343 2536 5419">
    <p class='ocr_par' dir='ltr' id='par_1_102' title="bbox 166 5343 2536 5419">
     <span class='ocr_line' id='line_1_103' title="bbox 166 5343 2536 5419; baseline 0.002 -22"><span class='ocrx_word' id='word_1_794' title='bbox 166 5343 304 5400; x_wconf 80' lang='lat' dir='ltr'>aliud</span> <span class='ocrx_word' id='word_1_795' title='bbox 338 5348 736 5413; x_wconf 84' lang='lat' dir='ltr'>intervallum,</span> <span class='ocrx_word' id='word_1_796' title='bbox 761 5347 817 5419; x_wconf 89' lang='lat' dir='ltr'>id</span> <span class='ocrx_word' id='word_1_797' title='bbox 862 5343 969 5413; x_wconf 81' lang='lat' dir='ltr'>est,</span> <span class='ocrx_word' id='word_1_798' title='bbox 1011 5343 1409 5418; x_wconf 75' lang='lat' dir='ltr'>superficiem,</span> <span class='ocrx_word' id='word_1_799' title='bbox 1448 5356 1511 5403; x_wconf 91' lang='lat' dir='ltr'>ut</span> <span class='ocrx_word' id='word_1_800' title='bbox 1542 5349 1795 5404; x_wconf 86' lang='lat' dir='ltr'>latitudo</span> <span class='ocrx_word' id='word_1_801' title='bbox 1907 5343 2185 5419; x_wconf 82' lang='lat' dir='ltr'>explebit.</span> <span class='ocrx_word' id='word_1_802' title='bbox 2226 5368 2252 5394; x_wconf 86' lang='lat'>»</span> <span class='ocrx_word' id='word_1_803' title='bbox 2287 5344 2536 5402; x_wconf 81' lang='lat' dir='ltr'>LINDER.</span> 
     </span>
    </p>
   </div>
   <div class='ocr_carea' id='block_1_103' title="bbox 166 5418 1798 5492">
    <p class='ocr_par' dir='ltr' id='par_1_103' title="bbox 166 5418 1798 5492">
     <span class='ocr_line' id='line_1_104' title="bbox 166 5418 1798 5492; baseline 0.004 -23"><span class='ocrx_word' id='word_1_804' title='bbox 166 5419 573 5488; x_wconf 84' lang='lat' dir='ltr'>ostenderetur,</span> <span class='ocrx_word' id='word_1_805' title='bbox 598 5418 947 5488; x_wconf 80' lang='lat' dir='ltr'>adjecimus,</span> <span class='ocrx_word' id='word_1_806' title='bbox 972 5421 1058 5475; x_wconf 75' lang='lat' dir='ltr'>ita</span> <span class='ocrx_word' id='word_1_807' title='bbox 1089 5436 1236 5474; x_wconf 84' lang='lat' dir='ltr'>nunc</span> <span class='ocrx_word' id='word_1_808' title='bbox 1266 5420 1582 5487; x_wconf 73' lang='lat' dir='ltr'>latitudini,</span> <span class='ocrx_word' id='word_1_809' title='bbox 1606 5424 1798 5492; x_wconf 77' lang='lat' dir='ltr'>siquis</span> 
     </span>
    </p>
   </div>
  </div>
