4054 6200
379 384 534 445 1103

1713 380 2138 443 MICHAELIS
2184 380 2455 441 PSELLI

2049 528 2128 585 B‘.

3636 381 3793 439 “04

520 648 631 722 (l6)
663 649 767 701 Τοῦ
801 645 1003 701 ὑπάτου
1033 649 1138 700 τῶν
1184 642 1504 723 φιλοσόφων
1540 642 2063 723 ιξ’έλλουέξήγμησις
2090 648 2192 723 τῆς
2224 643 2277 697 ἐν
2302 648 2387 723 τῷ
2415 644 2638 723 Τιμαίῳ
2662 648 2758 700 τοῦ
2792 643 3084 706 Πλάτωνος
3120 644 3506 717 μαθηματικῆς
3535 642 3662 718 περῖ

1558 720 1741 792 ψυχῆς
1773 715 2051 788 ὑπάρξεως
2083 715 2172 769 καὶ
2201 717 2456 790 γενέσεως
2488 715 2623 791 (17)ζ

457 871 523 926 α’.
556 871 651 927 Ἐκ
699 869 898 943 μέρους
941 865 1236 942 ἡρώτηκάς
1290 886 1356 937 με
1399 867 1461 920 τὸ
1514 865 1864 922 Πλατωνικὸν
1906 863 2029 940 περὶ
2060 869 2115 936 Α
2142 868 2238 920 τοῦ
2269 867 2337 941 ιβ’
2364 865 2455 921 καὶ
2483 870 2582 921 τοῦ
2610 864 2690 922 κδ’
2741 864 3054 937 διπλασίου,
3088 867 3361 942 ἁρμονική
3416 866 3514 938 μὶν
3566 866 3803 939 μεσότης

389 962 575 1033 ψυχῆς
626 955 967 1032 διάγραμμα,
997 955 1121 1030 περὶ
1161 954 1222 1009 οὑ
1276 952 1369 1029 δέῃ
1416 960 1604 1027 μαθεῖν
1656 956 1755 1023 τήν
1792 974 2036 1029 κεκρυμ-

395 1046 561 1120 μένην
591 1049 690 1100 τοῦ
731 1042 1037 1122 φιλοσόιρου
1086 1041 1345 1098 διάνοιαν.
1382 1050 1472 1098 Δεῖ
1519 1042 1576 1098 δὲ
1618 1045 1834 1118 πρῶτον
1863 1049 2035 1098 πᾶσαν

392 1134 530 1211 ἐρεῖν
587 1135 686 1203 τήν
745 1134 1131 1206 μαθηματικὴν
1188 1138 1285 1188 τοῦ
1356 1131 1527 1208 λόγου
1585 1134 1879 1207 περιοχήν·
1942 1132 2037 1186 εἶθ’

392 1224 564 1285 οὕτως
621 1243 705 1277 σοι
761 1226 869 1277 τῶν
932 1221 1236 1296 εἰρημένων
1292 1222 1382 1276 τὸν
1442 1226 1566 1276 νοῦν
1625 1222 2035 1296 ἐξηγήσασθαι.

388 1313 549 1388 Λέγει
601 1312 691 1367 οὗν
736 1311 994 1386 περὶτοῦ
1046 1315 1394 1386 Δημιουργοῦ
1453 1312 1482 1365 6
1531 1309 1759 1366 Πλάτων
1813 1309 2034 1364 οὑτωσί·

390 1402 534 1459 Μίαν
568 1398 786 1476 ἀφεῖλεν
837 1399 943 1454 ἀπὸ
990 1403 1088 1454 τοῦ
1136 1399 1339 1461 παντὸς
1392 1404 1608 1475 μοῖραν,
1644 1400 1779 1472 μετά
1828 1396 1885 1453 δὲ
1914 1397 2041 1452 ταόο

384 1511 486 1561 την
546 1488 741 1567 ἀφῄρει
798 1486 1086 1543 διπλασίαν
1141 1487 1362 1557 ταύτης·
1421 1490 1520 1557 τὴν
1581 1485 1639 1542 δὲ
1708 1488 1773 1543 αὗ
1828 1487 2037 1563 τρίτην,

386 1576 652 1651 ἡμιολίαν
691 1578 784 1651 μὶν
818 1579 915 1646 τῆς
946 1574 1221 1650 δευτέρας,
1269 1574 1596 1653 τριπλασίαν
1648 1574 1705 1631 δὲ
1750 1583 1851 1645 τῆς
1893 1577 2040 1650 πρώ-

382 1689 503 1739 της.
538 1669 821 1742 Τετάρτην
853 1663 911 1721 δὲ
957 1673 1056 1735 τῆς
1105 1662 1356 1737 δευτέρας
1408 1662 1635 1734 διπλῆν·
1680 1667 1938 1737 πέμπτην
1982 1661 2040 1718 δὲ

382 1755 623 1831 τριπλῆν
670 1762 771 1824 τῆς
826 1754 1038 1830 τρίτης.
1092 1756 1193 1822 τήν
1248 1750 1411 1824 ἓκτην
1469 1761 1569 1824 τῆς
1617 1755 1845 1830 πρώτης
1887 1752 2041 1807 ὀκτα-

386 1845 645 1901 πλασίαν·
698 1839 940 1916 ἑϐδόμην
993 1840 1040 1896 δ’
1084 1840 1724 1897 ἐπτακαιεικοσιπλασίαν
1756 1849 1855 1911 τῆς
1887 1842 2032 1916 πρώ-

387 1956 512 2004 της.
545 1934 690 1989 Μετά
734 1936 902 1988 ταῦτα
954 1928 1010 1986 δέ
1060 1930 1405 2007 συνεπλήρου
1453 1930 1519 1986 τά
1549 1952 1606 1986 τε
1650 1929 1913 1986 διπλάσια
1950 1930 2038 1986 καὶ

389 2021 685 2095 τριπλάσια
716 2020 1056 2093 διαστήματα
1097 2026 1311 2091 μοῖραν.
1348 2015 1425 2074 ἔτι
1474 2019 1670 2075 ἐκεῖθεν
1717 2021 2037 2091 ἀποτέμνων

388 2112 479 2166 καὶ
531 2110 700 2172 τιθεὶς
744 2109 821 2173 εἷς
870 2109 932 2164 τὸ
993 2108 1189 2182 μεταξὺ
1240 2108 1469 2164 τούτων·
1527 2109 1663 2163 ὥστε
1718 2108 1772 2163 ἐν
1831 2108 2038 2180 ἑκάστῳ

2148 954 2176 1007 ὁ
2208 956 2278 1024 η’,
2312 955 2647 1027 ἀριθμητική
2690 952 2747 1010 δὲ
2791 956 2819 1010 6
2850 956 2913 1009 θ’·
2969 955 3162 1027 μεταξὺ
3215 952 3271 1009 δέ
3313 958 3409 1009 τοῦ
3461 955 3531 1028 ιβ’
3574 955 3662 1008 καί
3703 958 3800 1008 τοῦ

2145 1040 2246 1113 κδ’,
2276 1041 2587 1112 διπλασίου,
2622 1045 2892 1117 ἁρμονική
2946 1043 3041 1116 μέν
3099 1043 3331 1117 μεσότης
3378 1044 3407 1098 6
3459 1046 3540 1111 ις’,
3572 1043 3781 1116 ἀριθμη

2146 1133 2272 1201 τική
2306 1129 2364 1187 δὲ
2395 1133 2423 1187 6
2454 1134 2543 1201 ιη’.
2579 1132 2793 1206 Μεταξὺ
2824 1130 2883 1187 δὲ
2910 1136 3007 1187 τοῦ
3036 1132 3221 1207 τρίτου
3253 1129 3545 1187 διπλασίου
3575 1136 3673 1186 τοῦ
3717 1128 3800 1185 κδ’

2148 1221 2237 1276 καὶ
2275 1223 2366 1293 μη’
2397 1221 2668 1296 ἁρμονικὴ
2705 1223 2799 1295 μὶν
2853 1221 3089 1295 μεσότης
3130 1222 3158 1276 ὁ
3211 1220 3319 1295 λβ’,
3365 1222 3703 1295 ἀριθμητική
3744 1218 3802 1275 δὶ

2152 1308 2302 1372 ὁλς’.
2336 1310 2388 1365 ἐν
2434 1308 2492 1365 δὶ
2540 1316 2657 1372 τοῖς
2708 1309 3056 1386 τριπλασίοις
3117 1310 3311 1383 μεταξὺ
3350 1314 3445 1365 τοῦ
3500 1311 3544 1374 ς’
3587 1309 3679 1364 καὶ
3732 1312 3801 1379 ιη’

2152 1398 2426 1475 ἁρμονικὴ
2486 1400 2579 1473 μὶν
2637 1399 2869 1471 μεσότης
2900 1400 2928 1454 6
2974 1401 3039 1468 θ’,
3085 1398 3423 1475 ἀριθμητική
3456 1396 3514 1453 δὲ
3542 1400 3571 1454 6
3610 1399 3795 1471 ιβ·καῖ

2151 1488 2449 1551 κείσθωσαν
2494 1487 2681 1565 ἐφεξῆς
2733 1489 2851 1562 ὅροι
2901 1488 3078 1542 οὗτοι·
3132 1489 3193 1559 ς’,
3226 1489 3297 1559 η’,
3351 1489 3413 1555 θ’,
3461 1488 3550 1561 ιβ’,
3586 1488 3670 1555 ις’,
3709 1488 3800 1555 ιη’,

2152 1574 2253 1645 κδ’,
2296 1575 2406 1649 λβ’,
2436 1575 2536 1644 λς’,
2573 1578 2685 1649 μη’,
2716 1574 2812 1643 νδ’,
2845 1578 2955 1647 πα’,
2988 1578 3097 1651 ρη’,
3129 1574 3255 1651 ρξδ’.
3290 1574 3440 1634 Ἀλλ’
3489 1575 3535 1631 εί
3588 1576 3683 1648 μὶν
3732 1576 3798 1643 ἧν

2152 1662 2375 1719 δυνατόν
2409 1664 2460 1718 ἐν
2491 1664 2710 1727 τούτοις
2758 1670 2875 1727 τοῖς
2926 1663 3262 1739 ἐκκειμένοις
3305 1668 3441 1737 ἡμῖν
3494 1664 3649 1738 ὅροις
3672 1662 3804 1725 τοὺς

2151 1752 2458 1829 ἐπιτρίτους
2489 1752 2691 1829 λόγους
2723 1752 2800 1818 εἴς
2827 1775 2886 1808 τε
2928 1754 3055 1816 τοὺς
3099 1751 3393 1829 ἐπογδόους
3424 1754 3514 1809 καὶ
3542 1755 3608 1808 τά
3638 1754 3804 1825 λείμο

2156 1862 2298 1916 ματα
2328 1840 2553 1911 διελεῖν,
2588 1844 2755 1918 μέχρι
2784 1843 2993 1898 τούτων
3046 1842 3104 1897 ἂν
3151 1837 3412 1915 ἔστημεν.
3454 1845 3563 1900 Νῦν
3598 1839 3655 1897 δὲ
3683 1841 3807 1897 ἐπεὶ

2153 1933 2266 2005 οὐχ
2294 1931 2486 2001 οἷόντε,
2521 1928 2591 1986 δι’
2625 1929 2805 2001 ἄλλης
2836 1931 3011 1987 ἰστέον
3047 1927 3301 2005 μεθόδου.

2228 2022 2293 2097 β’.
2330 2019 2643 2095 Προκείσθω
2667 2021 2756 2076 οὗν
2780 2021 2829 2094 ἐξ
2856 2023 3035 2097 ἀρχῆς
3066 2022 3577 2077 καταπυκνῶσαιτὸν
3603 2018 3811 2077 διπλά-

2151 2131 2265 2164 σιον
2311 2109 2478 2185 λόγον
2531 2116 2652 2173 ταῖς
2706 2110 3020 2186 εἰρημέναις
3071 2111 3332 2183 μεσότησι
3379 2110 3468 2165 καὶ
3499 2116 3614 2172 τοῖς
3648 2109 3812 2184 ἐπογ-

389 2197 719 2271 διαστήματι
751 2195 845 2253 δύο
878 2197 1012 2252 εἶναι
1046 2198 1369 2271 μεσότητας,
1400 2198 1492 2253 τὸν
1529 2199 1623 2270 μὶν
1665 2202 1848 2269 ταυτῷ
1891 2198 2040 2271 μέρει
2068 2236 2118 2303 Β
2153 2195 2321 2263 δόοις.
2354 2201 2545 2269 Δεήσει
2573 2196 2675 2275 ἄρα
2724 2200 2817 2255 τὸν
2870 2198 3141 2276 ὑπόλογον
3182 2204 3279 2255 τοῦ
3329 2197 3618 2255 διπλασίου
3658 2199 3810 2255 οὕτω

427 2294 450 2303 ι.
555 2288 579 2303 θ’
840 2287 853 2303 9
900 2291 925 2301 υ
1026 2287 1039 2303 ο
1166 2286 1176 2303 1
1534 2286 1546 2301 ε
1607 2287 1621 2302 Ρ
1894 2288 1904 2303 Ι
2148 2290 2169 2303 ς
2225 2283 2254 2303 ο
2285 2294 2308 2303 τ
2428 2286 2453 2303 ιο
2638 2288 2659 2303 ν
2845 2287 2857 2303 τ
2936 2288 2948 2303 \
3119 2289 3133 2303 ‘
3202 2286 3226 2303 ἢ
3243 2287 3257 2303 Ι
3366 2288 3380 2303 Ο
3502 2286 3526 2303 ᾗ
3546 2288 3557 2303 Ι
3792 2288 3807 2303 1

384 2294 490 2345 τῶν
550 2288 728 2363 ἄκρων
793 2287 968 2341 αὑεῶν
1021 2286 1393 2362 ὑπερέχουσαν
1459 2286 1549 2341 καὶ
1602 2287 2036 2363 ὑπερεχομένην,

381 2380 480 2448 τὴν
516 2375 573 2433 δὲ
618 2374 719 2450 ἴσῳ
779 2376 873 2449 μέν
933 2376 1053 2430 κατ’
1110 2374 1344 2451 ἀριθμὸν
1400 2376 1797 2451 ὑπερέχουσαν,
1832 2373 1932 2448 ἴσῳ
1981 2372 2039 2430 δὲ

385 2466 817 2541 ὑπερεχομένην,
870 2461 1153 2537 ἡμιολίων
1212 2460 1269 2518 δὲ
1315 2461 1641 2519 διαστάσεων
1694 2464 1785 2518 καὶ
1834 2462 2038 2538 ἐπιτρί-

383 2577 491 2611 των
540 2550 628 2611 καὶ
672 2550 948 2627 ἐπογδόων
997 2552 1302 2627 γενομένων
1346 2550 1405 2607 ἐκ
1448 2551 1657 2607 τούτων
1689 2556 1796 2607 τῶν
1832 2549 2036 2624 δεσμ...

388 2645 439 2701 ἐν
471 2649 590 2705 ταῖς
622 2640 853 2715 πρόσθεν
887 2638 1197 2695 διαστάσεσι
1226 2645 1305 2710 τῷ
1352 2645 1450 2696 τοῦ
1491 2638 1763 2715 ἐπογδόου
1812 2638 2037 2711 διαστή-

394 2753 543 2807 ματι.
575 2730 654 2788 Τά
683 2728 927 2804 ἐπίτριτα
945 2731 1118 2784 πάντα
1149 2727 1580 2804 συνεπληροῦτο,
1605 2728 1799 2785 λοῖπον
1930 2728 2040 2785 λεί-

392 2826 535 2889 πων)
566 2818 730 2875 αὑτοῦ
761 2817 985 2873 ἑκάστου
1020 2818 1234 2893 μόριον.
1265 2822 1373 2889 Τῆς
1408 2817 1465 2873 δὲ
1490 2824 1586 2874 τοῦ
1623 2818 1817 2893 μορίου
1838 2818 2040 2890 ταύτης

395 2908 722 2971 διαστάσεως
756 2907 1053 2985 ληφθείσης
1108 2908 1340 2983 ἀριθμοῦ
1372 2909 1510 2984 πρὸς
1542 2909 1774 2984 ἀριθμὸν
1802 2908 2040 2985 ἐχούσης

394 2999 523 3064 τοὺς
551 2995 710 3074 ὅρους
746 2996 799 3069 ’ἐξ
848 2997 937 3052 καὶ
968 2999 1304 3067 πεντήκοντα
1351 2997 1439 3052 καὶ
1472 2995 1719 3052 διακόσια
1748 2998 1884 3073 πρὸς
1915 2998 2039 3071 τρία

394 3090 483 3145 καὶ
514 3089 911 3161 τεσσαράκοντα
956 3088 1043 3141 καὶ
1096 3084 1362 3141 διακόσια·
1397 3087 1485 3141 καὶ
1530 3084 1595 3155 δὴ
1629 3088 1718 3141 καὶ
1747 3087 1809 3141 τὸ
1844 3088 2039 3162 μιχθὲν

396 3180 448 3250 ἐξ
506 3180 567 3234 οὗ
624 3182 787 3233 ταῦτα
841 3177 1129 3249 κατέτεμεν
1188 3175 1369 3231 οὕτωσ
1422 3174 1530 3245 ἤδη
1605 3178 1774 3231 πάντα
1834 3198 2037 3245 κατηνο

433 3270 504 3325 λ’
568 3290 577 3298 ·
654 3268 668 3287 '
931 3266 957 3285 ν
1095 3270 1119 3280 "
1276 3268 1322 3298 ἐ-
1563 3266 1575 3303 ξ
1650 3267 1669 3297 ι
1781 3290 1791 3302 .
1845 3267 1858 3285 ν
1947 3265 2004 3299 -.ν

397 3293 427 3325 α
473 3290 622 3325 ωκιι.
671 3273 719 3323 II
756 3266 848 3340 μὶν
897 3287 987 3320 ουν
1027 3287 1124 3320 του
1174 3265 1463 3329 Πλατωνος
1492 3265 1577 3320 ἐπ.
1611 3265 1805 3339 λεξεωι
1840 3287 2039 3320 ὑπο.)-

396 3380 569 3421 πωσις
617 3357 776 3429 αὕτη.
836 3358 949 3411 Ἵνα
1008 3353 1052 3411 δ’
1107 3354 1159 3409 ἐν
1209 3355 1349 3426 τάξει
1396 3353 1678 3429 προΐωμεν
1714 3400 1727 3421 ,
1781 3350 2037 3428 λάϐωμεν

396 3454 614 3522 πρῶτον
648 3446 699 3503 iv
729 3451 845 3509 τοῖς
878 3444 983 3500 ἀπὸ
1019 3442 1253 3517 μονάδος
1276 3444 1530 3519 ἀριθμοῖς
1556 3443 1682 3505 τοὺς
1705 3442 2041 3519 λεγομένους

396 3539 653 3613 πρώτους
714 3536 816 3591 ὑπὸ
873 3538 969 3589 τοῦ
1026 3531 1322 3596 Πλάτωνος
1351 3532 1572 3609 λόγους.
1607 3534 1898 3597 Ἐκκείσθω
1949 3534 2040 3588 οὗν

2148 2283 2358 2356 λαϐεῖν,
2415 2286 2556 2343 ὥστε
2612 2288 2745 2343 εἶναι
2800 2287 2997 2353 αὐτοὺς
3048 2289 3136 2343 καὶ
3199 2286 3295 2343 δύο
3363 2286 3658 2365 ἐπογδόους
3712 2288 3812 2342 καὶ

2148 2375 2421 2452 ἐπίτριτον
2455 2374 2649 2433 ἄλλον.
2684 2376 2948 2455 Εἲλήφθω
2997 2376 3090 2433 οὖν
3139 2383 3356 2453 πρῶτον
3401 2379 3430 2431 6
3478 2376 3664 2451 τρίτος
3693 2377 3808 2432 ἀπὸ

2151 2462 2388 2539 μονάδος
2418 2464 2554 2520 κατά
2577 2465 2668 2520 τὸν
2703 2464 3070 2522 ὀκταπλάσιον
3117 2463 3281 2541 λόγον
3314 2467 3342 2521 6
3374 2464 3470 2539 ξδ’·
3515 2465 3622 2521 ἀπὸ
3671 2465 3805 2521 τοὺ-

2145 2575 2243 2610 του
2278 2555 2371 2627 μὲν
2404 2551 2703 2629 ἐπογδόους
2733 2552 2830 2610 δύο
2881 2553 3185 2625 ἀποστῆσαι
3237 2552 3479 2610 δυνατόν·
3524 2556 3665 2617 ἅπας
3693 2555 3801 2630 γὰρ

2146 2641 2567 2706 πολλαπλάσιος
2622 2643 2898 2699 τοσούτων
2956 2642 3261 2719 ἐπιμορίων
3320 2646 3533 2719 ἡγεῖται
3614 2642 3809 2717 λόγων

2148 2731 2739 2805 ἁντιπαρωνυμοὺντων
2798 2731 2967 2804 αὐτῷ,
3029 2731 3260 2793 ὁπόστος
3333 2732 3477 2788 ἐστὶν
3544 2732 3652 2786 ἀπὸ
3716 2754 3813 2804 μο-

2146 2818 2328 2883 νάδος·
2362 2819 2633 2895 ἐπίτριτον
2685 2818 2744 2876 δε
2793 2820 2889 2875 οὑκ
2935 2816 3070 2877 ἔστι.
3119 2819 3525 2896 Τριπλασιάσας
3567 2822 3659 2875 οὖν
3712 2821 3807 2875 αὑ-

2145 2912 2236 2965 τὸν
2276 2915 2423 2965 πιοιῶ
2478 2911 2617 2986 ρςβ’,
2677 2911 2738 2965 οὗ
2798 2909 3072 2984 ἐπίτριτος
3132 2910 3229 2982 μὶν
3278 2912 3306 2965 6
3357 2912 3479 2979 σνς’,
3533 2908 3799 2984 ἐπόγδοος

2150 2997 2207 3054 δὲ
2255 3000 2283 3053 6
2336 3000 2453 3067 σις’,
2504 3000 2591 3054 καὶ
2641 2998 2838 3054 τούτου
2887 2996 3147 3073 ἐπόγδοος
3198 3001 3226 3053 6
3278 3002 3424 3074 σμγ’·
3474 3000 3502 3054 ὃ
3558 2997 3661 3073 ἄρα
3707 3004 3805 3053 τοῦ

2150 3086 2455 3162 λείμματός
2514 3087 2622 3143 ἐστι
2675 3087 2838 3164 λόγος
2892 3089 2921 3143 6
2973 3088 3107 3161 μετά
3180 3090 3277 3157 τὴν
3339 3089 3618 3162 ἀφαίρεσιν
3680 3095 3804 3143 τοῖν

2150 3176 2297 3232 δυοῖν
2352 3175 2641 3252 ἐπογδόοιν
2691 3177 3017 3249 λειπόμενος
3070 3179 3190 3251 σμγ’
3234 3178 3371 3251 πρὸς
3408 3179 3476 3231 τά
3527 3179 3655 3238 σνς’·
3693 3178 3798 3231 ἀπὸ

2148 3268 2348 3328 παντὸς
2404 3267 2506 3342 γάρ
2560 3265 2838 3342 ἐπιτρίτου
2895 3263 2991 3321 δύο
3060 3265 3336 3341 ἐπογδόων
3395 3266 3796 3343 ἀφαιρεθέντων

2148 3354 2530 3411 καταλείπεται
2561 3357 2589 3411 6
2632 3360 2729 3410 τοῦ
2781 3354 3085 3428 λείμματος
3133 3355 3317 3430 λόγος.
3352 3354 3528 3413 Ἀλλά
3564 3360 3666 3409 τοῦ
3700 3377 3790 3417 σνς

2149 3440 2414 3519 ἐπόγδοος
2461 3445 2489 3499 6
2521 3446 2666 3516 σπη’,
2709 3445 2768 3507 ’ὸς
2815 3446 2915 3514 τήν
2957 3445 3263 3519 ἀρμονικὴν
3316 3444 3478 3513 σώζει
3532 3444 3815 3516 μεσότητα

2160 3534 2353 3609 μεταξὺ
2397 3536 2726 3609 τεταγμένος
2770 3539 2866 3590 τοῦ
2908 3535 3019 3610 ρςβ’
3070 3535 3159 3589 καὶ
3206 3538 3304 3589 τοῦ
3346 3532 3487 3601 τπδ’,
3522 3531 3819 3589 διπλάσιον

403 3601 592 3701 μόνάς,
642 3624 732 3680 καὶ
778 3622 981 3693 ταύτης
1028 3620 1284 3677 διπλασία
1334 3601 1484 3685 δυάς·
1521 3624 1631 3677 εἶτα
1659 3623 1836 3697 τριὰς,
1868 3624 2042 3695 ἡμιο-
2073 3601 2117 3670 c
2159 3601 2295 3701 πρὸς
2323 3624 2415 3679 τὸν
2474 3601 2589 3700 ρςβ’
2634 3623 2798 3698 λόγον
2850 3601 3203 3697 ποιούμενος.
3256 3624 3399 3695 Πρὸς
3452 3620 3508 3677 δὲ
3555 3624 3649 3677 τὸν
3687 3628 3822 3694 σπη’

406 3714 500 3769 λία
534 3714 627 3786 μὶν
676 3718 775 3780 τῆς
821 3707 1036 3777 δυάδος,
1084 3707 1385 3782 τριπλασία
1416 3706 1473 3764 δὶ
1512 3716 1613 3777 τῆς
1647 3706 1903 3781 μονάδος·
1938 3708 2053 3764 εἶτα

408 3803 621 3876 τετράς,
676 3796 1043 3875 τετραπλασία
1093 3805 1193 3867 τῆς
1245 3794 1499 3870 μονάδος·
1551 3798 1661 3851 εἶτα
1701 3796 1898 3867 ἐννεάς,
1928 3818 2051 3874 τρι-

412 3890 619 3946 πλασία
668 3895 769 3957 τῆς
827 3883 1066 3961 τριάδος·
1128 3887 1238 3940 εἶτα
1298 3881 1519 3959 ὀγδοὰς,
1572 3883 1908 3940 ὀκταπλασία
1949 3893 2048 3956 τῆς

407 3976 647 4053 μονάδος
706 3977 859 4033 οὖσα.
914 3971 1138 4042 Ἐπειδὴ
1189 3973 1289 4048 γὰρ
1336 3973 1760 4049 παρακελεύεται
1821 3977 1956 4048 ἡμῖν
2022 3977 2049 4030 6

406 4067 635 4126 Ηλάτων
665 4066 733 4121 τά
780 4061 1042 4120 διπλάσια
1083 4062 1173 4118 καί
1218 4062 1518 4139 τριπλάσια
1566 4060 1905 4137 διαστήματα
1932 4070 2050 4128 ταῖς

400 4160 723 4235 ἀρμονικαῖς
773 4154 862 4209 καὶ
912 4152 1304 4229 ἂριθμητικαῖς
1362 4151 1622 4225 μεσότησι
1672 4150 1900 4224 συνδεῖν,
1956 4174 2051 4227 μο-

395 4244 530 4301 νάδα
562 4242 620 4300 δὲ
654 4240 849 4305 δυάδος
887 4240 1082 4315 μεταξὺ
1128 4239 1325 4301 ταύτας
1363 4241 1461 4303 τὰς
1510 4240 1812 4314 μεσότητας
1853 4239 2046 4297 ἀδύνα-

395 4357 487 4391 τον
521 4334 715 4410 εὑρεῖν,
767 4331 1006 4403 ληπτέον
1052 4330 1174 4385 τινὰ
1218 4335 1437 4407 πρῶτον
1487 4331 1743 4407 ἀριθμὸν,
1771 4332 1829 4393 ’ὀς
1860 4331 2049 4408 ἐλάχι,

402 4445 527 4487 στος
558 4423 630 4477 ὣν
664 4420 767 4493 ἕξει
797 4420 887 4476 καὶ
915 4420 1090 4493 ἥμισυ
1120 4420 1207 4474 καὶ
1261 4421 1468 4495 τρίτον.
1501 4419 1766 4498 Εἰλήφθω
1798 4421 1890 4475 οὗν
1923 4423 1951 4476 6
1983 4423 2047 4489 ς’,

397 4514 487 4567 καὶ
519 4508 655 4566 ἔστω
686 4509 859 4571 οὕτως
905 4510 940 4577 ἡ
988 4506 1311 4584 ἀφῃρημένη
1361 4508 1510 4583 παρά
1555 4513 1656 4562 τοῦ
1702 4506 2046 4585 δημιουργοῦ

400 4603 505 4657 ἀπὸ
552 4599 753 4660 παντὸς
805 4602 991 4671 μοῖρα·
1031 4597 1165 4670 μετὰ
1210 4594 1268 4651 δέ
1314 4597 1407 4651 τὸν
1458 4598 1498 4659 ς’
1531 4598 1558 4652 6
1604 4594 1930 4668 δωδέκατος,
1963 4597 2044 4654 δι-

396 4689 630 4750 πλασίας
661 4685 734 4741 ὢν
779 4690 875 4741 τε)ὖ
928 4686 989 4748 ς’·
1039 4686 1149 4739 εἶτα
1180 4686 1207 4740 6
1257 4686 1348 4756 ιη’,
1390 4684 1654 4759 ἡμιόλιος
1691 4687 1785 4759 μὶν
1813 4692 1913 4742 τοῦ
1948 4690 2039 4765 ιβ’,

390 4776 715 4853 τριπλάσιος
767 4772 824 4829 δι
868 4778 965 4830 τοῦ
1010 4775 1066 4837 ς’·
1123 4774 1234 4828 εἶτα
1282 4774 1309 4828 6
1356 4772 1457 4843 κδ’,
1502 4771 1789 4837 διπλάσιος
1840 4774 1912 4831 ὣν
1945 4783 2042 4833 τοῦ

388 4869 575 4944 τρίτου
630 4865 761 4941 ὅρου
808 4868 907 4920 τοῦ
960 4864 1049 4938 ιβ’.
1084 4862 1215 4919 Εἶτα
1254 4864 1282 4918 6
1311 4860 1409 4933 νδ’,
1439 4862 1768 4939 τριπλάσιος
1821 4864 1894 4920 ὣν
1942 4872 2039 4922 τοῦ

2158 3713 2647 3786 κατεπυκνώσαμεν
2696 3711 2756 3767 ἂν
2806 3712 2895 3768 καὶ
2945 3717 3108 3769 τοῦτο
3156 3712 3220 3767 τὸ
3268 3711 3542 3787 ἐπίτριτον
3588 3719 3714 3775 τοῖς
3762 3735 3823 3767 τε

2161 3800 2449 3877 ἐπογδόοις
2479 3804 2567 3857 καὶ
2600 3806 2678 3874 τῷ
2726 3802 3010 3875 λείμματι.
3042 3806 3151 3857 Νῦν
3182 3798 3241 3856 δὲ
3272 3800 3377 3876 οὐχ
3418 3801 3611 3856 οἷόντε·
3649 3803 3679 3856 6
3710 3803 3818 3879 γὰρ

2159 3888 2425 3966 ἐπόγδοος
2455 3891 2618 3945 αὑτοῦ
2650 3891 2677 3946 6
2704 3888 2816 3945 τκδ“
2864 3890 2963 3944 οὐκ
3016 3886 3132 3965 ἔχει
3176 3886 3387 3965 ὄγδοον·
3424 3887 3509 3944 διὸ
3541 3890 3683 3964 πρὸς
3720 3893 3822 3946 αὑ-

2157 3981 2247 4036 τὸν
2280 3978 2538 4056 ἐπόγδοον
2588 3979 2829 4055 γενέσθαι
2877 3978 3039 4055 λόγον
3094 3978 3156 4034 οὑ
3206 3976 3426 4033 δυνατὸν
3476 3984 3596 4043 τοῖς
3631 3977 3821 4052 ἄτμη-

2155 4070 2247 4124 τὸν
2279 4070 2378 4137 τήν
2414 4065 2625 4141 μονάδα
2675 4065 2961 4146 φυλάττειν
3016 4068 3097 4121 ἀεὶ
3151 4066 3536 4142 βουλομένοις·
3587 4069 3650 4122 τὸ
3706 4070 3815 4142 γάρ

2158 4154 2354 4234 ὅγδοον
2400 4156 2563 4212 αὐτοῦ
2614 4178 2721 4231 μ...
2754 4154 3214 4219 Διπλασιάσαντες
3258 4157 3346 4211 οὗν
3401 4154 3581 4223 αὑτὸν,
3620 4154 3720 4212 ’ἱνα
3750 4160 3815 4212 τὸ

2154 4246 2329 4320 ἥμισυ
2360 4245 2492 4302 ὅλον
2524 4247 2867 4319 ποιήσωμεν,
2912 4242 3104 4317 ἕξομεν
3152 4244 3242 4299 καὶ
3293 4242 3458 4300 αὑτοῦ
3504 4239 3697 4299 λαϐεῖν
3749 4246 3815 4300 τὸ

2157 4332 2445 4411 ἐπόγδοον·
2496 4332 3019 4410 ἀναγκασθησόμεθα
3074 4330 3134 4388 δὲ
3192 4331 3281 4388 διὰ
3332 4337 3493 4388 τοῦτο
3537 4333 3629 4388 καὶ
3682 4333 3814 4396 τοὺς

2154 4422 2261 4498 πρὸ
2294 4422 2459 4478 αὑτοῦ
2504 4421 2952 4478 πολυπλασιάσαι
3000 4424 3201 4485 πάντας
3246 4422 3339 4477 καὶ
3381 4423 3509 4486 τοὺς
3558 4424 3676 4495 μετ’
3712 4422 3812 4477 αὖ·

2152 4514 2265 4568 τόν.
2298 4516 2489 4570 Ἔσται
2521 4513 2611 4567 οὗν
2663 4511 2780 4567 ἀντὶ
2833 4512 2926 4584 μὲν
2978 4516 3074 4567 τοῦ
3106 4512 3217 4589 ρςβ’
3244 4512 3273 4567 6
3302 4508 3441 4567 τπδ’·
3475 4510 3595 4565 ἀντὶ
3628 4508 3689 4567 δὶ
3717 4516 3816 4566 τοῦ

2153 4604 2251 4665 σιςῖ
2281 4603 2309 4657 6
2339 4600 2487 4677 υλβ’⁶
2522 4601 2641 4656 ἀντὶ
2673 4598 2730 4656 δὶ
2776 4605 2871 4655 τοῦ
2926 4601 3047 4675 σμγ’
3081 4601 3109 4655 6
3139 4601 3275 4663 υπς’·
3307 4599 3425 4655 ἀντὶ
3477 4597 3537 4655 δὲ
3578 4604 3679 4655 τοῦ
3710 4602 3815 4660 σνς’

2153 4692 2181 4746 6
2213 4692 2344 4769 φιβ’·
2379 4690 2496 4745 ἀντὶ
2546 4686 2603 4745 δὲ
2628 4688 2725 4745 τοῦ
2774 4690 2899 4761 σπη’
2929 4689 2957 4744 6
2988 4690 3123 4761 φος’·
3155 4688 3246 4744 καὶ
3288 4688 3491 4744 τούτου
3541 4686 3810 4763 ἐπόγδοος

2152 4781 2179 4835 6
2210 4781 2365 4855 χμη’·
2399 4780 2488 4834 καί
2537 4778 2732 4834 τούτου
2782 4775 3047 4853 ἐπόγδοος
3099 4779 3127 4833 6
3170 4779 3311 4851 ψκθ’·
3365 4775 3549 4832 ἔπειτα
3602 4779 3632 4831 6

2151 4867 2439 4932 διπλάσιος
2471 4868 2566 4942 μὲν
2614 4866 2688 4922 ὢν
2737 4871 2834 4923 τοῦ
2880 4864 3023 4939 τπδ’,
3074 4868 3212 4944 πρὸς
3263 4864 3321 4922 δὲ
3372 4867 3464 4922 τὸν
3514 4868 3638 4939 ψκθ’
3681 4866 3813 4922 ὅλον

387 4957 576 5036 τρίτου
607 4955 758 5033 ὅρου,
792 4953 935 5029 φημὶ
987 4950 1076 5021 δὴ,
1108 4956 1204 5007 τοῦ
1263 4954 1350 5022 ιη’·
1386 4954 1499 5007 εἶτα
1554 4953 1582 5008 ὁ
1627 4956 1739 5026 μη’,
1772 4954 2043 5011 ὀκταπλά-
2081 4965 2127 5031 1)
2156 4954 2300 5034 ἔχων
2340 4956 2438 5012 τοὺ
2488 4955 2816 5030 λείμματος.
2872 4956 2970 5011 Καὶ
3021 4955 3164 5011 οὕτω
3210 4953 3276 5024 δὴ
3333 4954 3811 5031 συμπεπλήρωται

389 5069 510 5113 σιος
538 5046 610 5101 ὢν
659 5048 756 5100 τοῦ
802 5042 1021 5119 πρώτου
1054 5040 1207 5116 ὅρου,
1255 5042 1399 5118 φημὶ
1454 5038 1549 5111 δὴ,
1578 5045 1676 5097 τοῦ
1709 5050 1773 5107 ς’,
1816 5051 2042 5122 Τοιγαρ,

386 5137 479 5193 οὖν
517 5134 709 5211 μεταξὺ
747 5134 839 5207 μέν
883 5136 980 5187 τοῦ
1029 5131 1069 5192 ς’
1099 5129 1188 5185 καὶ
1238 5131 1306 5205 ιβ’
1354 5129 1713 5204 ἐμπεσοῦνται
1754 5134 2042 5210 ἁρμονικὴ

390 5229 485 5302 μὲν
543 5225 776 5302 μεσότης
823 5223 851 5277 ὁ
888 5222 960 5292 η’,
1010 5218 1343 5295 ἀριθμητικὴ
1406 5217 1463 5275 δέ
1513 5221 1541 5275 6
1595 5222 1657 5274 θ’·
1721 5223 1917 5295 μεταξὺ
1979 5222 2036 5279 δὶ

458 5408 571 5486 (16)
599 5405 1098 5486 Sppecvacaneam
1127 5399 1467 5472 impendere
1498 5415 1736 5486 operam
1770 5402 1916 5486 mibi
1947 5404 2029 5459 νί-

389 5472 587 5543 debaé,
605 5474 654 5532 si
685 5472 745 5529 in
770 5474 1040 5529 Latinum
1072 5487 1405 5543 sermonem
1429 5472 1845 5543 convertissem
1872 5474 2023 5531 hanc

386 5542 660 5607 Pselliani
724 5545 782 5600 in
812 5544 1118 5617 Timaeum
1162 5542 1579 5617 Commentarii
1612 5548 1860 5617 par_tem,
1895 5563 2023 5617 qua:

385 5628 507 5679 tota
535 5638 604 5676 ex
626 5616 911 5689 superiori
945 5614 1438 5689 commentatione
1486 5614 1545 5689 in
1593 5615 1833 5670 modum
1865 5614 2022 5674 cem—

383 5692 580 5766 pendii
608 5686 763 5749 esset
790 5691 1081 5758 excerpta.
1110 5687 1299 5753 Quare
1327 5686 1650 5743 cavendum
1681 5689 2017 5762 censebam,

2156 5049 2217 5102 τὸ
2250 5045 2537 5102 διπλάσιον
2590 5043 2864 5118 διάστημα
2907 5050 3022 5107 τοῖς
3070 5066 3127 5100 τε
3158 5042 3449 5117 ἡμιολίαις
3491 5044 3582 5098 καὶ
3611 5044 3791 5117 ἐπιτρί

2154 5157 2268 5199 τοις
2298 5135 2388 5191 καὶ
2424 5133 2713 5210 ἐπογδόοις
2745 5133 2796 5189 ἐν
2827 5132 3017 5190 τοῖσδε
3044 5140 3161 5199 τοῖς
3191 5135 3467 5209 ἀριθμοῖς·
3491 5130 3636 5203 τπδ’,
3660 5131 3809 5207 υλβ’,

2154 5227 2296 5297 υπς’,
2329 5225 2467 5301 φιβ’,
2500 5226 2634 5302 φος’,
2668 5225 2828 5299 χμη’,
2859 5225 3004 5298 ψκθ’,
3054 5225 3193 5298 ψξηζ
3230 5221 3293 5280 Εἰ
3337 5222 3432 5277 οὖν
3480 5220 3813 5295 ἐθελήσαιμι

2149 5423 2221 5463 ne
2252 5406 2456 5462 eadem
2490 5404 2609 5461 fere
2644 5404 2734 5460 bis
2763 5403 3040 5461 dicerem.
3073 5408 3316 5460 Lumen.

2207 5478 2315 5549 (17)
2342 5476 2547 5533 Latine
2581 5493 2594 5532 :
2630 5477 2820 5543 Pselli,
2844 5476 3299 5549 philosophorum
3321 5476 3548 5549 summi,
3570 5490 3813 5549 enarra-

2135 5550 2211 5605 tio
2245 5546 2635 5605 Mathematice
2665 5549 2811 5602 artis
2848 5546 2916 5603 in
2965 5548 3163 5605 Τιτηκο
3223 5547 3472 5603 Platonis
3503 5546 3569 5602 de
3599 5547 3818 5603 anima!

2130 5621 2460 5678 substantia
2490 5621 2881 5692 generatione.
