  <div class='ocr_page' id='page_1' title='image "/cluster/home/n/w/nwhite01/storage/ocr_20150623/122/hvd.32044073502460/570.png"; bbox 0 0 4054 6200; ppageno 0'>
   <div class='ocr_carea' id='block_1_1' title="bbox 110 62 329 119">
    <p class='ocr_par' dir='ltr' id='par_1_1' title="bbox 110 62 329 119">
     <span class='ocr_line' id='line_1_1' title="bbox 110 62 329 119; baseline 0 0"><span class='ocrx_word' id='word_1_1' title='bbox 110 62 329 119; x_wconf 52' lang='grc' dir='ltr'>τυ</span> 
     </span>
    </p>
   </div>
   <div class='ocr_carea' id='block_1_2' title="bbox 240 290 398 351">
    <p class='ocr_par' dir='ltr' id='par_1_2' title="bbox 240 290 398 351">
     <span class='ocr_line' id='line_1_2' title="bbox 240 290 398 351; baseline -0.006 -2"><span class='ocrx_word' id='word_1_2' title='bbox 240 290 398 351; x_wconf 77' lang='grc'><strong>1105</strong></span> 
     </span>
    </p>
   </div>
   <div class='ocr_carea' id='block_1_3' title="bbox 1365 288 2560 351">
    <p class='ocr_par' dir='ltr' id='par_1_3' title="bbox 1365 288 2560 351">
     <span class='ocr_line' id='line_1_3' title="bbox 1365 288 2560 351; baseline 0 -2"><span class='ocrx_word' id='word_1_3' title='bbox 1365 288 1442 349; x_wconf 68' lang='lat' dir='ltr'><strong>IN</strong></span> <span class='ocrx_word' id='word_1_4' title='bbox 1489 288 2106 351; x_wconf 75' lang='lat' dir='ltr'>PSYCHOGONIAM</span> <span class='ocrx_word' id='word_1_5' title='bbox 2153 290 2560 351; x_wconf 82' lang='lat' dir='ltr'>PLATONIS.</span> 
     </span>
    </p>
   </div>
   <div class='ocr_carea' id='block_1_4' title="bbox 3499 293 3657 353">
    <p class='ocr_par' dir='ltr' id='par_1_4' title="bbox 3499 293 3657 353">
     <span class='ocr_line' id='line_1_4' title="bbox 3499 293 3657 353; baseline 0 -2"><span class='ocrx_word' id='word_1_6' title='bbox 3499 293 3657 353; x_wconf 79' lang='lat' dir='ltr'>H06</span> 
     </span>
    </p>
   </div>
   <div class='ocr_carea' id='block_1_5' title="bbox 244 416 3663 495">
    <p class='ocr_par' dir='ltr' id='par_1_5' title="bbox 244 416 3663 495">
     <span class='ocr_line' id='line_1_5' title="bbox 244 416 3663 495; baseline 0.001 -22"><span class='ocrx_word' id='word_1_7' title='bbox 244 421 341 493; x_wconf 77' lang='grc' dir='ltr'>μὲν</span> <span class='ocrx_word' id='word_1_8' title='bbox 391 416 521 474; x_wconf 82' lang='grc' dir='ltr'>ὅλον</span> <span class='ocrx_word' id='word_1_9' title='bbox 571 417 975 492; x_wconf 87' lang='grc' dir='ltr'>συμπληρῶσαι</span> <span class='ocrx_word' id='word_1_10' title='bbox 1023 417 1367 494; x_wconf 75' lang='grc' dir='ltr'>διάγραμμα,</span> <span class='ocrx_word' id='word_1_11' title='bbox 1418 418 1720 492; x_wconf 70' lang='grc' dir='ltr'>ἑκθήσομεν</span> <span class='ocrx_word' id='word_1_12' title='bbox 1765 420 1901 473; x_wconf 81' lang='grc' dir='ltr'>κατᾶ</span> <span class='ocrx_word' id='word_1_13' title='bbox 1930 423 1982 489; x_wconf 78' lang='grc' dir='ltr'>Α</span> <span class='ocrx_word' id='word_1_14' title='bbox 2016 418 2071 473; x_wconf 86' lang='grc' dir='ltr'>αί</span> <span class='ocrx_word' id='word_1_15' title='bbox 2103 422 2506 495; x_wconf 85' lang='grc' dir='ltr'>παρεντεθεῖσαι</span> <span class='ocrx_word' id='word_1_16' title='bbox 2535 422 2603 476; x_wconf 90' lang='grc' dir='ltr'>τά</span> <span class='ocrx_word' id='word_1_17' title='bbox 2630 440 2687 475; x_wconf 84' lang='grc' dir='ltr'>τε</span> <span class='ocrx_word' id='word_1_18' title='bbox 2734 417 2971 493; x_wconf 80' lang='grc' dir='ltr'>ἡμιόλια</span> <span class='ocrx_word' id='word_1_19' title='bbox 3015 420 3106 475; x_wconf 85' lang='grc' dir='ltr'>καὶ</span> <span class='ocrx_word' id='word_1_20' title='bbox 3158 418 3405 494; x_wconf 78' lang='grc' dir='ltr'>ἐπίτριτα</span> <span class='ocrx_word' id='word_1_21' title='bbox 3435 418 3663 493; x_wconf 57' lang='lat'>8.1014-</span> 
     </span>
    </p>
   </div>
   <div class='ocr_carea' id='block_1_6' title="bbox 242 505 1900 584">
    <p class='ocr_par' dir='ltr' id='par_1_6' title="bbox 242 505 1900 584">
     <span class='ocr_line' id='line_1_6' title="bbox 242 505 1900 584; baseline -0.002 -20"><span class='ocrx_word' id='word_1_22' title='bbox 242 511 308 564; x_wconf 89' lang='grc' dir='ltr'>τὸ</span> <span class='ocrx_word' id='word_1_23' title='bbox 338 508 458 579; x_wconf 76' lang='grc' dir='ltr'>ἑξῆς</span> <span class='ocrx_word' id='word_1_24' title='bbox 486 508 605 562; x_wconf 83' lang='grc' dir='ltr'>ἀντὶ</span> <span class='ocrx_word' id='word_1_25' title='bbox 649 508 745 581; x_wconf 74' lang='grc' dir='ltr'>μὲν</span> <span class='ocrx_word' id='word_1_26' title='bbox 789 514 889 577; x_wconf 82' lang='grc' dir='ltr'>τῆς</span> <span class='ocrx_word' id='word_1_27' title='bbox 934 508 1160 581; x_wconf 84' lang='grc' dir='ltr'>πρώτης</span> <span class='ocrx_word' id='word_1_28' title='bbox 1210 509 1403 584; x_wconf 80' lang='grc' dir='ltr'>μοίρας</span> <span class='ocrx_word' id='word_1_29' title='bbox 1438 509 1529 563; x_wconf 86' lang='grc' dir='ltr'>τὸν</span> <span class='ocrx_word' id='word_1_30' title='bbox 1578 505 1701 562; x_wconf 89' lang='grc' dir='ltr'>τπδ’</span> <span class='ocrx_word' id='word_1_31' title='bbox 1734 524 1747 538; x_wconf 93' lang='grc'><strong>·</strong></span> <span class='ocrx_word' id='word_1_32' title='bbox 1782 507 1900 562; x_wconf 81' lang='grc' dir='ltr'>ἀντὶ</span> 
     </span>
    </p>
   </div>
   <div class='ocr_carea' id='block_1_7' title="bbox 253 595 1903 670">
    <p class='ocr_par' dir='ltr' id='par_1_7' title="bbox 253 595 1903 670">
     <span class='ocr_line' id='line_1_7' title="bbox 253 595 1903 670; baseline -0.001 -17"><span class='ocrx_word' id='word_1_33' title='bbox 253 596 311 653; x_wconf 71' lang='grc' dir='ltr'>δὲ</span> <span class='ocrx_word' id='word_1_34' title='bbox 344 595 637 659; x_wconf 80' lang='grc' dir='ltr'>διπλασίας</span> <span class='ocrx_word' id='word_1_35' title='bbox 683 596 887 667; x_wconf 88' lang='grc' dir='ltr'>ταύτης</span> <span class='ocrx_word' id='word_1_36' title='bbox 936 598 1027 652; x_wconf 84' lang='grc' dir='ltr'>τὸν</span> <span class='ocrx_word' id='word_1_37' title='bbox 1078 597 1199 669; x_wconf 69' lang='grc' dir='ltr'>ψξη¹</span> <span class='ocrx_word' id='word_1_38' title='bbox 1234 617 1246 631; x_wconf 74' lang='grc' dir='ltr'><strong><em>ο</em></strong></span> <span class='ocrx_word' id='word_1_39' title='bbox 1299 596 1417 654; x_wconf 78' lang='grc' dir='ltr'>ἀντὶ</span> <span class='ocrx_word' id='word_1_40' title='bbox 1460 595 1516 652; x_wconf 85' lang='grc' dir='ltr'>δέ</span> <span class='ocrx_word' id='word_1_41' title='bbox 1546 599 1640 665; x_wconf 76' lang='grc' dir='ltr'>τῆς</span> <span class='ocrx_word' id='word_1_42' title='bbox 1668 595 1903 670; x_wconf 88' lang='grc' dir='ltr'>τριπλα-</span> 
     </span>
    </p>
   </div>
   <div class='ocr_carea' id='block_1_8' title="bbox 242 683 1900 762">
    <p class='ocr_par' dir='ltr' id='par_1_8' title="bbox 242 683 1900 762">
     <span class='ocr_line' id='line_1_8' title="bbox 242 683 1900 762; baseline -0.002 -19"><span class='ocrx_word' id='word_1_43' title='bbox 242 689 365 750; x_wconf 83' lang='grc' dir='ltr'>σίας</span> <span class='ocrx_word' id='word_1_44' title='bbox 402 689 495 760; x_wconf 72' lang='grc' dir='ltr'>μὲν</span> <span class='ocrx_word' id='word_1_45' title='bbox 535 694 636 756; x_wconf 74' lang='grc' dir='ltr'>τῆς</span> <span class='ocrx_word' id='word_1_46' title='bbox 683 686 909 762; x_wconf 83' lang='grc' dir='ltr'>πρώτης</span> <span class='ocrx_word' id='word_1_47' title='bbox 961 684 1227 758; x_wconf 80' lang='grc' dir='ltr'>ἡμιολίας</span> <span class='ocrx_word' id='word_1_48' title='bbox 1276 683 1335 740; x_wconf 72' lang='grc' dir='ltr'>δὲ</span> <span class='ocrx_word' id='word_1_49' title='bbox 1384 694 1485 757; x_wconf 82' lang='grc' dir='ltr'>τῆς</span> <span class='ocrx_word' id='word_1_50' title='bbox 1533 684 1779 760; x_wconf 73' lang='grc' dir='ltr'>δευτέρας</span> <span class='ocrx_word' id='word_1_51' title='bbox 1810 686 1900 741; x_wconf 90' lang='grc' dir='ltr'>τὸν</span> 
     </span>
    </p>
   </div>
   <div class='ocr_carea' id='block_1_9' title="bbox 242 772 1896 853">
    <p class='ocr_par' dir='ltr' id='par_1_9' title="bbox 242 772 1896 853">
     <span class='ocr_line' id='line_1_9' title="bbox 242 772 1896 853; baseline -0.001 -24"><span class='ocrx_word' id='word_1_52' title='bbox 242 778 396 853; x_wconf 66' lang='grc' dir='ltr'>ᾳρνβ¹</span> <span class='ocrx_word' id='word_1_53' title='bbox 430 798 443 810; x_wconf 92' lang='grc'><strong>·</strong></span> <span class='ocrx_word' id='word_1_54' title='bbox 491 777 604 831; x_wconf 81' lang='grc' dir='ltr'>ἀντὶ</span> <span class='ocrx_word' id='word_1_55' title='bbox 659 773 718 830; x_wconf 73' lang='grc' dir='ltr'>δέ</span> <span class='ocrx_word' id='word_1_56' title='bbox 760 784 859 845; x_wconf 78' lang='grc' dir='ltr'>τῆς</span> <span class='ocrx_word' id='word_1_57' title='bbox 908 776 1169 851; x_wconf 73' lang='grc' dir='ltr'>τετάρτης</span> <span class='ocrx_word' id='word_1_58' title='bbox 1223 772 1515 838; x_wconf 82' lang='grc' dir='ltr'>διπλασίας</span> <span class='ocrx_word' id='word_1_59' title='bbox 1569 782 1667 844; x_wconf 79' lang='grc' dir='ltr'>τῆς</span> <span class='ocrx_word' id='word_1_60' title='bbox 1807 777 1896 830; x_wconf 87' lang='grc' dir='ltr'>τὸν</span> 
     </span>
    </p>
   </div>
   <div class='ocr_carea' id='block_1_10' title="bbox 241 862 1901 942">
    <p class='ocr_par' dir='ltr' id='par_1_10' title="bbox 241 862 1901 942">
     <span class='ocr_line' id='line_1_10' title="bbox 241 862 1901 942; baseline -0.002 -22"><span class='ocrx_word' id='word_1_61' title='bbox 241 864 403 942; x_wconf 65' lang='grc' dir='ltr'>ᾴφλνξ</span> <span class='ocrx_word' id='word_1_62' title='bbox 437 885 451 897; x_wconf 90' lang='grc'>·</span> <span class='ocrx_word' id='word_1_63' title='bbox 482 865 601 919; x_wconf 83' lang='grc' dir='ltr'>άντί</span> <span class='ocrx_word' id='word_1_64' title='bbox 633 862 689 919; x_wconf 68' lang='grc' dir='ltr'>δὲ</span> <span class='ocrx_word' id='word_1_65' title='bbox 735 872 835 933; x_wconf 77' lang='grc' dir='ltr'>τῆς</span> <span class='ocrx_word' id='word_1_66' title='bbox 893 865 1173 937; x_wconf 80' lang='grc' dir='ltr'>μέμπτης,</span> <span class='ocrx_word' id='word_1_67' title='bbox 1296 862 1407 919; x_wconf 80' lang='grc' dir='ltr'>ἐστι</span> <span class='ocrx_word' id='word_1_68' title='bbox 1434 862 1771 937; x_wconf 81' lang='grc' dir='ltr'>τριπλασίων</span> <span class='ocrx_word' id='word_1_69' title='bbox 1802 870 1901 933; x_wconf 82' lang='grc' dir='ltr'>τῆς</span> 
     </span>
    </p>
   </div>
   <div class='ocr_carea' id='block_1_11' title="bbox 237 950 1896 1030">
    <p class='ocr_par' dir='ltr' id='par_1_11' title="bbox 237 950 1896 1030">
     <span class='ocr_line' id='line_1_11' title="bbox 237 950 1896 1030; baseline -0.001 -22"><span class='ocrx_word' id='word_1_70' title='bbox 237 956 482 1030; x_wconf 84' lang='grc' dir='ltr'>τρώτης,</span> <span class='ocrx_word' id='word_1_71' title='bbox 530 955 731 1028; x_wconf 77' lang='grc' dir='ltr'>,γυνς’·</span> <span class='ocrx_word' id='word_1_72' title='bbox 796 952 911 1008; x_wconf 83' lang='grc' dir='ltr'>ἀντὶ</span> <span class='ocrx_word' id='word_1_73' title='bbox 973 950 1030 1008; x_wconf 83' lang='grc' dir='ltr'>δὲ</span> <span class='ocrx_word' id='word_1_74' title='bbox 1085 960 1186 1021; x_wconf 76' lang='grc' dir='ltr'>τῆς</span> <span class='ocrx_word' id='word_1_75' title='bbox 1244 954 1477 1021; x_wconf 86' lang='grc' dir='ltr'>πέπτης,</span> <span class='ocrx_word' id='word_1_76' title='bbox 1538 952 1575 1022; x_wconf 77' lang='grc' dir='ltr'>ἤ</span> <span class='ocrx_word' id='word_1_77' title='bbox 1636 951 1747 1007; x_wconf 64' lang='grc' dir='ltr'>ἔστι</span> <span class='ocrx_word' id='word_1_78' title='bbox 1777 973 1896 1029; x_wconf 90' lang='grc' dir='ltr'>τρι-</span> 
     </span>
    </p>
   </div>
   <div class='ocr_carea' id='block_1_12' title="bbox 238 1038 1895 1118">
    <p class='ocr_par' dir='ltr' id='par_1_12' title="bbox 238 1038 1895 1118">
     <span class='ocr_line' id='line_1_12' title="bbox 238 1038 1895 1118; baseline -0.002 -19"><span class='ocrx_word' id='word_1_79' title='bbox 238 1041 490 1099; x_wconf 87' lang='grc' dir='ltr'>πλασίων</span> <span class='ocrx_word' id='word_1_80' title='bbox 521 1046 622 1113; x_wconf 67' lang='grc' dir='ltr'>τῆς</span> <span class='ocrx_word' id='word_1_81' title='bbox 652 1042 857 1118; x_wconf 84' lang='grc' dir='ltr'>τρίτθς,</span> <span class='ocrx_word' id='word_1_82' title='bbox 886 1043 1031 1116; x_wconf 79' lang='grc' dir='ltr'>γυνς¹</span> <span class='ocrx_word' id='word_1_83' title='bbox 1062 1060 1076 1073; x_wconf 90' lang='grc'>·</span> <span class='ocrx_word' id='word_1_84' title='bbox 1110 1039 1226 1096; x_wconf 70' lang='grc' dir='ltr'>ἀντὶ</span> <span class='ocrx_word' id='word_1_85' title='bbox 1257 1039 1314 1097; x_wconf 65' lang='grc' dir='ltr'>δὲ</span> <span class='ocrx_word' id='word_1_86' title='bbox 1341 1049 1442 1112; x_wconf 81' lang='grc' dir='ltr'>τῆς</span> <span class='ocrx_word' id='word_1_87' title='bbox 1473 1038 1652 1113; x_wconf 81' lang='grc' dir='ltr'>ἕκτης,</span> <span class='ocrx_word' id='word_1_88' title='bbox 1686 1040 1722 1110; x_wconf 77' lang='grc' dir='ltr'>ἤ</span> <span class='ocrx_word' id='word_1_89' title='bbox 1756 1040 1895 1095; x_wconf 75' lang='grc' dir='ltr'>ἐστιν</span> 
     </span>
    </p>
   </div>
   <div class='ocr_carea' id='block_1_13' title="bbox 240 1128 1899 1207">
    <p class='ocr_par' dir='ltr' id='par_1_13' title="bbox 240 1128 1899 1207">
     <span class='ocr_line' id='line_1_13' title="bbox 240 1128 1899 1207; baseline -0.002 -19"><span class='ocrx_word' id='word_1_90' title='bbox 240 1132 625 1189; x_wconf 87' lang='grc' dir='ltr'>ὀκταπλασίων</span> <span class='ocrx_word' id='word_1_91' title='bbox 674 1139 775 1202; x_wconf 80' lang='grc' dir='ltr'>τῆς</span> <span class='ocrx_word' id='word_1_92' title='bbox 825 1136 1072 1207; x_wconf 88' lang='grc' dir='ltr'>πρῶτης,</span> <span class='ocrx_word' id='word_1_93' title='bbox 1130 1132 1223 1186; x_wconf 87' lang='grc' dir='ltr'>τὸν</span> <span class='ocrx_word' id='word_1_94' title='bbox 1282 1132 1401 1207; x_wconf 80' lang='grc' dir='ltr'>γοβ¹</span> <span class='ocrx_word' id='word_1_95' title='bbox 1439 1150 1452 1164; x_wconf 77' lang='lat'>&#39;</span> <span class='ocrx_word' id='word_1_96' title='bbox 1510 1131 1628 1186; x_wconf 79' lang='grc' dir='ltr'>ἀντὶ</span> <span class='ocrx_word' id='word_1_97' title='bbox 1690 1128 1747 1185; x_wconf 72' lang='grc' dir='ltr'>δὲ</span> <span class='ocrx_word' id='word_1_98' title='bbox 1798 1137 1899 1200; x_wconf 81' lang='grc' dir='ltr'>τῆς</span> 
     </span>
    </p>
   </div>
   <div class='ocr_carea' id='block_1_14' title="bbox 237 1219 1898 1295">
    <p class='ocr_par' dir='ltr' id='par_1_14' title="bbox 237 1219 1898 1295">
     <span class='ocr_line' id='line_1_14' title="bbox 237 1219 1898 1295; baseline -0.003 -17"><span class='ocrx_word' id='word_1_99' title='bbox 237 1219 509 1295; x_wconf 74' lang='grc' dir='ltr'>ἑϐδόμης,</span> <span class='ocrx_word' id='word_1_100' title='bbox 560 1221 595 1292; x_wconf 78' lang='grc' dir='ltr'><strong>ἤ</strong></span> <span class='ocrx_word' id='word_1_101' title='bbox 649 1221 790 1277; x_wconf 80' lang='grc' dir='ltr'>ἐστιν</span> <span class='ocrx_word' id='word_1_102' title='bbox 832 1219 1485 1277; x_wconf 79' lang='grc' dir='ltr'>έπτακαιεικοσιπλασίων</span> <span class='ocrx_word' id='word_1_103' title='bbox 1532 1227 1631 1290; x_wconf 80' lang='grc' dir='ltr'>τῆς</span> <span class='ocrx_word' id='word_1_104' title='bbox 1672 1222 1898 1294; x_wconf 86' lang='grc' dir='ltr'>πρώτης</span> 
     </span>
    </p>
   </div>
   <div class='ocr_carea' id='block_1_15' title="bbox 234 1307 1892 1388">
    <p class='ocr_par' dir='ltr' id='par_1_15' title="bbox 234 1307 1892 1388">
     <span class='ocr_line' id='line_1_15' title="bbox 234 1307 1892 1388; baseline -0.004 -19"><span class='ocrx_word' id='word_1_105' title='bbox 234 1315 412 1388; x_wconf 49' lang='grc' dir='ltr'>,ιτξηᾏ</span> <span class='ocrx_word' id='word_1_106' title='bbox 464 1314 528 1369; x_wconf 84' lang='lat' dir='ltr'><strong>E&#39;t</strong></span> <span class='ocrx_word' id='word_1_107' title='bbox 578 1310 625 1367; x_wconf 88' lang='grc' dir='ltr'>δ’</span> <span class='ocrx_word' id='word_1_108' title='bbox 672 1310 763 1366; x_wconf 77' lang='grc' dir='ltr'>οὖν</span> <span class='ocrx_word' id='word_1_109' title='bbox 820 1310 1188 1384; x_wconf 73' lang='grc' dir='ltr'>ὲθηλήσαιμεν</span> <span class='ocrx_word' id='word_1_110' title='bbox 1237 1307 1433 1365; x_wconf 87' lang='grc' dir='ltr'>τούσδε</span> <span class='ocrx_word' id='word_1_111' title='bbox 1477 1312 1892 1365; x_wconf 77' lang='grc' dir='ltr'>καταπυκνῶσαι</span> 
     </span>
    </p>
   </div>
   <div class='ocr_carea' id='block_1_16' title="bbox 232 1397 1889 1478">
    <p class='ocr_par' dir='ltr' id='par_1_16' title="bbox 232 1397 1889 1478">
     <span class='ocr_line' id='line_1_16' title="bbox 232 1397 1889 1478; baseline -0.004 -20"><span class='ocrx_word' id='word_1_112' title='bbox 232 1410 359 1465; x_wconf 84' lang='grc' dir='ltr'>ταῖς</span> <span class='ocrx_word' id='word_1_113' title='bbox 419 1403 745 1478; x_wconf 83' lang='grc' dir='ltr'>ἀρμονικαῖς</span> <span class='ocrx_word' id='word_1_114' title='bbox 805 1400 897 1455; x_wconf 81' lang='grc' dir='ltr'>καὶ</span> <span class='ocrx_word' id='word_1_115' title='bbox 958 1406 1076 1462; x_wconf 91' lang='grc' dir='ltr'>ταῖς</span> <span class='ocrx_word' id='word_1_116' title='bbox 1126 1399 1516 1473; x_wconf 82' lang='grc' dir='ltr'>άριθμητικαῖς</span> <span class='ocrx_word' id='word_1_117' title='bbox 1574 1397 1889 1472; x_wconf 80' lang='grc' dir='ltr'>μεσότησιν,</span> 
     </span>
    </p>
   </div>
   <div class='ocr_carea' id='block_1_17' title="bbox 421 1616 1715 1695">
    <p class='ocr_par' dir='ltr' id='par_1_17' title="bbox 421 1616 1715 1695">
     <span class='ocr_line' id='line_1_17' title="bbox 421 1616 1715 1695; baseline -0.005 -19"><span class='ocrx_word' id='word_1_118' title='bbox 421 1620 639 1695; x_wconf 81' lang='grc' dir='ltr'>Ἐτέρας</span> <span class='ocrx_word' id='word_1_119' title='bbox 672 1617 1031 1686; x_wconf 78' lang='grc' dir='ltr'>Πλατωνίκῆς</span> <span class='ocrx_word' id='word_1_120' title='bbox 1060 1616 1297 1695; x_wconf 72' lang='grc' dir='ltr'>διανοίας</span> <span class='ocrx_word' id='word_1_121' title='bbox 1328 1617 1581 1692; x_wconf 72' lang='grc' dir='ltr'>ἐξήγησις</span> <span class='ocrx_word' id='word_1_122' title='bbox 1610 1616 1715 1672; x_wconf 81' lang='grc' dir='ltr'>ἀπὸ</span> 
     </span>
    </p>
   </div>
   <div class='ocr_carea' id='block_1_18' title="bbox 931 1691 1188 1763">
    <p class='ocr_par' dir='ltr' id='par_1_18' title="bbox 931 1691 1188 1763">
     <span class='ocr_line' id='line_1_18' title="bbox 931 1691 1188 1763; baseline 0.012 -18"><span class='ocrx_word' id='word_1_123' title='bbox 931 1691 1188 1763; x_wconf 86' lang='grc' dir='ltr'>Τιμαίου.</span> 
     </span>
    </p>
   </div>
   <div class='ocr_carea' id='block_1_19' title="bbox 316 1795 1893 1871">
    <p class='ocr_par' dir='ltr' id='par_1_19' title="bbox 316 1795 1893 1871">
     <span class='ocr_line' id='line_1_19' title="bbox 316 1795 1893 1871; baseline -0.006 -16"><span class='ocrx_word' id='word_1_124' title='bbox 316 1801 381 1857; x_wconf 85' lang='grc' dir='ltr'>α’.</span> <span class='ocrx_word' id='word_1_125' title='bbox 414 1801 571 1871; x_wconf 77' lang='grc' dir='ltr'>Ἐρᾷς</span> <span class='ocrx_word' id='word_1_126' title='bbox 608 1804 706 1866; x_wconf 78' lang='grc' dir='ltr'>τῆς</span> <span class='ocrx_word' id='word_1_127' title='bbox 756 1795 1113 1867; x_wconf 79' lang='grc' dir='ltr'>Πλατωνικῆς</span> <span class='ocrx_word' id='word_1_128' title='bbox 1165 1798 1471 1871; x_wconf 83' lang='grc' dir='ltr'>ἀκορέστως</span> <span class='ocrx_word' id='word_1_129' title='bbox 1518 1797 1726 1870; x_wconf 75' lang='grc' dir='ltr'>πηγῆς.</span> <span class='ocrx_word' id='word_1_130' title='bbox 1774 1796 1893 1847; x_wconf 82' lang='grc' dir='ltr'>Ἔτι</span> 
     </span>
    </p>
   </div>
   <div class='ocr_carea' id='block_1_20' title="bbox 237 1880 1894 1964">
    <p class='ocr_par' dir='ltr' id='par_1_20' title="bbox 237 1880 1894 1964">
     <span class='ocr_line' id='line_1_20' title="bbox 237 1880 1894 1964; baseline -0.004 -23"><span class='ocrx_word' id='word_1_131' title='bbox 237 1890 345 1964; x_wconf 76' lang='grc' dir='ltr'>γάρ</span> <span class='ocrx_word' id='word_1_132' title='bbox 376 1885 597 1961; x_wconf 86' lang='grc' dir='ltr'>πλήρης</span> <span class='ocrx_word' id='word_1_133' title='bbox 639 1887 710 1941; x_wconf 78' lang='grc' dir='ltr'>ὢν</span> <span class='ocrx_word' id='word_1_134' title='bbox 743 1890 839 1940; x_wconf 89' lang='lat'>105</span> <span class='ocrx_word' id='word_1_135' title='bbox 869 1885 1109 1958; x_wconf 89' lang='grc' dir='ltr'>νάματος</span> <span class='ocrx_word' id='word_1_136' title='bbox 1158 1886 1247 1940; x_wconf 84' lang='grc' dir='ltr'>καὶ</span> <span class='ocrx_word' id='word_1_137' title='bbox 1292 1882 1583 1959; x_wconf 80' lang='grc' dir='ltr'>ἐπιχειλής</span> <span class='ocrx_word' id='word_1_138' title='bbox 1616 1889 1715 1952; x_wconf 78' lang='grc' dir='ltr'>τῆς</span> <span class='ocrx_word' id='word_1_139' title='bbox 1756 1880 1894 1936; x_wconf 77' lang='grc' dir='ltr'>ἐκεί-</span> 
     </span>
    </p>
   </div>
   <div class='ocr_carea' id='block_1_21' title="bbox 239 1974 1892 2053">
    <p class='ocr_par' dir='ltr' id='par_1_21' title="bbox 239 1974 1892 2053">
     <span class='ocr_line' id='line_1_21' title="bbox 239 1974 1892 2053; baseline -0.005 -21"><span class='ocrx_word' id='word_1_140' title='bbox 239 1999 339 2032; x_wconf 91' lang='grc' dir='ltr'>νου</span> <span class='ocrx_word' id='word_1_141' title='bbox 369 1975 578 2053; x_wconf 70' lang='grc' dir='ltr'>σοφίας,</span> <span class='ocrx_word' id='word_1_142' title='bbox 612 1975 763 2038; x_wconf 81' lang='grc' dir='ltr'>αὗθις</span> <span class='ocrx_word' id='word_1_143' title='bbox 793 1974 900 2029; x_wconf 85' lang='grc' dir='ltr'>ἀπὸ</span> <span class='ocrx_word' id='word_1_144' title='bbox 929 1979 1027 2039; x_wconf 80' lang='grc' dir='ltr'>τῆς</span> <span class='ocrx_word' id='word_1_145' title='bbox 1077 1974 1244 2030; x_wconf 72' lang='grc' dir='ltr'>αὐτοῦ</span> <span class='ocrx_word' id='word_1_146' title='bbox 1292 1974 1456 2049; x_wconf 75' lang='grc' dir='ltr'>ὀρέγῃ</span> <span class='ocrx_word' id='word_1_147' title='bbox 1488 1977 1631 2027; x_wconf 87' lang='grc' dir='ltr'>πιεῖν</span> <span class='ocrx_word' id='word_1_148' title='bbox 1664 1990 1677 2005; x_wconf 80' lang='grc'><strong><em>⁸</em></strong></span> <span class='ocrx_word' id='word_1_149' title='bbox 1714 1974 1892 2040; x_wconf 79' lang='grc' dir='ltr'>ζητεῖς</span> 
     </span>
    </p>
   </div>
   <div class='ocr_carea' id='block_1_22' title="bbox 234 2059 1893 2141">
    <p class='ocr_par' dir='ltr' id='par_1_22' title="bbox 234 2059 1893 2141">
     <span class='ocr_line' id='line_1_22' title="bbox 234 2059 1893 2141; baseline -0.005 -21"><span class='ocrx_word' id='word_1_150' title='bbox 234 2067 363 2141; x_wconf 72' lang='grc' dir='ltr'>γάρ,</span> <span class='ocrx_word' id='word_1_151' title='bbox 395 2065 449 2120; x_wconf 91' lang='grc' dir='ltr'>τί</span> <span class='ocrx_word' id='word_1_152' title='bbox 473 2085 604 2119; x_wconf 83' lang='grc' dir='ltr'>ποτε</span> <span class='ocrx_word' id='word_1_153' title='bbox 649 2064 740 2118; x_wconf 76' lang='grc' dir='ltr'>καὶ</span> <span class='ocrx_word' id='word_1_154' title='bbox 787 2063 954 2118; x_wconf 73' lang='grc' dir='ltr'>ταῦτά</span> <span class='ocrx_word' id='word_1_155' title='bbox 997 2061 1106 2117; x_wconf 76' lang='grc' dir='ltr'>ἐστι</span> <span class='ocrx_word' id='word_1_156' title='bbox 1142 2082 1154 2132; x_wconf 87' lang='lat'>;</span> <span class='ocrx_word' id='word_1_157' title='bbox 1205 2088 1234 2115; x_wconf 92' lang='grc'>‹‹</span> <span class='ocrx_word' id='word_1_158' title='bbox 1277 2063 1493 2133; x_wconf 77' lang='grc' dir='ltr'>Ταύτην</span> <span class='ocrx_word' id='word_1_159' title='bbox 1536 2062 1625 2116; x_wconf 74' lang='grc' dir='ltr'>οὖν</span> <span class='ocrx_word' id='word_1_160' title='bbox 1674 2061 1773 2129; x_wconf 67' lang='grc' dir='ltr'>τὴν</span> <span class='ocrx_word' id='word_1_161' title='bbox 1807 2059 1893 2129; x_wconf 85' lang='grc' dir='ltr'>ξύ-</span> 
     </span>
    </p>
   </div>
   <div class='ocr_carea' id='block_1_23' title="bbox 238 2146 1893 2229">
    <p class='ocr_par' dir='ltr' id='par_1_23' title="bbox 238 2146 1893 2229">
     <span class='ocr_line' id='line_1_23' title="bbox 238 2146 1893 2229; baseline -0.004 -19"><span class='ocrx_word' id='word_1_162' title='bbox 238 2176 449 2223; x_wconf 84' lang='grc' dir='ltr'>στασιν,</span> <span class='ocrx_word' id='word_1_163' title='bbox 496 2151 619 2229; x_wconf 80' lang='grc' dir='ltr'>περὶ</span> <span class='ocrx_word' id='word_1_164' title='bbox 666 2157 763 2208; x_wconf 91' lang='lat'>105</span> <span class='ocrx_word' id='word_1_165' title='bbox 813 2157 1166 2227; x_wconf 78' lang='grc' dir='ltr'>Δημιουργοῦ</span> <span class='ocrx_word' id='word_1_166' title='bbox 1216 2151 1386 2229; x_wconf 86' lang='grc' dir='ltr'>λίγων</span> <span class='ocrx_word' id='word_1_167' title='bbox 1436 2152 1464 2206; x_wconf 98' lang='lat'>6</span> <span class='ocrx_word' id='word_1_168' title='bbox 1509 2149 1762 2217; x_wconf 81' lang='grc' dir='ltr'>Πλάτων,</span> <span class='ocrx_word' id='word_1_169' title='bbox 1813 2146 1893 2203; x_wconf 85' lang='grc' dir='ltr'>δι-</span> 
     </span>
    </p>
   </div>
   <div class='ocr_carea' id='block_1_24' title="bbox 236 2238 1890 2317">
    <p class='ocr_par' dir='ltr' id='par_1_24' title="bbox 236 2238 1890 2317">
     <span class='ocr_line' id='line_1_24' title="bbox 236 2238 1890 2317; baseline -0.004 -19"><span class='ocrx_word' id='word_1_170' title='bbox 236 2244 389 2313; x_wconf 80' lang='grc' dir='ltr'>πλῆν</span> <span class='ocrx_word' id='word_1_171' title='bbox 438 2244 573 2297; x_wconf 73' lang='grc' dir='ltr'>κατά</span> <span class='ocrx_word' id='word_1_172' title='bbox 632 2248 809 2315; x_wconf 80' lang='grc' dir='ltr'>μῆκος</span> <span class='ocrx_word' id='word_1_173' title='bbox 888 2243 1085 2317; x_wconf 84' lang='grc' dir='ltr'>σχίσας</span> <span class='ocrx_word' id='word_1_174' title='bbox 1158 2241 1247 2296; x_wconf 83' lang='grc' dir='ltr'>καὶ</span> <span class='ocrx_word' id='word_1_175' title='bbox 1310 2243 1471 2313; x_wconf 88' lang='grc' dir='ltr'>μέσον</span> <span class='ocrx_word' id='word_1_176' title='bbox 1530 2240 1667 2315; x_wconf 86' lang='grc' dir='ltr'>πρὸς</span> <span class='ocrx_word' id='word_1_177' title='bbox 1724 2238 1890 2311; x_wconf 86' lang='grc' dir='ltr'>μέσην</span> 
     </span>
    </p>
   </div>
   <div class='ocr_carea' id='block_1_25' title="bbox 236 2326 1896 2408">
    <p class='ocr_par' dir='ltr' id='par_1_25' title="bbox 236 2326 1896 2408">
     <span class='ocr_line' id='line_1_25' title="bbox 236 2326 1896 2408; baseline -0.005 -19"><span class='ocrx_word' id='word_1_178' title='bbox 236 2333 496 2408; x_wconf 74' lang='grc' dir='ltr'>ἑκατέραν</span> <span class='ocrx_word' id='word_1_179' title='bbox 529 2330 801 2402; x_wconf 83' lang='grc' dir='ltr'>ἀλληλοις</span> <span class='ocrx_word' id='word_1_180' title='bbox 833 2332 943 2386; x_wconf 69' lang='grc' dir='ltr'>οἷον</span> <span class='ocrx_word' id='word_1_181' title='bbox 980 2335 1046 2406; x_wconf 85' lang='grc' dir='ltr'>χῖ</span> <span class='ocrx_word' id='word_1_182' title='bbox 1073 2326 1404 2407; x_wconf 87' lang='grc' dir='ltr'>προσϐαλὼν</span> <span class='ocrx_word' id='word_1_183' title='bbox 1446 2327 1766 2404; x_wconf 81' lang='grc' dir='ltr'>καταντικρὺ</span> <span class='ocrx_word' id='word_1_184' title='bbox 1795 2330 1896 2391; x_wconf 78' lang='grc' dir='ltr'>τῆς</span> 
     </span>
    </p>
   </div>
   <div class='ocr_carea' id='block_1_26' title="bbox 236 2415 1896 2497">
    <p class='ocr_par' dir='ltr' id='par_1_26' title="bbox 236 2415 1896 2497">
     <span class='ocr_line' id='line_1_26' title="bbox 236 2415 1896 2497; baseline -0.004 -21"><span class='ocrx_word' id='word_1_185' title='bbox 236 2416 584 2497; x_wconf 76' lang='grc' dir='ltr'>προσϐολῆς,</span> <span class='ocrx_word' id='word_1_186' title='bbox 640 2419 729 2475; x_wconf 75' lang='grc' dir='ltr'>καὶ</span> <span class='ocrx_word' id='word_1_187' title='bbox 781 2419 831 2473; x_wconf 78' lang='grc' dir='ltr'>ἐν</span> <span class='ocrx_word' id='word_1_188' title='bbox 1043 2419 1179 2473; x_wconf 83' lang='grc' dir='ltr'>κατᾶ</span> <span class='ocrx_word' id='word_1_189' title='bbox 1233 2417 1400 2473; x_wconf 81' lang='grc' dir='ltr'>ταύτᾶ</span> <span class='ocrx_word' id='word_1_190' title='bbox 1456 2416 1545 2473; x_wconf 76' lang='grc' dir='ltr'>καὶ</span> <span class='ocrx_word' id='word_1_191' title='bbox 1605 2416 1655 2472; x_wconf 82' lang='grc' dir='ltr'>έν</span> <span class='ocrx_word' id='word_1_192' title='bbox 1713 2415 1896 2488; x_wconf 80' lang='grc' dir='ltr'>ταύτῴ</span> 
     </span>
    </p>
   </div>
   <div class='ocr_carea' id='block_1_27' title="bbox 236 2501 1895 2585">
    <p class='ocr_par' dir='ltr' id='par_1_27' title="bbox 236 2501 1895 2585">
     <span class='ocr_line' id='line_1_27' title="bbox 236 2501 1895 2585; baseline -0.006 -18"><span class='ocrx_word' id='word_1_193' title='bbox 236 2511 618 2585; x_wconf 76' lang='grc' dir='ltr'>περιαγομένῃ</span> <span class='ocrx_word' id='word_1_194' title='bbox 666 2510 874 2578; x_wconf 79' lang='grc' dir='ltr'>κινήσει</span> <span class='ocrx_word' id='word_1_195' title='bbox 925 2506 1079 2584; x_wconf 89' lang='grc' dir='ltr'>πέριξ</span> <span class='ocrx_word' id='word_1_196' title='bbox 1131 2506 1291 2569; x_wconf 79' lang='grc' dir='ltr'>αὐτὰς</span> <span class='ocrx_word' id='word_1_197' title='bbox 1352 2501 1509 2573; x_wconf 87' lang='grc' dir='ltr'>λάϐε,</span> <span class='ocrx_word' id='word_1_198' title='bbox 1562 2506 1649 2560; x_wconf 81' lang='grc' dir='ltr'>καὶ</span> <span class='ocrx_word' id='word_1_199' title='bbox 1703 2505 1765 2559; x_wconf 88' lang='grc' dir='ltr'>τὸ</span> <span class='ocrx_word' id='word_1_200' title='bbox 1801 2504 1895 2577; x_wconf 76' lang='grc' dir='ltr'>μὲν</span> 
     </span>
    </p>
   </div>
   <div class='ocr_carea' id='block_1_28' title="bbox 237 2593 1892 2675">
    <p class='ocr_par' dir='ltr' id='par_1_28' title="bbox 237 2593 1892 2675">
     <span class='ocr_line' id='line_1_28' title="bbox 237 2593 1892 2675; baseline -0.004 -21"><span class='ocrx_word' id='word_1_201' title='bbox 237 2599 669 2675; x_wconf 75' lang='grc' dir='ltr'>ἔξω(θεν)φοραν</span> <span class='ocrx_word' id='word_1_202' title='bbox 711 2598 1054 2675; x_wconf 68' lang='grc' dir='ltr'>ἐπηνρήμισεν</span> <span class='ocrx_word' id='word_1_203' title='bbox 1108 2597 1240 2651; x_wconf 76' lang='grc' dir='ltr'>εἶναι</span> <span class='ocrx_word' id='word_1_204' title='bbox 1284 2603 1383 2666; x_wconf 81' lang='grc' dir='ltr'>τῆς</span> <span class='ocrx_word' id='word_1_205' title='bbox 1426 2594 1627 2651; x_wconf 84' lang='grc' dir='ltr'>ταύτοῦ</span> <span class='ocrx_word' id='word_1_206' title='bbox 1658 2593 1892 2672; x_wconf 70' lang='grc' dir='ltr'>φύσεως,</span> 
     </span>
    </p>
   </div>
   <div class='ocr_carea' id='block_1_29' title="bbox 233 2682 1895 2761">
    <p class='ocr_par' dir='ltr' id='par_1_29' title="bbox 233 2682 1895 2761">
     <span class='ocr_line' id='line_1_29' title="bbox 233 2682 1895 2761; baseline -0.004 -18"><span class='ocrx_word' id='word_1_207' title='bbox 233 2692 342 2759; x_wconf 80' lang='grc' dir='ltr'>τήν</span> <span class='ocrx_word' id='word_1_208' title='bbox 374 2686 422 2743; x_wconf 86' lang='grc' dir='ltr'>δ’</span> <span class='ocrx_word' id='word_1_209' title='bbox 452 2689 601 2749; x_wconf 76' lang='grc' dir='ltr'>ἐντὸς</span> <span class='ocrx_word' id='word_1_210' title='bbox 630 2694 728 2757; x_wconf 80' lang='grc' dir='ltr'>τῆς</span> <span class='ocrx_word' id='word_1_211' title='bbox 760 2687 1004 2761; x_wconf 82' lang='grc' dir='ltr'>Θατέρου.</span> <span class='ocrx_word' id='word_1_212' title='bbox 1058 2688 1166 2754; x_wconf 74' lang='grc' dir='ltr'>Τήν</span> <span class='ocrx_word' id='word_1_213' title='bbox 1223 2686 1317 2757; x_wconf 78' lang='grc' dir='ltr'>μὶν</span> <span class='ocrx_word' id='word_1_214' title='bbox 1371 2682 1437 2753; x_wconf 76' lang='grc' dir='ltr'>δὴ</span> <span class='ocrx_word' id='word_1_215' title='bbox 1484 2683 1688 2753; x_wconf 81' lang='grc' dir='ltr'>ταύτης</span> <span class='ocrx_word' id='word_1_216' title='bbox 1728 2682 1895 2737; x_wconf 89' lang='grc' dir='ltr'>πλευ-</span> 
     </span>
    </p>
   </div>
   <div class='ocr_carea' id='block_1_30' title="bbox 237 2769 1902 2853">
    <p class='ocr_par' dir='ltr' id='par_1_30' title="bbox 237 2769 1902 2853">
     <span class='ocr_line' id='line_1_30' title="bbox 237 2769 1902 2853; baseline -0.005 -20"><span class='ocrx_word' id='word_1_217' title='bbox 237 2781 339 2853; x_wconf 74' lang='grc' dir='ltr'>ράν</span> <span class='ocrx_word' id='word_1_218' title='bbox 382 2777 467 2833; x_wconf 75' lang='grc' dir='ltr'>ἐπὶ</span> <span class='ocrx_word' id='word_1_219' title='bbox 522 2774 666 2847; x_wconf 74' lang='grc' dir='ltr'>δεξιά</span> <span class='ocrx_word' id='word_1_220' title='bbox 711 2778 1036 2851; x_wconf 84' lang='grc' dir='ltr'>περιήγαγε,</span> <span class='ocrx_word' id='word_1_221' title='bbox 1084 2776 1182 2844; x_wconf 83' lang='grc' dir='ltr'>τήν</span> <span class='ocrx_word' id='word_1_222' title='bbox 1234 2772 1292 2828; x_wconf 77' lang='grc' dir='ltr'>δὲ</span> <span class='ocrx_word' id='word_1_223' title='bbox 1340 2772 1561 2845; x_wconf 84' lang='grc' dir='ltr'>θατέραν</span> <span class='ocrx_word' id='word_1_224' title='bbox 1611 2773 1749 2826; x_wconf 73' lang='grc' dir='ltr'>κατὰ</span> <span class='ocrx_word' id='word_1_225' title='bbox 1788 2769 1902 2826; x_wconf 84' lang='grc' dir='ltr'>διά-</span> 
     </span>
    </p>
   </div>
   <div class='ocr_carea' id='block_1_31' title="bbox 241 2860 1897 2941">
    <p class='ocr_par' dir='ltr' id='par_1_31' title="bbox 241 2860 1897 2941">
     <span class='ocr_line' id='line_1_31' title="bbox 241 2860 1897 2941; baseline -0.005 -19"><span class='ocrx_word' id='word_1_226' title='bbox 241 2887 441 2941; x_wconf 82' lang='grc' dir='ltr'>μετρον</span> <span class='ocrx_word' id='word_1_227' title='bbox 488 2864 570 2921; x_wconf 83' lang='grc' dir='ltr'>ἐπ’</span> <span class='ocrx_word' id='word_1_228' title='bbox 622 2865 895 2938; x_wconf 79' lang='grc' dir='ltr'>ἀριστερά.</span> <span class='ocrx_word' id='word_1_229' title='bbox 949 2862 1152 2937; x_wconf 81' lang='grc' dir='ltr'>Κράτος</span> <span class='ocrx_word' id='word_1_230' title='bbox 1202 2860 1404 2917; x_wconf 85' lang='grc' dir='ltr'>δέδωκε</span> <span class='ocrx_word' id='word_1_231' title='bbox 1445 2866 1514 2935; x_wconf 79' lang='grc' dir='ltr'>τῇ</span> <span class='ocrx_word' id='word_1_232' title='bbox 1561 2861 1759 2916; x_wconf 81' lang='grc' dir='ltr'>ταύτοῦ</span> <span class='ocrx_word' id='word_1_233' title='bbox 1807 2861 1897 2915; x_wconf 85' lang='grc' dir='ltr'>καὶ</span> 
     </span>
    </p>
   </div>
   <div class='ocr_carea' id='block_1_32' title="bbox 238 2946 1896 3031">
    <p class='ocr_par' dir='ltr' id='par_1_32' title="bbox 238 2946 1896 3031">
     <span class='ocr_line' id='line_1_32' title="bbox 238 2946 1896 3031; baseline -0.005 -20"><span class='ocrx_word' id='word_1_234' title='bbox 238 2956 444 3028; x_wconf 81' lang='grc' dir='ltr'>ὁμοίου</span> <span class='ocrx_word' id='word_1_235' title='bbox 494 2959 802 3031; x_wconf 64' lang='grc' dir='ltr'>περιφορᾷ’</span> <span class='ocrx_word' id='word_1_236' title='bbox 857 2953 981 3025; x_wconf 80' lang='grc' dir='ltr'>μίαν</span> <span class='ocrx_word' id='word_1_237' title='bbox 1041 2953 1142 3027; x_wconf 75' lang='grc' dir='ltr'>γάρ</span> <span class='ocrx_word' id='word_1_238' title='bbox 1200 2952 1364 3020; x_wconf 69' lang='grc' dir='ltr'>αὕτην</span> <span class='ocrx_word' id='word_1_239' title='bbox 1418 2954 1677 3025; x_wconf 74' lang='grc' dir='ltr'>ἄσχιστον</span> <span class='ocrx_word' id='word_1_240' title='bbox 1730 2946 1896 3019; x_wconf 82' lang='grc' dir='ltr'>είάσε,</span> 
     </span>
    </p>
   </div>
   <div class='ocr_carea' id='block_1_33' title="bbox 234 3036 1896 3118">
    <p class='ocr_par' dir='ltr' id='par_1_33' title="bbox 234 3036 1896 3118">
     <span class='ocr_line' id='line_1_33' title="bbox 234 3036 1896 3118; baseline -0.005 -19"><span class='ocrx_word' id='word_1_241' title='bbox 234 3048 341 3115; x_wconf 82' lang='grc' dir='ltr'>τήν</span> <span class='ocrx_word' id='word_1_242' title='bbox 387 3042 445 3099; x_wconf 70' lang='grc' dir='ltr'>δὲ</span> <span class='ocrx_word' id='word_1_243' title='bbox 499 3042 647 3105; x_wconf 75' lang='grc' dir='ltr'>ἐντὸς</span> <span class='ocrx_word' id='word_1_244' title='bbox 695 3042 888 3118; x_wconf 73' lang='grc' dir='ltr'>σχίσας</span> <span class='ocrx_word' id='word_1_245' title='bbox 936 3041 1145 3116; x_wconf 79' lang='grc' dir='ltr'>ἐξαχῶς</span> <span class='ocrx_word' id='word_1_246' title='bbox 1197 3040 1331 3095; x_wconf 73' lang='grc' dir='ltr'>ἒπτᾶ</span> <span class='ocrx_word' id='word_1_247' title='bbox 1387 3038 1623 3100; x_wconf 88' lang='grc' dir='ltr'>κύκλυυς</span> <span class='ocrx_word' id='word_1_248' title='bbox 1680 3036 1896 3098; x_wconf 84' lang='grc' dir='ltr'>ἀνίσους</span> 
     </span>
    </p>
   </div>
   <div class='ocr_carea' id='block_1_34' title="bbox 235 3125 1892 3206">
    <p class='ocr_par' dir='ltr' id='par_1_34' title="bbox 235 3125 1892 3206">
     <span class='ocr_line' id='line_1_34' title="bbox 235 3125 1892 3206; baseline -0.006 -17"><span class='ocrx_word' id='word_1_249' title='bbox 235 3134 380 3189; x_wconf 71' lang='grc' dir='ltr'>κατὰ</span> <span class='ocrx_word' id='word_1_250' title='bbox 425 3135 525 3203; x_wconf 76' lang='grc' dir='ltr'>τὴν</span> <span class='ocrx_word' id='word_1_251' title='bbox 582 3136 679 3187; x_wconf 91' lang='lat'>105</span> <span class='ocrx_word' id='word_1_252' title='bbox 738 3128 1031 3186; x_wconf 86' lang='grc' dir='ltr'>διπλασίου</span> <span class='ocrx_word' id='word_1_253' title='bbox 1079 3129 1171 3184; x_wconf 79' lang='grc' dir='ltr'>καὶ</span> <span class='ocrx_word' id='word_1_254' title='bbox 1228 3127 1556 3206; x_wconf 86' lang='grc' dir='ltr'>τριπλασίου</span> <span class='ocrx_word' id='word_1_255' title='bbox 1617 3125 1892 3182; x_wconf 86' lang='grc' dir='ltr'>διάστασιν</span> 
     </span>
    </p>
   </div>
   <div class='ocr_carea' id='block_1_35' title="bbox 240 3217 1898 3293">
    <p class='ocr_par' dir='ltr' id='par_1_35' title="bbox 240 3217 1898 3293">
     <span class='ocr_line' id='line_1_35' title="bbox 240 3217 1898 3293; baseline -0.005 -15"><span class='ocrx_word' id='word_1_256' title='bbox 240 3222 501 3292; x_wconf 77' lang='grc' dir='ltr'>ἑκάστην,</span> <span class='ocrx_word' id='word_1_257' title='bbox 548 3221 721 3277; x_wconf 69' lang='grc' dir='ltr'>οὐσῶν</span> <span class='ocrx_word' id='word_1_258' title='bbox 773 3221 1041 3293; x_wconf 73' lang='grc' dir='ltr'>ἑκατέρων</span> <span class='ocrx_word' id='word_1_259' title='bbox 1085 3223 1276 3293; x_wconf 80' lang='grc' dir='ltr'>τριῶν,</span> <span class='ocrx_word' id='word_1_260' title='bbox 1324 3218 1459 3273; x_wconf 75' lang='grc' dir='ltr'>κατὰ</span> <span class='ocrx_word' id='word_1_261' title='bbox 1502 3217 1753 3272; x_wconf 85' lang='grc' dir='ltr'>τάναντία</span> <span class='ocrx_word' id='word_1_262' title='bbox 1805 3217 1898 3287; x_wconf 78' lang='grc' dir='ltr'>μὶν</span> 
     </span>
    </p>
   </div>
   <div class='ocr_carea' id='block_1_36' title="bbox 239 3302 1899 3385">
    <p class='ocr_par' dir='ltr' id='par_1_36' title="bbox 239 3302 1899 3385">
     <span class='ocr_line' id='line_1_36' title="bbox 239 3302 1899 3385; baseline -0.005 -18"><span class='ocrx_word' id='word_1_263' title='bbox 239 3311 523 3381; x_wconf 75' lang='grc' dir='ltr'>ἀλλήλοις</span> <span class='ocrx_word' id='word_1_264' title='bbox 570 3311 891 3385; x_wconf 78' lang='grc' dir='ltr'>προσέταξεν</span> <span class='ocrx_word' id='word_1_265' title='bbox 945 3307 1077 3363; x_wconf 76' lang='grc' dir='ltr'>ἰέναι</span> <span class='ocrx_word' id='word_1_266' title='bbox 1128 3307 1255 3370; x_wconf 77' lang='grc' dir='ltr'>τοὺς</span> <span class='ocrx_word' id='word_1_267' title='bbox 1302 3305 1563 3376; x_wconf 88' lang='grc' dir='ltr'>κύκλους,</span> <span class='ocrx_word' id='word_1_268' title='bbox 1615 3304 1809 3380; x_wconf 82' lang='grc' dir='ltr'>τάχιον</span> <span class='ocrx_word' id='word_1_269' title='bbox 1842 3302 1899 3358; x_wconf 74' lang='grc' dir='ltr'>δὲ</span> 
     </span>
    </p>
   </div>
   <div class='ocr_carea' id='block_1_37' title="bbox 239 3392 1895 3474">
    <p class='ocr_par' dir='ltr' id='par_1_37' title="bbox 239 3392 1895 3474">
     <span class='ocr_line' id='line_1_37' title="bbox 239 3392 1895 3474; baseline -0.006 -18"><span class='ocrx_word' id='word_1_270' title='bbox 239 3405 393 3474; x_wconf 81' lang='grc' dir='ltr'>τρεῖς</span> <span class='ocrx_word' id='word_1_271' title='bbox 428 3401 520 3472; x_wconf 79' lang='grc' dir='ltr'>μέν</span> <span class='ocrx_word' id='word_1_272' title='bbox 557 3398 767 3473; x_wconf 88' lang='grc' dir='ltr'>ὁμοίως</span> <span class='ocrx_word' id='word_1_273' title='bbox 801 3398 854 3453; x_wconf 82' lang='grc' dir='ltr'>ἐν</span> <span class='ocrx_word' id='word_1_274' title='bbox 913 3396 1066 3474; x_wconf 80' lang='grc' dir='ltr'>λόγῳ</span> <span class='ocrx_word' id='word_1_275' title='bbox 1116 3394 1172 3451; x_wconf 73' lang='grc' dir='ltr'>δὲ</span> <span class='ocrx_word' id='word_1_276' title='bbox 1205 3395 1527 3474; x_wconf 67' lang='grc' dir='ltr'>φερομένας.</span> <span class='ocrx_word' id='word_1_277' title='bbox 1560 3418 1587 3447; x_wconf 83' lang='grc'>››</span> <span class='ocrx_word' id='word_1_278' title='bbox 1622 3393 1768 3464; x_wconf 68' lang='grc' dir='ltr'>Αὕτη</span> <span class='ocrx_word' id='word_1_279' title='bbox 1801 3392 1895 3466; x_wconf 74' lang='grc' dir='ltr'>μὲν</span> 
     </span>
    </p>
   </div>
   <div class='ocr_carea' id='block_1_38' title="bbox 242 3487 843 3559">
    <p class='ocr_par' dir='ltr' id='par_1_38' title="bbox 242 3487 843 3559">
     <span class='ocr_line' id='line_1_38' title="bbox 242 3487 843 3559; baseline -0.002 -15"><span class='ocrx_word' id='word_1_280' title='bbox 242 3492 279 3559; x_wconf 80' lang='grc' dir='ltr'><strong>ἡ</strong></span> <span class='ocrx_word' id='word_1_281' title='bbox 316 3487 647 3558; x_wconf 85' lang='grc' dir='ltr'>Πλατωνική</span> <span class='ocrx_word' id='word_1_282' title='bbox 678 3488 843 3557; x_wconf 80' lang='grc' dir='ltr'>λέξις.</span> 
     </span>
    </p>
   </div>
   <div class='ocr_carea' id='block_1_39' title="bbox 320 3571 1895 3655">
    <p class='ocr_par' dir='ltr' id='par_1_39' title="bbox 320 3571 1895 3655">
     <span class='ocr_line' id='line_1_39' title="bbox 320 3571 1895 3655; baseline -0.009 -17"><span class='ocrx_word' id='word_1_283' title='bbox 320 3579 391 3655; x_wconf 87' lang='grc' dir='ltr'>β’.</span> <span class='ocrx_word' id='word_1_284' title='bbox 445 3580 508 3635; x_wconf 84' lang='grc' dir='ltr'><strong><em>Ἡ</em></strong></span> <span class='ocrx_word' id='word_1_285' title='bbox 564 3576 621 3632; x_wconf 73' lang='grc' dir='ltr'>δὲ</span> <span class='ocrx_word' id='word_1_286' title='bbox 698 3578 957 3652; x_wconf 74' lang='grc' dir='ltr'>ἐξήγησις</span> <span class='ocrx_word' id='word_1_287' title='bbox 990 3596 1003 3609; x_wconf 93' lang='grc'><strong>·</strong></span> <span class='ocrx_word' id='word_1_288' title='bbox 1081 3575 1625 3651; x_wconf 70' lang='grc' dir='ltr'>Κατακεκάμφθωσαν</span> <span class='ocrx_word' id='word_1_289' title='bbox 1696 3571 1895 3635; x_wconf 79' lang='grc' dir='ltr'>εὐθεῖαι</span> 
     </span>
    </p>
   </div>
   <div class='ocr_carea' id='block_1_40' title="bbox 241 3659 1895 3741">
    <p class='ocr_par' dir='ltr' id='par_1_40' title="bbox 241 3659 1895 3741">
     <span class='ocr_line' id='line_1_40' title="bbox 241 3659 1895 3741; baseline -0.006 -18"><span class='ocrx_word' id='word_1_290' title='bbox 241 3669 445 3735; x_wconf 66' lang='grc' dir='ltr'>οὕτως,</span> <span class='ocrx_word' id='word_1_291' title='bbox 497 3668 634 3723; x_wconf 82' lang='grc' dir='ltr'>ὥστε</span> <span class='ocrx_word' id='word_1_292' title='bbox 682 3666 817 3721; x_wconf 82' lang='grc' dir='ltr'>κατᾶ</span> <span class='ocrx_word' id='word_1_293' title='bbox 864 3666 927 3720; x_wconf 75' lang='grc' dir='ltr'>τὰ</span> <span class='ocrx_word' id='word_1_294' title='bbox 978 3668 1115 3741; x_wconf 73' lang='grc' dir='ltr'>ἄκρα</span> <span class='ocrx_word' id='word_1_295' title='bbox 1169 3662 1335 3719; x_wconf 87' lang='grc' dir='ltr'>πάλιν</span> <span class='ocrx_word' id='word_1_296' title='bbox 1392 3663 1767 3724; x_wconf 88' lang='grc' dir='ltr'>συνάπτεσθαι.</span> <span class='ocrx_word' id='word_1_297' title='bbox 1806 3659 1895 3714; x_wconf 88' lang='grc' dir='ltr'>Γί-</span> 
     </span>
    </p>
   </div>
   <div class='ocr_carea' id='block_1_41' title="bbox 238 3750 1894 3826">
    <p class='ocr_par' dir='ltr' id='par_1_41' title="bbox 238 3750 1894 3826">
     <span class='ocr_line' id='line_1_41' title="bbox 238 3750 1894 3826; baseline -0.006 -14"><span class='ocrx_word' id='word_1_298' title='bbox 238 3779 429 3812; x_wconf 85' lang='grc' dir='ltr'>νονται</span> <span class='ocrx_word' id='word_1_299' title='bbox 464 3755 520 3812; x_wconf 63' lang='lat' dir='ltr'><strong>Si</strong></span> <span class='ocrx_word' id='word_1_300' title='bbox 550 3755 646 3812; x_wconf 76' lang='grc' dir='ltr'>δύο</span> <span class='ocrx_word' id='word_1_301' title='bbox 696 3754 913 3823; x_wconf 80' lang='grc' dir='ltr'>κύκλοι,</span> <span class='ocrx_word' id='word_1_302' title='bbox 942 3756 1030 3809; x_wconf 85' lang='grc' dir='ltr'>καί</span> <span class='ocrx_word' id='word_1_303' title='bbox 1081 3753 1287 3809; x_wconf 89' lang='grc' dir='ltr'>τούτων</span> <span class='ocrx_word' id='word_1_304' title='bbox 1338 3752 1700 3826; x_wconf 86' lang='grc' dir='ltr'>γεγονέτωσαν</span> <span class='ocrx_word' id='word_1_305' title='bbox 1736 3750 1763 3803; x_wconf 86' lang='grc' dir='ltr'>ὁ</span> <span class='ocrx_word' id='word_1_306' title='bbox 1800 3750 1894 3821; x_wconf 78' lang='grc' dir='ltr'>μὲν</span> 
     </span>
    </p>
   </div>
   <div class='ocr_carea' id='block_1_42' title="bbox 238 3838 1893 3917">
    <p class='ocr_par' dir='ltr' id='par_1_42' title="bbox 238 3838 1893 3917">
     <span class='ocr_line' id='line_1_42' title="bbox 238 3838 1893 3917; baseline -0.006 -15"><span class='ocrx_word' id='word_1_307' title='bbox 238 3847 421 3916; x_wconf 68' lang='grc' dir='ltr'>ἐντὸς,</span> <span class='ocrx_word' id='word_1_308' title='bbox 472 3848 499 3900; x_wconf 88' lang='lat'>6</span> <span class='ocrx_word' id='word_1_309' title='bbox 558 3844 615 3900; x_wconf 76' lang='grc' dir='ltr'>δὲ</span> <span class='ocrx_word' id='word_1_310' title='bbox 662 3844 836 3909; x_wconf 80' lang='grc' dir='ltr'>ἐκτὸς,</span> <span class='ocrx_word' id='word_1_311' title='bbox 887 3844 1036 3916; x_wconf 78' lang='grc' dir='ltr'>λοξοὶ</span> <span class='ocrx_word' id='word_1_312' title='bbox 1091 3843 1227 3917; x_wconf 89' lang='grc' dir='ltr'>πρὸς</span> <span class='ocrx_word' id='word_1_313' title='bbox 1274 3839 1579 3911; x_wconf 83' lang='grc' dir='ltr'>ἀλλήλους.</span> <span class='ocrx_word' id='word_1_314' title='bbox 1634 3838 1893 3894; x_wconf 83' lang='grc' dir='ltr'>Καλεῖται</span> 
     </span>
    </p>
   </div>
   <div class='ocr_carea' id='block_1_43' title="bbox 236 3926 1895 4008">
    <p class='ocr_par' dir='ltr' id='par_1_43' title="bbox 236 3926 1895 4008">
     <span class='ocr_line' id='line_1_43' title="bbox 236 3926 1895 4008; baseline -0.007 -17"><span class='ocrx_word' id='word_1_315' title='bbox 236 3937 427 3992; x_wconf 85' lang='grc' dir='ltr'>τοίνυν</span> <span class='ocrx_word' id='word_1_316' title='bbox 463 3936 491 3989; x_wconf 89' lang='lat'>6</span> <span class='ocrx_word' id='word_1_317' title='bbox 534 3936 628 4008; x_wconf 74' lang='grc' dir='ltr'>μὲν</span> <span class='ocrx_word' id='word_1_318' title='bbox 678 3934 874 3989; x_wconf 75' lang='grc' dir='ltr'>ταύτοῦ</span> <span class='ocrx_word' id='word_1_319' title='bbox 921 3930 1147 4000; x_wconf 82' lang='grc' dir='ltr'>κύκλος,</span> <span class='ocrx_word' id='word_1_320' title='bbox 1199 3932 1227 3985; x_wconf 90' lang='grc' dir='ltr'><strong>ὁ</strong></span> <span class='ocrx_word' id='word_1_321' title='bbox 1272 3928 1330 3985; x_wconf 77' lang='grc' dir='ltr'>δὶ</span> <span class='ocrx_word' id='word_1_322' title='bbox 1360 3930 1585 4003; x_wconf 85' lang='grc' dir='ltr'>θατέρου</span> <span class='ocrx_word' id='word_1_323' title='bbox 1622 3948 1633 3961; x_wconf 84' lang='grc'><em>’</em></span> <span class='ocrx_word' id='word_1_324' title='bbox 1666 3927 1755 3981; x_wconf 83' lang='grc' dir='ltr'>καί</span> <span class='ocrx_word' id='word_1_325' title='bbox 1786 3926 1895 3982; x_wconf 75' lang='grc' dir='ltr'>ἐστι</span> 
     </span>
    </p>
   </div>
   <div class='ocr_carea' id='block_1_44' title="bbox 240 4014 1896 4099">
    <p class='ocr_par' dir='ltr' id='par_1_44' title="bbox 240 4014 1896 4099">
     <span class='ocr_line' id='line_1_44' title="bbox 240 4014 1896 4099; baseline -0.006 -19"><span class='ocrx_word' id='word_1_326' title='bbox 240 4024 397 4099; x_wconf 73' lang='grc' dir='ltr'>παρὰ</span> <span class='ocrx_word' id='word_1_327' title='bbox 456 4024 551 4096; x_wconf 76' lang='grc' dir='ltr'>μὶν</span> <span class='ocrx_word' id='word_1_328' title='bbox 592 4025 684 4079; x_wconf 84' lang='grc' dir='ltr'>τὸν</span> <span class='ocrx_word' id='word_1_329' title='bbox 758 4021 1075 4098; x_wconf 77' lang='grc' dir='ltr'>ῒσημερινὸν</span> <span class='ocrx_word' id='word_1_330' title='bbox 1137 4022 1166 4075; x_wconf 90' lang='lat'>6</span> <span class='ocrx_word' id='word_1_331' title='bbox 1214 4023 1433 4089; x_wconf 72' lang='lat'>105105,</span> <span class='ocrx_word' id='word_1_332' title='bbox 1490 4017 1635 4091; x_wconf 83' lang='grc' dir='ltr'>παρᾶ</span> <span class='ocrx_word' id='word_1_333' title='bbox 1692 4014 1750 4071; x_wconf 70' lang='grc' dir='ltr'>δὲ</span> <span class='ocrx_word' id='word_1_334' title='bbox 1802 4017 1896 4071; x_wconf 87' lang='grc' dir='ltr'>τὸν</span> 
     </span>
    </p>
   </div>
   <div class='ocr_carea' id='block_1_45' title="bbox 244 4105 1897 4186">
    <p class='ocr_par' dir='ltr' id='par_1_45' title="bbox 244 4105 1897 4186">
     <span class='ocr_line' id='line_1_45' title="bbox 244 4105 1897 4186; baseline -0.005 -18"><span class='ocrx_word' id='word_1_335' title='bbox 244 4112 517 4184; x_wconf 80' lang='grc' dir='ltr'>ζωδιακὸν</span> <span class='ocrx_word' id='word_1_336' title='bbox 542 4114 593 4184; x_wconf 86' lang='grc' dir='ltr'>[ὁ</span> <span class='ocrx_word' id='word_1_337' title='bbox 641 4113 865 4186; x_wconf 81' lang='grc' dir='ltr'>Θατέρου</span> <span class='ocrx_word' id='word_1_338' title='bbox 908 4114 1019 4183; x_wconf 88' lang='grc'>(18)</span> <span class='ocrx_word' id='word_1_339' title='bbox 1045 4112 1061 4183; x_wconf 91' lang='grc'>]</span> <span class='ocrx_word' id='word_1_340' title='bbox 1087 4128 1101 4141; x_wconf 89' lang='grc'><strong>·</strong></span> <span class='ocrx_word' id='word_1_341' title='bbox 1147 4108 1209 4163; x_wconf 87' lang='grc' dir='ltr'>ού</span> <span class='ocrx_word' id='word_1_342' title='bbox 1257 4108 1361 4182; x_wconf 76' lang='grc' dir='ltr'>γὰρ</span> <span class='ocrx_word' id='word_1_343' title='bbox 1408 4107 1724 4181; x_wconf 76' lang='grc' dir='ltr'>ὶσημερινὸς</span> <span class='ocrx_word' id='word_1_344' title='bbox 1761 4105 1897 4180; x_wconf 84' lang='grc' dir='ltr'>πρὸς</span> 
     </span>
    </p>
   </div>
   <div class='ocr_carea' id='block_1_46' title="bbox 240 4194 1899 4276">
    <p class='ocr_par' dir='ltr' id='par_1_46' title="bbox 240 4194 1899 4276">
     <span class='ocr_line' id='line_1_46' title="bbox 240 4194 1899 4276; baseline -0.007 -17"><span class='ocrx_word' id='word_1_345' title='bbox 240 4204 419 4276; x_wconf 72' lang='grc' dir='ltr'>ἀρθεὶς</span> <span class='ocrx_word' id='word_1_346' title='bbox 447 4204 636 4276; x_wconf 86' lang='grc' dir='ltr'>τέμνει</span> <span class='ocrx_word' id='word_1_347' title='bbox 691 4203 783 4255; x_wconf 87' lang='grc' dir='ltr'>τὸν</span> <span class='ocrx_word' id='word_1_348' title='bbox 836 4198 1124 4270; x_wconf 80' lang='grc' dir='ltr'>ζωδιακόν.</span> <span class='ocrx_word' id='word_1_349' title='bbox 1174 4197 1249 4253; x_wconf 87' lang='grc' dir='ltr'>Τὸ</span> <span class='ocrx_word' id='word_1_350' title='bbox 1297 4197 1391 4269; x_wconf 76' lang='grc' dir='ltr'>μὶν</span> <span class='ocrx_word' id='word_1_351' title='bbox 1442 4194 1536 4249; x_wconf 77' lang='grc' dir='ltr'>οὖν</span> <span class='ocrx_word' id='word_1_352' title='bbox 1588 4206 1899 4268; x_wconf 87' lang='grc' dir='ltr'>μαθηματι-</span> 
     </span>
    </p>
   </div>
   <div class='ocr_carea' id='block_1_47' title="bbox 240 4286 1900 4363">
    <p class='ocr_par' dir='ltr' id='par_1_47' title="bbox 240 4286 1900 4363">
     <span class='ocr_line' id='line_1_47' title="bbox 240 4286 1900 4363; baseline -0.007 -15"><span class='ocrx_word' id='word_1_353' title='bbox 240 4294 367 4361; x_wconf 76' lang='grc' dir='ltr'>κὸν,</span> <span class='ocrx_word' id='word_1_354' title='bbox 423 4292 498 4353; x_wconf 83' lang='grc' dir='ltr'>ὡς</span> <span class='ocrx_word' id='word_1_355' title='bbox 555 4290 837 4363; x_wconf 81' lang='grc' dir='ltr'>συντόμως</span> <span class='ocrx_word' id='word_1_356' title='bbox 898 4287 1089 4361; x_wconf 81' lang='grc' dir='ltr'>εἰπεῖν,</span> <span class='ocrx_word' id='word_1_357' title='bbox 1137 4287 1263 4361; x_wconf 86' lang='grc' dir='ltr'>περὶ</span> <span class='ocrx_word' id='word_1_358' title='bbox 1313 4289 1409 4340; x_wconf 87' lang='lat'>105</span> <span class='ocrx_word' id='word_1_359' title='bbox 1468 4286 1757 4359; x_wconf 82' lang='grc' dir='ltr'>σχήματος</span> <span class='ocrx_word' id='word_1_360' title='bbox 1801 4286 1900 4348; x_wconf 79' lang='grc' dir='ltr'>τῆς</span> 
     </span>
    </p>
   </div>
   <div class='ocr_carea' id='block_1_48' title="bbox 239 4379 885 4457">
    <p class='ocr_par' dir='ltr' id='par_1_48' title="bbox 239 4379 885 4457">
     <span class='ocr_line' id='line_1_48' title="bbox 239 4379 885 4457; baseline -0.002 -19"><span class='ocrx_word' id='word_1_361' title='bbox 239 4386 438 4457; x_wconf 72' lang='grc' dir='ltr'>ψυχῆς</span> <span class='ocrx_word' id='word_1_362' title='bbox 468 4379 717 4435; x_wconf 81' lang='grc' dir='ltr'>τοιοῦτόν</span> <span class='ocrx_word' id='word_1_363' title='bbox 751 4379 885 4437; x_wconf 82' lang='grc' dir='ltr'>ἐστι.</span> 
     </span>
    </p>
   </div>
   <div class='ocr_carea' id='block_1_49' title="bbox 313 4449 1972 4548">
    <p class='ocr_par' dir='ltr' id='par_1_49' title="bbox 313 4449 1972 4548">
     <span class='ocr_line' id='line_1_49' title="bbox 313 4449 1972 4548; baseline -0.006 -22"><span class='ocrx_word' id='word_1_364' title='bbox 313 4449 465 4548; x_wconf 62' lang='grc' dir='ltr'>Ηρὸς</span> <span class='ocrx_word' id='word_1_365' title='bbox 490 4467 548 4525; x_wconf 65' lang='grc' dir='ltr'>δὴ</span> <span class='ocrx_word' id='word_1_366' title='bbox 575 4470 675 4539; x_wconf 77' lang='grc' dir='ltr'>τὴν</span> <span class='ocrx_word' id='word_1_367' title='bbox 717 4468 961 4544; x_wconf 80' lang='grc' dir='ltr'>ψυχικὴν</span> <span class='ocrx_word' id='word_1_368' title='bbox 996 4465 1181 4522; x_wconf 81' lang='grc' dir='ltr'>οὐσίαν</span> <span class='ocrx_word' id='word_1_369' title='bbox 1214 4464 1307 4520; x_wconf 89' lang='grc' dir='ltr'>τὸν</span> <span class='ocrx_word' id='word_1_370' title='bbox 1340 4462 1505 4540; x_wconf 83' lang='grc' dir='ltr'>λόγον</span> <span class='ocrx_word' id='word_1_371' title='bbox 1538 4460 1891 4537; x_wconf 78' lang='grc' dir='ltr'>ἐπανάγοντές</span> <span class='ocrx_word' id='word_1_372' title='bbox 1923 4449 1972 4516; x_wconf 87' lang='grc' dir='ltr'><strong>Ῑ)</strong></span> 
     </span>
    </p>
   </div>
   <div class='ocr_carea' id='block_1_50' title="bbox 2016 506 3654 584">
    <p class='ocr_par' dir='ltr' id='par_1_50' title="bbox 2016 506 3654 584">
     <span class='ocr_line' id='line_1_50' title="bbox 2016 506 3654 584; baseline 0.001 -21"><span class='ocrx_word' id='word_1_373' title='bbox 2016 530 2157 581; x_wconf 89' lang='grc' dir='ltr'>ματα</span> <span class='ocrx_word' id='word_1_374' title='bbox 2203 512 2550 579; x_wconf 69' lang='grc' dir='ltr'>ποιήσουσιν,</span> <span class='ocrx_word' id='word_1_375' title='bbox 2607 506 2837 580; x_wconf 75' lang='grc' dir='ltr'>ἔσονται,</span> <span class='ocrx_word' id='word_1_376' title='bbox 2874 507 2966 563; x_wconf 69' lang='grc' dir='ltr'>’ίνα</span> <span class='ocrx_word' id='word_1_377' title='bbox 3020 508 3143 582; x_wconf 89' lang='grc' dir='ltr'>μίαν</span> <span class='ocrx_word' id='word_1_378' title='bbox 3192 508 3300 584; x_wconf 82' lang='grc' dir='ltr'>ἐρῶ</span> <span class='ocrx_word' id='word_1_379' title='bbox 3364 511 3654 582; x_wconf 74' lang='grc' dir='ltr'>μεσότητα,</span> 
     </span>
    </p>
   </div>
   <div class='ocr_carea' id='block_1_51' title="bbox 2018 595 3656 675">
    <p class='ocr_par' dir='ltr' id='par_1_51' title="bbox 2018 595 3656 675">
     <span class='ocr_line' id='line_1_51' title="bbox 2018 595 3656 675; baseline 0 -23"><span class='ocrx_word' id='word_1_380' title='bbox 2018 597 2213 670; x_wconf 78' lang='grc' dir='ltr'>μεταξὺ</span> <span class='ocrx_word' id='word_1_381' title='bbox 2246 603 2341 653; x_wconf 87' lang='lat'>105</span> <span class='ocrx_word' id='word_1_382' title='bbox 2372 596 2494 653; x_wconf 82' lang='grc' dir='ltr'>τπδ’</span> <span class='ocrx_word' id='word_1_383' title='bbox 2518 600 2605 654; x_wconf 80' lang='grc' dir='ltr'>καὶ</span> <span class='ocrx_word' id='word_1_384' title='bbox 2652 599 2775 673; x_wconf 61' lang='grc' dir='ltr'>ψξτί</span> <span class='ocrx_word' id='word_1_385' title='bbox 2822 595 3126 654; x_wconf 86' lang='grc' dir='ltr'>διπλασίων</span> <span class='ocrx_word' id='word_1_386' title='bbox 3175 597 3204 652; x_wconf 77' lang='grc' dir='ltr'>ὅ</span> <span class='ocrx_word' id='word_1_387' title='bbox 3231 618 3289 653; x_wconf 88' lang='grc' dir='ltr'>τε</span> <span class='ocrx_word' id='word_1_388' title='bbox 3320 600 3452 675; x_wconf 77' lang='grc' dir='ltr'>φιβ’,</span> <span class='ocrx_word' id='word_1_389' title='bbox 3485 604 3656 653; x_wconf 83' lang='grc' dir='ltr'>ποιῶν</span> 
     </span>
    </p>
   </div>
   <div class='ocr_carea' id='block_1_52' title="bbox 2009 686 3657 764">
    <p class='ocr_par' dir='ltr' id='par_1_52' title="bbox 2009 686 3657 764">
     <span class='ocr_line' id='line_1_52' title="bbox 2009 686 3657 764; baseline 0.001 -26"><span class='ocrx_word' id='word_1_390' title='bbox 2009 688 2109 755; x_wconf 76' lang='grc' dir='ltr'>την</span> <span class='ocrx_word' id='word_1_391' title='bbox 2140 686 2441 760; x_wconf 69' lang='grc' dir='ltr'>ἁρμονικὴν</span> <span class='ocrx_word' id='word_1_392' title='bbox 2499 688 2793 760; x_wconf 85' lang='grc' dir='ltr'>μεσότητα,</span> <span class='ocrx_word' id='word_1_393' title='bbox 2836 688 2925 742; x_wconf 82' lang='grc' dir='ltr'>καὶ</span> <span class='ocrx_word' id='word_1_394' title='bbox 2975 688 3003 742; x_wconf 88' lang='grc' dir='ltr'><strong>ὁ</strong></span> <span class='ocrx_word' id='word_1_395' title='bbox 3052 688 3189 764; x_wconf 79' lang='grc' dir='ltr'>φας’,</span> <span class='ocrx_word' id='word_1_396' title='bbox 3234 688 3331 755; x_wconf 76' lang='grc' dir='ltr'>τὴν</span> <span class='ocrx_word' id='word_1_397' title='bbox 3363 687 3657 763; x_wconf 81' lang='grc' dir='ltr'>ἀριθμητι-</span> 
     </span>
    </p>
   </div>
   <div class='ocr_carea' id='block_1_53' title="bbox 2008 771 3657 851">
    <p class='ocr_par' dir='ltr' id='par_1_53' title="bbox 2008 771 3657 851">
     <span class='ocr_line' id='line_1_53' title="bbox 2008 771 3657 851; baseline 0 -22"><span class='ocrx_word' id='word_1_398' title='bbox 2008 778 2134 845; x_wconf 61' lang='grc' dir='ltr'>κή).</span> <span class='ocrx_word' id='word_1_399' title='bbox 2166 779 2303 840; x_wconf 81' lang='grc' dir='ltr'>Ἴσθι</span> <span class='ocrx_word' id='word_1_400' title='bbox 2340 774 2397 831; x_wconf 83' lang='grc' dir='ltr'>δὶ</span> <span class='ocrx_word' id='word_1_401' title='bbox 2446 777 2533 831; x_wconf 77' lang='grc' dir='ltr'>καὶ</span> <span class='ocrx_word' id='word_1_402' title='bbox 2582 781 2764 846; x_wconf 75' lang='grc' dir='ltr'>τοῦτο,</span> <span class='ocrx_word' id='word_1_403' title='bbox 2811 778 2893 831; x_wconf 82' lang='grc' dir='ltr'>δτι</span> <span class='ocrx_word' id='word_1_404' title='bbox 2950 773 3127 838; x_wconf 74' lang='grc' dir='ltr'>οὐδείς</span> <span class='ocrx_word' id='word_1_405' title='bbox 3173 771 3460 851; x_wconf 76' lang='grc' dir='ltr'>έπιμόριος</span> <span class='ocrx_word' id='word_1_406' title='bbox 3490 772 3657 850; x_wconf 87' lang='grc' dir='ltr'>λόγος</span> 
     </span>
    </p>
   </div>
   <div class='ocr_carea' id='block_1_54' title="bbox 2009 861 3656 939">
    <p class='ocr_par' dir='ltr' id='par_1_54' title="bbox 2009 861 3656 939">
     <span class='ocr_line' id='line_1_54' title="bbox 2009 861 3656 939; baseline -0.001 -20"><span class='ocrx_word' id='word_1_407' title='bbox 2009 864 2085 927; x_wconf 74' lang='grc' dir='ltr'>εἰς</span> <span class='ocrx_word' id='word_1_408' title='bbox 2142 864 2291 929; x_wconf 77' lang='grc' dir='ltr'>ἴσους</span> <span class='ocrx_word' id='word_1_409' title='bbox 2330 866 2615 939; x_wconf 79' lang='grc' dir='ltr'>τέμνεσθαι</span> <span class='ocrx_word' id='word_1_410' title='bbox 2673 863 2894 920; x_wconf 88' lang='grc' dir='ltr'>δύναται</span> <span class='ocrx_word' id='word_1_411' title='bbox 2930 883 2943 896; x_wconf 82' lang='lat'>&#39;</span> <span class='ocrx_word' id='word_1_412' title='bbox 3001 865 3063 920; x_wconf 84' lang='lat'>16</span> <span class='ocrx_word' id='word_1_413' title='bbox 3121 865 3212 919; x_wconf 72' lang='grc' dir='ltr'>οὖν</span> <span class='ocrx_word' id='word_1_414' title='bbox 3257 864 3547 937; x_wconf 82' lang='grc' dir='ltr'>ἡμιτόνιον</span> <span class='ocrx_word' id='word_1_415' title='bbox 3605 861 3656 917; x_wconf 79' lang='grc' dir='ltr'>ἐν</span> 
     </span>
    </p>
   </div>
   <div class='ocr_carea' id='block_1_55' title="bbox 2007 950 3659 1027">
    <p class='ocr_par' dir='ltr' id='par_1_55' title="bbox 2007 950 3659 1027">
     <span class='ocr_line' id='line_1_55' title="bbox 2007 950 3659 1027; baseline 0 -21"><span class='ocrx_word' id='word_1_416' title='bbox 2007 952 2263 1027; x_wconf 77' lang='grc' dir='ltr'>ἀριθμοῖς</span> <span class='ocrx_word' id='word_1_417' title='bbox 2295 955 2397 1009; x_wconf 83' lang='grc' dir='ltr'>οὐκ</span> <span class='ocrx_word' id='word_1_418' title='bbox 2440 952 2550 1009; x_wconf 87' lang='grc' dir='ltr'>ἔστι</span> <span class='ocrx_word' id='word_1_419' title='bbox 2598 950 2783 1010; x_wconf 84' lang='grc' dir='ltr'>λαϐεῖν</span> <span class='ocrx_word' id='word_1_420' title='bbox 2820 972 2833 985; x_wconf 87' lang='grc'><strong>·</strong></span> <span class='ocrx_word' id='word_1_421' title='bbox 2887 951 3016 1009; x_wconf 83' lang='grc' dir='ltr'>ἀλλ’</span> <span class='ocrx_word' id='word_1_422' title='bbox 3075 952 3126 1009; x_wconf 74' lang='grc' dir='ltr'>ἐν</span> <span class='ocrx_word' id='word_1_423' title='bbox 3177 954 3326 1027; x_wconf 78' lang='grc' dir='ltr'>μέσῳ</span> <span class='ocrx_word' id='word_1_424' title='bbox 3376 951 3659 1027; x_wconf 71' lang='grc' dir='ltr'>εὑρήσεται</span> 
     </span>
    </p>
   </div>
   <div class='ocr_carea' id='block_1_56' title="bbox 2004 1042 3657 1119">
    <p class='ocr_par' dir='ltr' id='par_1_56' title="bbox 2004 1042 3657 1119">
     <span class='ocr_line' id='line_1_56' title="bbox 2004 1042 3657 1119; baseline -0.001 -22"><span class='ocrx_word' id='word_1_425' title='bbox 2004 1047 2100 1097; x_wconf 85' lang='lat'>105</span> <span class='ocrx_word' id='word_1_426' title='bbox 2131 1044 2191 1111; x_wconf 78' lang='grc' dir='ltr'>ιζ’</span> <span class='ocrx_word' id='word_1_427' title='bbox 2239 1042 2328 1097; x_wconf 75' lang='grc' dir='ltr'>καὶ</span> <span class='ocrx_word' id='word_1_428' title='bbox 2373 1048 2469 1098; x_wconf 90' lang='lat'>105</span> <span class='ocrx_word' id='word_1_429' title='bbox 2531 1044 2595 1098; x_wconf 87' lang='grc' dir='ltr'>ια’</span> <span class='ocrx_word' id='word_1_430' title='bbox 2642 1043 2809 1119; x_wconf 86' lang='grc' dir='ltr'>λόγου</span> <span class='ocrx_word' id='word_1_431' title='bbox 2842 1063 2856 1077; x_wconf 82' lang='grc'><em>’</em></span> <span class='ocrx_word' id='word_1_432' title='bbox 2917 1042 3007 1099; x_wconf 90' lang='grc' dir='ltr'>καί</span> <span class='ocrx_word' id='word_1_433' title='bbox 3064 1042 3204 1098; x_wconf 83' lang='grc' dir='ltr'>ἐστιν</span> <span class='ocrx_word' id='word_1_434' title='bbox 3253 1043 3281 1098; x_wconf 88' lang='lat'>6</span> <span class='ocrx_word' id='word_1_435' title='bbox 3342 1044 3405 1111; x_wconf 79' lang='grc' dir='ltr'>ιζ’</span> <span class='ocrx_word' id='word_1_436' title='bbox 3458 1042 3657 1115; x_wconf 80' lang='grc' dir='ltr'>μείζων</span> 
     </span>
    </p>
   </div>
   <div class='ocr_carea' id='block_1_57' title="bbox 2002 1128 3659 1206">
    <p class='ocr_par' dir='ltr' id='par_1_57' title="bbox 2002 1128 3659 1206">
     <span class='ocr_line' id='line_1_57' title="bbox 2002 1128 3659 1206; baseline -0.001 -21"><span class='ocrx_word' id='word_1_437' title='bbox 2002 1134 2101 1185; x_wconf 87' lang='lat'>105</span> <span class='ocrx_word' id='word_1_438' title='bbox 2128 1128 2475 1205; x_wconf 80' lang='grc' dir='ltr'>καλουμένου</span> <span class='ocrx_word' id='word_1_439' title='bbox 2528 1130 2856 1206; x_wconf 87' lang='grc' dir='ltr'>λείμματος,</span> <span class='ocrx_word' id='word_1_440' title='bbox 2910 1133 2968 1195; x_wconf 80' lang='grc' dir='ltr'>ὃς</span> <span class='ocrx_word' id='word_1_441' title='bbox 3014 1132 3080 1201; x_wconf 82' lang='grc' dir='ltr'>ἧν</span> <span class='ocrx_word' id='word_1_442' title='bbox 3111 1130 3351 1187; x_wconf 79' lang='grc' dir='ltr'>ἐλάσσων</span> <span class='ocrx_word' id='word_1_443' title='bbox 3382 1136 3478 1186; x_wconf 85' lang='lat'>105</span> <span class='ocrx_word' id='word_1_444' title='bbox 3504 1130 3659 1202; x_wconf 83' lang='grc' dir='ltr'>ἀκρι-</span> 
     </span>
    </p>
   </div>
   <div class='ocr_carea' id='block_1_58' title="bbox 2005 1215 3659 1298">
    <p class='ocr_par' dir='ltr' id='par_1_58' title="bbox 2005 1215 3659 1298">
     <span class='ocr_line' id='line_1_58' title="bbox 2005 1215 3659 1298; baseline -0.001 -24"><span class='ocrx_word' id='word_1_445' title='bbox 2005 1215 2117 1284; x_wconf 88' lang='grc' dir='ltr'>ϐως</span> <span class='ocrx_word' id='word_1_446' title='bbox 2162 1223 2477 1295; x_wconf 77' lang='grc' dir='ltr'>ἡμιτονίου.</span> <span class='ocrx_word' id='word_1_447' title='bbox 2531 1223 2591 1276; x_wconf 81' lang='grc' dir='ltr'>’Π</span> <span class='ocrx_word' id='word_1_448' title='bbox 2646 1223 2741 1296; x_wconf 68' lang='grc' dir='ltr'>μὲν</span> <span class='ocrx_word' id='word_1_449' title='bbox 2788 1222 2877 1277; x_wconf 84' lang='grc' dir='ltr'>οὗν</span> <span class='ocrx_word' id='word_1_450' title='bbox 2928 1220 3158 1298; x_wconf 76' lang='grc' dir='ltr'>κρύφιος</span> <span class='ocrx_word' id='word_1_451' title='bbox 3212 1223 3313 1289; x_wconf 73' lang='grc' dir='ltr'>τῆς</span> <span class='ocrx_word' id='word_1_452' title='bbox 3369 1220 3659 1278; x_wconf 85' lang='grc' dir='ltr'>Πλατωνι-</span> 
     </span>
    </p>
   </div>
   <div class='ocr_carea' id='block_1_59' title="bbox 2003 1306 3659 1387">
    <p class='ocr_par' dir='ltr' id='par_1_59' title="bbox 2003 1306 3659 1387">
     <span class='ocr_line' id='line_1_59' title="bbox 2003 1306 3659 1387; baseline -0.007 -14"><span class='ocrx_word' id='word_1_453' title='bbox 2003 1312 2105 1373; x_wconf 72' lang='grc' dir='ltr'>κῆς</span> <span class='ocrx_word' id='word_1_454' title='bbox 2163 1310 2504 1387; x_wconf 78' lang='grc' dir='ltr'>ψυχογονίας</span> <span class='ocrx_word' id='word_1_455' title='bbox 2550 1310 2811 1387; x_wconf 80' lang='grc' dir='ltr'>ἐξήγησις</span> <span class='ocrx_word' id='word_1_456' title='bbox 2862 1308 3008 1382; x_wconf 77' lang='grc' dir='ltr'>ἄλλη</span> <span class='ocrx_word' id='word_1_457' title='bbox 3044 1330 3057 1343; x_wconf 88' lang='grc'><strong>·</strong></span> <span class='ocrx_word' id='word_1_458' title='bbox 3109 1313 3144 1380; x_wconf 77' lang='grc' dir='ltr'>ἡ</span> <span class='ocrx_word' id='word_1_459' title='bbox 3195 1306 3254 1365; x_wconf 72' lang='grc' dir='ltr'>δὲ</span> <span class='ocrx_word' id='word_1_460' title='bbox 3304 1309 3659 1384; x_wconf 82' lang='grc' dir='ltr'>μαθηματικὴ</span> 
     </span>
    </p>
   </div>
   <div class='ocr_carea' id='block_1_60' title="bbox 2004 1394 2163 1469">
    <p class='ocr_par' dir='ltr' id='par_1_60' title="bbox 2004 1394 2163 1469">
     <span class='ocr_line' id='line_1_60' title="bbox 2004 1394 2163 1469; baseline 0.031 -18"><span class='ocrx_word' id='word_1_461' title='bbox 2004 1394 2163 1469; x_wconf 73' lang='grc' dir='ltr'>αὕτη.</span> 
     </span>
    </p>
   </div>
   <div class='ocr_carea' id='block_1_61' title="bbox 2080 1616 3584 1677">
    <p class='ocr_par' dir='ltr' id='par_1_61' title="bbox 2080 1616 3584 1677">
     <span class='ocr_line' id='line_1_61' title="bbox 2080 1616 3584 1677; baseline 0.001 -4"><span class='ocrx_word' id='word_1_462' title='bbox 2080 1616 2310 1674; x_wconf 65' lang='lat' dir='ltr'><strong>Caetera:</strong></span> <span class='ocrx_word' id='word_1_463' title='bbox 2339 1634 2410 1674; x_wconf 74' lang='lat' dir='ltr'><strong>ex</strong></span> <span class='ocrx_word' id='word_1_464' title='bbox 2437 1620 2635 1675; x_wconf 59' lang='lat' dir='ltr'><strong>Timaeo</strong></span> <span class='ocrx_word' id='word_1_465' title='bbox 2666 1620 2953 1677; x_wconf 77' lang='lat' dir='ltr'><strong>Platonico</strong></span> <span class='ocrx_word' id='word_1_466' title='bbox 2981 1620 3253 1677; x_wconf 67' lang='lat' dir='ltr'><strong>doctrinae</strong></span> <span class='ocrx_word' id='word_1_467' title='bbox 3284 1620 3584 1676; x_wconf 79' lang='lat' dir='ltr'>enarratio.</span> 
     </span>
    </p>
   </div>
   <div class='ocr_carea' id='block_1_62' title="bbox 2075 1706 3653 1765">
    <p class='ocr_par' dir='ltr' id='par_1_62' title="bbox 2075 1706 3653 1765">
     <span class='ocr_line' id='line_1_62' title="bbox 2075 1706 3653 1765; baseline 0.002 -5"><span class='ocrx_word' id='word_1_468' title='bbox 2075 1708 2124 1761; x_wconf 83' lang='lat'><strong>1.</strong></span> <span class='ocrx_word' id='word_1_469' title='bbox 2162 1706 2485 1762; x_wconf 86' lang='lat' dir='ltr'><strong>lnsatiabili</strong></span> <span class='ocrx_word' id='word_1_470' title='bbox 2534 1708 2711 1764; x_wconf 80' lang='lat' dir='ltr'><strong>fontis</strong></span> <span class='ocrx_word' id='word_1_471' title='bbox 2760 1708 3044 1765; x_wconf 79' lang='lat' dir='ltr'>Platonici</span> <span class='ocrx_word' id='word_1_472' title='bbox 3093 1709 3384 1765; x_wconf 88' lang='lat' dir='ltr'><strong>desiderio</strong></span> <span class='ocrx_word' id='word_1_473' title='bbox 3415 1708 3653 1763; x_wconf 86' lang='lat' dir='ltr'><strong>teneris.</strong></span> 
     </span>
    </p>
   </div>
   <div class='ocr_carea' id='block_1_63' title="bbox 2002 1793 3654 1870">
    <p class='ocr_par' dir='ltr' id='par_1_63' title="bbox 2002 1793 3654 1870">
     <span class='ocr_line' id='line_1_63' title="bbox 2002 1793 3654 1870; baseline 0.001 -21"><span class='ocrx_word' id='word_1_474' title='bbox 2002 1793 2148 1849; x_wconf 86' lang='lat' dir='ltr'><strong>Nam</strong></span> <span class='ocrx_word' id='word_1_475' title='bbox 2170 1796 2584 1851; x_wconf 88' lang='lat' dir='ltr'><strong>utetiamnunc</strong></span> <span class='ocrx_word' id='word_1_476' title='bbox 2609 1796 3037 1870; x_wconf 86' lang='lat' dir='ltr'><strong>scaturiginum</strong></span> <span class='ocrx_word' id='word_1_477' title='bbox 3062 1798 3229 1870; x_wconf 80' lang='lat' dir='ltr'><strong>cOpia</strong></span> <span class='ocrx_word' id='word_1_478' title='bbox 3251 1796 3443 1853; x_wconf 82' lang='lat' dir='ltr'><strong>atﬂuis</strong></span> <span class='ocrx_word' id='word_1_479' title='bbox 3464 1796 3654 1852; x_wconf 86' lang='lat' dir='ltr'><strong>abun-</strong></span> 
     </span>
    </p>
   </div>
   <div class='ocr_carea' id='block_1_64' title="bbox 2003 1882 3652 1957">
    <p class='ocr_par' dir='ltr' id='par_1_64' title="bbox 2003 1882 3652 1957">
     <span class='ocr_line' id='line_1_64' title="bbox 2003 1882 3652 1957; baseline 0.001 -20"><span class='ocrx_word' id='word_1_480' title='bbox 2003 1882 2227 1954; x_wconf 87' lang='lat' dir='ltr'><strong>dasque</strong></span> <span class='ocrx_word' id='word_1_481' title='bbox 2257 1882 2419 1939; x_wconf 90' lang='lat' dir='ltr'><strong>illius</strong></span> <span class='ocrx_word' id='word_1_482' title='bbox 2451 1885 2762 1957; x_wconf 79' lang='lat' dir='ltr'>sapientia,</span> <span class='ocrx_word' id='word_1_483' title='bbox 2800 1886 2885 1942; x_wconf 90' lang='lat' dir='ltr'>sic</span> <span class='ocrx_word' id='word_1_484' title='bbox 2936 1888 3127 1943; x_wconf 87' lang='lat' dir='ltr'><strong>denuo</strong></span> <span class='ocrx_word' id='word_1_485' title='bbox 3158 1902 3285 1943; x_wconf 86' lang='lat' dir='ltr'>eam</span> <span class='ocrx_word' id='word_1_486' title='bbox 3316 1885 3652 1943; x_wconf 89' lang='lat' dir='ltr'><strong>combibere</strong></span> 
     </span>
    </p>
   </div>
   <div class='ocr_carea' id='block_1_65' title="bbox 2002 1971 3643 2049">
    <p class='ocr_par' dir='ltr' id='par_1_65' title="bbox 2002 1971 3643 2049">
     <span class='ocr_line' id='line_1_65' title="bbox 2002 1971 3643 2049; baseline 0.001 -24"><span class='ocrx_word' id='word_1_487' title='bbox 2002 1971 2188 2043; x_wconf 89' lang='lat' dir='ltr'><strong>cupis.</strong></span> <span class='ocrx_word' id='word_1_488' title='bbox 2224 1973 2445 2038; x_wconf 68' lang='lat' dir='ltr'><strong>Quaeris</strong></span> <span class='ocrx_word' id='word_1_489' title='bbox 2474 1973 2652 2041; x_wconf 90' lang='lat' dir='ltr'><strong>enim,</strong></span> <span class='ocrx_word' id='word_1_490' title='bbox 2704 1974 2826 2029; x_wconf 67' lang='lat' dir='ltr'><strong>haec</strong></span> <span class='ocrx_word' id='word_1_491' title='bbox 2877 1991 3111 2048; x_wconf 91' lang='lat' dir='ltr'><strong>quoque</strong></span> <span class='ocrx_word' id='word_1_492' title='bbox 3159 1976 3443 2049; x_wconf 81' lang='lat' dir='ltr'>quidnam</span> <span class='ocrx_word' id='word_1_493' title='bbox 3476 1972 3643 2029; x_wconf 87' lang='lat' dir='ltr'><strong>sint?</strong></span> 
     </span>
    </p>
   </div>
   <div class='ocr_carea' id='block_1_66' title="bbox 2003 2061 3648 2135">
    <p class='ocr_par' dir='ltr' id='par_1_66' title="bbox 2003 2061 3648 2135">
     <span class='ocr_line' id='line_1_66' title="bbox 2003 2061 3648 2135; baseline 0.001 -21"><span class='ocrx_word' id='word_1_494' title='bbox 2003 2065 2081 2115; x_wconf 90' lang='lat' dir='ltr'><strong>De</strong></span> <span class='ocrx_word' id='word_1_495' title='bbox 2112 2076 2305 2115; x_wconf 77' lang='lat' dir='ltr'><strong>rerum</strong></span> <span class='ocrx_word' id='word_1_496' title='bbox 2334 2061 2592 2132; x_wconf 83' lang='lat' dir='ltr'><strong>Opiﬁce;</strong></span> <span class='ocrx_word' id='word_1_497' title='bbox 2626 2084 2656 2112; x_wconf 86' lang='lat'>«</span> <span class='ocrx_word' id='word_1_498' title='bbox 2693 2064 2846 2119; x_wconf 76' lang='lat' dir='ltr'><strong>[tunc</strong></span> <span class='ocrx_word' id='word_1_499' title='bbox 2877 2064 3059 2135; x_wconf 77' lang='lat' dir='ltr'>igitur</span> <span class='ocrx_word' id='word_1_500' title='bbox 3088 2080 3325 2120; x_wconf 87' lang='lat' dir='ltr'><strong>omnem</strong></span> <span class='ocrx_word' id='word_1_501' title='bbox 3353 2094 3423 2105; x_wconf 87' lang='lat'>——</span> <span class='ocrx_word' id='word_1_502' title='bbox 3453 2063 3648 2135; x_wconf 83' lang='lat' dir='ltr'><strong>inquit</strong></span> 
     </span>
    </p>
   </div>
   <div class='ocr_carea' id='block_1_67' title="bbox 2001 2148 3649 2221">
    <p class='ocr_par' dir='ltr' id='par_1_67' title="bbox 2001 2148 3649 2221">
     <span class='ocr_line' id='line_1_67' title="bbox 2001 2148 3649 2221; baseline 0.002 -17"><span class='ocrx_word' id='word_1_503' title='bbox 2001 2148 2163 2205; x_wconf 81' lang='lat' dir='ltr'>Plato</span> <span class='ocrx_word' id='word_1_504' title='bbox 2193 2181 2263 2190; x_wconf 92' lang='lat'>—</span> <span class='ocrx_word' id='word_1_505' title='bbox 2291 2151 2766 2221; x_wconf 86' lang='lat' dir='ltr'><strong>conjunctionem</strong></span> <span class='ocrx_word' id='word_1_506' title='bbox 2791 2153 3026 2221; x_wconf 79' lang='lat' dir='ltr'><strong>difﬁdit,</strong></span> <span class='ocrx_word' id='word_1_507' title='bbox 3077 2154 3282 2209; x_wconf 68' lang='lat' dir='ltr'><strong>medim</strong></span> <span class='ocrx_word' id='word_1_508' title='bbox 3329 2169 3649 2209; x_wconf 79' lang='lat' dir='ltr'><strong>accommo-</strong></span> 
     </span>
    </p>
   </div>
   <div class='ocr_carea' id='block_1_68' title="bbox 2001 2238 3651 2312">
    <p class='ocr_par' dir='ltr' id='par_1_68' title="bbox 2001 2238 3651 2312">
     <span class='ocr_line' id='line_1_68' title="bbox 2001 2238 3651 2312; baseline 0.002 -20"><span class='ocrx_word' id='word_1_509' title='bbox 2001 2239 2149 2293; x_wconf 82' lang='lat' dir='ltr'>dans</span> <span class='ocrx_word' id='word_1_510' title='bbox 2180 2238 2434 2294; x_wconf 89' lang='lat' dir='ltr'><strong>mediam</strong></span> <span class='ocrx_word' id='word_1_511' title='bbox 2465 2238 2523 2294; x_wconf 90' lang='lat' dir='ltr'>in</span> <span class='ocrx_word' id='word_1_512' title='bbox 2555 2240 2809 2312; x_wconf 87' lang='lat' dir='ltr'>speciem</span> <span class='ocrx_word' id='word_1_513' title='bbox 2832 2241 3035 2297; x_wconf 67' lang='lat' dir='ltr'><strong>Graecae</strong></span> <span class='ocrx_word' id='word_1_514' title='bbox 3057 2241 3261 2298; x_wconf 72' lang='lat' dir='ltr'><strong>litterae</strong></span> <span class='ocrx_word' id='word_1_515' title='bbox 3281 2244 3385 2298; x_wconf 80' lang='lat' dir='ltr'><strong>Xe</strong></span> <span class='ocrx_word' id='word_1_516' title='bbox 3417 2242 3651 2312; x_wconf 81' lang='lat' dir='ltr'><strong>regione</strong></span> 
     </span>
    </p>
   </div>
   <div class='ocr_carea' id='block_1_69' title="bbox 2003 2327 3650 2402">
    <p class='ocr_par' dir='ltr' id='par_1_69' title="bbox 2003 2327 3650 2402">
     <span class='ocr_line' id='line_1_69' title="bbox 2003 2327 3650 2402; baseline 0.003 -22"><span class='ocrx_word' id='word_1_517' title='bbox 2003 2327 2410 2382; x_wconf 62' lang='lat' dir='ltr'><strong>commissura</strong></span> <span class='ocrx_word' id='word_1_518' title='bbox 2446 2345 2458 2383; x_wconf 90' lang='lat'>:</span> <span class='ocrx_word' id='word_1_519' title='bbox 2491 2345 2674 2400; x_wconf 89' lang='lat' dir='ltr'><strong>eoque</strong></span> <span class='ocrx_word' id='word_1_520' title='bbox 2707 2336 2893 2396; x_wconf 90' lang='lat' dir='ltr'><strong>motu,</strong></span> <span class='ocrx_word' id='word_1_521' title='bbox 2925 2331 3097 2401; x_wconf 85' lang='lat' dir='ltr'><strong>cuius</strong></span> <span class='ocrx_word' id='word_1_522' title='bbox 3147 2331 3307 2386; x_wconf 86' lang='lat' dir='ltr'><strong>orbis</strong></span> <span class='ocrx_word' id='word_1_523' title='bbox 3336 2331 3650 2402; x_wconf 89' lang='lat' dir='ltr'><strong>semperin</strong></span> 
     </span>
    </p>
   </div>
   <div class='ocr_carea' id='block_1_70' title="bbox 2003 2415 3656 2492">
    <p class='ocr_par' dir='ltr' id='par_1_70' title="bbox 2003 2415 3656 2492">
     <span class='ocr_line' id='line_1_70' title="bbox 2003 2415 3656 2492; baseline 0.002 -22"><span class='ocrx_word' id='word_1_524' title='bbox 2003 2415 2206 2471; x_wconf 89' lang='lat' dir='ltr'><strong>eodem</strong></span> <span class='ocrx_word' id='word_1_525' title='bbox 2236 2422 2361 2471; x_wconf 90' lang='lat' dir='ltr'><strong>erat</strong></span> <span class='ocrx_word' id='word_1_526' title='bbox 2389 2418 2709 2489; x_wconf 90' lang='lat' dir='ltr'><strong>eodemque</strong></span> <span class='ocrx_word' id='word_1_527' title='bbox 2741 2420 2913 2474; x_wconf 92' lang='lat' dir='ltr'><strong>modo</strong></span> <span class='ocrx_word' id='word_1_528' title='bbox 2963 2420 3247 2490; x_wconf 89' lang='lat' dir='ltr'><strong>ciebatur,</strong></span> <span class='ocrx_word' id='word_1_529' title='bbox 3273 2420 3535 2492; x_wconf 86' lang='lat' dir='ltr'><strong>undique</strong></span> <span class='ocrx_word' id='word_1_530' title='bbox 3566 2424 3656 2474; x_wconf 86' lang='lat' dir='ltr'><strong>est.</strong></span> 
     </span>
    </p>
   </div>
   <div class='ocr_carea' id='block_1_71' title="bbox 2004 2504 3653 2576">
    <p class='ocr_par' dir='ltr' id='par_1_71' title="bbox 2004 2504 3653 2576">
     <span class='ocr_line' id='line_1_71' title="bbox 2004 2504 3653 2576; baseline 0.002 -17"><span class='ocrx_word' id='word_1_531' title='bbox 2004 2520 2103 2559; x_wconf 87' lang='lat' dir='ltr'>eas</span> <span class='ocrx_word' id='word_1_532' title='bbox 2134 2504 2567 2576; x_wconf 82' lang='lat' dir='ltr'><strong>circumplexus</strong></span> <span class='ocrx_word' id='word_1_533' title='bbox 2591 2523 2602 2562; x_wconf 89' lang='lat'>:</span> <span class='ocrx_word' id='word_1_534' title='bbox 2625 2513 2681 2562; x_wconf 87' lang='lat' dir='ltr'>et</span> <span class='ocrx_word' id='word_1_535' title='bbox 2702 2507 2986 2563; x_wconf 90' lang='lat' dir='ltr'><strong>circulum</strong></span> <span class='ocrx_word' id='word_1_536' title='bbox 3011 2508 3262 2564; x_wconf 88' lang='lat' dir='ltr'><strong>alterum</strong></span> <span class='ocrx_word' id='word_1_537' title='bbox 3285 2508 3653 2574; x_wconf 86' lang='lat' dir='ltr'><strong>exteriorem,</strong></span> 
     </span>
    </p>
   </div>
   <div class='ocr_carea' id='block_1_72' title="bbox 2004 2594 3656 2669">
    <p class='ocr_par' dir='ltr' id='par_1_72' title="bbox 2004 2594 3656 2669">
     <span class='ocr_line' id='line_1_72' title="bbox 2004 2594 3656 2669; baseline 0.002 -21"><span class='ocrx_word' id='word_1_538' title='bbox 2004 2594 2341 2650; x_wconf 86' lang='lat' dir='ltr'><strong>interiorem</strong></span> <span class='ocrx_word' id='word_1_539' title='bbox 2375 2594 2625 2651; x_wconf 88' lang='lat' dir='ltr'><strong>alterum</strong></span> <span class='ocrx_word' id='word_1_540' title='bbox 2658 2596 3172 2653; x_wconf 82' lang='lat' dir='ltr'><strong>fecit.Exteriorem</strong></span> <span class='ocrx_word' id='word_1_541' title='bbox 3205 2597 3438 2669; x_wconf 89' lang='lat' dir='ltr'><strong>quidem</strong></span> <span class='ocrx_word' id='word_1_542' title='bbox 3455 2598 3656 2653; x_wconf 89' lang='lat' dir='ltr'><strong>orbem</strong></span> 
     </span>
    </p>
   </div>
   <div class='ocr_carea' id='block_1_73' title="bbox 2004 2682 3626 2755">
    <p class='ocr_par' dir='ltr' id='par_1_73' title="bbox 2004 2682 3626 2755">
     <span class='ocr_line' id='line_1_73' title="bbox 2004 2682 3626 2755; baseline 0.002 -18"><span class='ocrx_word' id='word_1_543' title='bbox 2004 2682 2150 2738; x_wconf 85' lang='lat' dir='ltr'><strong>dixit</strong></span> <span class='ocrx_word' id='word_1_544' title='bbox 2180 2700 2309 2740; x_wconf 90' lang='lat' dir='ltr'><strong>esse</strong></span> <span class='ocrx_word' id='word_1_545' title='bbox 2339 2686 2605 2755; x_wconf 85' lang='lat' dir='ltr'><strong>ejusdem</strong></span> <span class='ocrx_word' id='word_1_546' title='bbox 2641 2692 2883 2755; x_wconf 57' lang='lat' dir='ltr'><strong>natura,</strong></span> <span class='ocrx_word' id='word_1_547' title='bbox 2918 2687 3159 2742; x_wconf 85' lang='lat' dir='ltr'><strong>alterius</strong></span> <span class='ocrx_word' id='word_1_548' title='bbox 3191 2692 3385 2743; x_wconf 87' lang='lat' dir='ltr'><strong>autem</strong></span> <span class='ocrx_word' id='word_1_549' title='bbox 3418 2686 3626 2741; x_wconf 86' lang='lat' dir='ltr'><strong>interio</strong></span> 
     </span>
    </p>
   </div>
   <div class='ocr_carea' id='block_1_74' title="bbox 2006 2772 3652 2848">
    <p class='ocr_par' dir='ltr' id='par_1_74' title="bbox 2006 2772 3652 2848">
     <span class='ocr_line' id='line_1_74' title="bbox 2006 2772 3652 2848; baseline 0.002 -22"><span class='ocrx_word' id='word_1_550' title='bbox 2006 2789 2150 2841; x_wconf 86' lang='lat' dir='ltr'><strong>rem,</strong></span> <span class='ocrx_word' id='word_1_551' title='bbox 2183 2772 2465 2845; x_wconf 87' lang='lat' dir='ltr'><strong>illiusque</strong></span> <span class='ocrx_word' id='word_1_552' title='bbox 2497 2774 2652 2830; x_wconf 88' lang='lat' dir='ltr'><strong>latus</strong></span> <span class='ocrx_word' id='word_1_553' title='bbox 2684 2775 2742 2830; x_wconf 88' lang='lat' dir='ltr'>in</span> <span class='ocrx_word' id='word_1_554' title='bbox 2774 2776 3073 2832; x_wconf 82' lang='lat' dir='ltr'><strong>dexteram</strong></span> <span class='ocrx_word' id='word_1_555' title='bbox 3111 2781 3333 2848; x_wconf 85' lang='lat' dir='ltr'><strong>partem</strong></span> <span class='ocrx_word' id='word_1_556' title='bbox 3386 2776 3652 2845; x_wconf 81' lang='lat' dir='ltr'><strong>detorsit,</strong></span> 
     </span>
    </p>
   </div>
   <div class='ocr_carea' id='block_1_75' title="bbox 2008 2862 3653 2938">
    <p class='ocr_par' dir='ltr' id='par_1_75' title="bbox 2008 2862 3653 2938">
     <span class='ocr_line' id='line_1_75' title="bbox 2008 2862 3653 2938; baseline 0.003 -22"><span class='ocrx_word' id='word_1_557' title='bbox 2008 2862 2158 2917; x_wconf 86' lang='lat' dir='ltr'><strong>banc</strong></span> <span class='ocrx_word' id='word_1_558' title='bbox 2190 2862 2477 2934; x_wconf 83' lang='lat' dir='ltr'><strong>(alteram)</strong></span> <span class='ocrx_word' id='word_1_559' title='bbox 2510 2884 2540 2920; x_wconf 80' lang='grc' dir='ltr'>ιι</span> <span class='ocrx_word' id='word_1_560' title='bbox 2574 2866 2768 2921; x_wconf 85' lang='lat' dir='ltr'><strong>media</strong></span> <span class='ocrx_word' id='word_1_561' title='bbox 2798 2865 2951 2922; x_wconf 89' lang='lat' dir='ltr'><strong>linea</strong></span> <span class='ocrx_word' id='word_1_562' title='bbox 2994 2868 3065 2922; x_wconf 84' lang='lat' dir='ltr'>ad</span> <span class='ocrx_word' id='word_1_563' title='bbox 3096 2866 3321 2923; x_wconf 69' lang='lat' dir='ltr'><strong>lmvam.</strong></span> <span class='ocrx_word' id='word_1_564' title='bbox 3353 2866 3653 2938; x_wconf 85' lang='lat' dir='ltr'><strong>Principa-</strong></span> 
     </span>
    </p>
   </div>
   <div class='ocr_carea' id='block_1_76' title="bbox 2010 2953 3655 3028">
    <p class='ocr_par' dir='ltr' id='par_1_76' title="bbox 2010 2953 3655 3028">
     <span class='ocr_line' id='line_1_76' title="bbox 2010 2953 3655 3028; baseline 0.004 -23"><span class='ocrx_word' id='word_1_565' title='bbox 2010 2956 2134 3006; x_wconf 88' lang='lat' dir='ltr'>tum</span> <span class='ocrx_word' id='word_1_566' title='bbox 2166 2953 2327 3007; x_wconf 85' lang='lat' dir='ltr'><strong>dedit</strong></span> <span class='ocrx_word' id='word_1_567' title='bbox 2356 2954 2622 3023; x_wconf 88' lang='lat' dir='ltr'><strong>ejusdem</strong></span> <span class='ocrx_word' id='word_1_568' title='bbox 2656 2956 3021 3028; x_wconf 69' lang='lat' dir='ltr'><strong>aaqualisque</strong></span> <span class='ocrx_word' id='word_1_569' title='bbox 3051 2955 3655 3012; x_wconf 85' lang='lat' dir='ltr'><strong>circumvectioni.So-</strong></span> 
     </span>
    </p>
   </div>
   <div class='ocr_carea' id='block_1_77' title="bbox 2006 3040 3655 3115">
    <p class='ocr_par' dir='ltr' id='par_1_77' title="bbox 2006 3040 3655 3115">
     <span class='ocr_line' id='line_1_77' title="bbox 2006 3040 3655 3115; baseline 0.003 -21"><span class='ocrx_word' id='word_1_570' title='bbox 2006 3040 2297 3096; x_wconf 89' lang='lat' dir='ltr'><strong>lamillam</strong></span> <span class='ocrx_word' id='word_1_571' title='bbox 2321 3043 2477 3097; x_wconf 88' lang='lat' dir='ltr'><strong>enim</strong></span> <span class='ocrx_word' id='word_1_572' title='bbox 2494 3042 2807 3099; x_wconf 87' lang='lat' dir='ltr'><strong>indivisam</strong></span> <span class='ocrx_word' id='word_1_573' title='bbox 2832 3044 3435 3115; x_wconf 87' lang='lat' dir='ltr'><strong>reliquit.lnteriorem</strong></span> <span class='ocrx_word' id='word_1_574' title='bbox 3458 3050 3655 3100; x_wconf 88' lang='lat' dir='ltr'><strong>autem</strong></span> 
     </span>
    </p>
   </div>
   <div class='ocr_carea' id='block_1_78' title="bbox 2007 3132 3655 3205">
    <p class='ocr_par' dir='ltr' id='par_1_78' title="bbox 2007 3132 3655 3205">
     <span class='ocr_line' id='line_1_78' title="bbox 2007 3132 3655 3205; baseline 0.003 -21"><span class='ocrx_word' id='word_1_575' title='bbox 2007 3145 2143 3184; x_wconf 91' lang='lat' dir='ltr'>cum</span> <span class='ocrx_word' id='word_1_576' title='bbox 2174 3146 2362 3186; x_wconf 73' lang='lat' dir='ltr'><strong>sexies</strong></span> <span class='ocrx_word' id='word_1_577' title='bbox 2395 3132 2453 3185; x_wconf 90' lang='lat' dir='ltr'>in</span> <span class='ocrx_word' id='word_1_578' title='bbox 2486 3136 2709 3202; x_wconf 86' lang='lat' dir='ltr'><strong>septem</strong></span> <span class='ocrx_word' id='word_1_579' title='bbox 2733 3134 2903 3189; x_wconf 81' lang='lat' dir='ltr'><strong>orbes</strong></span> <span class='ocrx_word' id='word_1_580' title='bbox 2925 3133 3103 3205; x_wconf 88' lang='lat' dir='ltr'><strong>duplo</strong></span> <span class='ocrx_word' id='word_1_581' title='bbox 3134 3139 3191 3189; x_wconf 91' lang='lat' dir='ltr'>et</span> <span class='ocrx_word' id='word_1_582' title='bbox 3219 3132 3392 3205; x_wconf 87' lang='lat' dir='ltr'><strong>triplo</strong></span> <span class='ocrx_word' id='word_1_583' title='bbox 3421 3149 3655 3205; x_wconf 87' lang='lat' dir='ltr'><strong>quoque</strong></span> 
     </span>
    </p>
   </div>
   <div class='ocr_carea' id='block_1_79' title="bbox 2009 3217 3657 3293">
    <p class='ocr_par' dir='ltr' id='par_1_79' title="bbox 2009 3217 3657 3293">
     <span class='ocr_line' id='line_1_79' title="bbox 2009 3217 3657 3293; baseline 0.002 -21"><span class='ocrx_word' id='word_1_584' title='bbox 2009 3217 2312 3274; x_wconf 88' lang='lat' dir='ltr'><strong>intervallo</strong></span> <span class='ocrx_word' id='word_1_585' title='bbox 2329 3218 2595 3291; x_wconf 89' lang='lat' dir='ltr'><strong>dispares</strong></span> <span class='ocrx_word' id='word_1_586' title='bbox 2610 3220 3079 3293; x_wconf 85' lang='lat' dir='ltr'><strong>divisissct(nam</strong></span> <span class='ocrx_word' id='word_1_587' title='bbox 3096 3222 3209 3278; x_wconf 88' lang='lat' dir='ltr'><strong>tria</strong></span> <span class='ocrx_word' id='word_1_588' title='bbox 3223 3226 3361 3278; x_wconf 89' lang='lat' dir='ltr'><strong>sunt</strong></span> <span class='ocrx_word' id='word_1_589' title='bbox 3381 3223 3657 3292; x_wconf 89' lang='lat' dir='ltr'><strong>utrinque</strong></span> 
     </span>
    </p>
   </div>
   <div class='ocr_carea' id='block_1_80' title="bbox 2007 3307 3658 3376">
    <p class='ocr_par' dir='ltr' id='par_1_80' title="bbox 2007 3307 3658 3376">
     <span class='ocr_line' id='line_1_80' title="bbox 2007 3307 3658 3376; baseline 0.002 -14"><span class='ocrx_word' id='word_1_590' title='bbox 2007 3307 2359 3376; x_wconf 73' lang='lat' dir='ltr'><strong>intervalla),</strong></span> <span class='ocrx_word' id='word_1_591' title='bbox 2392 3308 2702 3364; x_wconf 87' lang='lat' dir='ltr'><strong>contrariis</strong></span> <span class='ocrx_word' id='word_1_592' title='bbox 2736 3310 2887 3365; x_wconf 86' lang='lat' dir='ltr'><strong>inter</strong></span> <span class='ocrx_word' id='word_1_593' title='bbox 2913 3327 2975 3366; x_wconf 91' lang='lat' dir='ltr'>se</span> <span class='ocrx_word' id='word_1_594' title='bbox 3022 3310 3295 3366; x_wconf 85' lang='lat' dir='ltr'><strong>cursibus</strong></span> <span class='ocrx_word' id='word_1_595' title='bbox 3328 3310 3542 3366; x_wconf 79' lang='lat' dir='ltr'><strong>moveri</strong></span> <span class='ocrx_word' id='word_1_596' title='bbox 3564 3327 3658 3366; x_wconf 87' lang='lat' dir='ltr'>or-</span> 
     </span>
    </p>
   </div>
   <div class='ocr_carea' id='block_1_81' title="bbox 2008 3395 3659 3470">
    <p class='ocr_par' dir='ltr' id='par_1_81' title="bbox 2008 3395 3659 3470">
     <span class='ocr_line' id='line_1_81' title="bbox 2008 3395 3659 3470; baseline 0.002 -20"><span class='ocrx_word' id='word_1_597' title='bbox 2008 3396 2107 3451; x_wconf 80' lang='lat' dir='ltr'>bes</span> <span class='ocrx_word' id='word_1_598' title='bbox 2130 3395 2707 3468; x_wconf 87' lang='lat' dir='ltr'><strong>jussit,celeriusque</strong></span> <span class='ocrx_word' id='word_1_599' title='bbox 2728 3398 3097 3465; x_wconf 88' lang='lat' dir='ltr'><strong>tres,ratione</strong></span> <span class='ocrx_word' id='word_1_600' title='bbox 3119 3405 3314 3455; x_wconf 90' lang='lat' dir='ltr'><strong>autem</strong></span> <span class='ocrx_word' id='word_1_601' title='bbox 3344 3399 3433 3470; x_wconf 90' lang='lat' dir='ltr'><strong>(ac</strong></span> <span class='ocrx_word' id='word_1_602' title='bbox 3456 3416 3659 3454; x_wconf 83' lang='lat' dir='ltr'><strong>nume-</strong></span> 
     </span>
    </p>
   </div>
   <div class='ocr_carea' id='block_1_82' title="bbox 2007 3485 3656 3559">
    <p class='ocr_par' dir='ltr' id='par_1_82' title="bbox 2007 3485 3656 3559">
     <span class='ocr_line' id='line_1_82' title="bbox 2007 3485 3656 3559; baseline 0.001 -18"><span class='ocrx_word' id='word_1_603' title='bbox 2007 3487 2092 3554; x_wconf 88' lang='lat' dir='ltr'><strong>ro)</strong></span> <span class='ocrx_word' id='word_1_604' title='bbox 2123 3502 2185 3541; x_wconf 90' lang='lat' dir='ltr'>se</span> <span class='ocrx_word' id='word_1_605' title='bbox 2218 3491 2572 3541; x_wconf 86' lang='lat' dir='ltr'><strong>moventes.»</strong></span> <span class='ocrx_word' id='word_1_606' title='bbox 2604 3485 2733 3542; x_wconf 70' lang='lat' dir='ltr'><strong>Haec</strong></span> <span class='ocrx_word' id='word_1_607' title='bbox 2753 3488 2993 3559; x_wconf 88' lang='lat' dir='ltr'><strong>quidem</strong></span> <span class='ocrx_word' id='word_1_608' title='bbox 3020 3489 3194 3544; x_wconf 87' lang='lat' dir='ltr'><strong>verba</strong></span> <span class='ocrx_word' id='word_1_609' title='bbox 3224 3493 3365 3544; x_wconf 87' lang='lat' dir='ltr'><strong>sunt</strong></span> <span class='ocrx_word' id='word_1_610' title='bbox 3394 3487 3656 3544; x_wconf 85' lang='lat' dir='ltr'><strong>Platonis</strong></span> 
     </span>
    </p>
   </div>
   <div class='ocr_carea' id='block_1_83' title="bbox 2075 3574 3654 3650">
    <p class='ocr_par' dir='ltr' id='par_1_83' title="bbox 2075 3574 3654 3650">
     <span class='ocr_line' id='line_1_83' title="bbox 2075 3574 3654 3650; baseline 0.003 -22"><span class='ocrx_word' id='word_1_611' title='bbox 2075 3578 2129 3629; x_wconf 87' lang='lat'><strong>2.</strong></span> <span class='ocrx_word' id='word_1_612' title='bbox 2162 3574 2291 3629; x_wconf 90' lang='lat' dir='ltr'><strong>Jam</strong></span> <span class='ocrx_word' id='word_1_613' title='bbox 2323 3591 2457 3630; x_wconf 84' lang='lat' dir='ltr'><strong>vero</strong></span> <span class='ocrx_word' id='word_1_614' title='bbox 2489 3576 2779 3632; x_wconf 85' lang='lat' dir='ltr'><strong>enarratio</strong></span> <span class='ocrx_word' id='word_1_615' title='bbox 2808 3576 2949 3647; x_wconf 69' lang='lat' dir='ltr'><strong>(haec</strong></span> <span class='ocrx_word' id='word_1_616' title='bbox 2998 3578 3109 3649; x_wconf 86' lang='lat' dir='ltr'><strong>est)</strong></span> <span class='ocrx_word' id='word_1_617' title='bbox 3146 3593 3158 3632; x_wconf 92' lang='lat'><strong>:</strong></span> <span class='ocrx_word' id='word_1_618' title='bbox 3193 3579 3519 3634; x_wconf 85' lang='lat' dir='ltr'><strong>Curvantor</strong></span> <span class='ocrx_word' id='word_1_619' title='bbox 3548 3576 3654 3650; x_wconf 89' lang='lat' dir='ltr'><strong>igi-</strong></span> 
     </span>
    </p>
   </div>
   <div class='ocr_carea' id='block_1_84' title="bbox 2006 3663 3654 3737">
    <p class='ocr_par' dir='ltr' id='par_1_84' title="bbox 2006 3663 3654 3737">
     <span class='ocr_line' id='line_1_84' title="bbox 2006 3663 3654 3737; baseline 0.001 -18"><span class='ocrx_word' id='word_1_620' title='bbox 2006 3668 2103 3719; x_wconf 88' lang='lat' dir='ltr'>tur</span> <span class='ocrx_word' id='word_1_621' title='bbox 2132 3669 2298 3718; x_wconf 71' lang='lat' dir='ltr'><strong>rectaa</strong></span> <span class='ocrx_word' id='word_1_622' title='bbox 2329 3663 2542 3734; x_wconf 69' lang='lat' dir='ltr'><strong>(linem)</strong></span> <span class='ocrx_word' id='word_1_623' title='bbox 2574 3665 2675 3731; x_wconf 84' lang='lat' dir='ltr'><strong>ita,</strong></span> <span class='ocrx_word' id='word_1_624' title='bbox 2710 3670 2772 3720; x_wconf 90' lang='lat' dir='ltr'>ut</span> <span class='ocrx_word' id='word_1_625' title='bbox 2819 3666 3095 3722; x_wconf 85' lang='lat' dir='ltr'><strong>extremis</strong></span> <span class='ocrx_word' id='word_1_626' title='bbox 3154 3667 3415 3737; x_wconf 89' lang='lat' dir='ltr'><strong>partibus</strong></span> <span class='ocrx_word' id='word_1_627' title='bbox 3448 3683 3654 3722; x_wconf 88' lang='lat' dir='ltr'><strong>rursus</strong></span> 
     </span>
    </p>
   </div>
   <div class='ocr_carea' id='block_1_85' title="bbox 2007 3754 3655 3827">
    <p class='ocr_par' dir='ltr' id='par_1_85' title="bbox 2007 3754 3655 3827">
     <span class='ocr_line' id='line_1_85' title="bbox 2007 3754 3655 3827; baseline 0.003 -20"><span class='ocrx_word' id='word_1_628' title='bbox 2007 3757 2447 3820; x_wconf 83' lang='lat' dir='ltr'><strong>connectentur,</strong></span> <span class='ocrx_word' id='word_1_629' title='bbox 2482 3754 2743 3825; x_wconf 82' lang='lat' dir='ltr'><strong>ﬁantque</strong></span> <span class='ocrx_word' id='word_1_630' title='bbox 2775 3755 2893 3809; x_wconf 90' lang='lat' dir='ltr'>duo</span> <span class='ocrx_word' id='word_1_631' title='bbox 2924 3755 3116 3823; x_wconf 90' lang='lat' dir='ltr'><strong>orbes,</strong></span> <span class='ocrx_word' id='word_1_632' title='bbox 3165 3756 3467 3827; x_wconf 88' lang='lat' dir='ltr'><strong>(quorum)</strong></span> <span class='ocrx_word' id='word_1_633' title='bbox 3501 3773 3655 3812; x_wconf 89' lang='lat' dir='ltr'><strong>unus</strong></span> 
     </span>
    </p>
   </div>
   <div class='ocr_carea' id='block_1_86' title="bbox 2007 3842 3656 3917">
    <p class='ocr_par' dir='ltr' id='par_1_86' title="bbox 2007 3842 3656 3917">
     <span class='ocr_line' id='line_1_86' title="bbox 2007 3842 3656 3917; baseline 0.002 -20"><span class='ocrx_word' id='word_1_634' title='bbox 2007 3842 2249 3897; x_wconf 88' lang='lat' dir='ltr'><strong>interior</strong></span> <span class='ocrx_word' id='word_1_635' title='bbox 2289 3842 2446 3913; x_wconf 79' lang='lat' dir='ltr'><strong>(est),</strong></span> <span class='ocrx_word' id='word_1_636' title='bbox 2499 3843 2646 3899; x_wconf 86' lang='lat' dir='ltr'><strong>alter</strong></span> <span class='ocrx_word' id='word_1_637' title='bbox 2692 3844 2960 3914; x_wconf 85' lang='lat' dir='ltr'><strong>exterior,</strong></span> <span class='ocrx_word' id='word_1_638' title='bbox 3011 3862 3080 3901; x_wconf 87' lang='lat' dir='ltr'>ex</span> <span class='ocrx_word' id='word_1_639' title='bbox 3127 3845 3368 3917; x_wconf 88' lang='lat' dir='ltr'><strong>obliquo</strong></span> <span class='ocrx_word' id='word_1_640' title='bbox 3412 3846 3564 3901; x_wconf 90' lang='lat' dir='ltr'><strong>inter</strong></span> <span class='ocrx_word' id='word_1_641' title='bbox 3592 3862 3656 3901; x_wconf 88' lang='lat' dir='ltr'>se</span> 
     </span>
    </p>
   </div>
   <div class='ocr_carea' id='block_1_87' title="bbox 2007 3930 3654 4003">
    <p class='ocr_par' dir='ltr' id='par_1_87' title="bbox 2007 3930 3654 4003">
     <span class='ocr_line' id='line_1_87' title="bbox 2007 3930 3654 4003; baseline 0 -16"><span class='ocrx_word' id='word_1_642' title='bbox 2007 3930 2295 3987; x_wconf 86' lang='lat' dir='ltr'><strong>collocati.</strong></span> <span class='ocrx_word' id='word_1_643' title='bbox 2334 3934 2535 4002; x_wconf 86' lang='lat' dir='ltr'><strong>Itaque</strong></span> <span class='ocrx_word' id='word_1_644' title='bbox 2567 3931 2661 3987; x_wconf 88' lang='lat' dir='ltr'><strong>hic</strong></span> <span class='ocrx_word' id='word_1_645' title='bbox 2690 3933 2955 4003; x_wconf 88' lang='lat' dir='ltr'><strong>ejusdem</strong></span> <span class='ocrx_word' id='word_1_646' title='bbox 2988 3933 3149 3989; x_wconf 88' lang='lat' dir='ltr'><strong>orbis</strong></span> <span class='ocrx_word' id='word_1_647' title='bbox 3183 3933 3538 3999; x_wconf 86' lang='lat' dir='ltr'><strong>nominatur,</strong></span> <span class='ocrx_word' id='word_1_648' title='bbox 3570 3932 3654 3988; x_wconf 88' lang='lat' dir='ltr'>al-</span> 
     </span>
    </p>
   </div>
   <div class='ocr_carea' id='block_1_88' title="bbox 2006 4019 3651 4093">
    <p class='ocr_par' dir='ltr' id='par_1_88' title="bbox 2006 4019 3651 4093">
     <span class='ocr_line' id='line_1_88' title="bbox 2006 4019 3651 4093; baseline 0.001 -18"><span class='ocrx_word' id='word_1_649' title='bbox 2006 4020 2189 4075; x_wconf 87' lang='lat' dir='ltr'><strong>terius</strong></span> <span class='ocrx_word' id='word_1_650' title='bbox 2221 4019 2336 4075; x_wconf 88' lang='lat' dir='ltr'><strong>ille.</strong></span> <span class='ocrx_word' id='word_1_651' title='bbox 2376 4020 2769 4092; x_wconf 84' lang='lat' dir='ltr'><strong>Ejusdemque</strong></span> <span class='ocrx_word' id='word_1_652' title='bbox 2791 4022 2887 4093; x_wconf 89' lang='lat' dir='ltr'>qui</span> <span class='ocrx_word' id='word_1_653' title='bbox 2913 4024 3340 4091; x_wconf 84' lang='lat' dir='ltr'><strong>vocatur,juxta</strong></span> <span class='ocrx_word' id='word_1_654' title='bbox 3367 4022 3651 4078; x_wconf 90' lang='lat' dir='ltr'><strong>circulum</strong></span> 
     </span>
    </p>
   </div>
   <div class='ocr_carea' id='block_1_89' title="bbox 2006 4108 3655 4182">
    <p class='ocr_par' dir='ltr' id='par_1_89' title="bbox 2006 4108 3655 4182">
     <span class='ocr_line' id='line_1_89' title="bbox 2006 4108 3655 4182; baseline 0.001 -18"><span class='ocrx_word' id='word_1_655' title='bbox 2006 4108 2471 4181; x_wconf 62' lang='lat' dir='ltr'><strong>aequinoctialem</strong></span> <span class='ocrx_word' id='word_1_656' title='bbox 2505 4110 2797 4179; x_wconf 89' lang='lat' dir='ltr'><strong>est,juxta</strong></span> <span class='ocrx_word' id='word_1_657' title='bbox 2824 4112 3130 4166; x_wconf 89' lang='lat' dir='ltr'><strong>zodiacum</strong></span> <span class='ocrx_word' id='word_1_658' title='bbox 3154 4112 3249 4182; x_wconf 92' lang='lat' dir='ltr'><strong>[is,</strong></span> <span class='ocrx_word' id='word_1_659' title='bbox 3281 4111 3381 4182; x_wconf 91' lang='lat' dir='ltr'>qui</span> <span class='ocrx_word' id='word_1_660' title='bbox 3413 4111 3655 4167; x_wconf 89' lang='lat' dir='ltr'><strong>alterius</strong></span> 
     </span>
    </p>
   </div>
   <div class='ocr_carea' id='block_1_90' title="bbox 2008 4197 3655 4270">
    <p class='ocr_par' dir='ltr' id='par_1_90' title="bbox 2008 4197 3655 4270">
     <span class='ocr_line' id='line_1_90' title="bbox 2008 4197 3655 4270; baseline 0 -16"><span class='ocrx_word' id='word_1_661' title='bbox 2008 4197 2381 4270; x_wconf 84' lang='lat' dir='ltr'><strong>appellatur].</strong></span> <span class='ocrx_word' id='word_1_662' title='bbox 2416 4197 2615 4269; x_wconf 89' lang='lat' dir='ltr'><strong>Neque</strong></span> <span class='ocrx_word' id='word_1_663' title='bbox 2645 4198 2803 4253; x_wconf 91' lang='lat' dir='ltr'><strong>enim</strong></span> <span class='ocrx_word' id='word_1_664' title='bbox 2835 4200 3264 4270; x_wconf 66' lang='lat' dir='ltr'><strong>aequinoctialis</strong></span> <span class='ocrx_word' id='word_1_665' title='bbox 3286 4199 3540 4255; x_wconf 88' lang='lat' dir='ltr'><strong>circulus</strong></span> <span class='ocrx_word' id='word_1_666' title='bbox 3562 4216 3655 4254; x_wconf 90' lang='lat' dir='ltr'>zo-</span> 
     </span>
    </p>
   </div>
   <div class='ocr_carea' id='block_1_91' title="bbox 2007 4286 3653 4360">
    <p class='ocr_par' dir='ltr' id='par_1_91' title="bbox 2007 4286 3653 4360">
     <span class='ocr_line' id='line_1_91' title="bbox 2007 4286 3653 4360; baseline -0.001 -18"><span class='ocrx_word' id='word_1_667' title='bbox 2007 4287 2243 4342; x_wconf 88' lang='lat' dir='ltr'><strong>diacum</strong></span> <span class='ocrx_word' id='word_1_668' title='bbox 2275 4286 2451 4342; x_wconf 86' lang='lat' dir='ltr'><strong>rectis</strong></span> <span class='ocrx_word' id='word_1_669' title='bbox 2481 4286 2718 4355; x_wconf 84' lang='lat' dir='ltr'><strong>angulis</strong></span> <span class='ocrx_word' id='word_1_670' title='bbox 2750 4292 2926 4343; x_wconf 88' lang='lat' dir='ltr'><strong>secat.</strong></span> <span class='ocrx_word' id='word_1_671' title='bbox 2949 4287 3018 4343; x_wconf 91' lang='lat' dir='ltr'><strong>Ut</strong></span> <span class='ocrx_word' id='word_1_672' title='bbox 3044 4289 3300 4343; x_wconf 84' lang='lat' dir='ltr'><strong>breviter</strong></span> <span class='ocrx_word' id='word_1_673' title='bbox 3330 4287 3513 4360; x_wconf 84' lang='lat' dir='ltr'><strong>igitur</strong></span> <span class='ocrx_word' id='word_1_674' title='bbox 3532 4302 3653 4342; x_wconf 87' lang='lat' dir='ltr'>rem</span> 
     </span>
    </p>
   </div>
   <div class='ocr_carea' id='block_1_92' title="bbox 2012 4374 3656 4448">
    <p class='ocr_par' dir='ltr' id='par_1_92' title="bbox 2012 4374 3656 4448">
     <span class='ocr_line' id='line_1_92' title="bbox 2012 4374 3656 4448; baseline 0 -17"><span class='ocrx_word' id='word_1_675' title='bbox 2012 4391 2350 4448; x_wconf 87' lang='lat' dir='ltr'><strong>persequar,</strong></span> <span class='ocrx_word' id='word_1_676' title='bbox 2384 4374 2505 4429; x_wconf 79' lang='lat' dir='ltr'><strong>hzec</strong></span> <span class='ocrx_word' id='word_1_677' title='bbox 2539 4375 2655 4430; x_wconf 81' lang='lat' dir='ltr'><strong>fere</strong></span> <span class='ocrx_word' id='word_1_678' title='bbox 2686 4379 2847 4441; x_wconf 87' lang='lat' dir='ltr'><strong>sunt,</strong></span> <span class='ocrx_word' id='word_1_679' title='bbox 2879 4393 3007 4447; x_wconf 70' lang='lat' dir='ltr'><strong>quae</strong></span> <span class='ocrx_word' id='word_1_680' title='bbox 3059 4394 3093 4432; x_wconf 79' lang='grc' dir='ltr'>ο.</span> <span class='ocrx_word' id='word_1_681' title='bbox 3122 4375 3554 4433; x_wconf 85' lang='lat' dir='ltr'><strong>Mathematicis</strong></span> <span class='ocrx_word' id='word_1_682' title='bbox 3586 4376 3656 4431; x_wconf 89' lang='lat' dir='ltr'>de</span> 
     </span>
    </p>
   </div>
   <div class='ocr_carea' id='block_1_93' title="bbox 2004 4462 3657 4535">
    <p class='ocr_par' dir='ltr' id='par_1_93' title="bbox 2004 4462 3657 4535">
     <span class='ocr_line' id='line_1_93' title="bbox 2004 4462 3657 4535; baseline -0.001 -14"><span class='ocrx_word' id='word_1_683' title='bbox 2004 4466 2194 4521; x_wconf 85' lang='lat' dir='ltr'><strong>t&#39;orma</strong></span> <span class='ocrx_word' id='word_1_684' title='bbox 2222 4464 2434 4520; x_wconf 73' lang='lat' dir='ltr'><strong>animae</strong></span> <span class='ocrx_word' id='word_1_685' title='bbox 2455 4462 2571 4519; x_wconf 91' lang='lat' dir='ltr'><strong>dici</strong></span> <span class='ocrx_word' id='word_1_686' title='bbox 2602 4465 2960 4535; x_wconf 87' lang='lat' dir='ltr'><strong>possunt.Ad</strong></span> <span class='ocrx_word' id='word_1_687' title='bbox 2993 4465 3204 4523; x_wconf 69' lang='lat' dir='ltr'><strong>animae</strong></span> <span class='ocrx_word' id='word_1_688' title='bbox 3233 4469 3430 4523; x_wconf 89' lang='lat' dir='ltr'><strong>autem</strong></span> <span class='ocrx_word' id='word_1_689' title='bbox 3453 4481 3657 4523; x_wconf 86' lang='lat' dir='ltr'><strong>essen-</strong></span> 
     </span>
    </p>
   </div>
   <div class='ocr_carea' id='block_1_94' title="bbox 318 5548 3660 5626">
    <p class='ocr_par' dir='ltr' id='par_1_94' title="bbox 318 5548 3660 5626">
     <span class='ocr_line' id='line_1_94' title="bbox 318 5548 3660 5626; baseline -0.001 -16"><span class='ocrx_word' id='word_1_690' title='bbox 318 5556 430 5626; x_wconf 83' lang='grc'>(18)</span> <span class='ocrx_word' id='word_1_691' title='bbox 450 5553 537 5623; x_wconf 90' lang='lat'>[’0</span> <span class='ocrx_word' id='word_1_692' title='bbox 571 5550 840 5623; x_wconf 82' lang='grc' dir='ltr'>Θατέροσ].</span> <span class='ocrx_word' id='word_1_693' title='bbox 864 5550 1005 5626; x_wconf 64' lang='lat' dir='ltr'><strong>ilasc</strong></span> <span class='ocrx_word' id='word_1_694' title='bbox 1044 5549 1239 5626; x_wconf 81' lang='lat' dir='ltr'><strong>verba,</strong></span> <span class='ocrx_word' id='word_1_695' title='bbox 1272 5565 1305 5626; x_wconf 64' lang='grc' dir='ltr'><strong>ᾳ</strong></span> <span class='ocrx_word' id='word_1_696' title='bbox 1338 5549 1505 5626; x_wconf 79' lang='lat' dir='ltr'><strong>nobis</strong></span> <span class='ocrx_word' id='word_1_697' title='bbox 1539 5550 1792 5620; x_wconf 81' lang='lat' dir='ltr'><strong>adjecta,</strong></span> <span class='ocrx_word' id='word_1_698' title='bbox 1823 5550 1920 5607; x_wconf 78' lang='lat' dir='ltr'>ita</span> <span class='ocrx_word' id='word_1_699' title='bbox 1949 5552 2021 5606; x_wconf 87' lang='lat' dir='ltr'>ad</span> <span class='ocrx_word' id='word_1_700' title='bbox 2053 5554 2404 5611; x_wconf 87' lang='lat' dir='ltr'><strong>sententiam</strong></span> <span class='ocrx_word' id='word_1_701' title='bbox 2437 5550 2766 5610; x_wconf 82' lang='lat' dir='ltr'><strong>necessaria</strong></span> <span class='ocrx_word' id='word_1_702' title='bbox 2795 5551 2954 5617; x_wconf 85' lang='lat' dir='ltr'><strong>sunt,</strong></span> <span class='ocrx_word' id='word_1_703' title='bbox 2987 5551 3052 5603; x_wconf 89' lang='lat' dir='ltr'>ut</span> <span class='ocrx_word' id='word_1_704' title='bbox 3080 5548 3365 5607; x_wconf 88' lang='lat' dir='ltr'><strong>excidisse</strong></span> <span class='ocrx_word' id='word_1_705' title='bbox 3395 5567 3510 5606; x_wconf 91' lang='lat' dir='ltr'>non</span> <span class='ocrx_word' id='word_1_706' title='bbox 3533 5551 3660 5607; x_wconf 87' lang='lat' dir='ltr'><strong>sine</strong></span> 
     </span>
    </p>
   </div>
   <div class='ocr_carea' id='block_1_95' title="bbox 246 5620 1664 5701">
    <p class='ocr_par' dir='ltr' id='par_1_95' title="bbox 246 5620 1664 5701">
     <span class='ocr_line' id='line_1_95' title="bbox 246 5620 1664 5701; baseline -0.004 -17"><span class='ocrx_word' id='word_1_707' title='bbox 246 5620 547 5701; x_wconf 77' lang='lat' dir='ltr'><strong>probabili</strong></span> <span class='ocrx_word' id='word_1_708' title='bbox 580 5620 759 5679; x_wconf 82' lang='lat' dir='ltr'><strong>causa</strong></span> <span class='ocrx_word' id='word_1_709' title='bbox 789 5620 1110 5678; x_wconf 78' lang='lat' dir='ltr'><strong>existimari</strong></span> <span class='ocrx_word' id='word_1_710' title='bbox 1140 5620 1385 5692; x_wconf 86' lang='lat' dir='ltr'><strong>possint.</strong></span> <span class='ocrx_word' id='word_1_711' title='bbox 1426 5622 1664 5678; x_wconf 69' lang='lat' dir='ltr'><strong>Lmoaa.</strong></span> 
     </span>
    </p>
   </div>
  </div>
