4060 6214
458 274 616 337 ⁷1107

1790 273 2211 336 MICHAELIS
2257 273 2349 335 PS
2360 273 2530 334 ELLI

3706 275 3873 336 1108

456 406 598 461 tiam
630 408 679 463 si
701 406 1023 463 orationem
1051 409 1505 477 revocamus,sic
1528 406 2089 473 sentimus_.animan

2221 423 2418 477 φαμεν,
2461 404 2535 464 ὡς
2579 400 2753 465 πάσας
2800 403 2896 465 τὰς
2947 402 3253 476 ἐπιστήμας
3298 400 3580 466 οὕσιωδως
3625 404 3660 472 ἠ
3708 405 3870 479 ψυχὴ

457 512 659 552 revera
690 514 921 553 omnem
956 497 1402 569 disciplinarum
1427 498 1730 553 scientiam
1757 497 2100 567 anticipare,

457 586 564 657 (ut)
598 587 656 641 in
685 587 1004 658 geometria
1036 587 1424 659 integritatem
1460 588 1538 656 (id
1575 587 1726 658 quod
1779 587 1836 642 in
1868 586 2103 656 quanti-

456 679 574 730 tate
607 674 804 747 aliqua
834 676 1648 748 versatur),{iguram,lineam
1682 694 1693 744 ;
1728 676 1787 730 in
1823 675 2101 730 arithme-

456 765 949 838 tica(disciplina)
973 765 1785 831 multitudinem,essentiales
1817 765 2099 819 unitates:

457 850 517 908 in
545 854 886 910 harmonica
916 870 1296 911 numerorum
1349 856 1605 912 rationes
1640 872 1653 910 :
1705 855 1766 910 in
1819 853 2104 926 sphaerica

456 942 719 1013 duplices
752 948 970 998 motus.

526 1031 801 1099 3,Animae
825 1030 1004 1104 igitur
1027 1033 1085 1088 in
1104 1032 1532 1104 longitudinem
1557 1032 1735 1088 sectio
1758 1048 2097 1105 processum

453 1119 673 1174 indicat
703 1119 957 1192 desuper
987 1138 1019 1177 a
1050 1138 1247 1177 rerum
1298 1122 1506 1193 opiﬁce
1556 1126 1913 1187 manantem,
1946 1120 2101 1175 unde

451 1212 584 1279 post
614 1225 790 1264 unam
820 1210 948 1264 duae
972 1211 1180 1265 anima:
1203 1211 1822 1282 exoriuntur,quarum
1853 1215 2101 1280 utraque

450 1298 684 1353 easdem
717 1298 891 1353 habet
921 1300 1358 1370 rationes,inter
1378 1317 1558 1372 seque
1584 1305 1640 1354 et
1662 1300 2102 1370 conjunguntur

450 1390 506 1440 et
536 1386 983 1459 distinguuntur
1012 1393 1068 1443 et
1098 1388 1311 1444 centris
1342 1389 1652 1444 cohaarent.
1687 1389 1805 1443 Hoc
1836 1388 1993 1443 enim
2026 1387 2101 1442 si-

450 1474 692 1546 gnificat
720 1476 864 1531 illud
902 1500 929 1527 ‹‹
964 1476 1289 1549 mediaeque
1338 1479 1727 1533 accomodans
1758 1477 2035 1532 mediam.
2070 1498 2098 1525 »

453 1566 609 1630 Quas
634 1580 767 1620 cum
796 1564 857 1619 in
888 1565 1175 1621 circulum
1211 1566 1572 1636 rotundavit,
1606 1565 1971 1637 intelligendi
2022 1564 2101 1621 vi-

450 1652 719 1721 donatas,
776 1669 841 1709 eo
891 1670 1093 1721 cursu,
1129 1655 1228 1726 qui
1296 1671 1533 1726 semper
1606 1654 1663 1709 in
1732 1655 1936 1709 eodem
1985 1658 2096 1724 est,

2212 492 2521 569 προείληφε
2557 513 2569 526 ·
2602 494 2701 561 τὴν
2741 492 3076 567 γεωμετρίαν
3130 492 3266 547 κατὰ
3314 493 3414 560 τὴν
3437 491 3699 562 ὁλότητα,
3730 494 3870 547 κατὰ

2210 582 2272 635 τὸ
2333 589 2549 656 σχῆμα,
2600 582 2739 636 κατᾶ
2806 582 2901 643 τὰς
2971 580 3230 657 γραμμάς
3265 600 3278 613 ’
3336 583 3435 651 τὴν
3500 582 3871 657 ἀριθμητικήν

2210 670 2346 725 κατᾶ
2388 672 2449 724 τὸ
2499 669 2733 739 πλῆθος,
2794 672 2929 725 κατὰ
2977 673 3073 732 τὰς
3132 668 3416 731 οὐσιῶδεις
3480 670 3530 725 ἐν
3576 670 3712 744 αὐτῇ
3764 693 3867 743 μο-

2212 757 2373 820 νάδας
2410 778 2421 791 ·
2454 761 2551 827 τῆν
2604 759 2909 834 ἁρμονικὴν
2956 759 3093 814 κατὰ
3135 758 3263 823 τοὺς
3306 759 3503 835 λόγους
3542 764 3649 814 τῶν
3714 759 3864 832 ἀριθ-

2216 853 2329 922 μῶν
2377 868 2389 882 ·
2422 848 2520 917 τήν
2553 845 2609 902 δὶ
2657 849 2947 926 σφαιρικὴν
2992 848 3128 904 κατὰ
3171 850 3265 910 τὰς
3320 846 3499 911 διττὰς
3530 851 3859 927 περιφοράς.

2279 1032 2342 1100 γ’.
2376 1027 2435 1083 Ἢ
2463 1025 2639 1080 τοίνυν
2684 1026 2819 1081 κατὰ
2870 1032 3047 1099 μῆκος
3097 1022 3357 1101 διαίρεσις
3398 1033 3497 1097 τῆς
3540 1030 3728 1102 ψυχῆς
3756 1028 3855 1094 τήν

2212 1112 2412 1169 ἄνωθεν
2471 1115 2576 1169 ἀπὸ
2633 1120 2729 1170 τοῦ
2802 1113 3150 1191 Δημιουργοιῖ
3208 1117 3546 1185 καθήκουσαν
3607 1114 3855 1193 ἐμφαίνει

2210 1200 2467 1277 πάροδον,
2514 1204 2602 1281 ἀφ’
2634 1204 2695 1258 οὗ
2746 1205 3145 1280 ἀπογεννῶνται
3194 1204 3365 1280 ψυχαὶ
3425 1202 3519 1259 δύο
3573 1206 3709 1277 μετὰ
3760 1205 3858 1272 τήν

2214 1290 2362 1363 μίαν,
2396 1293 2469 1345 ὧν
2513 1292 2734 1368 ἑκατέρα
2763 1292 2889 1355 τοὺς
2939 1292 3135 1355 αὐτοὺς
3182 1292 3296 1368 ἔχει
3346 1292 3564 1368 Λόγους,
3594 1293 3685 1346 καὶ
3736 1315 3857 1346 συν-

2208 1380 2468 1436 άπτονται
2500 1379 2798 1452 ἀλλήλαις,
2848 1381 2938 1436 καὶ
2990 1378 3280 1456 διῄρηνται
3320 1381 3412 1436 ἀπ’
3444 1380 3738 1451 ἀλλήλων,
3768 1382 3857 1436 καὶ

2208 1468 2445 1538 ἤνωνται
2504 1476 2621 1532 τοῖς
2675 1472 2876 1525 ἑαυτῶν
2926 1469 3191 1546 κίντροις.
3255 1472 3429 1527 Τοῦτο
3478 1470 3578 1544 γάρ
3639 1470 3753 1525 ἐστι
3796 1472 3858 1525 τὸ

2208 1584 2235 1611 ‹‹
2282 1561 2451 1632 μέσην
2501 1560 2637 1636 πρὸς
2691 1560 2880 1633 μέσην.
2918 1583 2945 1610 ››
2983 1560 3085 1616 Καὶ
3136 1561 3475 1633 κατίκαμψεν
3504 1559 3667 1621 αὐτὰς
3701 1561 3730 1613 ὁ
3762 1557 3860 1629 δη-

2209 1650 2473 1726 μιουργὸς
2505 1649 2580 1710 εἷς
2630 1648 2856 1716 κύκλον,
2908 1649 2996 1702 καὶ
3045 1652 3113 1722 τῇ
3172 1648 3307 1703 κατὰ
3347 1648 3513 1703 ταύτᾶ
3557 1650 3647 1703 καὶ
3698 1648 3750 1703 ἐν
3781 1654 3859 1719 τῷ

449 1742 772 1813 eodemque
820 1743 991 1797 modo
1039 1743 1467 1815 circumagitur,
1515 1743 1939 1814 circumplexus
1986 1748 2089 1811 est,

2205 1738 2355 1809 αὐτῷ
2393 1737 2601 1808 κίνήσει
2648 1732 2967 1811 περιέλαϐεν
3017 1737 3184 1799 αὐτὰς
3242 1738 3433 1811 νοερὰς
3475 1739 3735 1807 ποιήσας,
3766 1740 3853 1791 καὶ

2270 1832 2293 1841 ~
2472 1824 2496 1843 ἢ
2536 1826 2547 1841 ‘
2672 1826 2684 1843 ν
2766 1832 2787 1841 υ
2873 1838 2889 1843 Α
2936 1826 2946 1843 Ι
3138 1827 3150 1841 ι
3203 1826 3216 1843 ν
3263 1838 3277 1843 -
3322 1826 3335 1843 \
3454 1828 3467 1843 ς
3551 1824 3606 1843 ‘I
3656 1824 3681 1843 κ
3790 1832 3815 1841 ο

448 1831 685 1901 quando
716 1831 1031 1903 participes
1062 1849 1160 1888 eas
1211 1833 1346 1888 fecit
1394 1832 1606 1887 divinae
1655 1834 1870 1888 mentis
1901 1834 2093 1902 (ratio-

446 1920 582 1989 nis),
616 1921 1033 1991 transtulitque
1062 1922 1391 1977 animarum
1443 1921 1784 1977 dualilatem
1818 1923 1888 1977 ad
1920 1921 2089 1977 intel-

442 2007 755 2063 lectualem
786 2009 1132 2066 dualitatem
1164 2011 1421 2066 essentia
1451 2011 1524 2065 iis
1575 2015 1968 2082 praestantem,
2001 2010 2089 2065 ni-

445 2097 661 2152 mirum
712 2099 867 2169 quia,
909 2100 1201 2172 siquidem
1252 2101 1467 2172 duplex
1506 2099 1780 2155 animalis
1826 2101 1945 2156 vita
1993 2101 2090 2167 sit,

443 2202 562 2240 una
592 2186 649 2240 in
677 2187 1021 2259 cogitatione
1053 2188 1265 2261 posita,
1298 2189 1482 2244 altera
1513 2190 1569 2244 in
1600 2189 2091 2261 opinatione,duze

442 2280 609 2330 rectm
641 2275 851 2349 (lineae)
900 2278 1251 2349 proveniunt
1291 2282 1348 2333 et
1397 2279 1455 2333 in
1507 2279 1676 2334 orbes
1725 2284 2088 2334 curvantur:

443 2365 649 2418 mediae
680 2371 875 2421 autem
924 2368 1379 2422 accommodans
1426 2367 1682 2422 mediam
1732 2367 1832 2435 ita,
1887 2368 2093 2439 opinor

448 2452 733 2525 (dicitur),
767 2455 817 2509 si
850 2455 921 2509 ad
956 2472 1178 2526 ea,qua=:
1211 2472 1313 2526 per
1343 2472 1404 2511 se
1436 2456 1627 2511 media
1661 2457 1978 2525 sunt,facta
2003 2462 2094 2512 est

447 2543 657 2597 anima:
689 2544 1046 2613 conjunctio.
1078 2545 1445 2599 Postremum
1480 2545 1634 2599 enim
1670 2546 1821 2615 ejus,
1854 2546 2092 2616 quodin

444 2630 794 2701 cogitatione
812 2634 1068 2703 positum
1087 2637 1280 2701 est(::
1297 2634 1511 2688 mentis
1533 2632 2090 2707 intelligentiaeque),

444 2724 499 2772 el
530 2734 828 2775 summum
852 2721 1001 2790 ejus,
1044 2722 1198 2792 quod
1248 2720 1523 2792 opinione
1575 2722 2093 2792 comprehenditur

443 2806 687 2878 (opinati
710 2813 765 2862 et
786 2809 1189 2880 sensibilis),in
1215 2810 1407 2865 media
1432 2810 1644 2866 animai
1666 2811 2090 2882 compositione

441 2912 677 2967 semper
692 2899 941 2963 est.Qua3
964 2916 1096 2954 vero
1117 2916 1185 2954 ex
1208 2900 1598 2955 commissura
1622 2905 1747 2954 orta
1769 2905 1857 2955 est
1880 2902 2086 2969 forma,

440 2983 503 3059 χί
536 2985 741 3056 dico,ei
775 2988 1021 3043 multam
1042 3006 1172 3043 eum
1199 2989 1397 3044 anima
1417 2989 1761 3044 affinitatem
1796 3006 1926 3045 esse
1948 2991 2089 3046 dicit

443 3073 798 3146 Porphyrius
828 3076 945 3132 ille.
984 3078 1111 3133 Fuit
1140 3078 1320 3146 enim,
1355 3077 1568 3146 inquit,
1610 3078 1763 3147 apud
1791 3078 2088 3150 Egyptios

2202 1832 2297 1880 νοῦ
2331 1824 2594 1899 μεταδοὺς
2629 1826 2814 1888 αὐταῖς
2869 1826 3015 1890 θείου
3063 1827 3153 1881 καὶ
3200 1826 3368 1891 ἐνθεὶς
3408 1828 3508 1895 τῆν
3547 1824 3718 1881 δύαδα
3750 1832 3856 1880 τῶν

2200 1918 2392 1991 ψυχῶν
2426 1916 2501 1977 εἷς
2536 1913 2703 1970 δυάδα
2751 1915 2938 1991 γοερὰν
2972 1916 3087 1970 κατ’
3126 1914 3309 1969 οὐσίαν
3343 1914 3516 1970 αὐτῶν
3550 1917 3855 1991 ὑπερέχουο

2202 2027 2295 2059 σαν
2330 2023 2342 2036 ⁸
2444 2006 2526 2060 ὅτι
2559 2002 2742 2074 διττῆς
2788 2003 2954 2075 οὔσης
2998 2011 3099 2074 τῆς
3147 2008 3387 2080 ψυχικῆς
3424 2009 3592 2074 ζωῆς,
3622 2013 3728 2075 τῆς
3761 2006 3858 2078 μὲν

2203 2091 2577 2165 διανοητικῆς,
2631 2102 2732 2165 τῆς
2791 2091 2847 2148 δὲ
2899 2091 3236 2164 δοξαστικῆς,
3296 2092 3391 2148 δύο
3450 2094 3651 2148 εὐθεῖαι
3713 2114 3854 2169 προ-

2202 2184 2480 2259 έρχονται,
2530 2182 2620 2238 καὶ
2670 2182 2747 2245 εἷς
2801 2180 2894 2237 δόο
2937 2182 3411 2256 κατακάμπτονται
3462 2181 3705 2246 κύκλους
3736 2203 3750 2215 '
3793 2186 3857 2239 τὸ

2202 2269 2258 2327 δὲ
2293 2274 2462 2345 μέσην
2494 2272 2631 2348 πρὸς
2683 2270 2850 2344 μέσην
2901 2272 3047 2347 τάχα
3096 2268 3177 2327 ὅτι
3222 2271 3357 2326 κατὰ
3386 2273 3450 2326 τὰ
3479 2271 3685 2345 κυρίως
3720 2273 3858 2345 μέσα

2201 2363 2413 2436 γέγονεν
2440 2364 2473 2431 ἡ
2508 2362 2712 2439 συναφὴ
2768 2367 2870 2429 τῆς
2917 2364 3122 2437 ψυχῆς,
3172 2367 3325 2415 ’Ἐστι
3375 2361 3476 2437 γὰρ
3524 2362 3587 2415 τὸ
3620 2360 3857 2437 ἔσχατον

2198 2456 2295 2506 τοῦ
2355 2448 2703 2520 διανοητικοῢ
2760 2451 2849 2505 καὶ
2897 2450 2959 2505 τὸ
3032 2449 3328 2525 ἆκρόρατον
3384 2454 3481 2504 τοῦ
3539 2447 3861 2522 δοξαστικοῦ

2205 2542 2340 2613 μετὰ
2368 2541 2544 2610 πάσης
2580 2546 2681 2609 τῆς
2730 2543 2973 2614 ψυχικῆς
3020 2540 3341 2601 συστάσεως.
3383 2538 3533 2595 Αύτὸ
3582 2537 3643 2594 δὲ
3686 2542 3751 2594 τὸ
3802 2540 3860 2595 ὲκ

2198 2637 2300 2698 τῆς
2333 2625 2650 2703 προσϐολῆς
2700 2628 2991 2703 γενόμενον
3039 2635 3254 2703 σχῆμα,
3299 2628 3443 2705 φημὶ
3471 2626 3537 2696 δὴ
3567 2630 3633 2683 τὸ
3658 2635 3747 2705 χῖ,
3781 2630 3855 2690 ὡς

2201 2718 2296 2793 ὅγε
2326 2718 2633 2794 Πορφύριος
2678 2718 2901 2790 ἱστορεῖ,
2955 2716 3175 2786 πολλὴν
3228 2712 3539 2787 οἰκειότητα
3568 2714 3689 2792 ἔχει
3719 2719 3855 2793 πρὸς

2198 2809 2296 2875 τὴν
2329 2810 2514 2883 ψυχήν
2551 2826 2562 2838 ·
2597 2805 2861 2881 ἐτυγχανε
2908 2806 3035 2882 γὰρ,
3084 2806 3238 2883 φησὶ,
3285 2806 3433 2876 παρὰ
3476 2812 3593 2868 τοῖς
3635 2808 3853 2881 Αἳγυπ-

2197 2898 2334 2960 τίοις
2352 2901 2601 2959 τοιοῦτος
2646 2896 2958 2970 χαρακτὴρ,
3007 2894 3286 2968 σύμλολον
3319 2896 3494 2971 φέρων
3526 2902 3626 2963 τῆς
3655 2916 3854 2968 κοσμι-

2198 2994 2301 3055 κῆς
2357 2989 2562 3060 ψυχῆς,
2646 2984 2846 3039 κύκλον
2929 2979 3443 3059 περιϐεϐλημένος’
3524 2984 3851 3058 ἐσημαίνετο

2205 3077 2301 3148 μὲν
2360 3075 2461 3149 γὰρ
2519 3072 2609 3128 διὰ
2667 3074 2761 3147 μὶν
2825 3078 2932 3128 τῶν
3007 3074 3228 3137 εὐθειῶν
3305 3077 3339 3142 ἡ
3397 3071 3646 3141 δυοειδῆς
3700 3072 3855 3127 δύνα-

441 3163 733 3233 ejusmodi
763 3165 971 3235 forma,
1004 3166 1211 3221 animae
1264 3166 1575 3220 mundanae
1628 3170 1822 3219 notam
1854 3182 2082 3237 gerens,

2205 3147 2294 3239 μις
2491 3167 2701 3238 ψυχῆς,
2760 3161 2849 3217 διὰ
2924 3160 2981 3217 δὲ
3052 3167 3149 3217 τοῦ
3199 3162 3404 3218 κύκλου
3461 3166 3495 3232 ἡ
3555 3161 3850 3235 μονοειδὴς

444 3251 569 3307 orbi
600 3252 995 3310 circumdata:
1032 3256 1324 3327 rectisque
1347 3254 1566 3325 (lineis)
1590 3254 1859 3309 biformis
1880 3256 2087 3310 animae

446 3345 707 3413 potentia
736 3343 1205 3414 significabatur,
1239 3344 1377 3399 orbe
1408 3347 1606 3397 autem
1640 3342 1952 3399 uniformis
1973 3345 2094 3399 vita

448 3434 622 3500 atque
656 3431 1073 3489 intellectualis
1104 3432 1405 3489 conversio
1437 3430 1809 3487 orbiculatim
1841 3432 2048 3489 ﬂexilis
2081 3452 2094 3490 :

449 3524 644 3576 metus
674 3536 828 3586 vero,
862 3523 962 3592 qui
996 3523 1052 3577 in
1086 3523 1288 3577 eodem
1323 3536 1556 3592 semper
1584 3521 1904 3591 eodemque
1928 3525 2101 3579 modo

2210 3255 2322 3323 ζωὴ
2382 3252 2471 3307 καὶ
2519 3255 2553 3321 ἡ
2603 3252 2739 3306 κατᾶ
2809 3251 3010 3305 κύκλον
3084 3252 3245 3328 νοερᾶ
3300 3251 3644 3329 ἐπιστροφή·
3706 3254 3741 3319 ἡ
3803 3249 3865 3306 δὲ

2203 3345 2340 3398 κατὰ
2385 3340 2552 3396 ταύτὰ
2605 3340 2694 3394 καὶ
2748 3339 2799 3394 ἰν
2875 3339 3056 3412 ταύτῷ
3110 3341 3478 3415 περιαγομένη
3552 3340 3765 3408 κίνησις
3822 3342 3859 3408 ἡ

2208 3432 2371 3504 νοερὰ
2416 3429 2527 3484 ἐστι
2582 3428 2853 3504 περιφόρά
2885 3447 2898 3460 ·
2960 3426 3096 3499 αὕτη
3150 3430 3250 3504 γὰρ
3303 3433 3550 3504 περιέχει
3599 3430 3699 3497 τήν
3761 3433 3869 3502 ψυ-

2215 3525 2323 3598 χήν
2360 3543 2373 3557 ⁸
2422 3521 2509 3575 καὶ
2558 3521 2593 3587 ἡ
2657 3520 2753 3593 μὲν
2818 3515 3104 3593 μονοειδής
3156 3519 3320 3587 ἐστιν,
3380 3522 3415 3588 ἡ
3477 3516 3534 3574 δὶ
3583 3516 3867 3588 δυοειδτξς.

1788 4055 2269 4424 \A
2296 4055 2513 4389 λ

432 4485 643 4555 cietur,
699 4482 1114 4539 intellectualis
1163 4485 1263 4542 illa
1310 4490 1719 4551 circumvectio
1769 4500 1877 4562 est,
1946 4510 2073 4565 quas

2205 4494 2279 4547 {ai
2314 4496 2340 4548 ὁ
2401 4497 2493 4569 μὲν
2540 4492 2640 4568 ἔξω
2686 4502 2793 4553 τῶν
2850 4496 3068 4553 κύκλιον
3124 4501 3151 4551 ὁ
3202 4496 3547 4568 διανοητικύς
3578 4499 3717 4554 ἐστιν
3752 4520 3764 4530 -
3799 4504 3827 4554 ὁ

430 4574 668 4645 quidem
703 4572 961 4627 animam
996 4575 1426 4644 complectitur.
1480 4587 1651 4640 Atera
1702 4591 1898 4640 autem
1945 4583 2079 4638 uni-

427 4661 635 4717 formis
662 4665 771 4726 est,
807 4660 989 4715 altera
1020 4661 1398 4723 biformis.Ex
1429 4673 1670 4728 orbibus
1705 4678 1899 4729 autem
1924 4682 2079 4729 exte-

425 4751 547 4806 rior
588 4751 660 4805 ad
728 4752 979 4805 mentem
1050 4749 1618 4831 intelligentiamque
1684 4763 1954 4833 pertinet,
2007 4764 2077 4817 ad

424 4840 826 4911 Opinationem
859 4843 1056 4893 autem
1092 4839 1717 4905 interior.Nominandi
1750 4868 1947 4907 vocem
1971 4869 2077 4907 au-

424 4934 543 4984 tem
574 4928 691 4984 noli
726 4930 929 4999 putare
956 4943 1177 4983 meram
1203 4934 1459 4991 nominis
1493 4938 2075 5011 impositionem,sed

421 5017 817 5089 potentiarum
882 5015 1275 5087 (largitionem
1332 5026 1408 5097 et)
1457 5029 2073 5097 communicationem,

418 5108 596 5163 Menti
631 5106 786 5162 enim
821 5104 1391 5185 (intelligentiaeque)
1426 5115 1579 5172 idem
1619 5120 2072 5191 reprzesentandi

417 5196 758 5251 lacultatem
795 5194 997 5267 Opifex
1031 5212 1222 5251 rerum
1259 5201 1825 5278 distribuit,opinato
1848 5224 1911 5263 ac
1939 5224 2075 5262 sen-

2190 4579 2247 4637 δὲ
2273 4583 2422 4648 ἐντὸς
2472 4587 2498 4640 ὁ
2559 4584 2888 4657 δοξαστικὸς.
2947 4589 3016 4641 Τὸ
3063 4585 3119 4642 δὶ
3168 4587 3495 4663 ἐπιφημίσαι
3561 4589 3721 4664 eiut
3769 4592 3841 4660 μή

2192 4671 2332 4727 Θὲσιν
2364 4674 2629 4747 ὀνόματος
2659 4675 2828 4749 ψιλὴν
2878 4672 3183 4749 ὑπολάϐῃς,
3236 4674 3379 4730 ἀλλὰ
3421 4674 3712 4747 μετάδοσιν
3747 4676 3843 4731 δυ-

2188 4763 2425 4833 νάμεων.
2468 4769 2554 4836 Τῷ
2590 4765 2682 4836 μὲν
2732 4765 2835 4839 γὰρ
2885 4761 3216 4835 διανοητικῷ
3258 4767 3318 4818 τὸ
3348 4765 3679 4819 ταυτοποιόν
3714 4787 3727 4798 ο
3764 4771 3840 4836 τῷ

2189 4848 2245 4903 δὲ
2300 4848 2600 4924 δοξαστικῷ
2650 4853 2711 4906 τὸ
2760 4854 3067 4927 ἕτεροποιὸν
3117 4855 3393 4926 ἀπένειμε.
3448 4854 3545 4907 Καὶ
3584 4854 3675 4907 ἐπὶ
3706 4855 3841 4909 τού-

2184 4959 2299 5000 τοις
2353 4941 2420 4995 τὰ
2480 4941 2572 5013 μὶν
2628 4940 2854 5015 κρείττω
2922 4942 3010 4995 καὶ
3073 4941 3314 5015 θειότερα
3365 4946 3484 5001 ταῖς
3534 4944 3841 5014 κρείττοσιν

2186 5028 2439 5102 ἀπονέμει
2496 5028 2781 5103 δυνάμεσιν
2840 5031 2867 5083 ὁ
2943 5031 3314 5105 Δημιουργὸς,
3382 5034 3453 5102 τῇ
3512 5030 3607 5102 μιν
3669 5032 3841 5102 ταύτῇ

2183 5117 2245 5170 τὸ
2278 5116 2363 5172 ἐπὶ
2398 5116 2564 5188 δεξιὰ,
2611 5123 2691 5190 τῷ
2722 5115 2781 5172 δὲ
2833 5118 3040 5193 θατέρῳ
3096 5120 3163 5173 τὰ
3209 5119 3292 5173 ἐπ’
3348 5118 3601 5194 ἀριστερᾶ
3656 5120 3841 5174 καὶτὸ

2189 5207 2281 5279 μὲν
2311 5206 2629 5281 πλευρικὸν,
2657 5211 2726 5280 τῇ
2760 5204 2816 5261 δὲ
2845 5207 2907 5261 τὸ
2940 5204 3311 5283 διαμετρικόν.

411 5283 568 5339 sibili
600 5284 875 5363 Alterum.
913 5285 1163 5348 Accedit,
1198 5293 1350 5358 quod
1384 5309 1470 5357 ea,
1505 5311 1629 5364 quae
1664 5296 1904 5351 meliora
1937 5301 2074 5351 sunt
2103 5302 2160 5352 et
2191 5299 2497 5363 diviniora,
2532 5297 2874 5354 melioribus
2906 5300 3182 5369 potentiis
3215 5299 3447 5354 donavit
3481 5316 3494 5353 :
3525 5314 3657 5353 eam
3690 5299 3798 5365 (cir
3824 5328 3846 5343 -

416 5373 923 5441 cumvectionem),
957 5390 1082 5443 quae
1116 5375 1393 5444 Ejusdem
1424 5389 1682 5452 vocatur,
1707 5386 1763 5439 in
1798 5386 2059 5439 dextram
2084 5392 2307 5457 partem
2344 5387 2604 5457 ﬂexione,
2636 5386 2695 5441 in
2728 5388 3030 5443 sinistram
3066 5387 3310 5443 ﬂexione
3337 5386 3595 5442 Alterius
3626 5406 3640 5441 :
3676 5388 3832 5442 hanc

413 5458 642 5516 laterali
676 5460 902 5530 (motu),
937 5461 1097 5516 illam
1129 5466 1391 5520 centrali.

487 5550 539 5602 4.
569 5547 846 5603 Similiter
874 5549 933 5603 in
970 5565 1165 5604 rerum
1218 5554 1597 5613 universitate
1646 5559 2054 5619 circumvectio

413 5638 685 5697 inerrans
717 5636 991 5693 omnibus
1034 5636 1091 5692 in
1142 5655 1319 5698 causa
1370 5650 1461 5702 est
1507 5664 1611 5704 cur
1640 5650 1841 5706 eodem
1875 5655 2051 5709 modo

2244 5561 2283 5583 ’δι
2340 5564 2396 5583 ,Λ
2478 5568 2499 5578 ε·
2663 5562 2727 5581 ΊἸ
2834 5569 2861 5579 -σ
3033 5562 3091 5583 ει
3180 5563 3195 5583 κ
3269 5561 3357 5583 ’Ἴ
3453 5562 3680 5583 Ὶγκν⁹ε
3790 5564 3804 5582 Ι

2244 5561 2283 5581 ’ν
2340 5564 2352 5583 ,
2478 5568 2499 5578 ε-
2663 5562 2677 5581 \
2714 5562 2727 5579 9
2834 5569 2861 5579 nu
3033 5562 3047 5580 ἱ
3596 5566 3621 5575 ⁹
3666 5562 3680 5582 ε
3790 5564 3804 5582 Ι

2240 5574 2267 5616 ο
2294 5606 2306 5618 .
2355 5568 2557 5619 Οποιον
2590 5584 2679 5617 και
2710 5583 2761 5616 εν
2795 5584 2874 5635 τῳ
2891 5584 3047 5619 παντι
3067 5565 3101 5631 ἡ
3138 5563 3235 5635 μὲν
3258 5560 3506 5630 ἀπλανὴς
3528 5582 3626 5615 του
3650 5583 3839 5617 ωσαυ-

2160 5673 2267 5714 τως
2300 5653 2431 5708 εἶναι
2464 5659 2622 5708 πᾶσιν
2663 5651 2834 5720 αἰτία,
2886 5654 2940 5708 αἱ
2990 5650 3047 5709 δὲ
3095 5651 3450 5727 πλανώμεναι
3488 5655 3587 5705 τοῦ
3612 5648 3832 5711 ἄλλοτε
