4060 6214
297 298 452 358 1109

1402 301 1482 360 ΙΝ
1526 299 2138 361 PSYCHOGONIAM
2184 301 2595 362 PLATONIS.

3540 304 3703 363 1110

292 423 502 488 ἄλλως.
559 428 635 484 Τὸ
694 425 751 483 δὶ
782 426 949 503 δεξιὸν
992 428 1082 483 καὶ
1138 430 1200 484 τὸ
1258 429 1537 504 ἀριστερὸν
1572 428 1677 484 ἀπὸ
1727 432 1927 504 ψυχῆς⁴

2051 431 2193 497 sint,
2215 431 2484 504 (caetera)
2504 408 2788 499 errantes,
2823 447 2927 485 cur
2946 430 3115 487 aliter
3144 431 3314 488 alias.
3338 432 3616 490 Dextrum
3642 438 3699 490 et

294 514 566 585 ίδιότητὲς
598 517 729 572 εἰσιν
763 516 1048 581 οὐσιώδεις
1080 518 1168 573 καὶ
1202 518 1406 581 εἷ’κόνες
1436 517 1657 588 ταύτης·
1726 518 1788 572 τὸ
1841 519 1933 591 μὲν

291 604 527 667 ἀπλανὶς
561 605 645 661 ἐπὶ
700 605 866 679 δεξιὰ,
912 609 973 663 τὸ
1031 606 1087 663 δὲ
1136 606 1496 682 πλανώμενον
1556 607 1640 662 ἄπ’
1685 607 1937 683 ἀριστερᾶ

289 694 326 763 ἢ
362 695 574 768 μᾶλλον
604 696 669 750 τὸ
720 697 814 769 μὶν
841 701 957 765 νοῦ,
989 698 1051 751 τὸ
1093 694 1150 752 δὲ
1178 701 1365 772 ψυχῆς
1399 696 1579 753 εἰκών.
1607 698 1730 751 Ἀπ’
1766 697 1934 764 αὐτῆς

290 781 352 839 δὲ
400 791 500 854 τῆς
547 788 734 861 ψυχῆς
759 786 823 841 τὸ
857 786 949 858 μὶν
997 783 1163 857 δεξιόν
1215 785 1349 854 ἔστι,
1401 786 1464 841 τὸ
1496 786 1630 860 πρὸς
1670 786 1739 840 τὰ
1766 784 1939 855 νοητᾶ

288 871 683 949 ἐστραμμένονο
745 876 808 929 τὸ
867 872 925 929 δὲ
973 874 1275 951 ἀριστερὸν,
1324 876 1387 930 τὸ
1431 875 1566 950 πρὸς
1618 872 1931 947 ἐπιμέλειαν

284 966 399 1016 τῶν
453 962 747 1032 αἰσθητῶν.
798 964 1044 1037 Περιάγει
1075 961 1133 1018 δὲ
1163 963 1343 1038 ὥσπερ
1374 962 1428 1017 ἐν
1471 963 1663 1035 κόσμῳ
1693 964 1792 1031 τὴν
1837 963 1930 1035 μὲν

286 1048 508 1121 ἀπλανῆ
566 1053 702 1106 κατᾶ
769 1050 1039 1127 πλευρὰν,
1100 1054 1197 1121 τήν
1260 1050 1316 1106 δὲ
1373 1052 1738 1125 πλανωμένην
1798 1053 1932 1107 κατὰ

284 1136 603 1214 διάμετρον,
636 1140 779 1196 οὕτω
811 1141 900 1196 καὶ
952 1141 1004 1197 ἰν
1180 1145 1334 1217 ψυχῇ
1360 1141 1450 1196 τὸν
1484 1141 1577 1213 μὲν
1618 1140 1817 1197 ταύτοῦ
1837 1141 1930 1196 κύ-

281 1227 423 1284 κλον
471 1232 606 1285 κατᾶ
634 1230 896 1305 πλευρὰν,
949 1232 1040 1286 τὸν
1087 1229 1143 1286 δὲ
1182 1230 1409 1304 θατέρου
1448 1231 1583 1286 κατᾶ
1615 1228 1927 1307 διάμετρον.

282 1317 584 1391 ’ἰδιώματα
614 1317 672 1375 δὲ
715 1325 815 1376 τοῦ
877 1321 971 1395 μὶν
1005 1318 1299 1396 διαμέτρου
1349 1320 1412 1375 τὸ
1466 1320 1927 1396 πεπλαγισμένον,

279 1409 351 1463 τὸ
406 1406 632 1483 ἄλογον,
662 1411 723 1465 τὸ
774 1409 1193 1486 περιεχόμενον,
1224 1410 1287 1464 τὸ
1320 1407 1643 1485 διαιρετικὸν
1683 1414 1791 1464 τῶν
1818 1431 1928 1485 γω-

281 1501 442 1551 νιῶν’
500 1505 601 1567 τῆς
625 1495 681 1553 δὲ
728 1496 965 1573 πλευρᾶς
995 1499 1056 1553 τὸ
1086 1498 1476 1573 ἀπλαγίαστον,
1507 1499 1570 1553 τὸ
1632 1498 1821 1573 ῥητὸν,
1868 1500 1930 1554 τὸ

281 1587 623 1659 περικτικὸν,
676 1588 739 1641 τὸ
795 1587 1124 1642 συνεκτικύι.
1171 1587 1413 1649 Εἲκότως
1446 1586 1597 1663 ἄραὸ
1652 1587 1744 1661 μὶν
1780 1586 1929 1664 λέγε-

280 1695 375 1728 ται
430 1675 777 1751 περιάγεσθαι
836 1676 973 1730 κατὰ
1025 1675 1264 1751 πλευρὰν
1311 1678 1339 1731 6
1369 1677 1630 1751 κρείττων
1686 1683 1787 1746 τῆς
1824 1680 1929 1750 ψυ-

2049 521 2358 576 sinistrum
2412 539 2481 577 ex
2530 521 2729 576 anima
2760 520 3079 591 (oriuntur)
3106 538 3118 575 :
3149 521 3320 593 (quas)
3352 522 3697 580 essentiales

2046 610 2173 680 ejus
2203 611 2587 683 proprietates
2619 614 2760 666 sunt
2796 616 2853 666 et
2884 608 3171 681 imagines
3199 626 3211 664 :
3240 610 3321 676 id,
3355 613 3510 681 quod
3543 613 3697 668 iner-

2046 716 2185 754 rans
2222 705 2331 767 est,
2365 701 2761 765 dextrorsum,
2794 700 2952 771 quod
2990 705 3185 754 autem
3213 716 3416 755 errans
3439 705 3527 756 est
3546 701 3696 756 sini-

2045 792 2333 844 strorsum
2368 790 2666 860 (vertens),
2710 788 2798 844 vel
2849 787 3047 860 potius
3097 788 3206 844 hoc
3260 788 3495 857 mentis,
3545 787 3693 844 illud

2044 877 2252 932 animas
2283 878 2480 950 imago
2501 882 2609 934 est.
2638 882 2714 932 Ex
2733 877 2862 950 ipsa
2883 880 3078 933 autem
3104 876 3303 934 anima
3329 878 3568 949 (ortum)
3608 882 3698 934 est

2042 966 2334 1033 dextrum,
2386 968 2541 1038 quod
2580 967 2818 1039 quidem
2868 968 2940 1023 ad
2986 966 3382 1039 intelligibilia
3428 966 3693 1036 vertitur,

2041 1055 2352 1111 sinistrum
2385 1062 2584 1111 autem
2637 1057 2708 1112 ad
2769 1073 2971 1111 curam
3024 1055 3694 1112 sensibilium.Sicutin

1982 1145 1989 1152 ⁷
2042 1146 2262 1200 mundo
2293 1148 2649 1201 inerrantem
2685 1144 3272 1216 (circumvectionem)
3306 1148 3366 1200 in
3398 1144 3555 1201 latus
3587 1147 3697 1201 cir-

2042 1235 2320 1305 cumagit,
2356 1239 2650 1291 errantem
2675 1240 2871 1291 autem
2905 1234 2975 1289 ad
3012 1234 3265 1290 mediam
3290 1233 3507 1290 lineam
3533 1234 3691 1290 dire-

2039 1322 2142 1391 xit,
2176 1323 2261 1378 sic
2295 1322 2355 1378 in
2388 1324 2587 1380 anima
2616 1323 2815 1379 etiam.
2850 1324 3130 1394 Ejusdem
3178 1324 3379 1379 orbem
3418 1323 3479 1378 in
3512 1322 3688 1394 latus,

2040 1412 2111 1469 ad
2145 1411 2398 1469 mediam
2431 1412 2647 1469 lineam
2681 1417 2876 1469 autem
2900 1412 3174 1469 Alterius.
3194 1412 3390 1469 Medias
3411 1412 3691 1469 lineaeau-

2040 1508 2154 1558 tem
2178 1502 2304 1574 (est)
2335 1502 2641 1574 proprium
2673 1503 2752 1572 id,
2781 1503 2937 1574 quod
2970 1501 3339 1574 obliquatum
3380 1505 3490 1570 est,
3524 1502 3682 1573 quod

2040 1595 2130 1648 est
2158 1591 2515 1658 irrationale,
2549 1592 2704 1662 quod
2756 1591 3181 1658 circumdatur,
3233 1592 3389 1663 quod
3438 1591 3687 1662 angulos

2040 1679 2267 1747 dividit,
2294 1679 2495 1735 lateris
2526 1685 2723 1735 autem
2749 1680 2829 1751 id,
2856 1682 3007 1752 quod
3038 1697 3155 1735 non
3187 1679 3554 1750 obliquatum
3572 1683 3684 1745 est,

285 1770 398 1838 χῆς
432 1768 546 1831 '...,
597 1765 624 1817 6
671 1762 729 1819 δὲ
772 1765 907 1819 κατὰ
939 1761 1257 1839 διάμετρον,
1313 1766 1387 1827 ὡς
1444 1762 1667 1838 προόδῳ
1714 1766 1925 1840 χαίρων

2041 1769 2196 1839 quod
2228 1772 2321 1824 est
2372 1768 2678 1836 rationale,
2710 1769 2868 1841 quod
2919 1768 3474 1840 comprehendendi,
3525 1769 3679 1839 quod

283 1852 378 1907 καὶ
431 1850 1011 1927 πολλαπλασιασμοῖς.
1070 1855 1147 1907 Τὰ
1199 1851 1256 1909 δὲ
1305 1853 1473 1909 λοιπᾶ
1499 1861 1599 1923 τῆς
1630 1862 1927 1926 περικοπῆς

2041 1858 2379 1913 continendi
2408 1857 2522 1914 vim
2555 1857 2753 1914 habet.
2780 1858 2888 1914 Hic
2913 1857 3118 1914 melior
3142 1857 3325 1929 igitur
3344 1857 3549 1913 anima:
3577 1858 3688 1929 [or-

282 1941 375 1996 ἐπὶ
431 1942 525 2014 μὲν
583 1946 690 1996 τῶν
744 1943 860 1997 κατ’
892 1941 1118 2017 οὐρανὸν
1152 1941 1464 2017 φερομένωε
1490 1941 1708 1997 κύκλων
1760 1941 1931 1997 εὐδιά-

278 2051 498 2105 γνωστα
528 2030 616 2085 καὶ
676 2030 978 2103 ἐκκείμενα,
1024 2030 1110 2086 ἐπὶ
1163 2029 1220 2085 δὲ
1264 2036 1371 2086 τῶν
1404 2034 1654 2106 ψυχικῶν
1716 2033 1930 2107 βαθείας

282 2117 457 2175 δεῖται
518 2120 733 2195 φρενός
788 2117 905 2195 ἔχει
950 2121 1054 2195 γὰρ
1094 2123 1129 2191 ἡ
1180 2122 1331 2196 ψυγή
1378 2122 1469 2176 καὶ
1516 2124 1615 2190 τήν
1674 2120 1926 2195 μονοειδῆ

280 2205 514 2282 δύναμιν
567 2208 657 2264 καὶ
710 2211 810 2278 τὴν
860 2207 1126 2280 πολυειδῆ
1162 2253 1178 2282 ,
1235 2210 1324 2265 καὶ
1385 2210 1413 2264 6
1471 2211 1672 2282 ταύτης
1726 2212 1928 2274 κύκλος

277 2301 529 2374 περιέχει
560 2299 655 2361 τὰς
683 2299 899 2354 πάντων
931 2299 1125 2369 αἰτίας,
1176 2298 1300 2355 ἀλλ’
1331 2297 1590 2376 ἅσχιστός
1623 2302 1754 2369 ἔστι,
1790 2298 1928 2356 διότι

276 2394 387 2441 πᾶν
410 2388 473 2442 τὸ
505 2386 721 2454 πλῆθος
750 2392 830 2459 τῷ
880 2384 1064 2461 δεσμῷ
1109 2394 1385 2464 κρατεῖται
1432 2396 1533 2459 τῆς
1577 2389 1926 2461 ταυτότητος.

276 2477 343 2532 Εἰ
380 2474 437 2531 δὲ
470 2478 547 2549 μὴ
578 2476 781 2539 πάντας
812 2476 937 2538 τοὺς
970 2475 1172 2552 λόγους
1208 2478 1304 2550 μία
1336 2473 1780 2551 παραλαμϐάνειν
1813 2478 1928 2533 ἑπι-

276 2565 455 2635 στολή
491 2562 705 2621 δύναται
735 2567 824 2621 καὶ
863 2569 1029 2620 ταῦτα
1082 2566 1315 2642 βραχεῖα
1359 2567 1449 2622 καὶ
1497 2566 1926 2641 ἐπιτετμημὲνη,

275 2655 575 2729 Θαυμάζειν
637 2655 697 2710 οὐ
758 2658 893 2732 χρή’
945 2652 1070 2711 οὔτε
1122 2656 1224 2731 γὰρ
1287 2658 1473 2730 κυάθῳ
1532 2658 1814 2733 χωρηθείη
1868 2659 1927 2712 ἄν

274 2766 418 2800 ποτε
445 2744 508 2799 τὸ
538 2743 852 2799 ἆτλαντικὸν
893 2744 1154 2820 πέλαγος,
1216 2742 1337 2801 οὔτε
1397 2748 1578 2823 μέτρῳ
1636 2746 1931 2817 ἐπιπολῆς

272 2834 347 2890 τὰ
380 2833 580 2908 κρύφια
606 2840 705 2903 τῆς
736 2832 974 2888 ἀπλέτου
1005 2834 1360 2906 Πλατωνικῆς
1398 2833 1654 2898 διανοίας.
1688 2838 1928 2911 Ἀγαπᾷν

276 2925 377 2978 οὖν
409 2924 547 2997 χρὴ,
580 2921 624 2977 εἰ
654 2922 744 2977 καί
772 2944 825 2978 τι
855 2928 962 2977 τῶν
996 2924 1121 2998 παρ’
1152 2923 1299 2997 αύτῷ
1338 2922 1546 2980 ἀδύτων
1576 2931 1930 2982 κατοπτεῦσαι

277 3009 652 3084 δεδυνήμεθα.

2041 1946 2153 2019 bis]
2184 1947 2244 2001 in
2274 1946 2451 2016 latus,
2488 1952 2674 2018 utpar
2711 1951 2821 2013 est,
2860 1946 3015 2002 ﬂecti
3046 1947 3281 2016 dicitur,
3312 1945 3411 2001 ille
3436 1962 3569 2002 vero
3601 1962 3687 2002 se-

2042 2036 2301 2091 cundum
2334 2040 2554 2091 rectam
2580 2035 2824 2103 lineam,
2857 2041 2923 2092 ut
2955 2036 3054 2108 qui
3088 2052 3365 2107 processu
3398 2039 3456 2091 et
3480 2036 3687 2091 multi-

2041 2124 2456 2196 plicationibus
2485 2126 2760 2196 gaudeat.
2811 2124 3027 2181 Caetera
3057 2127 3130 2181 de
3156 2124 3413 2181 sectione
3456 2124 3683 2180 orbium

2039 2213 2099 2268 in
2127 2212 2268 2268 coelo
2298 2213 2649 2269 vertentium
2672 2214 2865 2270 facilia
2884 2215 2956 2269 ad
2979 2214 3445 2285 dignoscendum
3469 2219 3609 2270 sunt
3628 2220 3686 2270 et

2038 2302 2253 2374 (quasi)
2286 2303 2344 2357 in
2379 2301 2564 2358 medio
2625 2303 2815 2373 posita
2849 2320 2863 2358 :
2897 2303 2957 2358 in
3007 2304 3081 2358 iis
3137 2310 3332 2359 autem
3369 2303 3681 2375 (orbibus),

2040 2391 2141 2463 qui
2172 2393 2243 2446 ad
2276 2391 2536 2446 animam
2570 2392 2883 2463 pertinent,
2910 2391 3027 2447 alta
3047 2393 3300 2463 quadam
3319 2396 3514 2448 mente
3535 2409 3684 2464 opus

2038 2485 2164 2551 est;
2217 2480 2372 2535 inest
2400 2480 2556 2535 enim
2590 2480 2649 2535 in
2681 2480 2879 2536 anima
2910 2485 3035 2535 tum
3070 2480 3383 2536 uniformis
3425 2482 3686 2553 potentia

2039 2575 2164 2624 tum
2199 2567 2605 2639 multiformis,
2634 2570 2932 2641 hujusquc
2975 2569 3140 2625 orbis
3172 2570 3441 2625 omnium
3473 2587 3683 2627 causas

2040 2658 2473 2732 compiectitur,
2490 2660 2591 2715 sed
2617 2659 2805 2715 scindi
2839 2660 3066 2731 nequit.
3099 2660 3291 2725 Quare
3320 2662 3515 2717 omnis
3538 2662 3683 2717 mul-

2039 2749 2228 2804 titudo
2256 2748 2489 2803 vinculo
2545 2748 2810 2819 ejusdem
2841 2748 2987 2820 (sive
3018 2748 3411 2819 indentitatis,
3472 2753 3536 2804 ut
3575 2749 3683 2805 hac

2039 2854 2178 2894 voce
2207 2836 2359 2903 utar)
2392 2836 2743 2891 continetur.
2778 2835 2903 2892 Non
2955 2836 3171 2892 mirum
3224 2842 3442 2908 autem,
3473 2837 3526 2893 si
3568 2854 3686 2892 una

2042 2924 2289 2999 epistola
2318 2942 2529 2981 causas
2561 2942 2626 2980 ac
2664 2925 2924 2981 rationes
2955 2942 3161 2981 omnes
3211 2925 3519 2998 complecti
3567 2943 3684 2994 non

2042 3021 2234 3088 potest
2264 3029 2452 3084 neque
2484 3013 2640 3068 enim
2695 3030 2956 3085 unquam
2997 3013 3243 3087 cyathus
3276 3015 3459 3070 maria
3483 3014 3684 3070 Atlan-

264 3105 417 3169 tica,
452 3118 642 3173 neque
671 3102 937 3172 ingentes
970 3102 1103 3159 illas
1134 3106 1449 3163 reconditae
1487 3106 1768 3162 doctrinm
1794 3106 2108 3163 Platonicae
2128 3104 2327 3174 copias
2356 3101 2623 3173 epistolae
2648 3103 2857 3157 modus
2875 3104 3087 3175 capiat.
3111 3104 3299 3167 Quare
3318 3102 3687 3175 acquiescere

266 3190 356 3261 (in
392 3190 502 3245 hac
533 3193 609 3261 re)
638 3196 884 3262 oportet,
917 3192 966 3247 si
1001 3192 1223 3264 aliquid
1255 3195 1384 3265 ejus
1415 3195 1737 3251 sacrarium
1768 3195 2151 3267 introspicere
2178 3190 2429 3247 licuerit.

1065 3297 1102 3344 Δ

367 3375 661 3451 Ἐξήγησις
692 3380 788 3431 τοῦ
831 3377 996 3433 αὐτοῦ
1024 3375 1314 3454 τελευτέρα
1341 3385 1438 3436 τοῦ
1471 3379 1799 3457 λείμματος.

332 3467 401 3522 α’.
434 3464 495 3518 Τί
527 3464 659 3520 ποτέ
700 3463 811 3520 ἐστι
861 3466 1096 3540 λεῖμμα,
1144 3469 1438 3544 ἠρώτηκας
1483 3471 1575 3525 καὶ
1606 3475 1724 3534 πῶς
1754 3468 1915 3525 ἔλατ-

249 3575 349 3610 τον
412 3559 511 3609 τοῦ
562 3556 854 3627 ἡμιτονίου
888 3554 1052 3613 ἰστίν.
1088 3555 1356 3635 Εἰλήφθω
1384 3557 1476 3613 οὖν
1509 3580 1593 3613 σοι
1625 3560 1854 3635 ἀριθμὸς
1888 3560 1916 3613 ὁ

253 3642 462 3721 ,αφλςη
507 3642 772 3718 ἐπόγδοος
813 3644 905 3719 μὲν
947 3646 1110 3701 αὐτοῦ
1139 3645 1342 3722 γίνεται
1400 3649 1427 3702 6
1485 3652 1667 3722 ἀψκη’
1718 3648 1917 3704 τούτου

255 3731 317 3788 δὲ
367 3731 512 3788 ἐστιν
571 3731 836 3807 ἐπόγδοος
894 3735 922 3789 6
976 3733 1176 3809 0196',
1235 3737 1292 3798 ὃς
1346 3735 1515 3807 δῆλον
1550 3740 1633 3792 δτι
1662 3739 1798 3811 πρὸς
1826 3738 1917 3791 τὸν

251 3820 435 3899 μερὶς
487 3819 648 3897 λόγον
682 3820 782 3893 ἔξει
815 3821 1071 3881 διτονίου.
1128 3827 1280 3880 ’Ἐστι
1316 3822 1373 3881 δὲ
1418 3830 1505 3882 καὶ
1571 3829 1599 3883 6
1644 3826 1916 3903 ἐπίτριτος

2803 3290 2896 3343 1V.

2276 3377 2533 3445 Eiusdem
2585 3377 2820 3433 ulterior
2846 3378 3116 3434 [immotis
3134 3378 3435 3436 enarratio.

2098 3470 2149 3523 1.
2184 3466 2416 3524 Limma
2447 3465 2588 3538 quid
2640 3468 2718 3521 sit
2765 3472 3104 3538 quantoque
3146 3467 3224 3522 sit
3272 3468 3474 3523 minus
3504 3483 3684 3539 quam

2029 3556 2437 3624 semitonium,
2469 3555 2866 3626 interrogasti.
2901 3555 3164 3611 Sumitor
3192 3556 3377 3627 igitur
3400 3572 3687 3612 numerus

2029 3648 2171 3705 4536
2223 3664 2235 3701 :
2290 3645 2733 3715 sesquioctavus
2784 3646 2913 3715 ejus
2946 3646 3012 3699 ﬁt
3046 3646 3181 3700 1728
3216 3661 3229 3699 :
3266 3645 3449 3716 hujus
3489 3648 3686 3700 autem

2028 3736 2480 3809 sesquioctavus
2510 3734 2671 3800 1944,
2705 3749 2879 3803 quem
2913 3735 2983 3788 ad
3019 3734 3155 3788 1536
3200 3734 3453 3789 duorum
3503 3733 3683 3789 simul

2030 3832 2306 3883 tonorum
2346 3825 2630 3880 rationem
2664 3821 2878 3878 habere
2900 3828 3150 3877 constat.
3175 3828 3256 3879 Ac
3274 3822 3685 3894 sesquitertius

1738 4298 1793 4338 ι

1547 4333 1570 4364 ί
1743 4342 1780 4402 ξ.
2187 4410 2201 4420 ,
2403 4413 2429 4429 ,

2186 4515 2228 4558 5.
2420 4528 2467 4572 ιι,

1511 4788 1705 4884 δη’σινικῖ
1744 4790 1907 4889 λιῖμμα
1977 4816 2131 4882 τὀνος
2190 4818 2350 4881 t6wc
2380 4853 2410 4869 -

1588 4945 1597 4951 ⁸
1659 4941 1837 5005 ’τόνς

1626 5040 1643 5096 ι’
1861 5018 2008 5107 δίῶδ,
2310 5075 2316 5081 -

1725 5144 1982 5245 ἷξε-δον
2106 5189 2173 5223 /

273 5316 381 5368 τοῖ’)
438 5315 549 5367 τῶν
583 5309 757 5390 ιαφλέ
781 5314 809 5368 ὃ
840 5318 947 5369 τῶν
980 5313 1150 5391 ,βμη’.
1181 5317 1258 5372 Τὸ
1288 5314 1392 5392 ἄρα
1422 5316 1634 5391 λεῖμμα
1677 5312 1729 5369 ἐν
1781 5311 1927 5387 λόγῳ

2043 5312 2274 5369 numeri
2308 5312 2446 5367 1536
2471 5326 2752 5366 numerus
2770 5308 2911 5362 2048
2934 5310 3046 5363 est.
3070 5306 3296 5360 Limma
3322 5303 3503 5376 igitur
3531 5303 3590 5357 in
3623 5318 3691 5392 ea

283 5400 405 5457 ἰστὶ
434 5406 544 5455 τῶν
576 5402 725 5477 ,βμη’
752 5403 886 5477 πρὸς
913 5404 981 5457 τὰ
1010 5402 1212 5477 ,αλμδπ
1250 5405 1403 5462 Ἀλλ’
1449 5407 1538 5463 ἐὰν
1580 5406 1668 5461 καὶ
1702 5408 1798 5460 τοῦ
1827 5407 1932 5458 τῶν

2046 5407 2136 5459 est
2165 5402 2410 5467 ratione,
2441 5417 2619 5473 quam
2670 5398 2742 5455 ad
2781 5397 2919 5453 1944
2976 5395 3195 5450 habent
3247 5394 3409 5449 2048.
3443 5393 3605 5459 Quod
3639 5389 3690 5446 si

286 5487 462 5562 αλμδ¹
491 5490 581 5545 τὸν
607 5488 867 5567 ὶπόγδοον
901 5488 1184 5567 λάϐωμεν,
1215 5492 1399 5568 ἕξομεν
1434 5497 1662 5569 ἀριθμὸν
1703 5494 1794 5549 τὸν
1825 5498 1927 5548 τῶν

2044 5492 2275 5547 numeri
2307 5507 2543 5563 quoque
2565 5489 2703 5544 1944
2736 5484 3201 5556 sesquioctavum
3231 5482 3686 5554 sumpserimus,

284 5579 489 5653 βρπζ·
540 5580 629 5633 καί
662 5578 771 5635 ἐστι
825 5580 1023 5653 μείζων
1066 5583 1094 5637 6
1143 5579 1309 5657 λόγος
1366 5585 1392 5638 6
1422 5589 1527 5639 τῶν
1577 5585 1747 5659 οβρπζ¹
1798 5582 1935 5657 πρὸς

2048 5597 2359 5635 numerum
2390 5580 2532 5633 2587
2582 5575 2954 5631 habebimus.
2991 5574 3061 5624 Ac
3094 5571 3282 5641 major
3312 5571 3456 5625 ratio
3490 5574 3547 5624 et
3579 5586 3687 5623 nu-

278 5668 355 5726 τὰ
382 5667 536 5743 γβμη¹
590 5673 687 5724 τοῦ
733 5675 837 5724 τῶν
871 5670 1023 5746 ιβμτί
1052 5671 1187 5747 πρὸς
1216 5670 1506 5746 τάιαλμδπ
1693 5674 1788 5746 μὲν
1835 5670 1927 5747 γὰρ

2047 5670 2195 5726 meri
2222 5670 2361 5725 2587
2417 5668 2488 5723 ad
2534 5666 2676 5722 2048
2723 5678 2903 5719 unam
2952 5660 3184 5716 numeri
3222 5660 3364 5714 2048
3411 5658 3483 5715 ad
3526 5657 3686 5712 1944.
