4060 6214
373 288 524 350 1111

1701 282 2128 347 M'ICHAELIS
2177 282 2445 343 PSELLI

3625 282 3787 343 1112

368 421 665 476 Numerus
704 416 860 473 enim
909 415 1053 471 2082
1105 414 1241 487 plus
1270 414 1481 487 quinta
1510 421 1566 471 et
1596 414 1827 470 decima
1856 416 2014 485 parte

2132 412 2306 499 ’βρπζ
2353 415 2457 465 τῶν
2492 410 2643 485 ,βμη
2679 407 2886 483 μείζονι
2946 410 3041 482 μέν
3098 410 3355 484 ὑπερέχει
3383 412 3420 480 ἢ
3468 414 3547 481 τῷ
3596 431 3787 466 πεντε-

372 508 487 574 sui,
509 507 708 562 minus
739 510 933 561 autem
967 511 1178 576 quarta
1198 508 1254 559 et
1286 503 1512 559 decima
1544 519 1856 559 numerum
1880 503 2020 556 2048

369 601 628 669 ρτωεὶιιῐ.
678 594 969 650 Numerus
1023 599 1217 648 autem
1248 594 1390 648 2048
1422 592 1553 663 plus
1586 592 2021 647 undevicesima

370 686 463 743 sui
480 690 646 757 parte
670 685 865 739 minus
887 688 1081 739 autem
1097 689 1299 737 octava
1315 687 1371 736 et
1384 681 1820 737 ἀθοὶωει1944ευ
1832 685 2015 752 perat.

370 775 633 830 Profecto
661 772 854 828 minor
876 772 1033 826 tertii
1060 771 1178 826 toni
1208 770 1491 841 particula
1514 770 1572 825 in
1605 772 1841 825 diatono
1864 769 2018 824 intra

367 861 742 918 intervallum
775 860 1217 932 quaternarium
1248 859 1658 931 (diatessaron)
1690 859 2017 927 cohibetur,

377 953 458 1006 ita
489 958 555 1006 ut
581 951 822 1018 modum
850 949 1135 1004 limmatis
1170 948 1483 1004 semitonio
1530 950 1817 1003 minorem
1851 947 2020 1020 (esse)

366 1039 633 1096 concludi
668 1038 875 1108 possit,
911 1037 1357 1108 quaternarium
1390 1042 1587 1092 autem
1646 1035 2017 1091 intervallum

374 1129 761 1194 diatessaron)
785 1131 975 1182 totum
999 1127 1229 1182 duobus
1256 1126 1436 1181 semis
1458 1128 1612 1182 tonis
1638 1126 1835 1181 minus
1867 1141 2015 1181 esse.

368 1219 437 1273 Et
465 1233 597 1272 vero
642 1215 875 1271 numeri
929 1216 1072 1270 2048
1103 1216 1173 1269 ad
1210 1216 1348 1269 1944
1398 1216 1546 1271 ratio
1595 1216 1797 1271 eadem
1831 1220 1921 1270 est
1950 1230 2017 1268 ac

367 1304 597 1360 numeri
626 1306 733 1358 256
764 1304 835 1359 ad
866 1305 992 1359 243.
1017 1304 1216 1375 Neque
1239 1321 1373 1359 vero
1400 1304 1459 1359 in
1483 1304 1740 1375 aequales
1762 1304 2017 1359 rationes

367 1395 515 1449 duas
542 1393 723 1448 dividi
749 1397 945 1465 potest
968 1399 1069 1447 aut
1100 1392 1545 1463 sesquioctavus
1568 1396 1897 1461 (numerus)
1917 1396 2018 1447 aut

366 1484 519 1540 alius
543 1482 674 1553 quis
716 1481 1500 1553 superparticulariszquam
1528 1482 1789 1553 proxime
1820 1486 2015 1537 autem

368 1571 624 1644 aequales
643 1571 840 1642 sesqui
862 1572 927 1625 18
957 1587 1241 1626 numerus
1264 1576 1321 1626 et
1341 1572 1542 1641 sesqui
1568 1572 1631 1625 17
1660 1571 2018 1642 sesquiocta-

364 1679 495 1717 vam
529 1661 815 1716 rationem
855 1659 1103 1717 faciunt.
1148 1660 1424 1715 Proindre
1446 1660 1822 1715 semitonium
1854 1660 1920 1713 fit
1948 1675 2017 1714 ex

368 1749 563 1805 media
594 1750 849 1820 quadam
885 1749 1039 1804 inter
1067 1748 1199 1803 illos
1232 1749 1477 1815 ratione,
1510 1749 1591 1803 ita
1614 1754 1678 1803 ut
1708 1750 2012 1819 major(ra-

369 1840 451 1894 tio
477 1840 578 1905 sit)
630 1838 861 1893 numeri
891 1838 1135 1909 [sesqui]
1195 1839 1261 1891 17
1297 1837 1490 1892 minor
1538 1837 1884 1907 sesquisexti
1917 1837 2018 1890 de-

372 1926 778 1982 cimi.Numeri
804 1932 996 1981 autem
1039 1928 1144 1980 243
1168 1926 1298 1996 plus
1321 1943 1498 1997 quam
1522 1927 1774 1997 septima
1795 1925 2022 1980 decima

380 2016 761 2088 particula13
782 2020 865 2071 est
916 2016 1116 2070 minus
1140 2022 1336 2070 autem
1369 2032 1546 2087 quam
1594 2015 1926 2083 undecima,
1960 2017 2024 2069 ut

380 2105 432 2161 si
466 2104 988 2175 capulenturinter
1024 2121 1084 2160 se
1112 2105 1217 2159 243
1242 2109 1298 2158 et
1331 2104 1418 2170 13,
1454 2105 1715 2175 proxime
1745 2103 1802 2159 in
1836 2119 1904 2158 ea
1926 2120 2022 2158 ra-

377 2193 556 2264 tione,
600 2210 778 2265 quam
811 2194 881 2248 ad
912 2194 1018 2247 2.36
1049 2192 1226 2248 habet
1254 2194 1383 2260 243,
1414 2193 1791 2249 semitonium
1824 2193 2021 2247 consi-

376 2288 514 2339 stat.
547 2284 960 2339 Demonstrata
991 2287 1080 2339 est
1101 2287 1299 2337 autem
1328 2281 1614 2338 limmatis
1642 2283 1809 2349 ratio,
1843 2298 2020 2354 quam

373 2371 596 2428 habent
635 2373 742 2428 256
790 2373 860 2428 ad
914 2373 1040 2439 243,
1101 2385 1158 2428 et
1189 2391 1221 2427 a
1260 2371 1568 2428 semitanio
1599 2371 1805 2427 limma
1834 2389 1902 2426 ea
1928 2388 2021 2427 ra-

373 2460 531 2518 tione
561 2462 776 2531 dit'fert,
808 2478 935 2532 qua
970 2462 1201 2516 numeri
1228 2462 1335 2515 253
1365 2462 1437 2516 ad
1479 2462 1590 2516 256
1636 2466 1744 2528 est,
1795 2460 2022 2533 sesqui-

371 2556 575 2606 octava
602 2548 954 2621 (visccsima)
988 2554 1045 2605 et
1073 2549 1415 2605 centesima.

441 2675 497 2729 2.
521 2674 713 2730 Habes
731 2673 935 2747 igitur,
959 2674 1100 2746 quid
1124 2674 1311 2729 valeat
1335 2673 1559 2740 limma,
1591 2679 1925 2746 quantoque
1946 2674 2023 2730 sit

372 2762 570 2818 minus
595 2779 772 2833 quam
797 2761 1267 2829 semitonium,et
1288 2768 1577 2833 quantum
1601 2764 1777 2819 distet
1798 2765 1869 2819 ab
1892 2764 2021 2835 ipso

372 2849 701 2915 semitonio,
727 2856 784 2904 et
813 2849 1129 2921 (cognitum
1163 2850 1368 2919 habes)
1398 2851 1457 2905 in
1491 2851 1743 2923 aequales
1766 2852 2020 2908 rationes

372 2940 520 2994 duas
552 2938 735 2993 dividi
770 2955 885 2993 non
918 2956 1089 3010 posse
1120 2956 1306 3010 neque
1360 2940 1795 3011 scsquiotavam
1842 2943 2019 2996 ratio-

374 3046 509 3084 nem
555 3045 736 3098 neque
778 3027 952 3083 aliam
986 3028 1167 3083 ullam
1202 3029 1820 3101 superparticularem.
1855 3032 2017 3097 Quod

2127 495 2433 572 καιδεκάτῳ
2468 498 2648 553 αὐτῶν
2702 497 2876 574 μέρει,
2913 497 3161 553 ἐλάττονι
3195 495 3253 553 δέ
3294 497 3330 566 ἢ
3377 503 3458 570 τῷ
3504 519 3787 572 τεσσαρεσ-

2126 585 2449 661 καιδεκάτῳ·
2500 589 2569 642 τὰ
2599 585 2841 663 δὲ,βμη’
2907 592 3003 642 τοῦ
3033 584 3208 659 ,αλμδ
3272 586 3479 660 μείζονι
3534 587 3629 657 μὲν
3680 588 3782 642 ὑπ-

2128 678 2246 751 έχει
2435 681 2515 749 τῷ
2575 673 3030 748 ἐννεακαιδεκάτῳ
3082 674 3247 730 αὐτοῦ
3299 677 3471 749 μέρει,
3532 675 3784 731 ἐλάττονι

2129 764 2185 820 δέ
2240 770 2336 820 τοῦ
2400 767 2491 836 ιη’.
2556 765 2633 822 Τὸ
2666 763 2891 819 ἔλαττον
2927 765 3028 839 ἄρα
3058 768 3158 818 τοῦ
3186 763 3373 840 τρίτου
3399 763 3554 819 τόνου
3585 773 3783 838 τμῆμα

2128 853 2275 916 ἐντὸς
2321 854 2655 925 ἀπείληπται
2704 858 2799 907 τοῦ
2850 850 2939 908 διὰ
2987 854 3256 927 τετσάρων
3284 856 3420 930 πρὸς
3448 860 3529 926 τῷ
3588 851 3777 909 διατό-

2125 965 2225 1015 νῳ,
2259 942 2398 997 ὥστε
2423 944 2485 997 τὸ
2517 943 2613 1015 μέν
2641 947 2739 997 τοῦ
2766 940 3078 1015 λείμματος
3127 943 3351 1017 μέγεθος
3392 940 3614 998 ἔλαττον
3648 944 3781 1014 ἡμιο

2125 1030 2305 1085 τονίου
2355 1030 2693 1104 συνάγεσθαι,
2722 1029 2784 1083 τὸ
2818 1027 2875 1084 δέ
2924 1027 3013 1084 διὰ
3057 1031 3330 1102 τεσσάρων
3384 1028 3517 1083 ὅλον
3551 1026 3775 1083 ἔλαττον

2132 1121 2176 1193 β’
2228 1120 2318 1174 καὶ
2375 1118 2549 1191 ἥμισυ
2616 1118 2816 1177 τόνων.
2853 1118 2950 1173 Καί
3009 1117 3120 1173 ἐστι
3172 1123 3280 1173 τῶν
3339 1118 3488 1193 ,βμγί
3545 1116 3684 1191 πρὸς
3712 1119 3780 1172 τά

2126 1205 2303 1281 ,αλμδ’
2344 1206 2514 1281 λόγος
2548 1208 2575 1262 6
2628 1207 2790 1269 αὐτὸς
2817 1211 2895 1279 τῷ
2924 1210 3031 1261 τῶν
3068 1208 3174 1269 σνς’
3215 1207 3352 1283 πρὸς
3388 1206 3457 1260 τα
3485 1213 3633 1279 σμγ’.
3693 1205 3785 1266 Εἷς

2127 1295 2277 1359 ἴσους
2311 1294 2367 1352 δέ
2391 1293 2486 1351 δύο
2534 1295 2730 1372 λόγους
2759 1293 2874 1351 οὔθ’
2921 1298 2949 1351 6
2990 1293 3276 1371 ἐπόγδοος,
3337 1292 3459 1349 οὔτε
3489 1293 3780 1357 ἄλλοςτις

2126 1382 2417 1459 διαιρεῖται
2473 1390 2579 1440 τῶν
2636 1384 2959 1459 ἐπιμορίων.
3010 1388 3147 1441 ’Ίσοι
3178 1382 3236 1439 δὲ
3286 1380 3500 1460 ἔγγιστα
3554 1387 3775 1437 ποιοῦσι

2128 1480 2294 1556 λόγον
2349 1482 2441 1536 τὸν
2494 1479 2779 1557 ἐπόγδοον,
2836 1482 2865 1536 ὃ
2924 1502 2980 1536 τε
3006 1481 3094 1535 ἐπὶ
3138 1482 3208 1551 ιη’
3238 1480 3329 1535 καὶ
3362 1482 3390 1535 6
3422 1479 3509 1535 ἐπὶ
3546 1481 3629 1549 ιζ’.
3662 1481 3783 1533 Ὑπ-

2126 1572 2285 1646 άρχει
2312 1575 2606 1646 τοιγαροῦν
2660 1571 2799 1625 κατά
2824 1571 2917 1625 τὸν
2950 1569 3149 1643 μεταξύ
3190 1591 3306 1631 πως
3350 1569 3558 1624 τούτων
3610 1567 3780 1643 λόγον

2121 1660 2184 1713 τὸ
2214 1660 2525 1733 ἡμιτόνιον,
2557 1661 2806 1715 τουτέστι
2834 1660 2926 1714 τὸν
2982 1659 3206 1733 μείζονα
3256 1660 3348 1731 μέν
3380 1662 3478 1712 τοῦ
3507 1659 3584 1731 lC,
3617 1655 3778 1711 ἐλάτ-

2122 1769 2251 1803 τονα
2281 1746 2340 1803 δέ
2382 1753 2478 1803 τοῦ
2505 1746 3002 1807 ἐπιεκκαιδεκάτου.
3064 1750 3216 1804 Ἐστι
3271 1745 3328 1802 δί
3380 1747 3471 1801 καὶ
3514 1752 3624 1800 τῶν
3660 1748 3785 1822 σμγ’

2128 1838 2194 1891 τά
2256 1838 2313 1891 ιε’
2372 1842 2557 1910 μεῖζον
2620 1838 2715 1909 μὶν
2766 1836 2992 1912 μέρος-ἢ
3046 1833 3521 1905 ἑπτακαιδέκατον,
3556 1832 3783 1889 ἔλαττον

2132 1922 2189 1979 δὲ
2334 1928 2421 1995 ια’,
2481 1926 2619 1980 ὥστε
2676 1926 3033 1981 συντεθέντων
3096 1926 3270 1980 αὐτῶν
3325 1929 3423 1979 τοῦ
3446 1946 3505 1979 τε
3534 1926 3661 1999 σμγ’
3692 1927 3786 1978 καὶ

2128 2018 2225 2069 τοῦ
2259 2021 2314 2069 ιε’
2341 2013 2391 2068 έν
2422 2013 2577 2089 λόγῳ
2608 2014 2843 2090 γίνεσθαι
2882 2015 2945 2069 τὸ
2971 2015 3259 2087 ἡμιτόνιον
3303 2012 3526 2087 ἔγγιστα
3554 2011 3636 2084 τῷ
3676 2018 3786 2067 τῶν

2132 2103 2245 2172 σνη¹
2274 2102 2408 2177 πρὸς
2466 2103 2534 2157 τά
2584 2102 2730 2177 σμγ’.
2775 2099 3032 2177 Ἐδείχθη
3079 2099 3136 2155 δέ
3164 2101 3254 2156 καὶ
3291 2105 3388 2155 τοῦ
3415 2100 3723 2173 λείμματος
3758 2102 3788 2154 6

2132 2189 2295 2266 λόγος
2325 2192 2352 2245 6
2381 2195 2486 2245 τῶν
2523 2192 2631 2254 σνς’
2659 2191 2797 2265 πρὸς
2828 2192 2895 2246 τά
2921 2191 3069 2266 σμγ’,
3100 2189 3191 2245 καὶ
3219 2194 3315 2244 τοῦ
3346 2188 3656 2262 λείμματος
3686 2191 3790 2264 ἄρα

2128 2280 2190 2335 τὸ
2220 2276 2506 2353 ἡμιτόνιον
2542 2278 2735 2336 διοίσει
2762 2285 2840 2352 τῷ
2866 2285 2972 2335 τῶν
3007 2281 3121 2351 σνη’
3157 2278 3310 2355 λόγῳ
3353 2280 3491 2356 πρὸς
3536 2279 3606 2334 τά
3650 2280 3791 2348 σνς’,

2132 2368 2189 2430 ὅς
2220 2368 2359 2423 ἐστιν
2393 2366 2930 2444 έπιεκατοστόγδοος.

2207 2673 2271 2745 β’.
2305 2673 2494 2746 Ἔχεις
2558 2670 2650 2726 οὖν
2702 2669 2935 2735 ἐντεῦθεν
2966 2670 3019 2726 τί
3057 2691 3196 2725 ποτε
3223 2669 3286 2724 τὸ
3317 2669 3531 2743 λεῖμμα
3564 2668 3786 2724 δύναται

2130 2761 2218 2813 καὶ
2272 2765 2388 2822 πῶς
2436 2755 2659 2815 ἔλαττον
2705 2760 2994 2833 ἡμιτονίου
3052 2758 3187 2828 ἐστὶ,
3233 2758 3324 2813 καὶ
3376 2760 3481 2813 τίνι
3540 2757 3784 2836 διαφέρει

2136 2847 2302 2902 αὐτοῦ
2327 2853 2422 2902 τοῦ
2454 2850 2765 2920 ἡμιτονίουο
2792 2848 2879 2903 καὶ
2906 2848 2989 2903 δτι
3022 2845 3264 2909 εἷς’ίσους
3297 2845 3392 2903 δύο
3426 2846 3626 2924 λόγους
3661 2846 3784 2902 οὔτε

2132 2940 2160 2992 6
2185 2937 2449 3012 ἐπόγδοος
2504 2936 2626 2994 οὔτε
2657 2936 2828 3001 ἄλλος
2883 2960 2933 2994 τι
2992 2936 3278 3012 διαιρεῖται
3307 2944 3415 2993 τῶν
3448 2938 3777 3013 ἐπιμορίων.

2129 3028 2192 3082 Εἰ
2234 3026 2291 3083 δέ
2332 3026 2384 3082 τί
2434 3049 2519 3082 σοι
2571 3027 2996 3101 έλλελοίπαμεν,
3055 3027 3235 3101 ὥσπερ
3286 3026 3597 3088 ἐπιστείλας
3643 3031 3778 3098 ἡμῖν

370 3132 505 3171 vero
538 3116 736 3171 missis
760 3116 971 3172 litteris
1000 3116 1145 3171 mihi
1182 3118 1469 3187 objeciSLi,
1502 3120 1655 3189 quod
1692 3120 2014 3190 praetermi-

2136 3114 2438 3186 ὠνείδισας,
2465 3116 2603 3191 πρὸς
2633 3119 2732 3185 τήν
2787 3116 3049 3193 ἐξήγησαν
3106 3124 3206 3185 τῆς
3266 3114 3625 3180 Ηλατωνικῆς
3677 3121 3778 3189 ψυ-

2306 3206 2316 3221 ,
2536 3210 2562 3220 ..
2617 3205 2629 3221 .
2836 3211 2860 3220 -
2942 3207 2967 3221 ..
3306 3204 3318 3221 .
3424 3203 3447 3221 κ
3511 3204 3531 3221 ς
3599 3206 3611 3221 .
3701 3218 3715 3221 _

369 3206 619 3261 serimus
647 3206 1087 3276 nonnulla,quaa
1112 3207 1649 3278 adPsychogoniam
1663 3207 2015 3263 Platonicam

368 3294 772 3365 explicandam
805 3296 1171 3364 adjuvarent,
1203 3312 1271 3350 ea
1308 3295 1411 3349 tibi
1458 3296 1636 3351 veluti
1668 3296 1863 3351 debita
1888 3298 2013 3367 jam

368 3380 612 3435 solvam.
647 3381 808 3444 Quod
845 3381 1004 3436 Plato
1062 3382 1217 3436 enim
1254 3381 1535 3437 distantia
1566 3382 1730 3453 dupli
1771 3391 1824 3438 et
1855 3383 2014 3454 tripli

367 3469 659 3525 intervalli
692 3487 1069 3541 unaquaque,
1102 3470 1241 3542 quia
1288 3476 1409 3525 tres
1450 3471 1726 3541 utrinque
1776 3471 1894 3525 sint
1922 3473 2013 3528 di-

367 3558 618 3625 stantizn,
651 3559 996 3614 scissionem
1031 3565 1254 3629 septem
1284 3558 1515 3613 illorum
1535 3559 1765 3615 orbium
1800 3563 2012 3615 factam

368 3664 497 3702 esse
546 3648 709 3715 dicit,
743 3664 884 3702 sane
916 3653 1004 3702 est
1034 3646 1200 3715 illud,
1235 3648 1283 3702 si
1340 3649 1407 3702 ad
1442 3650 1621 3703 verba
1652 3655 2010 3718 spectamus,

365 3735 459 3806 (ad
492 3735 929 3807 explicandum)
956 3736 1349 3802 subdillicile;
1401 3741 1664 3791 attamen
1696 3737 2010 3807 signiﬁcat.

368 3824 653 3880 distantia
671 3842 1017 3896 unaquaque
1039 3825 1353 3896 duplorum
1386 3825 1819 3897 triplorumque
1841 3827 2013 3883 inter-

367 3911 681 3981 vallorum,
716 3930 841 3983 quae
859 3914 1096 3984 quidem
1118 3918 1286 3968 terna
1313 3914 1435 3969 sint
1466 3915 1546 3985 (in
1580 3919 1833 3985 quatuor
1852 3917 2010 3973 enim

368 4001 638 4057 terminis
695 4002 989 4056 distantia:
1030 4002 1170 4070 tres)
1203 4002 1413 4057 factam
1462 4019 1591 4058 esse
1644 4004 2009 4074 scissionem,

370 4090 525 4160 quod
560 4090 712 4146 idem
746 4096 836 4146 est
864 4091 1379 4163 ac(si)secundum
1402 4090 2013 4164 longitudinemﬂacta

368 4194 435 4234 ea
467 4195 594 4236 esse
629 4179 902 4249 dicatur),
935 4186 1000 4235 ut
1034 4181 1095 4235 in
1130 4198 1485 4252 unoquoque
1518 4189 1740 4253 septem
1773 4182 2009 4238 illorum

368 4268 599 4324 orbium
659 4286 865 4325 omnes
912 4270 1206 4325 distantia:
1237 4274 1295 4325 et
1323 4271 1491 4326 orbes
1524 4287 1726 4327 omnes
1774 4271 1959 4327 insint
1992 4290 2006 4328 :

367 4374 613 4413 numero
626 4358 782 4415 enim
796 4358 957 4429 dupli
971 4358 1248 4430 triplique
1266 4359 1553 4415 intervalli
1569 4360 2006 4428 distantiarum,

370 4463 497 4518 qua:
522 4448 759 4517 quidem
796 4463 892 4503 sex
929 4452 1090 4512 sunt,
1123 4448 1311 4504 sexies
1349 4449 1519 4503 orbes
1559 4448 1752 4504 scidit.
1785 4449 2009 4512 Quibus

369 4535 565 4591 animo
596 4537 901 4609 praeceptis
934 4537 1195 4592 animam
1227 4553 1422 4593 rerum
1454 4537 1876 4608 universitatis,
1910 4556 2005 4594 ra-

370 4623 561 4679 tiones
595 4624 931 4695 habentem,
966 4629 1101 4681 ante
1131 4625 1237 4681 has
1268 4625 1569 4697 (rationes)
1601 4631 1659 4681 et
1710 4628 2014 4683 universas

372 4713 578 4768 mundi
604 4714 1189 4784 partes,inerrantem
1204 4714 1334 4769 dico
1356 4719 1413 4769 et
1426 4720 1714 4770 errantem
1728 4715 2011 4780 ,omnium

371 4803 429 4857 in
454 4803 675 4857 mundo
696 4803 1056 4858 versantium
1084 4804 1372 4874 (deorum)
1397 4806 1709 4859 essentiam
1730 4822 2014 4876 usurpare

372 4891 694 4946 statuimus
728 4910 741 4947 ε
777 4909 891 4963 quo
922 4909 990 4947 ex
1022 4909 1082 4947 re
1114 4892 1272 4948 orbis
1304 4894 1431 4963 ejus
1453 4894 1610 4964 quod
1642 4893 1894 4948 alterum
1915 4911 2012 4949 vo-

372 4987 560 5049 catur,
594 4981 814 5050 primas
842 4998 1047 5036 causas
1074 4982 1487 5052 procreatrices
1531 4987 1757 5054 septem
1784 4982 2012 5037 orbium

368 5068 427 5125 in
443 5087 504 5125 se
517 5068 968 5134 cohibuitouod
984 5070 1039 5139 si
1059 5087 1174 5125 non
1201 5071 1469 5125 essentice
1494 5087 1725 5142 quoque
1741 5073 2013 5142 proprius

367 5158 607 5228 quidam
632 5159 818 5213 factus
841 5159 913 5214 sit
935 5159 1273 5227 orbis,sicut
1303 5160 1562 5229 ejusdem
1588 5165 1808 5214 natura:
1832 5161 2013 5230 (iden-

364 5248 643 5318 titatis)et
665 5247 905 5302 diversa:
930 5248 1352 5317 (diversitatis),
1377 5248 1779 5312 defendemus,
1807 5249 1854 5300 si
1880 5248 2012 5316 quis

366 5336 568 5389 audire
589 5336 807 5407 cupiat,
829 5336 1037 5391 horum
1065 5354 1193 5391 esse
1216 5337 1669 5407 Oppositionem,
1692 5336 2008 5389 essentiam

364 5429 560 5478 autem
579 5425 857 5479 universa:
872 5426 1080 5479 animae
1096 5441 1468 5479 communem
1485 5440 1631 5477 esse.
1647 5422 1806 5476 Illam
1824 5429 2010 5477 autem

362 5512 423 5567 in
457 5527 557 5568 sex
581 5512 821 5584 (partes)
841 5514 1189 5569 divisionem
1212 5514 1421 5567 animai
1447 5511 1665 5582 (quasi)
1683 5510 2013 5566 familiaris-

366 5602 581 5661 simam
611 5618 739 5657 esse
769 5602 1265 5675 Pythagoreorum
1293 5606 1382 5656 cst
1411 5597 2006 5669 sententia,unitatem

2129 3206 2410 3280 χογονίας,
2469 3205 2631 3261 τοῦτό
2690 3228 2773 3260 σοι
2804 3211 2893 3259 νῦν
2929 3207 3111 3281 ὥσπερ
3141 3227 3195 3259 τι
3221 3204 3385 3281 χρέος
3419 3203 3776 3277 διαλυόμεθα.

2124 3296 2199 3351 Τὸ
2260 3295 2364 3369 γὰρ
2419 3295 2557 3349 κατὰ
2611 3297 2709 3362 τὴν
2762 3293 3051 3349 διπλασίου
3082 3294 3171 3348 καὶ
3196 3294 3521 3367 τριπλασίου
3554 3290 3777 3347 διάστα-

2125 3405 2207 3437 σιν
2264 3383 2554 3459 εἷ’ρημένον
2612 3388 2692 3456 τῷ
2730 3384 2983 3438 ΙΙΛάτωνι
3017 3384 3244 3455 ἑκάστην
3276 3388 3382 3438 τῶν
3422 3380 3778 3451 διαστάσεων,

2124 3473 2300 3527 οὐσῶν
2355 3473 2621 3548 ἑκατέρων
2678 3477 2867 3548 τριῶν,
2917 3472 3195 3549 γεγονέναι
3262 3475 3360 3541 τήν
3418 3473 3600 3547 σχίσιν
3660 3478 3773 3526 τῶν

2122 3562 2259 3616 έπτά
2311 3560 2551 3632 κύκλων,
2609 3560 2720 3617 ἔστι
2775 3563 2893 3635 μέν,
2956 3561 3079 3617 ὅσον
3134 3582 3193 3636 γε
3251 3561 3386 3615 κατᾶ
3440 3562 3540 3629 τὴν
3602 3558 3778 3633 λέξιν⁹

2125 3648 2521 3706 ὑποδόσκολονο
2583 3651 2833 3724 σημαίνει
2896 3649 2953 3706 δὲ
2984 3650 3157 3723 ὅμως,
3192 3650 3273 3705 ὅτι
3327 3652 3463 3705 κατᾶ
3494 3647 3779 3704 διάστασιν

2121 3740 2351 3809 έκάστην
2407 3737 2809 3813 (διάστασιςγι)
2867 3744 2975 3794 τῶν
3041 3737 3342 3794 διπλασίων
3397 3739 3485 3792 καί
3538 3737 3780 3807 τριπλα-

2121 3826 2250 3881 σίων
2308 3824 2659 3899 διαστάσεων,
2713 3828 2886 3881 οὐσῶν
2946 3828 3211 3901 ἑκατέρων
3261 3826 3428 3900 τριῶν
3486 3824 3608 3896 έν
3666 3826 3775 3900 γάρ

2118 3916 2397 3990 τέσσαρσιν
2459 3914 2611 3990 ὅροις
2670 3916 2724 3969 αἱ
2765 3913 3069 3977 διαστᾶίσεις
3099 3920 3265 3987 τρεῖς·
3319 3916 3353 3982 ἡ
3387 3913 3567 3987 σχίσις
3612 3914 3774 3987 γέγο-

2118 4025 2226 4073 νεν,
2258 4005 2286 4059 ’ὀ
2332 4002 2441 4058 ἐστι
2499 4009 2576 4075 τῷ
2641 4004 2779 4060 κατά
2828 4011 3004 4077 μῆκος
3054 4000 3373 4068 ταύτὸν,’ίν’
3425 4002 3633 4072 ἑκάστῳ
3660 4005 3776 4054 τῶν

2121 4094 2255 4147 έπτα
2281 4092 2499 4149 κύκλων
2534 4094 2723 4149 ένῶσιν
2756 4096 2811 4147 αἱ
2864 4091 3164 4153 διαστάσεις
3223 4095 3391 4145 πᾶσαι
3417 4089 3507 4143 καὶ
3566 4090 3623 4142 οἱ
3678 4089 3781 4143 λό-

2120 4203 2210 4255 γοι
2259 4182 2469 4243 πάντες·
2532 4184 2670 4237 κατὰ
2720 4182 2822 4257 γὰρ
2872 4183 2963 4237 τὸν
3012 4182 3240 4254 ἀριθμὸν
3293 4184 3400 4233 τῶν
3440 4183 3537 4232 τοῦ
3569 4175 3777 4231 διπλα-

2121 4270 2238 4324 σίου
2313 4270 2403 4324 καὶ
2456 4269 2783 4345 τριπλασίου
2835 4268 3159 4325 διαστάσεων
3329 4268 3503 4322 οὐσῶν
3556 4265 3777 4341 ἑξαχῶς

2118 4358 2244 4422 τοὺς
2292 4356 2531 4421 κύκλους
2581 4355 2758 4432 ἔτεμε.
2811 4360 3029 4414 Τούτων
3057 4356 3117 4413 δέ
3146 4354 3638 4432 προειλημμένων,
3669 4377 3775 4433 qn-

2124 4448 2217 4519 μέν
2255 4448 2306 4520 (ὁ
2339 4445 2396 4502 δὲ
2453 4444 2617 4523 λόγος
2648 4446 2940 4515 ἐλληνικὸς
2974 4450 3031 4521 1')
3059 4449 3159 4515 τὴν
3190 4446 3285 4501 τοῦ
3330 4445 3530 4506 παντὸς
3559 4446 3776 4519 ψυχήν,

2042 4522 2085 4585 D
2118 4535 2314 4609 λόγους
2362 4533 2617 4611 ἔχουσαν,
2657 4537 2869 4591 πάντων
2917 4540 3052 4591 εἷναι
3105 4534 3409 4611 έγκοσμίων
3460 4531 3609 4609 ἔχειν
3666 4536 3775 4607 πρὸ

2121 4624 2327 4679 τούτων
2378 4626 2467 4679 καὶ
2512 4630 2620 4680 τῶν
2671 4625 2816 4680 ὅλων
2868 4630 2965 4680 τοῦ
3016 4624 3226 4697 κόσμου
3281 4620 3543 4696 μερίδων,
3604 4622 3776 4687 αὐτῆς

2125 4713 2273 4787 λέγω
2300 4720 2397 4783 τῆς
2448 4713 2724 4776 ἀπλανοῦς
2771 4713 2859 4769 καὶ
2912 4720 3014 4782 τῆς
3064 4713 3432 4784 πλανωμένης
3466 4711 3587 4775 ὅθεν
3624 4713 3653 4766 6
3686 4712 3776 4775 91'-

2121 4822 2278 4873 τερος
2336 4800 2541 4865 κύκλος
2598 4808 2705 4857 τῶν
2754 4803 2888 4857 έπτὰ
2960 4800 3180 4857 κύκλων
3237 4802 3334 4864 τὰς
3378 4801 3773 4875 πρωτουργοὶις

2123 4890 2297 4953 αίτίας
2327 4890 2378 4945 ἐν
2426 4892 2597 4961 έαυτῷ
2644 4890 3015 4969 περιείληφεν.
3079 4890 3146 4947 Εἴ
3176 4887 3233 4945 δὲ
3269 4890 3344 4963 μή
3387 4889 3477 4943 καὶ
3526 4896 3631 4958 τῆς
3690 4889 3775 4943 οὗ·

2124 4979 2238 5041 σίας
2270 4977 2407 5040 ἴδιός
2435 5001 2515 5041 τις
2558 4981 2751 5054 γέγονε
2781 4978 3007 5047 κύκλος,
3055 4980 3129 5042 ὡς
3162 4986 3260 5048 τῆς
3287 4978 3625 5046 ταυτότητος
3684 4978 3769 5032 καὶ

2121 5072 2220 5132 τῆς
2254 5067 2590 5142 ἑτερότητος,
2639 5065 2992 5139 διαλύσομεν,
3025 5065 3079 5121 εἶ’
3108 5088 3189 5128 τις
3222 5066 3470 5140 ἐρωτῴη,
3506 5064 3590 5120 ὅτι
3650 5066 3771 5121 10-3-

2120 5179 2228 5212 των
2266 5156 2358 5228 μέν
2395 5156 2532 5211 ἐστιν
2568 5157 2856 5224 ἀντίθεσις,
2906 5159 2940 5225 ἡ
2976 5153 3033 5210 δὲ
3064 5155 3220 5210 οὐσία
3247 5156 3403 5223 κοινή
3452 5162 3554 5223 τῆς
3588 5156 3765 5226 πάσης

2124 5244 2234 5299 ἐστὶ
2276 5249 2480 5319 ψυχῆς.
2532 5248 2638 5312 Τήν
2676 5243 2733 5299 δὲ
2784 5243 2858 5307 είς
3002 5241 3259 5319 διαίρεσιν
3320 5242 3665 5313 οἰκειοτάτην
3700 5244 3774 5298 ei-

2120 5356 2205 5387 ναι
2238 5335 2306 5404 τῇ
2330 5337 2482 5408 ψυχῇ
2517 5335 2543 5388 ὁ
2587 5338 2695 5388 τῶν
2755 5332 3138 5409 Πυθαγορείων
3186 5330 3353 5405 λόγος
3404 5331 3594 5407 φησίν,
3650 5333 3776 5387 ivi-

2123 5436 2283 5497 Λογον
2327 5422 2629 5476 ταττόντων
2691 5421 2905 5494 σημείῳ
2955 5422 3049 5493 μὶν
3116 5418 3319 5494 μονάδα
3352 5462 3367 5487 ,
3424 5424 3664 5493 γραμμῇ
3712 5418 3769 5475 δέ

2123 5507 2308 5578 δυάδα,
2341 5514 2419 5581 τῷ
2451 5507 2507 5563 δέ
2537 5507 2780 5582 ἐπιπέδῳ
2807 5508 3020 5584 τριάδα,
3060 5514 3141 5581 τῷ
3172 5506 3228 5563 δέ
3260 5508 3471 5580 σώματι
3518 5506 3775 5582 τετράδα,

2117 5602 2197 5670 τῷ
2230 5595 2287 5651 δέ
2335 5598 2701 5672 πεποιωμένῳ
2746 5599 2844 5668 τὴν
2895 5594 3149 5666 πεντάδα,
3197 5601 3276 5670 τῷ
3333 5593 3390 5652 δέ
3440 5595 3780 5674 ἐψυχομένῳ
