4060 6214
331 396 486 455 1121

395 526 766 599 Λαμπόμενον
795 526 1085 604 ηιρτηδόν
1116 526 1252 583 ὅλου
1281 530 1415 585 κατὰ
1448 530 1634 604 βενθεοι
1662 529 1897 603 κόσμου,

400 615 567 671 Κλῦοι
601 616 772 689 πυρὸς
800 618 902 686 τὴν
933 619 1144 692 φωνήν.

328 698 597 777 Σύμϐολα
623 705 885 779 πατρικὸς
913 705 1039 769 νόος
1070 705 1337 783 ἐνὲσπειρε
1369 710 1482 778 (22)
1510 710 1628 770 ταῖς
1656 709 1880 781 ψυχαῖς.

330 794 582 849 Μάνθανε
608 796 718 866 (23)
746 793 807 849 τὸ
837 795 1056 864 νοητὸν,
1091 794 1205 850 ἐπεὶ
1236 795 1365 849 νόου
1398 793 1499 865 ἔξω
1529 795 1783 870 ὑπάρχει.

326 883 479 937 ’Ἐστι
512 878 569 935 δὲ
595 883 709 955 (24)
740 879 806 952 δή
839 904 892 937 τι
917 885 1137 953 νοητὸν,
1170 883 1200 938 ὅ
1230 885 1342 959 χρή
1380 905 1437 938 σε
1466 889 1605 939 νοεῖν
1638 884 1762 938 νόου
1810 880 1979 940 ἄνθει.

324 968 479 1026 Εἰσὶν
510 970 681 1025 πάντα
710 974 822 1045 (25)
855 974 1028 1048 πυρὸς
1059 971 1175 1035 ἐνὸς
1208 972 1539 1049 ἐκγεγαῶταο

323 1058 501 1113 Πάντα
530 1063 645 1134 (26)
673 1060 774 1137 γὰρ
808 1060 1083 1135 ἐξετὲλησε
1112 1063 1323 1136 Πατὴρ,
1356 1063 1446 1117 καὶ
1477 1067 1555 1136 νῷ
1579 1060 1880 1137 πειρὲδωκε.

395 1226 455 1282 Si
481 1226 694 1299 saepius
713 1227 859 1282 mihi
887 1227 1122 1284 locutus
1146 1227 1325 1283 tueris
1349 1245 1592 1300 prorsus
1612 1226 1837 1283 videbis
1862 1243 1983 1282 me-

330 1314 703 1384 morabilem;
760 1332 952 1387 neque
989 1316 1143 1371 enim
1172 1317 1452 1384 caelestis,
1484 1332 1775 1387 curvaque
1816 1320 1872 1372 et
1888 1316 1988 1371 de-

334 1421 476 1459 vexa
505 1409 750 1478 apparet
777 1410 919 1461 tunc
935 1406 1041 1461 tibi
1069 1405 1273 1461 moles.
1302 1405 1492 1461 Stellae
1515 1423 1629 1461 non
1653 1405 1986 1478 splendent,

333 1493 486 1549 luna:
520 1493 719 1550 lumen
750 1498 969 1551 tectum
1024 1498 1133 1562 est,
1176 1498 1332 1551 terra
1369 1512 1485 1551 non
1538 1497 1673 1563 stat,
1704 1494 1989 1564 {videntur

340 1598 475 1639 vero
504 1584 702 1639 omnia
733 1600 859 1640 esse
891 1584 1162 1640 fulmina.

400 1672 481 1728 Ne
511 1673 804 1729 vocaveris
836 1672 1155 1746 imaginem
1189 1678 1411 1729 naturis
1443 1673 1631 1746 ipsius
1657 1672 1758 1729 Dei
1789 1689 1893 1745 per
1923 1689 1986 1729 se

336 1761 741 1833 conspicuam.

398 1848 672 1923 Undique
701 1850 955 1924 simplici
987 1852 1186 1908 amnio
1216 1850 1390 1906 tende
1420 1851 1682 1906 habenas
1718 1850 1891 1922 ignis.

393 1938 537 1994 Cum
572 1940 791 1995 videris
824 1941 1047 2013 absque
1071 1942 1260 1996 forma
1283 1957 1515 1996 sacrum
1537 1941 1731 2011 ignem
1758 1940 1977 1995 mican-

1189 394 1609 457 EXPOSITIO
1655 394 2194 457 OBACULORUM
2243 396 2884 458 CHALDAICORUM.

3588 402 3743 460 “22

2010 530 2064 597 Α
2095 527 2359 605 Δευτέρῳ,
2383 529 2442 584 ’ὸν
2474 532 2692 604 πρῶτον
2720 527 3005 600 κληΐζεται
3036 531 3149 603 (27)
3179 526 3329 585 ἔθνεα
3366 529 3598 606 ἀνδρῶν.

2090 616 2399 689 Νοούμεναι
2432 619 2610 694 ἰυγγες
2638 618 2903 692 πατρόθεν
2931 620 3141 673 νοὲουσι
3171 619 3260 673 καὶ
3292 617 3471 688 αὐταὶ,

2163 706 2399 769 Βουλαῖς
2432 708 2774 784 ἁφθὲγκτοισι
2805 706 3125 781 κινούμεναι
3158 710 3269 780 (28)
3301 707 3440 762 ὥστε
3469 715 3686 778 νοῆσαι.

2089 797 2156 849 ’Ὠ
2186 799 2304 859 πῶς
2333 794 2540 868 κόσμος
2571 790 2686 870 ἔχει
2712 796 2934 870 ειοεροῦς
2964 796 3210 872 ἀνοχῆας
3240 798 3353 870 (29)
3387 796 3693 870 ἀκαμπεῖςῐ

2089 883 2313 939 Ἑαυτὸν
2350 885 2378 938 ὁ
2411 885 2598 959 Πατὴρ
2631 882 2894 959 ἥρπασεν

2162 969 2293 1029 Οὐδ’
2320 973 2371 1027 ἐν
2406 974 2467 1047 ἑῇ
2494 970 2718 1046 δυνάμει
2749 978 2907 1049 νοερᾷ
2935 972 3154 1035 κλείσας
3184 971 3324 1028 ἴδιον
3356 978 3486 1051 πῦρ,

2091 1062 2278 1138 Πατὴρ
2311 1064 2424 1137 (30)
2457 1061 2518 1117 οὐ
2546 1058 2714 1141 φόϐον
2744 1062 3055 1137 ἐνθρῴσκει,
3086 1064 3257 1128 πειθὼ
3289 1061 3334 1118 δ’
3369 1063 3636 1140 ἐπιχεόει.

2169 1228 2271 1282 Est
2298 1244 2440 1283 sane
2471 1227 2750 1299 quiddam
2776 1227 3166 1300 intelligentia
3190 1229 3745 1302 perceptibile,quod

2098 1320 2326 1388 oportet
2357 1320 2412 1371 te
2440 1316 2767 1389 intelligere
2799 1318 2940 1372 ﬂore
2974 1317 3209 1373 mentis.

2168 1405 2379 1461 Omnia
2412 1408 2552 1461 sunt
2582 1406 2867 1477 producta
2905 1422 2974 1460 ex
3004 1423 3121 1461 uno
3146 1406 3283 1479 igne
3311 1424 3325 1462 :
3354 1408 3578 1480 quippe
3609 1426 3745 1465 cum

2097 1495 2297 1551 omnia
2328 1494 2496 1550 Pater
2520 1494 2846 1565 perfecerit,
2881 1500 2937 1549 et
2964 1495 3145 1550 menti
3192 1496 3499 1552 tradiderit
3537 1514 3746 1554 secun-

2099 1584 2205 1654 das,
2239 1600 2415 1655 quam
2448 1585 2694 1656 primam
2729 1588 2940 1639 vocant
2970 1584 3241 1640 nationes
3271 1584 3601 1642 hominum.

2167 1673 2404 1744 Species
2435 1689 2562 1744 quae
2595 1676 2790 1727 mente
2832 1673 3239 1745 percipiuntur
3268 1679 3507 1746 paterna
3551 1681 3746 1732 mente

2096 1766 2382 1834 percepta:
2409 1766 2467 1817 et
2516 1762 2655 1834 ipse:
2682 1760 3037 1832 intelligunt,
3079 1763 3311 1819 consilii
3342 1764 3536 1819 tacitis
3571 1770 3742 1821 motas

2012 1878 2059 1944 Β
2100 1850 2561 1944 utAintelligant.

2158 1940 2201 1996 Ο
2235 1941 2527 2012 quomodo
2560 1940 2815 1995 mundus
2846 1939 2941 1995 hic
2967 1940 3146 1996 habet
3176 1946 3437 1999 rectores
3465 1943 3516 1998 vi
3567 1942 3743 2000 intel-

328 2029 450 2081 tem
482 2026 753 2084 saltando
783 2045 887 2101 per
908 2030 1199 2101 profunda
1219 2029 1402 2085 totius
1424 2027 1798 2099 mundi,audi
1822 2028 1975 2100 ignis
2083 2029 2300 2102 ligendi
2334 2030 2607 2101 praeditos
2636 2029 2737 2101 qui
2768 2045 2884 2085 non
2913 2029 3262 2087 ﬂectunturl

334 2115 619 2173 sonitum.

2159 2119 2434 2189 Seipsum
2468 2134 2741 2173 summus
2774 2135 2985 2189 parens
3017 2119 3173 2175 Deus
3203 2137 3237 2174 a
3268 2120 3510 2192 reliquis
3551 2122 3744 2177 omni-

397 2208 556 2261 Mena
588 2205 778 2279 ipsius
811 2206 913 2263 Dei
958 2207 1175 2263 indidit
1204 2207 1419 2263 animis
1469 2206 1776 2262 hominum
1809 2206 1981 2278 signa
2088 2208 2199 2262 bus
2231 2206 2555 2262 subduxit:
2591 2222 2779 2278 neque
2830 2206 2889 2262 in
2938 2224 3047 2262 sua
3093 2208 3354 2278 potentia
3417 2209 3744 2265 intellectili

375 2298 597 2350 aterna.

375 2308 597 2350 acerna.

328 2308 369 2365 Ρ
407 2384 647 2457 Percipe
678 2384 736 2440 id
769 2384 923 2457 quod
958 2388 1149 2457 potest
1196 2384 1494 2441 intellectu
1546 2384 1764 2457 percipi
1800 2402 1813 2441 :
1848 2400 1980 2441 nam

329 2482 428 2535 est
458 2480 621 2533 extra
651 2478 929 2530 mentem.

2090 2295 2289 2368 ignem
2321 2312 2494 2350 suum
2527 2293 2791 2350 inclusit.

2167 2385 2333 2439 Pater
2364 2400 2479 2439 non
2513 2388 2739 2441 metum
2790 2383 3078 2455 immittit,
3112 2386 3212 2441 sed
3257 2385 3605 2457 obsequium
3656 2386 3743 2442 in-

2094 2472 2310 2529 fundit.

1568 2598 1872 2655 JOANNIS
1912 2596 2242 2656 OPSOPOEI
2280 2597 2506 2655 NOTIE.

402 2698 518 2768 (23)
550 2692 823 2759 Μᾶνθανε.
873 2695 1172 2753 Marsilius
1205 2696 1306 2752 lib.
1342 2714 1381 2768 ι,
1412 2696 1494 2753 De
1525 2697 1706 2752 anim.
1740 2698 1978 2753 immor-

332 2771 566 2829 talitate
619 2785 747 2840 cap.
778 2770 850 2824 6:
901 2790 929 2817 ‹‹
983 2768 1145 2824 Aliud
1183 2784 1348 2823 mens
1395 2768 1526 2836 erit,
1560 2769 1717 2824 aliud
1750 2770 1985 2825 veritas.

333 2843 503 2909 Quod
535 2840 620 2897 sic
645 2840 831 2912 aperit
850 2840 1154 2896 Zoroaster
1178 2857 1191 2896 ε
1224 2840 1380 2896 Scito
1402 2840 1768 2913 intelligibile
1790 2842 1987 2913 ipsum

334 2931 472 2973 esse
501 2917 663 2969 extra
693 2917 970 2967 mentem.
1002 2933 1032 2961 »

414 2986 525 3055 (24)
554 2983 707 3036 Ἔστι
740 2979 817 3037 δέ.
850 2982 1006 3055 ldem
1041 2981 1143 3055 lib.
1175 2999 1300 3051 xm,
1325 2998 1453 3055 cap.
1474 2983 1546 3037 5:
1582 3005 1610 3032 «
1645 2983 1745 3038 Est
1776 2982 1991 3055 intelli-

336 3054 519 3131 gibil_e
550 3054 769 3126 aliquid
794 3055 947 3131 quod
972 3054 1300 3131 intelligere
1325 3062 1378 3109 te
1394 3054 1622 3131 Oportet
1644 3054 1989 3131 mentis_ﬂo-

339 3125 424 3186 re.
460 3125 684 3184 Florem
710 3126 926 3197 mentis
948 3126 1202 3197 appellat
1221 3127 1526 3181 Zoroaster
1553 3126 1748 3197 ipsum
1782 3125 1989 3182 animm

339 3209 643 3285 θερί-ξριτιξ
671 3198 844 3285 quod”
862 3196 1323 3285 Plato’pominat
1342 3197 1559 3253 mentis
1584 3196 1783 3285 caput.
1818 3219 1846 3247 »

343 3342 358 3355 .
414 3274 431 3342 (
474 3272 528 3342 5)
585 3265 733 3355 Εῑρῖν
770 3265 962 3355 dum:
1013 3269 1173 3355 Idem
1229 3269 1325 3323 lib.
1394 3286 1455 3336 ιι,
1490 3265 1738 3355 cap.“'7:
1789 3268 1993 3355 «ﬁsse

2104 2700 2262 2771 ζεταε
2300 2700 2403 2750 πᾶν
2461 2695 2616 2771 γένος
2665 2692 2914 2771 ἀνδρῶνι
2959 2700 3016 2752 et
3048 2696 3145 2771 ita
3194 2713 3424 2770 quoque
3480 2714 3745 2755 correxe-

2101 2774 2193 2824 rat
2234 2769 2629 2824 Ranconetus.
2678 2769 2785 2824 Sed
2844 2769 3135 2824 laborabit
3184 2769 3444 2837 carmen,
3499 2771 3613 2826 nisi
3662 2771 3747 2826 illi

2100 2841 2209 2914 hac
2268 2841 2492 2896 ratione
2549 2841 2905 2914 subvenias:
2963 2837 3208 2910 κλη·ἷζετ’
3261 2841 3397 2895 ἅπαν
3456 2839 3615 2914 γένος
3661 2843 3745 2895 ἀν-

2102 2909 2279 2987 δρῷνᾼη
2315 2915 2564 2987 Recepta
2618 2911 2788 2987 lec_t_io
2820 2909 3158 2987 tamennon
3214 2917 3307 2987 est
3335 2909 3743 2987 improbanda,

2172 2984 2286 3054 (28)
2314 2981 2660 3053 Κινοόμεναι.
2694 2983 2910 3039 Marsil.
2971 2984 3203 3039 Ficinus
3250 2984 3352 3040 lib.
3390 2981 3525 3041 {De
3560 2986 3741 3040 enim.

2101 3055 2386 3109 immort..
2420 3072 2547 3126 cap.
2579 3055 2651 3111 5:
2690 3077 2711 3104 α
2746 3054 2948 3125 Angeli
2983 3062 3237 3121 movent,
3272 3074 3385 3111 non
3419 3063 3743 3125 moventur;

2102 3128 2172 3180 de
2203 3126 2418 3197 quibus
2467 3130 2791 3191 Zoroaster,
2823 3127 3079 3182 Mundus
3110 3127 3288 3182 habet
3320 3128 3746 3183 intellectuales

2102 3202 2357 3253 rectores
2389 3197 2743 3252 immobiles.
2778 3218 2806 3246 ››

2173 3269 2287 3341 (29)
2321 3270 2618 3341 Ἀνοχῆας·
2672 3269 2830 3341 Idem
2881 3268 2982 3324 lib.
3024 3286 3102 3337 ιν,
3150 3285 3278 3341 cap.
3313 3269 3381 3326 t:
3433 3291 3460 3318 «
3488 3269 3744 3341 Angelus

342 3339 543 3412 ipsum
578 3342 756 3412 rebus
784 3341 1061 3396 omnibus
1092 3344 1199 3412 est,
1240 3339 1576 3395 commune.
1622 3340 1765 3395 Esse
1814 3339 1996 3412 igitur
2026 3343 2069 3409 C
2118 3340 2372 3396 animam
2405 3339 2525 3412 uno
2554 3339 2797 3403 excedit,
2829 3341 2984 3410 quod
3016 3339 3252 3395 manet:
3277 3341 3392 3395 Deo
3423 3339 3745 3407 cedit'uno,

344 3411 684 3485 ubicunque
714 3411 811 3485 sit,
842 3412 1057 3485 pendet
1078 3429 1145 3466 ex
1176 3411 1310 3467 Deo.
1346 3413 1505 3477 Quod
1540 3412 1786 3485 mystice
1808 3411 1998 3482 tetigit

344 3483 689 3542 Zoroaster:
723 3484 929 3556 omnia
958 3488 1099 3538 sunt
1124 3500 1202 3556 ex,
1224 3499 1341 3538 uno
1371 3485 1505 3556 igne
1536 3483 1752 3556 genita.

419 3557 535 3627 (26)
559 3555 740 3611 Πάντα
759 3554 884 3627 γὰρ.
910 3558 1142 3627 Ficrnus
1168 3555 1271 3627 lib.
1296 3571 1374 3621 ιν,
1398 3552 1595 3627 capit
1620 3572 1633 3610 :
1670 3577 1698 3605 «
1729 3552 1998 3627 Essentia

345 3626 690 3700 angelorum
715 3626 1004 3700 principio
1034 3626 1305 3681 informis
1335 3631 1424 3681 est
1454 3626 1906 3700 quodammodo,
1941 3628 1998 3679 et

345 3697 631 3782 tanquam
667 3697 961 3782 passisum
988 3699 1321 3782 subjectum
1355 3699 1648 3782 quoddam
1684 3697 1997 3768 exponitur

347 3772 420 3826 ad
453 3770 649 3826 actum
674 3770 1060 3842 intelligendi,
1084 3775 1141 3824 et
1158 3771 1476 3842 formarum
1500 3770 1879 3842 idearumqﬁue
1902 3785 1994 3842 or-

346 3848 551 3898 natum
587 3840 1138 3913 suscipiendumDe
1165 3858 1281 3913 quo
1309 3841 1614 3896 Zoroaster
1635 3842 1717 3896 ait
1741 3859 1753 3895 :
1785 3840 1996 3913 Omnia

348 3912 805 3986 perfecitgpater,
850 3918 907 3968 et
938 3914 1117 3968 menti
1152 3914 1399 3986 praebuit
1430 3914 1720 3967 secundae.
1760 3935 1780 3960 ι
1819 3912 1995 3986 Porro

343 3980 571 4055 corrige
601 3980 900 4053 ἔξετὲλὴσε,
934 3989 991 4039 et
1020 3980 1211 4040 scribe
1239 3980 1558 4055 ἐξετέλεσσε.
1596 3987 1681 4039 Ita
1737 3984 1894 4039 enim
1930 3983 1991 4038 in

342 4059 455 4114 hoc
488 4059 661 4128 verbo
704 4057 987 4128 syllabam
1023 4058 1357 4127 producunt
1395 4061 1596 4127 poetae,
1631 4073 1743 4111 non
1776 4055 1995 4111 vocalis

344 4128 545 4185 brevis
574 4127 632 4199 in
664 4127 899 4199 longam
934 4129 1283 4183 mutatione.

418 4200 531 4273 (27)
564 4194 882 4269 Κληΐζεὲαι.
935 4200 1181 4273 Regium
1243 4198 1543 4271 exemplar
1598 4198 1780 4255 habet
1828 4194 1994 4266 κληί-

2107 3414 2262 3482 quod
2296 3411 2603 3482 multiplex
2634 3416 2740 3466 est.
2777 3416 2927 3466 Deus
2951 3416 3145 3466 tamen
3171 3428 3274 3483 per
3293 3411 3599 3467 hocunum
3628 3413 3750 3468 abit

2108 3501 2284 3554 super
2314 3483 2512 3539 omnia
2543 3484 2613 3538 ad
2647 3483 2966 3538 inﬁnitum.
3002 3484 3162 3547 Quod
3186 3484 3268 3538 ita
3293 3484 3505 3539 cecinit
3535 3484 3747 3539 Zoroa-

2107 3560 2261 3611 ster:
2294 3559 2466 3610 Pater
2495 3571 2688 3627 pense
2717 3555 2911 3626 ipsum
2947 3556 3163 3627 rapuit,
3204 3571 3391 3625 neque
3444 3555 3523 3627 in,
3555 3560 3749 3627 mente

2107 3627 2346 3698 quidem
2403 3643 2530 3698 qua;
2580 3625 2764 3698 illumi
2805 3625 3096 3698 sequitur,
3154 3627 3463 3698 proprium
3510 3626 3753 3682 inclusit

2107 3697 2299 3770 ignem
2328 3716 2342 3760 ;
2380 3697 2495 3769 n'q.
2530 3698 2610 3768 d.,
2645 3697 2869 3753 nullam
2893 3697 3233 3754 habetcum
3279 3697 3503 3754 caeteris
3534 3715 3751 3770 compa-

2106 3771 2414 3826 rationem.

2177 3843 2287 3911 (30)
2322 3840 2507 3912 Πατήρ
2559 3843 2669 3895 etc.
2696 3841 2855 3896 idem
2888 3840 2989 3895 lib.
3027 3858 3115 3907 III,
3149 3856 3275 3910 cap.
3310 3839 3414 3894 ult.
3443 3856 3455 3894 :
3491 3862 3518 3888 «
3541 3840 3597 3894 Si
3622 3841 3750 3895 ani-

2108 3930 2234 3968 mos
2261 3912 2732 3983 pulsat,quiailli
2760 3930 2995 3967 sursum
3022 3914 3416 3983 deorsumque
3448 3911 3624 3967 libere
3654 3929 3750 3966 vo-

2104 3984 2318 4039 lubiles
2351 3982 2511 4051 sunt,
2544 3982 2757 4055 pulsat,
2789 3989 2846 4038 et
2878 3985 3078 4050 libere,
3110 3984 3189 4038 ita
3222 3988 3285 4038 ut
3316 3982 3578 4051 alliciat;
3635 4002 3751 4039 non

2107 4056 2322 4124 trahat,
2385 4073 2497 4110 non
2550 4063 2730 4127 cogat.
2766 4057 2861 4110 sed
2896 4057 3283 4127 persuadeat;
3313 4056 3465 4126 quod
3512 4056 3752 4111 Zoroas-

2107 4134 2196 4183 ter
2247 4128 2330 4182 ita
2388 4126 2673 4181 testatur:
2710 4126 2880 4181 Pater
2900 4126 3024 4183 non
3059 4127 3307 4182 incurrit
3346 4132 3589 4196 metum,
3648 4129 3750 4182 sed

2101 4198 2548 4271 persuasionem
2582 4198 2825 4252 inducit.
2864 4220 2893 4247 ››
