4060 6214
289 364 446 424 1125

1147 361 1249 422 EX
1261 363 1566 423 POSITIO
1612 361 2150 425 ORACUIDRUM
2194 363 2348 423 (ΖΗΛ
2362 360 2844 422 LDAICORUM.

3547 367 3705 426 1126

289 494 477 571 λόγιον
512 500 772 569 καθαῖρον
804 493 972 563 αὐτὴν
1004 492 1093 547 καὶ
1139 492 1421 571 ὁμόφρονα
1452 499 1518 568 τῇ
1551 493 1752 571 λογικῇ
1784 497 1939 569 ψυχῇ

2058 496 2242 550 ctrina
2275 492 2676 549 irrationalem
2696 492 2954 550 hominis
2983 493 3242 550 animam
3267 496 3407 551 facit
3427 498 3702 555 interitus

286 588 504 651 ποιοῦν,
532 584 610 645 εἰς
656 585 747 638 τὸν
807 581 1050 637 ἐπέκεινα
1104 589 1203 652 τῆς
1252 581 1488 653 σελήνης
1543 584 1632 638 τὸν
1681 584 1933 661 ἀμφιφαῆ

285 673 488 744 ταύτην
557 672 913 742 ἀποκαθιστᾷ.
996 670 1091 725 Καὶ
1164 671 1232 726 15.
1312 673 1407 744 μὶν
1491 677 1597 727 τῶν
1650 670 1939 727 Χαλδαίων

289 762 557 836 δόγματα,
616 766 865 818 τοιαῦτα.
920 762 982 814 Ol.
1054 758 1111 815 δὲ
1165 764 1263 825 τῆς
1323 756 1594 824 εὐσεϐείας
1659 760 1937 841 ὑφηγηταὶ

286 851 379 905 καὶ
410 856 516 905 τῶν
539 853 937 925 Χριστιανικῶν
988 846 1274 924 δογμάτων
1324 849 1599 927 ὖποφῆται
1642 852 1729 905 καὶ
1765 852 1938 924 κήρυ-

288 962 399 1013 κες,
450 938 693 1012 οὐδαμοῦ
735 940 833 1007 τήν
900 936 1102 1013 ἄλογον
1177 939 1363 1015 ψυχὴν
1432 940 1732 1015 ἀνάγουσιν,
1794 937 1943 994 ἀλλά

292 1031 494 1099 θνητὴν
528 1026 829 1105 διαρρήδην
865 1028 1160 1101 ὁρίζονται,
1204 1027 1443 1103 ’Ἂλογον
1478 1026 1535 1083 δὲ
1556 1030 1741 1103 ψυχὴν
1775 1027 1943 1090 τίθεν-

287 1139 401 1186 ται,
458 1120 549 1173 τὸν
611 1118 779 1190 θυμὸν
833 1118 921 1171 καὶ
972 1118 1070 1185 τήν
1116 1115 1402 1189 ἐπιθυμίαν
1453 1118 1550 1187 τήν
1607 1117 1938 1193 ὀρεγομένην

284 1206 565 1283 γενέσεως.
598 1204 752 1261 Οὕτω
812 1210 945 1281 γοῦν
1002 1207 1030 1261 ὁ
1093 1205 1362 1270 Νυσσαεῦς
1417 1206 1721 1281 Γρηγόριος
1763 1206 1815 1260 ἐν
1863 1210 1944 1277 τῷ

288 1297 415 1372 περῖ
447 1299 632 1370 ψυχῆς
668 1294 821 1369 λόγῳ
849 1292 1115 1367 διέξεισιν.

2050 584 2332 649 nesciam,
2366 598 2616 653 eamque
2639 598 2825 654 usque
2850 583 2921 638 ad
2946 582 3238 639 elementa
3269 585 3378 639 sub
3423 586 3562 640 luna
3587 588 3701 643 sita

2049 671 2310 741 extollit;
2330 676 2389 726 at
2411 670 2788 726 Chaldaicum
2815 672 3117 727 oraculum
3140 673 3431 743 expiatam
3454 673 3616 730 illam
3647 682 3704 732 et

2050 776 2183 815 cum
2215 760 2458 815 rationis
2491 760 2771 831 participe
2819 760 3019 816 anima
3049 762 3235 817 amice
3266 762 3700 834 conspirantem

2047 851 2109 903 in
2136 850 2431 921 regionem
2476 849 2627 904 hanc
2668 866 2799 920 quas
2829 849 2986 904 ultra
3030 849 3232 905 lunam
3282 856 3391 919 est,
3442 853 3702 923 undique

2050 936 2307 993 lucidam
2323 937 2666 993 transvehit.
2692 941 2880 1009 Atque
2902 938 3024 993 haec
3050 938 3288 1011 quidem
3314 944 3456 996 sunt
3476 945 3702 997 statuta

2051 1026 2478 1082 Chaldaeorum.
2506 1027 2749 1081 Pietatis
2790 1044 2925 1082 vero
2952 1028 3221 1084 doctores
3253 1033 3309 1083 et
3350 1029 3706 1086 Christiano-

2053 1132 2184 1170 rum
2216 1116 2561 1188 dogmatum
2592 1116 2944 1188 interpretes
2968 1132 3032 1171 ac
3068 1133 3361 1188 praecones
3405 1135 3699 1191 nusquam

2052 1204 2314 1261 locorum
2347 1207 2576 1260 brutam
2624 1205 2884 1260 animam
2940 1207 3010 1261 ad
3071 1196 3376 1277 superiora
3421 1208 3703 1276 educunt,

2054 1295 2155 1349 sed
2189 1298 2386 1365 aperte
2408 1293 2670 1349 interitui
2695 1294 3006 1349 obnoxiam
3038 1310 3167 1350 esse
3197 1295 3564 1366 profitentur.
3590 1300 3703 1351 Ha-

290 1387 435 1442 bent
465 1392 653 1441 autem
681 1403 782 1457 pro
804 1385 1001 1440 anima
1023 1385 1193 1441 bruta
1214 1385 1359 1441 iram
1384 1390 1441 1442 et
1469 1386 1849 1458 cupiditatem
1870 1382 2263 1458 generationis
2283 1382 2706 1455 appetitricem.
2727 1388 2917 1455 Atque
2938 1382 3020 1438 ita
3035 1385 3360 1440 enarrando
3378 1384 3555 1440 tradit
3570 1386 3708 1442 Gre-

290 1476 496 1547 gorius
526 1474 827 1546 Nyssenus
858 1473 1123 1530 oratione
1155 1475 1231 1529 De
1252 1476 1462 1530 anima.

368 1576 528 1648 Μηδὲ
593 1578 657 1633 τὸ
729 1585 829 1648 τῆς
890 1577 1027 1648 ὕλης

1118 1574 1387 1635 σκύϐαλον
1469 1585 1721 1656 κρημνῷ,
1777 1600 1940 1635 κατα-

1589 1651 1832 1727 [λείψῃς.

366 1756 536 1828 Ὕλης
570 1752 839 1812 σκύϐαλον
873 1778 1005 1833 φησι
1047 1759 1110 1813 τὸ
1159 1756 1368 1835 λόγιον,
1418 1759 1480 1814 τὸ
1517 1764 1619 1814 τοῦ
1653 1760 1940 1833 ἀνθρώπου

2133 1578 2211 1634 Ne
2243 1594 2363 1634 vero
2392 1580 2643 1634 materias
2670 1581 2836 1651 faces
2867 1580 2928 1633 in
2953 1581 3269 1652 pracipz'tio
3309 1580 3618 1653 relinquas.

2123 1756 2376 1811 Materiae
2401 1757 2566 1812 faeces
2598 1756 2853 1828 appellat
2883 1756 3187 1813 oraculum
3206 1757 3466 1814 hominis
3489 1775 3703 1832 corpus

295 1850 457 1919 σῶμα
510 1860 572 1900 το
627 1844 685 1900 ἐκ
748 1846 1019 1921 τεσσάρων
1079 1849 1373 1922 στοιχείων
1434 1848 1782 1923 συγκείμενον
1832 1850 1942 1917 καὶ,

2058 1862 2083 1901 s
2114 1851 2369 1917 quatuor
2399 1845 2705 1902 elementis
2747 1847 3161 1918 compositum,
3194 1850 3251 1902 et
3281 1852 3564 1920 tanquam
3603 1849 3707 1905 do-

296 1936 479 2010 ὥσπερ
530 1934 583 1989 ἐν
631 1931 981 1997 διδασκαλίας
1040 1934 1189 2011 λόγῳ
1240 1936 1329 1991 καὶ
1388 1938 1754 2014 παραινέσεως
1808 1937 1940 2015 φησὶ

296 2026 433 2096 πρὸς
457 2025 551 2079 τὸν
579 2021 990 2097 διδασκόμενον,
1033 2023 1115 2078 ὅτι
1165 2026 1259 2093 Μὴ
1306 2025 1469 2098 μόνον
1501 2029 1601 2095 τὴν
1630 2028 1814 2101 ψυχήν
1848 2046 1944 2080 σου

294 2115 433 2189 πρὸς
480 2114 571 2167 τὸν
629 2113 754 2167 Θεὸν
805 2113 1123 2187 μετεώριον,
1194 2115 1282 2169 καὶ
1338 2122 1437 2184 τῆς
1500 2116 1762 2190 βιωτικῆς
1815 2137 1946 2190 συγ-

295 2202 513 2277 χύσεως
560 2200 851 2276 ὀπερτὲραν
912 2203 1167 2273 ποίησον,
1212 2201 1337 2259 ἀλλ’
1396 2202 1442 2257 εἰ
1503 2201 1748 2270 δυνατὸν,
1807 2202 1947 2276 μηδὲ

293 2290 428 2346 αὐτὸ
473 2293 536 2345 τὸ
596 2293 756 2363 σῶμα
809 2289 941 2366 ὅπερ
996 2290 1283 2368 ἠμφίεσαι,
1342 2293 1432 2346 καὶ
1484 2293 1616 2368 ὅπερ
1673 2287 1943 2348 σκύϐαλόν

292 2378 534 2449 ἐστιτῆς
587 2378 746 2449 ὕλης,
798 2379 1041 2435 τουτέστι
1086 2379 1368 2455 πράγμαυι
1422 2380 1828 2458 ἀπερριμμένον
1855 2382 1946 2435 καὶ

291 2467 864 2546 καταπεφρονημένον,
913 2468 1001 2523 καὶ
1052 2467 1191 2540 ὕλης
1241 2470 1509 2545 παίγνιον,
1544 2470 1619 2533 εἰς
1666 2472 1759 2525 τὸν
1793 2471 1947 2545 περί-

292 2578 441 2633 γειον
485 2555 819 2633 καταλείπῃς
864 2557 1097 2630 κόσμον.
1158 2560 1413 2633 Κρημνὸν
1463 2562 1565 2634 γὰρ
1603 2560 1694 2614 τὸν
1725 2558 1949 2623 ἐνταῦθα

294 2646 467 2701 τόπον
498 2646 754 2720 ὀνομάζει
804 2647 867 2701 τὸ
898 2646 1103 2722 Λόγιον.
1146 2650 1362 2703 ’Ὠσπεῶ
1392 2648 1495 2723 γὰρ
1528 2648 1633 2702 ἀπὸ
1675 2649 1948 2724 μετεώρου

292 2736 471 2791 τύπου
522 2740 617 2790 τοῦ
678 2735 928 2811 ούρανοῦ,
984 2737 1018 2804 ἠ
1081 2734 1237 2813 φύσις
1286 2738 1445 2809 ἡμῶν
1505 2736 1730 2801 ἐνταῦθα
1785 2758 1947 2791 κατα-

292 2825 678 2899 κρημνίζεται,
736 2830 989 2899 Παραινεῖ
1041 2825 1158 2895 οὗν,
1213 2824 1303 2879 ’ἕνα
1357 2826 1445 2880 καὶ
1503 2825 1631 2880 αὐτὸ
1673 2827 1734 2880 τὸ
1766 2830 1946 2898 σῶμα.

297 2916 433 2987 ὅπερ
468 2914 631 2987 φησῖν
679 2910 816 2982 ὅλης
866 2907 1161 2981 σκύϐαλον,
1215 2914 1344 2987 πυρὶ
1393 2913 1519 2987 θείῳ
1558 2912 1949 2985 ἐκδαπανήσω-

305 3023 429 3075 μεν,
486 3000 523 3070 ἤ
586 2998 1026 3071 ἀπτλεπήναντες
1102 3002 1177 3063 εἱς
1257 3002 1442 3077 αἶθὲρα
1493 3002 1864 3077 κουφίσωμεν,
1913 3000 1948 3071 ἤ

300 3091 720 3165 μετερασθῶμεν
772 3090 877 3145 ὕπὸ
926 3094 1058 3145 Θεοῦ
1116 3089 1191 3152 εἷς
1247 3085 1413 3145 τόπον
1464 3089 1628 3146 ἄῦλον
1670 3092 1758 3145 καὶ
1808 3092 1950 3146 ἀσώ-

306 3199 479 3251 ματον
513 3198 525 3210 ⁸
559 3178 593 3247 ἦ
650 3178 957 3251 ἰνσώματον
1023 3180 1139 3252 μὲν,
1195 3179 1428 3254 αἰθέριον
1474 3178 1551 3250 δὲ,
1700 3181 1948 3253 οὐράνιον

304 3269 370 3322 0'5
428 3266 494 3336 δὴ
552 3266 849 3342 τετύχηκεν
910 3267 940 3322 8
996 3288 1052 3321 τε
1105 3264 1367 3338 Θεσϐίτης
1423 3268 1637 3341 Ἠλίας,
1696 3268 1784 3322 καὶ
1844 3269 1949 3343 πρὸ

295 3356 499 3411 τούτου
550 3356 752 3430 Ἑνὼχ,
806 3356 1177 3429 μετατεθέντες
1226 3357 1331 3411 ἀπὸ
1380 3364 1479 3426 τῆς
1527 3356 1748 3412 ἐνταῦθα
1783 3362 1950 3429 ζωῆς,

298 3446 391 3499 καὶ
445 3444 521 3507 εἷς
582 3445 851 3519 θειοτέραν
914 3445 1069 3517 ληξιν
1127 3444 1605 3514 ἀποκαθιστάντες,
1664 3446 1753 3500 καὶ
1811 3444 1951 3518 μηδὲ

298 3536 365 3588 τὸ
395 3541 493 3603 τῆς
525 3533 665 3604 ὕλης
708 3529 1004 3600 σκύϐαλον,
1046 3534 1170 3603 ἤτοι
1194 3537 1257 3590 τὸ
1298 3536 1501 3590 ἑαυτῶν
1533 3540 1689 3608 σῶμα
1720 3540 1951 3611 κρημνῷ

296 3622 714 3685 καταλιπόντες.
778 3624 1041 3699 Κρημνὸς
1103 3622 1158 3678 δὲ
1204 3623 1367 3696 ἐστιν,
1402 3624 1580 3699 ὥσπερ
1630 3624 1947 3698 εἷ’ρήκαμεν,

301 3714 330 3768 ὁ
390 3714 666 3787 περίγειος
714 3714 907 3775 τόπος.
968 3713 1045 3770 Τὸ
1115 3710 1171 3767 δὶ
1220 3718 1467 3768 τοιοῦτον
1529 3711 1706 3789 δόγμα
1756 3714 1800 3768 εἰ
1858 3714 1947 3768 καὶ

299 3800 608 3873 θαυμαστόν
667 3800 778 3857 ἐστι
859 3801 949 3856 καὶ
1034 3802 1323 3881 ὑπερφυὲς,
1392 3800 1518 3856 ἀλλ’
1577 3804 1679 3857 οὑκ
1729 3802 1817 3857 ἐπὶ
1869 3808 1949 3875 τῷ

294 3892 554 3962 ἡμετέρῳ
608 3888 985 3964 βουλήματιή
1048 3889 1255 3961 δαπανή
1309 3896 1481 3945 κεῖται
1532 3896 1628 3945 τοῦ
1673 3894 1945 3965 σώματος,

293 3977 387 4031 καὶ
418 3978 454 4045 ἡ
488 3975 622 4050 πρὸς
655 3977 745 4031 τὸν
789 3976 1057 4053 θειότερον
1103 3978 1268 4032 τόπον
1312 3977 1519 4033 τούτων
1575 3980 1894 4051 μετάστασις
1931 3996 1944 4011 ·

298 4066 473 4139 μόνης
528 4062 586 4119 δὲ
640 4068 737 4133 τῆς
797 4065 941 4129 θείας
1005 4065 1240 4141 ἤρτηται
1296 4066 1359 4121 τὸ
1416 4068 1641 4141 πρᾶγμα
1696 4067 1945 4143 χάριτος,

290 4158 396 4224 τῆς
444 4159 523 4227 τῷ
564 4154 861 4229 ἀπορρήτῳ
905 4156 1034 4230 πυρὶ
1083 4158 1183 4225 τήν
1233 4154 1369 4226 ὕλην
1420 4154 1806 4227 ἐκδαπανώσης
1852 4162 1948 4211 τοῦ

295 4245 575 4316 σώματος.
663 4245 751 4297 καὶ
838 4245 937 4313 τὴν
1044 4240 1275 4320 ἐμϐριθῆ
1362 4244 1452 4299 καὶ
1528 4243 1710 4320 γεώδη
1790 4246 1946 4323 φύσιν

293 4332 546 4407 ὀχήματι
581 4331 790 4407 πυρίνῳ
821 4331 1257 4405 μετεωριζούσης
1288 4331 1362 4394 εἶς
1389 4332 1636 4407 οὐρανόν.

366 4439 463 4506 Μή
497 4436 703 4511 ἆξαξης,
731 4434 819 4492 ’ίνα
853 4439 929 4511 μὴ
962 4437 1074 4513 ἐξίῃ
1108 4434 1311 4514 ἔχουσά
1337 4460 1411 4494 τι.

2053 1935 2234 1989 cendo
2278 1938 2336 1989 et
2376 1934 2735 1990 exhortando
2775 1935 3135 2007 discipulum
3168 1934 3492 2008 alloquitur
3526 1954 3539 1992 :
3572 1938 3698 1993 Non

2054 2022 2245 2078 solum
2270 2023 2527 2078 animam
2552 2027 2713 2078 tuam
2736 2025 2806 2078 ad
2834 2029 3016 2080 Deum
3039 2024 3282 2091 eleva,et
3302 2025 3507 2082 utvitaa
3527 2026 3706 2097 hujus

2054 2112 2257 2167 turbas
2281 2116 2519 2183 superet
2535 2111 2719 2180 eftice,
2745 2112 2867 2178 sed,
2892 2113 2943 2168 si
2968 2113 3087 2167 fieri
3113 2117 3323 2184 potest,
3349 2130 3420 2170 ne
3463 2114 3701 2186 quidem

2056 2199 2249 2270 ipsum
2301 2216 2513 2271 corpus
2568 2216 2681 2271 quo
2713 2201 2968 2256 amictus
3026 2218 3109 2267 es,
3143 2203 3419 2274 quodque
3449 2204 3706 2258 materiae

2057 2288 2163 2343 faex
2194 2292 2285 2343 est
2315 2288 2557 2358 rejicula
2587 2295 2644 2344 et
2668 2288 2953 2361 neglecta,
2996 2295 3053 2346 et
3078 2291 3335 2347 materiae
3382 2291 3708 2359 ludicrum,

2054 2376 2113 2430 in
2138 2376 2399 2432 terrestri
2435 2377 2656 2432 mundo
2687 2376 2970 2450 relinque.
3019 2377 3416 2450 Praacipitium
3448 2396 3707 2452 namque

2058 2464 2326 2520 nominat
2354 2464 2656 2520 oraculum
2687 2464 2884 2521 locum
2916 2466 3072 2521 hunc
3104 2466 3460 2523 inferiorem.
3488 2471 3531 2523 A
3563 2468 3703 2525 coelo

2057 2554 2214 2609 enim
2243 2558 2550 2625 tamquam
2574 2553 2701 2610 loco
2723 2554 2879 2611 edito
2910 2560 3123 2610 natura
3145 2560 3347 2611 nostra
3369 2555 3483 2612 huc
3507 2559 3705 2629 prazci-

2058 2642 2299 2715 pitatur.
2323 2643 2614 2697 Admonet
2644 2642 2844 2714 igitur,
2868 2647 2933 2698 ut
2962 2644 3232 2716 etipsum
3265 2661 3502 2717 corpus,
3544 2646 3700 2718 quod

2059 2748 2162 2803 per
2195 2731 2449 2787 materiae
2477 2731 2672 2787 fascem
2699 2732 2913 2800 innuit,
2939 2734 3071 2805 igne
3096 2734 3292 2788 divino
3315 2736 3702 2791 absumamus

2059 2827 2115 2875 et
2166 2836 2583 2892 expurgemus,
2609 2827 2710 2875 aut
2738 2821 3139 2877 decorticatim
3176 2823 3233 2875 in
3262 2824 3476 2878 aethera
3527 2823 3703 2879 eleve-

2060 2926 2214 2977 mus,
2248 2914 2348 2964 aut
2379 2926 2411 2963 a
2441 2910 2557 2965 Deo
2576 2926 2677 2964 ceu
2694 2914 3136 2965 transvasemur
3157 2910 3215 2965 in
3239 2910 3432 2967 locum
3451 2913 3704 2969 materiae

2060 3003 2116 3054 et
2147 2998 2406 3069 corporis
2439 3004 2735 3069 expertem
2763 3016 2775 3066 ;
2807 2999 2894 3053 vel
2928 3015 3225 3070 corporem
3274 3016 3406 3054 eum
3442 3001 3704 3072 quidem,

2060 3088 2161 3142 sed
2184 3085 2633 3154 rethereum,vel
2656 3086 2972 3154 caelestem,
3008 3104 3180 3157 quem
3230 3090 3527 3143 consecuti
3570 3096 3708 3144 sunt

2061 3176 2215 3231 Elias
2247 3175 2556 3231 Thesbites
2612 3180 2669 3229 et
2726 3180 2859 3230 ante
2918 3175 3075 3230 hunc
3124 3176 3343 3246 Enoch,
3391 3178 3462 3232 ab
3496 3194 3559 3233 ac
3591 3179 3708 3234 vita

1981 3243 2023 3310 (ἶ
2064 3265 2123 3319 in
2156 3266 2327 3336 fonge
2350 3264 2693 3318 diviniorem
2714 3264 3105 3319 conditionem
3132 3264 3424 3330 translati,
3448 3267 3704 3322 materiae

2063 3354 2411 3421 sedimento,
2455 3369 2563 3407 suo
2585 3369 2795 3424 nempe
2815 3352 3078 3424 ipsorum
3101 3369 3361 3423 corpore,
3390 3353 3448 3407 in
3482 3371 3705 3425 praeru—

2062 3441 2177 3513 ptis
2216 3441 2359 3498 locis
2409 3441 2645 3497 nomine
2677 3441 2977 3496 destituto.
3014 3442 3110 3496 Est
3140 3446 3337 3496 autem
3371 3448 3703 3514 praaruptus

2059 3530 2223 3585 locus
2282 3530 2784 3600 quemadmodum
2843 3529 3127 3597 diximus,
3180 3531 3339 3600 regio
3390 3533 3703 3586 terrestris.

2058 3621 2243 3689 Atque
2274 3619 2382 3674 hoc
2413 3620 2627 3691 dogma
2655 3618 2793 3674 licet
2823 3618 3169 3673 admirabile
3202 3620 3281 3674 sit
3311 3622 3368 3674 et
3400 3619 3711 3685 excellens,

2060 3725 2173 3764 non
2207 3712 2404 3763 tamen
2455 3709 2515 3762 in
2569 3713 2768 3763 nostra
2817 3707 3118 3762 voluntate
3162 3707 3277 3762 sita
3325 3712 3414 3763 est
3452 3710 3712 3779 corporis

2058 3796 2376 3852 illustratio
2408 3801 2464 3851 et
2495 3797 2565 3852 ad
2599 3796 2948 3852 diviniorom
2980 3795 3173 3850 locum
3225 3794 3555 3860 translatio,
3604 3798 3702 3851 sed

2058 3886 2274 3957 pendet
2332 3901 2425 3940 res
2456 3890 2579 3940 tota
2622 3902 2655 3939 a
2702 3884 2900 3939 divina
2932 3884 3145 3955 gratia,
3179 3889 3242 3938 ut
3273 3884 3396 3938 hmo
3425 3884 3708 3939 ineffabili

2056 3976 2189 4045 igne
2221 3974 2479 4044 corporis
2510 3974 2816 4028 materiam
2853 3977 3079 4038 exurat,
3131 3976 3189 4027 et
3236 3978 3702 4044 praegravantem

2056 4067 2469 4133 terrenamque
2509 4066 2778 4117 naturam
2814 4060 2982 4132 igneo
3036 4060 3295 4117 vehiculo
3358 4062 3415 4115 in
3493 4062 3704 4117 caelum

2057 4151 2284 4207 evehat.

2127 4438 2203 4493 Ne
2230 4437 2423 4506 exigas
2457 4434 2740 4502 animam,
2767 4451 2838 4491 ne
2863 4438 2924 4491 in
2962 4436 3464 4577 εωειιηάοῐήαὺεῗδ
3488 4436 3704 4563 qlz‘quid

3250 4511 3401 4577 peric
3428 4510 3500 4563 ite
3528 4526 3615 4564 ur.

3250 4510 3615 4580 periclitetur.

365 4618 543 4673 Τοῦτο
575 4614 636 4671 τό
673 4613 860 4692 λόγιον
893 4615 983 4671 καί
1034 4616 1315 4682 Ηλωτῖνος
1365 4616 1415 4671 ἐν
1469 4622 1548 4690 τῷ
1589 4617 1710 4694 περὶ
1743 4618 1945 4693 ἀλόγου

2124 4620 2243 4672 Hoc
2274 4614 2575 4671 oraculum
2611 4613 2787 4668 refert
2818 4612 2994 4669 etiam
3028 4612 3290 4669 Plotinus
3322 4615 3378 4670 in
3433 4615 3579 4670 libro
3631 4617 3702 4671 de

292 4703 577 4779 ἐξαγωγῆς
605 4704 836 4775 τίθησιν.
869 4705 1013 4761 Ἐστὶ
1046 4703 1090 4759 δ’
1148 4707 1175 4760 ὁ
1203 4705 1370 4781 λόγος
1419 4706 1729 4782 παραίνεσις
1780 4707 1943 4782 ὑπερ-

296 4796 436 4863 φυής
490 4814 550 4848 τε
596 4794 687 4848 καὶ
747 4795 1116 4871 ὑπερήφανος.
1181 4795 1326 4866 Φησὶ
1384 4795 1486 4870 γὰρ
1540 4793 1679 4867 μηδὲ
1734 4817 1787 4850 τι
1851 4797 1945 4851 τὸν

295 4882 584 4958 ἄνθρωπον
645 4884 1114 4959 πραγματεύεσθαι
1172 4883 1295 4958 περί
1352 4886 1451 4953 τήν
1510 4884 1790 4959 ἐξαγωγήν
1843 4893 1943 4955 τῆς

293 4975 506 5046 ψυχῆς,
544 4969 685 5044 μηδὲ
706 4972 1009 5049 φροντίζειν
1037 4977 1151 5035 πῶς
1182 4973 1241 5028 ἄν
1275 4972 1481 5044 ἐξέλθοι
1512 4978 1609 5028 τοῦ
1640 4975 1893 5047 σώματος
1931 4994 1943 5007 ·

293 5057 443 5114 ἀλλά
489 5061 569 5132 τῷ
614 5065 823 5137 φυσικῷ
872 5058 1023 5137 λόγῳ
1077 5069 1177 5131 τῆς
1233 5060 1532 5124 διαλύσεως
1576 5068 1942 5139 πατριχωρεῖν.

290 5147 442 5204 Αὐτὸ
496 5149 600 5223 γὰρ
653 5150 714 5203 τὸ
765 5147 1101 5223 ἐμμὲριμνον
1164 5151 1295 5204 εἶναί
1352 5172 1468 5205 τινα
1529 5152 1651 5223 περὶ
1694 5158 1794 5220 τῆς
1849 5157 1944 5207 τοῦ

292 5236 553 5309 σώματος
607 5235 835 5305 λύσεως,
889 5238 979 5291 καὶ
1054 5245 1154 5307 τῆς
1231 5238 1465 5293 ἐντεῦθεν
1524 5239 1799 5316 ἐξαγωγῆς
1848 5240 1944 5308 τῆς

288 5328 502 5400 ψυχῆς,
558 5328 774 5401 μετάγει
829 5327 918 5381 τὸν
974 5331 1099 5381 νοῦν
1149 5326 1255 5382 ἀπὸ
1303 5332 1410 5382 τῶν
1462 5329 1804 5404 κρειττόνων,
1854 5330 1944 5385 καὶ

293 5413 608 5489 ἀπασχολεῖ
636 5416 757 5489 περὶ
790 5415 887 5483 τήν
931 5416 1185 5486 τοιαύτην
1220 5415 1501 5495 φροντίδα,
1535 5413 1677 5472 ἔνθεν
1708 5439 1792 5472 τοι
1824 5417 1948 5474 οὐδὲ

291 5503 609 5579 καθαίρεται
660 5503 969 5559 τελεώτατα
1008 5507 1042 5573 ἡ
1098 5507 1273 5580 ψυχή.
1319 5506 1792 5582 Ἀσχολουμὲνοις
1853 5506 1946 5562 οῦν

292 5594 431 5665 ἡμῖν
484 5593 610 5667 περὶ
668 5594 765 5661 τήν
824 5591 1105 5660 ἀνάλυσιν,
1161 5593 1247 5649 ἐάν
1304 5601 1600 5665 τηνικαῦτα
1649 5597 1677 5651 ὁ
1725 5596 1948 5662 θάνατος

294 5680 692 5758 παραγένηται,
753 5682 852 5737 οὐκ
939 5680 1196 5757 ἐλευθέρα
1272 5685 1603 5742 παντάπασιν
1665 5685 1854 5758 ἔξεισιν
1910 5689 1945 5757 ἡ

2054 4707 2263 4762 animae
2296 4702 2653 4759 irrationalis
2685 4703 3012 4759 eductione.
3060 4705 3162 4758 Est
3206 4709 3403 4761 autem
3454 4703 3702 4777 insignis

2054 4802 2111 4853 et
2142 4796 2337 4867 magni
2363 4794 2641 4850 momenti
2665 4793 2992 4848 exhortatio
3018 4810 3031 4849 :
3058 4793 3284 4850 homini
3318 4797 3595 4851 nimirum
3616 4796 3704 4851 ni-

2054 4886 2136 4941 hil
2167 4886 2494 4957 quidquam
2514 4882 2875 4937 moliendum
2900 4898 3027 4939 esse
3051 4885 3120 4938 de
3143 4884 3348 4939 animae
3371 4886 3698 4952 eductione,

2056 4991 2244 5045 neque
2265 4972 2632 5043 despisciend
2645 4988 2743 5025 um
2767 4989 2882 5043 quo
2908 4976 3075 5042 pacto
3101 4971 3198 5027 illa
3219 4989 3248 5028 e
3273 4991 3510 5046 corpore
3534 4992 3696 5046 egre-

2054 5064 2281 5130 diatur;
2319 5062 2418 5117 sed
2445 5061 2744 5132 negotium
2774 5060 3025 5115 naturali
3058 5061 3463 5118 dissolutionis
3491 5064 3700 5118 rationi

2056 5151 2535 5226 permittendum.
2586 5150 2862 5205 Anxietas
2919 5150 3076 5205 enim
3134 5155 3192 5205 et
3250 5149 3582 5204 sollicitudo
3628 5151 3697 5205 de

2057 5241 2316 5313 corporis
2373 5238 2683 5305 solutione,
2736 5244 2794 5295 et
2837 5239 3043 5294 animae
3094 5255 3161 5293 ex
3211 5236 3310 5291 illo
3375 5237 3697 5310 eductione,

2058 5333 2316 5385 mentem
2350 5344 2384 5383 a
2416 5326 2760 5382 melioribus
2793 5325 3245 5400 cogitationibus
3278 5330 3503 5395 avocat,
3523 5331 3579 5382 et
3600 5344 3701 5383 cu-

2057 5420 2139 5474 ris
2169 5416 2463 5487 ejusmodi
2494 5420 2763 5488 occupat,
2789 5417 2943 5471 unde
2965 5416 3216 5486 perfecte
3237 5414 3437 5470 anima
3469 5416 3703 5488 purgari

2059 5508 2284 5579 nequit.
2310 5506 2366 5561 Si
2397 5504 2554 5561 enim
2578 5509 2718 5559 tunc
2747 5520 2906 5559 mors
2937 5502 3105 5557 nobis
3138 5503 3430 5575 adveniat,
3467 5507 3700 5577 quando

2057 5598 2215 5653 curis
2238 5596 2308 5651 de
2358 5593 2711 5649 resolutione
2750 5590 3180 5662 distringimur,
3213 5592 3410 5649 anima
3440 5612 3554 5650 non
3585 5595 3703 5651 exit
3756 5654 3769 5667 η

2057 5701 2300 5760 prorsus
2330 5682 2536 5752 libera,
2557 5682 2659 5738 sed
2684 5681 2941 5737 retinens
2980 5678 3202 5753 aliquid
3238 5682 3306 5739 de
3329 5681 3446 5738 vita
3471 5683 3699 5741 affecti-
