3970 6218
230 325 380 385 “29

1080 320 1495 383 EXPOSITIO
1541 319 2086 382 OHACULORUM
2132 320 2779 384 CHALDAICORUM.

3476 324 3637 388 1130

225 448 365 531 ἔργῳ
420 450 676 528 ἀνάγκης.
737 452 1009 521 τουτέστι,
1061 450 1123 505 τὸ
1170 457 1271 521 τῆς
1322 450 1561 521 σελήνης
1610 447 1793 526 εὔτρο)

2066 469 2196 524 nper
2240 455 2585 510 necessitatis
2630 469 2792 524 opere
2837 456 3035 520 currit,
3079 454 3189 511 hoc
3219 459 3327 522 est,
3359 472 3431 513 ne
3464 458 3634 515 anxie

225 543 430 616 κίνημα
480 542 558 615 μὴ
608 538 1081 614 πολυπραγμόνει·
1116 540 1302 617 τρέχει
1349 540 1453 615 γὰρ
1501 538 1634 609 αὕτη
1668 538 1729 593 ού
1786 536 1875 592 δια

226 632 301 701 σὲ,
334 629 461 687 ἀλλ’
494 630 598 686 ὑπὸ
645 630 961 705 κρείττονος
1009 629 1247 704 ἀνάγκης
1306 627 1568 703 ἀγομένη.
1597 626 1874 702 Ἀστέριον

224 721 584 797 προπόρευμα
639 720 785 783 σέθεν
848 718 1010 795 χάριν
1074 717 1173 772 οὐκ
1226 715 1522 792 έλοχεύθη,
1576 717 1875 784 τουτέστιν,

224 811 274 865 οἱ
304 808 722 884 προηγούμενοι
752 812 862 862 τῶν
906 804 1164 862 ἀπλανῶν
1217 806 1477 881 ἀστέρων,
1510 804 1545 874 ἢ
1575 810 1681 860 τῶν
1731 802 1878 859 πλα-

220 899 503 971 νωμένων,
561 896 623 952 οὐ
683 897 849 974 χάριν
925 900 1022 951 σοῦ
1096 898 1196 965 τὴν
1286 895 1575 951 ὑπόστασιν
1656 890 1875 950 ἔλαϐον.

220 985 444 1062 Αἴθριος
506 985 739 1063 ὀρνίθων
798 985 1015 1060 ταρσὸς,
1066 983 1299 1053 πλατὺς,
1345 982 1407 1039 οὔ
1464 985 1587 1038 ποτ’
1643 982 1873 1054 ἀληθής.

218 1075 518 1143 τουτέστιν,
548 1076 584 1144 ἡ
620 1072 709 1129 διὰ
757 1078 867 1129 τῶν
918 1072 1229 1147 πετομένων
1285 1072 1511 1149 ὀρνίθων
1559 1072 1611 1127 έν
1649 1073 1727 1144 τῷ
1759 1072 1874 1149 ἀέρι

220 1164 411 1239 τέχνη,
442 1165 505 1232 ἣν
539 1160 607 1231 δὴ
636 1162 728 1217 καὶ
771 1162 1120 1231 οἰωνιστικήν
1173 1162 1556 1235 ὀνομάζουσιν,
1589 1160 1688 1215 οὐκ
1733 1155 1875 1216 ἔστιν

218 1253 457 1324 ἀληθὴς,
517 1252 984 1328 περιεργαζομένη
1043 1253 1269 1322 πτήσεις
1317 1249 1511 1319 αὐτῶν,
1562 1251 1651 1305 καὶ
1709 1249 1876 1327 κλαγ-

218 1343 338 1417 γᾶς,
373 1343 464 1397 καὶ
516 1338 801 1414 καθέδρκς.
835 1340 1047 1415 Ταρσὸν
1105 1338 1162 1395 δὲ
1216 1337 1448 1407 πλατὺν,
1478 1340 1577 1407 τὴν
1626 1344 1732 1394 τῶν
1773 1361 1873 1394 πο-

222 1428 330 1485 δῶν
363 1432 539 1486 αὐτῶν
573 1428 720 1505 λέγει
757 1429 909 1505 βάσιν
959 1427 1219 1485 πλατεῖαν
1268 1427 1446 1500 οὖσαν,
1479 1426 1568 1483 διὰ
1621 1429 1721 1497 τὴν
1765 1433 1871 1484 τῶν

220 1517 508 1575 δακτύλων
565 1514 775 1574 ἔκτασιν
836 1515 1225 1595 διειργομένων
1283 1522 1361 1589 τῷ
1396 1516 1590 1591 μεταξὺ
1623 1514 1872 1593 δέρματι.

218 1609 316 1665 Καὶ
381 1613 580 1673 θυσιῶν
662 1606 995 1682 σπλάγχνων
1052 1627 1111 1661 τε
1179 1605 1367 1679 τομαὶ,
1423 1602 1537 1660 τάδ’
1591 1605 1874 1681 ἀθύρματα

215 1695 411 1766 πάντα,
470 1695 766 1764 τουτέστιν,
824 1699 859 1765 ἡ
928 1696 1119 1764 θυτική
1178 1693 1493 1767 καλουμένη
1568 1693 1872 1767 ἐπιστήμη,

217 1786 387 1861 ἤγουν
437 1789 473 1856 ἠ
530 1784 619 1840 διὰ
663 1784 771 1841 τῶν
831 1786 1030 1839 θυσιῶν
1084 1788 1194 1839 τῶν
1256 1781 1572 1855 μελλόντων
1639 1788 1872 1853 ζητοῦσα

216 1876 313 1944 τήν
347 1876 673 1950 πρόγνωσιν,
706 1873 796 1929 καὶ
826 1875 862 1943 ἡ
896 1871 987 1929 διὰ
1027 1876 1205 1945 τομῆς
1248 1876 1356 1927 τῶν
1406 1870 1706 1948 σπλάγχων
1766 1876 1875 1926 τῶν

221 1962 575 2042 σφαζομένων
642 1962 873 2038 ἱερείων,
933 1960 1159 2036 παίγνιά
1215 1959 1348 2016 εῗσιν
1409 1961 1677 2034 ἄντικρυς.
1741 1962 1875 2033 Ἐμ-

216 2059 453 2127 πορικῆς
529 2052 743 2121 ἀπάτης
819 2048 1167 2126 στηρίγματα
1199 2068 1213 2082 θ
1279 2048 1554 2104 τουτέστιν
1629 2048 1874 2127 ἀφορμαὶ

215 2140 446 2216 κέρδους
477 2139 790 2199 ἀπατειλαί.
823 2141 917 2209 Μὴ
964 2138 1143 2194 τοίνυν
1193 2138 1372 2216 (φησὶ)
1420 2136 1874 2213 πολυπραγμόνει

215 2229 272 2284 σὺ
312 2230 754 2303 μαθητευόμενος
805 2228 893 2283 ὑπ’
922 2227 1078 2300 ἐμοῦ,
1116 2224 1335 2299 μέλλων
1398 2221 1671 2296 εὐσεϐείης
1728 2226 1871 2299 ἱερὸν

214 2316 543 2394 παράδεισον
603 2316 864 2391 ἀνοίγειν.
896 2316 1063 2391 Ἱερὸς
1120 2312 1178 2369 δὲ
1225 2312 1552 2386 παρᾶδεισοι·
1599 2308 1872 2376 εὐσεϐείας

214 2409 355 2462 κατὰ
413 2403 740 2479 Χαλδαίους,
801 2405 909 2481 οὐχ
946 2406 1007 2460 ’ὁν
1068 2406 1103 2475 ἡ
1162 2408 1257 2459 τοῦ
1333 2405 1605 2466 Μωυσέως
1678 2398 1875 2479 βίϐλος

211 2496 402 2575 φησὶν,
435 2494 561 2552 ἀλλ’
588 2496 617 2551 ὁ
648 2494 855 2569 λειμὼν
886 2498 993 2550 τῶν
1047 2492 1406 2568 ὑψηλοτάτων
1450 2497 1713 2566 θεωριῶν,
1749 2488 1874 2547 ἔνθα

208 2586 274 2641 τὰ
330 2584 564 2641 ποικίλα
616 2588 725 2639 τῶν
786 2585 988 2659 ἀρετῶν
1051 2580 1265 2657 δένδρα,
1323 2580 1411 2637 καὶ
1469 2582 1532 2636 τὸ
1582 2579 1742 2652 ξύλον
1808 2582 1871 2636 τὸ

207 2674 511 2751 γνωστικὸν
565 2672 739 2729 καλοῦ
789 2673 879 2728 καὶ
932 2674 1205 2747 πονηροῦ,
1235 2669 1515 2726 τουτέστιν
1570 2673 1605 2739 ἡ
1667 2667 1875 2744 διακρι-

205 2765 337 2833 τική
393 2762 678 2841 ιρρόνησις,
736 2763 770 2831 ἡ
826 2759 1108 2835 διαιροῦσα
1157 2761 1221 2815 τὸ
1276 2765 1523 2836 κρεῖττον
1599 2760 1706 2814 ἀπὸ
1774 2764 1872 2814 τοῦ

209 2855 497 2928 χείρονος⁹
529 2852 619 2907 καὶ
672 2852 735 2906 τὸ
792 2848 952 2922 ξύλον
1010 2858 1111 2920 τῆς
1171 2848 1610 2919 ζωῆς,τουτέστι
1656 2850 1719 2903 τὸ
1770 2870 1871 2926 φυ-

209 2942 303 2995 τὸν
366 2947 469 3009 τῆς
526 2940 668 3005 θείας
726 2937 1057 3013 έλλαμψεως
1113 2945 1215 3008 τῆς
1286 2938 1744 3015 καρποφορούσης
1800 2941 1871 3012 τῇ

211 3033 376 3103 ψυχῇ
456 3030 600 3098 ζωὴν
666 3028 957 3103 ἱερωτέραν
1033 3026 1122 3082 καὶ
1184 3026 1486 3103 κρείττονα.
1547 3028 1634 3081 Ἐν
1692 3024 1871 3098 τούτῳ

210 3122 345 3192 γοῦν
374 3122 455 3189 τῷ
485 3114 796 3193 παραδείσῳ
825 3116 914 3171 καὶ
944 3116 1107 3191 ἀρετὴ
1157 3114 1247 3170 xuii.
1297 3117 1461 3193 σοφία
1497 3116 1586 3169 καὶ
1645 3113 1872 3187 εὐνομία

1986 558 2116 597 scru
2129 542 2266 597 teris
2299 544 2449 597 lunai
2470 542 2780 598 volubilem
2808 547 3055 611 motum,
3080 560 3193 599 non
3218 544 3373 599 enim
3398 550 3635 618 propter

1986 635 2043 685 te
2090 631 2274 687 currit
2322 631 2443 702 illa,
2494 632 2595 686 sed
2645 630 2906 703 agitatur
2943 649 2976 686 a
3006 633 3356 688 necessitate
3388 635 3630 704 potiore.

1986 719 2285 775 Stellarum
2327 736 2648 791 progressus
2699 725 2796 775 tua
2842 737 3011 776 causa
3059 723 3239 792 factus
3278 737 3396 792 non
3426 731 3544 789 est;
3573 723 3633 779 id

1986 812 2097 875 est,
2123 808 2426 865 stellarum
2450 810 2629 865 duces
2654 826 2717 864 ac
2741 810 3014 882 praefecti,
3039 813 3158 864 tam
3185 811 3430 867 ﬁxarum
3452 827 3631 883 quam

1986 898 2393 965 erraticarum,
2420 898 2737 954 essentiam
2761 898 2881 954 sive
2902 898 3298 955 substantiam
3321 916 3490 955 suam
3514 916 3631 956 non

1985 986 2044 1041 in
2093 988 2177 1043 tui
2211 987 2459 1060 gratiam
2492 987 2648 1043 nacti
2692 991 2847 1042 sunt.
2886 988 3167 1044 zEtheriae
3203 989 3390 1044 avium
3425 989 3633 1061 planta

1986 1074 2111 1130 lata?
2140 1092 2253 1131 non
2281 1083 2410 1130 sunt
2440 1092 2679 1144 veraces,
2712 1076 2768 1130 id
2802 1080 3038 1144 est,ars,
3072 1092 3140 1130 ex
3172 1076 3368 1132 avium
3408 1077 3467 1132 in
3501 1094 3631 1135 aere

1984 1164 2303 1220 volantium
2362 1166 2748 1238 inspectione,
2807 1183 2982 1238 quam
3042 1166 3217 1222 etiam
3290 1168 3631 1240 auguralem

1986 1253 2293 1310 scientiam
2326 1255 2660 1323 nominant,
2691 1256 2922 1311 curiose
2943 1255 3177 1311 illarum
3202 1255 3479 1325 volatum,
3503 1274 3636 1330 gar-

1984 1342 2191 1411 ritum,
2240 1347 2296 1397 et
2344 1344 2514 1399 sedes
2556 1345 2899 1411 observans,
2946 1360 3081 1399 vera
3128 1360 3237 1399 non
3286 1348 3395 1400 est.
3430 1345 3632 1400 Latam

1985 1435 2178 1486 autem
2231 1430 2493 1504 plantam
2528 1436 2712 1501 vocat,
2748 1431 3058 1488 dilatatum
3093 1433 3306 1504 pedum
3338 1448 3634 1505 gressum,

1984 1520 2056 1575 ob
2104 1520 2424 1593 digitorum
2475 1522 2877 1577 extensionem
2925 1526 3054 1576 cute
3086 1522 3237 1576 inter
3275 1521 3407 1578 illos
3438 1523 3636 1578 media

1984 1625 2160 1681 quam
2194 1610 2537 1683 longissime
2568 1611 2829 1666 diducta.
2864 1613 2930 1667 Et
2958 1612 3311 1666 victimarum
3340 1614 3637 1668 viscerum-

1983 1715 2087 1771 que
2131 1702 2415 1770 sectiones,
2454 1700 2568 1755 haec
2614 1702 2803 1757 omnia
2836 1700 3083 1756 ludibria
3112 1709 3272 1762 euut;
3304 1701 3362 1755 id
3394 1706 3501 1769 est,
3537 1719 3632 1758 ars

1985 1788 2377 1855 sacriﬁcandi,
2410 1793 2530 1843 tam
2556 1806 2623 1844 ea
2646 1806 2776 1861 quae
2797 1790 2995 1845 futura
3020 1806 3123 1861 per
3142 1789 3432 1856 victimas,
3456 1807 3633 1862 quam

1984 1892 2111 1947 quas
2134 1893 2236 1948 per
2256 1877 2544 1933 viscerum
2569 1882 2957 1933 mactatarum
2982 1877 3308 1933 hostiarum
3334 1879 3632 1935 dissectio-

1985 1981 2116 2019 nem
2150 1965 2415 2037 inquirit,
2450 1966 2763 2021 manifesta
2783 1966 3011 2023 ludicra
3033 1972 3190 2022 sunt.
3214 1968 3631 2037 Negotiatorum

1980 2056 2186 2109 erroris
2205 2055 2413 2125 fulcra,
2442 2055 2496 2109 id
2524 2061 2631 2123 est,
2657 2054 2801 2110 lucri
2828 2050 3211 2111 fraudulentae
3236 2058 3623 2127 captationes.

1982 2144 2063 2198 Ne
2095 2143 2274 2215 igitur
2296 2144 2420 2216 (ait)
2444 2149 2508 2199 tu
2533 2162 2671 2200 mem
2696 2145 3022 2217 disciplinze
3044 2146 3272 2200 traditae
3292 2145 3633 2201 istiusmodi

1984 2233 2210 2290 curiose
2243 2234 2562 2306 indagaris,
2596 2234 2646 2290 si
2680 2233 2920 2305 quidem
2953 2250 3184 2290 sacrum
3228 2234 3463 2306 pietatis
3493 2236 3633 2291 hor-

1982 2326 2110 2376 tum
2144 2321 2249 2376 tibi
2280 2326 2477 2392 patcre
2505 2320 2669 2377 velis.
2705 2322 2803 2375 Est
2834 2326 3023 2376 autem
3059 2338 3223 2376 sacer
3245 2321 3477 2393 pietatis
3500 2322 3633 2377 hor-

1982 2414 2078 2466 tus
2110 2411 2229 2466 sive
2261 2411 2573 2482 paradisus
2604 2412 2930 2466 secundum
2963 2409 3287 2480 Chaldaeos,
3315 2427 3430 2466 non
3455 2426 3632 2481 quem

1985 2500 2196 2572 Moysis
2229 2499 2380 2554 liber
2410 2500 2710 2570 praedicat,
2743 2499 2845 2554 sed
2894 2498 3328 2555 altissimarum
3371 2505 3634 2555 contem-

1982 2587 2313 2659 plationum
2345 2592 2602 2659 pratum,
2636 2588 2693 2641 in
2725 2603 2841 2657 quo
2874 2591 3015 2642 sunt
3042 2587 3211 2641 variae
3232 2587 3515 2642 virtutum
3538 2604 3631 2642 ar-

1981 2678 2152 2732 bores
2200 2681 2257 2731 et
2302 2675 2531 2747 lignum
2582 2675 2935 2747 cognitionis
2985 2675 3123 2730 boni
3171 2681 3229 2730 et
3260 2675 3421 2738 mali,
3455 2676 3513 2731 id
3543 2680 3633 2731 est

1981 2764 2297 2837 prudentia
2343 2764 2740 2835 dijudicatrix,
2795 2765 2948 2820 bona
2978 2782 3011 2819 a
3054 2766 3244 2836 pravis
3272 2780 3628 2836 segregans;

1981 2854 2206 2927 lignum
2239 2854 2490 2924 denique
2522 2854 2673 2923 vitia,
2698 2855 2754 2908 id
2778 2860 2867 2909 est
2889 2854 3089 2925 planta
3112 2852 3521 2909 illustrationis
3542 2853 3633 2909 di-

1981 2944 2146 3013 vinae,
2197 2961 2323 3015 quas
2373 2944 2581 2999 animae
2633 2944 2888 2999 fructum
2940 2944 3251 2999 sanctioris
3282 2948 3340 2999 et
3373 2944 3633 3001 melioris

1984 3032 2114 3087 vitm
2163 3032 2452 3103 producit.
2506 3032 2566 3087 In
2600 3033 2708 3087 hoc
2739 3032 2920 3103 igitur
2950 3032 3222 3103 paradiso
3254 3037 3394 3087 sunt
3423 3032 3630 3099 virtus,

1982 3122 2271 3192 sapientia
2300 3126 2356 3175 et
2385 3120 2653 3191 aequitas.
2686 3124 2787 3175 Est
2818 3126 3013 3175 autem
3043 3121 3229 3175 virtus
3255 3137 3370 3174 una
3392 3121 3632 3191 quidem

211 3206 497 3285 φέρονται.
531 3207 682 3261 Ἐστι
737 3203 795 3260 δὲ
844 3206 1031 3276 ἀρετὴ,
1058 3204 1153 3277 μία
1212 3204 1307 3276 μὶν
1353 3207 1387 3273 ἡ
1422 3204 1635 3278 γενικὴ,
1662 3202 1771 3258 πολ

2062 3225 2213 3275 nere,
2254 3210 2353 3264 sed
2407 3209 2605 3281 plures
2655 3210 2845 3281 specie
2877 3209 3139 3264 diversas.
3173 3208 3473 3279 Sapientia
3499 3224 3630 3264 vero

213 3292 271 3349 δὲ
316 3296 375 3349 αἱ
434 3295 551 3349 κατ’
582 3291 697 3365 εἴδη
736 3290 1131 3369 διαιρούμεναι.
1166 3292 1343 3367 Σοφία
1396 3288 1453 3346 δέ
1500 3291 1639 3347 ἐστιν
1672 3295 1706 3361 ἡ
1736 3291 1867 3346 τού-

208 3406 319 3439 των
387 3384 634 3438 ἁπάντων
685 3384 1027 3457 περιεκτική,
1086 3384 1152 3452 ἣν
1211 3383 1287 3443 ὡς
1342 3382 1482 3454 μόνα
1553 3378 1787 3456 ἅρῥητον
1841 3382 1870 3436 ὁ

213 3474 363 3537 Θεῖος
394 3468 767 3547 προϐάλλεται
797 3476 945 3534 νοῦς.
976 3474 1092 3525 Τῶν
1123 3467 1189 3542 δὴ
1228 3469 1493 3526 τοιούτων
1542 3467 1869 3527 Χαλδαϊκῶν

211 3563 609 3637 παραινέσεων,
656 3563 724 3617 τὰ
784 3560 878 3634 μὶν
936 3558 1115 3616 πλείω
1189 3559 1279 3614 καὶ
1352 3564 1469 3620 ταῖς
1545 3560 1664 3614 καθ’
1723 3561 1872 3632 ἡμᾶς

214 3650 535 3727 εἶσηγήσεσι
560 3648 844 3720 κατάδηλά
875 3649 991 3711 πώς
1022 3649 1144 3703 εἱσι·
1175 3648 1298 3703 τινὰ
1353 3646 1410 3702 δὲ
1454 3648 1543 3703 καὶ
1586 3647 1870 3718 ἠθέτηται.

211 3738 318 3794 Τοὸ
379 3740 480 3815 γὰρ
535 3740 654 3804 καθ’
682 3741 832 3811 ἡμᾶς
891 3736 1160 3813 δόγματος
1222 3734 1522 3813 διαρρήδην
1572 3738 1874 3815 φάσκοντος

216 3823 310 3881 διὰ
337 3826 435 3881 τὸν
495 3824 777 3901 ἄνθρωπον
831 3826 930 3895 τήν
991 3825 1190 3898 ὁρατήν
1249 3831 1569 3899 γεγενῆσθαι
1617 3823 1811 3893 κτίσιν,
1844 3824 1873 3880 ὃ

212 3912 499 3975 Χαλδαῖος
527 3914 620 3969 τὸν
653 3911 816 3990 λόγον
868 3913 929 3969 ού
978 3910 1370 3988 παραδέχεται,
1404 3910 1531 3968 ἀλλ’
1561 3910 1751 3976 ἀϊδίως
1792 3911 1872 3967 τί-

215 4006 366 4059 θεται
426 4003 689 4067 κινεῖσθαί
741 4023 794 4057 τι
851 4003 968 4058 κατ’
997 4002 1250 4077 οὐρανὸν,
1283 3997 1425 4078 ἔργῳ
1477 4000 1733 4079 ἀνάγκης,
1766 4001 1874 4078 οὐχ

212 4089 391 4148 ἕνεκεν
423 4096 584 4167 ἡμῶν
598 4136 611 4149 .

213 4227 376 4318 algeo
408 4225 543 4318 [xiii]
575 4223 1008 4318 ψυχῆςῖὀχετρχ,
1041 4221 1160 4318 ἕθεν
1194 4222 1233 4315 ἢ
1259 4223 1363 4279 τίνι
1392 4222 1536 4318 τάξει

210 4295 447 4372 Σώματι
479 4295 738 4368 θητεύσας
761 4295 1024 4367 έπῖτάξιν
1056 4295 1175 4360 ἰθὺς
1209 4297 1553 4367 ἀναστήσεις,

326 4443 602 4517 .....⁹Ιερῷ
632 4436 787 4517 λόγῳ
817 4436 976 4518 ἔργον
1008 4441 1231 4502 ἒνώσας.

1981 3316 2191 3354 omnes
2212 3299 2457 3353 virtutes
2490 3298 2547 3353 in
2579 3315 2641 3353 se
2672 3298 3101 3368 complectitur,
3136 3313 3312 3368 quam
3348 3302 3411 3351 ut
3440 3296 3629 3352 solam

1981 3387 2336 3444 ineffabilem
2373 3405 2539 3442 mens
2570 3386 2765 3441 divina
2798 3386 3035 3457 profert.
3069 3390 3257 3456 Atque
3278 3385 3631 3440 exhortatio-

1984 3495 2124 3532 num
2158 3478 2406 3532 istarum
2439 3477 2887 3531 Cbaldaicarum
2921 3492 3056 3546 pars
3097 3491 3311 3547 magna
3343 3476 3630 3544 quodam-

1984 3567 2155 3622 modo
2186 3583 2216 3621 e
2266 3572 2600 3621 nostrorum
2634 3563 2924 3619 institutis
2954 3568 3156 3635 aperta
3184 3568 3294 3633 est,
3328 3580 3465 3635 pars
3497 3580 3629 3619 vero

1984 3655 2131 3710 falsa
2152 3659 2209 3710 et
2228 3672 2297 3709 ex
2316 3654 2683 3709 ethnicorum
2707 3652 2972 3707 doctrina
2984 3653 3125 3707 desu
3137 3658 3315 3724 mpta.
3330 3652 3477 3708 Nam
3492 3668 3628 3708 cum

1984 3750 2186 3799 nostra
2207 3743 2468 3799 doctrina
2491 3741 2798 3797 manifeste
2810 3746 3239 3797 asseratcreatu
3250 3757 3370 3795 ram
3391 3757 3627 3797 omnem

1982 3832 2135 3888 visui
2178 3833 2504 3903 subjectam
2546 3831 2853 3886 hominum
2886 3847 3063 3886 causa
3093 3829 3390 3885 conditam
3423 3829 3627 3901 fuisse,
3663 3896 3666 3899 ,

1982 3922 2287 3978 Chaldaeus
2321 3922 2475 3977 istud
2510 3922 2750 3975 verbum
2783 3920 3023 3975 omnino
3056 3936 3172 3975 non
3215 3919 3497 3988 admittit,
3529 3920 3632 3976 sed

1984 4015 2265 4083 perpetuo
2294 4027 2470 4065 cursu
2501 4008 2759 4067 scelestis
2786 4009 2924 4065 ferri
2954 4008 3135 4065 tradit
3153 4007 3207 4062 vi
3235 4007 3629 4080 necessitatis,

1983 4116 2100 4156 non
2132 4104 2369 4171 propter
2399 4116 2527 4154 nos.

1982 4232 2248 4288 Scrutare
2267 4232 2471 4287 anima:
2500 4232 2709 4299 rivum,
2744 4229 2889 4284 unde
2912 4233 3006 4283 aut
3032 4244 3136 4299 quo
3167 4228 3379 4284 ordine.

1984 4304 2215 4374 Corpori
2268 4304 2616 4357 mercenaria
2664 4317 2838 4373 opera
2886 4302 3134 4371 praestita
3188 4301 3263 4354 ad
3303 4300 3631 4374 dignitatem

3042 4374 3267 4438 [iterum
3299 4372 3557 4439 extollas,

1984 4446 2165 4501 Sacrae
2194 4446 2403 4500 rationi
2430 4460 2590 4515 opere
2617 4443 2895 4516 adjuncto.

286 4574 577 4642 Τουτέστι,
608 4576 756 4645 ζήτει
786 4576 885 4644 τὴν
918 4574 1096 4651 ἀρχὴν
1148 4580 1246 4643 τῆς
1289 4576 1497 4648 ψυχῆς,
1529 4572 1689 4628 πόθεν
1746 4593 1854 4648 παρ

2068 4579 2176 4634 lloc
2207 4582 2319 4648 est,
2351 4593 2544 4649 quaere
2576 4576 2784 4631 animae
2817 4575 3125 4647 originem,
3160 4576 3316 4630 unde
3351 4577 3636 4647 producta

210 4665 375 4740 ἤχθη
430 4663 520 4718 καὶ
575 4660 863 4718 ἐδούλευσε
923 4664 1157 4736 σώματι,
1189 4661 1279 4717 καὶ
1330 4666 1451 4724 πῶς
1500 4661 1560 4716 ἃν
1614 4682 1700 4719 τις
1746 4661 1873 4716 ταύ-

210 4775 317 4824 την
351 4752 795 4825 ἀνακτησάμενος
840 4751 928 4806 καὶ
989 4750 1195 4828 έγείρας
1251 4748 1341 4805 διὰ
1395 4754 1503 4805 τῶν
1548 4748 1874 4805 τελεστικῶν

212 4840 740 4918 ἶργων,παναγάγῃ
799 4840 918 4905 ὅθεν
977 4838 1230 4919 ἆφίκετο’
1265 4840 1399 4914 ἱερῷ
1456 4837 1606 4917 λόγῳ
1651 4837 1874 4903 ένώσαςο

210 4935 382 4986 τοῦτο
411 4927 470 4985 δὶ
516 4929 763 4985 τοιοῦτόν
821 4928 983 4987 ἐστιν.
1013 4927 1179 5003 Ἱερός
1230 4927 1372 4983 ἔστιν
1420 4930 1558 5001 ἡμῖν
1611 4928 1639 4983 ὁ
1687 4926 1875 5003 λόγος,

212 5022 251 5089 ἡ
285 5018 449 5094 νοερά
498 5018 636 5088 ζωὴ,
672 5014 979 5091 μᾶλλονδὲ
1025 5019 1061 5086 ἡ
1128 5015 1444 5091 ὑψηλοτέρα
1500 5013 1728 5089 δύναμις
1776 5023 1876 5086 τῆς

209 5111 432 5184 ψυχῆς,
461 5108 523 5176 ἣν
576 5104 732 5169 ἄνθος
763 5111 860 5162 νοῦ
917 5105 970 5162 έν
1026 5102 1232 5181 ἑτέροις
1283 5103 1540 5179 ὀνομάζει
1571 5105 1633 5159 τὸ
1665 5102 1874 5179 λόγιον.

207 5194 384 5252 Ἀλλ’
417 5196 574 5258 οὗτος
608 5196 637 5251 ὁ
680 5195 824 5271 ἱερὸς
868 5194 1031 5271 λόγος
1080 5192 1329 5250 ἀδονατεῖ
1374 5194 1465 5271 ἀφ’
1493 5193 1685 5249 ἑαυτοῦ
1742 5194 1878 5270 πρὸς

207 5286 320 5355 τὴν
350 5284 700 5360 ὑψηλοτέραν
750 5285 1065 5359 ἀναγωγήν,
1096 5284 1188 5340 καὶ
1237 5283 1374 5359 πρὸς
1427 5284 1527 5352 τήν
1584 5286 1682 5338 τοῦ
1735 5282 1879 5346 θείου

208 5372 545 5450 περίληψιν.
580 5373 743 5432 Καὶὸ
777 5372 873 5447 μὶν
918 5380 1017 5444 τῆς
1070 5368 1343 5436 εὐσεϐείας
1390 5370 1554 5448 λόγος
1603 5392 1879 5447 ’χειραγω-

209 5469 312 5541 γεῖ
360 5466 559 5518 τοῦτον
609 5462 749 5539 πρὸς
805 5462 958 5531 θεὸν,
991 5459 1082 5517 διὰ
1126 5465 1235 5517 τῶν
1287 5460 1489 5524 ἐκεῖθεν
1524 5458 1879 5535 ἐλλάμψεωνο

202 5555 245 5609 ὁ
302 5548 361 5607 δὶ
404 5550 681 5613 Χαλδαῖος
734 5548 822 5606 διὰ
876 5553 976 5621 τῆς
1031 5548 1349 5615 τελεπικῆε
1405 5547 1734 5622 ἐπιστήμης.
1786 5556 1879 5606 Τε-

209 5640 450 5714 λεστικῆ
506 5637 565 5698 δέ
621 5638 897 5716 έπιστήμη
951 5637 1116 5715 ἐστὶν,
1177 5641 1213 5711 ἡ
1267 5640 1382 5695 οἷον
1439 5634 1728 5697 τελειοῦσα
1785 5643 1884 5715 τήν

554 5772 814 5833 Ρετιιοε.
869 5771 977 5831 Gn.
1026 5769 1264 5830 CXXII.

1987 4668 2210 4740 corpori
2236 4665 2585 4733 inservierit,
2609 4670 2666 4719 et
2686 4681 2801 4736 quo
2825 4669 2992 4735 pacto
3016 4663 3117 4719 illa
3137 4681 3437 4720 sacrarum
3463 4681 3638 4722 CIBI‘B-

1987 4757 2320 4812 moniarum
2353 4772 2523 4827 opere
2551 4754 2900 4821 refocillata,
2932 4753 3183 4809 lustrata
3214 4758 3389 4826 atque
3420 4760 3635 4826 erecta,

1986 4863 2052 4903 eo
2084 4847 2240 4903 unde
2277 4848 2513 4900 venerat
2535 4843 2731 4899 reduci
2757 4846 2956 4915 queat,
2979 4859 3133 4899 sacra
3156 4846 3372 4899 ratione
3393 4847 3637 4916 conjun-

1985 4940 2092 4991 cta.
2143 4935 2207 4989 Id
2253 4934 2410 5005 quod
2458 4932 2542 4988 ita
2588 4930 3035 5003 intelligendum
3066 4932 3248 4987 venit.
3282 4932 3458 4988 Sacra
3489 4932 3637 4989 ratio

1986 5023 2046 5078 in
2095 5022 2266 5078 nobis
2308 5025 2396 5076 est
2424 5021 2542 5075 vita
2570 5018 2867 5075 intellectu
2906 5020 3150 5092 praedita
3182 5024 3282 5075 aut
3313 5020 3512 5092 potius
3543 5035 3641 5074 su-

1988 5126 2191 5184 prema
2216 5110 2425 5164 animae
2448 5108 2718 5173 facultas,
2742 5124 2922 5179 quam
2946 5108 3164 5164 mentis
3186 5109 3390 5164 ﬂorem
3415 5105 3636 5162 alicubi

1988 5199 2289 5257 oraculum
2322 5197 2600 5270 appellat.
2632 5196 2850 5252 Verum
2900 5213 3067 5253 sacra
3114 5196 3224 5252 ista
3256 5196 3402 5250 ratio
3432 5193 3639 5264 nequit

1988 5306 2093 5345 suo
2125 5288 2322 5359 opsius
2353 5288 2531 5343 ductu
2564 5291 2622 5343 et
2653 5286 2919 5359 auspicio
2947 5286 3020 5341 ad
3052 5284 3354 5355 superiora
3375 5283 3639 5355 aspirare

1990 5384 2048 5435 et
2074 5394 2167 5434 res
2198 5377 2430 5433 divinas
2462 5376 2975 5448 comprehendere.
3020 5375 3207 5441 Atque
3238 5372 3470 5445 pietatis
3502 5372 3639 5445 qui-

1992 5468 2122 5523 dem
2153 5466 2493 5521 institutum
2526 5466 2596 5520 ad
2622 5470 2801 5521 Deum
2825 5462 2987 5517 illam
3013 5478 3186 5517 manu
3212 5462 3355 5517 dicit
3374 5477 3483 5533 ope
3503 5460 3641 5516 illu-

1992 5554 2387 5611 minationum
2441 5553 2561 5609 sive
2608 5550 3045 5607 institutionum
3077 5549 3305 5606 caelitus
3336 5550 3640 5606 immissa-

1992 5661 2171 5717 rum;
2247 5642 2555 5700 Cbaldaaus
2606 5658 2737 5698 vero
2792 5639 2973 5695 ritum
3031 5656 3096 5696 ac
3154 5638 3639 5697 caeremoniarum

3241 5767 3318 5829 36
