3970 6218
404 305 553 364 1131

1742 302 2158 363 MICHAELIS
2202 302 2468 365 PSELLI

3644 310 3765 369 H32

404 438 672 497 scientia.
725 440 861 503 Quae
908 438 1157 495 scientia
1207 438 1431 494 rituum
1462 436 1755 493 initiatrix
1790 436 2044 493 animam

2178 436 2351 510 ψυχὴν
2404 432 2493 490 διά
2531 441 2631 505 τῆς
2674 438 2782 491 τῶν
2829 433 3039 501 ἐνταῦθ’
3073 435 3275 493 ὑλικῶν
3309 434 3605 511 δυνάμεως.
3628 439 3771 512 Τούτῳ

400 530 716 600 perfectam
768 529 960 584 reddit
1003 546 1111 597 ope
1143 534 1200 586 et
1231 527 1491 601 potentia
1518 526 1912 583 materialium
1948 532 2060 582 ter-

401 619 704 675 restrium.
736 619 883 675 Huic
910 620 1089 691 igitur
1120 618 1244 690 (ait)
1277 633 1456 674 sacra:
1486 616 1698 672 rationi
1740 633 1871 673 cum
1905 633 2054 688 opus

403 707 683 778 universi,
731 708 789 763 id
843 713 932 764 est
980 724 1114 764 cum
1166 724 1344 763 sacrae
1396 707 1607 762 rationi
1656 706 1886 777 animae,
1932 706 2053 762 sive

401 797 793 868 praestantiori
846 796 1006 851 illius
1049 795 1313 851 facultati
1367 794 1851 851 caeremoniarum
1904 811 2053 867 opus

405 888 533 957 conj
546 887 799 943 unxeris.
835 887 902 940 Et
930 885 1242 957 Gregorius
1275 884 1513 956 quidem
1542 884 1873 956 Theologus
1902 900 1932 939 e
1956 900 2054 939 no-

402 976 562 1044 stris,
598 977 821 1032 ratione
853 979 909 1030 et
939 974 1432 1046 contemplatione
1460 974 1717 1029 animam
1753 974 1825 1029 ad
1857 973 2055 1028 divina

402 1066 611 1135 evehit,
661 1066 884 1120 ratione
934 1082 1063 1137 quaa
1094 1065 1153 1118 in
1185 1064 1354 1120 nobis
1386 1063 1782 1135 principatum
1828 1063 2055 1118 obtinet

400 1156 818 1226 intellectuque
851 1156 1094 1226 prmdita
1125 1163 1234 1225 est,
1268 1154 1785 1225 contemplatione,
1810 1170 1938 1223 quae
1962 1168 2057 1207 su-

399 1262 575 1317 perne
604 1245 845 1300 veniens
879 1244 1242 1299 illuminatio
1273 1249 1384 1299 est.
1418 1242 1578 1298 Plato
1599 1259 1729 1298 vero
1753 1242 1977 1297 ratione
1998 1244 2056 1297 et

396 1334 695 1390 intellectu
726 1334 1048 1390 essentiam
1082 1332 1478 1405 generationis
1510 1337 1807 1403 expertem
1840 1332 2053 1403 princi-

400 1425 610 1495 pioque
634 1430 927 1478 carentem
953 1441 985 1478 a
1009 1424 1177 1478 nobis
1202 1421 1618 1494 comprehendi
1636 1437 1806 1493 posse
1820 1422 2052 1478 statuit.

400 1517 471 1569 At
518 1513 823 1569 Chaldaeus
874 1511 956 1567 ait
1005 1530 1119 1568 non
1170 1511 1339 1567 aliter
1387 1529 1493 1567 nos
1525 1512 1596 1566 ad
1630 1511 1813 1567 Deum
1846 1510 2054 1566 deduci

403 1620 593 1673 posse,
626 1602 740 1657 nisi
763 1601 968 1656 animae
992 1601 1328 1657 vehiculum
1354 1599 1759 1656 materialibus
1782 1615 2055 1656 caeremo-

2167 529 2321 599 γοῦν,
2356 526 2511 599 φησὶ,
2543 530 2621 597 τῷ
2679 526 2811 603 ἱερῷ
2868 524 3019 601 λόγῳ
3078 525 3237 603 ἔργον
3292 527 3515 599 ἒνώσας,
3575 530 3771 584 τουτέστι

2164 612 2403 688 συνάψας
2452 621 2533 687 τῷ
2583 616 2717 693 ἰερῷ
2759 616 2914 691 λόγῳ
2951 620 3052 681 τῆς
3093 620 3305 693 ψυχῆς,
3353 616 3477 687 ἤτοι
3523 622 3593 692 τῇ
3636 619 3771 690 κρείτ-

2161 724 2275 758 τονι
2338 701 2562 778 δυνάμει
2611 705 2671 760 τὸ
2723 713 2824 775 τῆς
2870 705 3096 777 τελετῆς
3147 705 3320 784 ἔργον.
3349 708 3514 763 Καὶὸ
3550 708 3638 779 μὲν
3685 711 3775 772 καθ’

2163 798 2311 868 ἡμᾶς
2364 792 2633 871 Θεολόγος
2683 795 2986 873 Γρηγόριος
3041 794 3191 871 λόγῳ
3231 796 3323 851 καὶ
3365 801 3433 870 τῇ
3474 798 3666 873 Θεωρία
3699 799 3773 866 τήν

2164 885 2350 960 ψυχὴν
2386 883 2569 959 ἀνάγει
2619 885 2754 960 πρὸς
2806 884 2875 940 τὰ
2932 885 3201 961 θειότερον
3245 885 3396 961 λόγῳ
3422 890 3500 958 τῷ
3529 893 3639 949 καθ’
3665 889 3779 959 ἡμᾶς

2162 978 2241 1046 τῷ
2287 975 2605 1048 νοερωτὲρῳ
2651 975 2741 1029 καὶ
2802 973 3093 1050 κρείττονι,
3126 974 3327 1051 Θεωρία
3382 979 3451 1049 τῇ
3501 976 3629 1052 ὑπὲρ
3666 978 3778 1049 ἡμᾶς

2167 1061 2466 1137 ἐλλάμψει.
2499 1064 2560 1120 Ὀ
2594 1061 2650 1117 δὲ
2679 1062 2906 1119 Πλάτων
2943 1062 3095 1140 λόγῳ
3122 1063 3211 1119 καὶ
3240 1066 3425 1135 νοήσει
3475 1064 3779 1141 περιληπτήν

2165 1155 2302 1225 ἡμῖν
2350 1154 2449 1220 τήν
2504 1153 2795 1227 ἀγέννητον
2846 1152 3030 1208 οὐσίαν
3084 1154 3321 1217 τίθεται·
3357 1155 3384 1208 6
3432 1150 3490 1209 δὲ
3547 1152 3782 1216 Χαλδαῖος

2168 1241 2267 1298 οὐκ
2310 1239 2496 1304 ἄλλως
2547 1241 2710 1319 φησὶν
2762 1243 2911 1314 ἡμᾶς
2959 1243 3248 1317 ἀνάγεσθαι
3293 1243 3431 1318 πρὸς
3462 1243 3614 1315 Θεὸν,
3642 1242 3685 1298 εἴ
3725 1245 3783 1315 μὴ

2166 1328 2556 1404 δυναμώσομεν
2603 1330 2665 1385 τὸ
2712 1338 2813 1400 τῆς
2869 1334 3052 1407 ψυχῆς
3111 1328 3304 1407 ὄχημα
3347 1329 3435 1387 διὰ
3476 1337 3587 1387 τῶν
3616 1332 3782 1387 ὑλικῶν

2163 1419 2417 1475 τελετῶν·
2458 1418 2628 1475 οἷέται
2686 1421 2789 1496 γάρ
2846 1420 3192 1496 καθαίρεσθαι
3249 1423 3348 1489 τὴν
3405 1423 3591 1496 ψυχήν
3642 1420 3787 1485 λίθοις

2165 1510 2255 1564 καὶ
2304 1509 2461 1571 πόαις
2511 1510 2601 1565 καὶ
2650 1508 2912 1583 ἐπῳδαῖς,
2942 1510 3033 1565 καὶ
3075 1508 3336 1587 εὔτροχον
3387 1512 3517 1565 εἶναι
3561 1513 3685 1586 πρὸς
3708 1512 3787 1579 τήν

2168 1593 2441 1658 ἀνάϐασιν.

407 1692 521 1747 niis
572 1695 774 1762 aptum
827 1692 1143 1747 reddamus
1190 1695 1365 1763 atque
1396 1692 1702 1746 ﬁrmemus
1731 1709 1743 1758 ;
1782 1689 2102 1746 arbitratur
2132 1690 2286 1745 enim
2323 1690 2578 1745 animam
2612 1689 2814 1763 lignis,
2845 1690 3045 1747 herbis
3076 1695 3133 1747 et
3161 1691 3529 1748 carminibus
3561 1691 3792 1760 lustrari,

407 1780 831 1853 agilioremque
864 1780 934 1835 ad
968 1797 1279 1837 ascensum
1312 1780 1499 1835 reddi.

405 1908 481 1963 Ne
502 1908 761 1962 deorsum
788 1924 1002 1976 vergas,
1036 1908 1179 1962 locus
1199 1908 1515 1977 praeruptus
1542 1907 1601 1961 in
1622 1908 1775 1961 terra
1794 1904 2042 1975 subjacet

406 1981 481 2030 De
535 1980 794 2030 gradibus
856 1979 1076 2030 trahens
1124 1982 1329 2030 sentem
1384 1979 1502 2030 vias
1551 1978 1897 2030 habentibus.
1963 1976 2044 2030 sul

2178 1903 2266 1969 Μὴ
2316 1899 2419 2030 [δὲέ
2463 1901 2824 1977 κάτωνεύσῃς,
2864 1901 3111 1979 κρημνός
3168 1902 3304 1958 κατά
3358 1910 3463 1979 γῆς
3524 1905 3797 1975 ὑπόκειται,

2178 1975 2383 2030 Ἑπταπ
2421 1994 2517 2030 οου
2586 1974 2762 2030 σύρων
2838 1976 2973 2030 κατὰ
3032 1974 3318 2030 ϐαθμίδος.
3382 1976 3469 2030 ὑφ’
3525 1977 3587 2030 ’ἓν
3638 1978 3664 2030 6
3711 1983 3797 2030 τίς

404 1981 481 2035 De
535 1980 794 2051 gradibus
856 1979 1076 2034 trahens
1124 1976 1329 2050 septem
1384 1976 1502 2033 vias
1551 1978 1921 2103 habentz'rbus,b
1963 1976 2063 2032 sub

1793 2066 1883 2103 am
1928 2063 1993 2103 us

542 2050 545 2051 ⁷
1768 2050 1993 2121 [quibus

408 2124 753 2179 Necessitatis
782 2123 984 2177 solium
1011 2130 1109 2178 est.

380 2282 385 2291 -
479 2246 795 2302 Oraculum
827 2246 1103 2301 admonet
1133 2244 1394 2301 animam
1430 2261 1559 2317 quae
1589 2262 1622 2300 a
1654 2245 1765 2300 Deo
1799 2242 2064 2316 proxima

411 2339 520 2406 est,
571 2340 636 2389 ut
684 2336 824 2390 huic
877 2334 985 2390 soli
1033 2338 1157 2390 tota
1210 2338 1407 2390 mente
1436 2334 1745 2404 adhaereat,
1777 2349 1968 2404 neque
1993 2333 2062 2388 ad

412 2429 651 2479 terrena
682 2441 920 2479 cursum
958 2422 1217 2479 inﬂectat
1241 2441 1253 2479 :
1280 2424 1435 2494 quod
1459 2423 1791 2479 immensus
1814 2440 1845 2477 a
1866 2422 1983 2477 Deo
2004 2422 2063 2475 in

413 2518 630 2569 terram
655 2518 849 2584 pateat
868 2513 1083 2581 hiatus,
1111 2513 1209 2584 qui
1234 2516 1462 2567 animas
1487 2529 1587 2583 per
1610 2512 1815 2567 limina
1838 2516 2063 2583 septem

415 2603 722 2658 tramitum
751 2603 1042 2657 detrahat.
1075 2606 1223 2656 Sunt
1256 2608 1451 2656 autem
1477 2600 1682 2656 limina
1704 2606 1926 2673 septem
1952 2606 2066 2656 tra-

416 2694 650 2759 mitum,
686 2697 911 2764 septem
945 2692 1269 2747 errantium
1302 2690 1601 2746 stellarum
1644 2691 1835 2745 orbes.
1867 2690 1923 2744 Si
1957 2691 2065 2745 ita-

412 2796 525 2851 que
558 2796 809 2850 superne
841 2780 1114 2833 deorsum
1146 2779 1347 2833 anima
1380 2778 1692 2846 nutaverit,
1718 2794 1820 2849 per
1839 2782 2064 2850 septem

409 2868 645 2924 illardm
678 2869 847 2924 orbes
878 2868 936 2922 in
970 2872 1187 2923 terram
1219 2870 1456 2922 feretur.
1500 2868 1611 2923 Sed
1644 2866 1800 2923 istud
1843 2871 2065 2938 septem

415 2958 769 3014 circulorum
819 2957 930 3012 iter
960 2962 1243 3028 tanquam
1280 2974 1382 3028 per
1410 2958 1632 3028 gradus
1674 2958 1960 3029 quosdam
1994 2958 2065 3013 ad

416 3046 788 3103 necessitatis
819 3046 1035 3103 solium
1087 3046 1360 3101 deducit:
1397 3063 1511 3118 quo
1544 3062 1675 3101 cum
1711 3046 1907 3102 anima
1938 3062 2067 3118 per-

407 3138 650 3205 venerit,
700 3135 1024 3192 inevitabili
1091 3136 1300 3191 mundi
1333 3136 1550 3192 terreni
1590 3135 1878 3192 desiderio
1909 3139 2066 3192 tene-

412 3232 530 3282 tur.

636 3318 880 3373 Nomina
913 3315 1152 3372 barbara
1181 3331 1469 3389 nunquam
1495 3316 1800 3371 mutaveris
1820 3332 1841 3371 :

490 3408 548 3463 Id
584 3412 694 3477 est,
745 3407 992 3479 singulae
1039 3410 1242 3479 gentes
1275 3406 1495 3463 habent
1526 3406 1766 3463 nomina
1801 3406 2066 3477 quadam

417 3496 698 3552 divinitus
729 3497 884 3563 data,
919 3513 1041 3567 qua:
1073 3496 1479 3551 incredibilem
1510 3496 1623 3551 vim
1653 3496 1951 3551 habentin
1974 3512 2066 3551 sa-

418 3585 552 3641 cris.
586 3587 667 3642 Ne
700 3585 878 3658 igitur
897 3585 998 3639 illa
1019 3589 1343 3640 commutes
1366 3588 1467 3640 aut
1487 3585 1807 3640 transferas
1829 3584 1889 3639 in
1910 3587 2066 3639 Grae-

417 3692 618 3730 corum
667 3690 1017 3741 sermonem,
1072 3677 1136 3727 ut
1188 3677 1276 3728 est
1316 3689 1527 3727 nomen
1559 3672 1885 3743 Seraphim,
1918 3672 2066 3729 Che-

414 3765 631 3828 rubim,
655 3761 919 3827 Michael,
945 3761 1197 3816 Gabriel.
1223 3760 1315 3816 Sic
1338 3762 1492 3817 enim
1509 3761 1680 3831 juxta
1697 3763 2063 3818 Hebraeorum

409 3851 725 3905 dialectum
754 3849 979 3920 prolata
1012 3848 1366 3919 singularem
1397 3854 1453 3903 et
1484 3849 1838 3904 ineffabilem
1870 3848 2066 3907 efﬁca-

408 3938 559 3994 ciam
611 3940 668 3993 in
720 3953 1021 3992 sacrorum
1068 3935 1584 3992 administratione
1633 3937 1852 3993 habent
1899 3944 1958 3995 at
2004 3940 2063 3995 in

408 4027 605 4084 Grmca
638 4026 875 4082 nomina
902 4029 1282 4096 commutata,
1314 4026 1953 4098 prorsusimbecillem.
1978 4030 2062 4084 Ad

410 4133 500 4171 me
546 4117 703 4188 quod
754 4115 983 4182 attinet,
1032 4114 1437 4170 Chaldaeorum
1484 4132 1650 4172 sacra
1682 4117 1918 4174 omnino
1947 4134 2063 4174 non

405 4208 606 4278 probo,
637 4222 828 4278 neque
851 4206 1086 4261 illorum
1111 4205 1388 4261 doctrinm
1411 4206 1720 4263 assentior.
1746 4207 1854 4264 Vix
1867 4213 2063 4264 autem

400 4296 618 4353 oraculi
653 4296 1077 4352 obscuritatem
1112 4294 1219 4349 tibi
1256 4296 1460 4351 retexi.

405 4413 633 4469 Mundus
687 4413 847 4467 habet
902 4411 1302 4483 quadamtenus
1350 4414 1742 4467 sustentatam:
1782 4413 2065 4471 intellectu

1272 4483 1557 4554 [prwdz'tos
1585 4488 1635 4539 et
1666 4485 1989 4541 immobiles.

477 4590 726 4647 Chaldaei
761 4593 1086 4661 posuerunt
1116 4589 1411 4661 potentias
1434 4590 1489 4644 in
1516 4591 1758 4659 mundo,
1785 4608 1932 4663 quas
1958 4610 2061 4649 no-

408 4682 713 4736 minarunt
764 4680 966 4733 mundi
1017 4680 1198 4734 duces
1248 4679 1368 4734 sive
1400 4683 1671 4746 rectores,
1700 4680 1854 4751 quod
1888 4698 2062 4738 mun-

408 4772 549 4826 dum
584 4770 843 4825 motibus
875 4784 1009 4822 cum
1042 4767 1367 4839 providenti
1402 4785 1542 4823 cura
1566 4774 1791 4840 regant.
1818 4774 1933 4825 Has
1958 4770 2062 4843 igi-

404 4866 504 4915 tur
562 4858 854 4932 potentias
920 4857 1043 4911 sive
1103 4856 1410 4913 facultates
1461 4858 1717 4929 appellat
1755 4859 2059 4916 oraculum

408 4952 854 5014 sustentatores,
878 4946 1031 5016 quod
1052 4961 1147 5000 mu
1160 4945 1273 5000 ndu
1286 4962 1339 5000 m
1358 4946 1693 5001 universum
1709 4947 2059 5003 sustineant.

394 5043 595 5110 ~Atque
626 5036 1037 5092 immobilitate
1072 5035 1310 5106 quidem
1344 5035 1675 5092 declaratur
1706 5037 1940 5092 illarum
1974 5037 2061 5093 vis

407 5130 574 5184 ﬁrma
598 5145 662 5183 ac
685 5126 940 5189 stabilis,
973 5124 1402 5181 sustentatione
1432 5142 1565 5180 vero
1590 5126 1863 5182 custodia:
1885 5132 2060 5198 atque

406 5237 507 5273 con
520 5215 864 5272 servationis
880 5232 945 5269 cu
960 5232 1039 5267 ra.
1056 5214 1205 5269 Istas
1221 5218 1413 5269 autem
1432 5215 1738 5271 facultates
1753 5216 2061 5289 designant

408 5323 507 5376 per
530 5306 684 5360 solas
709 5305 1067 5359 mundorum
1092 5320 1301 5359 causas
1322 5308 1376 5358 et
1397 5303 1892 5361 immobilitatem.
1912 5307 2061 5361 Sunt

2172 1974 2517 2050 Ἐπταπόρου
2586 1974 2762 2049 σύρων
2838 1974 2988 2031 κσίτά
3032 1974 3318 2052 βαθμίδος,
3372 1974 3469 2051 ’ὑφ’
3525 1977 3587 2045 ἦν
3638 1978 3664 2032 6
3711 1974 3797 2047 τῆς

2173 2116 2437 2192 Ἀνάγκης
2468 2116 2658 2192 θρόνος
2684 2115 2847 2173 ἐστίν.

2244 2246 2359 2313 Τὴν
2420 2243 2556 2317 μετᾶ
2603 2244 2732 2299 Θεὸν
2783 2244 2946 2299 οὖσαν
3002 2245 3185 2320 ψυχὴν
3234 2245 3297 2300 τὸ
3354 2243 3545 2321 λόγιον
3591 2249 3808 2309 νουθετεῖ

2174 2333 2359 2406 ἐκείνῳ
2399 2330 2550 2407 μόνῳ
2603 2332 2894 2410 προσέχειν
2937 2335 3028 2389 τὸν
3080 2338 3227 2403 νοῦν,
3260 2335 3345 2389 καί
3401 2336 3479 2407 μὴ
3524 2337 3669 2390 κάτω
3720 2336 3802 2403 τὴν

2178 2422 2351 2499 ῥοπὴν
2411 2424 2706 2478 ποιεῖσθαι·
2740 2421 2917 2486 πολὺς
2973 2424 3075 2500 γὰρ
3145 2424 3173 2477 6
3226 2424 3332 2478 ἀπὸ
3378 2428 3514 2479 Θεοῦ
3568 2425 3697 2479 κατά
3722 2430 3805 2500 γῆν

2173 2512 2438 2585 κρημνὸς,
2466 2510 2640 2586 σύρων
2690 2512 2787 2573 τὰς
2838 2513 3016 2587 ψυχὰς
3070 2509 3158 2567 ὂιά
3204 2519 3305 2581 τῆς
3353 2513 3663 2589 ἑπταπόρου
3695 2512 3803 2588 βαθ-

2179 2597 2357 2671 μίδος.
2389 2599 2731 2677 Ἑπτάπορος
2783 2598 2841 2655 δὲ
2900 2600 3121 2675 βαθμὶς,
3172 2600 3225 2655 αἱ
3272 2605 3381 2657 τῶν
3435 2602 3575 2657 ἒπτά
3619 2600 3804 2669 πλανη-

2172 2692 2281 2742 τῶν
2338 2690 2561 2766 σφαῖρα(
2634 2690 2755 2747 εἶσι.
2810 2689 3056 2745 Νεύσασα
3112 2694 3240 2766 γοῦν
3300 2691 3509 2754 ἄνωθεν
3563 2693 3597 2759 ἡ
3654 2690 3805 2765 ψυχή,

2177 2778 2394 2855 φέρεται
2444 2777 2530 2832 ἐπὶ
2577 2785 2679 2853 γῆν
2729 2776 2818 2833 διὰ
2853 2782 2962 2834 τῶν
3010 2778 3143 2834 ὲπτά
3187 2780 3394 2834 τούτων
3453 2783 3718 2857 σφαιρῶν.
3757 2779 3805 2834 Ἠ

2178 2863 2234 2921 δὲ
2278 2871 2385 2921 τῶν
2437 2867 2571 2922 ἒπτά
2620 2865 2837 2922 κύκλων
2883 2867 2959 2930 ὡς
3009 2865 3100 2923 διὰ
3133 2865 3403 2943 βαθμίδος
3462 2866 3687 2929 κάθοδος
3735 2866 3805 2921 ἐπὶ

2176 2956 2267 3011 τὸν
2302 2957 2491 3030 θρόνον
2527 2954 2646 3032 ἄγει
2676 2963 2778 3026 τῆς
2802 2955 3065 3031 ἀνάγκης·
3098 2957 3160 3011 οὗ
3191 2954 3258 3025 δή
3308 2958 3581 3033 γενομένη
3612 2959 3646 3026 ἡ
3676 2958 3806 3031 ψυχὴ

2177 3045 2266 3099 τὸν
2300 3045 2570 3121 περίγειον
2604 3044 2808 3119 κόσμον
2842 3050 3027 3111 ποθεῖν
3057 3045 3433 3120 ἀναγκάζεται.

2391 3312 2667 3386 Ὀνόματα
2700 3314 2776 3386 (8)
2815 3305 3060 3388 βάρϐαρα
3092 3312 3167 3387 μή
3199 3314 3321 3368 ποτ’
3351 3311 3623 3390 ἀλλάξῃς.

2244 3402 2551 3473 Τουτὲστιν,
2620 3400 2753 3456 εῗσὶν
2838 3400 3083 3475 ὀνόματα
3151 3408 3276 3477 παρ’
3326 3402 3585 3466 ἒχάστοις
3664 3403 3817 3467 ἔθνεσι

2177 3488 2583 3566 θεοπαράδοτα,
2652 3487 2880 3563 δύναμιν
2958 3489 3009 3544 ἐν
3084 3496 3205 3552 ταῖς
3273 3491 3525 3555 τελεταῖς
3605 3492 3824 3568 ἄρῥητον

2177 3578 2393 3655 ἔχοντα.
2429 3580 2523 3648 Μὴ
2556 3580 2648 3636 οὖν
2702 3580 2830 3652 μήτ’
2859 3577 3103 3655 ἀλλάξῃς
3132 3580 3271 3636 αὐτὰ
3319 3580 3395 3642 εἷς
3434 3584 3540 3651 τήν
3574 3580 3823 3649 Ἑλληνιο

2173 3670 2274 3739 κήν
2308 3666 2620 3724 διάλεκτον·
2652 3671 2768 3723 οἷον
2816 3668 2880 3724 τὸ
2925 3668 3221 3743 Σεραφεὶμ,
3250 3668 3337 3723 καὶ
3384 3670 3449 3725 τὸ
3500 3665 3825 3743 Χερουϐεὶμ,

2173 3758 2261 3813 καὶ
2291 3758 2353 3812 τὸ
2384 3757 2636 3833 Μιχαὴλ,
2667 3758 2757 3812 καὶ
2801 3757 2865 3813 τὸ
2897 3751 3165 3832 Γαϐριήλ.
3196 3757 3354 3815 Οὕτω
3407 3761 3507 3833 μὲν
3574 3758 3825 3837 λεγόμενα

2173 3847 2306 3903 κατά
2362 3848 2459 3917 τήν
2516 3842 2808 3918 Ἑϐραϊκήν
2885 3842 3196 3916 διάλεκτον,
3249 3846 3522 3925 ἆνὲργειαε
3600 3848 3653 3907 ἐν
3715 3854 3823 3909 ταῖς

2171 3936 2415 4000 τελεταῖς
2462 3932 2578 4013 ἔχει
2638 3933 2901 4013 ἅῤῥητον·
2936 3935 3264 4015 ἀμειφθέντα
3315 3938 3373 3993 δε
3427 3936 3482 3993 ἐν
3540 3944 3662 4001 τοῖς
3718 3936 3826 3993 Ἕλ-

2174 4025 2419 4097 ληνικοῖς
2475 4025 2756 4099 ὀνόμασιν,
2788 4024 3008 4090 ἀσθενῆ.
3042 4025 3183 4100 Ἐγὼ
3233 4022 3291 4080 δὲ
3344 4026 3404 4081 οὐ
3453 4026 3556 4090 τάς
3591 4025 3823 4085 Χαλὅαί-

2171 4116 2266 4177 κάς
2300 4112 2535 4190 δέχομαι
2564 4113 2810 4187 τελετὰς,
2842 4112 2971 4170 οὔτε
2997 4118 3079 4187 τῷ
3127 4112 3359 4190 δόγματι
3416 4119 3568 4171 πάνυ
3616 4115 3824 4193 προστί-

2172 4207 2351 4277 θεμαι.
2379 4202 2719 4279 Ἀνεκάλυψα
2778 4200 2835 4260 δέ
2877 4224 2962 4260 σοι
3017 4202 3180 4278 μόλις
3233 4208 3331 4260 τοῦ
3364 4203 3544 4282 λόγου
3573 4208 3677 4277 τήν
3704 4225 3821 4282 xpo-

2175 4293 2428 4372 φιὸτητα.

2314 4412 2438 4471 Πῶς
2466 4403 2581 4485 ἔχει
2609 4408 2817 4482 κόσμος
2848 4407 3071 4482 νοεροὺς
3113 4410 3353 4486 ἀνοχῆας
3393 4409 3701 4488 ἀκαμπεῖς.

2243 4587 2505 4660 Δυνάμεις
2559 4584 2612 4641 ἂν
2660 4590 2738 4659 τῷ
2784 4607 2978 4661 κοσμῳ
3028 4588 3080 4642 οἱ
3131 4584 3402 4645 Χαλδαῖοι
3450 4589 3722 4661 τίθενται,
3745 4586 3822 4643 καὶ

2171 4675 2448 4750 ὠνόμασεν
2502 4676 2664 4738 αὐτὰς
2710 4674 3111 4753 κοσμαγωγοὺς
3152 4675 3228 4740 ὡς
3275 4679 3367 4733 τὸν
3403 4677 3627 4755 κόσμον
3685 4676 3829 4753 ἀγού-

2173 4787 2265 4828 σας
2324 4770 2715 4841 προνοητικαῖς
2768 4767 3033 4835 κινήσεσι.
3097 4766 3311 4829 Ταύτας
3368 4766 3465 4823 οὗν
3528 4768 3630 4831 τὰς
3682 4766 3827 4823 δυνά-

2175 4875 2295 4929 μεις
2334 4855 2579 4931 ἀνοχῆας
2610 4859 2770 4910 καλεῖ
2808 4854 2871 4910 τὸ
2902 4853 3118 4930 λόγιον,
3166 4856 3241 4918 ὡς
3269 4856 3365 4917 τὸν
3413 4856 3605 4913 πάντα
3636 4858 3825 4931 κόσμον

2170 4944 2466 5021 ἀνεχούσας
2497 4963 2511 4977 ο
2571 4948 2650 5016 τῷ
2711 4944 2804 5016 μὲν
2861 4943 3104 5018 ἀκαμπεῖ
3160 4949 3260 5011 τῆς
3330 4948 3609 5023 παϐερᾶς
3668 4946 3825 5001 αὐτῶν

2172 5030 2514 5107 δηλουμένης
2545 5031 2846 5105 δυνάμεως·
2876 5037 2959 5105 τῷ
3009 5030 3066 5087 δὶ
3124 5033 3390 5110 ἀνοχικῷ,
3422 5043 3535 5105 τῆς
3598 5057 3827 5115 φρουρη.

2167 5130 2345 5193 τικῆς.
2378 5122 2583 5185 Ταύτας
2642 5120 2700 5177 δὲ
2744 5122 2842 5184 τὰς
2894 5118 3165 5195 δυνάμεις,
3200 5120 3289 5178 διὰ
3350 5126 3535 5197 μόνης
3587 5132 3697 5181 τῶν
3742 5126 3826 5179 κόν

2171 5236 2320 5287 σμων
2354 5212 2528 5276 αῗτίας
2556 5212 2642 5267 καὶ
2681 5210 2937 5273 ἀκλινοῦς
2968 5210 3256 5288 ὁρίζονιαι.
3290 5212 3412 5268 Eia?
3460 5212 3525 5269 δὲ
3577 5218 3673 5271 καὶ
3726 5213 3831 5271 ’ἕτε-

2172 5325 2257 5381 ραι
2303 5300 2555 5377 δυνάμεις
2600 5300 2893 5377 λεγόμεναι
2942 5302 3069 5376 παρ’
3113 5301 3301 5365 αὐτοῖς
3355 5302 3669 5377 μείλικτοι,
3722 5306 3830 5359 οἷον

1648 5449 1947 5505 JOANNIS
1987 5448 2307 5507 OPSOPEI
2344 5450 2576 5506 NOT/E.

396 5576 401 5579 “
478 5576 555 5646 (8i
589 5572 879 5646 Ὀνόματα.
907 5572 1104 5627 Refort
1127 5570 1428 5646 oraculum
1453 5588 1587 5646 cum
1622 5590 1729 5646 sua
1759 5572 2047 5643 interpre-

410 5644 629 5704 tatione
660 5645 1022 5717 Nicephorus
1053 5646 1110 5698 in
1132 5644 1372 5699 scboliis
1394 5645 1463 5699 ad
1483 5645 1789 5718 Synesium
1813 5662 1945 5718 pag.
1968 5647 2057 5703 96.

2159 5574 2297 5651 Vide
2348 5590 2592 5651 quoque
2628 5571 2939 5651 eruditam
2971 5573 3101 5651 ejus
3160 5572 3631 5649 explicationem
3684 5576 3831 5651 apud

2170 5643 2502 5721 Origenem,
2534 5646 2636 5703 lib.
2670 5649 2874 5703 contra
2902 5643 3157 5703 Celsum.
