3970 6218
200 340 354 401 H33

1065 336 1482 398 EXPOSITIO
1527 337 2064 398 ORACULORUM
2112 338 2257 400 CHA
2271 341 2756 404 LDAICORUM.

3461 345 3618 403 “34

198 468 394 524 ἔντονοι
440 468 530 529 καὶ
590 464 977 543 ἀνεπίστροφοι
1029 467 1164 543 πρὸς
1230 466 1298 529 τὰ
1362 465 1518 542 τῇδε,
1598 467 1687 525 καὶ
1758 467 1823 521 τὰ

1992 487 2102 527 vero
2134 476 2192 528 et
2220 473 2344 528 alia;
2378 474 2676 529 nonnullas
2705 474 2978 545 potentia
3016 490 3166 545 quas
3212 474 3619 546 implacabiles

198 559 374 634 ψυχὰς
428 556 678 612 ποιοῦσαι
738 562 854 619 τοῖς
933 554 1279 633 θελγητρίοις
1343 559 1421 631 μὴ
1483 556 1848 629 μειλίσσεσθαι

197 650 416 706 πάθεσιν
426 691 440 706 .

299 827 537 903 Ἐνὲργει
569 825 691 900 περὶ
714 825 803 880 τὸν
837 827 915 897 (9,
947 826 1036 897 lO)
1092 825 1366 881 Ἐκατινὸν
1415 823 1743 900 στρόφαλον.

262 917 540 977 Ἐκατινὸς
617 912 923 991 στρόφαλος
980 913 1179 991 σφαῖρά
1231 911 1342 969 ἐστι
1394 921 1571 989 χρυσῆ
1605 960 1617 983 ,
1694 915 1855 987 μέσον

194 1004 486 1083 σάπφειρον
555 1001 983 1077 περικλείουσα,
1059 999 1148 1056 διὰ
1203 1002 1454 1078 ταυρείου
1513 1003 1851 1080 στρεφομένη

193 1096 441 1168 ἱμάντος,
494 1091 564 1148 δι’
623 1090 761 1161 ὅλης
821 1093 936 1165 (11)
995 1090 1162 1161 αὐτῆς
1224 1089 1427 1166 ἔχουσα
1478 1098 1849 1168 χαρακτῆρας·

192 1185 254 1252 ἣν
290 1181 356 1253 δὴ
390 1182 711 1259 πρὲφοντες
763 1180 1054 1236 ἂποιοῦντο
1092 1180 1187 1241 τὰς
1235 1177 1576 1251 ἐπικλήσεις.
1634 1179 1736 1237 Καὶ
1788 1180 1855 1234 τὰ

193 1277 421 1327 τοιαῦτα
450 1270 638 1327 καλεῖν
667 1269 915 1334 εἰώθασιν
978 1268 1164 1343 ἷύγγας
1223 1271 1360 1343 (12),
1420 1267 1527 1323 εἴτε
1568 1270 1851 1343 σφαιρικὸν

196 1361 374 1436 εἶχον,
427 1358 534 1415 εἴτε
597 1358 885 1433 τρίγωνον,
945 1356 1052 1413 εἶ’τε
1103 1357 1192 1413 καὶ
1256 1357 1340 1412 ὅτι
1397 1364 1613 1433 σχῆμα.
1668 1360 1737 1414 ”Α
1785 1354 1852 1426 δὴ

194 1447 481 1511 δονοῦντες
555 1448 680 1510 τοὺς
751 1447 1002 1519 ἀσήμους
1078 1448 1113 1517 ἢ
1186 1444 1484 1516 κτηνώδεις
1556 1445 1851 1524 ἐξεφώνουν

193 1545 401 1611 ἤχους,
449 1536 746 1613 γελῶντες,
778 1536 867 1591 καὶ
895 1535 988 1590 τὸν
1024 1536 1153 1611 ἀέρα
1198 1536 1569 1608 μαστίζοντες.
1604 1532 1853 1589 Διδάσκει

194 1624 291 1680 οὖν
344 1628 443 1695 τὴν
472 1628 702 1696 τακετήν
738 1624 993 1702 ἐνεργεῖν,
1023 1622 1148 1695 ἤτοι
1180 1625 1278 1693 τὴν
1309 1624 1521 1693 κίνησιν
1552 1628 1650 1679 τοῦ
1680 1622 1856 1678 τοιού-

190 1737 295 1771 του
338 1714 668 1794 στροφάλου,
703 1716 778 1778 ὡς
805 1711 1031 1786 δύναμιν
1061 1712 1371 1790 ἀπόρρητον
1405 1710 1659 1789 ἔχουσαν.
1696 1715 1856 1770 Ἐκα-

194 1804 349 1868 τινὸς
408 1803 465 1861 δὶ
520 1811 793 1873 καλεῖται,
853 1804 927 1866 ὡς
984 1807 1053 1876 τῇ
1097 1804 1291 1877 Ἑκάτῃ
1324 1802 1695 1875 ἀνακείμενος·
1731 1805 1764 1871 ἡ
1800 1799 1857 1855 δὲ

191 1896 393 1965 Ἑκάτη
425 1893 544 1959 θεός
592 1893 701 1949 ἐστι
751 1893 898 1969 παρὰ
944 1890 1260 1962 Χαλδαίοις,
1312 1890 1363 1946 ἐν
1416 1890 1561 1961 δεξιᾷ
1612 1890 1707 1965 μὶν
1760 1892 1859 1946 αὐ·-

204 1991 311 2053 τῆς
338 1984 541 2058 ἔχουσα
567 1983 665 2052 τήν
699 1982 883 2057 πηγὴν
914 1986 1021 2036 τῶν
1056 1981 1282 2055 ἀρετῶν.
1342 1982 1493 2036 Ἐστι
1526 1977 1582 2035 δὲ
1636 1978 1697 2034 τὰ
1754 1986 1857 2035 πᾶν

199 2071 477 2152 φλύαρον.

191 2356 479 2430 Πολλάκις
508 2357 568 2426 ἢν
604 2355 762 2430 λὶξῇς
795 2368 929 2430 μοι,
953 2356 1205 2430 ἀθρῆσεις
1236 2355 1413 2430 πάντα
1434 2352 1662 2430 Δλέοντα.

190 2427 343 2521 Οὔτε
363 2431 467 2506 γὰρ
500 2422 751 2521 ούράνέόΙς
777 2422 973 2503 κυρτὸς
1000 2422 1125 2521 τότε
1156 2427 1395 2521 φαίνιεται
1431 2422 1616 2513 ὄγκος,
1747 2498 1757 2516 γ

189 2496 447 2577 Ἀστὲρες
518 2496 581 2556 ού
666 2496 950 2573 λάμπουσι
988 2542 1001 2569 ,
1071 2499 1133 2553 τὸ
1172 2496 1177 2504 ’
1214 2501 1393 2573 μήνης
1457 2496 1575 2574 φῶς
1610 2496 1860 2577 ,κεκάλυ-

1631 2590 1757 2624 πται

184 2645 362 2709 Χθὼν
392 2642 502 2718 οὐχ
531 2636 773 2714 ἔστηκεν·
813 2640 1073 2718 βλέπεται
1106 2638 1164 2696 δὲ
1195 2641 1369 2697 πάντα
1395 2571 1784 2715 κεραυνάίῗται,

266 2834 369 2890 Ἓιν
418 2836 526 2887 τῶν
559 2829 610 2885 ἐν
644 2830 857 2904 οὖρανῷ
888 2826 1098 2885 δώδεκα
1131 2825 1342 2899 ζωδίων
1373 2828 1684 2905 λεγομενων
1713 2826 1855 2883 ἐστὶν

190 2924 220 2977 6
278 2921 445 2993 λέων,
495 2922 644 2983 οἶκος
709 2919 867 2991 ἡλίου
901 2919 1198 2997 λεγόμενος
1254 2917 1316 2974 οὗ
1356 2920 1456 2988 τὴν
1488 2919 1699 2993 πηγὴν,
1730 2914 1856 2986 ἤτοι

188 3012 301 3080 τήν
358 3010 534 3066 αἰτίαν
588 3016 689 3081 τῆς
742 3006 1119 3070 λεοντοειδοῦς
1178 3006 1229 3081 ἐξ
1260 3007 1498 3082 ἀστέρων
1541 3006 1856 3075 συνθέσεως,

190 3101 532 3176 λεοντοῦχον
595 3101 623 3154 6
677 3097 950 3161 Χαλδαῖος
980 3097 1157 3155 καλεῖ.
1193 3099 1279 3155 Ἐν
1324 3096 1415 3153 οὖν
1442 3102 1561 3160 ταῖς
1585 3096 1856 3167 τελεταῖς,

190 3190 393 3269 ἓησὶν,
451 3189 539 3244 ἐὰν
566 3187 616 3260 ἐξ
670 3187 939 3261 ὀνόματος
967 3186 1204 3261 καλέσῃς
1262 3189 1362 3257 τήν
1391 3188 1593 3258 ταύτην
1648 3187 1853 3282 πηγῆν,
1888 3214 1932 3282 C

191 3276 356 3335 οὐδὲν
389 3276 569 3353 ἕτερον
591 3275 721 3352 ’ἰδῇς
752 3275 813 3331 ἂν
842 3276 893 3331 ἰν
923 3276 1139 3351 ούρανῷ
1168 3274 1206 3345 ἢ
1237 3274 1423 3350 φάσμα
1451 3272 1858 3332 λεόντιον.οὕτε

188 3369 303 3445 γὲιρ
334 3368 362 3422 6
389 3368 587 3441 κυρτὸς
616 3367 711 3421 τοῦ
742 3366 1030 3442 ἀνθρώπου
1083 3360 1250 3441 ὄγκος
1310 3363 1437 3434 ἤτοι
1469 3365 1496 3419 6
1556 3366 1856 3443 περιφερὴς

194 3456 449 3534 φανεῖταί
502 3476 618 3526 σοι,
680 3453 803 3510 οὔτε
862 3455 1079 3527 ἀστὶρες
1135 3453 1455 3530 αύγάσουσιν
1492 3497 1506 3522 ,
1564 3452 1711 3509 ἀλλά
1766 3454 1856 3507 καὶ

194 3549 235 3614 ἠ
270 3548 477 3615 σελήνη
506 3542 863 3612 κεκάλυπται,
920 3545 1010 3598 καὶ
1067 3547 1310 3617 σεισμοῖς
1365 3542 1432 3597 τὰ
1488 3543 1659 3597 πάντα
1685 3540 1858 3597 δονεῖ-

198 3655 314 3690 ται.
374 3634 491 3691 Οὐκ
542 3634 751 3709 ἀναιρεῖ
781 3630 838 3688 δὲ
865 3634 966 3702 τὴν
995 3630 1176 3687 οὐσίαν
1204 3635 1239 3702 ἡ
1269 3630 1496 3701 τοιαύτη
1532 3631 1861 3707 λεοντοῦχος

198 3724 384 3798 πηγὴ,
436 3720 581 3778 ἀλλὰ
622 3723 687 3778 τὸ
739 3722 1070 3799 ἡγεμονικὸν
1112 3727 1212 3792 τῆς
1242 3719 1383 3783 ῗδίας
1416 3720 1689 3797 ὑπάρξεως
1720 3721 1861 3776 ἀπο-

199 3812 437 3887 κρύπτει
464 3813 565 3881 τήν
600 3812 826 3887 θεωρίαν
860 3811 1062 3867 αὐτῶν.

208 4081 480 4139 Πάντοθεν
512 4077 776 4152 ἀπλάστῳ
805 4081 960 4154 ψυχῇ
992 4078 1164 4155 πυρὸς
1193 4077 1321 4149 ἡνία
1347 4083 1542 4134 τεῖνον.

282 4169 599 4227 Ἀπλαστον
632 4169 817 4244 ψυχὴν
852 4167 1106 4242 ὀνομάζει
1136 4169 1199 4223 τὸ
1246 4168 1408 4242 λόγον
1454 4168 1552 4237 τήν
1604 4166 1866 4244 ἀμόρφω-

198 4280 301 4315 τον
332 4258 426 4314 καὶ
471 4255 869 4325 ἀδιατύπωτον,
902 4258 936 4328 ἢ
968 4258 1065 4326 τὴν
1122 4255 1501 4327 ἀπλουπάτην
1550 4256 1640 4310 καὶ
1698 4266 1869 4319 καθα-

202 4348 488 4425 ρωτάτην·
551 4346 679 4416 ἡνία
736 4342 795 4400 δὲ
839 4349 938 4400 τοῦ
990 4346 1161 4419 πυρὸς
1214 4352 1316 4415 τῆς
1346 4344 1606 4416 τοιαύτης
1659 4347 1868 4420 ψυχῆς,

196 4445 314 4508 τῆς
362 4439 685 4513 θεουργικῆς
712 4433 824 4489 ἐστι
858 4440 1002 4504 ζωῆς
1044 4436 1079 4504 ἠ
1138 4432 1364 4497 εὕλυτος
1418 4433 1680 4509 ἐνέργεια,
1740 4435 1871 4488 ἀνα-

200 4526 466 4583 τείνουσα
512 4526 606 4580 τὸν
639 4528 764 4579 νοῦν
791 4524 883 4579 τὸν
917 4522 1142 4598 πύρινον
1194 4523 1270 4586 εἷς
1303 4523 1437 4578 αὐτὸ
1465 4524 1527 4579 τὸ
1554 4525 1698 4578 Θεῖον
1732 4528 1867 4601 φῶς.

1959 566 2192 631 vocant,
2222 566 2289 617 ut
2318 579 2444 635 quae
2475 563 2678 618 validm
2714 568 2891 635 atque
2922 562 3046 618 ﬁxae
3079 563 3150 619 ad
3176 562 3298 618 haec
3337 563 3619 620 inferiora

1962 664 2271 721 nunquam
2302 651 2642 719 ﬂectuntur,
2692 651 2835 706 etin
2884 668 3065 707 causa
3110 656 3254 707 sunt
3296 654 3364 706 ut
3410 651 3617 706 animis

1962 738 2034 793 ab
2065 738 2384 795 aﬂectuum
2417 740 2697 797 illicebris
2729 740 3074 812 neutiquam
3107 740 3575 797 demulceantur.

2142 827 2377 899 Operare
2403 832 2553 885 circa
2582 831 2914 887 Hecatinum
2944 831 3235 886 circulum.

2033 917 2349 973 Hecatinus
2400 918 2655 974 circulus
2704 919 2863 975 orbis
2922 923 3013 975 est
3057 935 3293 988 aureus,
3326 918 3389 974 in
3421 918 3615 975 medio

1962 1007 2308 1079 sapphirum
2333 1008 2633 1064 inclusum
2652 1008 3205 1080 complectens,loro
3226 1006 3447 1064 bubulo
3473 1023 3611 1063 con-

1962 1112 2188 1163 versus,
2218 1096 2601 1169 undiquaque
2648 1098 2840 1153 varias
2886 1097 3108 1169 figuras
3157 1101 3214 1153 et
3244 1097 3613 1153 characteres

1964 1186 2187 1241 habens
2222 1204 2235 1242 :
2268 1202 2441 1256 quem
2474 1191 2755 1253 rotantes,
2778 1187 3161 1257 perﬁciebant
3192 1186 3612 1242 invocationes.

1962 1280 2154 1347 Atque
2202 1276 2541 1331 istiusmodi
2590 1280 2728 1331 sunt
2776 1292 2902 1347 quas
2936 1276 3162 1347 jungas
3190 1292 3394 1332 vocare
3425 1274 3619 1330 solent

1964 1364 2086 1419 sive
2137 1364 2547 1434 orbicularem,
2600 1364 2719 1420 sive
2764 1365 3217 1437 triangularem,
3250 1365 3371 1420 sive
3431 1363 3609 1419 aliam

1965 1470 2380 1525 quamcunque
2410 1456 2658 1525 ﬁguram
2684 1454 2963 1510 habeant.
2986 1456 3176 1526 Atque
3198 1455 3338 1510 dum
3362 1454 3619 1511 circum-

1965 1542 2194 1615 agitant
2228 1544 2427 1599 orbem
2461 1544 2653 1611 illum,
2686 1561 2865 1599 sonos
2914 1544 3250 1599 inconditos
3301 1543 3391 1599 vel
3439 1543 3618 1600 etiam

1965 1632 2257 1688 belluinos
2287 1650 2421 1688 cum
2452 1633 2707 1689 clamore
2728 1634 3011 1689 emittunt
3034 1633 3293 1689 ridentes
3333 1636 3391 1688 et
3412 1649 3610 1690 aerem

1966 1721 2165 1793 ﬂagris
2198 1722 2485 1777 ferientes.
2513 1722 2691 1777 Docet
2735 1722 2939 1794 itaque
2989 1722 3139 1777 ritus
3184 1722 3613 1793 operationem,

1967 1809 2086 1866 sive
2108 1810 2311 1865 circuli
2342 1810 2631 1882 ejusmodi
2674 1810 3077 1882 agitationem,
3111 1815 3176 1865 ut
3197 1827 3328 1881 quae
3349 1810 3502 1866 vires
3525 1827 3616 1866 ar-

1971 1915 2150 1954 canas
2183 1898 2418 1955 habeat.
2452 1903 2708 1956 Vocatus
2739 1904 2934 1955 autem
2968 1899 3223 1955 circulus
3254 1898 3351 1955 ille
3388 1899 3617 1956 Hecati-

1970 2004 2082 2043 nus
2115 1988 2254 2059 quia
2284 1988 2512 2043 Hecatae
2544 1988 2853 2043 dedicatus
2876 1992 2985 2043 est.
3028 1988 3164 2052 Quae
3196 1987 3407 2044 Hecate
3451 1986 3620 2045 Chal-

1970 2077 2111 2133 daeis
2139 2078 2247 2132 dea
2270 2082 2379 2145 est,
2412 2082 2470 2133 et
2516 2077 2575 2133 in
2610 2078 2813 2135 dextra
2844 2077 2938 2134 sui
2972 2082 3137 2149 parte
3167 2076 3453 2134 virtutum
3484 2078 3621 2133 fon-

1969 2169 2089 2222 tem
2146 2163 2346 2223 h'ebet.
2406 2166 2507 2223 Est
2553 2170 2749 2224 autem
2796 2166 2906 2223 hoc
2962 2165 3267 2223 oraculum
3322 2168 3495 2238 plane
3526 2167 3624 2223 fu-

1969 2255 2092 2312 tile.

1967 2362 2038 2417 Si
2057 2377 2205 2433 saepe
2243 2378 2329 2418 me
2360 2364 2640 2418 allocutus
2669 2364 2866 2435 fueris,
2900 2361 3109 2435 videbis
3150 2362 3355 2433 ubique
3387 2362 3618 2419 leonem.

1967 2435 2148 2506 Neque
2169 2436 2319 2490 enim
2344 2436 2575 2491 cwleslis
2595 2440 2646 2490 et
2677 2451 2924 2492 convexa
2946 2434 3116 2489 moles
3137 2438 3269 2489 tunc
3299 2442 3545 2505 apparet,

1969 2504 2157 2564 Stellae
2184 2522 2294 2562 non
2324 2509 2555 2578 micant,
2588 2508 2741 2564 luna:
2763 2508 2949 2561 lumen
2980 2506 3309 2561 occultatum
3334 2504 3441 2572 est,

1972 2650 2141 2706 Terra
2170 2665 2279 2705 non
2311 2657 2421 2705 stat
2448 2651 2563 2720 ﬁxa
2585 2666 2603 2703 :
2632 2648 2889 2704 videntur
2920 2651 3110 2705 autem
3148 2650 3335 2776 orrgmia
3361 2648 3621 2776 agmini-

3226 2736 3290 2776 us
3320 2737 3354 2776 υ
3453 2737 3507 2774 a.

3168 2720 3290 2792 [bus
3316 2720 3507 2792 plena.

2039 2842 2148 2893 Leo
2187 2840 2277 2893 est
2307 2852 2493 2892 unum
2537 2853 2607 2892 ex
2637 2836 2765 2893 cmli
2798 2836 3154 2893 animalibus
3184 2836 3430 2893 Zodiaco
3463 2835 3618 2892 assi-

1967 2926 2162 2999 gnatis
2196 2942 2209 2981 :
2242 2924 2390 2982 alias
2413 2925 2554 2981 solis
2578 2926 2791 2983 domus
2815 2927 3034 2983 dicitur
3058 2944 3071 2982 :
3099 2928 3269 2999 cujus
3294 2927 3532 2996 fontem,
3560 2924 3618 2981 id

1967 3020 2057 3072 est
2113 3014 2479 3070 leoniformis
2526 3030 2556 3069 e
2605 3014 2792 3070 stellis
2850 3014 3295 3087 compositionis
3353 3030 3617 3083 causam,

1964 3102 2273 3162 Chaldaeus
2297 3100 2627 3175 λεοντοῢχον
2665 3107 2852 3169 vocat,
2886 3104 3055 3174 quasi
3080 3104 3240 3159 dicas
3279 3104 3621 3158 leonitenen-

1966 3195 2095 3249 tem.
2110 3191 2207 3247 Ait
2229 3192 2430 3264 igitur,
2465 3192 2513 3248 si
2556 3193 2707 3247 inter
2729 3209 2897 3247 sacra
2920 3192 3140 3246 fontem
3167 3192 3347 3247 istum
3382 3191 3620 3246 nomine

1971 3297 2077 3337 suo
2098 3279 2416 3348 vocaveris,
2452 3279 2600 3335 nihil
2632 3279 2792 3335 aliud
2823 3279 2883 3334 in
2911 3278 3053 3335 cmlo
3079 3284 3464 3351 praeterquam
3492 3294 3622 3349 spe-

1965 3375 2158 3426 ctrum
2210 3369 2510 3425 leoninum
2552 3368 2797 3425 videbis.
2830 3372 3031 3440 Neque
3068 3368 3224 3423 enim
3285 3383 3536 3423 concava
3564 3369 3622 3422 et

1968 3458 2217 3514 rotunda
2249 3457 2505 3513 hominis
2538 3456 2755 3528 (potius
2780 3457 2904 3511 cceli
2938 3456 3122 3511 moles
3155 3456 3259 3510 tibi
3293 3455 3617 3529 apparebit,

1970 3562 2157 3618 neque
2180 3546 2360 3601 stellae
2387 3546 2685 3615 lucebunt;
2716 3544 2834 3600 imo
2867 3544 2996 3615 ipsa
3031 3544 3173 3600 luna
3204 3544 3617 3616 occultabitur,

1968 3640 2025 3693 et
2055 3634 2542 3692 concussionibus
2566 3635 2765 3690 omnia
2794 3634 3198 3705 agitabuntur.
3239 3633 3461 3690 Horum
3511 3651 3614 3689 au-

1969 3731 2088 3781 tem
2118 3724 2434 3781 essentiam
2469 3741 2583 3780 non
2616 3723 2768 3779 tollit
2790 3724 2920 3779 fons
2950 3723 3062 3778 iste
3093 3722 3219 3779 sedi
3249 3722 3437 3779 leonis
3468 3722 3617 3778 assi-

1971 3818 2209 3888 gnatus,
2244 3815 2345 3870 sed
2396 3813 2643 3885 propriae
2676 3813 2913 3869 illorum
2947 3812 3295 3869 substantia
3327 3812 3629 3884 principa-

1970 3909 2068 3961 tus
2096 3904 2157 3959 in
2192 3920 2371 3960 causa
2401 3906 2490 3959 est
2520 3908 2585 3959 ut
2616 3902 2748 3975 ipsa
2780 3901 3071 3959 occultata
3103 3918 3220 3958 non
3251 3901 3631 3974 conspician-

1973 3998 2092 4050 tur.

1975 4084 2184 4139 Animae
2212 4083 2415 4153 ﬁgura:
2442 4082 2659 4154 experti
2690 4081 2933 4153 undique
2958 4081 3125 4136 tende
3174 4081 3323 4149 ignis
3366 4079 3629 4137 habenas.

2046 4168 2365 4225 ’Άπλαστον
2394 4169 2653 4225 animam
2687 4174 2854 4225 vocat
2899 4168 3205 4225 oraculum
3259 4169 3446 4223 forma
3480 4172 3536 4222 et
3564 4167 3632 4220 fi-

1978 4277 2124 4333 gura
2155 4260 2317 4316 omni
2351 4264 2671 4328 carentem,
2699 4258 2792 4314 vel
2851 4256 3359 4330 simplicissimam
3420 4260 3476 4311 et
3525 4272 3633 4325 pu-

1979 4349 2277 4405 rissimam
2312 4366 2324 4403 :
2359 4348 2516 4421 ignis
2555 4352 2751 4403 autem
2806 4347 3074 4403 habenas
3108 4344 3453 4401 istiusmodi
3504 4342 3631 4399 ani-

1980 4455 2104 4507 mae,
2138 4436 2472 4510 expeditam
2519 4441 2697 4507 atque
2727 4435 2969 4491 liberam
3003 4434 3225 4489 deificaa
3258 4432 3387 4487 vitae
3429 4448 3634 4504 opera-

1980 4526 2222 4595 tionem,
2256 4542 2382 4597 quae
2408 4526 2639 4597 igneam
2666 4530 2919 4580 mentem
2946 4525 3019 4579 ad
3048 4523 3293 4578 divinun
3316 4520 3520 4576 lumen
3545 4537 3637 4577 ex-

206 4616 484 4673 Πάντοθεν
562 4612 653 4668 οὖν
731 4616 801 4688 τῇ
864 4589 1131 4686 ἀπλάστῳ
1187 4615 1343 4688 ψυχῇ
1415 4616 1483 4667 τὰ
1537 4617 1639 4667 τοῦ
1704 4589 1823 4689 πυρέ

1992 4615 2123 4670 iitat
2153 4589 2330 4685 atque
2362 4589 2553 4685 erivgit.
2588 4615 2822 4683 Informi
2867 4612 3068 4684 itaque
3099 4612 3305 4668 animae
3338 4611 3481 4682 ignis
3535 4610 3639 4666 ha-

206 4704 347 4775 ἠνία
400 4708 601 4775 τεῖνον,
659 4702 952 4775 τουτέστι,
1008 4703 1101 4758 καὶ
1160 4701 1267 4757 ἀπὸ
1323 4708 1425 4771 τῆς
1481 4707 1667 4777 νοερᾶς
1716 4699 1874 4757 δυνά-

215 4816 394 4871 μεως,
450 4794 541 4849 καὶ
602 4793 706 4849 ἀπὸ
756 4800 859 4864 τῆς
890 4790 1267 4863 διανοητικῆς,
1309 4792 1399 4848 καὶ
1455 4792 1561 4847 ἀπὸ
1590 4799 1690 4862 τῆς
1722 4790 1877 4863 δοξα-

206 4892 433 4954 στικῆς,
488 4879 615 4939 ἔιτω
661 4888 730 4957 τῇ
798 4886 954 4959 ψυχῇ
1006 4879 1474 4955 σπούδασμα,⁸ίνα
1502 4880 1875 4953 καταλλήλως

210 4974 421 5048 ἑκάστῃ
480 4969 702 5045 δυνάμει
756 4973 850 5034 τὰς
906 4971 1051 5034 θείας
1109 4968 1409 5044 εἷσδέξηται
1467 4970 1875 5049 φωταγωγίας.

206 5067 393 5118 Τοῦτο
416 5062 518 5138 γάρ
546 5082 679 5137 φησι
716 5061 799 5132 τὸ,
854 5062 1023 5136 πυρὸς
1077 5060 1208 5129 ἡνία
1250 5064 1454 5127 τεῖνον,
1493 5057 1653 5114 Ἀλλ’
1682 5062 1716 5129 ἡ
1778 5059 1875 5137 φύ-

208 5172 304 5214 σις
339 5148 666 5223 ὀκλάζουσα,
696 5149 785 5204 καὶ
814 5149 951 5205 κατά
997 5149 1094 5213 τὰς
1148 5145 1397 5223 δευτέρας
1454 5149 1599 5217 ζωὰς
1648 5147 1877 5224 ἐνεργεῖ.

1985 4703 2357 4773 benastende,
2406 4704 2464 4757 id
2516 4707 2607 4759 est
2654 4702 2791 4758 huic
2840 4702 2922 4757 rei
2974 4702 3146 4757 stude
3177 4704 3352 4772 atque
3402 4716 3638 4772 operam

1985 4812 2153 4862 nava,
2189 4797 2251 4849 ut
2282 4809 2485 4849 omnes
2517 4791 2811 4864 potentiae,
2836 4796 2895 4846 et
2925 4791 2985 4846 in
3019 4790 3344 4858 intellectu,
3377 4796 3433 4846 et
3464 4792 3520 4845 in
3550 4808 3641 4845 co-

1987 4882 2287 4957 gitatione,
2320 4889 2376 4938 et
2405 4883 2465 4937 in
2498 4881 2772 4954 opinione
2797 4881 3212 4951 consistentes,
3246 4880 3523 4952 quaelibet
3557 4881 3645 4935 in-

1988 4989 2163 5044 quam
2196 4972 2307 5027 sibi
2353 4971 2683 5026 conformes
2744 4974 2799 5025 et
2855 4974 3245 5042 congruentes
3305 4970 3641 5039 suscipiant

1988 5060 2452 5118 illuminationes
2482 5062 2729 5117 divinas.
2765 5061 2922 5117 Nihil
2973 5061 3128 5117 enim
3170 5061 3329 5116 aliud
3373 5060 3485 5116 sibi
3518 5058 3643 5114 vult

1988 5152 2157 5219 illud,
2183 5153 2332 5221 ignis
2360 5152 2600 5207 habenas
2628 5153 2815 5208 tende.
2835 5152 2949 5208 Sed
2982 5156 3193 5207 natura
3218 5150 3516 5205 labascere
3549 5164 3643 5202 so-

1989 5242 2090 5312 let,
2115 5245 2172 5297 et
2194 5239 2437 5296 alterius
2459 5240 2589 5297 vitae
2611 5241 2919 5298 deterioris
2945 5240 3186 5306 scilicet,
3209 5238 3403 5294 studio
3427 5236 3634 5293 teneri.

1472 5354 1777 5413 JOANNIS
1817 5357 2136 5416 OPSOP/EI
2175 5356 2405 5412 NOT/E.

294 5443 468 5517 (9.10)
497 5441 798 5499 Ἑκατινόν.
858 5443 1097 5517 Legitur
1128 5459 1264 5499 cum
1294 5443 1681 5515 expositionis
1718 5463 1823 5517 par

317 5515 628 5570 Nicenbori
658 5514 898 5570 scholiis
951 5517 1021 5570 ad
1062 5514 1371 5570 Svnesium
1425 5532 1558 5570 nag.
1607 5517 1679 5570 96
1738 5517 1823 5570 edi

1992 5445 2079 5501 ἐπι
2126 5442 2303 5507 ανείας
2344 5451 2694 5518 χαρακτῆρας
2723 5443 2814 5499 καὶ
2847 5465 2876 5498 σ
2923 5442 3107 5514 ἤματα
3138 5438 3388 5518 διάφορα.

2062 5466 2176 5570 (Tm
2230 5517 2470 5570 "Iuvvac.
2505 5518 2717 5570 Suidas
2749 5462 2946 5570 ἔστιξε
2991 5514 3078 5567 καὶ
3135 5509 3386 5570 ὀογᾶνιόν

214 5518 283 5573 in
303 5514 635 5589 'Nicepbori
658 5514 898 5589 scholiis
945 5514 1028 5589 ad
1062 5514 1385 5589 Synesium’
1424 5532 1558 5589 pag.
1607 5517 1679 5571 96
1719 5514 1880 5575 edit.

218 5586 591 5654 Gracaﬁubi
622 5586 867 5647 ἒκατικὸς
898 5586 1200 5644 scribitur.

2062 5512 2176 5609 g2)
2230 5512 2470 5609 ’Ίυγγξς
2505 5512 2717 5609 Suidas
2749 5512 2946 5609 é'ert('$§
2970 5512 3078 5567 καὶ
3130 5512 3479 5609 οργᾶνιόνιτι
3515 5514 3641 5606 ἳυγξ

1990 5582 2518 5676 καλούμξκσκζᾟπερ
2551 5588 2798 5676 είώθςασιν
2831 5588 2886 5641 αἱ
2911 5582 3260 5676 ’φαρμακιόᾶς
3293 5582 3533 5663 στρὲφειν
3567 5582 3643 5649 ὡς

297 5662 388 5736 (11
424 5660 501 5714 Δι’
534 5656 691 5728 ὅλης.
722 5658 1085 5735 Nioephorus
1138 5658 1306 5733 legit.
1368 5653 1435 5712 δι’
1495 5654 1633 5729 ὅλης
1682 5654 1740 5714 δὲ
1785 5678 1823 5713 τι

1992 5653 2469 5735 κατακῆλούμεναι
2490 5653 2630 5722 ’τοὺς
2661 5653 3080 5735 ἀγαπωμένους.
