3970 6218
424 328 579 388 1135

425 459 464 515 0
496 458 652 515 homo
681 459 881 515 audaci
906 476 936 515 θ
954 468 1162 516 natura
1190 462 1538 533 productum
1566 463 1893 533 arti/icium.

499 549 834 604 Artiﬁcium
866 550 1137 620 equidem
1170 550 1344 606 homo
1366 551 1604 618 dicitur,
1639 557 1843 623 utpote
1863 568 2075 607 arcana

429 645 485 694 et
516 639 843 695 incredibili
873 645 998 695 arte
1028 656 1062 695 a
1092 640 1207 695 Deo
1238 644 1634 697 constructus.
1663 641 1943 697 Eumdem
1970 642 2074 697 ho-

432 730 649 785 minem
674 729 928 802 appellat
944 730 1249 786 oraculum
1280 731 1561 786 audacem
1588 735 1953 801 naturam,ut
1973 731 2074 802 qui

432 819 588 874 circa
619 836 711 874 res
741 816 1088 873 excellentes
1112 824 1393 887 versetur,
1428 821 1605 876 modo
1626 819 1932 876 stellarum
1950 836 2078 875 cur-

434 922 566 960 sum
608 904 941 971 dimetiens,
976 905 1148 960 modo
1196 906 1741 976 supernaturalium
1792 906 2076 978 potentia-

435 1012 567 1049 rum
597 995 831 1049 ordines
862 999 1131 1049 accurate
1160 994 1486 1066 inquirens,
1522 1000 1695 1067 atque
1724 997 1869 1051 adeo
1899 994 2075 1050 etiam

434 1099 562 1154 quas
621 1083 787 1153 longe
835 1088 997 1137 extra
1044 1083 1245 1138 orbem
1278 1083 1573 1139 ccelestem
1627 1091 1767 1139 sunt
1814 1088 2077 1139 contem-

431 1170 623 1241 plans,
654 1176 712 1225 et
742 1172 812 1224 de
842 1170 959 1225 Deo
991 1172 1216 1242 aliquid
1250 1173 1538 1229 disserere
1569 1174 1950 1229 contendens.
1976 1171 2078 1228 Isti

432 1260 589 1314 enim
620 1259 801 1314 animi
830 1260 1319 1332 disquisitionum
1368 1267 1637 1332 conatus,
1668 1268 1887 1318 natura;
1936 1266 2078 1317 sunt

430 1348 797 1405 conﬁdentia.
830 1348 1152 1404 Audaciam
1174 1356 1371 1406 autem
1395 1350 1540 1406 dixit
1562 1356 1618 1405 et
1635 1350 2075 1416 conﬁdentiam,

427 1454 543 1492 non
579 1442 642 1492 ut
672 1436 1155 1509 calumniaretur,
1188 1439 1289 1495 sed
1319 1444 1384 1494 ut
1416 1445 1639 1495 natura
1664 1442 1951 1511 impetum
1974 1439 2075 1495 de-

427 1531 678 1583 notaret.

428 1645 489 1699 In
521 1644 771 1699 sinistre
800 1645 1019 1699 Hecates
1047 1644 1220 1699 ilibus
1251 1646 1391 1699 situs
1420 1652 1496 1699 est
1520 1647 1644 1716 fons
1673 1645 1920 1709 virtutis,

426 1717 579 1770 Intus
642 1720 786 1771 totus
842 1732 1092 1782 manens,
1154 1717 1536 1785 virginitatem
1583 1732 1870 1859 nunqutfm
1921 1715 2073 1772 dese-

1817 1804 1963 1843 rem.

504 1904 756 1961 Chaldaei
788 1905 1041 1960 Hecaten
1070 1905 1187 1960 deae
1218 1903 1344 1960 loco
1375 1903 1595 1960 habent
1634 1920 1761 1975 quas
1812 1903 2074 1960 medium

432 1996 698 2051 ordinem
730 1995 928 2063 ducat,
961 2000 1016 2049 et
1064 1994 1234 2065 quasi
1265 1998 1530 2049 centrum
1566 1993 1643 2049 sit
1673 1994 1938 2049 omnium
1972 2010 2074 2064 po-

434 2084 773 2139 tentiarum.
806 2083 867 2138 In
901 2082 1120 2138 dextris
1147 2084 1275 2153 ejus
1306 2082 1572 2154 partibus
1606 2082 1895 2137 collocant
1943 2084 2075 2137 fon-

431 2177 549 2228 tem
583 2172 939 2237 animarum,
991 2173 1049 2227 in
1091 2171 1347 2227 sinistris
1375 2171 1590 2227 fontem
1635 2173 1921 2227 bonorum
1954 2171 2075 2227 sive

429 2261 712 2315 virtutum
748 2278 761 2315 :
794 2264 1076 2331 aiuntque
1107 2263 1439 2316 animarum
1473 2262 1711 2332 quidem
1749 2264 1967 2316 fontem
2001 2261 2073 2316 ad

428 2351 908 2421 propagationem
943 2366 1069 2404 esse
1102 2350 1439 2421 proclivem,
1474 2354 1762 2405 virtutum
1798 2367 1930 2405 vero
1954 2352 2074 2405 fon-

425 2444 543 2494 tem
576 2439 729 2494 intra
762 2439 1005 2510 propriae
1037 2439 1305 2494 essentize
1347 2438 1563 2494 limites
1594 2439 1911 2495 coercitum
1958 2456 2077 2494 ma-

427 2542 586 2596 nere,
619 2528 865 2599 virginis
899 2528 1127 2582 intactae
1161 2530 1351 2582 instar
1373 2529 1803 2598 incorruptum,
1827 2544 2077 2598 eamque

428 2633 605 2687 quam
627 2616 803 2672 habet
825 2617 1164 2672 ﬁrmitatem
1187 2622 1244 2672 et
1261 2616 1734 2672 immobilitatem
1758 2616 1830 2672 ab
1864 2616 2074 2687 impla-

427 2706 705 2762 cabilium
747 2704 1140 2776 potentiarum
1175 2705 1452 2760 facultate
1502 2705 1783 2776 adeptum
1836 2721 1985 2776 esse,
2019 2709 2077 2762 et

426 2794 698 2867 virginali
728 2810 874 2850 zona
905 2795 1250 2850 accinctum.

429 2911 654 2981 Quando
682 2911 886 2967 videris
914 2910 1114 2982 absque
1142 2913 1327 2981 forma
1354 2913 1764 2966 sacrosanctum
1794 2912 1981 2981 ignem

426 2986 717 3039 Lucentem
748 2983 1082 3039 exsultando
1113 2988 1285 3038 totum
1304 2998 1406 3053 per
1433 2983 1632 3039 mundi
1656 2982 1958 3055 profunda,

424 3055 570 3113 Audi
599 3057 751 3129 ignis
782 3070 982 3111 vocem.

1758 329 2181 391 MICHAELIS
2225 329 2493 392 PSELLI

2094 463 2149 529 Α

2104 1837 2151 1900 Β

3635 345 3647 356 ’
3675 333 3809 395 1136

2310 463 2377 516 Ὦ
2404 461 2695 538 τολμηρᾶς
2724 460 2784 517 έκ
2812 460 3046 540 φύσεως,
3078 459 3351 538 ἄνθρωπε,
3381 460 3684 539 τέχνασμα.

2253 550 2549 625 Τέχνασμα
2605 550 2699 623 μὶν
2747 552 2850 627 γὰρ
2908 552 2937 605 ὁ
2996 550 3306 625 ἄνθρωπος,
3363 551 3437 613 ὡς
3499 553 3650 625 παρὰ
3697 560 3809 609 Θεοῦ

2183 638 2480 714 ἀπορρήτῳ
2507 637 2675 714 τέχνῃ
2706 640 2989 711 συντεθεὶς,
3031 639 3317 715 τολμηρὰν
3351 638 3409 695 δὲ
3455 640 3614 715 φύσιν
3672 643 3804 699 αὐτὸν

2184 727 2435 800 ὠνόμασε
2473 728 2535 782 τὸ
2586 727 2795 803 λόγιον,
2847 729 2924 791 ὡς
2972 728 3039 784 τὰ
3081 728 3357 805 κρείττονα
3412 735 3807 808 περιεργαζόμε-

2184 837 2297 885 νον,
2341 816 2432 871 καὶ
2483 814 2688 891 δρόμον
2743 818 2836 892 μὲν
2863 818 3102 893 ἀστέρων
3151 823 3615 893 καταμετροῦντα,
3675 822 3808 896 ὑπερ·

2186 911 2332 984 φυῶν
2367 903 2424 960 δί
2456 904 2737 980 δυνάμεων
2787 906 2960 978 τάξεις
2999 903 3402 981 διακριϐοὖντα,
3451 910 3542 964 καὶ
3591 909 3808 981 ἐξωτάτω

2183 1001 2283 1064 τῆς
2339 994 2591 1069 οὐρανίου
2644 995 2873 1072 σφαίρας
2925 995 3344 1065 διασκοποῦντα,
3396 999 3487 1053 καὶ
3532 1002 3654 1074 περὶ
3697 1005 3807 1056 Θεοῦ

2184 1104 2234 1136 τι
2269 1081 2446 1159 λέγειν
2483 1082 2899 1158 διατεινόμενον.
2952 1088 3023 1143 Αἱ
3077 1086 3176 1161 γὰρ
3234 1081 3489 1141 επιϐολαὶ
3544 1088 3696 1143 αὗται
3719 1094 3805 1144 τῶν

2184 1174 2503 1245 νοημάτων,
2553 1171 2841 1249 τολμηρᾶς
2890 1175 3123 1251 φύσεως.
3181 1174 3259 1233 Οὐ
3317 1172 3589 1252 διασύρων
3645 1173 3699 1232 δί
3741 1176 3810 1231 έν·

2184 1263 2353 1315 ταῦοα
2373 1263 2472 1331 τὴν
2501 1261 2714 1335 τόλμαν
2746 1262 2914 1333 εἶπεν,
2947 1260 3092 1319 ἀλλὰ
3120 1265 3219 1333 τήν
3278 1263 3460 1338 ὁρμὴν
3488 1272 3592 1335 τῆς
3622 1265 3804 1343 γῦσεως

2183 1350 2412 1405 τέθεικεν
2423 1394 2436 1407 .

2184 1649 2357 1713 Λαιῆς
2389 1643 2439 1697 ἐν
2475 1642 2698 1718 λαγόσιν
2726 1642 2955 1716 Ἑκάτης
2983 1644 3181 1721 ἀρετῆς
3209 1644 3343 1701 πέλε
3371 1647 3551 1775 πηέἠ,

2184 1712 2378 1772 Ἔνδον
2421 1714 2527 1775 ὅλη
2593 1712 2828 1775 μένουσα
2859 1758 2875 1775 .
2930 1718 2992 1772 τὸ
3047 1718 3332 1775 παρθένιον
3392 1722 3437 1775 (1
3495 1731 3506 1775 )

2182 1712 2378 1772 Ἕνδνον
2421 1714 2527 1785 ὅλη
2560 1712 2828 1789 ’μένουσα
2859 1758 2875 1786 ,
2911 1712 2992 1772 ⁷τὸ
3020 1712 3332 1793 ’παρθένιον
3392 1712 3623 1865 (1⁷3)”οἰῖ
3643 1730 3814 1807 ,προϊ-

3618 1812 3745 1847 εισα.

3618 1812 3745 1847 εισα.

2254 1903 2368 1971 Τὴν
2394 1901 2622 1974 Ἑκάτην
2654 1904 2706 1958 οἱ
2740 1901 3008 1959 Χαλδαῖοι
3035 1905 3152 1960 θεὸν
3181 1906 3454 1979 ὁρίζονται
3507 1905 3817 1980 μεσαιτάτῃ

2184 1988 2413 2068 ἄγουσαν
2469 1992 2639 2063 τάξιν,
2685 1992 2775 2047 καὶ
2821 1995 2936 2049 οἷον
2982 1995 3198 2070 κέντρον
3254 1989 3487 2071 ἔχουσαν
3536 2001 3649 2052 τῶν
3694 1996 3823 2053 δλῶν

2186 2077 2484 2153 δυνάμεων.
2527 2081 2631 2137 Καὶ
2685 2080 2735 2135 ἐν
2792 2082 2887 2155 μὶν
2925 2088 3043 2146 τοῖς
3085 2080 3281 2157 δεξιοῖς
3326 2084 3494 2154 αὐτῆς
3532 2085 3711 2159 μέρεσι
3749 2107 3821 2141 τιο

2185 2170 2330 2232 θέασι
2368 2172 2469 2239 τὴν
2520 2172 2699 2244 πηγὴν
2743 2175 2852 2226 τῶν
2902 2174 3117 2247 ψυχῶν
3172 2172 3224 2228 έν
3267 2170 3325 2229 δὲ
3352 2179 3467 2236 τοῖς
3507 2174 3814 2249 άριστεροῇ,

2181 2258 2280 2326 τὴν
2312 2259 2495 2334 πηγὴν
2520 2263 2626 2322 τῶν
2676 2260 2910 2335 ἀγαθῶν,
2958 2262 3046 2316 καί
3100 2283 3279 2338 φασιν,
3332 2261 3415 2317 ὅτι
3454 2266 3489 2333 ἡ
3540 2265 3639 2335 μὶν
3682 2265 3815 2338 πηγὴ

2182 2351 2290 2401 τῶν
2350 2348 2541 2423 ψυχῶν
2599 2344 2818 2421 ἕτοιμός
2875 2348 3014 2404 ἔστιν
3062 2349 3257 2414 εἰςτὰς
3315 2350 3734 2425 ἀπογεννήσειςο
3785 2353 3816 2420 ἡ

2184 2433 2241 2491 δὲ
2272 2438 2421 2512 πηγή
2468 2440 2576 2491 τῶν
2610 2436 2812 2511 ἀρετῶν
2855 2437 2906 2491 ἒν
2958 2436 3110 2512 ὅροις
3163 2440 3311 2512 μένει
3371 2437 3519 2495 ἔνδον
3555 2448 3655 2511 τῆς
3692 2438 3815 2501 ἰδίας

2184 2525 2388 2595 οὐσίας,
2433 2525 2523 2579 καὶ
2569 2528 2687 2580 οἷον
2735 2527 3001 2600 παρθένος
3034 2526 3145 2582 ἐστὶ
3196 2528 3286 2583 καὶ
3314 2529 3545 2605 ἀμιγὴς,
3598 2531 3659 2585 τὸ
3706 2528 3815 2583 στάς

2186 2636 2348 2686 σιμον
2398 2618 2560 2669 τοῦτο
2601 2614 2691 2669 καὶ
2736 2614 2988 2686 ἀκίνητον
3034 2616 3141 2671 ἀπὸ
3186 2624 3285 2687 τῆς
3332 2621 3441 2673 τῶν
3498 2616 3814 2690 ἀμειλίκτων

2186 2698 2427 2758 λαϐοῦσα
2495 2700 2814 2776 δυνάμεως,
2881 2703 2970 2760 καὶ
3018 2710 3257 2781 ζωστῆρι
3296 2712 3645 2779 κοσμηθεῖσα
3697 2726 3812 2779 παρα

2186 2797 2398 2864 θενικῷ.

2184 2907 2381 2987 Ἡνίκα,
2405 2907 2617 2984 tum
2651 2904 3267 2987 μορφῆς,ἅτιρ,,εὖΐερον
3297 2930 3405 2987 me?

2185 2978 2569 3054 Λαμπόμενον’
2641 2978 2934 3057 σκιρτηδὸν
2996 2978 3180 3037 ἐλον’
3244 2978 3384 3038 κατᾶ
3473 2982 3663 3058 βὲνθεα
3734 2984 3811 3039 κό-

2186 3120 2360 3187 Κλῦθι
2392 3123 2562 3199 πυρὸς
2592 3124 2802 3202 φωνήν.
3581 3058 3755 3130 [αμφὶ.

500 3242 630 3312 Agit
657 3241 960 3299 oraculum
1018 3242 1088 3297 de
1119 3240 1314 3296 divino
1355 3240 1489 3313 igne
1520 3258 1553 3297 a
1579 3240 1852 3313 plurimis
1882 3240 2061 3298 homi-

2256 3238 2385 3315 Περὶ
2415 3243 2511 3295 τοῦ
2556 3200 2845 3314 ὁρωμένου
2895 3236 3135 3304 πολλοῖς
3178 3244 3287 3295 τῶν
3337 3242 3645 3319 ἀνθρώπων
3687 3242 3815 3307 θείου

427 3333 605 3387 nibus
651 3336 985 3404 conspecto,
1048 3336 1379 3401 monetque,
1412 3346 1504 3400 ne,
1539 3330 1588 3386 si
1634 3330 1767 3402 quis
1820 3329 1936 3387 tale
1983 3329 2075 3387 lu-

430 3439 565 3478 men
596 3426 754 3478 certa
782 3422 983 3494 aliqua
1023 3422 1213 3477 forma
1260 3426 1318 3477 et
1360 3421 1545 3491 ﬁgura
1593 3426 2075 3492 repraasentatum

432 3514 645 3581 videat,
690 3512 826 3568 huic
886 3512 1131 3567 ulterius
1190 3512 1364 3565 ﬁdem
1418 3510 1720 3579 adhibeat,
1770 3526 1960 3581 neque
2006 3510 2077 3566 il-

434 3604 552 3659 linc
611 3604 894 3660 emissam
953 3620 1153 3659 vocem
1230 3619 1333 3674 pro
1407 3602 1717 3657 verissima
1786 3602 2075 3674 excipiat.

438 3695 654 3750 Contra
702 3693 752 3747 si
811 3692 869 3746 id
946 3693 1017 3746 ab
1078 3692 1238 3746 omni
1314 3691 1502 3746 forma
1557 3694 1614 3744 et
1686 3690 1875 3761 ﬁgura
1929 3690 2078 3747 libe-

440 3798 572 3836 rum
618 3780 770 3835 visui
813 3781 1112 3847 offeratur,
1168 3796 1283 3835 non
1337 3778 1680 3849 decipieris;
1742 3779 1843 3834 sed
1893 3781 2078 3850 quod-

433 3886 665 3940 cunque
712 3884 782 3923 ex
831 3868 931 3923 illo
986 3868 1465 3938 interrogaveris,
1511 3872 1665 3921 certo
1696 3883 1895 3922 verum
1945 3869 2075 3926 erit.

432 3956 782 4013 Nominatur
834 3961 1030 4012 autem
1084 3957 1195 4011 iste
1239 3956 1395 4033 ignis
1432 3962 1866 4027 sacrosanctus,
1920 3959 2075 4028 quod

428 4062 565 4102 cum
625 4047 833 4101 decore
891 4062 924 4100 a
981 4044 1168 4100 sacris
1224 4044 1367 4099 viris
1423 4045 1501 4103 sit
1557 4049 1942 4116 conSpectus,
2019 4052 2077 4103 et

426 4120 585 4191 totus
612 4134 755 4191 hinc
785 4134 946 4189 illinc
970 4134 1339 4201 subsultans,
1364 4149 1577 4205 magno
1610 4132 1823 4188 laetitiae
1853 4133 2076 4191 scilicet

425 4230 482 4281 et
522 4226 722 4297 gratim
755 4224 995 4291 indicio,
1028 4240 1130 4295 per
1160 4223 1366 4277 mundi
1401 4224 1678 4278 abstrusa
1708 4224 2070 4295 apparuerit.

422 4316 502 4371 Ne
533 4317 804 4371 vocaveris
835 4317 1134 4385 imaginem
1164 4321 1381 4369 natura?
1409 4328 1508 4383 per
1526 4327 1583 4367 se
1610 4312 1979 4384 conspicuam.

497 4404 781 4475 Inspectio
815 4420 917 4475 per
942 4420 1005 4460 sc
1036 4402 1271 4472 dicitur,
1307 4402 1542 4473 quando
1582 4402 1683 4473 qui
1726 4402 1906 4457 sacris
1957 4402 2072 4456 ini-

424 4494 606 4549 tiatus
662 4498 771 4563 est,
816 4492 1013 4548 divina
1070 4492 1225 4546 videt
1273 4490 1521 4545 lumina.
1558 4494 1629 4545 At
1683 4490 1731 4545 si
1780 4490 1875 4546 hic
1925 4489 2069 4545 nihil

2184 3329 2362 3395 φωτὸς
2406 3329 2469 3384 τὸ
2517 3327 2703 3405 λόγιον
2755 3325 3039 3401 διέξεισιν,
3106 3329 3182 3391 ὡς
3232 3330 3276 3386 εί
3327 3330 3420 3403 μὲν
3482 3331 3537 3387 ἑν
3590 3334 3816 3408 σχήματι

2182 3418 2272 3473 καὶ
2320 3421 2505 3491 μορφῇ
2555 3418 2698 3490 θεῲη
2747 3437 2829 3481 τις
2872 3417 2936 3472 τὸ
2980 3422 3232 3473 τοιοῦτον
3256 3424 3394 3493 φῶς,
3431 3421 3629 3493 μηκέτι
3657 3421 3818 3493 τούτῳ

2184 3503 2478 3582 προσχέτω
2524 3506 2614 3561 τὸν
2673 3510 2823 3574 νοῦν,
2892 3503 3033 3579 μηδὲ
3087 3508 3187 3576 τὴν
3236 3506 3434 3572 έκεῖθεν
3479 3510 3823 3583 πεμπομένην

2187 3598 2371 3673 φωνὴν
2414 3594 2788 3667 ἀληθεστάτην
2812 3596 3113 3669 νομισάτω.
3146 3596 3207 3651 Εἰ
3242 3594 3298 3651 δὲ
3320 3594 3437 3652 ’ίδοι
3468 3603 3631 3654 τοῦτο
3660 3600 3820 3674 άσγηο

2190 3686 2471 3759 μάτιστον,
2505 3684 2596 3739 καὶ
2648 3684 2974 3763 άμόρφωτον
3010 3728 3025 3754 ,
3082 3684 3486 3758 ἀνεξαπάτητος
3535 3685 3691 3743 ἔστω·
3739 3687 3819 3741 καὶ

2187 3770 2318 3847 ὅπερ
2372 3772 2432 3828 ἂν
2493 3772 2690 3829 ἐκεῖθεν
2742 3772 3066 3845 ἐρωτηθείη,
3119 3772 3318 3845 ἀληθές
3367 3774 3513 3831 ἐστιν
3563 3775 3818 3851 ἄντικρυς.

2188 3863 2405 3941 Εὐίερον
2461 3860 2519 3918 δὲ
2573 3863 2637 3918 τὸ
2662 3866 2910 3919 τοιοῦτον
2941 3867 3046 3937 πῦρ
3106 3862 3409 3937 ὠνόμασεν,
3471 3866 3551 3929 ὡς
3603 3866 3653 3921 ἐν
3683 3869 3819 3936 καιῷ

2184 3959 2300 4016 τοῖς
2348 3954 2515 4030 ἱεροῖς
2562 3949 2814 4028 ἀνδράσιν
2862 3951 3140 4027 ὁρώμενον
3198 3954 3288 4008 καὶ
3348 3953 3646 4032 σκιρτηδὸν
3703 3955 3819 4009 ὅλον

2183 4042 2634 4119 προφαινόμενον,
2676 4040 2803 4111 ἦτοι
2843 4041 3050 4116 ἱλαρῶς
3089 4041 3182 4098 καὶ
3224 4044 3558 4119 χαριέντως,
3590 4045 3723 4100 κατὰ
3759 4044 3815 4099 τὰ

2188 4133 2325 4208 βάθη
2355 4137 2453 4187 τοῦ
2483 4131 2714 4203 κόσμου.

2394 4311 2487 4380 Μὴ
2522 4309 2731 4389 φύσεως
2778 4308 3018 4386 καλέσῃς
3065 4307 3334 4367 αὕτοπτον
3373 4312 3623 4388 ἄγαλμα.

2250 4398 2497 4473 Αὖτοψία
2548 4398 2712 4469 έστῖν,
2757 4398 2880 4454 ὅταν
2933 4399 3096 4463 αὐτὸς
3148 4400 3177 4455 ὁ
3221 4398 3564 4475 τελούμενος
3608 4403 3673 4459 τὰ
3711 4404 3805 4456 θεῖα

2180 4493 2332 4567 φῶτα
2370 4489 2489 4564 ὁρᾷ.
2550 4488 2616 4545 Ei
2645 4487 2702 4543 δὶ
2757 4489 2914 4552 οὗτος
2944 4490 3040 4562 μὶν
3072 4486 3226 4544 οὗδὶν
3256 4490 3432 4566 ὁρῴη,
3467 4493 3499 4546 ὁ
3532 4490 3593 4548 δὲ
3620 4494 3713 4562 τήν
3734 4510 3805 4545 τε·

426 4582 640 4649 videat,
692 4582 792 4637 sed
852 4581 947 4637 ille
992 4580 1093 4651 qui
1144 4597 1311 4636 sacra
1357 4578 1591 4635 ordinat
1647 4585 1824 4651 atque
1873 4581 2061 4652 dispo.

2188 4578 2341 4648 λετὴν
2384 4576 2750 4651 διατιθέμενος
2799 4577 3058 4634 αὐτοπτεῖ
3085 4600 3136 4633 τι
3168 4578 3526 4655 φαινόμενον,
3579 4579 3805 4637 tremis

426 4672 532 4738 nit,
567 4674 863 4744 spectrum
912 4670 1149 4741 aliquod
1205 4687 1306 4741 per
1360 4686 1422 4725 se
1465 4672 1829 4734 contueatur,
1864 4668 1918 4723 id
1965 4669 2074 4724 ini-

426 4761 554 4817 tiati
612 4764 879 4832 respectu
942 4760 1407 4831 superinspectio
1467 4757 1817 4829 appellatur.
1851 4757 2072 4815 Notan-

425 4852 567 4906 dum
624 4854 821 4906 autem
880 4854 969 4904 est
1020 4848 1337 4919 imaginem
1392 4848 1452 4903 in
1499 4847 1680 4903 sacris
1728 4848 1951 4904 evocari
1983 4864 2075 4903 so-

424 4940 616 5007 litam,
676 4942 871 4995 mente
930 4937 1375 5009 perceptibilem
1435 4954 1564 4993 esse
1621 4936 1868 5005 debere,
1927 4942 1985 4993 et
2039 4954 2073 4993 a

424 5045 664 5102 corpore
717 5028 877 5085 omni
928 5044 1168 5099 prorsus
1225 5026 1636 5099 separabilem.
1696 5030 1931 5082 Natura:
1972 5043 2072 5083 au-

423 5127 541 5177 tem
575 5121 758 5176 forma
785 5116 904 5174 sive
935 5117 1152 5189 imago,
1186 5134 1300 5172 non
1332 5120 1422 5172 est
1454 5116 1839 5189 undiquaque
1877 5119 2074 5174 mente

424 5209 845 5282 perceptibilis,
900 5207 1037 5279 quia
1081 5209 1292 5261 natura
1342 5211 1407 5261 ut
1455 5205 1779 5278 plurimum
1824 5205 2071 5263 facultas

2179 4671 2341 4723 τοῦτο
2371 4668 2509 4742 πρὸς
2537 4669 2631 4723 τὸν
2658 4665 2991 4741 τελούμενον
3026 4666 3265 4743 λέγεται.
3304 4673 3397 4724 Δεῖ
3428 4667 3488 4725 δὲ
3536 4673 3598 4726 τὸ
3638 4667 3809 4725 καλοί·

2184 4778 2341 4828 μενον
2377 4753 2596 4831 ἄγαλμα
2626 4755 2677 4810 ἐν
2707 4762 2826 4819 ταῖς
2855 4754 3098 4819 τελεταῖς
3142 4758 3338 4828 νοητὸν
3385 4759 3547 4829 εἶναι,
3597 4760 3681 4815 καὶ
3724 4779 3807 4813 σιη-

2182 4844 2367 4919 μάτων
2409 4845 2711 4901 παντάπασι
2760 4842 3057 4920 χωριστόν.
3102 4846 3173 4901 Τὸ
3204 4844 3262 4902 δὲ
3304 4854 3405 4918 τῆς
3448 4849 3664 4927 φύσεως
3698 4847 3809 4920 μόρα

2180 4956 2347 5013 φωμα
2412 4936 2513 4990 οὐκ
2577 4929 2689 4991 ἔστι
2752 4936 3060 4991 παντάπασι
3113 4937 3351 5007 νοητόν·
3415 4939 3451 5008 ἡ
3521 4939 3625 5015 γὰρ
3674 4937 3804 5016 αὖθις

2180 5026 2446 5099 σωμάτων
2491 5023 2630 5079 ἐστὶν
2668 5024 2741 5087 ὡς
2774 5022 3187 5080 ὲπιτοπλεῖστον
3240 5022 3557 5097 διοικητική
3591 5025 3805 5098 δύναμις

2182 5115 2257 5189 μή
2310 5113 2399 5168 οὗν
2468 5111 2731 5189 καλέσῃς,
2780 5111 2967 5190 φησὶν,
3018 5110 3070 5167 έν
3117 5118 3236 5175 ταῖς
3276 5111 3528 5180 τελεταῖς
3566 5114 3804 5170 αὗτοατον

2178 5203 2387 5283 φύσεως
2417 5200 2661 5278 ἄγαλμα.
2696 5200 2935 5259 Ἐποίσιι
2976 5200 3079 5278 γάρ
3108 5222 3193 5257 σοι
3226 5205 3346 5277 μεθ’
3373 5204 3569 5260 ἔαυτοῦ
3596 5206 3806 5283 cimva

422 5305 511 5353 est
540 5315 847 5370 corporum
882 5295 1370 5352 administratrix.
1404 5296 1485 5351 Ne
1518 5296 1717 5367 igitur,
1759 5294 1975 5367 inquit,
2007 5294 2061 5351 in

2188 5291 2442 5369 τεττάρων
2479 5290 2641 5365 μόνον
2671 5290 2912 5362 πληθύν.

421 5388 606 5443 sacris
645 5386 1009 5442 caeremoniis
1058 5384 1307 5441 advoces
1360 5387 1585 5440 naturae
1625 5384 1945 5457 imaginem
2003 5400 2111 5441 sua
2150 5387 2357 5457 sponte
2388 5382 2789 5456 conspicuam.
2819 5380 2951 5438 Tibi
2982 5380 3142 5438 enim
3191 5380 3338 5439 nihil
3384 5399 3589 5443 secum
3635 5383 3810 5442 σίτοισι

420 5479 809 5549 praeterquam
842 5481 1093 5547 quatuor
1120 5472 1477 5530 naturalium
1502 5472 1928 5529 elementorum
1957 5474 2312 5545 congeriem.

1661 5571 1960 5630 JOANNIS
2000 5572 2316 5629 OPSOPzEI
2356 5571 2587 5629 NOTIE.

490 5667 601 5740 (13)
634 5664 950 5738 Παρθένιον.
983 5664 1202 5721 Versus
1235 5663 1487 5738 requirit
1513 5661 1775 5738 παρθένον
1806 5678 2016 5736 genere
2046 5680 2061 5720 ι

2188 5679 2277 5734 ro,
2312 5666 2377 5719 ut
2405 5677 2608 5735 supra,
2640 5658 2797 5733 quod
2829 5658 2925 5717 vix
2945 5657 3087 5717 alibi
3117 5659 3394 5734 reperias.
