  <div class='ocr_page' id='page_1' title='image "/cluster/home/n/w/nwhite01/storage/ocr_20150623/122/hvd.32044073502460/586.png"; bbox 0 0 3970 6218; ppageno 0'>
   <div class='ocr_carea' id='block_1_1' title="bbox 226 346 379 407">
    <p class='ocr_par' dir='ltr' id='par_1_1' title="bbox 226 346 379 407">
     <span class='ocr_line' id='line_1_1' title="bbox 226 346 379 407; baseline 0.013 -2"><span class='ocrx_word' id='word_1_1' title='bbox 226 346 379 407; x_wconf 81' lang='lat' dir='ltr'><strong><em>H37</em></strong></span> 
     </span>
    </p>
   </div>
   <div class='ocr_carea' id='block_1_2' title="bbox 1078 348 2775 421">
    <p class='ocr_par' dir='ltr' id='par_1_2' title="bbox 1078 348 2775 421">
     <span class='ocr_line' id='line_1_2' title="bbox 1078 348 2775 421; baseline 0.007 -12"><span class='ocrx_word' id='word_1_2' title='bbox 1078 348 1495 412; x_wconf 82' lang='lat' dir='ltr'><strong><em>EXPOSITIO</em></strong></span> <span class='ocrx_word' id='word_1_3' title='bbox 1542 353 2081 416; x_wconf 82' lang='lat' dir='ltr'><strong><em>ORACULORUM</em></strong></span> <span class='ocrx_word' id='word_1_4' title='bbox 2129 358 2279 419; x_wconf 83' lang='lat' dir='ltr'><strong><em>CHA</em></strong></span> <span class='ocrx_word' id='word_1_5' title='bbox 2293 360 2775 421; x_wconf 83' lang='lat' dir='ltr'><strong><em>LDAICORUM.</em></strong></span> 
     </span>
    </p>
   </div>
   <div class='ocr_carea' id='block_1_3' title="bbox 3470 366 3625 425">
    <p class='ocr_par' dir='ltr' id='par_1_3' title="bbox 3470 366 3625 425">
     <span class='ocr_line' id='line_1_3' title="bbox 3470 366 3625 425; baseline 0 -2"><span class='ocrx_word' id='word_1_6' title='bbox 3470 366 3625 425; x_wconf 80' lang='lat' dir='ltr'><strong><em>H38</em></strong></span> 
     </span>
    </p>
   </div>
   <div class='ocr_carea' id='block_1_4' title="bbox 227 476 1841 565">
    <p class='ocr_par' dir='ltr' id='par_1_4' title="bbox 227 476 1838 565">
     <span class='ocr_line' id='line_1_4' title="bbox 227 476 1838 565; baseline 0.005 -34"><span class='ocrx_word' id='word_1_7' title='bbox 227 480 273 537; x_wconf 83' lang='grc' dir='ltr'><em>Η</em></span> <span class='ocrx_word' id='word_1_8' title='bbox 342 476 499 555; x_wconf 69' lang='grc' dir='ltr'>φύσις</span> <span class='ocrx_word' id='word_1_9' title='bbox 564 478 737 534; x_wconf 87' lang='grc' dir='ltr'>πείθει</span> <span class='ocrx_word' id='word_1_10' title='bbox 808 476 1079 535; x_wconf 77' lang='grc' dir='ltr'><strong><em>πιστεύειν</em></strong></span> <span class='ocrx_word' id='word_1_11' title='bbox 1180 480 1311 537; x_wconf 75' lang='grc' dir='ltr'>εἶναι</span> <span class='ocrx_word' id='word_1_12' title='bbox 1393 480 1838 565; x_wconf 39' lang='grc' dir='ltr'>τοὺς-,δαίμονα</span> 
     </span>
    </p>
   </div>
   <div class='ocr_carea' id='block_1_5' title="bbox 2011 476 3457 565">
    <p class='ocr_par' dir='ltr' id='par_1_5' title="bbox 2011 491 3457 565">
     <span class='ocr_line' id='line_1_5' title="bbox 2011 491 3457 565; baseline 0.003 -19"><span class='ocrx_word' id='word_1_13' title='bbox 2011 491 2195 548; x_wconf 70' lang='lat' dir='ltr'><strong><em>latura</em></strong></span> <span class='ocrx_word' id='word_1_14' title='bbox 2222 493 2438 563; x_wconf 85' lang='lat' dir='ltr'><strong><em>suadet,</em></strong></span> <span class='ocrx_word' id='word_1_15' title='bbox 2470 501 2531 549; x_wconf 79' lang='lat' dir='ltr'><strong><em>ut</em></strong></span> <span class='ocrx_word' id='word_1_16' title='bbox 2557 494 2845 550; x_wconf 77' lang='lat' dir='ltr'><strong><em>credamus</em></strong></span> <span class='ocrx_word' id='word_1_17' title='bbox 2874 493 3062 565; x_wconf 83' lang='lat' dir='ltr'><strong><em>genios</em></strong></span> <span class='ocrx_word' id='word_1_18' title='bbox 3089 502 3297 551; x_wconf 85' lang='lat' dir='ltr'><strong><em>sanctos</em></strong></span> <span class='ocrx_word' id='word_1_19' title='bbox 3326 511 3457 552; x_wconf 77' lang='lat' dir='ltr'><strong><em>esse.</em></strong></span> 
     </span>
    </p>
   </div>
   <div class='ocr_carea' id='block_1_6' title="bbox 1548 556 1792 630">
    <p class='ocr_par' dir='ltr' id='par_1_6' title="bbox 1548 556 1792 630">
     <span class='ocr_line' id='line_1_6' title="bbox 1548 556 1792 630; baseline 0.004 -20"><span class='ocrx_word' id='word_1_20' title='bbox 1548 556 1792 630; x_wconf 78' lang='grc' dir='ltr'>[ἁγνούς.</span> 
     </span>
    </p>
   </div>
   <div class='ocr_carea' id='block_1_7' title="bbox 219 620 1869 772">
    <p class='ocr_par' dir='ltr' id='par_1_7' title="bbox 219 620 1869 772">
     <span class='ocr_line' id='line_1_7' title="bbox 219 620 1869 772; baseline 0.003 -95"><span class='ocrx_word' id='word_1_21' title='bbox 219 621 313 677; x_wconf 74' lang='grc' dir='ltr'>Καὶ</span> <span class='ocrx_word' id='word_1_22' title='bbox 392 622 459 676; x_wconf 79' lang='grc' dir='ltr'>τὰ</span> <span class='ocrx_word' id='word_1_23' title='bbox 540 627 712 691; x_wconf 81' lang='grc' dir='ltr'>κακῆς</span> <span class='ocrx_word' id='word_1_24' title='bbox 793 620 933 693; x_wconf 80' lang='grc' dir='ltr'>’ὑλης</span> <span class='ocrx_word' id='word_1_25' title='bbox 1027 621 1410 699; x_wconf 72' lang='grc' dir='ltr'><strong><em>βλαστήματα,</em></strong></span> <span class='ocrx_word' id='word_1_26' title='bbox 1488 620 1869 772; x_wconf 56' lang='grc' dir='ltr'>χριγιέτὲλάκαὶ</span> 
     </span>
     <span class='ocr_line' id='line_1_8' title="bbox 1638 722 1797 756; baseline 0.013 -2"><span class='ocrx_word' id='word_1_27' title='bbox 1638 722 1669 754; x_wconf 92' lang='grc' dir='ltr'><strong><em>σ</em></strong></span> <span class='ocrx_word' id='word_1_28' title='bbox 1784 742 1797 756; x_wconf 94' lang='grc'><strong>.</strong></span> 
     </span>
    </p>
   </div>
   <div class='ocr_carea' id='block_1_8' title="bbox 1638 722 1797 756">
    <p class='ocr_par' dir='ltr' id='par_1_8' title="bbox 1638 722 1797 756">
     <span class='ocr_line' id='line_1_9' title="bbox 1638 722 1797 756; baseline 0.013 -2"><span class='ocrx_word' id='word_1_29' title='bbox 1638 722 1797 756; x_wconf 81' lang='grc' dir='ltr'>συΛα.</span> 
     </span>
    </p>
   </div>
   <div class='ocr_carea' id='block_1_9' title="bbox 287 797 1869 881">
    <p class='ocr_par' dir='ltr' id='par_1_9' title="bbox 287 797 1869 881">
     <span class='ocr_line' id='line_1_10' title="bbox 287 797 1869 881; baseline 0.004 -26"><span class='ocrx_word' id='word_1_30' title='bbox 287 797 411 873; x_wconf 78' lang='grc' dir='ltr'>Οὐχ</span> <span class='ocrx_word' id='word_1_31' title='bbox 440 797 523 853; x_wconf 78' lang='grc' dir='ltr'><strong><em>ὅτι</em></strong></span> <span class='ocrx_word' id='word_1_32' title='bbox 555 798 690 869; x_wconf 85' lang='grc' dir='ltr'><strong><em>αύτὴ</em></strong></span> <span class='ocrx_word' id='word_1_33' title='bbox 723 799 896 855; x_wconf 90' lang='grc' dir='ltr'>πείθει</span> <span class='ocrx_word' id='word_1_34' title='bbox 926 799 1112 870; x_wconf 79' lang='grc' dir='ltr'>τοῦτο,</span> <span class='ocrx_word' id='word_1_35' title='bbox 1144 801 1270 859; x_wconf 79' lang='grc' dir='ltr'>ἀλλ’</span> <span class='ocrx_word' id='word_1_36' title='bbox 1320 803 1405 860; x_wconf 73' lang='grc' dir='ltr'>ὅτι</span> <span class='ocrx_word' id='word_1_37' title='bbox 1434 803 1730 877; x_wconf 79' lang='grc' dir='ltr'><strong><em>κληθείσης</em></strong></span> <span class='ocrx_word' id='word_1_38' title='bbox 1762 807 1869 881; x_wconf 80' lang='grc' dir='ltr'>πρὸ</span> 
     </span>
    </p>
   </div>
   <div class='ocr_carea' id='block_1_10' title="bbox 214 887 1865 970">
    <p class='ocr_par' dir='ltr' id='par_1_10' title="bbox 214 887 1865 970">
     <span class='ocr_line' id='line_1_11' title="bbox 214 887 1865 970; baseline 0.009 -31"><span class='ocrx_word' id='word_1_39' title='bbox 214 894 315 957; x_wconf 80' lang='grc' dir='ltr'><strong><em>τῆς</em></strong></span> <span class='ocrx_word' id='word_1_40' title='bbox 344 887 641 963; x_wconf 86' lang='grc' dir='ltr'>παρουσίας</span> <span class='ocrx_word' id='word_1_41' title='bbox 668 888 839 958; x_wconf 78' lang='grc' dir='ltr'>αὐτῆς</span> <span class='ocrx_word' id='word_1_42' title='bbox 872 888 1051 953; x_wconf 80' lang='grc' dir='ltr'>πολὺς</span> <span class='ocrx_word' id='word_1_43' title='bbox 1089 890 1301 969; x_wconf 77' lang='grc' dir='ltr'>ἐπιῤῥεῖ</span> <span class='ocrx_word' id='word_1_44' title='bbox 1351 890 1621 967; x_wconf 82' lang='grc' dir='ltr'><strong><em>δαιμόνων</em></strong></span> <span class='ocrx_word' id='word_1_45' title='bbox 1675 896 1865 970; x_wconf 85' lang='grc' dir='ltr'>χορὸς,</span> 
     </span>
    </p>
   </div>
   <div class='ocr_carea' id='block_1_11' title="bbox 213 973 1866 1059">
    <p class='ocr_par' dir='ltr' id='par_1_11' title="bbox 213 973 1866 1059">
     <span class='ocr_line' id='line_1_12' title="bbox 213 973 1866 1059; baseline 0.004 -28"><span class='ocrx_word' id='word_1_46' title='bbox 213 974 303 1031; x_wconf 82' lang='grc' dir='ltr'>καί</span> <span class='ocrx_word' id='word_1_47' title='bbox 351 973 660 1038; x_wconf 70' lang='grc' dir='ltr'><strong><em>πολυειδεῖς</em></strong></span> <span class='ocrx_word' id='word_1_48' title='bbox 713 978 1108 1055; x_wconf 77' lang='grc' dir='ltr'>προφαίνονται</span> <span class='ocrx_word' id='word_1_49' title='bbox 1177 984 1380 1059; x_wconf 76' lang='grc' dir='ltr'>μορφαὶ</span> <span class='ocrx_word' id='word_1_50' title='bbox 1460 980 1866 1055; x_wconf 86' lang='grc' dir='ltr'>δαιμονιώδεις,</span> 
     </span>
    </p>
   </div>
   <div class='ocr_carea' id='block_1_12' title="bbox 214 1064 1868 1147">
    <p class='ocr_par' dir='ltr' id='par_1_12' title="bbox 214 1064 1868 1147">
     <span class='ocr_line' id='line_1_13' title="bbox 214 1064 1868 1147; baseline 0.005 -27"><span class='ocrx_word' id='word_1_51' title='bbox 214 1066 321 1120; x_wconf 79' lang='grc' dir='ltr'>ἀπὸ</span> <span class='ocrx_word' id='word_1_52' title='bbox 370 1064 583 1120; x_wconf 78' lang='grc' dir='ltr'>πάντων</span> <span class='ocrx_word' id='word_1_53' title='bbox 637 1066 731 1139; x_wconf 77' lang='grc' dir='ltr'>μὶν</span> <span class='ocrx_word' id='word_1_54' title='bbox 776 1071 885 1121; x_wconf 89' lang='grc' dir='ltr'><strong><em>τῶν</em></strong></span> <span class='ocrx_word' id='word_1_55' title='bbox 938 1070 1229 1144; x_wconf 81' lang='grc' dir='ltr'>στοιχείων</span> <span class='ocrx_word' id='word_1_56' title='bbox 1275 1071 1705 1147; x_wconf 80' lang='grc' dir='ltr'>ἀνεγειρόμεναι,</span> <span class='ocrx_word' id='word_1_57' title='bbox 1762 1073 1868 1128; x_wconf 83' lang='grc' dir='ltr'>ἀπὸ</span> 
     </span>
    </p>
   </div>
   <div class='ocr_carea' id='block_1_13' title="bbox 211 1152 1867 1236">
    <p class='ocr_par' dir='ltr' id='par_1_13' title="bbox 211 1152 1867 1236">
     <span class='ocr_line' id='line_1_14' title="bbox 211 1152 1867 1236; baseline 0.005 -28"><span class='ocrx_word' id='word_1_58' title='bbox 211 1153 429 1209; x_wconf 79' lang='grc' dir='ltr'>πάντων</span> <span class='ocrx_word' id='word_1_59' title='bbox 460 1152 518 1209; x_wconf 67' lang='grc' dir='ltr'>δὲ</span> <span class='ocrx_word' id='word_1_60' title='bbox 545 1154 654 1209; x_wconf 83' lang='grc' dir='ltr'><strong><em>τῶν</em></strong></span> <span class='ocrx_word' id='word_1_61' title='bbox 688 1159 867 1229; x_wconf 87' lang='grc' dir='ltr'>μερῶν</span> <span class='ocrx_word' id='word_1_62' title='bbox 888 1161 985 1211; x_wconf 77' lang='grc' dir='ltr'><strong><em>τοῦ</em></strong></span> <span class='ocrx_word' id='word_1_63' title='bbox 1028 1156 1344 1229; x_wconf 85' lang='grc' dir='ltr'>σεληνιαίου</span> <span class='ocrx_word' id='word_1_64' title='bbox 1396 1157 1605 1235; x_wconf 84' lang='grc' dir='ltr'>δρόμου</span> <span class='ocrx_word' id='word_1_65' title='bbox 1658 1162 1867 1236; x_wconf 88' lang='grc' dir='ltr'>συγκεί-</span> 
     </span>
    </p>
   </div>
   <div class='ocr_carea' id='block_1_14' title="bbox 214 1242 1866 1325">
    <p class='ocr_par' dir='ltr' id='par_1_14' title="bbox 214 1242 1866 1325">
     <span class='ocr_line' id='line_1_15' title="bbox 214 1242 1866 1325; baseline 0.004 -28"><span class='ocrx_word' id='word_1_66' title='bbox 214 1242 373 1317; x_wconf 84' lang='grc' dir='ltr'>μεναί</span> <span class='ocrx_word' id='word_1_67' title='bbox 421 1263 482 1297; x_wconf 90' lang='grc' dir='ltr'><strong><em>τε</em></strong></span> <span class='ocrx_word' id='word_1_68' title='bbox 522 1245 613 1297; x_wconf 84' lang='grc' dir='ltr'><strong><em>καὶ</em></strong></span> <span class='ocrx_word' id='word_1_69' title='bbox 665 1243 1038 1320; x_wconf 85' lang='grc' dir='ltr'>μεριζόμεναι·</span> <span class='ocrx_word' id='word_1_70' title='bbox 1086 1247 1178 1301; x_wconf 81' lang='grc' dir='ltr'><strong><em>καὶ</em></strong></span> <span class='ocrx_word' id='word_1_71' title='bbox 1222 1246 1411 1324; x_wconf 68' lang='grc' dir='ltr'>ἰλαραί</span> <span class='ocrx_word' id='word_1_72' title='bbox 1449 1251 1540 1304; x_wconf 84' lang='grc' dir='ltr'>καὶ</span> <span class='ocrx_word' id='word_1_73' title='bbox 1585 1250 1866 1325; x_wconf 79' lang='grc' dir='ltr'>χαρίεσσαι</span> 
     </span>
    </p>
   </div>
   <div class='ocr_carea' id='block_1_15' title="bbox 210 1330 1867 1414">
    <p class='ocr_par' dir='ltr' id='par_1_15' title="bbox 210 1330 1867 1414">
     <span class='ocr_line' id='line_1_16' title="bbox 210 1330 1867 1414; baseline 0.004 -27"><span class='ocrx_word' id='word_1_74' title='bbox 210 1330 488 1391; x_wconf 77' lang='grc' dir='ltr'>πολλάκις</span> <span class='ocrx_word' id='word_1_75' title='bbox 518 1332 1162 1411; x_wconf 79' lang='grc' dir='ltr'>φαινόμεναι,φαντασίαν</span> <span class='ocrx_word' id='word_1_76' title='bbox 1192 1338 1338 1400; x_wconf 84' lang='grc' dir='ltr'>τινὸς</span> <span class='ocrx_word' id='word_1_77' title='bbox 1366 1338 1697 1414; x_wconf 80' lang='grc' dir='ltr'>ἀγαθότητος</span> <span class='ocrx_word' id='word_1_78' title='bbox 1730 1340 1867 1414; x_wconf 87' lang='grc' dir='ltr'>πρὸς</span> 
     </span>
    </p>
   </div>
   <div class='ocr_carea' id='block_1_16' title="bbox 208 1419 1103 1496">
    <p class='ocr_par' dir='ltr' id='par_1_16' title="bbox 208 1419 1103 1496">
     <span class='ocr_line' id='line_1_17' title="bbox 208 1419 1103 1496; baseline 0.007 -20"><span class='ocrx_word' id='word_1_79' title='bbox 208 1422 305 1476; x_wconf 86' lang='grc' dir='ltr'><strong><em>τὸν</em></strong></span> <span class='ocrx_word' id='word_1_80' title='bbox 334 1419 669 1494; x_wconf 79' lang='grc' dir='ltr'>τελούμενον</span> <span class='ocrx_word' id='word_1_81' title='bbox 699 1422 1103 1496; x_wconf 79' lang='grc' dir='ltr'>ὑποκρίνονται.</span> 
     </span>
    </p>
   </div>
   <div class='ocr_carea' id='block_1_17' title="bbox 268 1607 1439 1699">
    <p class='ocr_par' dir='ltr' id='par_1_17' title="bbox 268 1607 1439 1699">
     <span class='ocr_line' id='line_1_18' title="bbox 268 1607 1439 1699; baseline 0.005 -38"><span class='ocrx_word' id='word_1_82' title='bbox 268 1607 456 1699; x_wconf 43' lang='grc' dir='ltr'><strong><em>νιξοχῇ</em></strong></span> <span class='ocrx_word' id='word_1_83' title='bbox 491 1608 745 1698; x_wconf 58' lang='grc' dir='ltr'>μερόπων</span> <span class='ocrx_word' id='word_1_84' title='bbox 777 1610 1083 1699; x_wconf 50' lang='grc' dir='ltr'>Θεὸνυξιγξει</span> <span class='ocrx_word' id='word_1_85' title='bbox 1116 1609 1439 1699; x_wconf 39' lang='grc' dir='ltr'>εΐςᾼὲαυτὴν,</span> 
     </span>
    </p>
   </div>
   <div class='ocr_carea' id='block_1_18' title="bbox 212 1680 1395 1755">
    <p class='ocr_par' dir='ltr' id='par_1_18' title="bbox 212 1680 1395 1755">
     <span class='ocr_line' id='line_1_19' title="bbox 212 1680 1395 1755; baseline 0.005 -21"><span class='ocrx_word' id='word_1_86' title='bbox 212 1680 606 1755; x_wconf 58' lang='grc' dir='ltr'>ρύδὶνθνητὸχ</span> <span class='ocrx_word' id='word_1_87' title='bbox 641 1680 867 1755; x_wconf 75' lang='grc' dir='ltr'>ἔχουσα.</span> <span class='ocrx_word' id='word_1_88' title='bbox 904 1680 1395 1755; x_wconf 65' lang='grc' dir='ltr'>ὅλημεμὲθυσται.</span> 
     </span>
    </p>
   </div>
   <div class='ocr_carea' id='block_1_19' title="bbox 210 1749 1703 1832">
    <p class='ocr_par' dir='ltr' id='par_1_19' title="bbox 210 1749 1703 1832">
     <span class='ocr_line' id='line_1_20' title="bbox 210 1749 1703 1832; baseline 0.002 -23"><span class='ocrx_word' id='word_1_89' title='bbox 210 1749 507 1825; x_wconf 79' lang='grc' dir='ltr'>Ἁρμονίαν</span> <span class='ocrx_word' id='word_1_90' title='bbox 542 1749 709 1827; x_wconf 71' lang='grc' dir='ltr'>αὕχέί</span> <span class='ocrx_word' id='word_1_91' title='bbox 733 1752 860 1827; x_wconf 77' lang='grc' dir='ltr'>γὰρ,</span> <span class='ocrx_word' id='word_1_92' title='bbox 897 1749 1054 1829; x_wconf 62' lang='grc' dir='ltr'>ὑφ”ᾕ</span> <span class='ocrx_word' id='word_1_93' title='bbox 1078 1749 1211 1811; x_wconf 71' lang='grc' dir='ltr'>πέλε</span> <span class='ocrx_word' id='word_1_94' title='bbox 1241 1760 1401 1829; x_wconf 90' lang='grc' dir='ltr'>σῶμα</span> <span class='ocrx_word' id='word_1_95' title='bbox 1434 1757 1703 1832; x_wconf 85' lang='grc' dir='ltr'>βρότειον.</span> 
     </span>
    </p>
   </div>
   <div class='ocr_carea' id='block_1_20' title="bbox 288 1938 1864 2019">
    <p class='ocr_par' dir='ltr' id='par_1_20' title="bbox 288 1938 1864 2019">
     <span class='ocr_line' id='line_1_21' title="bbox 288 1938 1864 2019; baseline 0.001 -24"><span class='ocrx_word' id='word_1_96' title='bbox 288 1938 368 1995; x_wconf 83' lang='grc' dir='ltr'><strong>Τὸ</strong></span> <span class='ocrx_word' id='word_1_97' title='bbox 391 1943 557 2009; x_wconf 86' lang='grc' dir='ltr'>θεῖον,</span> <span class='ocrx_word' id='word_1_98' title='bbox 618 1939 774 2016; x_wconf 76' lang='grc' dir='ltr'>φησὶ,</span> <span class='ocrx_word' id='word_1_99' title='bbox 834 1944 939 2015; x_wconf 80' lang='grc' dir='ltr'><strong><em>πῦρ</em></strong></span> <span class='ocrx_word' id='word_1_100' title='bbox 982 1942 1017 2010; x_wconf 80' lang='grc' dir='ltr'><strong>ἡ</strong></span> <span class='ocrx_word' id='word_1_101' title='bbox 1077 1942 1232 2017; x_wconf 79' lang='grc' dir='ltr'>ψυχὴ</span> <span class='ocrx_word' id='word_1_102' title='bbox 1291 1943 1530 2019; x_wconf 75' lang='grc' dir='ltr'>βιάζεται</span> <span class='ocrx_word' id='word_1_103' title='bbox 1562 1943 1638 2006; x_wconf 82' lang='grc' dir='ltr'><strong><em>είς</em></strong></span> <span class='ocrx_word' id='word_1_104' title='bbox 1670 1944 1864 2012; x_wconf 74' lang='grc' dir='ltr'>ἑαυτὴν</span> 
     </span>
    </p>
   </div>
   <div class='ocr_carea' id='block_1_21' title="bbox 217 2027 1869 2106">
    <p class='ocr_par' dir='ltr' id='par_1_21' title="bbox 217 2027 1869 2106">
     <span class='ocr_line' id='line_1_22' title="bbox 217 2027 1869 2106; baseline 0.002 -24"><span class='ocrx_word' id='word_1_105' title='bbox 217 2029 405 2098; x_wconf 73' lang='grc' dir='ltr'>(τοῦτο</span> <span class='ocrx_word' id='word_1_106' title='bbox 463 2029 566 2103; x_wconf 72' lang='grc' dir='ltr'><strong><em>γάρ</em></strong></span> <span class='ocrx_word' id='word_1_107' title='bbox 624 2027 734 2083; x_wconf 82' lang='grc' dir='ltr'>ἐστι</span> <span class='ocrx_word' id='word_1_108' title='bbox 791 2030 853 2085; x_wconf 87' lang='grc' dir='ltr'>τὸ</span> <span class='ocrx_word' id='word_1_109' title='bbox 912 2028 1127 2106; x_wconf 79' lang='grc' dir='ltr'>ἄγχειν)</span> <span class='ocrx_word' id='word_1_110' title='bbox 1189 2029 1277 2086; x_wconf 80' lang='grc' dir='ltr'><strong><em>διὰ</em></strong></span> <span class='ocrx_word' id='word_1_111' title='bbox 1331 2039 1429 2102; x_wconf 82' lang='grc' dir='ltr'><strong><em>τῆς</em></strong></span> <span class='ocrx_word' id='word_1_112' title='bbox 1461 2032 1749 2096; x_wconf 81' lang='grc' dir='ltr'>ἀθανασίας</span> <span class='ocrx_word' id='word_1_113' title='bbox 1778 2032 1869 2088; x_wconf 84' lang='grc' dir='ltr'><strong><em>καὶ</em></strong></span> 
     </span>
    </p>
   </div>
   <div class='ocr_carea' id='block_1_22' title="bbox 214 2116 1870 2196">
    <p class='ocr_par' dir='ltr' id='par_1_22' title="bbox 214 2116 1870 2196">
     <span class='ocr_line' id='line_1_23' title="bbox 214 2116 1870 2196; baseline 0.004 -26"><span class='ocrx_word' id='word_1_114' title='bbox 214 2123 319 2186; x_wconf 77' lang='grc' dir='ltr'><strong><em>τῆς</em></strong></span> <span class='ocrx_word' id='word_1_115' title='bbox 366 2116 740 2188; x_wconf 82' lang='grc' dir='ltr'>καθαρότητος</span> <span class='ocrx_word' id='word_1_116' title='bbox 768 2160 780 2174; x_wconf 92' lang='grc'><strong>.</strong></span> <span class='ocrx_word' id='word_1_117' title='bbox 832 2117 963 2173; x_wconf 84' lang='grc' dir='ltr'>Τότε</span> <span class='ocrx_word' id='word_1_118' title='bbox 1009 2120 1111 2196; x_wconf 78' lang='grc' dir='ltr'><strong><em>γὰρ</em></strong></span> <span class='ocrx_word' id='word_1_119' title='bbox 1153 2118 1258 2192; x_wconf 76' lang='grc' dir='ltr'><strong><em>ὅλη</em></strong></span> <span class='ocrx_word' id='word_1_120' title='bbox 1316 2120 1665 2194; x_wconf 70' lang='grc' dir='ltr'>μετίίθυσται,</span> <span class='ocrx_word' id='word_1_121' title='bbox 1711 2144 1870 2177; x_wconf 86' lang='grc' dir='ltr'>τουτ-</span> 
     </span>
    </p>
   </div>
   <div class='ocr_carea' id='block_1_23' title="bbox 214 2204 1869 2285">
    <p class='ocr_par' dir='ltr' id='par_1_23' title="bbox 214 2204 1869 2285">
     <span class='ocr_line' id='line_1_24' title="bbox 214 2204 1869 2285; baseline 0.003 -24"><span class='ocrx_word' id='word_1_122' title='bbox 214 2205 353 2274; x_wconf 69' lang='grc' dir='ltr'>έστι,</span> <span class='ocrx_word' id='word_1_123' title='bbox 385 2204 692 2280; x_wconf 81' lang='grc' dir='ltr'>πληροῦται</span> <span class='ocrx_word' id='word_1_124' title='bbox 723 2214 825 2277; x_wconf 80' lang='grc' dir='ltr'>τῆς</span> <span class='ocrx_word' id='word_1_125' title='bbox 851 2207 1156 2282; x_wconf 87' lang='grc' dir='ltr'>κρείττονος</span> <span class='ocrx_word' id='word_1_126' title='bbox 1190 2212 1333 2279; x_wconf 77' lang='grc' dir='ltr'>ζωῆς</span> <span class='ocrx_word' id='word_1_127' title='bbox 1379 2210 1468 2265; x_wconf 86' lang='grc' dir='ltr'><strong><em>καὶ</em></strong></span> <span class='ocrx_word' id='word_1_128' title='bbox 1518 2210 1869 2285; x_wconf 74' lang='grc' dir='ltr'>ἐλλάμψεως,</span> 
     </span>
    </p>
   </div>
   <div class='ocr_carea' id='block_1_24' title="bbox 210 2294 1873 2374">
    <p class='ocr_par' dir='ltr' id='par_1_24' title="bbox 210 2294 1873 2374">
     <span class='ocr_line' id='line_1_25' title="bbox 210 2294 1873 2374; baseline 0.004 -26"><span class='ocrx_word' id='word_1_129' title='bbox 210 2294 305 2349; x_wconf 81' lang='grc' dir='ltr'><strong><em>καὶ</em></strong></span> <span class='ocrx_word' id='word_1_130' title='bbox 350 2295 469 2350; x_wconf 84' lang='grc' dir='ltr'>οἷον</span> <span class='ocrx_word' id='word_1_131' title='bbox 517 2294 780 2366; x_wconf 73' lang='grc' dir='ltr'>ὶξίσταται</span> <span class='ocrx_word' id='word_1_132' title='bbox 834 2297 1054 2367; x_wconf 70' lang='grc' dir='ltr'>ἑαυτῆς.</span> <span class='ocrx_word' id='word_1_133' title='bbox 1098 2300 1229 2355; x_wconf 75' lang='grc' dir='ltr'>Εἶτα</span> <span class='ocrx_word' id='word_1_134' title='bbox 1257 2300 1394 2373; x_wconf 87' lang='grc' dir='ltr'>πρὸς</span> <span class='ocrx_word' id='word_1_135' title='bbox 1442 2300 1612 2370; x_wconf 78' lang='grc' dir='ltr'>αὐτὴν</span> <span class='ocrx_word' id='word_1_136' title='bbox 1646 2301 1673 2355; x_wconf 91' lang='grc' dir='ltr'>ὁ</span> <span class='ocrx_word' id='word_1_137' title='bbox 1707 2299 1873 2374; x_wconf 86' lang='grc' dir='ltr'>λόγος</span> 
     </span>
    </p>
   </div>
   <div class='ocr_carea' id='block_1_25' title="bbox 211 2383 1869 2463">
    <p class='ocr_par' dir='ltr' id='par_1_25' title="bbox 211 2383 1869 2463">
     <span class='ocr_line' id='line_1_26' title="bbox 211 2383 1869 2463; baseline 0.015 -37"><span class='ocrx_word' id='word_1_138' title='bbox 211 2384 409 2461; x_wconf 59' lang='grc' dir='ltr'>φησὶν,</span> <span class='ocrx_word' id='word_1_139' title='bbox 459 2383 717 2457; x_wconf 77' lang='grc' dir='ltr'>ἁρμονίαν</span> <span class='ocrx_word' id='word_1_140' title='bbox 770 2383 951 2461; x_wconf 67' lang='grc' dir='ltr'>αὔχει,</span> <span class='ocrx_word' id='word_1_141' title='bbox 996 2388 1241 2442; x_wconf 75' lang='grc' dir='ltr'>τουτέστι</span> <span class='ocrx_word' id='word_1_142' title='bbox 1289 2388 1554 2462; x_wconf 80' lang='grc' dir='ltr'>σεμνύνου</span> <span class='ocrx_word' id='word_1_143' title='bbox 1610 2393 1679 2463; x_wconf 75' lang='grc' dir='ltr'>τῇ</span> <span class='ocrx_word' id='word_1_144' title='bbox 1737 2389 1869 2462; x_wconf 43' lang='lat' dir='ltr'><strong><em>agar</em></strong></span> 
     </span>
    </p>
   </div>
   <div class='ocr_carea' id='block_1_26' title="bbox 210 2472 1870 2553">
    <p class='ocr_par' dir='ltr' id='par_1_26' title="bbox 210 2472 1870 2553">
     <span class='ocr_line' id='line_1_27' title="bbox 210 2472 1870 2553; baseline 0.004 -27"><span class='ocrx_word' id='word_1_145' title='bbox 210 2477 297 2527; x_wconf 82' lang='grc' dir='ltr'><strong><em>νεῖ</em></strong></span> <span class='ocrx_word' id='word_1_146' title='bbox 340 2472 433 2527; x_wconf 83' lang='grc' dir='ltr'><strong><em>καὶ</em></strong></span> <span class='ocrx_word' id='word_1_147' title='bbox 484 2477 658 2547; x_wconf 80' lang='grc' dir='ltr'>νοητῇ</span> <span class='ocrx_word' id='word_1_148' title='bbox 702 2472 970 2548; x_wconf 79' lang='grc' dir='ltr'>ἁρμονίᾳ,</span> <span class='ocrx_word' id='word_1_149' title='bbox 1016 2474 1052 2550; x_wconf 73' lang='grc' dir='ltr'>ᾖ</span> <span class='ocrx_word' id='word_1_150' title='bbox 1102 2474 1435 2546; x_wconf 74' lang='grc' dir='ltr'>συνδέδεσαι,</span> <span class='ocrx_word' id='word_1_151' title='bbox 1484 2477 1870 2553; x_wconf 76' lang='grc' dir='ltr'>ἀριθμητικοῖς</span> 
     </span>
    </p>
   </div>
   <div class='ocr_carea' id='block_1_27' title="bbox 211 2555 1872 2643">
    <p class='ocr_par' dir='ltr' id='par_1_27' title="bbox 211 2555 1872 2643">
     <span class='ocr_line' id='line_1_28' title="bbox 211 2555 1872 2643; baseline 0.003 -26"><span class='ocrx_word' id='word_1_152' title='bbox 211 2555 411 2635; x_wconf 82' lang='grc' dir='ltr'>λόγοις</span> <span class='ocrx_word' id='word_1_153' title='bbox 468 2560 557 2616; x_wconf 82' lang='grc' dir='ltr'><strong><em>καὶ</em></strong></span> <span class='ocrx_word' id='word_1_154' title='bbox 619 2568 931 2635; x_wconf 80' lang='grc' dir='ltr'>μουσικοῖς.</span> <span class='ocrx_word' id='word_1_155' title='bbox 999 2565 1132 2620; x_wconf 84' lang='grc' dir='ltr'><strong><em>Ὑπὸ</em></strong></span> <span class='ocrx_word' id='word_1_156' title='bbox 1196 2566 1362 2641; x_wconf 80' lang='grc' dir='ltr'>ταύτῃ</span> <span class='ocrx_word' id='word_1_157' title='bbox 1416 2568 1517 2643; x_wconf 79' lang='grc' dir='ltr'>γὰρ</span> <span class='ocrx_word' id='word_1_158' title='bbox 1574 2571 1643 2632; x_wconf 81' lang='grc' dir='ltr'><strong><em>τῆ</em></strong></span> <span class='ocrx_word' id='word_1_159' title='bbox 1701 2571 1872 2641; x_wconf 81' lang='grc' dir='ltr'>νοητῇ</span> 
     </span>
    </p>
   </div>
   <div class='ocr_carea' id='block_1_28' title="bbox 211 2649 1870 2732">
    <p class='ocr_par' dir='ltr' id='par_1_28' title="bbox 211 2649 1870 2732">
     <span class='ocr_line' id='line_1_29' title="bbox 211 2649 1870 2732; baseline 0.005 -29"><span class='ocrx_word' id='word_1_160' title='bbox 211 2649 457 2724; x_wconf 76' lang='grc' dir='ltr'>ἁρμονίᾳ</span> <span class='ocrx_word' id='word_1_161' title='bbox 512 2651 603 2705; x_wconf 87' lang='grc' dir='ltr'><strong><em>καὶ</em></strong></span> <span class='ocrx_word' id='word_1_162' title='bbox 649 2650 711 2707; x_wconf 85' lang='grc' dir='ltr'>τὸ</span> <span class='ocrx_word' id='word_1_163' title='bbox 770 2652 1018 2728; x_wconf 86' lang='grc' dir='ltr'>βρότειον</span> <span class='ocrx_word' id='word_1_164' title='bbox 1076 2654 1165 2709; x_wconf 82' lang='grc' dir='ltr'><strong><em>καὶ</em></strong></span> <span class='ocrx_word' id='word_1_165' title='bbox 1230 2656 1478 2719; x_wconf 88' lang='grc' dir='ltr'>σύνθετον</span> <span class='ocrx_word' id='word_1_166' title='bbox 1518 2655 1870 2732; x_wconf 86' lang='grc' dir='ltr'>συνηρμόσθη</span> 
     </span>
    </p>
   </div>
   <div class='ocr_carea' id='block_1_29' title="bbox 212 2738 1872 2819">
    <p class='ocr_par' dir='ltr' id='par_1_29' title="bbox 212 2738 1872 2819">
     <span class='ocr_line' id='line_1_30' title="bbox 212 2738 1872 2819; baseline 0.003 -27"><span class='ocrx_word' id='word_1_167' title='bbox 212 2742 383 2811; x_wconf 86' lang='grc' dir='ltr'>σῶμα</span> <span class='ocrx_word' id='word_1_168' title='bbox 449 2738 647 2804; x_wconf 71' lang='grc' dir='ltr'>ἰκεῖθεν</span> <span class='ocrx_word' id='word_1_169' title='bbox 725 2738 1247 2816; x_wconf 77' lang='grc' dir='ltr'>ἑπιχορηγουμένην</span> <span class='ocrx_word' id='word_1_170' title='bbox 1325 2738 1455 2819; x_wconf 74' lang='grc' dir='ltr'>ἕχον</span> <span class='ocrx_word' id='word_1_171' title='bbox 1520 2744 1619 2814; x_wconf 79' lang='grc' dir='ltr'><strong><em>τήν</em></strong></span> <span class='ocrx_word' id='word_1_172' title='bbox 1681 2742 1872 2799; x_wconf 83' lang='grc' dir='ltr'>σύστα-</span> 
     </span>
    </p>
   </div>
   <div class='ocr_carea' id='block_1_30' title="bbox 214 2847 327 2884">
    <p class='ocr_par' dir='ltr' id='par_1_30' title="bbox 214 2847 327 2884">
     <span class='ocr_line' id='line_1_31' title="bbox 214 2847 327 2884; baseline 0.009 -2"><span class='ocrx_word' id='word_1_173' title='bbox 214 2847 327 2884; x_wconf 78' lang='grc' dir='ltr'>σιν.</span> 
     </span>
    </p>
   </div>
   <div class='ocr_carea' id='block_1_31' title="bbox 1508 3012 1873 3091">
    <p class='ocr_par' dir='ltr' id='par_1_31' title="bbox 1508 3012 1873 3091">
     <span class='ocr_line' id='line_1_32' title="bbox 1508 3012 1873 3091; baseline 0 -19"><span class='ocrx_word' id='word_1_174' title='bbox 1508 3012 1733 3091; x_wconf 76' lang='grc' dir='ltr'>ὄμματα</span> <span class='ocrx_word' id='word_1_175' title='bbox 1815 3015 1873 3072; x_wconf 76' lang='grc' dir='ltr'>δὲ</span> 
     </span>
    </p>
   </div>
   <div class='ocr_carea' id='block_1_32' title="bbox 1602 3091 1801 3164">
    <p class='ocr_par' dir='ltr' id='par_1_32' title="bbox 1602 3091 1801 3164">
     <span class='ocr_line' id='line_1_33' title="bbox 1602 3091 1801 3164; baseline 0 -20"><span class='ocrx_word' id='word_1_176' title='bbox 1602 3091 1801 3164; x_wconf 85' lang='grc' dir='ltr'>[πάντα</span> 
     </span>
    </p>
   </div>
   <div class='ocr_carea' id='block_1_33' title="bbox 212 3010 1421 3094">
    <p class='ocr_par' dir='ltr' id='par_1_33' title="bbox 212 3010 1421 3094">
     <span class='ocr_line' id='line_1_34' title="bbox 212 3010 1421 3094; baseline 0.002 -23"><span class='ocrx_word' id='word_1_177' title='bbox 212 3012 490 3088; x_wconf 82' lang='grc' dir='ltr'>Ἦγείσθω</span> <span class='ocrx_word' id='word_1_178' title='bbox 574 3016 761 3090; x_wconf 83' lang='grc' dir='ltr'>ψυχῆς</span> <span class='ocrx_word' id='word_1_179' title='bbox 847 3014 1012 3091; x_wconf 80' lang='grc' dir='ltr'>βάθος</span> <span class='ocrx_word' id='word_1_180' title='bbox 1097 3010 1421 3094; x_wconf 73' lang='grc' dir='ltr'><strong><em>ὁὶμϐροτον⁸</em></strong></span> 
     </span>
    </p>
   </div>
   <div class='ocr_carea' id='block_1_34' title="bbox 212 3152 901 3231">
    <p class='ocr_par' dir='ltr' id='par_1_34' title="bbox 212 3152 901 3231">
     <span class='ocr_line' id='line_1_35' title="bbox 212 3152 901 3231; baseline 0.001 -17"><span class='ocrx_word' id='word_1_181' title='bbox 212 3153 426 3231; x_wconf 79' lang='grc' dir='ltr'>Ἀρδην</span> <span class='ocrx_word' id='word_1_182' title='bbox 455 3154 744 3212; x_wconf 73' lang='grc' dir='ltr'>ἐκπίτασον</span> <span class='ocrx_word' id='word_1_183' title='bbox 770 3152 901 3215; x_wconf 76' lang='grc' dir='ltr'>ἅνω.</span> 
     </span>
    </p>
   </div>
   <div class='ocr_carea' id='block_1_35' title="bbox 1899 1859 1947 1925">
    <p class='ocr_par' dir='ltr' id='par_1_35' title="bbox 1899 1859 1947 1925">
     <span class='ocr_line' id='line_1_36' title="bbox 1899 1859 1947 1925; baseline 0 0"><span class='ocrx_word' id='word_1_184' title='bbox 1899 1859 1947 1925; x_wconf 88' lang='grc' dir='ltr'><strong>Β</strong></span> 
     </span>
    </p>
   </div>
   <div class='ocr_carea' id='block_1_36' title="bbox 1978 635 3311 709">
    <p class='ocr_par' dir='ltr' id='par_1_36' title="bbox 1978 635 3311 709">
     <span class='ocr_line' id='line_1_37' title="bbox 1978 635 3311 709; baseline 0.003 -20"><span class='ocrx_word' id='word_1_185' title='bbox 1978 635 2045 690; x_wconf 77' lang='grc' dir='ltr'><strong><em>ει</em></strong></span> <span class='ocrx_word' id='word_1_186' title='bbox 2070 651 2255 707; x_wconf 83' lang='lat' dir='ltr'><strong><em>prava</em></strong></span> <span class='ocrx_word' id='word_1_187' title='bbox 2283 639 2537 693; x_wconf 70' lang='lat' dir='ltr'><strong><em>materia</em></strong></span> <span class='ocrx_word' id='word_1_188' title='bbox 2565 639 2839 709; x_wconf 79' lang='lat' dir='ltr'><strong><em>germina,</em></strong></span> <span class='ocrx_word' id='word_1_189' title='bbox 2870 638 3041 692; x_wconf 78' lang='lat' dir='ltr'><strong><em>utilia</em></strong></span> <span class='ocrx_word' id='word_1_190' title='bbox 3067 645 3121 693; x_wconf 84' lang='lat' dir='ltr'><strong><em>et</em></strong></span> <span class='ocrx_word' id='word_1_191' title='bbox 3152 638 3311 694; x_wconf 87' lang='lat' dir='ltr'><strong><em>bona.</em></strong></span> 
     </span>
    </p>
   </div>
   <div class='ocr_carea' id='block_1_37' title="bbox 1979 811 3630 887">
    <p class='ocr_par' dir='ltr' id='par_1_37' title="bbox 1979 811 3630 887">
     <span class='ocr_line' id='line_1_38' title="bbox 1979 811 3630 887; baseline 0.004 -21"><span class='ocrx_word' id='word_1_192' title='bbox 1979 811 2105 867; x_wconf 91' lang='lat' dir='ltr'><strong><em>Non</em></strong></span> <span class='ocrx_word' id='word_1_193' title='bbox 2154 815 2310 885; x_wconf 93' lang='lat' dir='ltr'><strong><em>quod</em></strong></span> <span class='ocrx_word' id='word_1_194' title='bbox 2361 816 2491 887; x_wconf 90' lang='lat' dir='ltr'><strong><em>ipsa</em></strong></span> <span class='ocrx_word' id='word_1_195' title='bbox 2540 820 2753 871; x_wconf 90' lang='lat' dir='ltr'><strong><em>natura</em></strong></span> <span class='ocrx_word' id='word_1_196' title='bbox 2801 815 2909 870; x_wconf 90' lang='lat' dir='ltr'><strong><em>hoc</em></strong></span> <span class='ocrx_word' id='word_1_197' title='bbox 2958 815 3182 870; x_wconf 78' lang='lat' dir='ltr'><strong><em>ratione</em></strong></span> <span class='ocrx_word' id='word_1_198' title='bbox 3231 818 3497 884; x_wconf 83' lang='lat' dir='ltr'><strong><em>suadeat,</em></strong></span> <span class='ocrx_word' id='word_1_199' title='bbox 3528 820 3630 873; x_wconf 90' lang='lat' dir='ltr'><strong><em>sed</em></strong></span> 
     </span>
    </p>
   </div>
   <div class='ocr_carea' id='block_1_38' title="bbox 1979 902 3632 976">
    <p class='ocr_par' dir='ltr' id='par_1_38' title="bbox 1979 902 3632 976">
     <span class='ocr_line' id='line_1_39' title="bbox 1979 902 3632 976; baseline 0.003 -20"><span class='ocrx_word' id='word_1_200' title='bbox 1979 902 2135 971; x_wconf 88' lang='lat' dir='ltr'><strong><em>quod</em></strong></span> <span class='ocrx_word' id='word_1_201' title='bbox 2167 903 2215 956; x_wconf 87' lang='lat' dir='ltr'><strong><em>si</em></strong></span> <span class='ocrx_word' id='word_1_202' title='bbox 2248 905 2482 973; x_wconf 85' lang='lat' dir='ltr'><strong><em>quando</em></strong></span> <span class='ocrx_word' id='word_1_203' title='bbox 2514 904 2616 959; x_wconf 88' lang='lat' dir='ltr'><strong><em>illa</em></strong></span> <span class='ocrx_word' id='word_1_204' title='bbox 2663 909 2945 959; x_wconf 88' lang='lat' dir='ltr'><strong><em>evocetur.</em></strong></span> <span class='ocrx_word' id='word_1_205' title='bbox 2988 909 3122 958; x_wconf 82' lang='lat' dir='ltr'><strong><em>ante</em></strong></span> <span class='ocrx_word' id='word_1_206' title='bbox 3154 904 3469 960; x_wconf 83' lang='lat' dir='ltr'><strong><em>adventum</em></strong></span> <span class='ocrx_word' id='word_1_207' title='bbox 3502 908 3632 976; x_wconf 87' lang='lat' dir='ltr'><strong><em>ejus</em></strong></span> 
     </span>
    </p>
   </div>
   <div class='ocr_carea' id='block_1_39' title="bbox 1980 991 3634 1065">
    <p class='ocr_par' dir='ltr' id='par_1_39' title="bbox 1980 991 3634 1065">
     <span class='ocr_line' id='line_1_40' title="bbox 1980 991 3634 1065; baseline 0.004 -20"><span class='ocrx_word' id='word_1_208' title='bbox 1980 991 2257 1062; x_wconf 83' lang='lat' dir='ltr'><strong><em>frequens</em></strong></span> <span class='ocrx_word' id='word_1_209' title='bbox 2288 993 2625 1048; x_wconf 75' lang='lat' dir='ltr'><strong><em>daemonum</em></strong></span> <span class='ocrx_word' id='word_1_210' title='bbox 2659 999 2844 1048; x_wconf 77' lang='lat' dir='ltr'><strong><em>catus</em></strong></span> <span class='ocrx_word' id='word_1_211' title='bbox 2878 991 3104 1059; x_wconf 88' lang='lat' dir='ltr'><strong><em>afﬂuat,</em></strong></span> <span class='ocrx_word' id='word_1_212' title='bbox 3138 998 3195 1047; x_wconf 89' lang='lat' dir='ltr'><strong><em>et</em></strong></span> <span class='ocrx_word' id='word_1_213' title='bbox 3225 993 3367 1049; x_wconf 91' lang='lat' dir='ltr'><strong><em>varii</em></strong></span> <span class='ocrx_word' id='word_1_214' title='bbox 3400 996 3634 1065; x_wconf 83' lang='lat' dir='ltr'><strong><em>generis</em></strong></span> 
     </span>
    </p>
   </div>
   <div class='ocr_carea' id='block_1_40' title="bbox 1979 1079 3633 1155">
    <p class='ocr_par' dir='ltr' id='par_1_40' title="bbox 1979 1079 3633 1155">
     <span class='ocr_line' id='line_1_41' title="bbox 1979 1079 3633 1155; baseline 0.003 -21"><span class='ocrx_word' id='word_1_215' title='bbox 1979 1079 2294 1151; x_wconf 87' lang='lat' dir='ltr'><strong><em>formaque</em></strong></span> <span class='ocrx_word' id='word_1_216' title='bbox 2327 1086 2557 1152; x_wconf 89' lang='lat' dir='ltr'><strong><em>spectra</em></strong></span> <span class='ocrx_word' id='word_1_217' title='bbox 2587 1082 2946 1136; x_wconf 87' lang='lat' dir='ltr'><strong><em>damoniaca</em></strong></span> <span class='ocrx_word' id='word_1_218' title='bbox 2976 1088 3336 1152; x_wconf 88' lang='lat' dir='ltr'><strong><em>pracurrant</em></strong></span> <span class='ocrx_word' id='word_1_219' title='bbox 3365 1088 3419 1138; x_wconf 89' lang='lat' dir='ltr'><strong><em>et</em></strong></span> <span class='ocrx_word' id='word_1_220' title='bbox 3452 1100 3633 1155; x_wconf 88' lang='lat' dir='ltr'><strong><em>appa-</em></strong></span> 
     </span>
    </p>
   </div>
   <div class='ocr_carea' id='block_1_41' title="bbox 1978 1169 3635 1242">
    <p class='ocr_par' dir='ltr' id='par_1_41' title="bbox 1978 1169 3635 1242">
     <span class='ocr_line' id='line_1_42' title="bbox 1978 1169 3635 1242; baseline 0.004 -21"><span class='ocrx_word' id='word_1_221' title='bbox 1978 1173 2165 1232; x_wconf 85' lang='lat' dir='ltr'><strong><em>reant,</em></strong></span> <span class='ocrx_word' id='word_1_222' title='bbox 2198 1170 2270 1223; x_wconf 91' lang='lat' dir='ltr'><strong><em>ab</em></strong></span> <span class='ocrx_word' id='word_1_223' title='bbox 2302 1170 2578 1224; x_wconf 89' lang='lat' dir='ltr'><strong><em>omnibus</em></strong></span> <span class='ocrx_word' id='word_1_224' title='bbox 2611 1169 2823 1240; x_wconf 87' lang='lat' dir='ltr'><strong><em>partim</em></strong></span> <span class='ocrx_word' id='word_1_225' title='bbox 2853 1170 3162 1225; x_wconf 90' lang='lat' dir='ltr'><strong><em>elementis</em></strong></span> <span class='ocrx_word' id='word_1_226' title='bbox 3192 1170 3463 1238; x_wconf 87' lang='lat' dir='ltr'><strong><em>excitata,</em></strong></span> <span class='ocrx_word' id='word_1_227' title='bbox 3496 1189 3635 1242; x_wconf 92' lang='lat' dir='ltr'><strong><em>par-</em></strong></span> 
     </span>
    </p>
   </div>
   <div class='ocr_carea' id='block_1_42' title="bbox 1976 1257 3629 1329">
    <p class='ocr_par' dir='ltr' id='par_1_42' title="bbox 1976 1257 3629 1329">
     <span class='ocr_line' id='line_1_43' title="bbox 1976 1257 3629 1329; baseline 0.004 -19"><span class='ocrx_word' id='word_1_228' title='bbox 1976 1258 2082 1311; x_wconf 88' lang='lat' dir='ltr'><strong><em>tim</em></strong></span> <span class='ocrx_word' id='word_1_229' title='bbox 2116 1257 2187 1311; x_wconf 92' lang='lat' dir='ltr'><strong><em>ab</em></strong></span> <span class='ocrx_word' id='word_1_230' title='bbox 2219 1258 2493 1312; x_wconf 90' lang='lat' dir='ltr'><strong><em>omnibus</em></strong></span> <span class='ocrx_word' id='word_1_231' title='bbox 2526 1258 2753 1313; x_wconf 89' lang='lat' dir='ltr'><strong><em>lunaris</em></strong></span> <span class='ocrx_word' id='word_1_232' title='bbox 2804 1274 3014 1313; x_wconf 83' lang='lat' dir='ltr'><strong><em>cursus</em></strong></span> <span class='ocrx_word' id='word_1_233' title='bbox 3062 1258 3428 1329; x_wconf 88' lang='lat' dir='ltr'><strong><em>portionibus</em></strong></span> <span class='ocrx_word' id='word_1_234' title='bbox 3472 1277 3629 1316; x_wconf 81' lang='lat' dir='ltr'><strong><em>com-</em></strong></span> 
     </span>
    </p>
   </div>
   <div class='ocr_carea' id='block_1_43' title="bbox 1978 1346 3628 1419">
    <p class='ocr_par' dir='ltr' id='par_1_43' title="bbox 1978 1346 3628 1419">
     <span class='ocr_line' id='line_1_44' title="bbox 1978 1346 3628 1419; baseline 0.001 -18"><span class='ocrx_word' id='word_1_235' title='bbox 1978 1346 2167 1416; x_wconf 88' lang='lat' dir='ltr'><strong><em>posita</em></strong></span> <span class='ocrx_word' id='word_1_236' title='bbox 2196 1352 2253 1401; x_wconf 87' lang='lat' dir='ltr'><strong><em>et</em></strong></span> <span class='ocrx_word' id='word_1_237' title='bbox 2281 1346 2537 1402; x_wconf 88' lang='lat' dir='ltr'><strong><em>discreta</em></strong></span> <span class='ocrx_word' id='word_1_238' title='bbox 2570 1364 2582 1403; x_wconf 92' lang='lat'>:</span> <span class='ocrx_word' id='word_1_239' title='bbox 2617 1347 2735 1401; x_wconf 91' lang='lat' dir='ltr'><strong><em>imo</em></strong></span> <span class='ocrx_word' id='word_1_240' title='bbox 2767 1363 2902 1402; x_wconf 91' lang='lat' dir='ltr'><strong><em>cum</em></strong></span> <span class='ocrx_word' id='word_1_241' title='bbox 2952 1346 3153 1402; x_wconf 89' lang='lat' dir='ltr'><strong><em>latitia</em></strong></span> <span class='ocrx_word' id='word_1_242' title='bbox 3182 1353 3238 1403; x_wconf 90' lang='lat' dir='ltr'><strong><em>et</em></strong></span> <span class='ocrx_word' id='word_1_243' title='bbox 3266 1349 3455 1418; x_wconf 86' lang='lat' dir='ltr'><strong><em>gratia</em></strong></span> <span class='ocrx_word' id='word_1_244' title='bbox 3484 1365 3628 1419; x_wconf 90' lang='lat' dir='ltr'><strong><em>qua-</em></strong></span> 
     </span>
    </p>
   </div>
   <div class='ocr_carea' id='block_1_44' title="bbox 1976 1433 3633 1507">
    <p class='ocr_par' dir='ltr' id='par_1_44' title="bbox 1976 1433 3633 1507">
     <span class='ocr_line' id='line_1_45' title="bbox 1976 1433 3633 1507; baseline 0.002 -19"><span class='ocrx_word' id='word_1_245' title='bbox 1976 1433 2111 1489; x_wconf 89' lang='lat' dir='ltr'><strong><em>dam</em></strong></span> <span class='ocrx_word' id='word_1_246' title='bbox 2156 1434 2454 1490; x_wconf 91' lang='lat' dir='ltr'><strong><em>blanditia</em></strong></span> <span class='ocrx_word' id='word_1_247' title='bbox 2504 1436 2720 1507; x_wconf 88' lang='lat' dir='ltr'><strong><em>sapius</em></strong></span> <span class='ocrx_word' id='word_1_248' title='bbox 2769 1437 3132 1491; x_wconf 89' lang='lat' dir='ltr'><strong><em>occurrentia</em></strong></span> <span class='ocrx_word' id='word_1_249' title='bbox 3179 1436 3436 1507; x_wconf 88' lang='lat' dir='ltr'><strong><em>speciem</em></strong></span> <span class='ocrx_word' id='word_1_250' title='bbox 3466 1438 3633 1493; x_wconf 89' lang='lat' dir='ltr'><strong><em>boni-</em></strong></span> 
     </span>
    </p>
   </div>
   <div class='ocr_carea' id='block_1_45' title="bbox 1976 1523 2685 1594">
    <p class='ocr_par' dir='ltr' id='par_1_45' title="bbox 1976 1523 2685 1594">
     <span class='ocr_line' id='line_1_46' title="bbox 1976 1523 2685 1594; baseline 0.004 -17"><span class='ocrx_word' id='word_1_251' title='bbox 1976 1524 2115 1578; x_wconf 84' lang='lat' dir='ltr'><strong><em>tatis</em></strong></span> <span class='ocrx_word' id='word_1_252' title='bbox 2144 1523 2375 1579; x_wconf 89' lang='lat' dir='ltr'><strong><em>initiato</em></strong></span> <span class='ocrx_word' id='word_1_253' title='bbox 2406 1525 2685 1594; x_wconf 68' lang='lat' dir='ltr'><strong><em>praebent.</em></strong></span> 
     </span>
    </p>
   </div>
   <div class='ocr_carea' id='block_1_46' title="bbox 1974 1622 3447 1694">
    <p class='ocr_par' dir='ltr' id='par_1_46' title="bbox 1974 1622 3447 1694">
     <span class='ocr_line' id='line_1_47' title="bbox 1974 1622 3447 1694; baseline 0.003 -20"><span class='ocrx_word' id='word_1_254' title='bbox 1974 1622 2175 1694; x_wconf 52' lang='lat' dir='ltr'><strong><em>{inima</em></strong></span> <span class='ocrx_word' id='word_1_255' title='bbox 2199 1622 2483 1677; x_wconf 83' lang='lat' dir='ltr'><strong><em>hominum</em></strong></span> <span class='ocrx_word' id='word_1_256' title='bbox 2516 1627 2695 1677; x_wconf 87' lang='lat' dir='ltr'><strong><em>Deum</em></strong></span> <span class='ocrx_word' id='word_1_257' title='bbox 2725 1625 2786 1677; x_wconf 90' lang='lat' dir='ltr'><strong><em>in</em></strong></span> <span class='ocrx_word' id='word_1_258' title='bbox 2826 1624 3063 1692; x_wconf 83' lang='lat' dir='ltr'><strong><em>seipsum</em></strong></span> <span class='ocrx_word' id='word_1_259' title='bbox 3091 1625 3447 1694; x_wconf 83' lang='lat' dir='ltr'><strong><em>constringet,</em></strong></span> 
     </span>
    </p>
   </div>
   <div class='ocr_carea' id='block_1_47' title="bbox 1977 1692 3315 1761">
    <p class='ocr_par' dir='ltr' id='par_1_47' title="bbox 1977 1692 3315 1761">
     <span class='ocr_line' id='line_1_48' title="bbox 1977 1692 3315 1761; baseline 0 -14"><span class='ocrx_word' id='word_1_260' title='bbox 1977 1692 2040 1748; x_wconf 87' lang='lat' dir='ltr'><strong><em>Si</em></strong></span> <span class='ocrx_word' id='word_1_261' title='bbox 2064 1692 2213 1748; x_wconf 82' lang='lat' dir='ltr'><strong><em>nihil</em></strong></span> <span class='ocrx_word' id='word_1_262' title='bbox 2241 1694 2437 1749; x_wconf 78' lang='lat' dir='ltr'><strong><em>caduci</em></strong></span> <span class='ocrx_word' id='word_1_263' title='bbox 2464 1694 2734 1761; x_wconf 84' lang='lat' dir='ltr'><strong><em>obtinens,</em></strong></span> <span class='ocrx_word' id='word_1_264' title='bbox 2765 1699 2876 1749; x_wconf 82' lang='lat' dir='ltr'><strong><em>tota</em></strong></span> <span class='ocrx_word' id='word_1_265' title='bbox 2906 1695 3189 1750; x_wconf 82' lang='lat' dir='ltr'><strong><em>inebriata</em></strong></span> <span class='ocrx_word' id='word_1_266' title='bbox 3218 1698 3315 1749; x_wconf 81' lang='lat' dir='ltr'><strong><em>est.</em></strong></span> 
     </span>
    </p>
   </div>
   <div class='ocr_carea' id='block_1_48' title="bbox 1976 1766 3628 1909">
    <p class='ocr_par' dir='ltr' id='par_1_48' title="bbox 1976 1766 3628 1909">
     <span class='ocr_line' id='line_1_49' title="bbox 1976 1766 3628 1909; baseline 0.001 -90"><span class='ocrx_word' id='word_1_267' title='bbox 1976 1766 2338 1820; x_wconf 82' lang='lat' dir='ltr'><strong><em>Harmoniam</em></strong></span> <span class='ocrx_word' id='word_1_268' title='bbox 2394 1767 2542 1833; x_wconf 79' lang='lat' dir='ltr'><strong><em>iacta</em></strong></span> <span class='ocrx_word' id='word_1_269' title='bbox 2597 1782 2858 1837; x_wconf 84' lang='lat' dir='ltr'><strong><em>namque,</em></strong></span> <span class='ocrx_word' id='word_1_270' title='bbox 2914 1768 3014 1821; x_wconf 80' lang='lat' dir='ltr'><strong><em>sub</em></strong></span> <span class='ocrx_word' id='word_1_271' title='bbox 3070 1783 3179 1838; x_wconf 84' lang='lat' dir='ltr'><strong><em>qua</em></strong></span> <span class='ocrx_word' id='word_1_272' title='bbox 3220 1766 3628 1909; x_wconf 64' lang='lat' dir='ltr'><strong><em>corpus[vittale</em></strong></span> 
     </span>
     <span class='ocr_line' id='line_1_50' title="bbox 3451 1854 3547 1893; baseline -0.021 0"><span class='ocrx_word' id='word_1_273' title='bbox 3451 1854 3505 1893; x_wconf 89' lang='lat' dir='ltr'><strong><em>es</em></strong></span> <span class='ocrx_word' id='word_1_274' title='bbox 3536 1880 3547 1891; x_wconf 93' lang='lat'><strong><em>.</em></strong></span> 
     </span>
    </p>
   </div>
   <div class='ocr_carea' id='block_1_49' title="bbox 3451 1854 3547 1893">
    <p class='ocr_par' dir='ltr' id='par_1_49' title="bbox 3451 1854 3547 1893">
     <span class='ocr_line' id='line_1_51' title="bbox 3451 1854 3547 1893; baseline -0.021 0"><span class='ocrx_word' id='word_1_275' title='bbox 3451 1854 3547 1893; x_wconf 77' lang='lat' dir='ltr'><strong><em>est.</em></strong></span> 
     </span>
    </p>
   </div>
   <div class='ocr_carea' id='block_1_50' title="bbox 2047 1934 3623 2008">
    <p class='ocr_par' dir='ltr' id='par_1_50' title="bbox 2047 1934 3623 2008">
     <span class='ocr_line' id='line_1_52' title="bbox 2047 1934 3623 2008; baseline 0.001 -19"><span class='ocrx_word' id='word_1_276' title='bbox 2047 1934 2143 1989; x_wconf 85' lang='lat' dir='ltr'><strong><em>Ait</em></strong></span> <span class='ocrx_word' id='word_1_277' title='bbox 2171 1934 2327 2006; x_wconf 91' lang='lat' dir='ltr'><strong><em>quod</em></strong></span> <span class='ocrx_word' id='word_1_278' title='bbox 2358 1935 2557 1991; x_wconf 90' lang='lat' dir='ltr'><strong><em>anima</em></strong></span> <span class='ocrx_word' id='word_1_279' title='bbox 2588 1934 2647 1990; x_wconf 91' lang='lat' dir='ltr'><strong><em>in</em></strong></span> <span class='ocrx_word' id='word_1_280' title='bbox 2680 1934 2936 2006; x_wconf 87' lang='lat' dir='ltr'><strong><em>seipsam</em></strong></span> <span class='ocrx_word' id='word_1_281' title='bbox 2980 1935 3034 1989; x_wconf 86' lang='lat' dir='ltr'><strong><em>vi</em></strong></span> <span class='ocrx_word' id='word_1_282' title='bbox 3086 1934 3398 2007; x_wconf 82' lang='lat' dir='ltr'><strong><em>compellat</em></strong></span> <span class='ocrx_word' id='word_1_283' title='bbox 3424 1935 3623 2008; x_wconf 84' lang='lat' dir='ltr'><strong><em>ignem</em></strong></span> 
     </span>
    </p>
   </div>
   <div class='ocr_carea' id='block_1_51' title="bbox 1978 2024 3626 2099">
    <p class='ocr_par' dir='ltr' id='par_1_51' title="bbox 1978 2024 3626 2099">
     <span class='ocr_line' id='line_1_53' title="bbox 1978 2024 3626 2099; baseline 0.001 -21"><span class='ocrx_word' id='word_1_284' title='bbox 1978 2024 2243 2080; x_wconf 89' lang='lat' dir='ltr'><strong><em>divinum</em></strong></span> <span class='ocrx_word' id='word_1_285' title='bbox 2275 2024 2355 2095; x_wconf 82' lang='lat' dir='ltr'><strong><em>(id</em></strong></span> <span class='ocrx_word' id='word_1_286' title='bbox 2388 2024 2541 2080; x_wconf 91' lang='lat' dir='ltr'><strong><em>enim</em></strong></span> <span class='ocrx_word' id='word_1_287' title='bbox 2577 2025 2687 2080; x_wconf 90' lang='lat' dir='ltr'><strong><em>sibi</em></strong></span> <span class='ocrx_word' id='word_1_288' title='bbox 2714 2024 2835 2080; x_wconf 89' lang='lat' dir='ltr'><strong><em>vult</em></strong></span> <span class='ocrx_word' id='word_1_289' title='bbox 2862 2025 2923 2077; x_wconf 81' lang='grc' dir='ltr'>τὸ</span> <span class='ocrx_word' id='word_1_290' title='bbox 2956 2024 3166 2099; x_wconf 76' lang='grc' dir='ltr'>ἄγχειν,</span> <span class='ocrx_word' id='word_1_291' title='bbox 3206 2025 3626 2096; x_wconf 85' lang='lat' dir='ltr'><strong><em>constringere)</em></strong></span> 
     </span>
    </p>
   </div>
   <div class='ocr_carea' id='block_1_52' title="bbox 1976 2112 3629 2185">
    <p class='ocr_par' dir='ltr' id='par_1_52' title="bbox 1976 2112 3629 2185">
     <span class='ocr_line' id='line_1_54' title="bbox 1976 2112 3629 2185; baseline 0.001 -16"><span class='ocrx_word' id='word_1_292' title='bbox 1976 2113 2203 2169; x_wconf 87' lang='lat' dir='ltr'><strong><em>ratione</em></strong></span> <span class='ocrx_word' id='word_1_293' title='bbox 2234 2112 2690 2169; x_wconf 85' lang='lat' dir='ltr'><strong><em>immortalitatis</em></strong></span> <span class='ocrx_word' id='word_1_294' title='bbox 2722 2118 2778 2168; x_wconf 88' lang='lat' dir='ltr'><strong><em>et</em></strong></span> <span class='ocrx_word' id='word_1_295' title='bbox 2808 2113 3101 2185; x_wconf 85' lang='lat' dir='ltr'><strong><em>puritatis.</em></strong></span> <span class='ocrx_word' id='word_1_296' title='bbox 3134 2114 3298 2169; x_wconf 90' lang='lat' dir='ltr'><strong><em>Tunc</em></strong></span> <span class='ocrx_word' id='word_1_297' title='bbox 3327 2115 3483 2170; x_wconf 89' lang='lat' dir='ltr'><strong><em>enim</em></strong></span> <span class='ocrx_word' id='word_1_298' title='bbox 3506 2118 3629 2170; x_wconf 88' lang='lat' dir='ltr'><strong><em>tota</em></strong></span> 
     </span>
    </p>
   </div>
   <div class='ocr_carea' id='block_1_53' title="bbox 1979 2202 3633 2275">
    <p class='ocr_par' dir='ltr' id='par_1_53' title="bbox 1979 2202 3633 2275">
     <span class='ocr_line' id='line_1_55' title="bbox 1979 2202 3633 2275; baseline -0.001 -17"><span class='ocrx_word' id='word_1_299' title='bbox 1979 2202 2269 2258; x_wconf 89' lang='lat' dir='ltr'><strong><em>inebriata</em></strong></span> <span class='ocrx_word' id='word_1_300' title='bbox 2294 2206 2405 2270; x_wconf 90' lang='lat' dir='ltr'><strong><em>est,</em></strong></span> <span class='ocrx_word' id='word_1_301' title='bbox 2431 2202 2487 2256; x_wconf 89' lang='lat' dir='ltr'><strong><em>id</em></strong></span> <span class='ocrx_word' id='word_1_302' title='bbox 2521 2208 2610 2258; x_wconf 89' lang='lat' dir='ltr'><strong><em>est</em></strong></span> <span class='ocrx_word' id='word_1_303' title='bbox 2640 2202 2918 2275; x_wconf 71' lang='lat' dir='ltr'><strong><em>impletur</em></strong></span> <span class='ocrx_word' id='word_1_304' title='bbox 2948 2203 3332 2275; x_wconf 81' lang='lat' dir='ltr'><strong><em>prastantiori</em></strong></span> <span class='ocrx_word' id='word_1_305' title='bbox 3356 2204 3472 2259; x_wconf 89' lang='lat' dir='ltr'><strong><em>vita</em></strong></span> <span class='ocrx_word' id='word_1_306' title='bbox 3492 2208 3548 2258; x_wconf 92' lang='lat' dir='ltr'><strong><em>et</em></strong></span> <span class='ocrx_word' id='word_1_307' title='bbox 3570 2203 3633 2257; x_wconf 92' lang='lat' dir='ltr'><strong><em>i1-</em></strong></span> 
     </span>
    </p>
   </div>
   <div class='ocr_carea' id='block_1_54' title="bbox 1978 2291 3634 2364">
    <p class='ocr_par' dir='ltr' id='par_1_54' title="bbox 1978 2291 3634 2364">
     <span class='ocr_line' id='line_1_56' title="bbox 1978 2291 3634 2364; baseline 0.001 -17"><span class='ocrx_word' id='word_1_308' title='bbox 1978 2291 2446 2359; x_wconf 88' lang='lat' dir='ltr'><strong><em>luminatione,et</em></strong></span> <span class='ocrx_word' id='word_1_309' title='bbox 2468 2292 2637 2363; x_wconf 88' lang='lat' dir='ltr'><strong><em>quasi</em></strong></span> <span class='ocrx_word' id='word_1_310' title='bbox 2655 2296 2817 2347; x_wconf 81' lang='lat' dir='ltr'><strong><em>extra</em></strong></span> <span class='ocrx_word' id='word_1_311' title='bbox 2838 2292 3093 2364; x_wconf 89' lang='lat' dir='ltr'><strong><em>seipsam</em></strong></span> <span class='ocrx_word' id='word_1_312' title='bbox 3114 2297 3399 2347; x_wconf 82' lang='lat' dir='ltr'><strong><em>movetur.</em></strong></span> <span class='ocrx_word' id='word_1_313' title='bbox 3415 2292 3634 2348; x_wconf 88' lang='lat' dir='ltr'><strong><em>Deinde</em></strong></span> 
     </span>
    </p>
   </div>
   <div class='ocr_carea' id='block_1_55' title="bbox 1980 2379 3630 2453">
    <p class='ocr_par' dir='ltr' id='par_1_55' title="bbox 1980 2379 3630 2453">
     <span class='ocr_line' id='line_1_57' title="bbox 1980 2379 3630 2453; baseline -0.001 -17"><span class='ocrx_word' id='word_1_314' title='bbox 1980 2380 2171 2452; x_wconf 90' lang='lat' dir='ltr'><strong><em>ipsam</em></strong></span> <span class='ocrx_word' id='word_1_315' title='bbox 2206 2380 2465 2436; x_wconf 89' lang='lat' dir='ltr'><strong><em>animam</em></strong></span> <span class='ocrx_word' id='word_1_316' title='bbox 2511 2379 2830 2453; x_wconf 82' lang='lat' dir='ltr'><strong><em>alloquitur</em></strong></span> <span class='ocrx_word' id='word_1_317' title='bbox 2880 2383 3183 2436; x_wconf 87' lang='lat' dir='ltr'><strong><em>oraculum</em></strong></span> <span class='ocrx_word' id='word_1_318' title='bbox 3235 2381 3457 2452; x_wconf 91' lang='lat' dir='ltr'><strong><em>dicens,</em></strong></span> <span class='ocrx_word' id='word_1_319' title='bbox 3492 2383 3630 2436; x_wconf 86' lang='lat' dir='ltr'><strong><em>Har-</em></strong></span> 
     </span>
    </p>
   </div>
   <div class='ocr_carea' id='block_1_56' title="bbox 1980 2469 3634 2541">
    <p class='ocr_par' dir='ltr' id='par_1_56' title="bbox 1980 2469 3634 2541">
     <span class='ocr_line' id='line_1_58' title="bbox 1980 2469 3634 2541; baseline 0 -16"><span class='ocrx_word' id='word_1_320' title='bbox 1980 2472 2227 2525; x_wconf 85' lang='lat' dir='ltr'><strong><em>moniam</em></strong></span> <span class='ocrx_word' id='word_1_321' title='bbox 2248 2471 2422 2541; x_wconf 86' lang='lat' dir='ltr'><strong><em>jacta,</em></strong></span> <span class='ocrx_word' id='word_1_322' title='bbox 2464 2469 2521 2524; x_wconf 92' lang='lat' dir='ltr'><strong><em>id</em></strong></span> <span class='ocrx_word' id='word_1_323' title='bbox 2555 2474 2643 2525; x_wconf 89' lang='lat' dir='ltr'><strong><em>est</em></strong></span> <span class='ocrx_word' id='word_1_324' title='bbox 2691 2470 2943 2541; x_wconf 87' lang='lat' dir='ltr'><strong><em>gloriare</em></strong></span> <span class='ocrx_word' id='word_1_325' title='bbox 2990 2471 3060 2525; x_wconf 91' lang='lat' dir='ltr'><strong><em>de</em></strong></span> <span class='ocrx_word' id='word_1_326' title='bbox 3092 2471 3345 2526; x_wconf 88' lang='lat' dir='ltr'><strong><em>obscura</em></strong></span> <span class='ocrx_word' id='word_1_327' title='bbox 3376 2474 3432 2525; x_wconf 91' lang='lat' dir='ltr'><strong><em>et</em></strong></span> <span class='ocrx_word' id='word_1_328' title='bbox 3462 2470 3634 2526; x_wconf 88' lang='lat' dir='ltr'><strong><em>intel-</em></strong></span> 
     </span>
    </p>
   </div>
   <div class='ocr_carea' id='block_1_57' title="bbox 1981 2558 3634 2631">
    <p class='ocr_par' dir='ltr' id='par_1_57' title="bbox 1981 2558 3634 2631">
     <span class='ocr_line' id='line_1_59' title="bbox 1981 2558 3634 2631; baseline 0 -17"><span class='ocrx_word' id='word_1_329' title='bbox 1981 2558 2192 2631; x_wconf 83' lang='lat' dir='ltr'><strong><em>ligiblli</em></strong></span> <span class='ocrx_word' id='word_1_330' title='bbox 2224 2558 2759 2630; x_wconf 87' lang='lat' dir='ltr'><strong><em>coagmentatione,</em></strong></span> <span class='ocrx_word' id='word_1_331' title='bbox 2792 2576 2907 2630; x_wconf 90' lang='lat' dir='ltr'><strong><em>qua</em></strong></span> <span class='ocrx_word' id='word_1_332' title='bbox 2953 2558 3227 2631; x_wconf 87' lang='lat' dir='ltr'><strong><em>colligata</em></strong></span> <span class='ocrx_word' id='word_1_333' title='bbox 3256 2576 3317 2614; x_wconf 89' lang='lat' dir='ltr'><strong><em>es</em></strong></span> <span class='ocrx_word' id='word_1_334' title='bbox 3349 2559 3634 2614; x_wconf 86' lang='lat' dir='ltr'><strong><em>arithme-</em></strong></span> 
     </span>
    </p>
   </div>
   <div class='ocr_carea' id='block_1_58' title="bbox 1981 2648 3633 2719">
    <p class='ocr_par' dir='ltr' id='par_1_58' title="bbox 1981 2648 3633 2719">
     <span class='ocr_line' id='line_1_60' title="bbox 1981 2648 3633 2719; baseline -0.001 -16"><span class='ocrx_word' id='word_1_335' title='bbox 1981 2648 2114 2704; x_wconf 88' lang='lat' dir='ltr'><strong><em>ticis</em></strong></span> <span class='ocrx_word' id='word_1_336' title='bbox 2146 2653 2201 2702; x_wconf 90' lang='lat' dir='ltr'><strong><em>et</em></strong></span> <span class='ocrx_word' id='word_1_337' title='bbox 2233 2648 2477 2702; x_wconf 89' lang='lat' dir='ltr'><strong><em>musicis</em></strong></span> <span class='ocrx_word' id='word_1_338' title='bbox 2528 2648 3023 2719; x_wconf 85' lang='lat' dir='ltr'><strong><em>proportionibus.</em></strong></span> <span class='ocrx_word' id='word_1_339' title='bbox 3064 2648 3183 2703; x_wconf 92' lang='lat' dir='ltr'><strong><em>Sub</em></strong></span> <span class='ocrx_word' id='word_1_340' title='bbox 3216 2648 3325 2703; x_wconf 87' lang='lat' dir='ltr'><strong><em>hac</em></strong></span> <span class='ocrx_word' id='word_1_341' title='bbox 3354 2648 3511 2703; x_wconf 88' lang='lat' dir='ltr'><strong><em>enim</em></strong></span> <span class='ocrx_word' id='word_1_342' title='bbox 3545 2649 3633 2702; x_wconf 88' lang='lat' dir='ltr'><strong><em>in-</em></strong></span> 
     </span>
    </p>
   </div>
   <div class='ocr_carea' id='block_1_59' title="bbox 1980 2736 3636 2809">
    <p class='ocr_par' dir='ltr' id='par_1_59' title="bbox 1980 2736 3636 2809">
     <span class='ocr_line' id='line_1_61' title="bbox 1980 2736 3636 2809; baseline 0 -16"><span class='ocrx_word' id='word_1_343' title='bbox 1980 2736 2274 2809; x_wconf 88' lang='lat' dir='ltr'><strong><em>telligibili</em></strong></span> <span class='ocrx_word' id='word_1_344' title='bbox 2331 2736 2642 2792; x_wconf 86' lang='lat' dir='ltr'><strong><em>harmonia</em></strong></span> <span class='ocrx_word' id='word_1_345' title='bbox 2691 2736 2867 2792; x_wconf 89' lang='lat' dir='ltr'><strong><em>etiam</em></strong></span> <span class='ocrx_word' id='word_1_346' title='bbox 2917 2736 3090 2792; x_wconf 85' lang='lat' dir='ltr'><strong><em>vitale</em></strong></span> <span class='ocrx_word' id='word_1_347' title='bbox 3146 2742 3203 2792; x_wconf 90' lang='lat' dir='ltr'><strong><em>et</em></strong></span> <span class='ocrx_word' id='word_1_348' title='bbox 3250 2736 3636 2808; x_wconf 87' lang='lat' dir='ltr'><strong><em>compositum</em></strong></span> 
     </span>
    </p>
   </div>
   <div class='ocr_carea' id='block_1_60' title="bbox 1981 2824 3641 2898">
    <p class='ocr_par' dir='ltr' id='par_1_60' title="bbox 1981 2824 3641 2898">
     <span class='ocr_line' id='line_1_62' title="bbox 1981 2824 3641 2898; baseline 0.001 -17"><span class='ocrx_word' id='word_1_349' title='bbox 1981 2841 2196 2897; x_wconf 91' lang='lat' dir='ltr'><strong><em>corpus</em></strong></span> <span class='ocrx_word' id='word_1_350' title='bbox 2235 2829 2710 2897; x_wconf 88' lang='lat' dir='ltr'><strong><em>coagmentatum</em></strong></span> <span class='ocrx_word' id='word_1_351' title='bbox 2759 2832 2847 2881; x_wconf 82' lang='lat' dir='ltr'><strong><em>est</em></strong></span> <span class='ocrx_word' id='word_1_352' title='bbox 2878 2828 3176 2882; x_wconf 88' lang='lat' dir='ltr'><strong><em>structura</em></strong></span> <span class='ocrx_word' id='word_1_353' title='bbox 3223 2824 3387 2881; x_wconf 89' lang='lat' dir='ltr'><strong><em>illinc</em></strong></span> <span class='ocrx_word' id='word_1_354' title='bbox 3416 2843 3641 2898; x_wconf 78' lang='lat' dir='ltr'><strong><em>suppe-</em></strong></span> 
     </span>
    </p>
   </div>
   <div class='ocr_carea' id='block_1_61' title="bbox 1982 2914 2187 2971">
    <p class='ocr_par' dir='ltr' id='par_1_61' title="bbox 1982 2914 2187 2971">
     <span class='ocr_line' id='line_1_63' title="bbox 1982 2914 2187 2971; baseline -0.005 -1"><span class='ocrx_word' id='word_1_355' title='bbox 1982 2914 2187 2971; x_wconf 87' lang='lat' dir='ltr'><strong><em>ditata.</em></strong></span> 
     </span>
    </p>
   </div>
   <div class='ocr_carea' id='block_1_62' title="bbox 1980 3014 3635 3086">
    <p class='ocr_par' dir='ltr' id='par_1_62' title="bbox 1980 3014 3635 3086">
     <span class='ocr_line' id='line_1_64' title="bbox 1980 3014 3635 3086; baseline -0.001 -16"><span class='ocrx_word' id='word_1_356' title='bbox 1980 3015 2364 3086; x_wconf 79' lang='lat' dir='ltr'><strong><em>Principatum</em></strong></span> <span class='ocrx_word' id='word_1_357' title='bbox 2393 3018 2574 3070; x_wconf 80' lang='lat' dir='ltr'><strong><em>teneat</em></strong></span> <span class='ocrx_word' id='word_1_358' title='bbox 2614 3016 2815 3069; x_wconf 84' lang='lat' dir='ltr'><strong><em>anima</em></strong></span> <span class='ocrx_word' id='word_1_359' title='bbox 2860 3014 3209 3086; x_wconf 82' lang='lat' dir='ltr'><strong><em>profunditas</em></strong></span> <span class='ocrx_word' id='word_1_360' title='bbox 3237 3014 3427 3070; x_wconf 67' lang='lat' dir='ltr'><strong><em>dicina</em></strong></span> <span class='ocrx_word' id='word_1_361' title='bbox 3459 3032 3477 3068; x_wconf 89' lang='lat'><strong><em>:</em></strong></span> <span class='ocrx_word' id='word_1_362' title='bbox 3506 3031 3635 3071; x_wconf 86' lang='lat' dir='ltr'><strong><em>ocu-</em></strong></span> 
     </span>
    </p>
   </div>
   <div class='ocr_carea' id='block_1_63' title="bbox 3009 3086 3559 3157">
    <p class='ocr_par' dir='ltr' id='par_1_63' title="bbox 3009 3086 3559 3157">
     <span class='ocr_line' id='line_1_65' title="bbox 3009 3086 3559 3157; baseline -0.002 -17"><span class='ocrx_word' id='word_1_363' title='bbox 3009 3086 3112 3157; x_wconf 84' lang='lat' dir='ltr'><strong><em>[los</em></strong></span> <span class='ocrx_word' id='word_1_364' title='bbox 3143 3090 3326 3142; x_wconf 76' lang='lat' dir='ltr'><strong><em>autem</em></strong></span> <span class='ocrx_word' id='word_1_365' title='bbox 3355 3103 3559 3143; x_wconf 83' lang='lat' dir='ltr'><strong><em>omnes.</em></strong></span> 
     </span>
    </p>
   </div>
   <div class='ocr_carea' id='block_1_64' title="bbox 1983 3157 2826 3213">
    <p class='ocr_par' dir='ltr' id='par_1_64' title="bbox 1983 3157 2826 3213">
     <span class='ocr_line' id='line_1_66' title="bbox 1983 3157 2826 3213; baseline -0.002 0"><span class='ocrx_word' id='word_1_366' title='bbox 1983 3157 2045 3213; x_wconf 89' lang='lat' dir='ltr'><strong><em>In</em></strong></span> <span class='ocrx_word' id='word_1_367' title='bbox 2074 3157 2250 3213; x_wconf 86' lang='lat' dir='ltr'><strong><em>altum</em></strong></span> <span class='ocrx_word' id='word_1_368' title='bbox 2279 3172 2501 3211; x_wconf 79' lang='lat' dir='ltr'><strong><em>sursum</em></strong></span> <span class='ocrx_word' id='word_1_369' title='bbox 2530 3157 2826 3212; x_wconf 76' lang='lat' dir='ltr'><strong><em>extendito.</em></strong></span> 
     </span>
    </p>
   </div>
   <div class='ocr_carea' id='block_1_65' title="bbox 291 3224 1841 3331">
    <p class='ocr_par' dir='ltr' id='par_1_65' title="bbox 291 3224 1841 3331">
     <span class='ocr_line' id='line_1_67' title="bbox 291 3224 1841 3331; baseline 0.003 -23"><span class='ocrx_word' id='word_1_370' title='bbox 291 3224 496 3330; x_wconf 53' lang='grc' dir='ltr'>Ψυχῆς</span> <span class='ocrx_word' id='word_1_371' title='bbox 546 3255 711 3330; x_wconf 79' lang='grc' dir='ltr'>βάθος</span> <span class='ocrx_word' id='word_1_372' title='bbox 741 3256 796 3309; x_wconf 75' lang='grc' dir='ltr'>αἱ</span> <span class='ocrx_word' id='word_1_373' title='bbox 825 3253 1057 3331; x_wconf 86' lang='grc' dir='ltr'>τριπλαῖ</span> <span class='ocrx_word' id='word_1_374' title='bbox 1094 3254 1263 3323; x_wconf 79' lang='grc' dir='ltr'>αὐτῆς</span> <span class='ocrx_word' id='word_1_375' title='bbox 1296 3255 1550 3331; x_wconf 81' lang='grc' dir='ltr'>δυνάμεις</span> <span class='ocrx_word' id='word_1_376' title='bbox 1608 3256 1763 3313; x_wconf 74' lang='grc' dir='ltr'>εἰσίν·</span> <span class='ocrx_word' id='word_1_377' title='bbox 1816 3279 1841 3313; x_wconf 83' lang='grc' dir='ltr'><strong><em>α</em></strong></span> 
     </span>
    </p>
   </div>
   <div class='ocr_carea' id='block_1_66' title="bbox 2011 3224 3639 3331">
    <p class='ocr_par' dir='ltr' id='par_1_66' title="bbox 2058 3254 3639 3327">
     <span class='ocr_line' id='line_1_68' title="bbox 2058 3254 3639 3327; baseline -0.001 -17"><span class='ocrx_word' id='word_1_378' title='bbox 2058 3254 2283 3310; x_wconf 83' lang='lat' dir='ltr'><strong><em>Anima</em></strong></span> <span class='ocrx_word' id='word_1_379' title='bbox 2316 3254 2687 3326; x_wconf 79' lang='lat' dir='ltr'><strong><em>profunditas</em></strong></span> <span class='ocrx_word' id='word_1_380' title='bbox 2740 3254 2937 3309; x_wconf 88' lang='lat' dir='ltr'><strong><em>innuit</em></strong></span> <span class='ocrx_word' id='word_1_381' title='bbox 2984 3254 3245 3327; x_wconf 90' lang='lat' dir='ltr'><strong><em>triplices</em></strong></span> <span class='ocrx_word' id='word_1_382' title='bbox 3277 3256 3406 3326; x_wconf 88' lang='lat' dir='ltr'><strong><em>ejus</em></strong></span> <span class='ocrx_word' id='word_1_383' title='bbox 3438 3258 3639 3326; x_wconf 84' lang='lat' dir='ltr'><strong><em>poten-</em></strong></span> 
     </span>
    </p>
   </div>
   <div class='ocr_carea' id='block_1_67' title="bbox 214 3339 1873 3419">
    <p class='ocr_par' dir='ltr' id='par_1_67' title="bbox 214 3339 1873 3419">
     <span class='ocr_line' id='line_1_69' title="bbox 214 3339 1873 3419; baseline 0.004 -24"><span class='ocrx_word' id='word_1_384' title='bbox 214 3342 430 3417; x_wconf 82' lang='grc' dir='ltr'>νοεραὶ,</span> <span class='ocrx_word' id='word_1_385' title='bbox 484 3343 537 3397; x_wconf 74' lang='grc' dir='ltr'>αἱ</span> <span class='ocrx_word' id='word_1_386' title='bbox 597 3339 959 3415; x_wconf 83' lang='grc' dir='ltr'>διανοητικαὶ,</span> <span class='ocrx_word' id='word_1_387' title='bbox 1010 3344 1064 3398; x_wconf 78' lang='grc' dir='ltr'>αἱ</span> <span class='ocrx_word' id='word_1_388' title='bbox 1124 3341 1448 3415; x_wconf 78' lang='grc' dir='ltr'>δοξαστικαί’</span> <span class='ocrx_word' id='word_1_389' title='bbox 1509 3341 1733 3419; x_wconf 73' lang='grc' dir='ltr'>ὄμματα</span> <span class='ocrx_word' id='word_1_390' title='bbox 1791 3343 1873 3413; x_wconf 71' lang='grc' dir='ltr'>δὲ,</span> 
     </span>
    </p>
   </div>
   <div class='ocr_carea' id='block_1_68' title="bbox 214 3431 1871 3511">
    <p class='ocr_par' dir='ltr' id='par_1_68' title="bbox 214 3431 1871 3511">
     <span class='ocr_line' id='line_1_70' title="bbox 214 3431 1871 3511; baseline 0.002 -25"><span class='ocrx_word' id='word_1_391' title='bbox 214 3431 276 3486; x_wconf 73' lang='grc' dir='ltr'>αἱ</span> <span class='ocrx_word' id='word_1_392' title='bbox 321 3431 554 3507; x_wconf 78' lang='grc' dir='ltr'>τριττλαῖ</span> <span class='ocrx_word' id='word_1_393' title='bbox 604 3432 779 3488; x_wconf 74' lang='grc' dir='ltr'>αὐτῶν</span> <span class='ocrx_word' id='word_1_394' title='bbox 818 3431 1116 3507; x_wconf 71' lang='grc' dir='ltr'>γνωστικαῗ</span> <span class='ocrx_word' id='word_1_395' title='bbox 1158 3432 1441 3508; x_wconf 69' lang='grc' dir='ltr'>ἐνέργειαι.</span> <span class='ocrx_word' id='word_1_396' title='bbox 1500 3436 1571 3489; x_wconf 88' lang='grc' dir='ltr'><strong><em>Τὸ</em></strong></span> <span class='ocrx_word' id='word_1_397' title='bbox 1628 3434 1722 3508; x_wconf 78' lang='grc' dir='ltr'>μὶν</span> <span class='ocrx_word' id='word_1_398' title='bbox 1772 3435 1871 3511; x_wconf 81' lang='grc' dir='ltr'><strong><em>γὰρ</em></strong></span> 
     </span>
    </p>
   </div>
   <div class='ocr_carea' id='block_1_69' title="bbox 217 3514 1877 3599">
    <p class='ocr_par' dir='ltr' id='par_1_69' title="bbox 217 3514 1877 3599">
     <span class='ocr_line' id='line_1_71' title="bbox 217 3514 1877 3599; baseline 0.003 -25"><span class='ocrx_word' id='word_1_399' title='bbox 217 3514 377 3592; x_wconf 72' lang='grc' dir='ltr'>ὄμμα</span> <span class='ocrx_word' id='word_1_400' title='bbox 425 3521 681 3595; x_wconf 86' lang='grc' dir='ltr'>γνώσεως</span> <span class='ocrx_word' id='word_1_401' title='bbox 731 3516 1036 3595; x_wconf 62' lang='grc' dir='ltr'>σύμϐολον</span> <span class='ocrx_word' id='word_1_402' title='bbox 1087 3523 1122 3592; x_wconf 84' lang='grc' dir='ltr'>ἡ</span> <span class='ocrx_word' id='word_1_403' title='bbox 1157 3518 1214 3576; x_wconf 79' lang='grc' dir='ltr'>δὶ</span> <span class='ocrx_word' id='word_1_404' title='bbox 1248 3523 1385 3592; x_wconf 79' lang='grc' dir='ltr'>ζωὴ,</span> <span class='ocrx_word' id='word_1_405' title='bbox 1419 3521 1668 3599; x_wconf 71' lang='grc' dir='ltr'>δρίξεως.</span> <span class='ocrx_word' id='word_1_406' title='bbox 1704 3524 1877 3579; x_wconf 81' lang='grc' dir='ltr'>’Δνοι-</span> 
     </span>
    </p>
   </div>
   <div class='ocr_carea' id='block_1_70' title="bbox 216 3607 1873 3688">
    <p class='ocr_par' dir='ltr' id='par_1_70' title="bbox 216 3607 1873 3688">
     <span class='ocr_line' id='line_1_72' title="bbox 216 3607 1873 3688; baseline 0.004 -27"><span class='ocrx_word' id='word_1_407' title='bbox 216 3607 396 3683; x_wconf 70' lang='grc' dir='ltr'>γὲσθω</span> <span class='ocrx_word' id='word_1_408' title='bbox 446 3607 561 3680; x_wconf 82' lang='grc' dir='ltr'>οὗν,</span> <span class='ocrx_word' id='word_1_409' title='bbox 595 3609 750 3686; x_wconf 78' lang='grc' dir='ltr'>φησὶ,</span> <span class='ocrx_word' id='word_1_410' title='bbox 804 3610 868 3665; x_wconf 82' lang='grc' dir='ltr'><strong><em>τὸ</em></strong></span> <span class='ocrx_word' id='word_1_411' title='bbox 914 3616 1014 3679; x_wconf 86' lang='grc' dir='ltr'><strong><em>τῆς</em></strong></span> <span class='ocrx_word' id='word_1_412' title='bbox 1045 3612 1231 3686; x_wconf 80' lang='grc' dir='ltr'>ψυχῆς</span> <span class='ocrx_word' id='word_1_413' title='bbox 1273 3609 1532 3667; x_wconf 78' lang='grc' dir='ltr'>ἀθάνατον</span> <span class='ocrx_word' id='word_1_414' title='bbox 1570 3612 1753 3688; x_wconf 83' lang='grc' dir='ltr'>βάθος,</span> <span class='ocrx_word' id='word_1_415' title='bbox 1786 3613 1873 3668; x_wconf 80' lang='grc' dir='ltr'><strong><em>καὶ</em></strong></span> 
     </span>
    </p>
   </div>
   <div class='ocr_carea' id='block_1_71' title="bbox 220 3696 1873 3775">
    <p class='ocr_par' dir='ltr' id='par_1_71' title="bbox 220 3696 1873 3775">
     <span class='ocr_line' id='line_1_73' title="bbox 220 3696 1873 3775; baseline 0.003 -23"><span class='ocrx_word' id='word_1_416' title='bbox 220 3698 315 3759; x_wconf 71' lang='grc' dir='ltr'><strong><em>τὰς</em></strong></span> <span class='ocrx_word' id='word_1_417' title='bbox 366 3697 667 3773; x_wconf 81' lang='grc' dir='ltr'>γνωστικάς</span> <span class='ocrx_word' id='word_1_418' title='bbox 697 3720 782 3754; x_wconf 87' lang='grc' dir='ltr'><strong><em>σοι</em></strong></span> <span class='ocrx_word' id='word_1_419' title='bbox 815 3696 1069 3772; x_wconf 86' lang='grc' dir='ltr'>δυνάμεις</span> <span class='ocrx_word' id='word_1_420' title='bbox 1100 3697 1272 3775; x_wconf 82' lang='grc' dir='ltr'>ἄρδην</span> <span class='ocrx_word' id='word_1_421' title='bbox 1302 3699 1587 3756; x_wconf 68' lang='grc' dir='ltr'>ἐκπέτασον</span> <span class='ocrx_word' id='word_1_422' title='bbox 1622 3703 1750 3770; x_wconf 78' lang='grc' dir='ltr'>ἀνω,</span> <span class='ocrx_word' id='word_1_423' title='bbox 1784 3703 1873 3757; x_wconf 84' lang='grc' dir='ltr'><strong><em>καὶ</em></strong></span> 
     </span>
    </p>
   </div>
   <div class='ocr_carea' id='block_1_72' title="bbox 222 3782 1869 3864">
    <p class='ocr_par' dir='ltr' id='par_1_72' title="bbox 222 3782 1869 3864">
     <span class='ocr_line' id='line_1_74' title="bbox 222 3782 1869 3864; baseline 0.004 -25"><span class='ocrx_word' id='word_1_424' title='bbox 222 3782 355 3839; x_wconf 75' lang='grc' dir='ltr'>ὅλον</span> <span class='ocrx_word' id='word_1_425' title='bbox 409 3786 625 3856; x_wconf 81' lang='grc' dir='ltr'>σαυτὸν,</span> <span class='ocrx_word' id='word_1_426' title='bbox 670 3784 763 3842; x_wconf 72' lang='grc' dir='ltr'>’ίνα</span> <span class='ocrx_word' id='word_1_427' title='bbox 818 3786 881 3843; x_wconf 78' lang='lat'><strong>16</strong></span> <span class='ocrx_word' id='word_1_428' title='bbox 936 3785 1222 3861; x_wconf 78' lang='grc' dir='ltr'>ἡμεδαπὸν</span> <span class='ocrx_word' id='word_1_429' title='bbox 1268 3787 1375 3864; x_wconf 71' lang='grc' dir='ltr'>ἕρῶ</span> <span class='ocrx_word' id='word_1_430' title='bbox 1409 3792 1631 3863; x_wconf 83' lang='grc' dir='ltr'>μετάθες</span> <span class='ocrx_word' id='word_1_431' title='bbox 1660 3789 1748 3846; x_wconf 79' lang='grc' dir='ltr'><strong><em>ἐπὶ</em></strong></span> <span class='ocrx_word' id='word_1_432' title='bbox 1779 3791 1869 3846; x_wconf 89' lang='grc' dir='ltr'>τὸν</span> 
     </span>
    </p>
   </div>
   <div class='ocr_carea' id='block_1_73' title="bbox 222 3872 445 3949">
    <p class='ocr_par' dir='ltr' id='par_1_73' title="bbox 222 3872 445 3949">
     <span class='ocr_line' id='line_1_75' title="bbox 222 3872 445 3949; baseline 0.013 -21"><span class='ocrx_word' id='word_1_433' title='bbox 222 3872 445 3949; x_wconf 78' lang='grc' dir='ltr'>Κύριον.</span> 
     </span>
    </p>
   </div>
   <div class='ocr_carea' id='block_1_74' title="bbox 316 4061 1774 4140">
    <p class='ocr_par' dir='ltr' id='par_1_74' title="bbox 316 4061 1774 4140">
     <span class='ocr_line' id='line_1_76' title="bbox 316 4061 1774 4140; baseline 0.002 -21"><span class='ocrx_word' id='word_1_434' title='bbox 316 4062 413 4131; x_wconf 76' lang='grc' dir='ltr'><strong><em>Μὴ</em></strong></span> <span class='ocrx_word' id='word_1_435' title='bbox 446 4065 661 4136; x_wconf 76' lang='grc' dir='ltr'>πνεῦμα</span> <span class='ocrx_word' id='word_1_436' title='bbox 694 4061 935 4139; x_wconf 77' lang='grc' dir='ltr'>μολύνῃς</span> <span class='ocrx_word' id='word_1_437' title='bbox 970 4062 1113 4137; x_wconf 75' lang='grc' dir='ltr'>μηδὲ</span> <span class='ocrx_word' id='word_1_438' title='bbox 1146 4062 1379 4140; x_wconf 78' lang='grc' dir='ltr'>βαθύνῃς</span> <span class='ocrx_word' id='word_1_439' title='bbox 1407 4065 1469 4121; x_wconf 85' lang='grc' dir='ltr'>τὸ</span> <span class='ocrx_word' id='word_1_440' title='bbox 1502 4064 1774 4123; x_wconf 73' lang='grc' dir='ltr'>ἐπίπεδον.</span> 
     </span>
    </p>
   </div>
   <div class='ocr_carea' id='block_1_75' title="bbox 289 4229 1869 4311">
    <p class='ocr_par' dir='ltr' id='par_1_75' title="bbox 289 4229 1869 4311">
     <span class='ocr_line' id='line_1_77' title="bbox 289 4229 1869 4311; baseline 0.002 -24"><span class='ocrx_word' id='word_1_441' title='bbox 289 4230 396 4287; x_wconf 84' lang='grc' dir='ltr'>Δύο</span> <span class='ocrx_word' id='word_1_442' title='bbox 429 4235 667 4307; x_wconf 76' lang='grc' dir='ltr'>χιτῶνας</span> <span class='ocrx_word' id='word_1_443' title='bbox 718 4229 1036 4288; x_wconf 74' lang='grc' dir='ltr'>ἐπενδύουσι</span> <span class='ocrx_word' id='word_1_444' title='bbox 1087 4234 1186 4303; x_wconf 71' lang='grc' dir='ltr'>τήν</span> <span class='ocrx_word' id='word_1_445' title='bbox 1241 4236 1426 4311; x_wconf 71' lang='grc' dir='ltr'>ψυχὴν</span> <span class='ocrx_word' id='word_1_446' title='bbox 1477 4237 1530 4290; x_wconf 76' lang='grc' dir='ltr'>οἱ</span> <span class='ocrx_word' id='word_1_447' title='bbox 1582 4233 1869 4292; x_wconf 84' lang='grc' dir='ltr'>Χαλδαῖοι·</span> 
     </span>
    </p>
   </div>
   <div class='ocr_carea' id='block_1_76' title="bbox 213 4322 1874 4397">
    <p class='ocr_par' dir='ltr' id='par_1_76' title="bbox 213 4322 1874 4397">
     <span class='ocr_line' id='line_1_78' title="bbox 213 4322 1874 4397; baseline 0.002 -21"><span class='ocrx_word' id='word_1_448' title='bbox 213 4322 308 4376; x_wconf 69' lang='grc' dir='ltr'><strong><em>καὶ</em></strong></span> <span class='ocrx_word' id='word_1_449' title='bbox 338 4322 434 4376; x_wconf 84' lang='grc' dir='ltr'>τὸν</span> <span class='ocrx_word' id='word_1_450' title='bbox 490 4322 583 4395; x_wconf 69' lang='grc' dir='ltr'>μὲν</span> <span class='ocrx_word' id='word_1_451' title='bbox 631 4325 997 4396; x_wconf 85' lang='grc' dir='ltr'>πνευματικὸν</span> <span class='ocrx_word' id='word_1_452' title='bbox 1048 4322 1358 4397; x_wconf 87' lang='grc' dir='ltr'>ὠνόμασαν,</span> <span class='ocrx_word' id='word_1_453' title='bbox 1401 4324 1506 4379; x_wconf 84' lang='grc' dir='ltr'>ἀπὸ</span> <span class='ocrx_word' id='word_1_454' title='bbox 1537 4329 1632 4379; x_wconf 80' lang='grc' dir='ltr'><strong><em>τοῦ</em></strong></span> <span class='ocrx_word' id='word_1_455' title='bbox 1678 4325 1874 4396; x_wconf 64' lang='grc' dir='ltr'>αἴσθη-</span> 
     </span>
    </p>
   </div>
   <div class='ocr_carea' id='block_1_77' title="bbox 212 4409 1870 4490">
    <p class='ocr_par' dir='ltr' id='par_1_77' title="bbox 212 4409 1870 4490">
     <span class='ocr_line' id='line_1_79' title="bbox 212 4409 1870 4490; baseline 0.002 -24"><span class='ocrx_word' id='word_1_456' title='bbox 212 4414 315 4466; x_wconf 76' lang='grc' dir='ltr'>τοῦ</span> <span class='ocrx_word' id='word_1_457' title='bbox 372 4412 586 4484; x_wconf 79' lang='grc' dir='ltr'>κόσμου</span> <span class='ocrx_word' id='word_1_458' title='bbox 644 4409 1001 4490; x_wconf 70' lang='grc' dir='ltr'>ἐξυφανθὲντα</span> <span class='ocrx_word' id='word_1_459' title='bbox 1057 4412 1196 4487; x_wconf 81' lang='grc' dir='ltr'>αὐτῇ</span> <span class='ocrx_word' id='word_1_460' title='bbox 1233 4433 1245 4447; x_wconf 76' lang='grc' dir='ltr'><strong><em>ο</em></strong></span> <span class='ocrx_word' id='word_1_461' title='bbox 1323 4414 1414 4468; x_wconf 83' lang='grc' dir='ltr'><strong><em>τὸν</em></strong></span> <span class='ocrx_word' id='word_1_462' title='bbox 1476 4412 1533 4468; x_wconf 75' lang='grc' dir='ltr'>δὲ</span> <span class='ocrx_word' id='word_1_463' title='bbox 1588 4412 1870 4489; x_wconf 77' lang='grc' dir='ltr'>αὐγοειδῆ,</span> 
     </span>
    </p>
   </div>
   <div class='ocr_carea' id='block_1_78' title="bbox 214 4498 1873 4578">
    <p class='ocr_par' dir='ltr' id='par_1_78' title="bbox 214 4498 1873 4578">
     <span class='ocr_line' id='line_1_80' title="bbox 214 4498 1873 4578; baseline 0 -20"><span class='ocrx_word' id='word_1_464' title='bbox 214 4500 425 4558; x_wconf 78' lang='grc' dir='ltr'>λεπτὸν</span> <span class='ocrx_word' id='word_1_465' title='bbox 470 4498 560 4555; x_wconf 69' lang='grc' dir='ltr'><strong><em>καί</em></strong></span> <span class='ocrx_word' id='word_1_466' title='bbox 610 4498 820 4577; x_wconf 79' lang='grc' dir='ltr'>ἇναφῆ’</span> <span class='ocrx_word' id='word_1_467' title='bbox 877 4498 1039 4575; x_wconf 77' lang='grc' dir='ltr'>ὅνπερ</span> <span class='ocrx_word' id='word_1_468' title='bbox 1090 4498 1344 4578; x_wconf 62' lang='grc' dir='ltr'>ἐπίπεδον</span> <span class='ocrx_word' id='word_1_469' title='bbox 1392 4502 1662 4577; x_wconf 84' lang='grc' dir='ltr'>ὠνόμασε.</span> <span class='ocrx_word' id='word_1_470' title='bbox 1723 4507 1873 4575; x_wconf 75' lang='grc' dir='ltr'>Μήτε</span> 
     </span>
    </p>
   </div>
   <div class='ocr_carea' id='block_1_79' title="bbox 1988 3343 3643 3416">
    <p class='ocr_par' dir='ltr' id='par_1_79' title="bbox 1988 3343 3643 3416">
     <span class='ocr_line' id='line_1_81' title="bbox 1988 3343 3643 3416; baseline -0.001 -16"><span class='ocrx_word' id='word_1_471' title='bbox 1988 3345 2123 3414; x_wconf 87' lang='lat' dir='ltr'><strong><em>tias,</em></strong></span> <span class='ocrx_word' id='word_1_472' title='bbox 2158 3361 2285 3415; x_wconf 81' lang='lat' dir='ltr'><strong><em>qua</em></strong></span> <span class='ocrx_word' id='word_1_473' title='bbox 2316 3344 2375 3399; x_wconf 90' lang='lat' dir='ltr'><strong><em>in</em></strong></span> <span class='ocrx_word' id='word_1_474' title='bbox 2400 3343 2720 3411; x_wconf 87' lang='lat' dir='ltr'><strong><em>intellectu,</em></strong></span> <span class='ocrx_word' id='word_1_475' title='bbox 2746 3343 3095 3416; x_wconf 83' lang='lat' dir='ltr'><strong><em>cogitatione</em></strong></span> <span class='ocrx_word' id='word_1_476' title='bbox 3129 3349 3185 3399; x_wconf 87' lang='lat' dir='ltr'><strong><em>et</em></strong></span> <span class='ocrx_word' id='word_1_477' title='bbox 3216 3344 3485 3414; x_wconf 87' lang='lat' dir='ltr'><strong><em>opinione</em></strong></span> <span class='ocrx_word' id='word_1_478' title='bbox 3517 3344 3643 3400; x_wconf 89' lang='lat' dir='ltr'><strong><em>sita</em></strong></span> 
     </span>
    </p>
   </div>
   <div class='ocr_carea' id='block_1_80' title="bbox 1990 3432 3647 3505">
    <p class='ocr_par' dir='ltr' id='par_1_80' title="bbox 1990 3432 3647 3505">
     <span class='ocr_line' id='line_1_82' title="bbox 1990 3432 3647 3505; baseline -0.002 -14"><span class='ocrx_word' id='word_1_479' title='bbox 1990 3438 2131 3491; x_wconf 90' lang='lat' dir='ltr'><strong><em>sunt</em></strong></span> <span class='ocrx_word' id='word_1_480' title='bbox 2167 3459 2181 3501; x_wconf 86' lang='lat'><strong>;</strong></span> <span class='ocrx_word' id='word_1_481' title='bbox 2212 3433 2365 3490; x_wconf 83' lang='lat' dir='ltr'><strong><em>oculi</em></strong></span> <span class='ocrx_word' id='word_1_482' title='bbox 2396 3449 2531 3489; x_wconf 89' lang='lat' dir='ltr'><strong><em>vero</em></strong></span> <span class='ocrx_word' id='word_1_483' title='bbox 2564 3432 2824 3505; x_wconf 89' lang='lat' dir='ltr'><strong><em>triplices</em></strong></span> <span class='ocrx_word' id='word_1_484' title='bbox 2876 3450 3079 3489; x_wconf 90' lang='lat' dir='ltr'><strong><em>earum</em></strong></span> <span class='ocrx_word' id='word_1_485' title='bbox 3132 3433 3503 3505; x_wconf 84' lang='lat' dir='ltr'><strong><em>operationes</em></strong></span> <span class='ocrx_word' id='word_1_486' title='bbox 3551 3450 3647 3488; x_wconf 91' lang='lat' dir='ltr'><strong><em>co-</em></strong></span> 
     </span>
    </p>
   </div>
   <div class='ocr_carea' id='block_1_81' title="bbox 1991 3522 3645 3597">
    <p class='ocr_par' dir='ltr' id='par_1_81' title="bbox 1991 3522 3645 3597">
     <span class='ocr_line' id='line_1_83' title="bbox 1991 3522 3645 3597; baseline 0.001 -20"><span class='ocrx_word' id='word_1_487' title='bbox 1991 3522 2307 3597; x_wconf 88' lang='lat' dir='ltr'><strong><em>gnoscendi</em></strong></span> <span class='ocrx_word' id='word_1_488' title='bbox 2340 3523 2393 3577; x_wconf 90' lang='lat' dir='ltr'><strong><em>vi</em></strong></span> <span class='ocrx_word' id='word_1_489' title='bbox 2426 3523 2717 3595; x_wconf 84' lang='lat' dir='ltr'><strong><em>praditas.</em></strong></span> <span class='ocrx_word' id='word_1_490' title='bbox 2746 3527 2846 3578; x_wconf 87' lang='lat' dir='ltr'><strong><em>Est</em></strong></span> <span class='ocrx_word' id='word_1_491' title='bbox 2866 3524 3020 3578; x_wconf 91' lang='lat' dir='ltr'><strong><em>enim</em></strong></span> <span class='ocrx_word' id='word_1_492' title='bbox 3057 3522 3263 3578; x_wconf 89' lang='lat' dir='ltr'><strong><em>oculus</em></strong></span> <span class='ocrx_word' id='word_1_493' title='bbox 3295 3522 3645 3594; x_wconf 85' lang='lat' dir='ltr'><strong><em>cognitionis</em></strong></span> 
     </span>
    </p>
   </div>
   <div class='ocr_carea' id='block_1_82' title="bbox 1990 3612 3643 3685">
    <p class='ocr_par' dir='ltr' id='par_1_82' title="bbox 1990 3612 3643 3685">
     <span class='ocr_line' id='line_1_84' title="bbox 1990 3612 3643 3685; baseline -0.001 -16"><span class='ocrx_word' id='word_1_494' title='bbox 1990 3613 2249 3685; x_wconf 85' lang='lat' dir='ltr'><strong><em>signum,</em></strong></span> <span class='ocrx_word' id='word_1_495' title='bbox 2282 3616 2347 3667; x_wconf 92' lang='lat' dir='ltr'><strong><em>ut</em></strong></span> <span class='ocrx_word' id='word_1_496' title='bbox 2376 3618 2431 3667; x_wconf 88' lang='lat' dir='ltr'><strong><em>et</em></strong></span> <span class='ocrx_word' id='word_1_497' title='bbox 2460 3612 2577 3667; x_wconf 87' lang='lat' dir='ltr'><strong><em>vita</em></strong></span> <span class='ocrx_word' id='word_1_498' title='bbox 2627 3612 3026 3684; x_wconf 88' lang='lat' dir='ltr'><strong><em>appetitionis.</em></strong></span> <span class='ocrx_word' id='word_1_499' title='bbox 3069 3612 3206 3666; x_wconf 88' lang='lat' dir='ltr'><strong><em>Vult</em></strong></span> <span class='ocrx_word' id='word_1_500' title='bbox 3249 3612 3429 3683; x_wconf 88' lang='lat' dir='ltr'><strong><em>igitur</em></strong></span> <span class='ocrx_word' id='word_1_501' title='bbox 3462 3617 3525 3666; x_wconf 91' lang='lat' dir='ltr'><strong><em>ut</em></strong></span> <span class='ocrx_word' id='word_1_502' title='bbox 3555 3629 3643 3667; x_wconf 89' lang='lat' dir='ltr'><strong><em>re-</em></strong></span> 
     </span>
    </p>
   </div>
   <div class='ocr_carea' id='block_1_83' title="bbox 1992 3700 3641 3773">
    <p class='ocr_par' dir='ltr' id='par_1_83' title="bbox 1992 3700 3641 3773">
     <span class='ocr_line' id='line_1_85' title="bbox 1992 3700 3641 3773; baseline 0 -16"><span class='ocrx_word' id='word_1_503' title='bbox 1992 3706 2217 3757; x_wconf 86' lang='lat' dir='ltr'><strong><em>seretur</em></strong></span> <span class='ocrx_word' id='word_1_504' title='bbox 2271 3700 2477 3756; x_wconf 83' lang='lat' dir='ltr'><strong><em>anima</em></strong></span> <span class='ocrx_word' id='word_1_505' title='bbox 2526 3701 2885 3756; x_wconf 90' lang='lat' dir='ltr'><strong><em>immortalis</em></strong></span> <span class='ocrx_word' id='word_1_506' title='bbox 2935 3701 3328 3773; x_wconf 78' lang='lat' dir='ltr'><strong><em>profunditas,</em></strong></span> <span class='ocrx_word' id='word_1_507' title='bbox 3380 3704 3437 3756; x_wconf 91' lang='lat' dir='ltr'><strong><em>et</em></strong></span> <span class='ocrx_word' id='word_1_508' title='bbox 3494 3718 3641 3773; x_wconf 87' lang='lat' dir='ltr'><strong><em>quas</em></strong></span> 
     </span>
    </p>
   </div>
   <div class='ocr_carea' id='block_1_84' title="bbox 1991 3790 3640 3863">
    <p class='ocr_par' dir='ltr' id='par_1_84' title="bbox 1991 3790 3640 3863">
     <span class='ocr_line' id='line_1_86' title="bbox 1991 3790 3640 3863; baseline 0 -17"><span class='ocrx_word' id='word_1_509' title='bbox 1991 3790 2175 3847; x_wconf 89' lang='lat' dir='ltr'><strong><em>habes</em></strong></span> <span class='ocrx_word' id='word_1_510' title='bbox 2204 3790 2256 3845; x_wconf 92' lang='lat' dir='ltr'><strong><em>vi</em></strong></span> <span class='ocrx_word' id='word_1_511' title='bbox 2301 3790 2690 3862; x_wconf 88' lang='lat' dir='ltr'><strong><em>cognoscendi</em></strong></span> <span class='ocrx_word' id='word_1_512' title='bbox 2740 3791 3007 3863; x_wconf 78' lang='lat' dir='ltr'><strong><em>praditas</em></strong></span> <span class='ocrx_word' id='word_1_513' title='bbox 3057 3790 3368 3863; x_wconf 87' lang='lat' dir='ltr'><strong><em>potentias,</em></strong></span> <span class='ocrx_word' id='word_1_514' title='bbox 3400 3808 3640 3846; x_wconf 91' lang='lat' dir='ltr'><strong><em>sursum</em></strong></span> 
     </span>
    </p>
   </div>
   <div class='ocr_carea' id='block_1_85' title="bbox 1993 3878 3640 3952">
    <p class='ocr_par' dir='ltr' id='par_1_85' title="bbox 1993 3878 3640 3952">
     <span class='ocr_line' id='line_1_87' title="bbox 1993 3878 3640 3952; baseline -0.001 -16"><span class='ocrx_word' id='word_1_515' title='bbox 1993 3881 2052 3936; x_wconf 89' lang='lat' dir='ltr'><strong><em>in</em></strong></span> <span class='ocrx_word' id='word_1_516' title='bbox 2078 3878 2264 3936; x_wconf 90' lang='lat' dir='ltr'><strong><em>altum</em></strong></span> <span class='ocrx_word' id='word_1_517' title='bbox 2296 3879 2504 3946; x_wconf 89' lang='lat' dir='ltr'><strong><em>eleves,</em></strong></span> <span class='ocrx_word' id='word_1_518' title='bbox 2538 3880 2655 3935; x_wconf 91' lang='lat' dir='ltr'><strong><em>imo</em></strong></span> <span class='ocrx_word' id='word_1_519' title='bbox 2683 3879 2937 3952; x_wconf 88' lang='lat' dir='ltr'><strong><em>teipsum</em></strong></span> <span class='ocrx_word' id='word_1_520' title='bbox 2970 3885 3184 3945; x_wconf 88' lang='lat' dir='ltr'><strong><em>totum,</em></strong></span> <span class='ocrx_word' id='word_1_521' title='bbox 3210 3885 3273 3935; x_wconf 91' lang='lat' dir='ltr'><strong><em>ut</em></strong></span> <span class='ocrx_word' id='word_1_522' title='bbox 3304 3883 3640 3936; x_wconf 90' lang='lat' dir='ltr'><strong><em>nostrorum</em></strong></span> 
     </span>
    </p>
   </div>
   <div class='ocr_carea' id='block_1_86' title="bbox 1987 3968 3181 4037">
    <p class='ocr_par' dir='ltr' id='par_1_86' title="bbox 1987 3968 3181 4037">
     <span class='ocr_line' id='line_1_88' title="bbox 1987 3968 3181 4037; baseline -0.003 -11"><span class='ocrx_word' id='word_1_523' title='bbox 1987 3968 2179 4026; x_wconf 86' lang='lat' dir='ltr'><strong><em>verbis</em></strong></span> <span class='ocrx_word' id='word_1_524' title='bbox 2209 3972 2359 4037; x_wconf 91' lang='lat' dir='ltr'><strong><em>utar,</em></strong></span> <span class='ocrx_word' id='word_1_525' title='bbox 2393 3970 2462 4025; x_wconf 87' lang='lat' dir='ltr'><strong><em>ad</em></strong></span> <span class='ocrx_word' id='word_1_526' title='bbox 2496 3969 2811 4025; x_wconf 89' lang='lat' dir='ltr'><strong><em>Dominum</em></strong></span> <span class='ocrx_word' id='word_1_527' title='bbox 2841 3971 3181 4026; x_wconf 78' lang='lat' dir='ltr'><strong><em>transferas.</em></strong></span> 
     </span>
    </p>
   </div>
   <div class='ocr_carea' id='block_1_87' title="bbox 1988 4067 3640 4141">
    <p class='ocr_par' dir='ltr' id='par_1_87' title="bbox 1988 4067 3640 4141">
     <span class='ocr_line' id='line_1_89' title="bbox 1988 4067 3640 4141; baseline 0.001 -18"><span class='ocrx_word' id='word_1_528' title='bbox 1988 4067 2065 4124; x_wconf 84' lang='lat' dir='ltr'><strong><em>Ne</em></strong></span> <span class='ocrx_word' id='word_1_529' title='bbox 2109 4069 2367 4140; x_wconf 80' lang='lat' dir='ltr'><strong><em>spiritum</em></strong></span> <span class='ocrx_word' id='word_1_530' title='bbox 2411 4070 2752 4140; x_wconf 81' lang='lat' dir='ltr'><strong><em>coinquines,</em></strong></span> <span class='ocrx_word' id='word_1_531' title='bbox 2804 4085 2978 4141; x_wconf 86' lang='lat' dir='ltr'><strong><em>neque</em></strong></span> <span class='ocrx_word' id='word_1_532' title='bbox 3023 4069 3373 4141; x_wconf 77' lang='lat' dir='ltr'><strong><em>superﬁciem</em></strong></span> <span class='ocrx_word' id='word_1_533' title='bbox 3410 4069 3473 4124; x_wconf 86' lang='lat' dir='ltr'><strong><em>in</em></strong></span> <span class='ocrx_word' id='word_1_534' title='bbox 3512 4084 3640 4140; x_wconf 88' lang='lat' dir='ltr'><strong><em>pro-</em></strong></span> 
     </span>
    </p>
   </div>
   <div class='ocr_carea' id='block_1_88' title="bbox 3057 4140 3567 4212">
    <p class='ocr_par' dir='ltr' id='par_1_88' title="bbox 3057 4140 3567 4212">
     <span class='ocr_line' id='line_1_90' title="bbox 3057 4140 3567 4212; baseline 0.002 -18"><span class='ocrx_word' id='word_1_535' title='bbox 3057 4140 3318 4212; x_wconf 79' lang='lat' dir='ltr'><strong><em>[fundum</em></strong></span> <span class='ocrx_word' id='word_1_536' title='bbox 3348 4156 3567 4211; x_wconf 84' lang='lat' dir='ltr'><strong><em>augeas.</em></strong></span> 
     </span>
    </p>
   </div>
   <div class='ocr_carea' id='block_1_89' title="bbox 2059 4235 3642 4305">
    <p class='ocr_par' dir='ltr' id='par_1_89' title="bbox 2059 4235 3642 4305">
     <span class='ocr_line' id='line_1_91' title="bbox 2059 4235 3642 4305; baseline -0.003 -12"><span class='ocrx_word' id='word_1_537' title='bbox 2059 4235 2559 4293; x_wconf 83' lang='lat' dir='ltr'><strong><em>Cbaldaiduabus</em></strong></span> <span class='ocrx_word' id='word_1_538' title='bbox 2582 4235 2795 4289; x_wconf 88' lang='lat' dir='ltr'><strong><em>tunicis</em></strong></span> <span class='ocrx_word' id='word_1_539' title='bbox 2820 4236 3077 4291; x_wconf 86' lang='lat' dir='ltr'><strong><em>animam</em></strong></span> <span class='ocrx_word' id='word_1_540' title='bbox 3101 4235 3439 4305; x_wconf 89' lang='lat' dir='ltr'><strong><em>induunt,et</em></strong></span> <span class='ocrx_word' id='word_1_541' title='bbox 3465 4252 3642 4289; x_wconf 90' lang='lat' dir='ltr'><strong><em>unam</em></strong></span> 
     </span>
    </p>
   </div>
   <div class='ocr_carea' id='block_1_90' title="bbox 1990 4324 3645 4398">
    <p class='ocr_par' dir='ltr' id='par_1_90' title="bbox 1990 4324 3645 4398">
     <span class='ocr_line' id='line_1_92' title="bbox 1990 4324 3645 4398; baseline -0.001 -17"><span class='ocrx_word' id='word_1_542' title='bbox 1990 4326 2223 4398; x_wconf 86' lang='lat' dir='ltr'><strong><em>quidem</em></strong></span> <span class='ocrx_word' id='word_1_543' title='bbox 2260 4324 2629 4397; x_wconf 89' lang='lat' dir='ltr'><strong><em>spiritualem</em></strong></span> <span class='ocrx_word' id='word_1_544' title='bbox 2656 4325 3105 4392; x_wconf 89' lang='lat' dir='ltr'><strong><em>nominarunt,a</em></strong></span> <span class='ocrx_word' id='word_1_545' title='bbox 3132 4324 3398 4379; x_wconf 88' lang='lat' dir='ltr'><strong><em>sensibili</em></strong></span> <span class='ocrx_word' id='word_1_546' title='bbox 3423 4325 3645 4380; x_wconf 90' lang='lat' dir='ltr'><strong><em>mundo</em></strong></span> 
     </span>
    </p>
   </div>
   <div class='ocr_carea' id='block_1_91' title="bbox 1988 4414 3643 4487">
    <p class='ocr_par' dir='ltr' id='par_1_91' title="bbox 1988 4414 3643 4487">
     <span class='ocr_line' id='line_1_93' title="bbox 1988 4414 3643 4487; baseline -0.001 -17"><span class='ocrx_word' id='word_1_547' title='bbox 1988 4414 2099 4487; x_wconf 89' lang='lat' dir='ltr'><strong><em>ipsi</em></strong></span> <span class='ocrx_word' id='word_1_548' title='bbox 2135 4417 2484 4479; x_wconf 81' lang='lat' dir='ltr'><strong><em>contextam,</em></strong></span> <span class='ocrx_word' id='word_1_549' title='bbox 2518 4414 2760 4469; x_wconf 86' lang='lat' dir='ltr'><strong><em>alteram</em></strong></span> <span class='ocrx_word' id='word_1_550' title='bbox 2812 4429 2945 4469; x_wconf 89' lang='lat' dir='ltr'><strong><em>vero</em></strong></span> <span class='ocrx_word' id='word_1_551' title='bbox 2979 4414 3367 4480; x_wconf 87' lang='lat' dir='ltr'><strong><em>luciformem,</em></strong></span> <span class='ocrx_word' id='word_1_552' title='bbox 3408 4418 3643 4469; x_wconf 87' lang='lat' dir='ltr'><strong><em>tenuem</em></strong></span> 
     </span>
    </p>
   </div>
   <div class='ocr_carea' id='block_1_92' title="bbox 1987 4502 3643 4574">
    <p class='ocr_par' dir='ltr' id='par_1_92' title="bbox 1987 4502 3643 4574">
     <span class='ocr_line' id='line_1_94' title="bbox 1987 4502 3643 4574; baseline 0 -16"><span class='ocrx_word' id='word_1_553' title='bbox 1987 4508 2045 4558; x_wconf 90' lang='lat' dir='ltr'><strong><em>et</em></strong></span> <span class='ocrx_word' id='word_1_554' title='bbox 2098 4502 2442 4572; x_wconf 87' lang='lat' dir='ltr'><strong><em>intactilem,</em></strong></span> <span class='ocrx_word' id='word_1_555' title='bbox 2504 4520 2629 4574; x_wconf 86' lang='lat' dir='ltr'><strong><em>qua</em></strong></span> <span class='ocrx_word' id='word_1_556' title='bbox 2692 4502 3035 4574; x_wconf 80' lang='lat' dir='ltr'><strong><em>superficies</em></strong></span> <span class='ocrx_word' id='word_1_557' title='bbox 3088 4502 3180 4557; x_wconf 87' lang='lat' dir='ltr'><strong><em>hic</em></strong></span> <span class='ocrx_word' id='word_1_558' title='bbox 3229 4505 3493 4559; x_wconf 89' lang='lat' dir='ltr'><strong><em>vocatur.</em></strong></span> <span class='ocrx_word' id='word_1_559' title='bbox 3561 4503 3643 4558; x_wconf 89' lang='lat' dir='ltr'><strong><em>Ne</em></strong></span> 
     </span>
    </p>
   </div>
   <div class='ocr_carea' id='block_1_93' title="bbox 218 4587 1841 4669">
    <p class='ocr_par' dir='ltr' id='par_1_93' title="bbox 218 4587 1841 4669">
     <span class='ocr_line' id='line_1_95' title="bbox 218 4587 1841 4669; baseline 0.002 -26"><span class='ocrx_word' id='word_1_560' title='bbox 218 4590 334 4659; x_wconf 78' lang='grc' dir='ltr'>οὗν,</span> <span class='ocrx_word' id='word_1_561' title='bbox 396 4587 551 4667; x_wconf 72' lang='grc' dir='ltr'>φησὶ,</span> <span class='ocrx_word' id='word_1_562' title='bbox 609 4588 699 4644; x_wconf 84' lang='grc' dir='ltr'>τὸν</span> <span class='ocrx_word' id='word_1_563' title='bbox 752 4589 1119 4663; x_wconf 85' lang='grc' dir='ltr'>πνευματικὸν</span> <span class='ocrx_word' id='word_1_564' title='bbox 1174 4595 1387 4667; x_wconf 89' lang='grc' dir='ltr'>χιτῶνα</span> <span class='ocrx_word' id='word_1_565' title='bbox 1434 4599 1534 4662; x_wconf 79' lang='grc' dir='ltr'><strong><em>τῆς</em></strong></span> <span class='ocrx_word' id='word_1_566' title='bbox 1560 4596 1746 4669; x_wconf 73' lang='grc' dir='ltr'>ψυχῆς</span> <span class='ocrx_word' id='word_1_567' title='bbox 1781 4614 1841 4667; x_wconf 74' lang='grc' dir='ltr'><strong><em>με</em></strong></span> 
     </span>
    </p>
   </div>
   <div class='ocr_carea' id='block_1_94' title="bbox 2011 4587 3642 4669">
    <p class='ocr_par' dir='ltr' id='par_1_94' title="bbox 2011 4590 3642 4665">
     <span class='ocr_line' id='line_1_96' title="bbox 2011 4590 3642 4665; baseline 0 -18"><span class='ocrx_word' id='word_1_568' title='bbox 2011 4593 2188 4665; x_wconf 88' lang='lat' dir='ltr'><strong><em>gitur,</em></strong></span> <span class='ocrx_word' id='word_1_569' title='bbox 2238 4590 2453 4663; x_wconf 87' lang='lat' dir='ltr'><strong><em>inquit,</em></strong></span> <span class='ocrx_word' id='word_1_570' title='bbox 2506 4590 2872 4662; x_wconf 89' lang='lat' dir='ltr'><strong><em>spiritualem</em></strong></span> <span class='ocrx_word' id='word_1_571' title='bbox 2928 4590 3136 4646; x_wconf 84' lang='lat' dir='ltr'><strong><em>anima</em></strong></span> <span class='ocrx_word' id='word_1_572' title='bbox 3188 4592 3454 4647; x_wconf 87' lang='lat' dir='ltr'><strong><em>tunicam</em></strong></span> <span class='ocrx_word' id='word_1_573' title='bbox 3509 4592 3642 4647; x_wconf 71' lang='lat' dir='ltr'><strong><em>affe-</em></strong></span> 
     </span>
    </p>
   </div>
   <div class='ocr_carea' id='block_1_95' title="bbox 219 4675 1880 4753">
    <p class='ocr_par' dir='ltr' id='par_1_95' title="bbox 219 4675 1880 4753">
     <span class='ocr_line' id='line_1_97' title="bbox 219 4675 1880 4753; baseline 0.007 -26"><span class='ocrx_word' id='word_1_574' title='bbox 219 4675 390 4751; x_wconf 70' lang='grc' dir='ltr'>λύνῃς</span> <span class='ocrx_word' id='word_1_575' title='bbox 450 4676 746 4753; x_wconf 79' lang='grc' dir='ltr'>ἀκαθαρσίᾳ</span> <span class='ocrx_word' id='word_1_576' title='bbox 804 4680 1012 4749; x_wconf 85' lang='grc' dir='ltr'>παθῶν,</span> <span class='ocrx_word' id='word_1_577' title='bbox 1077 4681 1215 4753; x_wconf 68' lang='grc' dir='ltr'>μήτε</span> <span class='ocrx_word' id='word_1_578' title='bbox 1270 4680 1363 4736; x_wconf 87' lang='grc' dir='ltr'>τὸν</span> <span class='ocrx_word' id='word_1_579' title='bbox 1416 4679 1670 4737; x_wconf 71' lang='grc' dir='ltr'>ἆπίπεδον</span> <span class='ocrx_word' id='word_1_580' title='bbox 1707 4683 1880 4753; x_wconf 77' lang='grc' dir='ltr'>αὐτῆς</span> 
     </span>
    </p>
   </div>
   <div class='ocr_carea' id='block_1_96' title="bbox 224 4766 1878 4847">
    <p class='ocr_par' dir='ltr' id='par_1_96' title="bbox 224 4766 1878 4847">
     <span class='ocr_line' id='line_1_98' title="bbox 224 4766 1878 4847; baseline 0.004 -28"><span class='ocrx_word' id='word_1_581' title='bbox 224 4766 465 4843; x_wconf 78' lang='grc' dir='ltr'>βαθύνῃς</span> <span class='ocrx_word' id='word_1_582' title='bbox 522 4768 861 4843; x_wconf 77' lang='grc' dir='ltr'>προσθήκαις</span> <span class='ocrx_word' id='word_1_583' title='bbox 915 4768 1053 4823; x_wconf 81' lang='grc' dir='ltr'>τισὶν</span> <span class='ocrx_word' id='word_1_584' title='bbox 1110 4766 1326 4831; x_wconf 83' lang='grc' dir='ltr'>ὑλικαῖς</span> <span class='ocrx_word' id='word_1_585' title='bbox 1369 4788 1383 4803; x_wconf 73' lang='grc' dir='ltr'><strong><em>ο</em></strong></span> <span class='ocrx_word' id='word_1_586' title='bbox 1446 4768 1591 4825; x_wconf 80' lang='grc' dir='ltr'>ἀλλὰ</span> <span class='ocrx_word' id='word_1_587' title='bbox 1642 4772 1878 4847; x_wconf 71' lang='grc' dir='ltr'>τήρησον</span> 
     </span>
    </p>
   </div>
   <div class='ocr_carea' id='block_1_97' title="bbox 221 4854 1882 5001">
    <p class='ocr_par' dir='ltr' id='par_1_97' title="bbox 221 4854 1882 5001">
     <span class='ocr_line' id='line_1_99' title="bbox 221 4854 1882 4999; baseline 0.003 -88"><span class='ocrx_word' id='word_1_588' title='bbox 221 4854 568 4999; x_wconf 52' lang='grc' dir='ltr'>ἀμφοτέρους</span> <span class='ocrx_word' id='word_1_589' title='bbox 611 4854 697 4911; x_wconf 76' lang='grc' dir='ltr'>ἐπὶ</span> <span class='ocrx_word' id='word_1_590' title='bbox 745 4863 845 4928; x_wconf 85' lang='grc' dir='ltr'><strong><em>τῆς</em></strong></span> <span class='ocrx_word' id='word_1_591' title='bbox 877 4856 1108 4936; x_wconf 77' lang='grc' dir='ltr'>φύσεως,</span> <span class='ocrx_word' id='word_1_592' title='bbox 1136 4858 1230 4913; x_wconf 82' lang='grc' dir='ltr'><strong><em>τὸν</em></strong></span> <span class='ocrx_word' id='word_1_593' title='bbox 1280 4860 1374 4932; x_wconf 76' lang='grc' dir='ltr'>μὶν</span> <span class='ocrx_word' id='word_1_594' title='bbox 1420 4860 1676 4936; x_wconf 85' lang='grc' dir='ltr'>καθαρὸν,</span> <span class='ocrx_word' id='word_1_595' title='bbox 1701 4860 1791 4915; x_wconf 89' lang='grc' dir='ltr'>τὸν</span> <span class='ocrx_word' id='word_1_596' title='bbox 1825 4857 1882 4916; x_wconf 75' lang='grc' dir='ltr'>δὲ</span> 
     </span>
     <span class='ocr_line' id='line_1_100' title="bbox 222 4945 1095 5001; baseline -0.005 0"><span class='ocrx_word' id='word_1_597' title='bbox 222 4945 259 5001; x_wconf 78' lang='grc' dir='ltr'><strong><em>ἁ</em></strong></span> <span class='ocrx_word' id='word_1_598' title='bbox 301 4946 433 5001; x_wconf 63' lang='lat' dir='ltr'><strong><em>aui.</em></strong></span> <span class='ocrx_word' id='word_1_599' title='bbox 1082 4966 1095 4987; x_wconf 58' lang='grc' dir='ltr'><em>κ</em></span> 
     </span>
    </p>
   </div>
   <div class='ocr_carea' id='block_1_98' title="bbox 301 4966 433 5023">
    <p class='ocr_par' dir='ltr' id='par_1_98' title="bbox 301 4966 433 5023">
     <span class='ocr_line' id='line_1_101' title="bbox 301 4966 433 5023; baseline 0.008 -24"><span class='ocrx_word' id='word_1_600' title='bbox 301 4966 410 5023; x_wconf 73' lang='grc' dir='ltr'><strong><em>αφη</em></strong></span> <span class='ocrx_word' id='word_1_601' title='bbox 420 4985 433 5000; x_wconf 90' lang='grc'><strong>.</strong></span> 
     </span>
    </p>
   </div>
   <div class='ocr_carea' id='block_1_99' title="bbox 329 5140 951 5218">
    <p class='ocr_par' dir='ltr' id='par_1_99' title="bbox 329 5140 951 5218">
     <span class='ocr_line' id='line_1_102' title="bbox 329 5140 951 5218; baseline 0.005 -20"><span class='ocrx_word' id='word_1_602' title='bbox 329 5143 575 5213; x_wconf 76' lang='grc' dir='ltr'>Ζήτησον</span> <span class='ocrx_word' id='word_1_603' title='bbox 605 5140 951 5218; x_wconf 83' lang='grc' dir='ltr'>παράδεισον.</span> 
     </span>
    </p>
   </div>
   <div class='ocr_carea' id='block_1_100' title="bbox 294 5237 1876 5320">
    <p class='ocr_par' dir='ltr' id='par_1_100' title="bbox 294 5237 1876 5320">
     <span class='ocr_line' id='line_1_103' title="bbox 294 5237 1876 5320; baseline 0.003 -24"><span class='ocrx_word' id='word_1_604' title='bbox 294 5237 628 5316; x_wconf 82' lang='grc' dir='ltr'>Παράδεισός</span> <span class='ocrx_word' id='word_1_605' title='bbox 674 5239 787 5296; x_wconf 68' lang='grc' dir='ltr'>ἐστι</span> <span class='ocrx_word' id='word_1_606' title='bbox 838 5237 1169 5311; x_wconf 77' lang='grc' dir='ltr'>Χαλδαϊκὸς,</span> <span class='ocrx_word' id='word_1_607' title='bbox 1221 5248 1326 5306; x_wconf 81' lang='grc' dir='ltr'><strong><em>πᾶς</em></strong></span> <span class='ocrx_word' id='word_1_608' title='bbox 1357 5245 1386 5299; x_wconf 86' lang='grc' dir='ltr'>ὁ</span> <span class='ocrx_word' id='word_1_609' title='bbox 1442 5244 1565 5320; x_wconf 84' lang='grc' dir='ltr'>περὶ</span> <span class='ocrx_word' id='word_1_610' title='bbox 1618 5245 1710 5299; x_wconf 85' lang='grc' dir='ltr'><strong><em>τὸν</em></strong></span> <span class='ocrx_word' id='word_1_611' title='bbox 1770 5251 1876 5300; x_wconf 88' lang='grc' dir='ltr'>Πα-</span> 
     </span>
    </p>
   </div>
   <div class='ocr_carea' id='block_1_101' title="bbox 216 5328 1881 5409">
    <p class='ocr_par' dir='ltr' id='par_1_101' title="bbox 216 5328 1881 5409">
     <span class='ocr_line' id='line_1_104' title="bbox 216 5328 1881 5409; baseline 0.002 -24"><span class='ocrx_word' id='word_1_612' title='bbox 216 5330 353 5403; x_wconf 68' lang='grc' dir='ltr'>τέρα</span> <span class='ocrx_word' id='word_1_613' title='bbox 412 5329 582 5404; x_wconf 81' lang='grc' dir='ltr'>χορὸς</span> <span class='ocrx_word' id='word_1_614' title='bbox 638 5333 747 5385; x_wconf 89' lang='grc' dir='ltr'><strong><em>τῶν</em></strong></span> <span class='ocrx_word' id='word_1_615' title='bbox 803 5329 958 5385; x_wconf 89' lang='grc' dir='ltr'>θείων</span> <span class='ocrx_word' id='word_1_616' title='bbox 1012 5328 1315 5405; x_wconf 76' lang='grc' dir='ltr'>δυνάμεων,</span> <span class='ocrx_word' id='word_1_617' title='bbox 1372 5332 1463 5387; x_wconf 87' lang='grc' dir='ltr'><strong><em>καὶ</em></strong></span> <span class='ocrx_word' id='word_1_618' title='bbox 1521 5333 1587 5388; x_wconf 77' lang='grc' dir='ltr'><strong><em>τὰ</em></strong></span> <span class='ocrx_word' id='word_1_619' title='bbox 1641 5332 1881 5409; x_wconf 76' lang='grc' dir='ltr'>ἐμπύρια</span> 
     </span>
    </p>
   </div>
   <div class='ocr_carea' id='block_1_102' title="bbox 218 5415 1881 5496">
    <p class='ocr_par' dir='ltr' id='par_1_102' title="bbox 218 5415 1881 5496">
     <span class='ocr_line' id='line_1_105' title="bbox 218 5415 1881 5496; baseline 0.001 -23"><span class='ocrx_word' id='word_1_620' title='bbox 218 5417 410 5488; x_wconf 75' lang='grc' dir='ltr'>κάλλη</span> <span class='ocrx_word' id='word_1_621' title='bbox 462 5422 570 5473; x_wconf 89' lang='grc' dir='ltr'><strong><em>τῶν</em></strong></span> <span class='ocrx_word' id='word_1_622' title='bbox 629 5415 1041 5495; x_wconf 82' lang='grc' dir='ltr'>δημιουργικῶν</span> <span class='ocrx_word' id='word_1_623' title='bbox 1104 5425 1322 5496; x_wconf 73' lang='grc' dir='ltr'>πηγῶψ</span> <span class='ocrx_word' id='word_1_624' title='bbox 1366 5425 1605 5493; x_wconf 78' lang='grc' dir='ltr'>⁹¹Δνοιξις</span> <span class='ocrx_word' id='word_1_625' title='bbox 1636 5419 1692 5477; x_wconf 73' lang='grc' dir='ltr'>δὶ</span> <span class='ocrx_word' id='word_1_626' title='bbox 1716 5422 1881 5477; x_wconf 72' lang='grc' dir='ltr'>αὐτοῦ</span> 
     </span>
    </p>
   </div>
   <div class='ocr_carea' id='block_1_103' title="bbox 226 5502 1879 5589">
    <p class='ocr_par' dir='ltr' id='par_1_103' title="bbox 226 5502 1879 5589">
     <span class='ocr_line' id='line_1_106' title="bbox 226 5502 1879 5589; baseline 0.004 -28"><span class='ocrx_word' id='word_1_627' title='bbox 226 5505 301 5562; x_wconf 78' lang='grc' dir='ltr'>δι’</span> <span class='ocrx_word' id='word_1_628' title='bbox 360 5502 651 5579; x_wconf 73' lang='grc' dir='ltr'>εὐσεϐείας,</span> <span class='ocrx_word' id='word_1_629' title='bbox 702 5510 736 5578; x_wconf 72' lang='grc' dir='ltr'><strong>ἡ</strong></span> <span class='ocrx_word' id='word_1_630' title='bbox 801 5509 1061 5581; x_wconf 78' lang='grc' dir='ltr'>μετουσία</span> <span class='ocrx_word' id='word_1_631' title='bbox 1101 5513 1210 5564; x_wconf 87' lang='grc' dir='ltr'><strong><em>τῶν</em></strong></span> <span class='ocrx_word' id='word_1_632' title='bbox 1262 5511 1494 5586; x_wconf 80' lang='grc' dir='ltr'>ἀγαθῶν,</span> <span class='ocrx_word' id='word_1_633' title='bbox 1545 5510 1774 5589; x_wconf 78' lang='grc' dir='ltr'>φλογίνη</span> <span class='ocrx_word' id='word_1_634' title='bbox 1822 5509 1879 5567; x_wconf 76' lang='grc' dir='ltr'>δὲ</span> 
     </span>
    </p>
   </div>
   <div class='ocr_carea' id='block_1_104' title="bbox 226 5595 1877 5676">
    <p class='ocr_par' dir='ltr' id='par_1_104' title="bbox 226 5595 1877 5676">
     <span class='ocr_line' id='line_1_107' title="bbox 226 5595 1877 5676; baseline 0.002 -25"><span class='ocrx_word' id='word_1_635' title='bbox 226 5595 496 5674; x_wconf 73' lang='grc' dir='ltr'>ῥομφαία,</span> <span class='ocrx_word' id='word_1_636' title='bbox 556 5595 937 5670; x_wconf 80' lang='grc' dir='ltr'>ἠᾶμείλιλτος</span> <span class='ocrx_word' id='word_1_637' title='bbox 963 5602 1079 5659; x_wconf 84' lang='grc' dir='ltr'>τοῖς</span> <span class='ocrx_word' id='word_1_638' title='bbox 1128 5598 1355 5670; x_wconf 82' lang='grc' dir='ltr'>ἆναξιως</span> <span class='ocrx_word' id='word_1_639' title='bbox 1409 5602 1877 5676; x_wconf 71' lang='grc' dir='ltr'>προσερχομένοις</span> 
     </span>
    </p>
   </div>
   <div class='ocr_carea' id='block_1_105' title="bbox 228 5683 1879 5762">
    <p class='ocr_par' dir='ltr' id='par_1_105' title="bbox 228 5683 1879 5762">
     <span class='ocr_line' id='line_1_108' title="bbox 228 5683 1879 5762; baseline 0.001 -19"><span class='ocrx_word' id='word_1_640' title='bbox 228 5683 487 5762; x_wconf 81' lang='grc' dir='ltr'>δύναμις.</span> <span class='ocrx_word' id='word_1_641' title='bbox 546 5687 643 5742; x_wconf 78' lang='grc' dir='ltr'>Καὶ</span> <span class='ocrx_word' id='word_1_642' title='bbox 717 5686 933 5751; x_wconf 80' lang='grc' dir='ltr'>τούτοις</span> <span class='ocrx_word' id='word_1_643' title='bbox 984 5688 1081 5762; x_wconf 79' lang='grc' dir='ltr'><strong><em>μὶν</em></strong></span> <span class='ocrx_word' id='word_1_644' title='bbox 1124 5687 1431 5745; x_wconf 69' lang='grc' dir='ltr'>κέκλεισται</span> <span class='ocrx_word' id='word_1_645' title='bbox 1490 5687 1578 5745; x_wconf 74' lang='grc' dir='ltr'><strong><em>διὰ</em></strong></span> <span class='ocrx_word' id='word_1_646' title='bbox 1622 5692 1722 5761; x_wconf 83' lang='grc' dir='ltr'><strong><em>τήν</em></strong></span> <span class='ocrx_word' id='word_1_647' title='bbox 1782 5691 1879 5745; x_wconf 85' lang='grc' dir='ltr'><strong><em>ἀν-</em></strong></span> 
     </span>
    </p>
   </div>
   <div class='ocr_carea' id='block_1_106' title="bbox 1990 4680 3636 4753">
    <p class='ocr_par' dir='ltr' id='par_1_106' title="bbox 1990 4680 3636 4753">
     <span class='ocr_line' id='line_1_109' title="bbox 1990 4680 3636 4753; baseline -0.001 -16"><span class='ocrx_word' id='word_1_648' title='bbox 1990 4686 2189 4738; x_wconf 86' lang='lat' dir='ltr'><strong><em>ctuum</em></strong></span> <span class='ocrx_word' id='word_1_649' title='bbox 2224 4680 2604 4736; x_wconf 89' lang='lat' dir='ltr'><strong><em>immunditia</em></strong></span> <span class='ocrx_word' id='word_1_650' title='bbox 2637 4682 3024 4748; x_wconf 83' lang='lat' dir='ltr'><strong><em>contamines,</em></strong></span> <span class='ocrx_word' id='word_1_651' title='bbox 3049 4697 3237 4752; x_wconf 89' lang='lat' dir='ltr'><strong><em>neque</em></strong></span> <span class='ocrx_word' id='word_1_652' title='bbox 3268 4680 3636 4753; x_wconf 82' lang='lat' dir='ltr'><strong><em>superﬁciem</em></strong></span> 
     </span>
    </p>
   </div>
   <div class='ocr_carea' id='block_1_107' title="bbox 1990 4769 3640 4841">
    <p class='ocr_par' dir='ltr' id='par_1_107' title="bbox 1990 4769 3640 4841">
     <span class='ocr_line' id='line_1_110' title="bbox 1990 4769 3640 4841; baseline -0.001 -15"><span class='ocrx_word' id='word_1_653' title='bbox 1990 4771 2149 4827; x_wconf 88' lang='lat' dir='ltr'><strong><em>illius</em></strong></span> <span class='ocrx_word' id='word_1_654' title='bbox 2180 4770 2600 4827; x_wconf 87' lang='lat' dir='ltr'><strong><em>additamentis</em></strong></span> <span class='ocrx_word' id='word_1_655' title='bbox 2632 4771 2985 4841; x_wconf 83' lang='lat' dir='ltr'><strong><em>quibusdam</em></strong></span> <span class='ocrx_word' id='word_1_656' title='bbox 3039 4770 3443 4827; x_wconf 86' lang='lat' dir='ltr'><strong><em>materialibus</em></strong></span> <span class='ocrx_word' id='word_1_657' title='bbox 3472 4770 3531 4825; x_wconf 91' lang='lat' dir='ltr'><strong><em>in</em></strong></span> <span class='ocrx_word' id='word_1_658' title='bbox 3562 4769 3640 4825; x_wconf 85' lang='lat' dir='ltr'><strong><em>al-</em></strong></span> 
     </span>
    </p>
   </div>
   <div class='ocr_carea' id='block_1_108' title="bbox 1990 4859 3641 4929">
    <p class='ocr_par' dir='ltr' id='par_1_108' title="bbox 1990 4859 3641 4929">
     <span class='ocr_line' id='line_1_111' title="bbox 1990 4859 3641 4929; baseline 0 -14"><span class='ocrx_word' id='word_1_659' title='bbox 1990 4859 2300 4916; x_wconf 89' lang='lat' dir='ltr'><strong><em>titudinem</em></strong></span> <span class='ocrx_word' id='word_1_660' title='bbox 2334 4875 2662 4915; x_wconf 88' lang='lat' dir='ltr'><strong><em>excrescere</em></strong></span> <span class='ocrx_word' id='word_1_661' title='bbox 2712 4859 2913 4929; x_wconf 85' lang='lat' dir='ltr'><strong><em>facias,</em></strong></span> <span class='ocrx_word' id='word_1_662' title='bbox 2948 4860 3047 4914; x_wconf 83' lang='lat' dir='ltr'><strong><em>sed</em></strong></span> <span class='ocrx_word' id='word_1_663' title='bbox 3098 4859 3303 4915; x_wconf 87' lang='lat' dir='ltr'><strong><em>ambas</em></strong></span> <span class='ocrx_word' id='word_1_664' title='bbox 3334 4864 3400 4915; x_wconf 92' lang='lat' dir='ltr'><strong><em>ut</em></strong></span> <span class='ocrx_word' id='word_1_665' title='bbox 3429 4862 3641 4915; x_wconf 87' lang='lat' dir='ltr'><strong><em>natura</em></strong></span> 
     </span>
    </p>
   </div>
   <div class='ocr_carea' id='block_1_109' title="bbox 1990 4946 3641 5023">
    <p class='ocr_par' dir='ltr' id='par_1_109' title="bbox 1990 4946 3641 5023">
     <span class='ocr_line' id='line_1_112' title="bbox 1990 4946 3641 5023; baseline -0.001 -18"><span class='ocrx_word' id='word_1_666' title='bbox 1990 4966 2100 5005; x_wconf 91' lang='lat' dir='ltr'><strong><em>sua</em></strong></span> <span class='ocrx_word' id='word_1_667' title='bbox 2130 4965 2257 5005; x_wconf 90' lang='lat' dir='ltr'><strong><em>sese</em></strong></span> <span class='ocrx_word' id='word_1_668' title='bbox 2288 4948 2505 5004; x_wconf 90' lang='lat' dir='ltr'><strong><em>habent</em></strong></span> <span class='ocrx_word' id='word_1_669' title='bbox 2535 4964 2864 5018; x_wconf 85' lang='lat' dir='ltr'><strong><em>conserves,</em></strong></span> <span class='ocrx_word' id='word_1_670' title='bbox 2890 4948 3039 5005; x_wconf 92' lang='lat' dir='ltr'><strong><em>hanc</em></strong></span> <span class='ocrx_word' id='word_1_671' title='bbox 3070 4966 3303 5023; x_wconf 87' lang='lat' dir='ltr'><strong><em>puram,</em></strong></span> <span class='ocrx_word' id='word_1_672' title='bbox 3331 4948 3493 5005; x_wconf 91' lang='lat' dir='ltr'><strong><em>illam</em></strong></span> <span class='ocrx_word' id='word_1_673' title='bbox 3517 4946 3641 5005; x_wconf 87' lang='lat' dir='ltr'><strong><em>nul-</em></strong></span> 
     </span>
    </p>
   </div>
   <div class='ocr_carea' id='block_1_110' title="bbox 1988 5037 2594 5094">
    <p class='ocr_par' dir='ltr' id='par_1_110' title="bbox 1988 5037 2594 5094">
     <span class='ocr_line' id='line_1_113' title="bbox 1988 5037 2594 5094; baseline -0.002 0"><span class='ocrx_word' id='word_1_674' title='bbox 1988 5038 2044 5094; x_wconf 91' lang='lat' dir='ltr'><strong><em>lo</em></strong></span> <span class='ocrx_word' id='word_1_675' title='bbox 2077 5037 2267 5094; x_wconf 89' lang='lat' dir='ltr'><strong><em>colore</em></strong></span> <span class='ocrx_word' id='word_1_676' title='bbox 2300 5037 2594 5093; x_wconf 86' lang='lat' dir='ltr'><strong><em>infectam.</em></strong></span> 
     </span>
    </p>
   </div>
   <div class='ocr_carea' id='block_1_111' title="bbox 2134 5146 2702 5219">
    <p class='ocr_par' dir='ltr' id='par_1_111' title="bbox 2134 5146 2702 5219">
     <span class='ocr_line' id='line_1_114' title="bbox 2134 5146 2702 5219; baseline -0.002 -16"><span class='ocrx_word' id='word_1_677' title='bbox 2134 5148 2332 5217; x_wconf 67' lang='lat' dir='ltr'><strong><em>Quaere</em></strong></span> <span class='ocrx_word' id='word_1_678' title='bbox 2356 5146 2702 5219; x_wconf 85' lang='lat' dir='ltr'><strong><em>paradisum.</em></strong></span> 
     </span>
    </p>
   </div>
   <div class='ocr_carea' id='block_1_112' title="bbox 2062 5244 3643 5318">
    <p class='ocr_par' dir='ltr' id='par_1_112' title="bbox 2062 5244 3643 5318">
     <span class='ocr_line' id='line_1_115' title="bbox 2062 5244 3643 5318; baseline -0.003 -16"><span class='ocrx_word' id='word_1_679' title='bbox 2062 5246 2243 5303; x_wconf 89' lang='lat' dir='ltr'><strong><em>Totus</em></strong></span> <span class='ocrx_word' id='word_1_680' title='bbox 2300 5246 2631 5301; x_wconf 88' lang='lat' dir='ltr'><strong><em>divinarum</em></strong></span> <span class='ocrx_word' id='word_1_681' title='bbox 2690 5247 3080 5318; x_wconf 86' lang='lat' dir='ltr'><strong><em>potentiarum</em></strong></span> <span class='ocrx_word' id='word_1_682' title='bbox 3140 5244 3353 5299; x_wconf 87' lang='lat' dir='ltr'><strong><em>chorus</em></strong></span> <span class='ocrx_word' id='word_1_683' title='bbox 3410 5245 3643 5298; x_wconf 73' lang='lat' dir='ltr'><strong><em>Patrem</em></strong></span> 
     </span>
    </p>
   </div>
   <div class='ocr_carea' id='block_1_113' title="bbox 1993 5331 3644 5407">
    <p class='ocr_par' dir='ltr' id='par_1_113' title="bbox 1993 5331 3644 5407">
     <span class='ocr_line' id='line_1_116' title="bbox 1993 5331 3644 5407; baseline -0.002 -15"><span class='ocrx_word' id='word_1_684' title='bbox 1993 5336 2279 5405; x_wconf 89' lang='lat' dir='ltr'><strong><em>ambiens,</em></strong></span> <span class='ocrx_word' id='word_1_685' title='bbox 2312 5340 2369 5391; x_wconf 91' lang='lat' dir='ltr'><strong><em>et</em></strong></span> <span class='ocrx_word' id='word_1_686' title='bbox 2400 5336 2592 5407; x_wconf 88' lang='lat' dir='ltr'><strong><em>ignita</em></strong></span> <span class='ocrx_word' id='word_1_687' title='bbox 2617 5336 3085 5406; x_wconf 86' lang='lat' dir='ltr'><strong><em>pulchritudines</em></strong></span> <span class='ocrx_word' id='word_1_688' title='bbox 3110 5332 3356 5387; x_wconf 66' lang='lat' dir='ltr'><strong><em>fontium</em></strong></span> <span class='ocrx_word' id='word_1_689' title='bbox 3390 5331 3644 5404; x_wconf 89' lang='lat' dir='ltr'><strong><em>publicis</em></strong></span> 
     </span>
    </p>
   </div>
   <div class='ocr_carea' id='block_1_114' title="bbox 1989 5421 3635 5496">
    <p class='ocr_par' dir='ltr' id='par_1_114' title="bbox 1989 5421 3635 5496">
     <span class='ocr_line' id='line_1_117' title="bbox 1989 5421 3635 5496; baseline -0.002 -15"><span class='ocrx_word' id='word_1_690' title='bbox 1989 5425 2196 5481; x_wconf 62' lang='lat' dir='ltr'><strong><em>officiis</em></strong></span> <span class='ocrx_word' id='word_1_691' title='bbox 2243 5425 2693 5490; x_wconf 87' lang='lat' dir='ltr'><strong><em>destinatorum,</em></strong></span> <span class='ocrx_word' id='word_1_692' title='bbox 2729 5425 3034 5496; x_wconf 79' lang='lat' dir='ltr'><strong><em>paradisus</em></strong></span> <span class='ocrx_word' id='word_1_693' title='bbox 3085 5421 3370 5477; x_wconf 76' lang='lat' dir='ltr'><strong><em>Chaldais</em></strong></span> <span class='ocrx_word' id='word_1_694' title='bbox 3400 5421 3635 5479; x_wconf 90' lang='lat' dir='ltr'><strong><em>dicitur.</em></strong></span> 
     </span>
    </p>
   </div>
   <div class='ocr_carea' id='block_1_115' title="bbox 1987 5510 3633 5585">
    <p class='ocr_par' dir='ltr' id='par_1_115' title="bbox 1987 5510 3633 5585">
     <span class='ocr_line' id='line_1_118' title="bbox 1987 5510 3633 5585; baseline -0.002 -15"><span class='ocrx_word' id='word_1_695' title='bbox 1987 5515 2218 5585; x_wconf 86' lang='lat' dir='ltr'><strong><em>Apertio</em></strong></span> <span class='ocrx_word' id='word_1_696' title='bbox 2250 5519 2442 5569; x_wconf 85' lang='lat' dir='ltr'><strong><em>autem</em></strong></span> <span class='ocrx_word' id='word_1_697' title='bbox 2478 5514 2637 5568; x_wconf 88' lang='lat' dir='ltr'><strong><em>illius</em></strong></span> <span class='ocrx_word' id='word_1_698' title='bbox 2687 5531 2816 5584; x_wconf 71' lang='lat' dir='ltr'><strong><em>quae</em></strong></span> <span class='ocrx_word' id='word_1_699' title='bbox 2866 5514 2927 5565; x_wconf 82' lang='lat' dir='ltr'><strong><em>lit</em></strong></span> <span class='ocrx_word' id='word_1_700' title='bbox 2974 5510 3186 5582; x_wconf 85' lang='lat' dir='ltr'><strong><em>pietate</em></strong></span> <span class='ocrx_word' id='word_1_701' title='bbox 3217 5512 3633 5581; x_wconf 87' lang='lat' dir='ltr'><strong><em>intercedente,</em></strong></span> 
     </span>
    </p>
   </div>
   <div class='ocr_carea' id='block_1_116' title="bbox 1988 5600 3632 5673">
    <p class='ocr_par' dir='ltr' id='par_1_116' title="bbox 1988 5600 3632 5673">
     <span class='ocr_line' id='line_1_119' title="bbox 1988 5600 3632 5673; baseline -0.001 -15"><span class='ocrx_word' id='word_1_702' title='bbox 1988 5609 2078 5659; x_wconf 87' lang='lat' dir='ltr'><strong><em>est</em></strong></span> <span class='ocrx_word' id='word_1_703' title='bbox 2110 5605 2394 5658; x_wconf 89' lang='lat' dir='ltr'><strong><em>bonorum</em></strong></span> <span class='ocrx_word' id='word_1_704' title='bbox 2442 5602 2637 5657; x_wconf 83' lang='lat' dir='ltr'><strong><em>fruitio</em></strong></span> <span class='ocrx_word' id='word_1_705' title='bbox 2672 5618 2683 5656; x_wconf 90' lang='lat'>:</span> <span class='ocrx_word' id='word_1_706' title='bbox 2718 5601 2951 5673; x_wconf 90' lang='lat' dir='ltr'><strong><em>gladius</em></strong></span> <span class='ocrx_word' id='word_1_707' title='bbox 2998 5616 3131 5655; x_wconf 89' lang='lat' dir='ltr'><strong><em>vero</em></strong></span> <span class='ocrx_word' id='word_1_708' title='bbox 3166 5600 3494 5670; x_wconf 85' lang='lat' dir='ltr'><strong><em>flammeus,</em></strong></span> <span class='ocrx_word' id='word_1_709' title='bbox 3527 5616 3632 5671; x_wconf 91' lang='lat' dir='ltr'><strong><em>po-</em></strong></span> 
     </span>
    </p>
   </div>
   <div class='ocr_carea' id='block_1_117' title="bbox 1987 5688 3631 5764">
    <p class='ocr_par' dir='ltr' id='par_1_117' title="bbox 1987 5688 3631 5764">
     <span class='ocr_line' id='line_1_120' title="bbox 1987 5688 3631 5764; baseline -0.002 -14"><span class='ocrx_word' id='word_1_710' title='bbox 1987 5693 2171 5750; x_wconf 87' lang='lat' dir='ltr'><strong><em>tentia</em></strong></span> <span class='ocrx_word' id='word_1_711' title='bbox 2197 5692 2439 5764; x_wconf 89' lang='lat' dir='ltr'><strong><em>indigne</em></strong></span> <span class='ocrx_word' id='word_1_712' title='bbox 2459 5691 2869 5748; x_wconf 88' lang='lat' dir='ltr'><strong><em>accedentibus</em></strong></span> <span class='ocrx_word' id='word_1_713' title='bbox 2895 5688 3303 5763; x_wconf 89' lang='lat' dir='ltr'><strong><em>implacabilis.</em></strong></span> <span class='ocrx_word' id='word_1_714' title='bbox 3328 5692 3517 5761; x_wconf 86' lang='lat' dir='ltr'><strong><em>Atque</em></strong></span> <span class='ocrx_word' id='word_1_715' title='bbox 3538 5689 3631 5747; x_wconf 86' lang='lat' dir='ltr'><strong><em>his</em></strong></span> 
     </span>
    </p>
   </div>
  </div>
