3970 6218
363 294 522 355 1139

1710 282 2138 346 MICHAELIS
2183 281 2454 343 PSELLI

3610 284 3733 346 1140

366 424 607 498 quidem
641 422 910 479 occlusus
940 426 1051 489 est,
1083 422 1238 494 quod
1288 420 1482 477 idonei
1531 418 1811 489 illiusque
1840 413 2021 472 felici-

2166 410 2579 484 πιτηδειότηται
2614 418 2731 476 τοῖς
2764 409 2821 469 δὲ
2852 407 3123 469 εύσεὸἑσιν
3154 410 3407 489 ἀνὲωγεν.
3448 412 3536 475 Ei:
3563 415 3613 470 ὃν
3637 415 3735 471 ἀνα.

366 515 510 572 tatis
536 528 779 586 capaces
823 530 939 569 non
971 513 1131 580 sint;
1188 510 1300 583 piis
1334 513 1529 565 autem
1562 513 1738 581 patet.
1771 509 1836 562 In
1866 505 2022 559 hunc

2166 502 2397 558 είνονται
2428 510 2593 558 πᾶσαι
2626 505 2681 558 αἱ
2712 505 3029 578 θεουργικαὶ
3049 500 3257 579 ἀρεταί.

364 604 605 660 hortum
659 600 1023 657 contendunt
1072 615 1300 669 omnes,
1332 612 1460 669 qua
1509 596 1777 653 homines
1806 594 1921 650 Deo
1951 592 2025 649 si-

364 693 536 750 miles
568 692 840 757 reddunt,
869 690 1137 745 virtutes.

446 807 540 864 Vas
570 811 727 862 tuum
759 805 1087 861 habitabant
1118 802 1400 859 animalia
1430 806 1616 858 terrae.

438 906 552 961 Vas
604 910 691 961 est
738 904 868 976 ipsa
916 906 1322 974 temperatura
1375 902 1583 956 animae
1632 916 1702 955 ex
1730 897 2027 970 composi-

367 992 529 1050 tione
560 996 721 1060 orta;
754 990 1038 1046 animalia
1068 990 1391 1059 terrestria,
1420 990 1712 1044 daemones
1743 986 1845 1058 qui
1874 986 2030 1041 circa

367 1087 580 1139 terram
626 1084 923 1137 oberrant.
960 1082 1021 1135 In
1078 1083 1279 1135 nostra
1329 1079 1531 1151 itaque
1578 1078 1696 1133 vita
1725 1076 2029 1132 affectibus

369 1171 543 1243 plena
573 1169 867 1240 ejusmodi
901 1168 1180 1225 animalia
1203 1169 1403 1224 sedem
1434 1184 1601 1222 suam
1635 1165 2027 1222 collocabuut.

370 1260 713 1316 Daemonum
746 1258 901 1314 enim
936 1258 1194 1314 essentia
1225 1257 1534 1312 affectibus
1555 1255 1901 1327 complicata
1920 1259 2029 1325 est,

371 1348 433 1404 in
464 1346 797 1419 iisdemque
824 1349 1023 1404 sedem
1048 1363 1218 1402 suam
1248 1346 1421 1401 fixam
1448 1345 1664 1400 habent
1694 1348 1749 1401 et
1765 1344 2032 1400 ordinem

372 1436 761 1493 materialem.
797 1438 928 1493 Ideo
963 1436 1302 1508 quicunque
1335 1435 1639 1492 affectibus
1660 1434 1840 1489 dediti
1873 1436 2031 1504 sunt,

373 1528 740 1583 daemonibus
772 1527 1064 1581 cohaerent
1081 1529 1138 1581 et
1156 1524 1622 1597 agglutinantur.
1656 1522 1855 1578 Simile
1877 1524 2031 1578 enim

374 1616 556 1671 simili
589 1615 917 1681 attrahunt,
948 1613 1220 1670 movendi
1250 1613 1366 1669 vim
1400 1618 1575 1686 atque
1606 1611 1945 1668 facultatem
1968 1628 2037 1667 ex

374 1704 522 1777 ipsis
553 1704 861 1760 affectibus
892 1704 1213 1761 consecuti.

454 1802 514 1857 Si
543 1801 857 1857 extendet-is
887 1802 1114 1872 igneam
1144 1808 1388 1855 mentem
1431 1799 1500 1855 ad
1524 1799 1749 1871 pietatis
1780 1814 1932 1870 opus,

454 1877 641 1931 Etiam
669 1873 907 1943 ﬂuidum
933 1889 1129 1944 corpus
1158 1872 1428 1928 servabis.

460 1972 524 2027 Id
556 1976 665 2037 est,
696 1972 747 2027 si
781 1976 1035 2027 mentem
1068 1975 1224 2025 tuam
1255 1970 1650 2025 illuminatam
1682 1968 1752 2025 ad
1785 1967 2045 2040 superio-

388 2078 455 2118 ra
482 2060 783 2128 extuleris,
817 2064 874 2115 et
905 2059 1083 2116 divini
1113 2060 1265 2131 ignis
1297 2076 1445 2131 opus
1493 2060 1563 2114 ad
1597 2058 1831 2131 pietatis
1868 2072 2046 2130 opera

388 2150 644 2208 evexeris
677 2151 842 2222 (sunt
890 2155 1084 2205 autem
1138 2148 1422 2205 Chaldaeis
1472 2148 1705 2220 pietatis
1735 2164 1932 2221 opera,
1965 2147 2046 2202 ri-

385 2243 557 2297 tuum
591 2257 656 2294 ac
689 2238 1178 2294 caeremoniarum
1206 2238 1462 2293 rationes
1484 2238 1698 2309 certae),
1722 2254 1831 2293 non
1854 2235 2047 2293 solum

386 2328 647 2386 animam
682 2328 987 2383 affectibus
1013 2327 1473 2400 insuperabilem
1497 2328 1725 2396 reddes;
1751 2328 1848 2383 sed
1874 2326 2048 2382 etiam

388 2435 602 2490 corpus
656 2422 825 2473 tuum
876 2416 1173 2473 salubrius
1225 2416 1463 2471 efficies.
1520 2416 1621 2472 Est
1650 2416 1805 2471 enim
1856 2416 2049 2471 ethoc

389 2508 719 2580 saepissime
741 2523 888 2579 opus
920 2506 1254 2561 divinarum
1278 2505 1768 2573 illustrationum,
1792 2504 2051 2575 corporis

390 2612 603 2668 nempe
635 2596 941 2652 materiam
974 2595 1307 2665 absumere,
1334 2599 1391 2650 et
1420 2600 1641 2650 naturae
1671 2610 1806 2650 eum
1839 2594 2055 2650 sanita-

390 2687 469 2743 tis
508 2685 779 2741 habitum
833 2684 1153 2755 acquirere,
1194 2689 1255 2739 ut
1306 2684 1549 2756 posthac
1595 2700 1700 2740 nec
1749 2684 2052 2740 affectibus

390 2792 499 2833 nec
532 2775 755 2831 morbis
786 2773 928 2829 ullis
959 2774 1333 2846 corripiatur.

401 2884 465 2938 Αι
496 2897 618 2938 vero
649 2898 678 2937 θ
703 2881 909 2953 ﬁnibus
940 2884 1101 2936 terra
1129 2880 1396 2937 exsiliunt
1425 2896 1589 2937 canes
1617 2885 1927 2947 terrestres,

402 3027 521 3084 Non
550 3040 739 3081 verum
767 3026 988 3096 signum
1016 3022 1229 3080 homini
1256 3027 1645 3079 monstrantes.

2070 1790 2119 1856 B

2316 798 2421 853 Σὸν
2456 799 2676 874 ἀγγεῖον
2710 801 2819 872 (14)
2848 804 3008 869 θῆρες
3040 799 3241 873 χθονὸς
3274 797 3598 870 οἰκήσουσιν.

2207 897 2454 973 Ἀγγεῖον
2509 897 2604 970 μέν
2640 896 2752 953 tam
2803 897 2865 951 τὸ
2910 896 3159 952 σύνθετον
3219 903 3404 973 κρᾶμα
3449 904 3545 965 τῆς
3572 900 3736 972 ψυχῆς.

2138 992 2299 1061 θῆρες
2331 984 2387 1041 δὲ
2432 987 2655 1061 χθονὸς,
2690 987 2742 1041 οἱ
2772 985 2895 1061 περὶ
2924 988 3023 1061 γῆν
3054 983 3479 1058 καλινδούμενοι
3516 983 3740 1058 δαίμονες.

2139 1077 2254 1145 Τὴν
2317 1076 2405 1130 οὖν
2464 1076 2609 1146 ζωὴν
2672 1078 2831 1149 ἡμῶν
2874 1073 3065 1149 πλήρη
3118 1075 3420 1150 γενομένην
3471 1081 3659 1142 παθῶν,
3702 1076 3741 1129 oi

2138 1162 2378 1220 τοιοῦτοι
2421 1171 2583 1240 θῆρες
2636 1165 2943 1236 οἰκήσουσι.
2982 1164 3086 1220 Καὶ
3132 1166 3238 1242 γὰρ
3288 1165 3546 1220 οὐσίωται
3572 1164 3617 1219 ἐν
3654 1170 3744 1225 τοῖς

2139 1252 2330 1309 πάθεσι
2361 1254 2427 1309 τὰ.
2454 1259 2678 1309 τοιαῦτα
2708 1254 2865 1330 γένη,
2919 1253 3009 1309 καὶ
3039 1256 3137 1323 τὴν
3189 1251 3347 1329 ’ἕδραν
3399 1253 3514 1329 ἔχει
3558 1254 3636 1308 καὶ
3668 1255 3744 1322 τὴν

2140 1344 2287 1414 τάξιν
2323 1343 2541 1413 ὑλικήν,
2576 1341 2660 1398 διὸ
2691 1343 2780 1399 καὶ
2815 1344 2867 1399 οἱ
2899 1344 3160 1417 ἐμπαθεῖς
3192 1345 3329 1419 πρὸς
3355 1348 3520 1399 ταῦτα
3564 1342 3749 1418 συγκολ·

2144 1430 2372 1505 λῶνται,
2400 1438 2477 1506 τῷ
2508 1432 2688 1507 ὁμοίῳ
2717 1434 2779 1489 τὸ
2827 1433 3021 1506 ὅμοιον
3076 1431 3458 1511 ἐφελκόμενοι,
3505 1434 3747 1503 κινητικῆν

2145 1520 2369 1597 δύναμιν
2400 1520 2619 1599 ἔχοντες
2647 1522 2707 1578 ἐκ
2732 1521 2843 1579 τῶν
2873 1525 3082 1580 παθῶν.

2900 1797 3175 1873 Ἐκτείνας
3203 1796 3429 1873 πύρινον
3448 1800 3578 1873 ,νοῦν

2148 1874 2353 1947 Ἔργον
2380 1869 2464 1926 ἐπ’
2498 1866 2768 1941 εὐσεϐίης,
2804 1869 3023 1947 ῥευστὸν
3051 1871 3140 1926 καὶ
3168 1866 3326 1944 σῶμα
3351 1870 3594 1932 σαώσεις.

2221 1970 2525 2040 Τουτέστιν,
2586 1968 2674 2024 ἐὰν
2716 1968 2951 2044 ἐκτείνῃς
2995 1968 3087 2024 τὸν
3148 1968 3489 2045 φωτισθέντα
3535 1986 3613 2021 σοι
3661 1968 3764 2019 νοῦν

2154 2059 2357 2125 ἄνωθεν
2414 2059 2503 2114 καὶ
2563 2064 2658 2114 τοῦ
2707 2057 2855 2123 θείου
2933 2060 3105 2132 πυρὸς
3162 2055 3318 2134 ἔργον
3378 2056 3654 2133 γενόμενον
3706 2054 3765 2113 εἰς

2154 2168 2220 2205 τα
2274 2156 2374 2219 τῆς
2433 2144 2701 2211 εὐσεϐείας
2779 2144 2913 2224 ἔργα
2978 2148 3137 2223 (ἔργα
3212 2145 3269 2203 δὲ
3340 2142 3607 2207 εὐσεϐείας
3652 2141 3774 2217 παρὰ

2156 2237 2477 2307 Χαλδαίοις,
2528 2239 2583 2293 αἱ
2640 2242 2751 2293 τῶν
2809 2236 3043 2293 τελετῶν
3100 2235 3367 2312 μέθοδοι),
3421 2235 3485 2292 ού
3518 2236 3667 2307 μόνον
3691 2233 3771 2299 τήν

2156 2330 2339 2406 ψυχὴν
2373 2327 2654 2384 ἀνάλωτον
2686 2329 2937 2398 ποιήσεις
2980 2332 3095 2389 τοῖς
3140 2328 3380 2397 πάθεσιν,
3434 2323 3578 2380 ἀλλὰ
3612 2322 3691 2378 καὶ
3727 2320 3776 2374 τὸ

2160 2418 2319 2492 σῶμά
2350 2440 2445 2473 σου
2482 2417 2868 2493 ὑγιεινότερον.
2913 2419 3066 2473 Ἔστι
3097 2416 3202 2491 γὰρ
3231 2416 3321 2471 καὶ
3348 2420 3513 2470 τοῦτο
3541 2412 3775 2471 πολλάκις

2160 2503 2313 2584 ἔργον
2347 2512 2454 2562 τῶν
2491 2506 2646 2571 θείων
2681 2506 3030 2580 ἐλλάμψεων,
3073 2503 3370 2575 ἐκδαπανᾷν
3406 2506 3508 2573 τήν
3551 2502 3672 2567 ὅλην
3693 2501 3770 2554 τοῦ

2163 2598 2439 2669 σώματος,
2467 2597 2554 2651 καὶ
2589 2597 2713 2672 ὑγιᾶ
2740 2598 2839 2665 τήν
2873 2595 3030 2669 φύσιν
3060 2595 3501 2663 κατασκευάζειν,
3541 2591 3625 2647 καὶ
3657 2591 3768 2663 μήτε

2160 2688 2406 2757 πάθεσιν,
2442 2687 2580 2759 μήτε
2604 2684 2781 2747 νόσοις
2815 2682 3151 2748 ἁλίσκεσθαι.

2162 2886 2257 2942 Ἐκ
2315 2881 2361 2940 δ’
2415 2881 2517 2959 ἄρα
2586 2882 2810 2939 κόλπων
2887 2880 3045 2956 γαίης
3108 2879 3415 2951 θρώσκουσι
3483 2878 3629 2959 κύνες
3676 2872 3779 2949 106-

2164 3024 2287 3083 Οὕτ³
2319 3025 2521 3098 ἀληθὲς
2552 3032 2703 3099 σῆμα
2733 3026 2914 3101 βροτῷ
2944 3021 3263 3086 δεικνύντες.
3593 2951 3724 3022 [νων

467 3141 670 3197 Sermo
700 3144 790 3196 est
834 3141 905 3196 de
958 3140 1325 3196 demonibus
1374 3139 1776 3196 materialibus
1810 3158 1822 3195 :
1857 3146 1912 3195 el
1940 3139 2022 3196 ho

2235 3145 2365 3220 Περὶ
2427 3142 2701 3217 δαιμόνων
2765 3140 2967 3197 ἒνύλων
3028 3142 3056 3196 6
3116 3138 3296 3217 λόγος·
3357 3137 3453 3193 καὶ
3504 3134 3782 3230 κύνας

393 3247 568 3289 canes
617 3230 904 3297 nominat,
939 3229 1079 3301 quia
1128 3228 1462 3285 animarum
1513 3230 1817 3285 carnifices
1863 3235 2046 3286 sunt:

390 3323 700 3377 terrestres
741 3335 894 3389 vero,
949 3319 1087 3391 quia
1135 3335 1164 3374 e
1213 3318 1356 3374 coelo
1405 3318 1759 3390 ceciderunt,
1816 3324 1872 3374 et
1901 3319 2055 3374 circa

396 3415 612 3467 terram
642 3410 1006 3465 volutantur.
1058 3408 1126 3464 Hi
1176 3408 1303 3480 (ait)
1337 3426 1365 3463 a
1400 3407 1609 3463 divinae
1639 3409 1768 3463 vitae
1802 3409 2053 3464 beatitu-

397 3499 533 3556 dine
559 3498 904 3571 longissime
945 3497 1146 3570 positi,
1177 3502 1234 3552 et
1284 3496 1663 3552 intellectuali
1696 3496 2054 3569 contempla-

397 3588 559 3646 tione
589 3588 878 3654 destituti,
915 3588 1113 3641 futura
1148 3587 1495 3658 portendere
1544 3593 1861 3659 nequeunt.
1895 3585 2057 3642 Unde

401 3677 471 3733 fit
498 3682 561 3732 ut
592 3676 794 3731 omnia
824 3692 953 3746 qua:
993 3674 1197 3729 dicunt
1243 3679 1344 3730 aut
1375 3678 1725 3745 monstrant,
1758 3674 1907 3730 falsa
1938 3675 2059 3730 sint

403 3770 462 3823 et
494 3766 657 3821 nulla
687 3765 1038 3821 certitudine
1067 3764 1327 3821 suffulta.
1379 3765 1487 3819 Per
1518 3765 1738 3819 formas
1776 3766 1931 3819 enim
1957 3781 2058 3820 en-

401 3855 486 3911 tia
516 3858 895 3926 cognoscunt.
933 3855 999 3908 At
1042 3853 1099 3907 id
1150 3854 1303 3924 quod
1337 3852 1613 3909 facultate
1642 3853 1946 3926 sigillatim
1980 3859 2056 3924 et,

406 3949 473 4000 ut
521 3944 603 3998 ita
660 3943 874 4010 dicam,
936 3941 1377 3997 individualiter
1426 3942 1624 3999 futura
1672 3944 2060 4015 cognoscendi

404 4033 715 4107 praeditum
746 4037 856 4099 est,
894 4030 1217 4087 individuis
1266 4035 1323 4087 et
1374 4031 1695 4088 formarum
1726 4034 2060 4105 expertibus

398 4121 811 4195 intelligentiis
842 4121 1052 4177 utitur.

404 4224 615 4282 Omnia
645 4223 796 4277 enim
823 4221 1055 4293 per/coit
1087 4224 1279 4284 Pater.
1312 4225 1365 4274 et
1398 4222 1576 4276 menti
1601 4220 1835 4277 tradidit

402 4294 720 4353 Secundae:
752 4310 916 4365 quam
962 4293 1212 4365 primam
1260 4299 1415 4348 vocat
1463 4310 1628 4349 omne
1675 4310 1846 4436 qenus
1884 4293 2061 4351 homi-

1713 4382 1869 4421 num.

477 4465 708 4521 Primus
748 4463 1055 4522 Trinitatis
1099 4466 1271 4521 Pater
1301 4480 1435 4519 cum
1469 4464 1802 4520 universam
1835 4470 2060 4522 creatu-

400 4570 531 4610 ram
562 4554 940 4621 condidisset,
972 4569 1104 4609 eam
1148 4553 1330 4610 menti
1362 4553 1606 4609 tradidit
1636 4569 1648 4609 :
1684 4570 1862 4625 quam
1894 4571 2059 4610 men-
2092 4523 2138 4589 D

404 4647 526 4699 tem
556 4642 747 4699 totum
780 4659 966 4714 genus
1014 4644 1367 4711 humanum,
1418 4647 1669 4715 paternis
1710 4642 2061 4700 excellentia

404 4733 702 4806 ignarum,
739 4733 916 4787 Deum
946 4733 1203 4803 primum
1248 4732 1583 4804 appellavit.
1620 4734 1685 4787 At
1726 4736 1926 4788 nostra
1957 4735 2058 4789 do-

404 4824 599 4878 ctrina
628 4822 986 4878 centrarium
1012 4825 1170 4877 tenet
1201 4837 1215 4877 :
1250 4823 1402 4893 quod
1430 4822 1556 4893 ipsa
1579 4822 1765 4894 prima
1787 4825 2063 4895 mens,Fi-

402 4908 544 4979 iius,
580 4912 839 4983 inquam,
860 4910 1058 4983 magni
1084 4910 1292 4977 Patris,
1313 4928 1545 4967 omnem
1576 4917 1903 4968 creaturam
1928 4930 2062 4969 con-

401 5001 617 5057 diderit
648 5005 825 5073 atque
872 5001 1167 5073 operando
1219 5002 1544 5072 perfecerit.
1580 5001 1767 5069 ,Pater
1813 5003 1968 5058 enim
2002 5003 2059 5058 in

396 5089 667 5147 Mosaicis
698 5090 941 5161 scriptis
987 5089 1134 5145 Filio
1165 5089 1389 5146 indicat
1431 5093 1678 5147 formam
1713 5093 1835 5148 sive
1868 5093 2057 5147 ideam

397 5180 802 5252 productionis
849 5184 1256 5236 creaturarum
1292 5197 1305 5236 :
1335 5179 1519 5237 Filius
1569 5198 1699 5237 vero
1748 5182 2063 5254 ipsiusmet

394 5275 664 5340 operator
693 5274 750 5325 et
779 5269 1050 5325 conditor
1080 5274 1171 5326 est
1191 5269 1385 5341 operis
1416 5270 1618 5326 creati.

2162 3235 2387 3297 τούτους
2446 3230 2625 3301 καλεῖ,
2680 3233 2755 3295 ὡς
2809 3229 3091 3305 τιμωροὺς
3146 3235 3252 3284 τῶν
3312 3231 3532 3304 ψυχῶνο
3566 3222 3783 3300 χθονίους

2164 3323 2220 3380 δὲ
2251 3326 2385 3398 (45),
2441 3324 2516 3386 ὡς
2590 3322 2641 3392 ἐξ
2690 3320 2923 3396 ούρανοῦ
2978 3318 3352 3386 πεπτωκότας,
3387 3316 3481 3371 καὶ
3529 3309 3783 3369 κυλινδου-

2168 3414 2362 3488 μένους
2411 3411 2534 3487 περὶ
2565 3412 2665 3480 τὴν
2715 3412 2839 3487 γῆν.
2890 3408 3055 3466 Οὗτοι
3107 3411 3260 3483 γοῦν,
3312 3406 3471 3482 φησὶ,
3504 3401 3681 3481 πόῤῥω
3706 3402 3787 3467 τῆς

2166 3503 2308 3569 θείας
2333 3501 2650 3577 τεταγμένοι
2688 3498 2945 3570 ζωῆς,καὶ
2980 3504 3079 3567 τῆς
3110 3501 3297 3573 νοερᾶς
3317 3495 3551 3571 Θεωρίας
3581 3490 3795 3561 ἀπολιμ-

2164 3593 2485 3665 πανόμενοι,
2518 3588 2913 3667 προσημαίνειν
2941 3588 3001 3642 τὸ
3040 3586 3243 3661 μέλλον
3278 3585 3339 3641 ού
3372 3581 3793 3639 δύνανται.”0οεν

2165 3688 2266 3737 πᾶν
2301 3682 2329 3735 ’ὁ
2362 3679 2605 3756 λέγουσι,
2636 3675 2825 3752 ψευδὲς
2856 3676 2967 3732 ἔστι
2996 3675 3087 3732 καὶ
3118 3675 3507 3731 ἀνυπόστατον·
3547 3689 3796 3748 pacemn-

2165 3776 2274 3832 κῶς
2325 3770 2428 3845 γὰρ
2458 3768 2526 3822 τὰ
2556 3764 2685 3822 ὄντα
2714 3768 3067 3842 γινώσκουσι.
3126 3765 3196 3819 Τὸ
3243 3761 3299 3819 δὲ
3344 3768 3455 3819 τῶν
3513 3759 3792 3835 μελλόντων

2167 3859 2378 3921 ἑνιαίως
2407 3856 2707 3935 γνωστικὸν
2740 3855 3021 3931 ἀμερίστις
3070 3856 3273 3930 χρῆται
3323 3852 3417 3907 καὶ
3476 3848 3798 3925 άμορφώτοις

2167 3950 2439 4020 νοήσεσιν.

2171 4225 2350 4299 Πάντα
2376 4220 2477 4299 γάρ
2506 4217 2785 4299 ἐξετέλεσε
2804 4219 3023 4299 Πατὴρ,
3166 4214 3241 4289 νῷ
3271 4211 3569 4299 παρέδωκε
3736 4280 3747 4299 ’

2185 4287 2465 4371 Δευτὲρῲί
2543 4287 2601 4349 εν
2676 4296 2894 4369 πρῶτον
2946 4287 3253 4362 ⁷’κληίζεται
3328 4287 3435 4342 πᾶν
3516 4287 3690 4427 γὲἷρς-
3728 4287 3791 4334 ἆγε

3600 4374 3741 4427 ορων.

3600 4374 3741 4434 OPM-

2240 4464 2347 4533 Τὴν
2412 4467 2582 4517 πᾶσαν
2640 4461 2815 4517 κτίσιν
2873 4458 3291 4535 δημιουργήσας
3355 4458 3383 4511 6
3450 4459 3557 4525 τῆς
3604 4448 3795 4529 Τρῑᾶδπξ

2169 4559 2389 4629 πρῶτος
2438 4552 2650 4628 Πατὴρ.
2710 4547 2993 4627 παρέδωκε
3054 4548 3256 4618 ταύτην
3314 4550 3395 4619 τῷ
3456 4550 3558 4618 νῷ·
3608 4546 3660 4598 δν
3702 4557 3793 4594 tu

2168 4648 2291 4699 νοῦν
2344 4643 2409 4699 τὸ
2458 4642 2668 4717 ξύμπαν
2718 4642 2875 4717 γένος
2921 4645 3029 4695 τῶν
3075 4635 3314 4712 ἀνδρῶν,
3365 4637 3683 4713 ἀγνοοῦντες
3719 4632 3791 4693 τῆν

2166 4733 2435 4808 πατρικὴν
2489 4730 2792 4807 ὑπεροχὴν,
2844 4728 2972 4785 Θεὸν
3024 4732 3242 4804 πρῶτον
3289 4722 3551 4781 καλοῦσι.
3585 4719 3720 4787 Πλὴν
3747 4718 3791 4767 τι

2168 4823 2295 4895 παρ’
2342 4824 2480 4894 ἡμῖν
2532 4817 2713 4895 δόγμα
2743 4818 2998 4880 ἑναντίως
3029 4812 3168 4894 ἔχει,
3220 4816 3296 4878 ὡς
3347 4813 3521 4876 αὐτὸς
3562 4815 3592 4867 6
3618 4813 3792 4885 πρᾶπῡξ

2169 4916 2316 4981 νοῦς,
2364 4912 2392 4965 6
2428 4910 2551 4971 Υἱὸς
2581 4912 2679 4964 τοῦ
2735 4906 2975 4983 μεγάλου
3025 4905 3253 4977 Πατρὸς,
3283 4906 3383 4973 τήν
3440 4900 3612 4957 κτίσιν
3656 4903 3790 4952 πᾶς-πυ

2169 4999 2637 5074 ἐδημιούργησεν.
2697 4998 2759 5054 Ὀ
2813 4998 2909 5069 μὲν
2956 4996 3061 5071 γὰρ
3112 4995 3299 5069 Πατὴρ
3351 4991 3503 5068 λὲγει
3563 4990 3697 5063 napi
3736 4988 3786 5055 τῇ

2169 5092 2439 5163 Μωσαϊκῇ
2476 5082 2653 5164 βίϐλῳ
2707 5087 2842 5161 πρὸς
2885 5086 2980 5141 τὸν
3025 5084 3149 5139 Υἰὸν
3197 5085 3298 5153 τήν
3332 5079 3485 5137 ἰδέαν
3512 5086 3612 5148 τῆς
3661 5092 3798 5147 παρι-

2167 5186 2352 5257 γωγῆς
2381 5183 2490 5235 τῶν
2522 5175 2855 5249 κτισμάτων*
2894 5177 2922 5230 ὁ
2954 5172 3012 5230 δὲ
3040 5175 3164 5237 Υἱὸς
3214 5172 3522 5247 αὐτουργὸς
3550 5173 3644 5224 τοῦ
3672 5164 3805 5229 ποιή-

2176 5290 2343 5344 ματος
2372 5268 2630 5344 γίγνεται.

1641 5385 1947 5442 JOANNIS
1985 5386 2307 5444 OPSOPIEI
2348 5385 2580 5443 NOT/E.

468 5482 581 5559 (f4)
634 5482 736 5536 Σὸν
786 5483 1037 5559 ἀγγεῖον.
1107 5483 1264 5559 Hanc
1342 5484 1562 5540 oraculi
1626 5486 2051 5559 expositionem

398 5556 753 5611 verbotenus
785 5556 891 5610 suo
916 5556 984 5610 in
1007 5556 1318 5625 Synesium
1354 5556 1775 5613 commentario
1810 5558 2055 5612 inseruit

398 5626 783 5700 Nicephorus,
817 5643 948 5700 pag.
980 5627 1106 5683 814.

2165 5488 2348 5615 11ς115)
2404 5482 2666 5545 Χθονίους
2701 5477 2775 5537 δέ.
2832 5480 2977 5538 Vide
3028 5477 3339 5553 Nicephori
3398 5473 3632 5535 scholia
3682 5482 3795 5543 pag.
