3970 6218
209 354 354 414 ΜΗ

266 485 457 541 Ποιναὶ
488 487 742 559 μερόπων
774 486 1092 561 ἄγκτειραι.

275 577 339 631 οἱ
372 576 467 650 μὶν
515 576 616 651 γὰρ
685 575 967 650 ἀναγωγοὶ
1028 574 1253 652 ἄγγελοι
1313 576 1573 651 ἀνάγουσι
1617 573 1711 637 τὰς
1766 575 1869 646 ψυ-

204 667 308 743 χὰς
341 665 421 744 ἐφ’
454 664 678 728 ἑαυτοὺς
710 665 771 721 ἐκ
812 669 913 731 τῆς
962 665 1223 741 γενέσεως
1284 665 1667 744 ἐφελκόμενοι.
1697 663 1764 720 Αἱ
1815 660 1874 717 δὲ

207 755 415 823 ποιναὶ,
449 754 576 823 ἤτοι
631 755 684 810 αῖ
714 756 1090 830 τιμωρητικαὶ
1148 759 1256 811 τῶν
1306 753 1607 827 διδομένων
1660 752 1869 831 φύσεων

205 846 294 900 καὶ
359 845 619 919 βάσκανοι
684 848 794 899 τῶν
860 844 1216 920 ἀνθρωπίνων
1278 848 1497 920 ψυχῶν,
1554 840 1872 915 ένδεσμοῦσι

203 933 400 996 ταύτας
429 938 548 996 τοῖς
599 932 811 996 ὑλικοῖς
864 933 1082 1005 πάθεσι,
1112 934 1203 989 καὶ
1245 937 1360 989 οἷον
1412 934 1748 1008 ἀπάγχουσι,
1782 931 1872 985 καὶ

207 1020 271 1076 ού
320 1021 483 1094 μόνον
534 1020 660 1084 τοὺς
707 1027 815 1076 τῶν
867 1027 1053 1086 παθῶν
1086 1022 1321 1097 πλήρεις
1366 1021 1685 1091 αἰκίζονται,
1728 1018 1874 1074 ἀλλὰ

205 1110 297 1166 καὶ
350 1109 480 1173 τοὺς
538 1110 613 1172 εἷς
660 1111 758 1180 τὴν
800 1109 970 1166 ἄυλον
1018 1110 1201 1167 οὐσίαν
1252 1110 1750 1185 ἐπεστραμμένους·
1781 1108 1871 1163 καὶ

203 1200 308 1273 γὰρ
340 1199 430 1255 καὶ
464 1200 611 1255 οὗτοι
639 1200 716 1261 εἰς
747 1201 847 1268 τὴν
900 1197 1038 1270 ὕλην
1090 1200 1182 1255 καὶ
1220 1201 1319 1269 τήν
1365 1200 1569 1275 γένεσιν
1622 1197 1871 1262 ἐλθόντες

208 1286 424 1344 δέονται
452 1296 551 1358 τῆς
578 1288 842 1361 τοιαύτης
890 1290 1222 1366 καθάρσεως.
1256 1288 1515 1353 Πολλοὺς
1572 1289 1675 1362 γὰρ
1731 1287 1871 1362 ὁρῶ-

210 1398 308 1452 μεν
364 1378 454 1434 καὶ
509 1383 618 1433 τῶν
673 1377 841 1442 ὁσίως
914 1380 1001 1434 καὶ
1079 1382 1331 1453 καθαρῶς
1404 1374 1869 1449 πολιτευομένων,

206 1466 650 1542 ἀπροσδοκήτοις
680 1472 992 1547 συμφοραῖς
1020 1468 1470 1544 περιπίπτοντας.

428 1641 693 1720 Σύμϐολα
721 1645 984 1721 πατρικὸς
1014 1644 1137 1709 νοὺς
1166 1640 1381 1722 ἔσπειρε
1412 1648 1641 1721 ψυχαῖς.

280 1737 488 1811 ’Ὠσπερ
520 1738 636 1808 (16)
693 1737 727 1804 ἡ
781 1732 1053 1805 Μωσαϊκή
1108 1730 1303 1811 βίϐλος
1355 1735 1473 1790 κατ’
1504 1733 1684 1789 εἰκόνα
1739 1734 1872 1786 Θεοῦ

212 1819 444 1879 πλάττει
502 1824 595 1879 τὸν
667 1825 974 1898 ἄνθρωπον,
1025 1820 1169 1878 οὕτω
1216 1824 1306 1877 καὶ
1371 1823 1399 1877 ό
1456 1820 1731 1885 Χαλδαῖος
1779 1821 1869 1875 τὸν

213 1914 454 1983 ποιητὴν
498 1914 586 1968 καὶ
631 1913 837 1988 πατέρα
890 1916 988 1966 τοῦ
1017 1913 1228 1985 κόσμου
1263 1912 1396 1986 φησί
1429 1906 1683 1985 σύμϐολα
1714 1909 1874 1985 ἐγκα-

211 2008 503 2077 τασπεῖραι
560 2007 680 2064 ταῖς
735 2005 943 2077 ψυχαῖς
999 2008 1100 2071 τῆς
1158 2002 1350 2056 ἑαυτοῦ
1406 1999 1707 2071 ἲδιότητος.
1767 2002 1871 2056 Καὶ

208 2094 313 2169 γὰρ
362 2092 469 2147 ἀπὸ
524 2096 632 2147 τῶν
704 2096 983 2166 πατρικῶν
1045 2092 1370 2164 σπερμάτων
1431 2090 1538 2165 οὐχ
1585 2091 1640 2144 αἱ
1698 2088 1869 2164 ψυχαὶ

216 2181 574 2255 μόναι,ἆλλὰ
610 2182 702 2237 καὶ
752 2183 805 2236 αἱ
840 2181 1220 2257 ὑπερκείμεναι
1267 2186 1433 2236 πᾶσαι
1480 2180 1653 2250 τάξεις
1707 2174 1872 2233 ἐϐλά-

213 2293 438 2343 στησαν.
474 2270 571 2327 Καὶ
604 2269 750 2327 ἄλλα
785 2273 879 2343 μὶν
919 2272 986 2325 τὰ
1045 2270 1097 2325 ἐν
1155 2271 1345 2332 αὐταῖς
1390 2275 1506 2332 ταῖς
1555 2270 1868 2341 ἀσωμάτοις

209 2360 467 2436 ὑπάρξεσι
515 2362 854 2432 συνθήματα,
913 2358 1219 2432 ἀσωμάτως
1268 2354 1394 2414 ὄντα
1450 2358 1538 2413 καὶ
1592 2354 1862 2415 ἐνοειὲςῖρς.

209 2448 363 2506 ἄλλα
389 2448 447 2505 δὲ
478 2449 531 2505 ἐν
564 2454 681 2511 τοῖς
714 2450 943 2523 κόσμοις
981 2450 1298 2521 συνθήματα
1343 2447 1432 2502 καὶ
1486 2441 1741 2519 σύμϐολά
1793 2446 1865 2501 εἰ·

204 2558 316 2609 σιν,
350 2540 405 2593 αἱ
462 2537 692 2615 ἄῤῥητοι
744 2543 843 2594 τοῦ
901 2542 1035 2593 Θεοῦ
1084 2533 1377 2608 ῗδιὸτητες,
1405 2538 1460 2591 αἱ
1488 2536 1577 2591 καὶ
1606 2540 1713 2590 τῶν
1746 2536 1865 2610 ἀρε-

204 2634 317 2684 τῶν
353 2631 756 2705 ὖπερκεῖμεναι.

421 2719 523 2793 Βίῃ
551 2724 713 2792 σῶμα
743 2717 1015 2774 λιπόντων
1049 2718 1222 2793 ψυχαὶ
1261 2717 1660 2792 καθαρώταται.

282 2807 359 2866 Εἴ
402 2829 486 2871 τις
544 2808 904 2882 εὐγνωμόνως
937 2807 1131 2862 ἀκούοι
1182 2811 1281 2861 τοῦ
1340 2806 1528 2881 ῥητοῦ,
1563 2805 1662 2861 οὐκ
1718 2804 1863 2860 ἐνανο

200 2899 461 2954 τιώσεται
494 2902 611 2960 τοῖς
642 2896 934 2971 ἡμετέροις
967 2894 1224 2971 δόγμασι.
1260 2896 1363 2953 Καὶ
1407 2896 1509 2971 γὰρ
1564 2895 1615 2950 οἱ
1674 2915 1863 2972 στεφα-

201 2994 356 3043 νῖται
412 2988 678 3062 μάρτυρες
738 2985 938 3063 βιαίοις
1014 2985 1173 3041 αἶ’ῶσι
1228 2986 1292 3040 τὸ
1346 2990 1505 3058 σῶμα
1588 2984 1864 3053 λιπόντες,

202 3078 448 3152 καθαρὰς
503 3076 599 3138 τὰς
651 3076 851 3131 ἑαυτῶν
928 3074 1107 3151 ψυχὰς
1162 3073 1527 3130 τετελέκασιν.
1588 3070 1744 3129 Ἀλλ’
1804 3071 1865 3126 ού

200 3164 373 3220 τοῦτό
404 3186 566 3243 φησιν
597 3167 626 3220 ὁ
662 3162 963 3236 Χαλδαῖος,
995 3163 1141 3220 ἀλλὰ
1186 3163 1359 3219 πάντα
1415 3163 1587 3238 βίαιον
1642 3163 1866 3216 θάνατον

1070 353 1485 416 EXPOSITIO
1530 349 2077 414 ORACULORUM
2120 349 2769 413 CHALDAICORUM.

1902 483 1956 550 A

3476 362 3639 440 me,

2128 488 2319 539 Pieriae
2348 485 2571 539 vincula
2601 491 2734 540 sunt
2758 486 3002 543 homines
3024 491 3485 562 constringentia.

2050 573 2195 628 Nam
2228 574 2603 630 subvectores
2636 577 2828 647 angeli
2859 579 3091 635 animas
3122 596 3155 634 a
3184 583 3377 651 prima
3400 584 3487 638 sui
3521 586 3632 641 ori-

1982 662 2115 735 gine
2145 667 2424 719 attractas
2456 665 2527 719 ad
2562 682 2624 720 se
2654 666 2950 724 evehunt:
2984 673 3185 724 contra
3219 688 3397 741 pmnaa
3459 673 3626 729 ultri-

1983 768 2078 807 ces
2135 752 2413 807 nimirum
2459 758 2800 810 naturarum
2852 757 3023 813 nobis
3073 775 3510 831 concessarum,
3569 768 3626 818 et

1983 846 2275 897 tormenta
2329 842 2721 898 humanarum
2778 844 3133 915 animarum,
3224 850 3627 907 materialibus

1981 929 2114 986 illas
2136 930 2438 987 aﬂ‘ectibus
2470 931 2744 989 irretiunt
2776 938 2832 989 et
2863 937 3034 1005 quasi
3080 939 3476 1010 strangulant.
3510 941 3627 996 Nec

1982 1020 2173 1077 solum
2200 1020 2259 1075 in
2292 1020 2399 1076 hos
2429 1021 2673 1077 saeviunt
2704 1024 2803 1094 qui
2837 1025 3153 1081 affectuum
3185 1028 3377 1084 turbis
3403 1029 3633 1087 obsessi

1983 1110 2251 1177 sunt,sed
2285 1111 2421 1165 etin
2451 1110 2583 1167 illos
2614 1112 2714 1183 qui
2737 1114 2807 1168 ad
2832 1114 3190 1170 abstractam
3226 1117 3298 1172 ab
3330 1118 3490 1174 omni
3514 1136 3636 1177 ma-

1981 1200 2128 1257 teria
2158 1201 2475 1256 essentiam
2499 1202 2763 1257 conversi
2787 1206 3107 1273 sunt:quod
3141 1205 3201 1260 hi
3233 1223 3469 1279 quoque
3494 1226 3633 1280 quo-

1980 1289 2139 1344 niam
2172 1289 2459 1361 progeniti
2493 1295 2652 1358 sunt,
2685 1294 2742 1346 et
2774 1293 3027 1347 materiae
3051 1293 3628 1366 copulati,ejusmodi

1978 1377 2323 1434 lustratione
2352 1378 2901 1450 indigeant.Multos
2931 1382 3088 1437 enim
3123 1383 3298 1439 etiam
3331 1400 3399 1439 ex
3425 1385 3499 1440 iis
3526 1388 3627 1458 qui

1979 1472 2240 1522 sanetam
2271 1472 2329 1523 et
2356 1467 2645 1523 illibatam
2696 1467 2879 1525 vitam
2907 1472 3436 1544 egerunt,inopinis
3470 1476 3626 1532 cala-

1980 1556 2287 1613 mitatibus
2315 1556 2746 1614 circumventos
2773 1559 2957 1615 fuisse
2990 1560 3185 1617 videre
3214 1562 3370 1618 licet.

2204 1646 2372 1717 Signa
2402 1648 2603 1703 insevit
2629 1649 2924 1704 animabus
2954 1667 3107 1706 mens
3134 1655 3409 1719 paterna..

2054 1734 2563 1798 Quemadmodum
2598 1735 2746 1791 liber
2775 1737 2986 1810 Moysis
3016 1738 3317 1795 hominem
3365 1742 3437 1797 ad
3478 1742 3623 1798 ima-

1982 1824 2175 1895 ginem
2210 1824 2308 1879 Dei
2359 1826 2672 1881 formatum
2713 1826 2893 1883 fuisse
2938 1828 3099 1897 dicit,
3133 1829 3213 1884 ita
3251 1830 3426 1886 etiam
3456 1832 3626 1887 Chal-

1982 1914 2144 1969 daeus
2172 1914 2254 1970 ait
2279 1914 2644 1970 conditorem
2678 1920 2735 1971 et
2768 1917 2973 1972 mundi
3008 1924 3309 1989 parentem
3345 1921 3516 1992 signa
3562 1938 3627 1977 ac

1982 2008 2151 2059 notas
2180 2020 2300 2059 suae
2332 2003 2523 2075 ipsius
2552 2006 2927 2076 proprietatis
2951 2008 3267 2063 animabus
3318 2010 3625 2066 insevisse.

1980 2092 2210 2148 Etenim
2244 2109 2360 2147 non
2393 2094 2600 2148 animm
2625 2099 2853 2148 tantum
2890 2112 2920 2149 e
2971 2100 3213 2166 paterno
3245 2098 3469 2155 semine
3500 2116 3629 2170 prc«

1981 2182 2166 2237 ductis
2196 2187 2357 2252 sunt,
2417 2184 2521 2238 sed
2567 2199 2772 2239 omnes
2801 2184 2976 2240 etiam
3002 2186 3238 2241 ordines
3297 2188 3625 2259 superiores

1980 2288 2149 2326 suam
2183 2272 2470 2344 originem
2504 2271 2639 2328 inde
2661 2272 3013 2329 habuerunt.
3040 2276 3147 2331 Sed
3183 2276 3239 2329 in
3274 2279 3624 2335 substantiis

1979 2359 2338 2432 incorporeis
2371 2360 2484 2415 alia
2514 2366 2654 2417 sunt
2685 2362 2875 2434 signa,
2924 2363 3268 2435 incorporea
3298 2383 3508 2439 nempe
3567 2374 3623 2423 et

1978 2448 2314 2517 individua;
2349 2449 2465 2505 alia
2494 2450 2635 2506 item
2659 2451 2719 2506 in
2750 2452 2988 2506 mundis
3012 2452 3182 2524 signa
3205 2459 3345 2509 sunt
3376 2460 3432 2509 et
3464 2473 3616 2528 sym-

1977 2537 2111 2593 bola
2140 2537 2625 2593 inenarrabilium
2658 2540 2759 2594 Dei
2792 2540 3239 2612 proprietatum,
3266 2544 3410 2614 ipsis
3441 2546 3614 2601 etiam

1977 2627 2295 2683 virtutibus
2326 2627 2497 2698 longe
2519 2628 3013 2685 excellentiorum.

2053 2718 2112 2771 Vi
2134 2732 2330 2788 corpus
2357 2717 2790 2788 relinquentium
2809 2721 3021 2776 animae
3047 2723 3175 2775 sunt
3205 2724 3540 2792 purissimae.

2050 2806 2155 2869 Qui
2195 2805 2415 2860 dictum
2476 2807 2635 2861 istud
2691 2823 2858 2879 aequa
2918 2812 3110 2864 mente
3184 2813 3629 2881 auscultaverit,

1975 2895 2236 2967 reperiet
2266 2895 2321 2949 id
2356 2902 2567 2950 nostra:
2596 2897 2870 2953 doctrinae
2902 2914 3017 2953 non
3051 2901 3365 2957 adversari.
3403 2905 3631 2959 Etenim

1990 2985 2250 3040 coronati
2309 2988 2596 3057 martyres
2655 2986 2756 3056 qui
2803 2987 3144 3044 afﬂictionis
3194 2994 3455 3062 tempore
3502 3009 3637 3048 cum

1991 3074 2251 3129 cruciatu
2285 3090 2496 3145 corpus
2529 3073 2909 3146 reliquerunt,
2936 3093 3077 3132 suas
3098 3077 3364 3148 ipsorum
3416 3082 3646 3137 animas

1993 3163 2329 3218 lustrarunt
2360 3167 2417 3219 et
2446 3180 2626 3234 purae
2658 3164 3065 3221 reddiderunt.
3095 3168 3165 3221 At
3222 3167 3331 3223 hoc
3362 3186 3478 3224 non
3528 3172 3650 3225 vult

202 3227 441 3309 ἐπαινεῖ·
466 3227 651 3325 διότι,
688 3253 876 3332 φησὶν,
1007 3255 1160 3329 ψυχὴ
1218 3227 1493 3314 ἐπιπόνιυς
1536 3249 1771 3306 λιποῦσα
1824 3250 1873 3304 τὶ

1999 3253 2325 3320 Chaldaeus,
2362 3227 2463 3308 sed
2494 3252 2694 3308 laudat
2726 3270 2959 3310 omnem
3008 3261 3255 3311 mortem
3308 3258 3643 3324 violentam,

206 3350 397 3419 σῶμα,
432 3343 777 3420 βδελύττεται
817 3345 916 3413 τὴν
946 3342 1173 3407 ἐνταῦθα
1227 3344 1394 3414 ζωὴν,
1428 3341 1515 3397 καὶ
1566 3348 1713 3415 μισεῖ
1776 3344 1876 3411 τὴν

207 3436 355 3511 πρὸς
412 3439 573 3490 τοῦτο
629 3434 983 3510 ἐπιστροφὴν,
1020 3435 1113 3488 καὶ
1166 3431 1435 3508 χαίρουσα
1484 3433 1622 3505 πρὸς
1668 3431 1735 3485 τὰ
1773 3429 1884 3485 ἄνω

201 3530 406 3600 χωρεῖ.
444 3526 512 3580 Αἱ
547 3521 603 3579 δὲ
634 3523 686 3580 ἐν
718 3524 899 3585 νόσοις
944 3523 1060 3578 κατ’
1086 3520 1302 3578 ἔκλυσιν
1339 3526 1435 3575 τοῦ
1498 3525 1727 3590 ζωτικοῦ
1776 3520 1882 3574 σώ-

215 3633 391 3687 ματος
420 3604 785 3668 ἀπολιποῦσαι
824 3612 918 3666 τὸν
974 3611 1116 3687 βίον,
1148 3610 1211 3665 οὐ
1271 3609 1421 3683 μάλα
1477 3631 1530 3665 τι
1591 3607 1881 3686 δυσχεραί-

208 3723 372 3758 νουσι
399 3702 500 3771 τὴν
531 3702 665 3778 πρὸς
695 3705 858 3756 τοῦτο
903 3700 1078 3755 νεῦσίν
1103 3721 1163 3756 τε
1193 3700 1284 3755 καὶ
1318 3699 1515 3776 ῥοπήν.

204 3898 523 3975 Ὅτιψυχή
557 3901 662 3970 πῦρ
693 3897 829 3975 ρῦσα
860 3895 1073 3975 φσξεινδν
1109 3893 1333 3975 δὲνάμξί
1366 3895 1599 3975 “VP-5"

209 3965 522 4036 Ἀθάνἀτός
544 3991 603 4025 τε
623 3965 815 4042 ξμένει,
845 3965 936 4023 καὶ
971 3974 1117 4039 ζωῆς
1143 3965 1394 4042 δεσπότις
1423 3965 1535 4023 ἐστὶ

209 4044 324 4101 Καὶ
358 4042 473 4119 ἔχει
505 4039 695 4098 πολλὰ
721 4042 1075 4117 πληρώματα
1103 4039 1349 4097 κόλπων.

291 4152 365 4208 Ἥ
394 4151 548 4226 ψυχὴ
580 4148 746 4205 ἄυλον
781 4147 915 4204 οὖσα
968 4149 1060 4204 καὶ
1112 4145 1401 4220 ἀσώματον
1451 4150 1580 4222 πῦρ,
1614 4143 1877 4208 συνθέτων

210 4239 372 4296 ὅλων
430 4240 520 4295 καὶ
562 4243 660 4295 τοῦ
713 4238 906 4295 ὗλικοῦ
951 4238 1206 4311 σώματος
1237 4236 1592 4310 ἐξῃρημένον,
1618 4234 1880 4297 ἀθάνατός

207 4327 392 4385 ἔστιν.
438 4330 512 4383 Οὐ
562 4328 662 4403 γὰρ
730 4326 1192 4402 ἐγκαταμέμικται
1252 4325 1388 4397 αὐτῇ
1445 4323 1632 4379 ὑλικόν
1689 4344 1741 4377 τι
1789 4324 1878 4378 καὶ

207 4415 677 4480 αοτῶδεςοοῦδὶ
734 4416 982 4479 σύνθετός
1028 4415 1193 4484 ἐστιν,
1243 4413 1336 4469 ’ίνα
1395 4411 1626 4486 διαλυθῇ
1686 4412 1760 4474 είς
1812 4412 1880 4466 τὰ

206 4507 267 4579 ἐξ
336 4508 410 4562 ὧν
470 4508 930 4577 συνετέθη.Ἔστι
989 4503 1046 4560 δὲ
1100 4506 1191 4560 καὶ
1246 4501 1499 4564 δεσπότις
1560 4508 1729 4572 ζωῆς,
1759 4506 1876 4563 τοῖς

1997 3358 2062 3399 eo
2084 3343 2237 3415 quod
2296 3342 2495 3398 anima
2551 3359 2675 3412 quas
2729 3359 2943 3415 corpus
2974 3361 3109 3399 cum
3151 3346 3349 3402 dolore
3405 3348 3642 3415 deserit,

1992 3432 2147 3488 hanc
2176 3431 2354 3487 vitam
2396 3431 2773 3487 abominatur
2820 3437 2876 3487 et
2948 3435 3451 3492 conversationem
3504 3453 3641 3492 cum

1994 3538 2233 3593 corpore
2262 3522 2616 3587 odit,conlra
2639 3538 2771 3577 cum
2804 3522 3020 3593 gaudio
3044 3524 3113 3578 ad
3148 3525 3454 3596 superiora
3487 3543 3643 3582 revo-

1990 3610 2092 3666 lat.
2127 3615 2200 3665 At
2229 3626 2354 3681 qua
2387 3610 2446 3665 in
2480 3611 2702 3665 morbis
2734 3612 2941 3666 animae
2964 3629 3202 3684 corpore
3224 3612 3333 3669 hoc
3355 3615 3637 3671 naturali-

1992 3704 2081 3755 ter
2111 3700 2399 3756 dissoluto
2429 3700 2607 3754 vitam
2629 3700 3114 3772 relinquunt,non
3138 3703 3457 3759 admodum
3490 3721 3639 3776 aegro

1990 3790 2185 3846 ferunt
2215 3794 2427 3845 nutum
2460 3794 2518 3844 et
2548 3791 3004 3862 prepensionem
3038 3792 3129 3847 sui
3163 3809 3299 3863 erga
3331 3810 3565 3865 corpus.

2098 3896 2240 3964 Quia
2268 3897 2461 3971 anima
2486 3898 2636 3964 ignis
2667 3901 2747 3951 est
2780 3896 2996 3953 lucidus
3023 3901 3271 3970 potentia
3300 3904 3496 3971 patris,

2096 3967 2549 4042 [inmortalisque
2570 3977 2774 4033 manet,
2805 3975 2854 4024 et
2884 3967 3263 4026 vitze'domina
3294 3967 3390 4042 est,

2095 4045 2162 4097 Et
2191 4040 2350 4095 habet
2380 4041 2561 4095 multa
2592 4042 2995 4112 complementa
3020 4044 3263 4098 sinuum.

2058 4147 2267 4202 Anima
2289 4163 2422 4201 cum
2447 4147 2525 4202 sit
2548 4147 2700 4218 ignis
2728 4148 2982 4202 materiae
3011 4149 3389 4221 corporisque
3412 4167 3638 4221 expers,

1986 4244 2043 4292 et
2072 4237 2144 4291 ab
2178 4235 2449 4290 universo
2482 4235 2940 4307 compositorum
2995 4253 3206 4307 genere
3237 4242 3294 4291 et
3350 4240 3636 4295 materiali

1985 4340 2224 4396 corpore
2255 4330 2544 4395 exempta,
2578 4323 2927 4379 immortalis
2958 4324 3230 4379 est.Nihil
3261 4326 3417 4381 enim
3453 4332 3633 4382 mate-

1988 4415 2084 4469 riae
2116 4418 2217 4469 aut
2239 4412 2510 4485 caliginis
2544 4413 2836 4484 particeps
2859 4412 2942 4467 illi
2976 4413 3307 4469 immistum
3335 4416 3634 4473 estzmulto

1989 4504 2185 4559 minus
2208 4502 2532 4573 composita
2562 4506 2670 4571 est,
2704 4507 2769 4557 ut
2794 4502 2849 4556 in
2884 4519 2952 4556 ea
2982 4519 3047 4557 ex
3072 4502 3284 4573 quibus
3317 4507 3636 4563 constituta

204 4601 435 4673 νεκροῖς
489 4596 631 4666 ζωὴν
692 4593 1104 4668 ἐπιλάμπουσα.
1162 4595 1324 4669 Ἔχει
1390 4590 1448 4647 δὲ
1502 4592 1593 4646 καὶ
1647 4588 1873 4646 πολλῶν

1999 4594 2113 4663 iuit,
2145 4591 2357 4646 resolvi
2416 4593 2624 4663 possit.
2685 4592 2783 4647 Est
2838 4595 3122 4662 praeterea
3181 4593 3311 4649 vitae
3371 4595 3633 4665 domina,

204 4687 578 4763 πληρώματα
633 4685 857 4741 κόλπων
891 4703 907 4718 ’
940 4684 1214 4739 τουτέστιν
1270 4680 1389 4757 ἔχει
1446 4679 1699 4755 δυνάμεις
1757 4681 1883 4734 ὑπο-

207 4776 475 4838 δεκτικᾶς
523 4781 625 4845 τῆς
670 4772 809 4845 ὅλης
848 4772 1286 4846 διακοσμήσεως·
1322 4768 1543 4826 δύναται
1590 4771 1690 4846 γὰρ
1748 4770 1883 4824 κατᾶ

200 4868 315 4931 τὰς
350 4865 640 4946 διαφόρους
669 4865 859 4943 ἀρετὰς
891 4865 968 4929 εἰς
995 4864 1092 4926 τὰς
1121 4862 1415 4942 διαφόρους
1477 4862 1644 4931 ζώνας
1692 4860 1881 4937 ἐγκατ-

204 4962 400 5014 οικεῖν
422 4959 518 5011 τοῦ
550 4957 804 5032 ούρανοῦ.

372 5135 557 5209 Πατὴρ
592 5131 654 5188 ού
685 5126 852 5211 φόϐον
886 5129 1198 5207 ἐνθρώσκει,
1232 5131 1405 5185 πειθὼ
1438 5126 1484 5183 δ’
1512 5127 1742 5203 ἐπιχέει.

284 5221 600 5289 Τουτέστιν,
655 5221 736 5276 ὅτι
794 5221 856 5276 τὸ
917 5224 1059 5284 θεῖον
1116 5218 1216 5273 οὐκ
1275 5216 1387 5273 ἔστι
1435 5218 1737 5295 φριμάσσον
1797 5216 1887 5269 καὶ

199 5313 675 5391 άγανακτητικὸν,
710 5308 857 5365 ἆλλᾶ
908 5306 1083 5385 γλυκὺ
1128 5308 1217 5363 καὶ
1268 5305 1614 5382 γαληνιαῖον·
1648 5304 1768 5368 ὅθεν
1827 5303 1888 5358 οὐ

198 5397 400 5482 φόϐον
450 5401 670 5473 ἐμποιεῖ
716 5403 835 5460 ταῖς
886 5395 1273 5470 ὑποκειμέναις
1316 5394 1558 5470 φύσεσιν,
1586 5392 1888 5482 ἀλλὰᾼπει-

196 5476 309 5548 ὖοῖ
366 5490 454 5545 καὶ
505 5488 692 5567 χάριτι
742 5489 915 5544 πάντα
961 5485 1265 5566 ἐφέλκεται.
1300 5484 1362 5541 Εἰ
1410 5486 1509 5559 γὰρ
1558 5483 1624 5552 ἦν
1659 5476 1890 5560 φοϐερὸν

1991 4686 2256 4738 mortuos
2287 4680 2415 4736 vitae
2449 4680 2625 4736 radiis
2666 4680 2991 4736 illustrans.
3027 4682 3212 4738 Habet
3242 4684 3417 4739 etiam
3452 4687 3634 4759 pluri-

1992 4786 2221 4826 morum
2254 4769 2492 4826 sinuum
2524 4769 2971 4841 complementa,
2996 4769 3053 4825 id
3077 4775 3166 4826 est
3186 4773 3410 4829 obtinet
3442 4782 3640 4846 poten-

1993 4860 2106 4915 tias
2139 4859 2529 4931 susceptrices
2562 4859 2743 4914 totius
2792 4860 3342 4933 administrationis,
3368 4864 3503 4935 quia
3534 4884 3638 4938 pro

1990 4948 2278 5004 virtutum
2310 4948 2647 5004 diversitate
2669 4948 2929 5004 diversas
2962 4966 3141 5006 zonas
3194 4951 3317 5009 sive
3366 4955 3493 5009 coeli
3547 4974 3637 5013 re-

1994 5038 2195 5110 giones
2222 5037 2305 5092 illi
2340 5037 2670 5092 inhabitare
2700 5036 2852 5093 licet.

2067 5128 2206 5182 Deus
2234 5143 2342 5182 non
2367 5127 2549 5197 injicit
2579 5131 2807 5193 metum,
2838 5133 2937 5182 sed
2966 5129 3283 5200 obsequium
3304 5129 3567 5198 infundit.

2069 5217 2129 5271 Id
2154 5219 2260 5282 est,
2294 5215 2492 5271 divina
2518 5220 2730 5271 natura
2761 5233 2876 5271 non
2903 5217 3117 5283 tremit,
3154 5234 3340 5288 neque
3370 5217 3642 5289 indigna-

1996 5305 2200 5360 bunda
2231 5309 2343 5373 est,
2376 5307 2473 5361 sed
2509 5307 2709 5361 suavis
2742 5310 2799 5360 et
2829 5305 3167 5376 tranquilla.
3204 5306 3337 5361 Ideo
3368 5322 3484 5363 non
3531 5308 3640 5367 im-

1998 5394 2179 5449 mittit
2200 5398 2423 5450 metum
2457 5394 2741 5465 subjectis
2775 5393 3133 5458 naturis,scd
3165 5394 3407 5449 suadela
3428 5402 3485 5451 et
3506 5414 3639 5469 gra-

1998 5483 2081 5538 tia
2099 5484 2297 5538 omnia
2328 5485 2397 5538 ad
2431 5501 2493 5539 se
2522 5483 2722 5538 trahit.
2748 5483 2804 5536 Si
2839 5481 2993 5535 enim
3056 5483 3445 5541 formidabilis
3485 5493 3641 5543 esset

1465 5600 1767 5657 JOANNIS
1806 5600 2123 5656 OPSOP/El
2166 5599 2396 5656 NOT/E.

283 5699 418 5773 (16)
446 5700 649 5771 Ὠσπερ
681 5702 791 5756 etc.
824 5700 892 5756 Et
920 5696 1043 5753 haac
1073 5708 1308 5769 quoque
1338 5694 1699 5765 transcripta
1728 5695 1870 5748 sunt
1901 5707 1935 5747 a
1961 5690 2286 5763 Nicephoro
2310 5707 2442 5763 pag.
2479 5690 2579 5744 126
2609 5687 2747 5744 dicti
2779 5689 3205 5745 commentarii.
