3970 6218
326 343 484 404 1139

1672 332 2101 396 MICHAELIS
2146 330 2417 393 PSELLI

3596 332 3753 394 1140

328 473 570 547 quidem
604 471 873 529 occlusus
903 475 1013 539 est,
1046 472 1201 544 quod
1250 470 1445 527 idonei
1494 468 1774 539 illiusque
1802 463 1984 522 felici-

2175 460 2542 534 ιτηδειότηται
2576 468 2694 526 τοῖς
2725 459 2783 519 δὲ
2813 457 3085 519 εύσεὸἐσιν
3116 461 3369 539 ἀνέωγεν.
3410 462 3507 525 Εἷς
3539 464 3600 519 ὃν
3628 463 3752 519 ἄνα-

328 564 473 621 tatis
498 578 743 635 capaces
786 578 902 618 non
934 562 1093 629 sint;
1150 560 1263 632 piis
1296 564 1491 615 autem
1524 563 1701 631 patet.
1734 558 1798 611 In
1828 554 1984 609 hunc

2170 551 2359 608 ἷνονται
2390 560 2556 608 πᾶσαι
2588 555 2643 608 αἱ
2674 555 2991 628 θεουργικαί
3012 551 3218 629 ἀρεταί.

327 653 568 709 hortum
622 648 985 707 contendunt
1034 664 1262 718 omnes,
1295 661 1423 719 qua
1472 646 1739 703 homines
1768 644 1884 700 Deo
1914 642 1988 699 si-

328 742 499 799 miles
530 741 803 807 reddunt,
832 739 1100 794 virtutes.

409 856 503 913 Vas
532 861 689 911 tuum
722 854 1049 910 habitabant
1081 853 1362 909 animalia
1392 854 1579 907 terrae.

400 955 515 1011 Vas
566 959 654 1010 est
702 954 831 1025 ipsa
879 956 1285 1024 temperatura
1338 951 1546 1006 animae
1595 965 1664 1004 ex
1692 946 1989 1019 composi-

330 1042 491 1099 tione
523 1045 683 1109 orta;
717 1039 1001 1095 animalia
1032 1040 1353 1108 terrestria,
1382 1040 1674 1094 daemones
1705 1036 1807 1108 qui
1836 1036 1993 1091 circa

330 1136 543 1189 terram
589 1132 886 1186 oberrant.
922 1131 983 1184 In
1041 1134 1242 1185 nostra
1293 1128 1494 1201 itaque
1541 1127 1659 1182 vita
1688 1125 1992 1181 affectibus

332 1220 505 1292 plena
535 1218 830 1289 ejusmodi
863 1218 1143 1273 animalia
1166 1219 1365 1273 sedem
1396 1233 1563 1272 suam
1598 1214 1991 1272 collocabant.

332 1309 676 1365 Daemonum
708 1308 864 1363 enim
899 1308 1156 1363 essentia
1188 1307 1496 1362 affectibus
1517 1305 1864 1377 complicata
1882 1308 1991 1375 est,

334 1398 395 1453 in
428 1396 759 1468 iisdemque
787 1398 986 1453 sedem
1010 1412 1180 1451 suam
1210 1396 1384 1450 fixam
1410 1394 1627 1450 habent
1655 1396 1712 1450 et
1728 1394 1994 1450 ordinem

334 1485 723 1543 materialem.
760 1487 891 1541 Ideo
926 1486 1265 1557 quicunque
1297 1484 1601 1541 affectibus
1623 1483 1803 1539 dediti
1836 1486 1993 1555 sunt,

335 1577 703 1632 daemonibus
735 1576 1027 1631 cohaerent
1044 1578 1101 1630 et
1119 1574 1584 1646 agglutinantur.
1618 1572 1819 1627 Simile
1839 1573 1994 1628 enim

336 1665 518 1721 simili
551 1664 880 1730 attrahunt,
910 1662 1183 1719 movendi
1213 1663 1329 1719 vim
1362 1667 1537 1735 atque
1568 1660 1907 1718 facultatem
1931 1677 1999 1716 ex

336 1754 485 1826 ipsis
515 1753 823 1809 affectibus
855 1754 1176 1810 consecuti.

417 1852 477 1907 Si
506 1850 819 1907 extenderis
849 1852 1076 1922 igneam
1107 1857 1351 1905 mentem
1393 1849 1462 1905 ad
1486 1849 1712 1921 pietatis
1743 1863 1894 1919 opus,

416 1926 603 1979 Etiam
630 1923 869 1993 ﬂuidum
895 1938 1092 1993 corpus
1121 1922 1391 1977 servabis.

422 2022 486 2076 Id
518 2024 627 2087 est,
659 2022 709 2076 si
744 2026 998 2076 mentem
1030 2025 1186 2075 tuam
1217 2019 1613 2075 illuminatam
1644 2018 1715 2073 ad
1747 2016 2008 2089 superio-

351 2127 417 2167 ra
446 2109 746 2177 extuleris,
780 2113 837 2165 et
867 2108 1045 2165 divini
1076 2109 1227 2179 ignis
1259 2126 1408 2180 opus
1456 2109 1526 2164 ad
1559 2107 1794 2181 pietatis
1830 2122 2009 2179 opera

350 2200 607 2257 evexeris
640 2201 804 2271 (sunt
852 2204 1046 2254 autem
1099 2197 1384 2254 Chaldaeis
1435 2198 1668 2269 pietatis
1698 2213 1894 2270 opera,
1928 2197 2009 2251 ri-

347 2293 520 2346 tuum
553 2306 619 2343 ac
651 2287 1140 2343 caeremoniarum
1168 2287 1424 2343 rationes
1447 2288 1661 2359 certae),
1685 2304 1794 2343 non
1817 2285 2009 2342 solum

349 2377 610 2435 animam
644 2378 949 2433 affectibus
975 2376 1437 2449 insuperabilem
1459 2378 1687 2445 reddes;
1714 2378 1811 2432 sed
1837 2376 2011 2432 etiam

350 2484 565 2538 corpus
619 2471 787 2522 tuum
839 2465 1136 2522 salubrius
1187 2465 1425 2521 efficies.
1484 2466 1584 2521 Est
1613 2466 1768 2520 enim
1819 2469 1873 2520 et
1905 2465 2012 2521 hoc

351 2556 682 2629 sapissime
704 2572 850 2628 Opus
882 2555 1216 2611 divinarum
1241 2554 1731 2622 illustrationum,
1754 2553 2014 2624 corporis

352 2661 565 2717 nempe
598 2644 904 2700 materiam
937 2644 1269 2715 absumere,
1296 2648 1354 2700 et
1383 2649 1604 2699 naturae
1634 2659 1769 2699 eum
1802 2644 2017 2699 sanita-

351 2735 431 2793 tis
471 2734 742 2790 habitum
796 2734 1116 2804 acquirere,
1157 2738 1218 2788 ut
1268 2733 1512 2805 posthac
1558 2749 1662 2789 nec
1712 2733 2015 2789 affectibus

352 2840 462 2882 nec
495 2824 717 2880 morbis
748 2822 891 2878 ullis
922 2823 1295 2895 corripiatur.

363 2933 428 2987 At
459 2946 581 2987 vero
611 2947 641 2986 e
666 2930 871 3002 ﬁnibus
902 2933 1064 2986 terra:
1092 2930 1359 2986 exsiliunt
1388 2946 1551 2986 canes
1580 2934 1889 2997 terrestres,

365 3076 484 3134 Non
513 3089 702 3131 verum
729 3074 950 3145 signum
978 3072 1192 3129 homini
1218 3076 1607 3128 monstrantes.

2032 1839 2082 1905 B

2280 847 2383 903 Σὸν
2418 849 2638 924 ἀγγεῖον
2672 851 2782 922 (14)
2810 854 2971 920 θῆρες
3002 849 3202 923 χθονὸς
3236 847 3577 919 οἰκήσουσιν.

2170 947 2416 1023 Ἀγγεῖον
2472 947 2566 1020 μέν
2602 946 2714 1002 ἐστι
2765 947 2828 1001 τὸ
2872 946 3121 1002 σύνθετον
3181 953 3365 1023 κρᾶμα
3410 953 3514 1015 τῆς
3545 949 3753 1021 ψυχῆς

2101 1042 2262 1111 Θῆρες
2293 1034 2350 1091 δὲ
2394 1037 2617 1112 χθονὸς,
2652 1037 2705 1091 οἱ
2734 1036 2857 1111 περὶ
2887 1038 2986 1111 γῆν
3016 1033 3439 1109 καλινδούμενοι
3481 1034 3757 1107 δαίμονες.

2102 1127 2217 1195 Τὴν
2280 1126 2369 1180 οὗν
2428 1126 2571 1195 ζωὴν
2634 1129 2793 1199 ἡμῶν
2836 1123 3027 1199 πλήρη
3080 1126 3380 1201 γενομένην
3432 1131 3651 1193 παθῶν,
3709 1125 3761 1178 οἱ

2101 1212 2341 1269 τοιοῦτοι
2384 1221 2546 1290 θῆρες
2600 1215 2905 1285 οἰκήσουσι.
2945 1214 3049 1271 Καὶ
3094 1216 3200 1291 γὰρ
3249 1215 3515 1270 οὐσίωται
3546 1215 3598 1269 ἑν
3644 1220 3763 1275 τοῖς

2103 1302 2293 1359 πάθεσι
2324 1303 2391 1358 τά
2417 1309 2640 1359 τοιαῦτα
2671 1304 2827 1380 γένη,
2881 1304 2972 1359 καὶ
3002 1306 3099 1374 τὴν
3151 1302 3308 1380 ἓδραν
3361 1303 3477 1379 ἔχει
3527 1304 3620 1358 καὶ
3661 1304 3763 1371 τὴν

2103 1394 2250 1464 τάξιν
2286 1392 2504 1463 ὑλικὴν,
2539 1391 2623 1448 διὸ
2653 1394 2742 1449 καὶ
2777 1395 2829 1449 οἱ
2862 1394 3123 1466 ἐμπαθεῖς
3155 1395 3289 1469 πρὸς
3317 1398 3485 1449 ταῦτα
3534 1393 3770 1469 συγκολ-

2108 1480 2335 1555 λῶνται,
2362 1488 2440 1555 τῷ
2472 1483 2650 1557 ὁμοίῳ
2679 1484 2742 1538 τὸ
2789 1483 2983 1556 ὅμοιον
3039 1481 3418 1561 ἐφελκόμενοι,
3467 1485 3765 1553 κινητικὴν

2108 1570 2332 1646 δύναμιν
2362 1570 2581 1649 ἔχοντες
2609 1572 2670 1628 ἐκ
2694 1570 2805 1628 τῶν
2834 1575 3045 1630 παθῶν.

2863 1846 3137 1923 Ἐκτείνας
3166 1845 3389 1923 πύρινον
3408 1850 3550 1923 λνοῦν

2111 1923 2316 1997 Ἔργον
2344 1919 2427 1976 ἐπ’
2461 1915 2732 1991 εύσεὸίης,
2767 1919 2985 1997 ρευστὸν
3014 1920 3103 1975 καὶ
3130 1915 3287 1993 σῶμα
3314 1920 3568 1983 σαώσεις.

2184 2020 2488 2089 Τουτέστιν,
2549 2018 2637 2074 ἐὰν
2679 2018 2913 2093 ἑκτείνῃς
2958 2018 3051 2074 τὸν
3110 2018 3450 2095 φωτισθέντα
3500 2036 3589 2072 σοι
3644 2020 3781 2070 νοῦν

2117 2108 2321 2175 ἄνωθεν
2377 2109 2467 2164 καὶ
2526 2114 2621 2164 τοῦ
2670 2107 2818 2172 θείου
2896 2109 3068 2182 πυρὸς
3125 2105 3279 2183 ἔργον
3340 2107 3635 2182 γενόμενον
3706 2105 3785 2167 εἷς

2116 2218 2183 2255 τα
2236 2206 2338 2269 τῆς
2396 2194 2663 2260 εὐσεϐείας
2742 2194 2875 2273 ἔργα
2940 2197 3099 2273 (ἔργα
3175 2195 3232 2252 Si
3301 2192 3581 2258 εὐσεϐείας
3632 2195 3791 2269 παρὰ

2118 2286 2441 2357 Χαλδαίοις,
2492 2288 2546 2342 αἱ
2603 2292 2714 2342 τῶν
2772 2286 3006 2343 τελετῶν
3063 2285 3329 2361 μέθοδοι),
3381 2285 3446 2341 οὐ
3482 2286 3649 2358 μόνον
3684 2286 3791 2352 τήν

2119 2380 2302 2455 ψυχὴν
2336 2377 2616 2433 ἀνάλωτον
2648 2379 2899 2447 ποιήσεις
2942 2382 3058 2438 τοῖς
3102 2378 3344 2446 πάθεσιν,
3391 2373 3546 2430 ἀλλᾶ
3585 2372 3682 2428 καὶ
3730 2374 3794 2427 τὸ

2123 2468 2281 2543 σῶμά
2312 2489 2408 2523 σου
2445 2466 2830 2543 ὑγιεινότερον.
2875 2469 3029 2523 Ἔστι
3060 2466 3165 2541 γὰρ
3194 2466 3283 2520 καὶ
3310 2469 3475 2520 τοῦτο
3505 2464 3792 2523 πολλάκις

2122 2553 2275 2634 ἔργον
2310 2562 2417 2612 τῶν
2454 2556 2609 2621 θείων
2644 2555 2993 2629 ἐλλάμψεων,
3036 2552 3333 2625 ἓκδαπανᾷν
3368 2555 3470 2623 τὴν
3516 2552 3654 2619 ὕλην
3683 2556 3787 2607 to?»

2125 2648 2402 2719 σώματος,
2430 2647 2518 2700 καὶ
2553 2646 2676 2722 ὑγιᾶ
2703 2647 2801 2715 τήν
2836 2645 2993 2719 φύσιν
3023 2644 3462 2714 κατασκευάζειν,
3505 2642 3599 2697 καὶ
3635 2644 3783 2715 μήτε

2123 2738 2369 2807 πάθεσιν,
2404 2737 2543 2810 μήτε
2567 2734 2743 2797 νόσοις
2777 2732 3114 2799 ἁλίσκεσθαι.

2126 2936 2220 2993 Ἐκ
2278 2931 2324 2989 δ’
2378 2931 2479 3009 ἄρα
2548 2932 2772 2989 κόλπων
2850 2930 3008 3005 γαίης
3070 2930 3375 3002 θρώσκουσι
3444 2929 3602 3009 κύνες
3657 2927 3797 3003 χθό-

2127 3074 2250 3133 Οὔτ⁹
2281 3074 2484 3147 ἀληθὲς
2515 3082 2665 3148 σῆμα
2694 3075 2876 3151 βροτῴ
2906 3071 3227 3137 δεικνύντες.
3560 3002 3720 3074 [ﬂow

429 3191 632 3247 Sermo
663 3193 753 3245 est
796 3190 868 3245 de
921 3189 1287 3245 daemonibus
1336 3188 1739 3245 materialibus
1772 3207 1785 3245 :
1819 3195 1875 3245 el
1903 3188 1977 3245 ho

2198 3195 2327 3270 Περὶ
2389 3192 2663 3267 δαιμόνων
2727 3190 2929 3247 ἒνύλων
2992 3192 3019 3246 ὁ
3078 3189 3260 3266 λόγος’
3321 3187 3411 3243 καὶ
3464 3187 3631 3250 κύνας
3700 3190 3795 3261 μὲν

356 3296 530 3337 canes
579 3279 866 3347 nominat,
902 3279 1041 3350 quia
1090 3278 1425 3334 animarum
1475 3279 1779 3334 carniﬁces
1825 3284 2009 3335 sunt:

354 3373 662 3425 terrestres
703 3384 857 3438 vero,
912 3369 1049 3440 quia
1098 3384 1127 3423 e
1176 3367 1319 3424 coelo
1367 3368 1721 3440 ceciderunt,
1778 3373 1835 3423 et
1864 3368 2017 3424 circa

359 3464 575 3515 terram
604 3458 969 3515 volutantur.
1020 3457 1089 3513 Hi
1139 3458 1265 3529 (ait)
1299 3475 1328 3512 a
1363 3456 1571 3513 divinae
1602 3458 1731 3513 vita:
1765 3458 2015 3513 beatitu-

360 3548 495 3605 dine
521 3548 866 3620 longissime
907 3547 1108 3619 positi,
1140 3551 1197 3601 et
1246 3546 1626 3601 intellectuali
1658 3546 2017 3618 contempla-

360 3637 521 3694 tione
551 3637 839 3704 destituti,
877 3637 1075 3691 f‘utura
1110 3636 1458 3707 portendere
1506 3642 1823 3708 nequeunt.
1858 3634 2019 3691 Unde

363 3727 433 3782 fit
460 3732 524 3781 ut
555 3725 755 3780 omnia
786 3741 915 3796 qua:
955 3724 1159 3778 dicunt
1205 3728 1306 3779 aut
1337 3728 1688 3794 monstrant,
1721 3724 1869 3779 falsa
1901 3725 2022 3779 sint

366 3819 425 3871 et
457 3814 619 3870 nulla
648 3814 999 3869 certitudine
1029 3812 1290 3869 suffulta.
1341 3814 1449 3869 Per
1480 3814 1700 3869 formas
1737 3815 1892 3869 enim
1920 3830 2021 3869 en-

364 3904 449 3960 tia
478 3908 857 3975 cognoscunt.
895 3905 962 3957 At
1004 3902 1063 3957 id
1112 3903 1264 3973 quod
1299 3902 1575 3959 facultate
1604 3903 1909 3975 sigillatim
1942 3908 2019 3973 et,

368 3997 435 4049 ut
483 3993 565 4047 ita
622 3992 836 4060 dicam,
897 3990 1339 4046 individualiter
1388 3991 1586 4048 futura
1634 3993 2021 4064 cognoscendi

366 4082 677 4156 praditum
708 4085 818 4149 est,
856 4080 1178 4136 individuis
1228 4084 1286 4135 et
1336 4080 1657 4137 formarum
1688 4083 2023 4154 expertibus

361 4170 774 4244 intelligentiis
804 4170 1013 4226 utitur.

367 4273 577 4331 Omnia
606 4272 757 4327 enim
785 4270 1018 4342 perfecit
1048 4273 1241 4332 Pater,
1274 4274 1327 4323 et
1358 4271 1537 4324 menti
1563 4269 1797 4326 tradidit

365 4344 632 4401 Secundae
663 4360 682 4399 :
714 4358 878 4414 quam
926 4342 1174 4414 primam
1221 4348 1377 4397 vocat
1424 4358 1589 4397 omne
1637 4358 1808 4485 g[enus
1846 4342 2023 4399 homi-

1675 4431 1831 4469 num.

439 4514 670 4569 Primus
710 4511 1017 4570 Trinitatis
1061 4515 1232 4569 Pater
1262 4528 1396 4568 cum
1430 4512 1764 4569 universam
1797 4518 2023 4571 creatu-

362 4619 493 4659 ram
524 4602 902 4670 condidisset,
934 4618 1065 4658 eam
1109 4602 1292 4658 menti
1324 4601 1567 4658 tradidit
1598 4617 1610 4657 ε
1645 4619 1824 4674 quam
1857 4620 2021 4659 men-

366 4696 488 4748 tem
519 4692 708 4747 totum
742 4708 927 4763 genus
977 4692 1329 4759 humanum,
1380 4696 1631 4763 paternae
1671 4691 2023 4749 excellentia

366 4782 664 4854 ignarum,
700 4782 878 4835 Deum
908 4781 1165 4852 primum
1210 4780 1545 4853 appellavit.
1581 4783 1647 4836 At
1688 4786 1889 4837 nostra
1919 4784 2021 4838 do-

366 4872 561 4927 ctrina
589 4870 948 4927 contrarium
974 4874 1131 4925 tenet
1162 4886 1176 4925 :
1212 4872 1363 4942 quod
1390 4871 1517 4942 ipsa
1540 4870 1726 4942 prima
1749 4873 2025 4943 mens,Fi-

365 4960 506 5027 lius,
542 4961 800 5032 inquam,
822 4959 1019 5031 magni
1046 4959 1253 5025 Patris,
1274 4976 1506 5015 omnem
1538 4966 1865 5016 creaturam
1890 4978 2024 5018 con-

364 5050 579 5105 diderit
610 5052 786 5121 atque
834 5050 1129 5121 operando
1179 5050 1506 5120 perfecerit.
1540 5049 1729 5117 .Pater
1775 5052 1931 5107 enim
1964 5051 2021 5106 in

359 5137 629 5195 Mosaicis
659 5138 903 5210 scriptis
949 5138 1095 5193 Filio
1126 5137 1351 5194 indicat
1393 5140 1639 5195 formam
1675 5141 1798 5197 sive
1830 5141 2019 5197 ideam

360 5228 763 5300 productionis
810 5232 1218 5284 creaturarum
1254 5228 1481 5285 :Filius
1530 5246 1661 5286 vero
1710 5230 2024 5303 ipsiusmet

357 5322 627 5388 operator
655 5322 712 5373 et
740 5317 1011 5373 conditor
1042 5322 1131 5374 est
1152 5317 1346 5390 operis
1377 5319 1579 5375 creati.

2124 3285 2349 3346 τούτους
2408 3280 2588 3350 καλεῖ,
2642 3283 2717 3344 ὡς
2772 3279 3054 3355 τιμωροὺς
3109 3285 3215 3334 τῶν
3276 3281 3493 3353 ψυχῶν·
3530 3276 3799 3351 χθονίους

2126 3372 2183 3430 δὲ
2214 3375 2347 3448 (15),
2404 3373 2479 3436 ὡς
2553 3372 2603 3441 ἐξ
2653 3369 2886 3445 ούρανοῦ
2941 3368 3315 3435 πεπτωκότας,
3350 3365 3439 3421 καὶ
3490 3362 3796 3420 amusos-

2131 3464 2325 3537 μένους
2373 3460 2496 3537 περῖ
2527 3462 2627 3530 τὴν
2677 3462 2801 3536 γῆν.
2852 3458 3017 3516 Οὗτοι
3070 3462 3223 3533 γοῦν,
3275 3455 3429 3531 φησὶ,
3465 3452 3664 3531 πόρῥω
3696 3458 3802 3523 τῆς

2128 3554 2270 3619 θείας
2295 3551 2612 3627 τεταγμένοι
2649 3548 2908 3619 ζωῆς,καῖ
2942 3554 3041 3617 τῆς
3073 3550 3261 3623 νοερᾶς
3280 3544 3513 3619 θεωρίας
3545 3542 3810 3617 ἀπολιμ-

2126 3642 2448 3714 πανόμενοι,
2480 3638 2876 3716 προσημαίνειν
2903 3638 2965 3692 τὸ
3002 3636 3206 3711 μέλλον
3241 3634 3302 3690 οὐ
3335 3631 3808 3690 δύνανται.”Οθεν

2128 3737 2229 3786 πᾶν
2263 3731 2291 3785 ’ὀ
2324 3728 2567 3806 λέγουσι,
2599 3725 2787 3801 ψευδὲς
2819 3726 2931 3782 ἔστι
2960 3725 3049 3782 καὶ
3081 3724 3466 3780 ἀνυπόστατον·
3507 3744 3810 3801 μορφωτι-

2128 3825 2237 3881 κῶς
2288 3819 2390 3894 γὰρ
2420 3818 2488 3871 τά
2518 3812 2647 3871 ὄντα
2676 3817 3030 3891 γινώσκουσι.
3088 3815 3159 3869 Τὸ
3206 3811 3263 3868 δὲ
3307 3817 3413 3868 τῶν
3472 3810 3808 3885 μελλόντων

2130 3908 2341 3971 ὲνιαίως
2369 3905 2669 3983 γνωστικὸν
2702 3904 2984 3981 άμερίστις
3033 3905 3237 3979 χρῆται
3285 3900 3377 3957 καὶ
3434 3901 3810 3978 ἀμορφώτοις

2130 4000 2402 4069 νοήσεσιν.

2133 4274 2313 4348 Πάντα
2338 4270 2439 4348 γάρ
2468 4266 2747 4348 ἐξετέλεσε
2765 4268 2985 4348 Πατὴρ,
3009 4267 3100 4348 καί
3129 4264 3203 4338 νῷ
3234 4259 3520 4348 παρέδωκε

2147 4336 2427 4419 Δευτέρῲ²
2506 4336 2563 4399 δν
2638 4346 2856 4419 πρῶτον
2908 4336 3215 4412 ⁷’κληίζεται
3290 4336 3392 4392 πᾶν
3472 4336 3667 4477 γέἶὲς-
3714 4336 3806 4391 άν-

3600 4429 3733 4477 ρων.

2202 4514 2309 4582 Τὴν
2374 4516 2544 4566 πᾶσαν
2602 4510 2777 4566 κτίσιν
2835 4507 3253 4585 δημιουργήσας
3318 4508 3345 4561 ὁ
3404 4508 3512 4574 τῆς
3564 4503 3809 4581 Τριᾶδος

2131 4607 2351 4679 πρῶτος
2401 4601 2612 4677 Πατὴρ.
2671 4596 2955 4676 παρέδωκε
3016 4598 3218 4667 ταύτην
3276 4599 3356 4668 τῷ
3412 4599 3514 4667 vi}?
3568 4595 3631 4649 δν
3682 4615 3808 4649 τενα

2130 4697 2254 4749 νοῦν
2306 4692 2371 4748 τὸ
2421 4691 2630 4766 ξύμπαν
2680 4691 2837 4766 γένος
2884 4695 2991 4745 τῶν
3037 4685 3276 4762 ἀνδρῶν,
3328 4686 3657 4761 ἀγνοοῦντες
3701 4689 3805 4753 τήν

2129 4782 2397 4857 πατρικὴν
2452 4779 2754 4857 ὑπεροχὴν,
2806 4778 2934 4834 Θεὸν
2986 4782 3204 4853 πρῶτον
3252 4772 3505 4830 καλοῦσι.
3542 4771 3703 4840 Illi,»
3742 4776 3807 4827 τὸ

2130 4872 2257 4944 παρ’
2305 4873 2442 4943 ἡμῖν
2494 4867 2675 4944 δόγμα
2704 4868 2961 4929 ἐναντίως
2991 4862 3131 4943 ἔχει,
3182 4865 3259 4927 ὡς
3310 4862 3474 4925 αὐτὸς
3516 4865 3549 4917 ὁ
3577 4867 3805 4938 πρῶτος

2130 4964 2278 5030 νοῦς,
2326 4961 2354 5015 ὁ
2390 4959 2513 5020 Υἱὸς
2543 4961 2641 5012 τοῦ
2697 4955 2936 5032 μεγάλου
2987 4956 3215 5026 Πατρὸς,
3246 4955 3345 5023 τὴν
3395 4950 3573 5007 κτίσιν
3625 4959 3804 5006 πᾶσαν

2132 5048 2599 5123 ἐδημιούργησεν.
2659 5047 2721 5103 Ὀ
2774 5046 2871 5119 μὲν
2918 5045 3022 5120 γάρ
3075 5045 3261 5119 Πατὴρ
3311 5040 3456 5117 λέγει
3518 5042 3669 5115 παρὰ
3722 5045 3795 5114 τῇ

2132 5141 2400 5212 Μωσαϊκῇ
2438 5131 2615 5213 βίϐλῳ
2668 5136 2804 5210 πρὸς
2846 5136 2941 5190 τὸν
2988 5133 3111 5188 Υίὸν
3160 5134 3259 5203 τήν
3292 5128 3440 5186 ἶδὲιν
3467 5137 3571 5199 τῆς
3628 5148 3813 5205 παρα-

2129 5235 2314 5307 γωγῆς
2343 5232 2451 5283 τῶν
2484 5223 2817 5298 κτισμάτων·
2855 5226 2884 5280 ὁ
2916 5220 2974 5279 δὲ
3002 5224 3127 5287 Υἱὸς
3177 5221 3477 5295 αὐτουργὸς
3505 5224 3607 5275 τοῦ
3638 5224 3821 5289 τοξή-

2138 5338 2305 5393 ματος
2333 5315 2591 5393 γίγνεται.

1603 5434 1908 5491 JOANNIS
1946 5434 2269 5493 OPSOPEI
2310 5434 2542 5491 NOT/‘E.

431 5531 543 5607 (t4)
596 5530 697 5584 Σὸν
748 5532 999 5607 ἀγγεῖον.
1068 5532 1225 5607 Hanc
1304 5534 1523 5589 oraculi
1588 5534 2013 5605 expositionem

360 5604 715 5659 verbotenus
747 5604 853 5659 suo
878 5604 946 5658 in.
968 5605 1279 5673 Synesium
1316 5604 1737 5662 commentario
1770 5606 2017 5661 inseruit

360 5674 744 5748 Nicephorus,
778 5691 910 5748 pag.
941 5675 1067 5730 814.

2127 5536 2309 5664 11ςῖιὸ)
2364 5530 2626 5592 Χθονίους
2662 5526 2736 5585 δέ.
2794 5528 2938 5587 Vide
2990 5526 3303 5602 Nicephori
3362 5524 3594 5584 scholia
3650 5541 3803 5599 pag.
