3970 6218
209 340 357 401 HM

269 471 461 527 Ποιναὶ
491 473 745 546 μερόπων
777 472 1095 547 ἄγκτειραι.

279 564 342 617 Οἱ
374 562 470 635 μὶν
518 562 619 637 γάρ
688 562 970 637 ἀναγωγοὶ
1031 560 1257 638 ἄγγελοι
1317 564 1576 637 ἀνάγουσι
1620 560 1714 623 τὰς
1768 562 1873 633 ψυ-

204 654 312 729 χὰς
344 652 423 730 ἐφ’
457 650 681 714 ἑαυτοὺς
714 651 774 707 ἐκ
815 656 916 717 τῆς
966 652 1225 727 γενέσεως
1287 651 1670 730 ἐφελκόμενοι.
1700 650 1768 707 Αἱ
1818 646 1876 703 δὲ

206 741 417 808 ποιναὶ,
451 740 578 810 ἤτοι
633 742 687 796 αἱ
717 742 1093 815 τιμωρητικαὶ
1152 746 1259 796 τῶν
1309 740 1610 813 διδομένων
1664 738 1872 817 φύσεων

205 832 299 886 καὶ
363 832 622 906 βάσκανοι
687 835 798 886 τῶν
864 830 1219 905 ἀνθρωπίνων
1282 834 1500 907 ψυχῶν,
1558 826 1874 901 ἐνδεσμοῦσι

202 920 402 983 ταύτας
431 925 550 982 τοῖς
601 918 814 982 ὑλικοῖς
868 919 1085 991 πάθεσι,
1116 920 1207 975 καὶ
1248 924 1363 975 οἷον
1415 921 1751 994 ἀπάγχουσι,
1785 918 1874 971 καὶ

206 1006 273 1062 οὗ
322 1006 485 1080 μόνον
536 1007 663 1069 τοὺς
710 1013 818 1063 τῶν
869 1013 1056 1071 παθῶν
1090 1008 1325 1083 πλήρεις
1368 1007 1688 1077 αἰκίζονται,
1730 1004 1877 1061 ἀλλὰ

203 1097 301 1152 καὶ
353 1096 482 1159 τοὺς
540 1096 615 1159 εἷς
664 1098 761 1166 τὴν
802 1095 973 1152 ἄυλον
1022 1097 1205 1153 οὐσίαν
1256 1096 1753 1172 ἐπεστραμμένους’
1784 1095 1874 1149 καὶ

201 1186 312 1260 γὰρ
343 1185 433 1240 καὶ
466 1186 613 1241 οὗτοι
642 1186 719 1248 εἷς
750 1187 850 1254 τὴν
903 1184 1041 1256 ὕλην
1092 1186 1185 1241 καὶ
1223 1187 1322 1255 τήν
1368 1186 1570 1261 γένεσιν
1625 1183 1874 1249 ἐλθόντες

206 1273 426 1330 δέονται
454 1282 553 1345 τῆς
580 1274 844 1346 τοιαύτης
892 1277 1225 1352 καθάρσεως.
1260 1274 1518 1338 Πολλοὺς
1575 1275 1678 1349 γὰρ
1734 1274 1874 1349 ὁρῶ-

209 1384 311 1438 μεν
366 1364 457 1419 καὶ
510 1369 621 1419 τῶν
676 1363 843 1428 ὁσίως
916 1366 1004 1420 καὶ
1082 1369 1334 1439 καθαρῶς
1406 1360 1872 1435 πολιτευομένων,

205 1452 652 1528 ἀπροσδοκήτοις
682 1458 995 1533 συμφοραῖς
1023 1454 1473 1531 περιπίπτοντας.

430 1627 696 1706 Σύμϐολα
724 1632 987 1707 πατρικὸς
1016 1630 1139 1695 νοὺς
1169 1626 1384 1709 ἔσπειρε
1415 1635 1644 1707 ψυχαῖς.

283 1724 490 1797 Ὥσπερ
521 1724 639 1795 (16)
695 1723 729 1790 ἡ
783 1721 1056 1791 Μωσαϊκή
1111 1716 1305 1796 βίϐλος
1358 1721 1476 1776 κατ’
1506 1719 1687 1775 εἰκόνα
1742 1720 1875 1773 Θεοῦ

210 1806 446 1865 πλάττει
504 1810 596 1865 τὸν
669 1811 977 1884 ἄνθρωπον,
1028 1806 1171 1865 οὕτω
1219 1810 1309 1863 καὶ
1374 1810 1401 1863 ὀ
1459 1807 1733 1871 Χαλδαῖος
1782 1808 1872 1861 τὸν

212 1900 456 1969 ποιητὴν
500 1900 587 1954 καὶ
632 1899 839 1974 πατέρα
892 1902 991 1953 τοῦ
1020 1899 1231 1971 κόσμου
1266 1898 1399 1973 φησὶ
1432 1893 1685 1971 σύμϐολα
1717 1896 1877 1971 ἐγκα-

209 1994 505 2063 τασπεῖραι
561 1992 681 2050 ταῖς
738 1991 945 2063 ψυχαῖς
1001 1994 1103 2057 τῆς
1160 1988 1352 2043 ἑαυτοῦ
1409 1985 1709 2058 ἰδιότητος.
1769 1988 1874 2043 Καὶ

206 2079 315 2155 γὰρ
363 2078 471 2133 ἀπὸ
525 2082 633 2133 τῶν
706 2082 985 2151 πατρικῶν
1047 2079 1373 2150 σπερμάτων
1434 2076 1541 2151 οὐχ
1587 2078 1643 2130 αἱ
1700 2075 1873 2150 ψυχαὶ

214 2166 576 2242 μόναι,ἆλΛὰ
612 2168 704 2223 καὶ
754 2169 807 2222 αἱ
842 2167 1222 2243 ὑπερκείμεναι
1270 2173 1435 2221 πᾶσαι
1483 2167 1655 2236 τάξεις
1710 2160 1874 2219 ἐϐλά-

210 2279 439 2329 στησαν.
474 2256 573 2312 Καὶ
605 2255 752 2313 ἄλλα
787 2258 881 2329 μὶν
922 2258 989 2312 τὰ
1047 2256 1100 2311 ἐν
1158 2257 1347 2318 αὐταῖς
1393 2261 1509 2318 ταῖς
1557 2256 1871 2327 ἀσωμάτοις

205 2346 467 2422 ὁπάρξεσι
516 2348 857 2418 συνθήματα,
915 2344 1221 2418 ἀσωμάτως
1270 2340 1397 2400 ὅντα
1452 2344 1541 2399 καὶ
1593 2341 1865 2401 ἐνοειῗςτιςσ

206 2434 363 2491 ἄλλα
392 2434 449 2491 δὲ
480 2435 532 2491 ἐν
566 2441 683 2498 τοῖς
716 2436 946 2509 κόσμοις
984 2436 1301 2507 συνθήματα
1346 2433 1435 2488 καὶ
1489 2428 1743 2505 σύμϐολά
1796 2432 1868 2487 εἶ-

202 2546 320 2595 σιν,
351 2527 407 2579 αἱ
464 2524 693 2601 ἄρρητοι
746 2529 846 2581 τοῦ
903 2528 1037 2579 Θεοῦ
1086 2520 1379 2594 ῗδιὸτητες,
1407 2524 1462 2577 αἱ
1491 2523 1579 2577 καὶ
1609 2526 1715 2576 τῶν
1748 2522 1867 2596 ἀρε-

200 2621 321 2670 τῶν
354 2617 733 2690 ύπερκείμεναι
746 2658 758 2672 .

423 2705 523 2779 Βίῃ
552 2710 715 2778 σῶμα
745 2704 1018 2761 λιπόντων
1051 2704 1224 2779 ψυχαὶ
1264 2704 1662 2778 καθαρώταται.

281 2792 360 2851 Εἴ
404 2815 487 2857 τις
545 2794 906 2868 εὐγνωμόνως
938 2793 1133 2849 ἀκούοι
1184 2798 1283 2848 τοῦ
1342 2793 1530 2869 ῥητοῦ,
1566 2791 1664 2847 οὐκ
1720 2790 1865 2846 ἐναν·

197 2885 463 2940 τιώσεται
495 2889 613 2946 τοῖς
643 2882 936 2957 ἡμετέροις
969 2880 1226 2957 δόγμασι.
1262 2882 1365 2940 Καὶ
1409 2882 1512 2957 γὰρ
1566 2881 1617 2936 οἱ
1676 2901 1866 2959 στεφα-

198 2980 356 3028 νῖται
415 2974 680 3049 μάρτυρες
741 2971 941 3049 βιαίοις
1016 2972 1175 3027 αἷῶσι
1230 2973 1294 3026 τὸ
1348 2975 1507 3045 σῶμα
1591 2970 1866 3039 λιπόντες,

200 3064 449 3137 καθαρὰς
505 3063 600 3124 τὰς
652 3063 853 3118 ἑαυτῶν
930 3061 1109 3137 ψυχὰς
1164 3059 1529 3117 τετελέκασιν.
1591 3057 1746 3117 Ἀλλ’
1807 3057 1867 3113 οὐ

198 3150 375 3206 τοῦτό
406 3172 567 3229 φησιν
599 3153 627 3206 ὁ
665 3148 966 3222 Χαλδαῖος,
998 3150 1143 3207 ἀλλὰ
1188 3149 1361 3205 πάντα
1417 3150 1589 3225 βίαιον
1644 3150 1869 3203 θάνατον

1074 340 1488 403 EXPOSITIO
1533 337 2080 401 ORACULORUM
2122 336 2772 400 CHALDAICORUM.

1904 470 1958 536 Α

3478 350 3499 406 ιι
3520 350 3642 427 142

2130 475 2322 526 Parem
2350 472 2575 526 vincula
2604 478 2736 527 sunt
2760 473 3005 531 homines
3026 478 3488 549 constringentia.

2052 560 2197 615 Nam
2231 561 2606 617 subvectores
2638 564 2830 634 angeli
2862 566 3093 622 animas
3124 585 3156 621 a
3186 571 3380 639 prima
3402 572 3489 625 sui
3524 574 3634 628 ori-

1984 649 2117 722 gine
2148 654 2427 705 attractas
2459 652 2529 706 ad
2564 668 2627 706 se
2657 653 2953 711 evehunt:
2987 661 3188 711 contra
3222 675 3399 729 poena:
3462 661 3629 717 ultri-

1986 755 2081 794 ces
2138 739 2415 794 nimirum
2462 745 2803 797 naturarum
2856 744 3026 799 nobis
3076 762 3513 819 concessarum,
3572 756 3629 805 et

1985 832 2278 884 tormenta
2332 828 2724 885 humanarum
2781 832 3135 902 animarum,
3227 837 3630 895 materialibus

1984 916 2117 973 illas
2138 917 2441 973 affectibus
2472 918 2747 976 irretiunt
2778 925 2835 976 et
2865 924 3037 992 quasi
3083 926 3479 996 strangulant.
3513 928 3630 984 Nec

1985 1007 2176 1064 solum
2203 1007 2262 1062 in
2294 1007 2402 1063 hos
2431 1008 2675 1064 saeviunt
2706 1011 2805 1081 qui
2840 1012 3155 1067 affectuum
3188 1015 3379 1070 turbis
3406 1016 3636 1074 obsessi

1985 1097 2255 1164 sunt,sed
2287 1101 2342 1152 et
2366 1098 2423 1151 in
2454 1096 2585 1153 illos
2617 1100 2716 1169 qui
2740 1101 2810 1155 ad
2835 1102 3193 1157 abstractam
3228 1104 3301 1159 ab
3332 1107 3493 1161 omni
3517 1124 3638 1163 ma-

1984 1187 2131 1244 teria
2160 1188 2478 1242 essentiam
2501 1189 2765 1245 conversi
2789 1193 3109 1259 suntzquod
3143 1193 3203 1247 hi
3235 1210 3471 1265 quoque
3498 1213 3635 1267 quo-

1983 1276 2141 1330 niam
2175 1276 2461 1347 progeniti
2495 1282 2654 1345 sunt,
2688 1281 2744 1333 et
2776 1280 3029 1334 materiae
3053 1280 3631 1353 copulati,ejusmodi

1981 1364 2325 1421 lustratione
2356 1365 2903 1437 indigeant.Multos
2934 1368 3091 1424 enim
3126 1370 3300 1426 etiam
3333 1387 3401 1426 ex
3428 1372 3501 1427 iis
3528 1375 3628 1445 qui

1982 1458 2243 1509 sanctam
2274 1458 2332 1510 et
2360 1454 2648 1510 illibatam
2700 1454 2881 1512 vitam
2909 1459 3439 1531 egerunt,inopinis
3472 1463 3629 1519 cala-

1983 1543 2290 1599 mitatibus
2318 1543 2748 1601 circumventos
2776 1546 2960 1601 fuisse
2992 1548 3187 1603 videre
3216 1548 3373 1605 licet.

2208 1632 2375 1704 Signa
2405 1634 2605 1689 insevit
2632 1636 2927 1691 animabus
2956 1653 3109 1692 mens
3136 1642 3411 1705 paterna..

2057 1721 2565 1785 Quemadmodum
2600 1722 2748 1778 liber
2777 1724 2989 1796 Moysis
3019 1725 3319 1783 hominem
3368 1730 3438 1784 ad
3479 1730 3625 1785 ima-

1985 1810 2178 1882 ginem
2213 1810 2311 1866 Dei
2361 1812 2675 1868 formatum
2716 1814 2895 1869 fuisse
2940 1815 3102 1884 dicit,
3136 1816 3215 1871 ita
3254 1817 3429 1873 etiam
3458 1820 3628 1875 Chal-

1985 1901 2147 1955 daeus
2174 1900 2257 1956 ait
2282 1900 2646 1957 conditorem
2680 1906 2737 1957 et
2770 1904 2977 1959 mundi
3011 1911 3311 1976 parentem
3348 1908 3519 1979 signa
3564 1926 3630 1964 ac

1986 1994 2153 2046 notas
2182 2007 2303 2046 sua:
2335 1990 2526 2062 ipsius
2555 1992 2929 2063 proprietatis
2954 1995 3269 2050 animabus
3321 1996 3627 2054 insevisse.

1983 2078 2213 2134 Etenim
2247 2095 2363 2133 non
2396 2080 2603 2134 animai
2628 2086 2855 2135 tantum
2892 2098 2922 2136 e
2973 2087 3215 2153 paterno
3248 2086 3471 2141 semine
3502 2104 3631 2157 pro-

1983 2168 2169 2223 ductae
2199 2174 2360 2238 sunt,
2420 2170 2523 2224 sed
2570 2186 2775 2226 omnes
2803 2171 2979 2227 etiam
3005 2173 3241 2228 ordines
3300 2175 3628 2246 superiores

1983 2274 2152 2313 suam
2186 2258 2473 2330 originem
2506 2258 2642 2315 inde
2663 2259 3015 2316 habuerunt.
3043 2263 3149 2317 Sed
3185 2264 3241 2316 in
3277 2266 3626 2322 substantiis

1981 2346 2341 2419 incorporeis
2373 2347 2487 2401 alia
2517 2352 2657 2404 sunt
2688 2348 2877 2421 signa,
2927 2350 3270 2421 incorporea
3300 2370 3510 2425 nempe
3569 2361 3625 2410 et

1980 2435 2317 2503 individua;
2352 2436 2468 2491 alia
2498 2437 2637 2492 item
2660 2438 2721 2492 in
2753 2438 2990 2493 mundis
3015 2439 3185 2511 signa
3207 2446 3347 2496 sunt
3378 2446 3434 2496 et
3466 2459 3618 2515 sym-

1980 2523 2113 2579 bola
2144 2524 2627 2579 inenarrabilium
2659 2526 2760 2581 Dei
2794 2527 3241 2599 proprietatum,
3269 2530 3412 2601 ipsis
3443 2533 3616 2587 etiam

1980 2614 2298 2669 virtutibus
2328 2614 2500 2684 longe
2521 2614 3016 2673 excellentiorum.

2055 2704 2115 2758 Vi
2137 2719 2333 2774 corpus
2360 2704 2791 2774 relinquentium
2811 2708 3023 2763 animae
3049 2710 3177 2761 sunt
3206 2711 3543 2779 purissimae.

2052 2792 2159 2855 Qui
2198 2792 2418 2847 dictum
2479 2793 2638 2848 istud
2693 2810 2859 2865 aequa
2920 2799 3112 2851 mente
3186 2800 3631 2867 auscultaverit,

1978 2881 2239 2954 reperiet
2268 2882 2323 2936 id
2358 2889 2570 2937 nostra:
2599 2883 2872 2939 doctrina:
2904 2900 3018 2939 non
3052 2887 3367 2943 adversari.
3406 2892 3633 2945 Etenim

1992 2972 2253 3026 coronati
2311 2976 2598 3043 martyres
2657 2973 2757 3043 qui
2804 2974 3146 3030 afﬂictionis
3196 2981 3457 3049 tempore
3504 2996 3639 3035 cum

1992 3060 2254 3116 cruciatu
2287 3076 2499 3131 corpus
2532 3060 2911 3133 reliquerunt,
2938 3080 3078 3119 suas
3101 3064 3365 3135 ipsorum
3418 3069 3648 3125 animas

1995 3149 2331 3204 lustrarunt
2362 3154 2419 3205 et
2449 3166 2628 3221 puras
2660 3151 3067 3208 reddiderunt.
3097 3156 3167 3208 At
3224 3155 3332 3210 hoc
3364 3174 3480 3211 non
3529 3159 3652 3213 vult

198 3213 443 3295 ἰπαινεῖυ
480 3238 652 3311 διότι,
690 3239 879 3318 φησὶν,
912 3242 946 3309 ἡ
1009 3241 1161 3316 ψυχή
1220 3238 1493 3300 ἐπιπόνως
1538 3236 1773 3293 λιποῦσα
1826 3236 1875 3291 τε

2001 3239 2327 3306 Chaldaeus,
2364 3213 2464 3295 sed
2498 3239 2697 3295 laudat
2728 3257 2961 3296 omnem
3010 3248 3256 3298 mortem
3310 3245 3645 3313 violentam,

204 3336 399 3404 σῶμα,
434 3329 779 3406 βδελύττεται
819 3331 919 3399 τὴν
949 3329 1175 3394 ἐνταῦθα
1229 3331 1396 3400 ζωήν,
1429 3328 1517 3383 καὶ
1568 3335 1715 3401 μισεῖ
1778 3331 1878 3397 τὴν

205 3422 355 3497 πρὸς
415 3426 575 3476 τοῦτο
630 3421 986 3496 ἐπιστροφὴν,
1022 3421 1114 3474 καὶ
1168 3418 1437 3495 χαίρουσα
1486 3420 1624 3492 πρὸς
1670 3418 1736 3471 τὰ
1775 3416 1886 3471 ἄνω

198 3516 407 3586 χωρεῖ.
445 3512 514 3566 Αἱ
548 3508 605 3565 δὲ
636 3509 688 3566 ἐν
720 3510 902 3571 νόσοις
946 3510 1061 3563 κατ’
1088 3506 1303 3563 ἔκλυσιν
1340 3512 1437 3562 τοῦ
1499 3512 1729 3577 ζωτικοῦ
1778 3507 1884 3560 σώ-

215 3619 393 3672 ματος
423 3590 787 3654 ἀπολιποῦσαι
827 3598 920 3652 τὸν
976 3597 1117 3673 βίον,
1149 3596 1212 3651 οὐ
1273 3595 1422 3670 μάλα
1478 3618 1531 3651 τι
1592 3593 1882 3672 δυσχεραί-

207 3709 371 3744 νουσι
400 3689 501 3758 τήν
532 3688 666 3764 πρὸς
695 3692 861 3743 τοῦτο
905 3686 1080 3741 νεῦσίν
1105 3707 1165 3742 τε
1195 3687 1285 3741 καὶ
1320 3685 1516 3762 ῥοπήν.

204 3886 340 3941 ’Ότι
370 3888 444 3959 ψυ
491 3885 525 3953 ἡ
559 3887 664 3955 πῦρ
697 3884 831 3938 οὖσα
862 3881 1075 3961 φαεινὸν
1111 3879 1333 3952 δυνάμει
1367 3882 1601 3955 ΙΙατρὸς,

210 3903 520 4011 ’Δθάνατᾷς
546 3977 605 4011 τε
646 3957 816 4011 μένει.
847 3955 938 4010 καὶ
972 3961 1119 4011 tibi:
1145 3952 1395 4011 δεσπότις
1424 3953 1536 4009 ἐστὶ

210 3952 523 4021 Ἀθάναέᾶ
546 3977 605 4011 τε
625 3952 816 4028 ξμὲνει,
847 3952 938 4010 καὶ
972 3961 1119 4024 ζωῆς
1145 3952 1395 4028 δεσπότις
1424 3952 1536 4009 ἐστὶ

210 4030 325 4088 Καὶ
356 4029 475 4105 ἔχει
508 4026 697 4084 πολλὰ
722 4028 1076 4103 πληρώματα
1104 4026 1350 4083 κόλπων.

295 4138 363 4195 Ἦ
394 4137 550 4211 ψυχὴ
584 4133 748 4191 ἄυλον
783 4133 917 4190 οὖσα
971 4135 1061 4189 καὶ
1114 4131 1401 4207 ἀσώματον
1452 4136 1581 4208 πῦρ,
1616 4130 1879 4195 συνθέτων

212 4225 371 4283 ὅλων
432 4226 522 4281 καὶ
564 4229 662 4281 τοῦ
715 4224 908 4281 ὑλικοῦ
952 4224 1208 4297 σώματος
1239 4222 1592 4296 ἐξῃρημένον,
1619 4220 1881 4284 ἀθάνατός

209 4314 391 4372 ἔστιν.
439 4316 515 4369 Ού
564 4314 664 4389 γὰρ
732 4312 1193 4389 ἐγκαταμέμικται
1252 4311 1389 4382 αὐτῇ
1446 4310 1633 4365 ὑλικόν
1690 4331 1742 4364 τι
1790 4310 1880 4363 καὶ

209 4401 679 4466 σκοτῶδες·ούδὶ
735 4402 984 4464 σύνθετός
1030 4400 1194 4469 ἐστιν,
1244 4398 1337 4455 ’ίνα
1396 4398 1627 4472 διαλυθῇ
1688 4399 1762 4461 εἷς
1814 4398 1881 4453 τὰ

208 4494 272 4566 ἐξ
338 4495 411 4548 ὧν
472 4494 932 4563 συνετέθη.”Εστι
991 4488 1048 4546 δὲ
1102 4492 1191 4545 καὶ
1248 4488 1500 4551 δεσπότις
1561 4494 1730 4559 ζωῆς,
1761 4494 1877 4550 τοῖς

1998 3345 2064 3385 eo
2086 3330 2239 3401 quod
2298 3329 2497 3385 anima
2553 3346 2677 3399 quae
2731 3346 2944 3402 corpus
2975 3348 3110 3386 cum
3152 3333 3350 3389 dolore
3406 3336 3644 3403 deserit,

1995 3419 2149 3475 hanc
2178 3418 2357 3474 vitam
2398 3418 2775 3475 abominetur
2822 3424 2877 3474 et
2949 3422 3452 3479 conversationem
3505 3441 3643 3480 cum

1996 3525 2235 3579 corpore
2264 3509 2617 3574 odit,conlra
2642 3526 2772 3564 cum
2807 3510 3022 3581 gaudio
3046 3511 3114 3565 ad
3149 3513 3455 3584 superiora
3488 3530 3644 3569 revo-

1992 3597 2094 3653 lat.
2130 3602 2203 3652 At
2231 3614 2356 3668 quae
2389 3597 2447 3652 in
2483 3598 2704 3653 morbis
2736 3599 2942 3653 anima:
2966 3616 3203 3671 corpore
3225 3600 3333 3657 hoc
3356 3603 3638 3658 naturali-

1994 3691 2083 3742 ter
2112 3686 2401 3742 dissoluto
2431 3686 2609 3741 vitam
2631 3687 3115 3759 relinquunt-,non
3139 3690 3459 3747 admodum
3490 3709 3641 3764 aegro

1991 3777 2187 3833 ferunt
2216 3780 2428 3831 nutum
2462 3780 2520 3831 et
2551 3778 3005 3849 propensionem
3040 3780 3130 3834 sui
3165 3797 3299 3851 erga
3332 3799 3567 3853 corpus.

2100 3883 2242 3958 Quia
2269 3884 2463 3958 aniina
2488 3884 2638 3951 ignis
2670 3888 2749 3938 est
2782 3884 2997 3940 lucidus
3025 3888 3271 3957 potentia
3301 3892 3497 3958 patris,

2098 3954 2551 4029 Immortalisqae
2572 3964 2775 4019 manet,
2808 3963 2856 4011 et
2886 3954 3265 4013 vitm—domina
3296 3954 3391 4029 est,

2098 4031 2165 4083 Et
2193 4027 2351 4082 habet
2382 4028 2563 4082 multa
2594 4029 2997 4099 complementa
3022 4032 3264 4085 sinuum.

2060 4134 2269 4189 Anima
2291 4149 2424 4188 cum
2449 4134 2527 4188 sit
2550 4134 2702 4205 ignis
2730 4135 2984 4189 materiae
3013 4137 3391 4208 corporisque
3413 4155 3639 4210 expers,

1988 4230 2045 4278 et
2074 4223 2146 4277 ab
2180 4222 2451 4277 universo
2483 4222 2941 4294 compositorum
2997 4240 3207 4294 genere
3237 4230 3294 4279 et
3351 4228 3637 4283 materiali

1987 4328 2226 4382 corpore
2256 4316 2545 4382 exempta,
2580 4311 2928 4366 immortalis
2960 4312 3231 4366 est.Nihil
3261 4314 3418 4369 enim
3453 4320 3634 4369 mate-

1990 4402 2085 4456 ria
2118 4404 2219 4456 aut
2240 4399 2512 4472 caliginis
2545 4400 2837 4472 particeps
2860 4400 2943 4455 illi
2978 4400 3307 4456 immistum
3336 4404 3634 4460 estzmulto

1990 4491 2187 4546 minus
2210 4489 2533 4560 composita
2563 4494 2671 4557 est,
2706 4490 2850 4543 utin
2886 4506 2953 4543 ea
2983 4506 3048 4545 ex
3072 4490 3285 4561 quibus
3318 4494 3637 4550 constituta

207 4586 437 4659 νεκροῖς
490 4582 633 4652 ζωὴν
694 4579 1106 4654 ἐπιλάμπουσα.
1163 4581 1325 4655 Ἔχει
1392 4576 1449 4633 δὲ
1503 4578 1593 4633 καὶ
1649 4576 1875 4633 πολλῶν

2000 4581 2113 4649 Tuit,
2146 4578 2359 4633 resolvi
2418 4579 2625 4650 possit.
2686 4579 2783 4633 Est
2840 4582 3123 4649 praeterea
3182 4580 3311 4635 vitae
3372 4582 3634 4653 domina,

207 4673 580 4748 πληρώματα
634 4671 859 4727 κόλπων
893 4689 909 4704 ⁸
942 4670 1215 4725 τουτέστιν
1272 4667 1390 4744 ἔχει
1447 4665 1699 4741 δυνάμεις
1758 4668 1884 4721 ὑπο-

211 4762 476 4823 δεκτικᾶς
524 4767 627 4830 τῆς
672 4757 810 4831 ὅλης
850 4758 1287 4833 διακοσμήσεως·
1323 4755 1544 4812 δύναται
1592 4758 1691 4833 γὰρ
1749 4757 1884 4812 κατὰ

206 4854 322 4917 τεις
351 4852 641 4931 διαφόρους
670 4851 861 4929 ἀρετὰς
893 4851 969 4915 εἷς
997 4851 1093 4913 τὰς
1122 4848 1416 4928 διαφόρους
1478 4849 1645 4917 ζώνας
1694 4847 1881 4923 ἐγκατ-

208 4948 401 4999 οικεῖν
422 4945 519 4998 τοῦ
550 4942 805 5018 ούρανοῦ.

373 5121 558 5195 Πατὴρ
594 5118 655 5174 ού
687 5113 853 5197 φόϐον
887 5116 1199 5193 ἐνθρῴσκει,
1233 5118 1405 5171 πειθὼ
1439 5113 1485 5170 δ’
1513 5113 1742 5189 ἐπιχὲει.

292 5207 601 5276 Τουτὲστιν,
656 5208 737 5263 ὅτι
794 5208 858 5261 τὸ
918 5211 1061 5270 θεῖον
1118 5204 1217 5259 οὐκ
1278 5202 1389 5259 ἔστι
1437 5205 1738 5281 φριμάσσον
1798 5202 1887 5256 καὶ

206 5298 677 5376 ἆγανακτητικὸν,
712 5294 858 5352 ἀλλὰ
910 5292 1084 5371 γλυκὺ
1129 5294 1218 5349 καὶ
1270 5291 1615 5368 γαληνιαῖον·
1650 5290 1769 5355 ὅθεν
1827 5290 1888 5345 οὐ

206 5382 402 5467 φόϐον
451 5386 671 5460 ἐμποιεῖ
717 5390 837 5447 ταῖς
888 5381 1274 5456 ὑποκειμέναις
1318 5381 1558 5456 φύσεσιν,
1588 5378 1734 5435 ἀλλὰ
1770 5400 1887 5434 πει-

204 5463 320 5533 όοῖ
367 5476 455 5531 καὶ
506 5475 693 5553 χάριτι
742 5475 916 5529 πάντα
962 5471 1266 5552 ἐφέλκεται.
1301 5470 1363 5526 Ei
1410 5472 1510 5545 γὰρ
1559 5470 1625 5538 ἦν
1660 5463 1890 5545 φοϐερὸν

1992 4674 2257 4725 mortuos
2289 4668 2417 4723 vita:
2450 4668 2627 4722 radiis
2667 4666 2992 4722 illustrans.
3028 4669 3213 4725 Habet
3242 4672 3418 4727 etiam
3453 4674 3635 4746 pluri-

1992 4774 2222 4813 morum
2255 4756 2493 4813 sinuum
2525 4756 2972 4828 complementa,
2997 4756 3054 4812 id
3079 4763 3167 4813 est
3187 4760 3411 4817 obtinet
3442 4770 3641 4833 poten‘

1993 4848 2107 4902 tias
2140 4846 2530 4918 susceptrices
2564 4846 2743 4900 totius
2792 4846 3343 4920 administrationis,
3369 4852 3503 4923 quia
3535 4872 3639 4925 pro

1991 4936 2279 4990 virtutum
2311 4935 2647 4990 diversitate
2669 4935 2930 4990 diversas
2965 4953 3142 4993 zonas
3195 4938 3317 4995 sive
3366 4942 3495 4997 coeli
3548 4961 3638 4999 re-

1994 5025 2196 5097 giones
2222 5023 2307 5079 illi
2340 5024 2670 5078 inhabitare
2701 5023 2854 5079 licet.

2067 5115 2207 5169 Deus
2236 5129 2343 5169 non
2368 5114 2549 5183 injicit
2580 5118 2807 5179 metum,
2839 5120 2938 5169 sed
2967 5115 3285 5187 obsequium
3305 5116 3567 5185 infundit.

2071 5202 2129 5257 Id
2154 5207 2261 5269 est,
2295 5202 2493 5257 divina
2518 5207 2730 5257 natura
2762 5219 2877 5257 non
2904 5204 3118 5270 tremit,
3156 5221 3341 5275 neque
3372 5204 3643 5277 indigna-

1995 5291 2201 5346 bunda
2232 5296 2343 5359 est,
2376 5294 2473 5347 sed
2510 5294 2710 5347 suavis
2742 5297 2799 5347 et
2829 5292 3169 5363 tranquilla.
3204 5293 3338 5348 Ideo
3370 5310 3485 5350 non
3531 5296 3641 5353 im-

1999 5380 2179 5435 mittit
2202 5385 2423 5436 metum
2458 5380 2741 5451 subjectis
2776 5380 3132 5445 naturis,sed
3166 5381 3408 5437 suadela
3429 5390 3485 5439 et
3507 5402 3639 5457 gra-

1998 5470 2081 5524 tia
2099 5470 2297 5524 omnia
2329 5471 2397 5524 ad
2431 5487 2493 5525 se
2524 5470 2723 5525 trahit.
2748 5470 2805 5523 Si
2840 5468 2993 5522 enim
3057 5470 3446 5529 formidabilis
3486 5481 3641 5531 esset

1466 5587 1767 5643 JOANNIS
1806 5586 2123 5642 OPSOP/EI
2166 5586 2397 5641 NOT/E.

294 5685 419 5757 (16)
448 5685 650 5756 ’Ὠσπερ
682 5688 791 5742 etc.
824 5687 893 5742 Et
921 5682 1043 5739 haec
1074 5694 1309 5755 quoque
1338 5679 1700 5750 transcripta
1729 5682 1871 5733 sunt
1902 5693 1935 5733 a
1962 5676 2286 5748 Nicephoro
2309 5693 2443 5749 pag.
2480 5678 2581 5731 126
2610 5675 2749 5731 dicti
2780 5676 3205 5732 commentarii.
