3970 6218
322 352 481 414 1143

1654 350 2077 412 MICHAELIS
2123 350 2214 411 PS
2226 351 2396 411 ELLI

3586 353 3746 411 11M

270 557 275 562 _
323 487 381 540 et
413 484 837 550 minax,omnis
860 501 1054 541 rerum
1078 486 1219 541 ordo
1242 486 1468 541 dudum
1494 483 1705 540 fuisset
1727 483 1972 540 dissolu-

2149 478 2181 535 ιὶ
2235 479 2619 552 ἀπειλητικὸν,
2647 480 2871 553 διελύθη
2932 478 2990 536 ἂν
3038 484 3074 551 ἡ
3134 485 3276 536 πᾶσα
3328 478 3474 551 τάξις
3522 484 3635 535 τῶν
3664 478 3753 537 ὅν-

322 579 444 639 tus,
476 590 611 629 cum
648 573 796 629 nihil
829 575 907 629 sit
937 575 1088 645 quod
1133 576 1261 644 eius
1314 574 1636 645 potentiam
1685 574 1981 630 sustinere.

322 664 632 736 potuisset.
672 664 987 735 Atqueista
1019 662 1307 719 sententia
1340 664 1772 735 quadamtenus
1805 681 1837 719 a
1881 680 1978 717 no-

324 754 467 809 stris
489 770 623 808 vera
683 757 978 808 censetur.
1031 753 1188 808 Deus
1246 751 1401 808 enim
1445 750 1544 807 lux
1607 756 1697 807 est
1735 755 1793 807 et
1823 751 1979 823 ignis

323 858 680 898 consumens
712 841 919 896 malos.
960 842 1126 896 Minas
1151 845 1349 897 autem
1393 841 1493 896 Dei
1520 846 1575 896 et
1608 844 1796 896 terror
1840 843 1981 895 sunt

323 932 683 987 intermissio
723 931 931 985 divinae
992 947 1131 1003 erga
1175 949 1283 986 nos
1314 930 1697 1003 benignitatis
1746 934 1982 1002 propter

323 1036 553 1090 pravam
583 1035 769 1075 rerum
793 1019 1397 1075 administrationem.

324 1119 495 1173 Pater
523 1120 764 1188 seipsum
794 1119 1004 1189 rapuit.

325 1190 401 1244 Ne
429 1189 646 1260 quidem
676 1206 735 1244 ιη
786 1188 903 1245 inte
916 1189 1113 1244 llectz'li
1166 1204 1268 1243 sua
1294 1189 1545 1261 potentia
1579 1190 1708 1331 ἱῖηιε
1729 1188 1981 1314 ‘proprio

1632 1276 1723 1315 mc
1755 1274 1870 1314 uso.

398 1359 629 1414 Oraculi
654 1359 749 1414 hic
778 1375 990 1414 sensus
1021 1363 1132 1415 est:
1157 1375 1473 1431 supremus
1503 1360 1767 1414 omnium
1802 1358 1978 1424 Deus,

326 1448 427 1519 qui
460 1452 517 1501 et
542 1448 708 1502 Pater
739 1448 934 1503 dictus
966 1454 1198 1508 est.non
1234 1448 1422 1504 solum
1450 1448 1655 1518 primis
1683 1452 1739 1501 et
1769 1463 1980 1502 secun-

326 1536 419 1591 dis
453 1537 681 1591 naturis
711 1537 1049 1607 nostrisque
1068 1537 1510 1605 animabus,sed
1534 1537 1708 1591 etiam
1735 1536 1981 1607 propriae

328 1641 452 1680 suae
481 1626 752 1696 potentias
778 1626 1036 1696 seipsum
1063 1628 1196 1680 fecit
1228 1625 1885 1696 incomprehensibilem
1927 1629 1984 1678 et

332 1713 887 1784 imperceptibilem.
926 1714 1191 1769 Potentia
1211 1715 1611 1769 autemPatris
1649 1718 1739 1769 est
1774 1713 1978 1768 Filius.

333 1803 502 1857 Pater
531 1803 710 1870 enim,
745 1803 960 1872 inquit,
994 1819 1057 1858 se
1080 1803 1379 1873 subripuit
1411 1804 1483 1858 ab
1539 1802 1700 1857 omni
1750 1806 1979 1857 natura.

331 1891 442 1946 Sed
501 1892 659 1945 istud
712 1892 926 1963 dogma
1010 1892 1360 1947 Christianae
1432 1894 1565 1947 ﬁdei
1655 1906 1982 1963 congruum

337 1994 455 2035 non
488 1983 613 2034 est:
643 1996 766 2049 quae
797 1980 965 2035 docet
995 1981 1053 2035 in
1076 1980 1218 2037 Filio
1250 1981 1477 2036 Patrem
1529 1985 1725 2036 exacte
1774 1996 1984 2051 reprae-

339 2073 636 2125 sentatum
692 2071 968 2141 cognosci
1028 2087 1215 2141 posse,
1278 2070 1518 2141 perinde
1569 2087 1635 2125 ac
1663 2069 1872 2125 Filium
1921 2068 1982 2123 in

340 2158 508 2212 Patre
539 2175 551 2212 :
586 2162 762 2229 atque
794 2160 938 2214 adeo
970 2159 1159 2214 Patris
1192 2161 1509 2214 terminum
1531 2175 1660 2214 esse
1686 2158 1897 2213 Filium
1929 2162 1987 2212 et

337 2246 603 2301 divinum
636 2262 963 2302 sermonem
998 2253 1219 2303 natura:
1243 2248 1399 2303 vires
1420 2252 1821 2318 superantem.

336 2344 437 2398 Eu
488 2344 839 2414 intelligz'bile
895 2345 1191 2416 quoddam,
1239 2345 1383 2417 quod
1410 2347 1613 2399 mentis
1667 2346 1801 2413 ﬂore
1846 2360 1881 2398 a
1936 2351 1986 2398 te

1311 2417 1742 2488 [percipiendum
1770 2421 1875 2472 est.

406 2512 657 2567 Cuilibet
677 2512 756 2567 rei
780 2517 973 2567 mente
992 2512 1508 2583 comprehensibili
1530 2513 1858 2583 oppositam
1883 2528 1983 2581 po-

333 2600 578 2655 tentiam
612 2602 809 2655 anima
839 2601 1038 2667 habet,
1074 2608 1137 2657 ut
1167 2602 1549 2657 sensibilibus
1598 2617 1860 2665 sensum,
1893 2615 1985 2655 co-

332 2687 678 2757 gitabilibus
711 2690 1154 2757 cogitationem,
1187 2689 1664 2759 intelligibilibus
1698 2696 1977 2745 mentem.

331 2776 485 2832 Dicit
515 2776 712 2848 itaque
742 2777 1072 2844 Chaldaeus,
1099 2778 1253 2849 quod
1286 2778 1556 2849 quamvis
1587 2779 1741 2835 Deus
1764 2779 1982 2834 intelli-

332 2864 533 2937 gibilis
560 2867 862 2933 sit,mente
883 2877 1077 2923 tamen
1094 2867 1507 2937 comprehendi
1528 2884 1642 2923 non
1668 2868 1981 2938 possit,sed

334 2953 461 3011 solo
486 2955 700 3011 mentis
732 2954 892 3011 ﬂore.
930 2956 1064 3011 Flos
1105 2963 1302 3011 autem
1336 2958 1553 3011 mentis
1574 2963 1663 3012 est
1718 2956 1982 3028 singula-

332 3042 417 3098 ris
438 3049 495 3098 et
527 3044 836 3099 individua
867 3046 1077 3099 animae
1112 3046 1390 3117 potentia.
1422 3045 1571 3112 Quia
1599 3045 1798 3119 itaque
1830 3051 1982 3104 Deus

332 3132 567 3203 proprie
588 3149 775 3188 unum
797 3138 987 3203 est,ne
1018 3134 1246 3190 coneris
1268 3150 1403 3190 eum
1437 3141 1630 3190 mente
1660 3136 1980 3206 percipere,

2015 1853 2063 1920 B

2088 592 2222 639 των,
2262 568 2499 643 μηδενὸς
2564 572 2854 644 ὑπομεῖναι
2910 567 3207 644 δυναμένου
3260 572 3359 639 τήν
3403 568 3610 625 ἐκείνου
3657 568 3749 625 δύο

2087 680 2273 732 ναμιν.
2307 664 2483 717 Τοῦτο
2542 656 2600 714 δὲ
2653 661 2716 714 τὸ
2774 657 2957 736 δόγμα
3004 659 3065 715 ἐκ
3100 659 3297 733 μέρους
3329 656 3589 729 ἀληθεύει
3624 661 3749 731 παρ’

2088 749 2333 817 maiva
2360 750 2461 825 γὰρ
2504 748 2635 813 Θεὸς
2677 749 2766 804 καὶ
2818 753 2934 827 φῶς
2994 748 3105 804 ἐστι
3154 748 3245 804 καὶ
3290 752 3397 825 πῦρ
3454 747 3750 803 καταναλί-

2089 858 2214 893 σκον
2265 836 2395 900 τοὺς
2447 838 2791 914 μοχθηρούς.
2824 837 3059 908 Ἀπειλή
3109 836 3167 892 δέ
3212 841 3347 893 Θεοῦ
3404 838 3496 891 καὶ
3554 832 3747 914 φόϐος,

2087 929 2123 997 ἡ
2158 924 2226 981 δι’
2254 927 2569 1000 οἰκονομίαν
2602 930 2716 1002 (17)
2746 926 2857 983 ἐστὶ
2899 927 3087 1003 σχέσις
3135 928 3235 998 τῆς
3281 927 3420 1002 πρὸς
3467 927 3619 999 ἡμᾶς
3654 928 3747 982 αύο

2085 1020 2183 1071 τοῦ
2215 1016 2545 1093 ἀγαθότητος
2561 1057 2575 1076 .

2085 1116 2145 1171 Ὀ
2179 1117 2361 1242 Πατήρ
2395 1114 2582 1170 ἑαυτὸν
2610 1113 2871 1189 ἥρπασεν,

2089 1185 2217 1242 Οὐδ’
2248 1187 2299 1242 ἐν
2358 1190 2392 1242 ἦ
2425 1184 2650 1242 δυνάμει
2680 1192 2838 1242 νοεοᾶ
2866 1208 2871 1240 1

2089 1185 2217 1244 Οὐδ’
2248 1183 2392 1261 ἐνέῇ
2425 1183 2662 1260 δυνάμει¹
2680 1192 2838 1260 νοερᾶ
2858 1183 3087 1248 ’κλείσας
3119 1183 3256 1240 ἴδιον
3288 1190 3419 1260 πῦρ.

2162 1358 2220 1410 '0
2284 1357 2379 1429 μὶν
2436 1360 2563 1417 νοῦς
2622 1354 2813 1429 λογίου
2869 1359 3145 1423 τοιοῦτος,
3177 1356 3251 1417 ὡς
3309 1356 3337 1410 6
3386 1353 3475 1410 ἐπὶ
3532 1357 3752 1409 πάντων

2089 1445 2243 1511 Θεὸς,
2275 1446 2333 1506 ὃς
2363 1443 2422 1500 δὲ
2452 1444 2543 1499 καὶ
2575 1445 2762 1517 Ιιατὴρ
2816 1442 3161 1517 ὠνόμασται,
3201 1442 3589 1514 ἀκατάληπτον
3642 1446 3759 1498 ἑαυ-

2087 1535 2178 1589 τὸν
2210 1540 2359 1588 ποιεῖ
2408 1534 2499 1588 καὶ
2557 1530 2955 1608 ἀπερίληπτον,
2989 1532 3053 1588 οὐ
3111 1533 3277 1606 μόνον
3330 1538 3450 1595 ταῖς
3507 1535 3755 1608 πρώταις

2090 1623 2181 1678 καὶ
2240 1620 2514 1699 δευτέραις
2571 1623 2759 1699 φύσεσι
2816 1622 2907 1677 καὶ
2963 1626 3086 1684 ταῖς
3155 1621 3451 1699 ἡμετέραις
3525 1625 3756 1697 ψυχαῖς,

2089 1707 2239 1765 ἀλλὰ
2275 1711 2365 1765 καὶ
2395 1710 2534 1781 αύτῇ
2559 1714 2627 1783 τῇ
2662 1709 2773 1782 ἰδίᾳ
2828 1708 3073 1784 δυνάμει.
3108 1710 3345 1783 Δύναμις
3393 1708 3454 1765 δὲ
3500 1715 3599 1766 τοῦ
3649 1715 3758 1765 [Ια-

2088 1798 2217 1872 τρὸς
2269 1800 2297 1854 6
2342 1800 2489 1861 Υἱός.
2522 1800 2746 1856 Ἑαυτὸν
2785 1800 2911 1875 γὰρ,
2968 1800 3155 1875 φησὶν,
3184 1798 3420 1868 ἥσπασεν
3477 1800 3505 1853 6
3562 1800 3756 1872 Ηατῆρ

2090 1886 2198 1942 ἀπὸ
2229 1888 2405 1955 πάσης
2436 1887 2669 1962 φύσεως.
2701 1887 2816 1947 Ούκ
2844 1884 2956 1943 ἔστι
2990 1885 3047 1942 δὲ
3083 1889 3145 1942 τὸ
3197 1885 3373 1964 δόγμα
3429 1885 3753 1959 όρθόδοξον.

2092 1978 2179 2029 Ἐν
2241 1979 2322 2047 τῷ
2376 1976 2485 2047 1⁸ἱῷ
2534 1976 2639 2050 γάρ
2693 1978 2822 2052 παρ’
2852 1978 2989 2048 ἡμῖν
3023 1978 3052 2031 6
3087 1977 3270 2051 Πατήρ
3299 1973 3756 2051 δεδογμάτισται,

2094 2062 2275 2139 ὥσπερ
2306 2064 2396 2119 καὶ
2437 2066 2465 2119 6
2497 2065 2620 2127 Υἱὸς
2653 2063 2706 2119 ἰν
2732 2070 2813 2137 τῷ
2843 2063 3033 2139 Ηατρί.
3065 2065 3172 2121 Καὶ
3203 2064 3330 2139 ὅρος
3377 2069 3476 2119 τοῦ
3532 2064 3755 2140 [ἰατρὸς

2094 2154 2123 2207 6
2156 2138 2278 2216 Υἱὸς
2309 2154 2400 2208 καὶ
2426 2155 2570 2217 θεῖος
2594 2151 2767 2230 λόγος
2799 2138 3099 2231 ὑπερφυής.
3238 2138 3244 2139 ⁷
3530 2138 3539 2148 ’

2272 2346 2427 2400 Ἔστι
2456 2363 2509 2397 τι
2538 2343 2735 2414 νοητὸν
2766 2342 2795 2397 ’ὀ
2822 2344 2934 2418 χρή
2968 2363 3025 2397 σε
3055 2348 3198 2398 νοεῖν
3226 2340 3354 2398 νόου
3384 2340 3554 2397 ἄνθει.

2163 2513 2227 2568 Ἡ
2284 2513 2438 2587 ψυχὴ
2490 2510 2699 2584 ἑκάστῳ
2756 2510 3037 2584 νοουμένῳ
3086 2510 3369 2586 πράγματι
3400 2509 3762 2580 κατάλληλον

2092 2596 2209 2674 ἔχει
2261 2601 2351 2656 καὶ
2408 2598 2634 2673 δύναμιν
2661 2621 2674 2635 ·
2708 2606 2826 2662 τοῖς
2861 2602 2957 2673 μὶν
2990 2599 3299 2669 αἰσθητοῖς,
3329 2597 3605 2669 αἴσθησιν,
3636 2604 3757 2660 τοῖς

2094 2687 2151 2744 δὲ
2198 2688 2532 2760 διανοητοῖς,
2565 2687 2826 2761 διάνοιαν,
2856 2694 2975 2753 τοῖς
3014 2686 3073 2743 δὲ
3117 2693 3361 2760 νοητοῖς,
3392 2692 3542 2745 νοῦν.
3575 2688 3754 2757 Φησῖν

2093 2778 2183 2834 οῦν
2235 2780 2263 2833 6
2316 2777 2612 2850 Χαλδαῖος,
2645 2779 2728 2834 δτι
2760 2778 2806 2834 εἰ
2852 2776 2940 2833 καί
2971 2777 3168 2848 νοητόν
3201 2777 3343 2833 ἐστιν
3378 2777 3407 2832 6
3436 2778 3593 2847 Θεὸς,
3628 2774 3756 2831 ἀλλ’

2093 2866 2153 2921 ού
2182 2872 2264 2939 τῷ
2292 2868 2370 2938 νῷ
2403 2868 2513 2923 ἐστι
2548 2866 2783 2937 ληπτὸν,
2815 2864 2966 2923 ἀλλὰ
3019 2872 3099 2939 τῷ
3147 2864 3291 2921 ἄνθει
3319 2870 3419 2921 τοῦ
3468 2870 3589 2922 νοῦ.
3621 2868 3752 2921 ’Λν-

2091 2957 2183 3017 θος
2241 2954 2299 3011 δὲ
2338 2960 2435 3011 τοῦ
2477 2960 2593 3027 νοῦ,
2625 2958 2659 3025 ἡ
2693 2956 2866 3011 ένιαία
2902 2962 3003 3025 τῆς
3052 2959 3238 3031 ψυχῆς
3284 2952 3538 3027 δύναμις.
3598 2954 3750 3012 Ἐπεὶ

2092 3040 2183 3097 οὖν
2216 3044 2244 3097 6
2295 3043 2423 3104 Θεὸς
2481 3042 2684 3117 κυρίως
2744 3042 2884 3097 ἐστὶν
2941 3042 3125 3116 ἓν,μή
3185 3043 3359 3119 πειρῶ
3416 3037 3750 3097 καταλαϐεῖν

2093 3130 2252 3186 αὐτὸν
2313 3128 2402 3185 διὰ
2457 3136 2554 3186 τοῦ
2605 3136 2719 3203 νοῦ,
2752 3129 2900 3186 ἀλλὰ
2948 3128 3040 3186 διὰ
3068 3138 3167 3201 τῆς
3203 3131 3411 3193 ὶνιαίας
3442 3128 3754 3203 δυνάμεως.

331 3221 435 3276 sed
459 3220 761 3276 individua
793 3223 1050 3293 potentia
1079 3240 1192 3295 qua
1218 3240 1402 3278 unum
1434 3224 1972 3295 cognoscitur.Nam

2149 3220 2172 3274 ὸ
2231 3219 2335 3295 γὰρ
2392 3221 2626 3295 πρώτως
2682 3219 2760 3288 ἓν,
2797 3220 2949 3293 μόνῳ
3003 3225 3085 3292 τῷ
3113 3222 3238 3295 παρ’
3262 3222 3401 3294 ἡμῖν
3430 3220 3506 3274 ἑνὶ
3538 3218 3756 3289 ληπτὸν

332 3309 525 3381 primo
551 3316 608 3366 et
640 3327 743 3382 per
770 3327 831 3366 se
864 3328 1047 3367 unum
1092 3313 1218 3368 solo
1259 3313 1413 3383 quod
1442 3312 1501 3366 in
1534 3314 1703 3369 nobis
1726 3320 1815 3369 est
1866 3331 1983 3369 uno

329 3399 829 3470 comprehendere
885 3400 1043 3466 licet,
1138 3418 1256 3457 non
1342 3402 1715 3475 cogitatione,
1799 3419 1987 3475 neque

332 3494 551 3543 mente.

334 3586 563 3643 Anime
593 3587 937 3657 expulsor“.
996 3586 1156 3643 illam
1204 3591 1479 3659 respiraro
1516 3592 1807 3659 facientes,
1854 3596 1985 3645 sunt

1426 3662 1627 3731 [solum
1654 3662 1874 3731 faciles.

404 3754 485 3809 Ne
517 3756 651 3824 quis
682 3755 837 3810 dicat
866 3771 1080 3827 cupere
1110 3772 1172 3812 se
1202 3757 1438 3827 quidem
1470 3759 1735 3813 animam
1769 3776 1801 3813 a
1859 3775 1985 3813 cor-

335 3860 477 3915 pore
506 3844 845 3915 dissolvere,
877 3846 977 3899 sed
1010 3860 1124 3899 non
1159 3848 1439 3916 posse,ait
1467 3846 1985 3915 oraculum,facul-

334 3938 487 3987 tates
506 3948 634 4001 qua
666 3933 922 3987 animam
948 3948 977 3986 e
1009 3949 1285 4003 corporea
1316 3940 1523 3989 natura
1545 3934 1698 3991 foras
1720 3938 1983 3991 trahunt.

335 4036 584 4091 eamque
614 4037 648 4075 a
678 4021 835 4074 vitiis
868 4031 922 4073 et
966 4024 1245 4076 aerumnis
1291 4026 1349 4077 in
1398 4040 1639 4093 corpore
1697 4028 1985 4096 perpessis

336 4108 504 4179 quasi
539 4109 835 4180 respirare
872 4112 1377 4183 laciunt,abruptu
1408 4113 1611 4169 faciles
1641 4115 1851 4182 esse,id
1874 4123 1984 4186 est,

334 4197 466 4253 illas
494 4198 656 4269 ipsas
692 4198 999 4255 facultates
1039 4198 1275 4267 liberas,
1306 4216 1411 4257 nec
1467 4202 1539 4257 ab
1599 4202 1721 4260 ulla
1777 4208 1988 4260 natura

335 4288 634 4355 coercitas,
670 4306 736 4342 ea
772 4294 1062 4359 potestate
1087 4290 1302 4360 vigere,
1340 4298 1403 4345 ut
1434 4292 1691 4347 animam
1723 4312 1753 4349 e
1780 4310 1985 4364 corpo-

334 4376 453 4433 reis
483 4378 732 4433 vinculis
761 4394 1041 4450 generose
1071 4380 1391 4435 admodum
1428 4382 1699 4453 expedire
1731 4388 1789 4438 et
1846 4383 1987 4439 libe-

335 4481 467 4520 rare
496 4465 747 4521 valeant.

337 4555 561 4614 Oportet
592 4558 642 4609 te
661 4556 926 4625 festinare
951 4556 1022 4611 ad
1052 4556 1226 4613 lucem
1245 4562 1301 4613 et
1336 4559 1410 4613 ad
1430 4561 1606 4630 patris
1634 4561 1840 4628 radios,

347 4712 497 4770 Unde
528 4716 779 4769 immissa
800 4719 905 4771 tibi
923 4722 1000 4772 est
1044 4720 1238 4773 anima
1266 4720 1512 4789 plurima
1542 4731 1718 4777 mente
1765 4727 1981 4780 vestita.

414 4805 703 4869 Quoniam
735 4806 927 4859 anima
961 4823 1075 4861 non
1108 4809 1382 4863 asemine
1413 4812 1857 4867 subsistentiam
1888 4813 1986 4867 ba-

339 4891 458 4959 het,
492 4907 597 4947 nec
629 4893 687 4947 in
720 4895 1012 4963 corporeis
1044 4900 1528 4966 temperamentis
1558 4900 1848 4972 consistit,
1881 4905 1982 4958 sed

339 4996 372 5035 e
400 4982 672 5052 supernis
702 4999 734 5037 a
764 4982 881 5038 Deo
912 5000 1081 5038 suam
1123 4988 1440 5042 essentiam
1480 4995 1650 5044 nacta
1702 4995 1811 5059 est,
1855 4992 1983 5048 ideo

338 5071 407 5125 ad
430 5070 583 5126 hunc
609 5087 889 5127 conversa
927 5074 1218 5143 respicere
1240 5085 1296 5132 et
1348 5080 1418 5131 ad
1480 5078 1740 5133 divinam
1792 5080 1981 5134 lucem

336 5160 547 5216 reverti
576 5161 767 5216 debet.
801 5161 1062 5217 Plurima
1112 5181 1367 5235 namque
1424 5174 1618 5222 mente
1658 5168 1866 5223 vestita
1924 5184 1979 5222 In

334 5247 455 5303 haec
480 5248 756 5305 inferiora
804 5250 1001 5306 venit:
1059 5251 1115 5306 id
1169 5258 1280 5319 est,
1314 5257 1573 5310 accincta
1594 5260 1650 5310 et
1699 5258 1983 5312 instructa

334 5335 447 5391 fuit
478 5354 511 5392 υ.
540 5338 708 5395 Patre
739 5344 797 5394 et
827 5343 1086 5396 creatore
1125 5343 1788 5401 commonet‘actionibus
1841 5345 1984 5400 divi-

2092 3309 2212 3371 πώς
2245 3308 2381 3378 ἐστι,
2412 3310 2499 3364 καὶ
2535 3306 2659 3364 οὕτε
2684 3306 2918 3381 διανοίᾳ,
2952 3306 3077 3364 οὔτε
3104 3314 3201 3381 νῷ.

2095 3593 2295 3664 Ψυχῆς
2328 3586 2625 3662 ἐξωστῆρες
2656 3586 2939 3654 ἀνάπνοες,
2974 3582 3193 3641 εῦλυτοί
3222 3583 3388 3642 εἰσιν.

2165 3760 2284 3814 Ἵνα
2316 3759 2391 3829 μή
2415 3778 2497 3817 τις
2523 3753 2698 3830 λέγοι,
2730 3755 2813 3810 ὅτι
2858 3752 3138 3827 Βούλομαι
3188 3754 3282 3826 μὲν
3343 3750 3627 3808 ἀπολῦσαι
3658 3754 3763 3823 τήν

2093 3847 2279 3921 ψυχὴν
2310 3850 2406 3900 τοῦ
2439 3845 2717 3918 σώματος,
2749 3843 2810 3899 οὐ
2855 3841 3086 3917 δύναμαι
3133 3840 3211 3915 δὲ,
3243 3841 3378 3920 φησί
3418 3842 3485 3897 τὸ
3536 3841 3762 3917 λόγιον,

2096 3936 2177 3990 ὅτι
2206 3935 2259 3989 αἱ
2291 3931 2585 4004 ἐξωθοῦσαι
2613 3934 2713 4001 τὴν
2747 3934 2931 4008 ψυχὴν
2968 3930 3222 4006 δυνάμεις
3273 3930 3381 3986 ἀπὸ
3413 3935 3517 3997 τῆς
3566 3953 3766 4005 σωμα-

2092 4026 2248 4092 τικῆς
2282 4021 2516 4102 φύσεως,
2546 4020 2637 4077 καὶ
2669 4023 2783 4077 οἷον
2818 4021 3068 4077 ἀναπνεῖν
3118 4021 3286 4090 αὐτὴν
3338 4024 3601 4076 ποιοῦσαι
3652 4020 3765 4076 ἀπὸ

2092 4119 2189 4170 τοῦ
2246 4114 2297 4168 ἐν
2343 4114 2558 4185 σώματι
2613 4110 2828 4186 μόχθου
2875 4110 2965 4166 καὶ
3016 4117 3115 4181 τῆς
3169 4109 3486 4177 κακώσεως,
3533 4106 3763 4164 εῦλυτοί

2097 4204 2220 4260 sior
2278 4201 2546 4270 τουτέστι,
2602 4200 2693 4256 καὶ
2754 4199 2908 4256 αὐταὶ
2968 4199 3246 4275 ἐλεύθεραι
3295 4199 3427 4254 εἰσιν
3481 4197 3539 4253 αἲ
3598 4195 3760 4254 δυνᾶο

2099 4313 2239 4365 μεις,
2304 4292 2379 4364 μὴ
2442 4290 2544 4345 ὑπό
2609 4310 2755 4352 τινος
2815 4289 3127 4364 είργὸμεναι
3186 4288 3421 4367 φύσεως,
3483 4287 3576 4341 καὶ
3630 4289 3760 4342 ἀπο-

2097 4380 2257 4437 λῦσαι
2285 4378 2374 4434 καὶ
2404 4385 2503 4448 τῆς
2530 4381 2849 4451 σωματικῆς
2878 4376 3049 4448 πέδης
3093 4378 3195 4446 τὴν
3253 4376 3438 4451 ψυχήν
3490 4376 3754 4451 γενναίως

2100 4468 2249 4543 μάλα
2279 4465 2615 4537 δεδύνηνται.

2013 4581 2060 4647 D
2095 4560 2210 4634 Χρή
2270 4578 2325 4612 σε
2384 4554 2629 4612 σπεύδειν
2690 4556 2825 4632 πρὸς
2874 4558 2936 4611 τὸ
2993 4556 3127 4633 φάος
3185 4554 3275 4611 καὶ
3341 4555 3481 4647 πρὸς

3464 4626 3681 4700 [αὐγάς.

2093 4724 2278 4784 Ἔνθεν
2312 4717 2562 4796 ἐπέμφθη
2595 4738 2679 4772 σοι
2710 4719 2863 4792 ψυχὴ
2895 4714 3069 4771 πολὺν
3102 4714 3369 4789 ἑσσαμένη
3412 4719 3568 4772 νοῦν.

2165 4805 2385 4876 Ἐπειδὴ
2421 4810 2532 4881 (18)
2563 4806 2663 4862 οὐκ
2691 4806 2796 4862 ἀπὸ
2828 4808 3151 4879 σπερμάτων
3184 4808 3219 4875 ἡ
3253 4806 3405 4880 ψυχὴ
3454 4804 3559 4873 τήν
3622 4804 3753 4859 511:6-

2093 4919 2274 4953 στασιν
2352 4892 2582 4967 ἔλαϐεν,
2644 4892 2773 4951 ούδὶ
2865 4894 2917 4949 ἓν
3004 4898 3344 4967 σωματικαῖς
3430 4894 3753 4971 ὑφειστήκει

2092 4989 2365 5063 κράσεσιν,
2415 4984 2505 5040 καὶ
2564 4984 2764 5039 ἄνωθεν
2817 4983 2926 5039 ἀπὸ
2976 4988 3110 5040 Θεοῦ
3153 4984 3253 5052 τήν
3312 4980 3541 5057 ὕπαρξιν
3600 4983 3755 5058 ἔσχε,

2092 5078 2227 5150 πρὸς
2304 5074 2506 5130 ἐκεῖνον
2579 5074 2670 5129 καὶ
2729 5071 3103 5147 ἐπεστράφθω,
3150 5072 3243 5127 καὶ
3292 5071 3428 5146 πρὸς
3485 5072 3551 5125 τὸ
3607 5077 3753 5135 θεῖον

2092 5170 2209 5240 φῶς
2240 5164 2465 5219 ποιείτω
2495 5164 2594 5232 τήν
2645 5158 2857 5217 ἄνοδον.
2895 5160 3075 5217 [Ιολῦν
3119 5162 3223 5237 γὰρ
3274 5160 3547 5232 ἑσσαμένη
3605 5164 3755 5227 νοῦν,

2092 5253 2314 5309 ἐνταῦθα
2378 5251 2615 5321 κατῆλθε
2648 5271 2659 5283 ο
2699 5252 2998 5319 τουτέστιν,
3061 5246 3346 5305 ἐνεδύσατο
3422 5249 3572 5323 παρὰ
3656 5253 3757 5304 τοῦ

2093 5348 2326 5414 ποιητοῦ
2374 5342 2462 5397 καὶ
2512 5340 2724 5415 Πατρὸς
2766 5339 3100 5415 ἀναμνήσεις
3154 5343 3261 5394 τῶν
3311 5336 3603 5414 θειοτέρων
3662 5334 3754 5392 λί-

1561 5451 1795 5507 JOANN
1808 5453 1867 5507 lS
1906 5452 2224 5509 OPSOP/EI
2264 5451 2497 5509 NOT/E.

408 5532 522 5608 (l7)
556 5537 630 5584 Δι’
663 5531 981 5608 οἰκονομίαν
1014 5543 1210 5608 posset
1238 5539 1401 5605 verti,
1437 5543 1495 5594 in
1537 5541 1731 5595 mundi
1772 5542 1973 5608 guber-

333 5605 585 5680 natione,
619 5612 684 5660 ut
709 5609 778 5660 ad
821 5605 1028 5680 Deum'
1055 5612 1360 5679 referatur,
1396 5629 1509 5668 non
1561 5613 1630 5667 ad
1682 5605 1971 5680 homines,

326 5675 497 5746 juxta
527 5683 786 5734 nostram
817 5675 1376 5751 interpretationem.

2156 5543 2267 5614 (18)
2300 5534 2543 5614 Ἐπειδή.
2578 5536 2804 5614 Retulit
2830 5536 2951 5599 haec
3003 5536 3179 5614 Pselli
3235 5535 3414 5591 verba
3460 5534 3524 5590 in
3552 5550 3745 5614 suum

2083 5606 2573 5670 commentarium
2606 5609 2972 5683 Nicephorus
3002 5609 3113 5667 sub
3144 5609 3321 5665 ﬁnem
3372 5622 3510 5680 pag.
3545 5606 3673 5662 126.
