4060 6214
287 337 445 398 1145

1147 336 1564 399 EXPOSITIO
1609 336 2153 398 ORACULORUM
2201 334 2845 398 CHALDAICORUM.

3546 338 3701 400 1146

285 470 445 541 ξεων,
478 470 567 523 ὅτε
591 470 693 538 τὴν
712 438 940 524 ενταῦθα
970 464 1247 541 ἐλάμϐανε
1276 467 1526 536 κάθοδον,
1562 468 1707 533 ἔνθεν
1738 491 1823 524 τοι
1858 469 1928 524 διε

2059 469 2241 526 nioris
2276 473 2452 527 sortis
2482 477 2657 543 atque
2688 472 3068 538 conditionis,
3103 488 3237 527 cum
3269 473 3430 529 illinc
3460 475 3574 531 huc
3596 476 3705 532 iter

279 562 392 613 τῶν
424 556 687 613 τοιούτων
718 556 1077 631 ἁναμνήσεων
1108 557 1276 612 πάλιν
1307 558 1477 613 ἐκεῖσε
1507 559 1796 615 ἐπάνεισιν.

355 736 477 792 Εἷσὶ
507 737 682 791 πάντα
707 736 822 798 ἒνὸς
852 737 1175 811 ἑκγεγαῶτα.

354 824 647 898 Ἦμᾶτερον
692 824 784 879 καὶ
843 825 1047 893 ἀληθὲς
1106 826 1167 879 τὸ
1226 821 1423 898 δόγμα.
1484 825 1665 880 Πάντα
1715 824 1818 900 γὰρ
1874 826 1941 878 τὰ

278 911 434 984 ὄντα,
484 914 550 969 τά
604 934 663 968 τε
719 915 889 984 νοητά
942 915 1028 968 καὶ
1085 913 1356 982 αἰσθητὰ,
1416 913 1520 967 ἀπὸ
1583 914 1746 987 μόνον
1805 917 1939 967 Θεοῦ

273 1004 383 1072 τὴν
464 1002 752 1058 ὑπόστασιν
809 998 1050 1071 ἔλαϐον,
1116 1009 1206 1057 xui
1258 1002 1395 1077 πρὸς
1456 1002 1618 1074 μόνον
1669 1002 1800 1057 Θεὸν
1846 1003 1939 1057 ἒπ-

275 1092 597 1168 ἑστραπταιο
651 1093 719 1147 τὰ
782 1092 875 1164 μὶν
935 1089 1085 1158 ὄντα,
1147 1091 1324 1164 μόνως
1381 1089 1701 1153 οὐσιωδῶςσ
1759 1092 1827 1146 τὰ
1885 1089 1941 1146 δὲ

274 1178 411 1236 ὄντα
452 1182 545 1236 καὶ
601 1187 775 1250 ζῶντα
822 1180 913 1235 καὶ
962 1185 1212 1248 νοοῦντα,
1245 1178 1528 1244 οὐσιωδῶς
1572 1181 1662 1235 καὶ
1698 1185 1939 1249 ζωτικῶς

274 1270 371 1325 καὶ
401 1274 622 1343 νοερῶς.
667 1271 787 1347 Ἀφ’
818 1269 932 1331 ἑνὸς
978 1270 1070 1324 οὗν
1102 1271 1275 1325 πάντα
1303 1270 1610 1346 γεγένηται,
1656 1268 1746 1322 καὶ
1802 1269 1941 1343 πρὸς

270 1354 333 1413 ’έν
365 1356 519 1422 αὖθις
547 1359 582 1427 ἠ
610 1358 819 1413 τούτων
849 1358 1128 1435 ἀναγωγή.
1150 1361 1480 1416 ’Ἄπταιστον
1510 1358 1602 1412 οὖν
1630 1358 1693 1411 τὸ
1726 1355 1941 1433 λόγιον,

270 1449 366 1502 καὶ
395 1445 609 1521 πλῆρες
639 1452 737 1502 τοῦ
767 1448 1041 1523 ἡμετέρου
1069 1446 1360 1524 δόγματος.

2052 575 2227 614 suum
2261 560 2577 628 aﬂ‘ectaret,
2609 565 2674 615 ut
2704 560 2914 616 merito
2945 560 3154 615 iisdem
3188 561 3429 617 monitis
3458 562 3704 620 incitata

2051 647 2188 703 hinc
2222 648 2361 704 illuc
2392 650 2582 704 redire
2612 651 2865 705 studeat.

2123 738 2331 792 Omnia
2360 741 2431 793 ab
2455 755 2566 792 uno
2597 741 2727 806 igne
2753 740 3021 809 producta
3046 748 3193 795 sunt.

2120 825 2344 897 Dogma
2373 844 2569 882 verum
2604 834 2693 882 est
2723 834 2780 883 et
2818 829 3086 900 religioni
3131 832 3343 884 nostra;
3387 833 3699 883 consenta-

2049 930 2247 971 neum.
2276 916 2487 971 Omnia
2512 933 2766 988 namque
2784 933 3149 988 quaecunque
3173 917 3465 986 sunt,sive
3484 921 3699 980 mente,

2050 1004 2170 1058 sive
2202 1020 2379 1059 sensu
2431 1005 2861 1078 perceptibilia,
2911 1007 3227 1062 essentiam
3278 1022 3445 1061 suam
3496 1023 3529 1060 a
3576 1006 3700 1060 solo

2050 1093 2165 1148 Deo
2197 1099 2586 1165 acceperunt:
2620 1100 2677 1150 et
2708 1096 2779 1150 ad
2805 1095 2997 1150 solum
3029 1101 3209 1151 Deum
3235 1110 3515 1151 conversa
3539 1100 3698 1149 sunt.

2050 1197 2118 1237 ea
2147 1182 2386 1253 quidem
2422 1200 2551 1254 quae
2599 1186 3011 1239 tantummodo
3060 1188 3221 1251 sunt,
3268 1183 3697 1250 essentialiter;

2052 1286 2181 1342 quae
2210 1287 2345 1327 vero
2377 1277 2517 1327 sunt
2546 1278 2602 1327 et
2633 1274 2854 1335 vivunt,
2880 1272 3269 1328 essentialiter
3299 1276 3356 1327 et
3401 1271 3697 1339 vitaliter;

2051 1364 2109 1415 et
2138 1376 2265 1431 quae
2297 1365 2438 1415 sunt
2469 1366 2527 1415 et
2556 1362 2758 1417 vivunt
2783 1364 2856 1433 (a)
2890 1367 2946 1417 et
2975 1360 3334 1433 intelligunt,
3376 1360 3701 1417 essentiali-

2052 1452 2158 1517 ter,
2192 1448 2449 1503 vitaliter
2478 1453 2534 1505 et
2566 1449 3054 1506 intellectualiter.
3089 1451 3177 1503 Ab
3220 1466 3337 1505 uno
3385 1448 3564 1519 igitur
3610 1452 3701 1503 est

272 1538 543 1595 omnium
592 1555 789 1596 rerum
852 1540 1178 1611 productio,
1230 1545 1287 1595 et
1342 1540 1414 1595 ad
1468 1554 1655 1594 unum
1713 1537 1930 1593 iterum
1993 1537 2226 1593 illarum
2294 1540 2578 1596 reductio.
2614 1545 2803 1612 Atque
2836 1541 2939 1595 hoc
2972 1540 3275 1596 oraculum
3332 1538 3493 1594 omni
3543 1540 3700 1593 caret

276 1628 756 1701 reprehensione,
791 1633 845 1684 et
879 1634 1078 1684 nostra
1100 1629 1365 1685 doctrina
1398 1629 1671 1683 refertum
1702 1630 1812 1683 est.

524 1717 597 1771 ’Ἃ
628 1719 757 1777 νοῦς
800 1713 966 1790 λέγει,
1016 1720 1096 1787 τῷ
1131 1722 1273 1770 νοεῖν
1304 1713 1483 1785 δήπου
1515 1713 1685 1789 λέγει.

344 1804 536 1875 ⁸Οταν,
590 1805 772 1882 φησὶν,
830 1804 1063 1878 ἀκούσῃς
1098 1802 1518 1881 διηρθρωμένης
1549 1809 1733 1881 φωνῆς
1794 1800 1935 1857 ἅνωο

276 1893 363 1947 θεν
410 1893 725 1967 βροντώσης
773 1892 831 1947 ἐκ
881 1892 1133 1969 οὐρανοῦ,
1191 1894 1265 1966 μὴ
1318 1888 1601 1966 ὑπολάϐῃς
1647 1892 1722 1952 ὡς
1756 1892 1783 1945 ὁ
1837 1892 1935 1960 τὴν

275 1982 466 2058 φωνὴν
524 1981 725 2053 ταύτην
785 1982 936 2061 ἀφεῖς
992 1981 1227 2058 ἄγγελος
1291 1984 1325 2052 ἢ
1382 1982 1544 2053 Θεὸς,
1616 1984 1939 2057 προφορικῷ

276 2069 432 2146 λόγῳ
464 2072 874 2145 συνήρθμωσεν.
923 2068 1051 2126 ἀλλ’
1095 2072 1297 2133 ἐκεῖνος
1330 2072 1426 2143 μὲν
1454 2070 1589 2125 κατᾶ
1615 2076 1713 2139 τῆν
1748 2070 1937 2124 ἑαυτοῦ

273 2158 437 2236 φύσιν
498 2158 808 2235 άμερίστως
863 2158 1026 2232 μόνον
1076 2158 1283 2230 ἐνόησε,
1344 2158 1407 2213 σὺ
1460 2156 1538 2224 δὲ,
1598 2159 1672 2219 ὡς
1729 2154 1934 2229 ἠδύνω,

271 2246 513 2317 ἤκουσας
571 2252 668 2302 τοῦ
739 2250 1017 2322 νοήματος
1099 2243 1451 2309 συλλαϐικῶς
1522 2245 1610 2302 xui
1663 2266 1935 2324 προφορι-

276 2356 414 2398 κως.
476 2344 657 2413 Ωσπερ
698 2337 801 2413 γὰρ
865 2338 893 2392 ὁ
942 2338 1071 2399 Θεὸς
1114 2336 1221 2391 τῶν
1251 2336 1535 2412 ἡμετέρων
1570 2340 1761 2411 φωνῶν
1794 2335 1937 2413 ἀφώ-

268 2445 382 2488 νως
437 2423 647 2493 ἀκούει,
706 2425 849 2480 οὕτω
906 2424 994 2481 xui
1066 2427 1094 2481 ὁ
1149 2423 1435 2501 ἄνθρωπος
1488 2426 1582 2487 τὰς
1638 2428 1733 2478 τοῦ
1790 2421 1925 2479 Θεοῦ

266 2512 479 2576 ἑννοίας
512 2520 840 2593 φωνητικῶς
869 2513 1108 2591 δάχεται,
1126 2512 1350 2577 ἕκαστος
1378 2515 1556 2578 καθὼς
1578 2510 1693 2589 ἔχει
1726 2513 1933 2589 φύσεως

274 2601 541 2677 ὶνεθγῶν.

2049 1716 2184 1783 Quae
2220 1733 2372 1772 mens
2404 1718 2670 1789 loquitur,
2703 1734 2769 1773 ea
2800 1720 2990 1790 utique
3032 1717 3389 1787 intelligendo
3430 1718 3694 1788 loquitur-

2118 1807 2383 1871 Quando,
2419 1806 2521 1874 ait,
2553 1823 2755 1862 vocem
2791 1807 3161 1862 articulatam
3198 1821 3451 1877 superne
3482 1822 3512 1861 e
3554 1804 3696 1860 coelo

2048 1892 2425 1950 detonantem
2468 1896 2782 1963 audiveris,
2832 1912 2903 1951 ne
2942 1895 3240 1951 existimes
3292 1894 3445 1965 quod
3495 1909 3693 1949 vocem

2048 1982 2210 2037 illam
2253 1986 2429 2041 edens
2473 1985 2593 2040 sive
2628 1984 2873 2057 angelus
2916 1985 3039 2039 sive
3080 1985 3234 2039 Deus
3278 1983 3381 2038 tali
3425 1999 3697 2038 sermone

2048 2071 2378 2143 protulerit,
2440 2073 2669 2143 qualem
2705 2090 2802 2129 ore
2860 2074 3184 2146 exprimere
3242 2072 3539 2129 solemus:
3593 2072 3694 2126 sed

2047 2161 2199 2230 quod
2235 2161 2286 2216 is
2318 2161 2548 2231 quidem
2598 2163 2925 2218 secundum
2977 2179 3144 2217 suam
3192 2162 3382 2233 ipsius
3422 2165 3691 2215 naturam

2045 2249 2268 2319 absque
2298 2249 2417 2305 ulla
2450 2250 2735 2307 divisione
2767 2258 2961 2307 mente
2991 2256 3222 2307 tantum
3255 2267 3322 2307 ea
3352 2267 3477 2321 quae
3525 2249 3693 2304 audi—

2044 2336 2175 2392 visti
2209 2339 2536 2410 agitaverit,
2571 2345 2632 2395 tu
2666 2357 2798 2396 vero
2830 2358 2932 2413 pro
2955 2357 3024 2405 ea
3045 2358 3161 2412 qua
3185 2340 3367 2412 polles
3392 2337 3688 2407 facultate,

2043 2428 2256 2482 mentis
2287 2429 2564 2500 cogitata,
2592 2446 2705 2484 non
2746 2446 2917 2485 secus
2970 2446 3035 2485 ac
3093 2428 3348 2501 syllabas
3403 2433 3460 2483 et
3512 2427 3689 2483 verba

2041 2531 2136 2569 ore
2152 2516 2396 2587 prolata,
2414 2519 2616 2573 auditu
2638 2519 2987 2591 perceperis.
3006 2518 3510 2582 Quemadmodum
3530 2516 3684 2571 enim

2040 2603 2195 2659 Deus
2223 2622 2388 2661 voces
2414 2611 2648 2663 nostras
2678 2607 2913 2663 exaudit
2944 2608 3165 2678 absque
3220 2623 3424 2663 vocum
3475 2604 3689 2661 articu-

268 2692 518 2765 latione,
551 2694 634 2751 ita
663 2694 834 2750 etiam
872 2694 1046 2751 homo
1077 2696 1286 2751 divinae
1318 2695 1532 2751 mentis
1561 2692 1971 2763 conceptiones
2009 2695 2291 2765 tanquam
2324 2696 2567 2753 vocibus
2599 2713 2904 2769 expressas
2952 2696 3194 2770 excipit,
3220 2695 3486 2768 quolibet
3524 2693 3682 2750 scili-

271 2788 367 2838 cet
397 2800 503 2855 pro
537 2801 657 2839 sua;
689 2789 912 2839 natura:
945 2786 1168 2841 ratione
1194 2789 1251 2840 et
1280 2786 1601 2857 capacitate
1623 2785 1919 2855 operante.

390 2870 501 2927 Ἀεὶ
556 2870 749 2927 τούσδε
788 2872 940 2947 χθὼν
970 2872 1301 2947 κατωρύεται
1335 2871 1386 2933 ἐς
1414 2874 1572 2925 τέκνα
1606 2872 1823 2944 μέχρις.

352 2959 485 3035 Περὶ
541 2964 650 3016 τῶν
708 2960 879 3025 ἀθέων
941 2962 969 3016 ὁ
1026 2960 1189 3035 λόγος
1239 2960 1425 3038 φησὶν,
1485 2958 1567 3013 ὅτι
1629 2958 1795 3032 μέχρι
1823 2960 1931 3011 τῶν

280 3048 575 3125 ἀπογόνων
630 3047 883 3105 διατοίνει
931 3050 1034 3119 τὴν
1065 3046 1289 3105 κόλασιν
1339 3048 1524 3109 αὐτοῖς
1558 3050 1584 3101 ὁ
1632 3046 1779 3109 Θεός.
1829 3046 1932 3107 Τὰς

270 3138 380 3214 γὰρ
427 3138 792 3214 ὑποχθονίους
818 3137 1071 3201 κολάσεις
1117 3136 1575 3210 ὑποδεικνύμενον
1622 3137 1683 3189 τὸ
1717 3134 1931 3208 λόγιον,

2119 2873 2387 2944 Perpetuo
2408 2877 2465 2931 in
2488 2875 2583 2931 hos
2602 2879 2754 2932 terra
2772 2878 2963 2932 subtus
2984 2877 3162 2932 ululat
3184 2891 3353 2947 usque
3370 2874 3443 2931 ad
3468 2873 3685 2930 liberos-

2116 2960 2195 3016 De
2227 2962 2424 3033 impiis
2456 2981 2650 3020 sermo
2682 2969 2790 3033 est,
2826 2965 2979 3036 quod
3002 2981 3205 3020 eorum
3224 2962 3514 3036 supplicia
3535 2962 3689 3018 Deus

2043 3049 2220 3105 etiam
2271 3069 2455 3123 usque
2488 3054 2545 3108 in
2605 3058 2870 3125 posteros
2926 3055 3217 3109 extendat.
3278 3053 3425 3108 Nam
3486 3067 3689 3124 poenas

2043 3154 2192 3210 quas
2224 3141 2335 3194 sub
2366 3145 2521 3197 terra
2547 3142 2797 3196 subituri
2832 3146 2991 3205 sunt,
3038 3142 3309 3198 indicans
3358 3140 3685 3210 oraculum,

272 3226 517 3296 αὐτοὺς,
570 3228 735 3305 φησὶ,
795 3227 1170 3303 κατωρύεται,
1229 3227 1546 3295 τουτᾶστιν,
1606 3225 1928 3297 ἐπιμυκᾶται

2052 3230 2101 3282 in
2133 3244 2241 3299 eos,
2274 3230 2487 3300 inquit,
2516 3232 2706 3301 subtus
2736 3232 2935 3299 ululat,
2969 3231 3027 3286 id
3089 3237 3178 3287 est
3225 3232 3505 3287 adversus
3555 3228 3687 3284 illos

274 3314 462 3379 οὐτοῖς
493 3318 521 3371 ὁ
574 3318 677 3372 ὑπὸ
705 3324 806 3392 γῆν
836 3317 1025 3385 τόπος,
1075 3318 1164 3371 xui
1224 3317 1337 3371 οἷον
1398 3312 1696 3376 λεοντῶδες
1731 3312 1931 3388 ἔπηχεῖ

272 3401 526 3482 ὅρογγα.
586 3407 679 3461 Διὸ
739 3406 827 3462 xui
882 3405 1131 3481 Πρόκλος
1194 3405 1366 3483 φησὶ.
1431 3410 1546 3460 Τῶν
1605 3406 1932 3480 συγγενικῶν

271 3499 471 3571 ψυχῶν
531 3497 786 3574 ὁμοφυής
841 3495 982 3550 ἔστὶν
1040 3498 1074 3565 ἡ
1147 3495 1394 3565 σύνταξις
1426 3515 1440 3529 ο
1494 3493 1583 3551 καὶ
1642 3495 1696 3549 ui
1760 3494 1929 3566 μήπω

270 3582 633 3639 ἀπολυθεῖσαι
694 3588 805 3639 τῶν
857 3591 959 3654 τῆς
1017 3584 1233 3661 φύσεως
1287 3580 1500 3657 δεσμῶν
1550 3583 1602 3638 ἐν
1650 3586 1770 3644 τοῖς
1820 3584 1929 3635 τῶν

272 3673 557 3748 ὁμογενῶν
607 3674 931 3748 κατέχονται
989 3674 1219 3737 πάθεσι.
1291 3679 1381 3729 Δεῖ
1439 3674 1531 3727 οῦν
1588 3671 1676 3726 καὶ
1732 3669 1928 3732 ταύτας

272 3768 464 3837 τυχεῖν
518 3769 617 3831 τῆς
675 3762 812 3833 ὅλης
847 3760 1027 3833 δίκης,
1075 3763 1165 3816 καὶ
1215 3761 1651 3831 ἀναπλησθείσας
1694 3758 1782 3815 διὰ
1828 3762 1925 3830 τὴν

272 3852 504 3931 φυςικὴν
539 3852 850 3927 σὐγγὲνειαν
883 3856 989 3906 τῶν
1028 3850 1347 3925 μιασμάτων
1380 3853 1713 3925 καθαρθῆναι
1761 3847 1928 3903 πάλιν

272 3940 325 4012 ἒξ
358 3941 564 3996 αὐτῶν.

420 4120 512 4188 Μὴ
546 4120 877 4192 συναυξήσῃς
906 4120 1003 4187 τὴν
1039 4118 1393 4194 εἷμαρμὲνην.

341 4205 700 4281 Βῗμαρμὲνην
752 4210 863 4281 (19)
920 4209 970 4263 οἱ
1003 4210 1307 4285 σοφώτεροι
1352 4212 1461 4263 τῶν
1511 4204 1797 4277 Ἐλλήνων
1831 4207 1929 4275 τὴν

264 4297 428 4371 φῦσιν
482 4299 913 4369 κατονομάζουσι
943 4316 955 4329 ·
1015 4296 1229 4369 μᾶλλον
1278 4295 1334 4351 δὲ
1382 4298 1445 4351 τὸ
1491 4295 1773 4367 πλήρωμα
1818 4300 1924 4350 τῶν

264 4384 628 4459 ἐλλάμψεων,
678 4386 751 4439 ὧν
802 4388 836 4455 ἠ
885 4390 990 4441 τῶν
1024 4382 1193 4441 ὄντων
1228 4385 1381 4463 φύσις
1420 4382 1740 4460 εἰσδέχεται.
1776 4386 1926 4439 Ἔστι

263 4472 330 4529 δὲ
379 4474 610 4549 πρόνοια
664 4475 756 4545 μὲν
804 4477 838 4544 ἡ
899 4473 1098 4547 ἄμεσος
1144 4475 1250 4529 ἀπὸ
1298 4479 1393 4529 τοῦ
1456 4478 1587 4528 Θεοῦ
1637 4474 1925 4547 εὐεργεσία.

263 4563 579 4638 εἱμαρμένη
630 4561 709 4631 δὲ,
759 4566 791 4631 ἡ
847 4561 933 4617 διὰ
961 4572 1059 4632 τῆς
1092 4568 1187 4617 τοῦ
1221 4564 1411 4637 εἷρμοῦ
1442 4568 1547 4616 τῶν
1591 4558 1756 4615 ὄντων
1792 4585 1925 4635 συμ-

262 4652 485 4721 πλοκῆς
532 4652 860 4725 τὰὴμὲτερα
888 4648 1225 4727 κυϐερνῶσα.
1264 4654 1365 4709 Καὶ
1403 4653 1505 4707 ὑπὸ
1538 4652 1797 4727 πρόνοιαν
1835 4652 1926 4724 μὶν

261 4740 516 4814 κείμεθα,
551 4739 677 4794 ὅταν
710 4745 913 4815 νοερῶς
948 4740 1269 4815 ἐνεργῶμεν·
1319 4741 1419 4795 ὑπὸ
1470 4742 1823 4815 εἱμαρμένην,
1872 4737 1928 4793 δὲ

262 4831 395 4885 ὅταν
424 4830 510 4883 xui
544 4835 898 4900 σωματικῶς.
936 4831 1021 4897 Μή
1050 4828 1143 4883 οὖν
1185 4830 1452 4903 αὐξήσῃς,
1502 4829 1655 4907 φησὶ,
1704 4831 1801 4897 τὴν
1852 4830 1925 4883 εἰ-

264 4920 557 4992 μαρμένην
590 4923 790 4989 σαυτῷ,
821 4918 912 4972 xui
946 4918 1079 4994 ὑπὲρ
1114 4919 1311 4988 ταύτην
1345 4923 1525 4993 γενοῦ,
1557 4918 1647 4972 καὶ
1683 4918 1785 4973 ὔπὸ
1831 4918 1926 4989 μό-

256 5029 344 5081 νῳ
365 5012 482 5080 Θεῷ
511 5002 902 5082 κυϐερνήθητι.

334 5197 409 5252 Οὐ
441 5196 543 5271 γὰρ
576 5196 682 5250 ἀπὸ
728 5200 1004 5272 Πατρικῆς
1038 5196 1217 5272 ἀρχῆς
1258 5195 1444 5257 ἀτελές
1481 5217 1533 5250 τι
1566 5195 1848 5271 τροχάζςι.

339 5364 539 5438 Πάντα,
600 5367 789 5440 φησὶν,
853 5364 879 5420 ὁ
936 5367 1122 5440 Πατὴρ
1179 5365 1407 5440 προάγει
1466 5362 1649 5420 τᾶλεια
1705 5366 1795 5419 xui
1826 5366 1922 5420 αῦ-

2045 3318 2237 3389 mugit
2265 3324 2323 3375 et
2351 3320 2610 3375 infremit
2640 3320 2802 3375 locus
2836 3322 3275 3386 subterraneus,
3307 3324 3365 3374 et
3405 3324 3685 3387 tanquam

2039 3405 2273 3463 leonino
2307 3410 2505 3480 rugitu
2538 3410 2843 3481 obstrepit.
2878 3408 3429 3481 QuaprOpteretiam
3452 3406 3686 3463 Proclus

2040 3494 2142 3564 ait,
2190 3484 2572 3567 cognatarum
2632 3498 2964 3554 animarum
3012 3511 3397 3569 congenerem
3452 3511 3688 3568 quoque

2041 3585 2161 3639 sive
2231 3586 2600 3642 consimilem
2653 3604 2782 3644 esse
2868 3587 3393 3660 compositionem;
3470 3599 3686 3654 easque

2040 3690 2165 3745 quae
2199 3676 2460 3730 nondum
2495 3681 2719 3732 natura:
2752 3676 3001 3733 vinculis
3033 3675 3311 3731 exsoluta:
3350 3678 3509 3740 sunt,
3544 3690 3684 3727 con-

2038 3763 2337 3820 similibus
2360 3781 2594 3837 quoque
2625 3767 2932 3823 affectibus
3001 3765 3332 3838 implicatas
3391 3762 3683 3818 distineri.

2039 3853 2317 3925 Oportere
2346 3854 2543 3926 itaque
2569 3860 2624 3910 et
2655 3856 2760 3912 bas
2783 3872 2957 3911 omne
2976 3855 3333 3927 supplicium
3356 3852 3606 3925 explere,
3629 3854 3686 3907 et

2038 3958 2172 3997 cum
2194 3942 2268 3997 ob
2291 3943 2616 3999 naturalem
2635 3941 3517 4016 cognationeminquinamentis
3539 3940 3685 3997 infe-

2038 4042 2141 4087 ctae
2175 4036 2351 4101 atque
2384 4033 2603 4089 referta:
2636 4034 3071 4099 fuerint,denuo
3097 4034 3166 4087 ab
3188 4032 3306 4089 illis
3356 4030 3680 4102 repurgari.

2107 4122 2185 4176 Ne
2212 4122 2517 4176 adauxeris
2543 4127 2740 4190 fatum.

2107 4215 2309 4266 Fatum
2343 4210 2713 4282 appellarunt
2746 4210 3129 4281 sapientiores
3160 4209 3314 4263 inter
3336 4211 3567 4263 Grmcos
3592 4207 3682 4278 ip-

2038 4316 2165 4355 sam
2244 4308 2535 4367 naturam,
2585 4298 2669 4353 vel
2722 4298 2917 4369 potius
2987 4296 3483 4368 complementum
3541 4295 3682 4350 illu-

2039 4389 2425 4443 miuntionum
2462 4403 2611 4458 quas
2643 4386 2865 4441 entium
2900 4391 3110 4441 natura
3158 4384 3383 4456 recipit.
3436 4383 3505 4439 Et
3549 4400 3681 4454 pro-

2036 4478 2293 4531 videntia
2323 4477 2561 4547 quidem
2601 4478 2690 4531 est
2736 4474 3075 4530 immediate
3104 4474 3207 4529 Dei
3256 4473 3678 4528 beneﬁcentia:

2041 4568 2217 4621 fatum
2255 4582 2407 4633 vero,
2442 4566 2594 4637 quod
2628 4564 2984 4618 connexione
3018 4568 3069 4616 et
3110 4562 3259 4617 serie
3307 4578 3505 4617 rerum
3555 4577 3680 4617 om-

2040 4654 2203 4710 nium
2235 4658 2473 4716 terrena.
2494 4653 2797 4723 gubernat.
2848 4652 3206 4723 Subjicimur
3254 4656 3449 4708 autem
3498 4650 3686 4721 provi-

2038 4744 2270 4810 (lentia,
2293 4760 2428 4798 cum
2485 4740 2962 4797 intellectualiter
2984 4758 3327 4813 operemur;
3390 4743 3505 4797 fato
3546 4756 3681 4795 vero

2038 4850 2169 4889 cum
2248 4833 2425 4887 etiam
2484 4830 2884 4903 corporaliter.
2946 4831 3027 4885 Ne
3082 4830 3261 4903 igitur
3307 4832 3432 4903 (ait)
3511 4835 3680 4884 tuum

2038 4924 2227 4993 ipsius
2311 4924 2496 4977 fatum
2574 4921 2864 4992 adaugere
2922 4920 3083 4987 velis,
3141 4922 3319 4991 idque
3378 4936 3680 4991 superare,

2037 5014 2135 5067 sed
2173 5011 2469 5066 committe
2491 5014 2548 5066 te
2578 5010 2765 5066 solius
2795 5010 2895 5066 Dei
2931 5009 3215 5065 voluntati
3263 5014 3435 5080 atque
3480 5009 3681 5063 mode-

2036 5100 2269 5156 rationi.

2034 5201 2151 5255 Non
2183 5199 2330 5253 enim
2363 5214 2397 5252 α
2425 5205 2652 5269 paterno
2678 5199 2965 5269 principio
2987 5196 3361 5267 imperfectum
3393 5193 3679 5335 (16ιίιέῙῖνο-

3442 5280 3498 5319 ce
3542 5282 3557 5319 ι
3592 5306 3604 5320 .

3442 5280 3604 5320 οεαιῑ.

2105 5366 2315 5424 Omnia
2365 5366 2493 5437 (ait)
2549 5368 2807 5439 perfecta
2850 5370 2907 5421 et
2954 5362 3216 5420 numeris
3244 5362 3521 5419 omnibus
3579 5380 3680 5436 pro

1541 5482 1843 5540 JOANNIS
1868 5484 2185 5542 OPSOPZEI
2214 5482 2439 5539 NOT/E.

343 5582 870 5659 (19)“Eipuppév'qv.
902 5588 1099 5659 Istam
1117 5599 1352 5656 quoque
1376 5583 1481 5659 fati
1511 5582 1928 5659 descriptione!

2052 5586 2137 5659 inc
2170 5582 2639 5656 decerpsitidem
2664 5579 2905 5653 Nicepb.
2942 5593 3074 5652 pag.
3109 5577 3233 5636 HO.

348 5653 425 5726 (a)
456 5653 586 5710 Haec
616 5653 907 5713 ἧσαι-θεοο
939 5653 1370 5727 desiderantur,
1404 5656 1651 5713 fortasse
1679 5653 1748 5713 ei
1774 5655 2248 5715 homoioteleuto.
