4060 6214
346 275 499 335 1147

1669 267 2094 328 ΜῘΟΗΑΕῌΞ
2140 268 2411 329 PSELLI

3596 269 3751 328 1148

341 408 627 478 cujusque
659 403 861 459 ordine
893 406 951 458 et
980 402 1263 469 dignitate
1291 401 1559 457 absoluta
1590 400 1859 471 producit
1883 400 1984 454 Pa-

2113 398 2270 474 τάρκη
2327 402 2463 456 κατά
2516 401 2616 471 τήν
2675 401 2877 456 ἑαυτῶν
2935 398 3103 470 τάξιν.
3162 400 3226 457 Ἡ
3281 395 3339 454 δὶ
3361 402 3474 454 τῶο
3519 398 3751 473 γενυμί-

340 502 467 553 ter:
493 494 589 550 sed
626 492 959 565 genitorum
992 491 1369 547 imbecillitas
1407 496 1465 545 et
1496 489 1768 545 remissio
1815 490 1993 544 rebus

341 585 640 642 interdum
691 582 958 654 suggerit
1015 581 1303 636 defectum
1354 584 1412 635 et
1467 579 1991 646 imperfectionem.

342 677 553 733 Verum
589 676 757 729 Pater
801 673 995 727 denuo
1053 674 1286 726 revocat
1344 669 1634 724 defectum
1680 669 1753 724 ad
1806 668 1992 740 perfe-

343 766 617 832 ctionem,
642 768 696 818 et
719 763 789 816 ad
816 760 904 815 sui
931 776 996 814 su
1009 759 1346 814 fﬁcientiam
1371 760 1673 813 convertit.
1690 756 1993 828 Ejusmodi

343 859 435 910 est
491 852 646 924 quod
723 850 1023 921 apostolus
1070 849 1325 904 Jacobus
1386 848 1615 903 Domini
1703 848 1880 903 frater
1933 848 1991 901 in

344 940 616 1014 Epistolas
651 956 768 995 suae
809 938 973 992 initio
1007 937 1126 992 alta
1157 954 1291 992 voce
1323 937 1763 1008 pronuntiavit:
1809 936 1993 991 Omne

346 1033 565 1087 donum
598 1029 918 1099 perfectum
942 1043 1196 1098 superne
1226 1026 1532 1082 descendit
1564 1043 1597 1081 a
1629 1026 1793 1081 Patre
1816 1024 1990 1079 lumi-

348 1136 511 1175 num.
545 1116 698 1173 Nihil
730 1117 885 1172 enim
939 1117 1347 1187 imperfectum
1380 1133 1413 1171 a
1470 1116 1720 1185 perfecto
1780 1114 1992 1185 prodit,

345 1208 666 1281 praesertim
686 1223 821 1261 cum
850 1206 922 1259 ad
956 1206 1011 1259 id
1039 1206 1195 1276 quod
1222 1206 1293 1259 ab
1315 1205 1442 1276 ipso
1463 1206 1649 1276 primo
1666 1203 1993 1259 effunditur

344 1296 652 1354 confestim
672 1295 1077 1363 recipiendum
1102 1294 1386 1349 fuerimus
1410 1293 1667 1365 prompti
1692 1297 1866 1364 atque
1890 1307 1993 1363 pa-

344 1386 481 1442 rati.

344 1485 444 1542 Sed
474 1500 586 1541 non
616 1483 862 1539 admittit
884 1482 1043 1538 illam
1065 1486 1303 1554 paterna
1332 1498 1505 1552 mens,
1539 1495 1817 1622 quou:q[uc
1872 1481 1994 1606 5:131.-

1768 1567 1875 1605 l'L’I'l
1910 1592 1921 1603 .

1768 1567 1921 1605 l'L’I'll.

417 1660 576 1711 Mens
607 1658 852 1727 paterna
880 1670 998 1709 non
1022 1651 1284 1708 admittit
1324 1652 1576 1723 impetus
1624 1649 1995 1705 voluntatum

348 1745 577 1813 animae,
622 1743 969 1815 priusquam
1020 1741 1331 1797 excluserit
1368 1740 1721 1795 oblivionem
1771 1738 1998 1794 divitia-
2030 1776 2077 1841 B

347 1849 479 1890 rum
511 1851 543 1888 a
576 1834 743 1888 Patre
777 1830 1336 1887 munificentissimo
1385 1834 1784 1901 acceptarum,
1834 1832 1892 1884 et
1936 1827 1997 1881 in

349 1923 698 1979 memoriam
728 1921 1011 1977 revocarit
1041 1937 1237 1976 sacras
1268 1936 1417 1991 quas
1478 1920 1549 1975 ab
1608 1919 1736 1991 ipso
1795 1916 2002 1973 habuit

349 2017 630 2077 tesseras,
665 2026 981 2081 vocemque
1007 2008 1279 2065 candoris
1330 2008 1585 2064 indicem
1645 2024 1773 2062 cum
1833 2008 2003 2062 firma

350 2101 752 2174 symbolarum
787 2100 969 2172 patris
1000 2099 1283 2172 genitoris
1302 2099 1393 2153 sui
1421 2099 1707 2153 memoria
1757 2098 2000 2167 conjun-

351 2195 507 2247 ctam
539 2188 821 2246 emiserit.
856 2190 956 2244 Est
986 2190 1140 2245 enim
1197 2188 1394 2243 anima
1450 2203 1518 2242 ex
1570 2186 1753 2242 sacris
1807 2185 2000 2240 verbis

348 2284 407 2335 et
436 2279 649 2335 divinis
681 2278 965 2346 symbolis
984 2278 1308 2349 composita
1332 2293 1344 2331 :
1366 2292 1615 2347 quorum
1639 2274 1738 2331 illa
1761 2274 1998 2346 quidem

350 2369 757 2442 profluxerunt
788 2385 820 2422 a
844 2368 1028 2423 sacris
1058 2367 1276 2432 formis,
1308 2367 1430 2421 haec
1464 2372 1657 2421 autem
1707 2382 1740 2419 a
1788 2362 1999 2418 divinis

351 2459 699 2513 unitatibus.
734 2461 799 2511 Et
830 2473 1037 2511 sumus
1070 2473 1209 2511 sane
1247 2456 1535 2524 imagines
1566 2470 1865 2509 sacrarum
1914 2468 2000 2508 es-

352 2548 700 2613 sentiarum,
737 2546 1055 2600 simulacra
1083 2561 1217 2599 vero
1251 2544 1684 2616 incognitorum
1708 2542 1997 2615 symbolo-

351 2652 507 2692 rum.
568 2637 664 2690 Est
723 2639 918 2689 autem
996 2637 1052 2688 et
1108 2633 1215 2688 hoc
1261 2636 1411 2688 scitu
1463 2633 1730 2703 dignum,
1790 2646 1998 2702 quam-

352 2725 493 2779 libet
527 2724 787 2779 animam
822 2740 855 2778 a
908 2722 1167 2793 qualibet
1222 2722 1421 2777 anima
1479 2722 1673 2793 specie
1734 2720 1995 2776 differre:

356 2816 560 2885 totque
591 2827 718 2867 esse
751 2810 1083 2867 animarum
1113 2811 1359 2882 species,
1391 2815 1535 2881 quot
1562 2812 1702 2865 sunt
1732 2810 1962 2865 animis.

425 2919 647 2987 Quando
673 2919 1018 2991 conspexeris
1047 2919 1270 2990 genium
1300 2920 1621 2974 terrestrem
1643 2916 1911 2986 accedere,

416 3063 685 3131 Sacriﬁco
715 3062 959 3133 lapidem
983 3063 1293 3117 muizurim
1325 3060 1694 3117 inclamando.

2102 511 2204 543 νων
2256 488 2528 552 πολλάκις
2576 490 2818 555 ἀσθένεια
2866 490 2952 545 καὶ
3004 490 3186 567 ὕφεσις
3231 489 3597 565 παρυφίστησι
3653 490 3754 556 τὴν

2102 574 2301 634 ἔνδειαν
2347 580 2530 643 αὐτοῖς
2574 580 2665 634 καὶ
2712 581 2775 633 τὸ
2821 578 3031 642 ἀτελές.
3086 577 3244 634 Ἀλλ’
3289 579 3317 632 ὁ
3368 578 3555 651 Πατήρ
3589 575 3754 633 πάλιν

2103 668 2448 725 ἀνακαλεῖται
2506 670 2604 737 τὴν
2663 665 2868 724 ἔνδειαν
2924 670 3061 745 πρὸς
3114 669 3208 723 τὸν
3256 665 3491 738 τέλειον,
3518 668 3610 721 καὶ
3641 667 3754 721 ἐπι-

2104 758 2319 834 στρέφει
2350 760 2485 833 πρὸς
2526 756 2625 828 τῆν
2677 758 3020 833 αὐτάρκειαν.
3072 756 3326 812 Τοιοῦτόν
3381 756 3493 811 ἐστὶ
3518 757 3582 811 τὸ
3612 756 3756 831 παρά

2103 853 2198 903 τοῦ
2254 846 2564 904 ἀποστόλου
2631 844 2893 904 Ἰακώϐου
2949 852 3047 903 τοῦ
3104 844 3344 923 ἀδελφοῦ
3399 850 3497 901 τοῦ
3554 845 3755 918 Κυρίου

2105 939 2558 1015 ὶκπεφωνημένον
2604 937 2655 992 ἐν
2704 937 3022 1013 προοιμίοις
3076 944 3174 1006 τῆς
3223 933 3521 1004 ἐπιπολῆς
3564 936 3755 989 αὐτοῦ’

2106 1033 2213 1083 Πᾶν
2248 1026 2483 1103 δώρημα
2524 1025 2731 1082 τέλειον
2783 1025 2979 1090 ἄνωθεν
3032 1029 3141 1081 ἐστι
3192 1019 3518 1079 καταϐαῖνον
3553 1023 3615 1079 ἐκ
3656 1028 3755 1080 τοῦ

2106 1118 2313 1191 Πατρὸς
2368 1122 2475 1171 τῶν
2538 1117 2773 1193 φώτων.
2830 1112 2997 1172 Ούδὶν
3058 1116 3161 1190 γὰρ
3217 1112 3404 1175 ἀτελὶς
3458 1113 3607 1187 παρὰ
3660 1116 3759 1168 τοῦ

2102 1205 2313 1261 τελείου
2369 1205 2604 1279 πρόεισι,
2652 1205 2743 1259 καὶ
2808 1202 3044 1277 μάλιστα
3073 1203 3197 1259 ὅταν
3248 1202 3507 1277 τύχωμεν
3537 1204 3602 1257 τὸ
3632 1203 3765 1277 παρ’

2106 1294 2269 1350 αὐτοῦ
2321 1293 2554 1371 πρώτως
2625 1293 2882 1369 χεόμενον
2940 1293 3134 1349 αὐτίκα
3190 1288 3407 1365 ἕτοιμοι
3474 1290 3549 1353 εἷς
3608 1288 3760 1360 δέξα-

2105 1386 2254 1442 σθαι.

2107 1480 2256 1539 Ἐλλ’
2313 1481 2411 1536 ούκ
2441 1478 2741 1555 εἰσδέχεται
2776 1480 2960 1549 κείνης
2992 1480 3255 1556 πατρικὸς
3282 1477 3667 1567 νοῦςημιὲιχρις
3697 1477 3763 1531 ’ἀν

3441 1550 3660 1624 [ἐξέλθῃ
3676 1593 3691 1605 -

2179 1651 2255 1707 0-5
2304 1648 2666 1727 παραδέχεται
2718 1651 2745 1705 ὁ
2796 1650 3064 1726 Πατρικὸς
3122 1654 3250 1712 νοῦς
3292 1650 3391 1711 τὰς
3436 1652 3543 1704 τῶν
3593 1644 3767 1717 θελη-

2111 1741 2291 1815 μάτων
2319 1747 2418 1811 τῆς
2450 1744 2638 1815 ψυχῆς
2671 1741 2866 1817 ὁρμὰς,
2902 1739 3098 1815 μέχρις
3148 1739 3210 1793 ἂν
3255 1739 3390 1807 αὑτὴ
3435 1736 3769 1806 ἆπιλάθηται

2112 1831 2204 1903 μὲν
2253 1838 2353 1900 τῆς
2406 1828 2585 1901 λήθης
2610 1828 2684 1884 ὧν
2716 1829 3066 1901 πεπλούτηκε
3113 1828 3260 1905 παρά
3300 1832 3397 1883 τοῦ
3443 1827 3767 1902 παναγάθου

2110 1921 2337 1997 Πατρὸς,
2386 1918 2519 1994 ἔλθῃ
2573 1916 2630 1973 δὶ
2672 1919 2748 1981 εἷς
2796 1919 3093 1992 ἀνάμνησιν
3145 1919 3218 1973 ὧν
3260 1912 3415 1992 ἔσχεν
3465 1916 3517 1986 ἐξ
3592 1916 3766 1969 αὐτοῦ

2108 2010 2267 2083 ἱερῶν
2339 2008 2696 2081 συνθημάτων
2734 2052 2747 2077 ,
2798 2009 2888 2063 καὶ
2939 2009 3126 2086 φωνὴν
3176 2008 3373 2086 ἀφήσει
3423 2006 3775 2080 εὐγνώμονα,

2113 2100 2335 2171 μνήμην
2388 2099 2579 2166 ἑαυτῆς
2636 2097 2894 2170 ἐνθεμένη
2943 2101 3050 2151 τῶν
3117 2100 3213 2151 τοῦ
3261 2096 3622 2171 γεννήσαντος
3675 2093 3774 2148 αὖε

2108 2189 2207 2255 τὴν
2261 2187 2464 2261 πατρὸς
2526 2180 2842 2258 συμϐόλων.
2906 2187 3145 2256 Συνὲστη
3193 2186 3297 2261 γὰρ
3359 2187 3394 2253 ἡ
3442 2186 3598 2259 ψυχὴ
3658 2184 3770 2238 ἀπὸ

2105 2281 2215 2332 τῶν
2269 2277 2428 2350 ἰερῶν
2483 2274 2661 2351 λόγων
2712 2276 2801 2330 καὶ
2832 2280 2936 2330 τῶν
2990 2275 3146 2339 θείων
3196 2268 3514 2347 συμϐόλων·
3576 2271 3653 2327 ὧν
3712 2274 3769 2326 οἱ

2113 2367 2205 2439 μὲν
2241 2364 2374 2419 εἶσιν
2408 2365 2511 2419 ἀπὸ
2541 2368 2648 2420 τῶν
2682 2366 2842 2440 ἱερῳν
2877 2361 3061 2433 εῗδῶν,
3096 2365 3147 2419 o't
3190 2361 3248 2419 δὲ
3276 2363 3382 2418 ἀπὸ
3430 2366 3538 2418 τῶν
3595 2362 3765 2417 θείων

2108 2452 2327 2511 ἆνάόων.
2390 2454 2493 2511 Καὶ
2552 2453 2711 2527 ἐσμεν
2763 2453 2966 2516 εἷ’κόνες
3014 2454 3111 2526 μὲν
3156 2457 3263 2508 τῶν
3312 2454 3472 2526 ἱερῶν
3533 2452 3765 2521 οὐσιῶν,

2110 2542 2397 2619 ἀγάλματα
2429 2541 2487 2597 δὲ
2516 2548 2622 2597 τῶν
2657 2544 2947 2619 ἀγνώστων
2981 2542 3361 2614 συνθημάτων.
3418 2546 3510 2595 Δεῖ
3565 2538 3624 2595 δὶ
3672 2540 3763 2594 καὶ

2106 2638 2267 2689 τοῦτο
2302 2630 2519 2699 εἶδὲναι,
2549 2632 2623 2694 ὡς
2655 2637 2797 2686 πᾶσα
2826 2633 2980 2707 ψυχὴ
3014 2630 3189 2702 πάσης
3218 2634 3404 2705 ψυχῆς
3452 2630 3569 2684 κατ’
3619 2626 3764 2689 εἶδος

2110 2720 2378 2793 διέστηκε,
2429 2722 2517 2776 καὶ
2571 2721 2646 2783 ὡς
2697 2720 2814 2777 ὅσαι
2843 2722 3062 2797 ιψυχαὶ,
3105 2724 3341 2776 τοσαῦτα
3368 2721 3459 2774 καὶ
3489 2715 3610 2789 εἴδη
3651 2721 3763 2773 τῶν

2108 2816 2302 2887 ψυχῶν
2332 2811 2470 2866 ἐστιν
2483 2855 2494 2868 .

2108 2919 2299 2977 Ἣνίκα
2342 2919 2449 2993 (29)
2499 2915 2547 2972 δ’
2600 2916 2901 2994 ἐρχόμενον
2947 2914 3183 2991 δαίμονα
3239 2916 3560 2994 πρόσγειον-
3589 2914 3763 2990 ἀθρή-

2167 3062 2180 3083 ρ
2464 3082 2467 3083 ν
2518 3058 2583 3083 ,νὴ
2642 3079 2659 3083 _
2709 3058 2995 3083 ,,_,_7,-_
3542 2988 3692 3061 [σος.

2112 3062 2214 3120 Θύε
2246 3062 2399 3126 λίθον
2438 3058 2716 3134 μνίζουριν
2752 3058 3024 3119 ὲπαυδῶν.

423 3172 721 3224 Daemones
755 3169 908 3223 circa
939 3172 1154 3223 terram
1210 3167 1545 3222 volutantes
1600 3171 1812 3222 natura
1859 3170 1998 3223 sunt

2182 3166 2413 3230 Ψευδεῖς
2484 3169 2576 3241 μὲν
2651 3168 2749 3236 τήν
2812 3166 2967 3245 φύσιν
3038 3167 3089 3221 οἱ
3141 3164 3425 3242 πρόσγειοι
3482 3161 3765 3235 δαίμονες,

357 3258 690 3328 mendaces,
724 3262 926 3330 utpote
957 3255 1159 3328 procul
1192 3274 1224 3311 a
1275 3257 1472 3311 divina
1518 3256 1849 3328 cognitione
1904 3272 1998 3312 re-

356 3347 522 3417 moti,
556 3352 613 3402 et
643 3348 891 3403 materia
920 3346 1289 3402 tenebricoso.
1338 3345 1583 3417 impleti.
1626 3346 1787 3410 Quod
1832 3346 1880 3401 si
1936 3362 2004 3401 ex

353 3436 447 3493 his
477 3453 678 3492 verum
709 3436 963 3508 aliquem
989 3452 1323 3492 sermonem
1355 3435 1558 3491 audire
1579 3434 1799 3506 cupias,
1841 3452 2003 3491 aram

354 3543 593 3599 appara,
618 3531 674 3582 et
704 3527 968 3581 sacrifica
993 3525 1247 3597 lapidem
1276 3525 1611 3580 muizurim.
1640 3524 1824 3580 Habet
1845 3526 2003 3581 enim

354 3614 450 3669 hic
483 3615 634 3686 lapis
664 3615 778 3669 vim
813 3614 1133 3669 advocandi
1175 3614 1453 3685 majorem
1506 3614 1851 3681 diemonem,
1904 3615 2004 3685 qui

353 3703 583 3760 occulta
615 3704 840 3758 ratione
872 3702 1164 3757 materiali
1197 3702 1366 3774 genio
1424 3701 1750 3773 applicatus
1808 3719 2004 3758 rerum

353 3792 772 3862 inquisitarum
806 3791 1109 3846 veritatem
1135 3791 1493 3857 insusurrat,
1519 3806 1694 3861 quam
1714 3790 1813 3846 ille
1835 3807 2004 3862 porro

354 3879 579 3935 homini
613 3878 1001 3946 interroganti
1034 3880 1272 3951 profert.
1307 3880 1535 3934 lndioat
1564 3883 1759 3935 autem
1792 3897 2006 3937 nomen

351 3968 549 4040 ipsum
587 3984 701 4040 quo
733 3968 792 4023 in
819 3970 1230 4039 provocatione
1263 3969 1547 4023 utendum
1582 3972 1670 4025 est
1700 3985 1819 4025 una
1872 3986 2003 4026 cum

354 4057 572 4127 lapidis
602 4056 1052 4114 sacriﬁcatione.
1075 4060 1266 4129 Atque
1304 4056 1559 4114 Chaldaei
1591 4062 1861 4115 statuunt
1890 4060 2005 4115 dae-

359 4163 565 4203 monas
652 4148 933 4218 quosdam
996 4148 1202 4215 bonos,
1251 4149 1537 4218 quosdam
1599 4150 1785 4205 malos
1834 4164 2003 4205 esse:

358 4241 561 4293 nostra
641 4243 836 4293 autem
916 4236 1151 4308 pietatis
1225 4236 1491 4292 doctrina
1570 4253 1775 4293 omnes
1820 4238 2006 4295 malos

355 4326 721 4398 pronuntiat,
775 4330 839 4381 ut
896 4326 994 4398 qui
1047 4325 1450 4398 prmmeditata
1506 4326 1826 4383 defectione
1907 4328 2006 4383 bo-

354 4416 603 4471 nitatem
683 4432 819 4470 cum
905 4414 1045 4471 vitio
1127 4419 1185 4469 et
1262 4414 1627 4487 malignitate
1684 4421 2007 4473 commuta-

358 4509 515 4560 runt.

426 4595 576 4648 Disce
603 4592 958 4664 intelligibile
984 4598 1143 4650 extra
1175 4599 1408 4649 mentem
1440 4609 1574 4650 esse.

431 4682 590 4737 Licet
621 4682 777 4737 enim
800 4683 1000 4738 omnia
1023 4688 1217 4739 mente
1240 4683 1665 4755 comprehensa
1686 4683 1824 4754 sint,
1849 4685 2003 4743 Deus

355 4774 553 4829 tamen
590 4772 850 4843 primum
878 4772 1247 4845 intelligibile
1279 4778 1439 4828 extra
1472 4777 1723 4829 mentem
1754 4774 2000 4832 exsistit.

355 4861 429 4917 At
458 4861 605 4917 illud
637 4865 799 4916 extra
828 4878 943 4917 non
980 4862 1241 4917 metiaris
1287 4861 1731 4919 intervallorum
1788 4864 2006 4921 distan-

357 4949 459 5021 tia,
548 4966 735 5022 neque
811 4950 1064 5023 accipias
1139 4950 1465 5005 secundum
1548 4952 2001 5010 intellectualem

356 5040 776 5110 diversitatem,
812 5040 912 5095 sed
963 5039 1287 5096 secundum
1338 5040 1532 5095 solum
1572 5042 2001 5115 intelligibilem

355 5144 682 5198 excessum,
705 5135 761 5185 et
785 5127 1182 5184 subsistentia
1216 5127 1658 5199 proprietatem,
1696 5148 2003 5189 excessum

2031 4520 2079 4585 D

2110 3259 2202 3313 ἅτε
2231 3257 2420 3333 πόρῥω
2452 3263 2551 3325 τῆς
2583 3257 2730 3320 θείας
2779 3256 3029 3331 γνώσεως
3080 3251 3250 3321 ὄντες,
3302 3252 3391 3308 καὶ
3441 3258 3542 3321 τῆς
3597 3251 3767 3325 ἀφεγο

2110 3352 2244 3423 γοῦς
2302 3344 2441 3417 ὕλης
2474 3344 2978 3417 ἀναπεπλησμένοι.
3008 3343 3075 3401 Εἴ
3106 3341 3163 3398 δι
3214 3340 3400 3419 βούλει
3432 3341 3559 3415 παρ’
3589 3339 3762 3395 αὐτοῦ

2111 3436 2292 3507 ἀληθῆ
2337 3457 2457 3491 τινα
2506 3433 2749 3506 δέξασθαι
2802 3433 2966 3509 λόγον
2998 3481 3012 3507 ,
3063 3431 3432 3506 παρασκεύαζε
3482 3432 3767 3505 θυτήριον,

2110 3528 2198 3582 καὶ
2235 3525 2326 3580 θύε
2374 3524 2525 3580 λίθον
2574 3525 2879 3600 μνίζουριν.
2928 3525 2990 3581 Ὁ
3042 3520 3101 3578 δὲ
3131 3520 3284 3585 λίθος
3326 3519 3484 3583 οὗτος
3532 3516 3767 3591 δύναμιν

2113 3612 2227 3691 ἔχει
2285 3612 2665 3691 προκλητικήν
2710 3613 2894 3689 ἑτέρου
2953 3612 3198 3685 μείζονος
3252 3607 3532 3682 δαίμονος,
3588 3609 3647 3669 ’ὸς
3697 3604 3769 3676 δὴ

2115 3705 2331 3783 ἀφανῶς
2394 3707 2474 3774 τῷ
2533 3700 2706 3774 ὑλικῷ
2754 3698 2973 3775 δαίμονι
3032 3701 3315 3777 προσιὼν,
3372 3698 3767 3775 προσφωνήσει

2111 3795 2211 3863 τὴν
2256 3797 2363 3847 τῶν
2422 3790 2794 3866 ἐρωτωμένων
2856 3788 3140 3860 ἀλήθειαν,
3198 3789 3259 3857 ἣν
3293 3785 3498 3849 ἐκεῖνος
3530 3786 3769 3859 ἀποκρι-

2111 3888 2282 3938 τεῖται
2325 3885 2404 3953 τῷ
2452 3881 2746 3956 ἐρωτῶντι.
2809 3880 2961 3955 Λέγει
2995 3876 3052 3933 δὲ
3095 3877 3184 3933 καὶ
3239 3872 3411 3949 ὄνομα
3462 3874 3774 3951 προκλητι-

2113 3972 2206 4027 κὸν
2271 3971 2406 4043 μετᾶ
2459 3978 2559 4040 τῆς
2615 3974 2711 4026 τοῦ
2772 3968 2927 4025 λίθου
2978 3967 3182 4032 θυσίας.
3239 3967 3301 4023 Ὀ
3363 3965 3456 4039 μὶν
3490 3960 3774 4026 Χαλδαῖός

2110 4083 2267 4126 τινας
2332 4062 2424 4133 μὲν
2467 4064 2573 4115 τῶν
2635 4057 2910 4132 δαιμόνων
2959 4057 3212 4132 ἀγαθοὺς,
3255 4054 3405 4116 τινὰς
3458 4050 3517 4108 δὶ
3568 4052 3773 4115 κακοὺς

2111 4151 2338 4215 τίθεται·
2375 4151 2404 4206 ὁ
2435 4147 2493 4206 δὲ
2520 4149 2788 4225 ἡμέτερος
2818 4141 3043 4216 εὐσεϐὴς
3085 4144 3247 4220 λόγος
3294 4143 3520 4213 πάντας,
3568 4141 3773 4205 κακοὺς

2115 4242 2372 4316 ὁρίζεται,
2406 4242 2463 4295 ἐκ
2513 4242 2909 4315 προαιρετικῶν
2955 4230 3376 4308 ἀποπτωμάτῶν
3422 4233 3522 4301 τὴν
3577 4230 3767 4287 κακίαν

2114 4329 2622 4405 ἀνταλλαξαμὲνους
2648 4334 2747 4397 τῆς
2776 4325 3133 4403 ἀγαθότητος.

2324 4596 2476 4661 Μάθε
2504 4596 2566 4651 τὸ
2595 4595 2815 4666 νοητὸν,
2847 4592 2962 4648 ἐπεὶ
2999 4588 3101 4663 ἔξω
3132 4589 3261 4646 νόου
3294 4589 3553 4664 ὑπάρχει.

2182 4687 2246 4744 Et
2295 4688 2397 4763 γὰρ
2456 4687 2545 4741 καὶ
2593 4684 2767 4739 πάντα
2820 4688 2902 4756 τῷ
2958 4687 3040 4755 νῷ
3096 4678 3509 4757 περιείληπται,
3562 4676 3696 4735 ἀλλ’

2111 4778 2263 4845 Θεὸς,
2294 4777 2357 4831 τὸ
2406 4780 2623 4850 πρῶτον
2674 4773 2891 4843 νοητὸν,
2922 4765 3023 4844 ἔξω
3069 4774 3167 4826 τοῦ
3195 4773 3292 4823 νοῦ
3336 4768 3597 4842 ὑπάρχει,
3629 4768 3695 4823 τὸ
3726 4757 3774 4823 δ’

2113 4864 2235 4937 ἔξω,
2279 4866 2356 4938 μή
2400 4862 2845 4935 διαστηματικῶς
2875 4862 3095 4933 νοήσῃς,
3150 4854 3291 4932 μηδδ
3320 4858 3439 4911 καθ’
3471 4857 3775 4932 ἑτερότητα

2112 4954 2323 5030 νοεράν,
2383 4950 2529 5008 ἀλλά
2590 4952 2726 5006 κατά
2778 4949 2950 5021 μόνην
3003 4948 3102 5016 τὴν
3163 4946 3367 5015 νοητὴν
3427 4940 3773 5017 ὑπερϐολήν,

2113 5045 2199 5098 καὶ
2253 5044 2351 5113 τὴν
2424 5038 2676 5111 ἰδιότητα
2742 5046 2842 5108 τῆς
2911 5036 3209 5111 ὑπάρξεως,
3270 5038 3365 5089 νοῦ
3417 5034 3619 5095 παντὸς
3674 5033 3773 5089 ἐπ-

2114 5133 2289 5187 έκεινα
2346 5129 2527 5199 οὖσαν,
2590 5126 2659 5184 δι’
2718 5125 2780 5182 οὗ
2809 5127 2871 5182 τὸ
2901 5123 3218 5199 ὑπερούσιον
3252 5119 3541 5179 δείκνυται.
3574 5124 3639 5180 Ἥ
3669 5123 3770 5199 γὰρ

1631 5282 1933 5340 JOANNIS
1972 5285 2287 5342 OPSOPi’EI
2319 5284 2529 5341 NOT/E

436 5395 542 5469 (20)
571 5396 759 5450 Ἡνίκα
790 5400 897 5451 etc.
933 5397 1048 5451 Hoc
1100 5401 1452 5467 przeceptum
1516 5398 1810 5469 magicum
1872 5417 2002 5456 cum

357 5465 741 5543 explicatione
756 5465 1171 5543 suacitaturin
1190 5465 1396 5543 iisdem
1414 5465 1719 5543 Nicephori
1738 5472 1807 5525 ad
1825 5472 2003 5543 Syne-

359 5539 779 5595 siumscholiis
814 5555 941 5608 pag.
973 5541 1062 5606 96,
1107 5541 1205 5595 ubi
1268 5541 1434 5593 metri
1495 5539 1716 5595 ratione
1776 5539 2004 5599 servata

2120 5402 2441 5474 μνήζουριν,
2474 5401 2545 5455 de
2572 5415 2689 5470 quo
2716 5397 2913 5474 lapide
2954 5396 3084 5474 vide
3140 5396 3386 5474 August.
3440 5390 3770 5474 _Steuchum

2109 5464 2364 5542 libfvm',
2397 5464 2468 5527 De
2485 5464 2724 5541 per-Enni
2751 5464 3110 5542 philosophia
3138 5464 3273 5542 cap.
3296 5465 3387 5542 28,
3422 5464 3768 5542 deﬁciamu-

2112 5562 2253 5600 num
2268 5535 2464 5599 autem
2482 5535 2767 5598 divisione
2788 5535 3112 5598 secundum
3136 5535 3459 5602 Chaldaeos,
3474 5535 3767 5607 Nicepho-

358 5612 655 5680 acribitur,
688 5610 847 5679 ἡνίκα
878 5608 1110 5682 δαίμονα
1136 5608 1182 5664 δ’
1213 5608 1536 5684 ἆρχόμενον,
1563 5616 1672 5669 etc.
1707 5618 1763 5669 et
1801 5617 1998 5673 statim

2113 5632 2241 5673 rum
2273 5618 2331 5673 in
2365 5615 2549 5674 schol.
2585 5629 2718 5687 pag.
2756 5614 2881 5671 117.
