3970 6218
272 364 428 424 1149

1125 363 1224 423 EX
1237 361 1548 424 POSlTIO
1592 361 2135 424 ORACULORUM
2184 363 2828 428 CHALDAICORUM.

3525 363 3684 423 “50

270 521 431 578 οὐσία
482 517 767 591 ἐκείνη,ζὸ
825 520 949 580 νοῦς
1009 515 1149 573 ἐστιν
1211 519 1239 572 ὁ
1295 518 1528 593 πρώτως
1581 517 1802 590 νοητὸς,
1861 539 1884 573 ο

2053 523 2285 594 inquam
2329 522 2502 596 longe
2533 522 2689 580 ultra
2734 539 2970 579 omnem
3021 525 3298 593 mentem,
3331 537 3447 594 quo
3479 537 3684 594 super-

270 609 414 666 ἒστιν
441 605 545 680 ἕξω
569 607 632 663 τὸ
662 603 1015 678 αὖτονὸητον·
1048 606 1193 678 πλὴν
1225 608 1250 663 ὁ
1282 608 1413 670 Θεὸς
1441 607 1532 663 καὶ
1584 611 1680 662 τοῦ
1727 612 1928 679 νοητοῦ

266 701 362 756 καὶ
415 703 512 754 τοῦ
571 699 911 768 αὖτονοήτου
970 696 1233 755 ἐπέκεινα.
1268 697 1366 752 Καὶ
1421 694 1550 771 μηδ’
1605 696 1686 752 ὅτι
1729 697 1924 768 νοητὸν

270 785 446 846 ἐκεῖνο
507 787 570 842 τὸ
628 785 772 842 Θεῖόν
815 807 1011 865 φαμεν,
1046 783 1177 860 μηδ’
1221 785 1303 842 ὅτι
1354 787 1708 858 αὐτονόητον.
1740 789 1927 863 Κρεῖτ-

267 899 362 933 τον
395 877 496 953 γὰρ
519 877 722 939 παντὸς
748 876 838 930 καὶ
872 875 1117 952 ῥήματος
1160 877 1248 931 καὶ
1298 877 1594 949 νοήματος,
1626 876 1701 938 ὡς
1748 877 1922 947 πάντη

268 965 595 1036 ἀνεννόητον
638 963 728 1019 καὶ
761 965 1144 1042 άνὲκφραστον,
1176 964 1266 1020 καὶ
1315 969 1442 1040 σιγῇ
1478 963 1689 1038 μᾶλλον
1744 966 1925 1039 τιμώ-

270 1075 457 1130 μενον,
520 1053 556 1123 ἢ
616 1054 938 1128 Θαυμασίαις
1015 1060 1221 1132 φωναῖς
1298 1054 1714 1128 σεμνυνόμενον.
1768 1057 1922 1112 Ἔστι

268 1145 375 1221 γὰρ
405 1145 496 1198 καὶ
528 1148 624 1199 τοῦ
663 1143 1012 1216 σεμνύνεσθαι
1070 1143 1433 1220 ὑψηλότερον,
1469 1146 1554 1200 καὶ
1610 1149 1706 1199 τοῦ
1747 1143 1922 1222 ἐκφω-

265 1235 496 1302 νεῖσθαι,
527 1230 616 1288 καί
646 1237 742 1288 τοῦ
774 1231 1092 1290 ἐννοεῖσθαι.

2040 611 2356 668 essentiale
2413 613 2873 669 demonstratur.
2914 613 3020 669 Illa
3073 612 3229 668 enim
3286 611 3541 668 essentia
3598 616 3688 666 est

2038 717 2205 758 mens
2235 703 2425 774 primo
2457 702 2867 775 intelligibilis,
2893 707 3054 758 extra
3082 718 3260 774 quam
3293 701 3477 773 gradu
3510 716 3684 772 supe-

2036 790 2159 845 rius
2208 795 2296 846 est
2343 791 2539 863 ipsum
2571 808 2674 864 per
2703 808 2766 846 se
2797 790 3184 864 intelligibile.
3235 790 3417 846 Deum
3465 789 3682 860 excipe,

2035 879 2136 949 qui
2157 884 2211 934 et
2234 879 2603 953 intelligibile
2624 885 2680 936 et
2701 880 2897 954 ipsum
2917 898 3020 954 per
3041 897 3102 936 se
3125 877 3492 951 intelligibile
3517 878 3686 950 longe

2033 970 2412 1025 transcendit.
2442 969 2710 1026 Divinam
2742 970 2897 1026 enim
2933 969 3095 1025 illam
3128 974 3400 1025 naturam
3432 967 3685 1023 dicimus

2034 1074 2225 1129 neque
2256 1057 2712 1132 intelligibilem,
2746 1076 2934 1130 neque
2975 1076 3078 1132 per
3123 1074 3186 1114 se
3233 1056 3683 1129 intelligibilem.

2032 1151 2279 1219 Superat
2323 1149 2478 1203 enim
2525 1165 2698 1204 omne
2729 1147 2972 1203 verbum
3005 1152 3063 1203 et
3091 1145 3475 1213 intellectum,
3508 1143 3593 1200 ita
3621 1149 3686 1200 ut

2031 1252 2137 1291 nec
2170 1241 2365 1292 mente
2413 1237 2655 1308 percipi,
2689 1253 2794 1292 nec
2825 1236 3018 1292 verbis
3066 1233 3344 1307 explicari
3388 1233 3594 1306 possit,
3628 1237 3687 1288 et

268 1325 506 1382 silentio
537 1326 726 1398 magis
757 1323 1054 1395 honorari,
1085 1341 1262 1397 quam
1296 1326 1645 1382 venerandis
1675 1325 1917 1382 vocibus
1955 1325 2259 1398 praedicari
2299 1327 2525 1382 debeat.
2559 1326 2946 1382 Excellentior
2975 1325 3133 1382 enim
3166 1328 3251 1380 est
3280 1322 3440 1380 omni
3470 1322 3686 1395 praedi-

264 1415 518 1483 catione,
550 1414 878 1471 elocutione
910 1419 967 1470 et
997 1413 1332 1470 intellectus
1363 1415 1901 1488 comprehensione.

261 1501 336 1562 Αὶ
441 1497 626 1578 ἴυγγες
727 1499 1063 1573 νοούμεναι,
1138 1500 1402 1577 πατρόθεν
1501 1503 1762 1593 νοὲουσιέ
1835 1501 1924 1556 καὶ

1698 1593 1853 1628 αυται

517 1576 561 1578 ’—
1698 1576 1831 1629 αὕτα

262 1641 500 1698 Βουλῶν
535 1643 845 1722 άφθὲγκτων
878 1643 1196 1718 κινούμεναι
1230 1643 1369 1700 ὥστε
1397 1651 1612 1716 νοῆσαι.
1676 1576 1694 1647 [

337 1751 407 1806 Δὶ
439 1751 626 1829 ἴυγγες
656 1753 771 1825 (21)
805 1749 1066 1826 δυνάμεις
1125 1751 1226 1806 εἶσί
1283 1774 1426 1816 τινες
1487 1753 1621 1827 μετὰ
1675 1753 1765 1807 τὸν
1811 1752 1922 1808 Ηα-

261 1842 452 1915 τρικὸν
509 1842 670 1916 βυθὸν
731 1841 790 1896 ἐκ
858 1846 1024 1916 τριῶν
1101 1840 1337 1917 τριάδων
1415 1843 1802 1919 σογιείμεναι·
1863 1840 1924 1903 ’ὰς

2033 1504 2234 1576 Junges
2265 1504 2576 1570 intellectae,
2609 1521 2648 1560 α
2673 1508 2833 1576 patre
2860 1503 3224 1572 intelligunt:
3255 1505 3310 1558 et
3337 1503 3418 1557 ha:

2035 1571 2405 1632 Conisiliorum
2457 1577 2610 1632 nihil
2662 1571 2985 1632 sonantium
3031 1571 3321 1631 moventur
3365 1571 3682 1715 υιῐὶηιῗιιί-

3456 1661 3562 1716 gan
3595 1686 3610 1700 .

2103 1754 2328 1827 Junges
2373 1759 2514 1811 sunt
2565 1754 2840 1829 potentiae
2891 1755 3160 1828 quaedam
3220 1751 3498 1827 proximae
3554 1756 3687 1824 post

2033 1841 2281 1898 fundum
2307 1849 2619 1917 paternum
2644 1861 2674 1899 e
2703 1844 2894 1900 tribus
2915 1843 3282 1900 trinitatibus
3304 1841 3641 1914 compositae
3670 1859 3682 1898 :

261 1935 472 1986 νοεῖται
530 1931 668 1986 κατᾶ
717 1931 808 1986 τὸν
869 1932 1138 2006 Πατρικὸν
1194 1935 1314 1987 νοῦν
1374 1933 1463 1987 τὸν
1495 1935 1593 2003 τήν
1624 1931 1796 1987 αἰτίαν
1828 1933 1884 1987 αὖ

2053 1950 2179 2004 [uas
2210 1934 2535 2007 intelligere
2588 1933 2670 1989 ait
2721 1949 2824 2002 per
2872 1942 3175 2005 paternam
3225 1937 3504 2002 mentem,
3555 1948 3683 2003 quae

262 2021 374 2074 τῶν
437 2017 683 2082 ὲνοειδῶς
753 2019 803 2075 ἐν
859 2021 1033 2093 ἑαυτῷ
1089 2021 1560 2098 προστησάμενον.
1597 2023 1659 2079 Αἱ
1711 2019 1768 2076 δὲ
1802 2023 1924 2098 βου-

265 2107 361 2164 λαὶ
402 2113 500 2163 τοῦ
532 2109 742 2184 [πατρὸς
774 2106 862 2164 διὰ
881 2111 981 2180 τήν
1013 2111 1213 2181 νοητὴν
1253 2107 1562 2188 ὑπερϐολήν
1615 2114 1920 2188 ἄφθεγκτοι.

265 2199 354 2255 Τὰ
382 2195 442 2253 δὲ
468 2202 576 2253 τῶν
611 2197 955 2273 ἐξῃρημένων
1008 2201 1324 2272 συνθήματα
1379 2202 1538 2278 νοερὰ
1584 2199 1678 2256 κᾶν
1730 2207 1921 2271 νοῆται

261 2287 374 2342 ὑπὸ
433 2292 540 2343 τῶν
604 2285 892 2362 δευτέρων,
954 2289 1027 2351 ὡς
1088 2287 1362 2367 ἄφθεγκτα
1415 2295 1642 2358 νοεῖται,
1703 2290 1792 2346 καὶ
1847 2291 1920 2345 ὡς

250 2374 565 2450 ἐξῃρημένα
619 2381 727 2431 τῶν
778 2382 992 2448 νοητῶν
1060 2376 1336 2451 προόδων.
1395 2380 1482 2440 Ὡς
1538 2379 1642 2454 γὰρ
1700 2380 1754 2433 αἱ
1811 2384 1919 2434 τῶν

249 2468 454 2540 ψυχῶν
513 2467 732 2537 νοήσεις
788 2463 883 2520 κᾶν
941 2471 1108 2522 νοῶσι
1158 2468 1254 2530 τὰς
1329 2468 1520 2544 νοερᾶς
1593 2469 1787 2538 τάξεις,
1849 2469 1920 2529 ὡς

251 2548 637 2625 ἆμεταϐάτους
667 2559 903 2627 νοοῦσιν,
937 2554 1081 2612 οὕτω
1133 2555 1223 2611 καί
1257 2558 1311 2611 αἱ
1361 2562 1467 2612 τῶν
1525 2561 1729 2632 νοερῶν
1778 2555 1917 2632 ἐνέρ-

247 2661 404 2717 γιιαι
459 2643 528 2698 τὰ
582 2645 744 2719 νοερὰ
817 2645 1134 2718 συνθήματα
1202 2649 1444 2716 νοοῦσαι,
1498 2644 1574 2710 ὡς
1649 2645 1920 2724 ἃφθεγκτα

248 2734 476 2785 νοοῦσιν
509 2729 563 2785 ὲν
599 2731 884 2807 ὑπάρξεσιν
920 2733 1256 2810 ὑφεστηκότα
1278 2733 1598 2810 ἀγνώστοις.

2034 2039 2272 2078 causam
2317 2022 2556 2078 illarum
2588 2021 2646 2078 in
2675 2022 2922 2078 unitatis
2962 2023 3149 2078 forma
3187 2021 3300 2078 sibi
3331 2022 3444 2094 ipsi
3475 2037 3686 2093 reprae-

2034 2115 2323 2167 sentatam
2354 2112 2608 2168 exhibet.
2641 2111 2899 2168 Consilia
2944 2116 3141 2167 autem
3189 2111 3380 2167 Patris
3409 2111 3481 2167 ob
3514 2109 3684 2166 intel-

2033 2199 2316 2272 ligibilem
2348 2200 2754 2256 excellentiam
2790 2201 3019 2257 nullum
3043 2217 3254 2257 sonum
3275 2201 3478 2257 edunt.
3505 2199 3685 2271 Atqui

2034 2291 2462 2346 abstractarum
2496 2307 2692 2345 rerum
2725 2295 2873 2346 notae
2917 2295 2973 2345 et
3007 2291 3178 2362 signa
3207 2289 3506 2346 intellectu
3539 2306 3684 2361 prae-

2032 2381 2153 2434 dita
2201 2380 2431 2436 etiamsi
2461 2397 2496 2434 a
2537 2380 2815 2436 secundis
2862 2380 2981 2436 sive
3031 2379 3407 2435 inferioribus
3462 2379 3686 2434 intelli-

2031 2474 2271 2540 guntur,
2304 2486 2372 2525 ea
2422 2474 2621 2525 tamen
2668 2474 2952 2542 tanquam
3006 2468 3155 2524 nihil
3188 2469 3461 2524 sonantia
3508 2473 3566 2524 et
3614 2469 3685 2523 ab

2031 2559 2191 2612 omni
2243 2558 2603 2631 intelligibili
2647 2574 2896 2614 excursu
2931 2562 3204 2630 separata
3255 2557 3686 2630 intelliguntur.

2034 2646 2109 2702 Ut
2140 2647 2297 2702 enim
2343 2663 2612 2703 amarum
2645 2647 3052 2720 intelligentia
3085 2646 3220 2702 licet
3249 2647 3486 2702 ordines
3515 2645 3691 2702 intel-

2033 2736 2187 2793 lectu
2221 2737 2498 2809 praeditos
2531 2737 2893 2809 intelligunt,
2917 2752 3014 2792 eos
3037 2742 3231 2792 tamen
3263 2741 3327 2792 ut
3359 2734 3690 2792 immobiles

251 2817 606 2894 intelligunt
639 2838 652 2876 :
688 2824 772 2878 sic
805 2822 981 2879 etiam
1035 2823 1526 2882 intellectualium
1571 2824 1940 2897 operationes
1978 2825 2244 2898 symbola
2275 2825 2610 2882 intellectus
2642 2825 2878 2898 capacia
2924 2824 3338 2899 intelligentes,
3371 2841 3438 2881 ea
3465 2825 3690 2896 absque

258 2911 404 2966 soni
432 2911 749 2968 emissione
781 2912 1146 2987 intelligunt,
1179 2915 1237 2969 in
1269 2913 1625 2970 substantiis
1653 2914 1968 2987 incognitis
1999 2915 2408 2972 subsistentia.

1507 3059 1810 3116 JOANNIS
1849 3059 2168 3116 OPSOPJEI
2208 3060 2437 3117 NOT/E.

249 3249 269 3256 __
337 3180 448 3253 (21)
480 3178 551 3256 At
584 3175 789 3256 ἴυγγες.
820 3180 1346 3256 Βθὶὶῃυίίϐῐιωοειω
1380 3184 1694 3240 dictionem
1726 3188 1920 3255 iunges

249 3252 325 3308 in
358 3252 837 3331 vers_i_ope,_’quod
869 3271 937 3331 ea
967 3254 1175 3311 Laalius
1220 3260 1390 3328 poeta
1419 3258 1572 3328 apud
1604 3252 1916 3331 Apuleium

251 3339 410 3380 usus
443 3324 520 3380 sit
551 3325 608 3379 in
645 3325 739 3380 his
770 3326 1036 3381 versibus
1069 3342 1084 3382 :

402 3396 626 3451 Philtra
651 3398 842 3452 omnia
870 3398 1114 3470 undique
1141 3409 1346 3456 eruunt
1373 3417 1393 3454 :

399 3470 720 3540 Antipatlies
748 3469 889 3524 illud
921 3469 1223 3540 quaeritur,

406 3540 665 3612 Trochili,
698 3542 913 3612 iunges,
950 3542 1136 3598 taeniae

2173 3187 2468 3253 Radiculae,
2504 3186 2707 3253 herbae,
2742 3185 2976 3249 surculi,
3010 3187 3120 3239 etc.

2027 3258 2296 3314 Nominis
2348 3259 2634 3314 rationem
2693 3252 2752 3313 et
2808 3257 3298 3327 significationem
3348 3252 3476 3327 vide
3525 3255 3681 3325 apud

2027 3331 2264 3384 Pindari
2304 3334 2363 3384 et
2411 3329 2700 3386 Theocriti
2741 3326 3112 3392 scholiastas,
3147 3327 3387 3381 Suidam
3439 3326 3578 3380 item
3626 3331 3684 3381 et

2027 3402 2422 3473 Nicephorum
2455 3402 2528 3456 ad
2561 3402 2683 3457 haec
2715 3401 2942 3473 Synesii
2974 3400 3150 3454 verba
3186 3397 3238 3450 αἱ
3275 3397 3461 3470 μάγων
3499 3392 3680 3472 ἷύγγες

2027 3473 2204 3544 αὗται,
2238 3491 2367 3546 pag.
2394 3474 2486 3528 96.

1306 3883 1557 3980 ΤΟΥ
1633 3883 2052 3981 ΑΥΤΟΥ
2127 3883 2639 3981 ΨΕΛΛΟΥ

642 4085 936 4137 ΕΚΘΕΣΙΣ
979 4085 1428 4141 ΚΕΦΛΑΙΩΔΗΣ
1470 4087 1595 4141 ΚΗ
1637 4085 2003 4142 ΣΥΝΤΟΜΟΣ
2046 4087 2186 4142 ΤΩΝ
2227 4087 2420 4141 ΠΑΡΑ
2460 4086 2849 4143 ΧΑΛΔΑΙΟΙΣ
2893 4082 3291 4141 ΔΟΓΜΑΤΩΝ.

1434 4379 1996 4474 EJUSDEM
2064 4378 2504 4472 PSELLl

699 4587 1110 4650 SUMMARM
1166 4592 1258 4650 ΕΤ
1305 4590 1588 4650 BllEVIS
1638 4589 2081 4651 DOGMATUM
2127 4587 2742 4651 CHALDAICORUM
2789 4587 3234 4649 EXPOSITIO.

337 4880 504 4939 Ἑπτά
583 4902 708 4958 φασι
776 4882 1122 4955 σωματικοὺς
1189 4884 1451 4958 κόσμους,
1505 4885 1770 4959 ἐμπόριον
1824 4883 1878 4941 ἓν

2102 4888 2353 4945 Chaldaei
2404 4891 2676 4944 statuunt
2739 4891 2962 4960 septem
3032 4887 3285 4944 mundos
3351 4899 3681 4957 corporeus,

249 4973 353 5028 καὶ
411 4975 652 5046 πρῶτον,
683 4971 769 5025 καὶ
828 4977 974 5047 τρεῖς
1034 4973 1150 5044 μετ’
1181 4972 1340 5028 αὐτὸν
1392 4973 1684 5046 αἷθερίους,
1734 4973 1917 5030 ἔπειτα

245 5066 406 5138 τρεῖς
465 5059 721 5122 ὑλαίους·
783 5061 856 5114 ὧν
918 5061 946 5115 ὁ
997 5055 1228 5136 ἔσχατος
1285 5064 1511 5138 χθόνιος
1567 5062 1774 5139 εἷ’ρηται
1824 5066 1912 5118 καὶ

245 5151 558 5226 μισοφαής,
592 5147 656 5211 ὅς
711 5147 854 5204 ἐστιν
889 5149 916 5203 ὁ
968 5149 1071 5205 ὑπὸ
1132 5150 1370 5223 σελήνην
1429 5153 1617 5219 τόπος,
1652 5150 1795 5228 ἔχων
1861 5153 1912 5208 ἐν

241 5244 431 5312 ἑαυτῷ
483 5239 571 5293 καὶ
630 5239 727 5306 τήν
780 5237 918 5308 ὕλην
971 5239 1029 5293 ὃν
1081 5239 1313 5295 καλοῦσι
1351 5241 1532 5315 βυθόν.
1564 5241 1700 5297 Μίαν
1735 5244 1912 5318 ἀρχὴν

237 5335 362 5386 τῶν
390 5329 604 5384 πάντων
641 5325 948 5398 δοξάζουσι,
981 5330 1068 5382 καὶ
1105 5328 1159 5383 ἐν
1194 5330 1359 5400 αὐτὴν
1395 5333 1484 5386 καὶ
1537 5333 1732 5407 ἀγαθὸν
1787 5333 1916 5387 ἁποο

239 5422 572 5498 γυμνοῦσιν.
632 5415 765 5474 Εἶτα
821 5416 1081 5493 πατρικόν
1140 5439 1262 5474 τινα
1305 5419 1467 5494 βυθὸν
1539 5415 1813 5492 σέϐονται,
1855 5421 1914 5476 ἐκ

239 5513 421 5584 τριῶν
471 5503 707 5583 τριάδων
768 5507 1145 5580 συγκείμενον.
1197 5509 1426 5580 Ἑκάστη
1481 5505 1536 5563 δὲ
1586 5511 1738 5584 τριὰς
1797 5508 1911 5586 ἔχει

245 5594 490 5670 πατέρα,
521 5593 771 5667 δύναμιν,
806 5595 894 5649 καὶ
951 5600 1093 5650 νοῦν.
1129 5598 1259 5652 Εἶτά
1307 5597 1446 5653 ἐστιν
1478 5601 1513 5668 ἠ
1545 5601 1716 5670 νοητή
1771 5599 1908 5676 ἴυγξ³

252 5687 402 5763 μετὰ
461 5684 518 5742 δὲ
573 5685 880 5756 ταύτην,οὶ
940 5692 1214 5764 συνοχεῖς,
1255 5689 1284 5743 ὁ
1333 5688 1622 5765 ἐμπόριος,
1682 5691 1711 5745 ὁ
1767 5689 1910 5746 αἷθὲ-

2027 4979 2266 5050 igneum
2312 4994 2496 5033 unum
2527 4993 2783 5050 eumque
2829 4977 3113 5049 primum,
3165 4978 3300 5048 post
3345 4975 3504 5029 hunc
3561 4979 3681 5028 tres

2025 5067 2315 5135 aetherios,
2368 5066 2578 5122 deinde
2626 5071 2747 5123 tres
2795 5065 3131 5122 materialcs
3164 5083 3178 5121 :
3212 5081 3242 5120 e
3273 5064 3492 5135 quibus
3544 5060 3677 5115 ulti-

2027 5174 2160 5213 mus
2213 5156 2504 5212 terrestris
2536 5155 2754 5212 dicitur
2782 5160 2840 5212 et
2871 5155 3022 5211 lucis
3061 5171 3216 5224 osor,
3249 5152 3350 5222 qui
3393 5151 3556 5205 locus
3586 5153 3677 5204 est

2025 5246 2229 5302 subter
2248 5245 2473 5313 lunam,
2495 5245 2553 5300 in
2578 5261 2706 5302 sese
2727 5247 2904 5302 etiam
2928 5243 3234 5300 materiam
3257 5237 3677 5309 complectens,

2026 5350 2201 5407 quem
2234 5335 2485 5390 fundum
2519 5335 2849 5392 nominant.
2878 5334 3125 5390 Unicum
3153 5328 3522 5386 arbitrantur
3549 5341 3679 5384 esse

2023 5440 2219 5479 rerum
2239 5424 2504 5480 omnium
2529 5425 2907 5498 principium,
2924 5423 3099 5493 idque
3120 5419 3473 5492 profitentur
3490 5433 3677 5473 unum

2021 5530 2153 5570 esse
2183 5518 2240 5570 et
2270 5515 2512 5571 bonum.
2552 5515 2766 5570 Deinde
2798 5513 2998 5568 colunt
3031 5515 3345 5582 paternum
3377 5507 3673 5580 quoddam

2023 5605 2269 5661 fundum
2302 5622 2370 5661 ex
2404 5606 2591 5661 tribus
2640 5602 3006 5660 trinitatibus
3057 5599 3471 5672 compositum.
3505 5597 3673 5663 Qua-

2020 5692 2164 5750 libet
2196 5699 2395 5751 autem
2447 5695 2678 5751 trinitas
2731 5693 2908 5749 habet
2959 5694 3207 5764 patrem,
3241 5685 3584 5762 potentiam,
3617 5687 3676 5742 et
