4060 6214
345 289 488 353 1151

1671 290 2099 355 MICHAELIS
2145 292 2415 356 PSELLI

3597 292 3753 354 “53

340 426 618 478 mentem.
655 427 863 480 Postea
893 425 1161 497 sequitur
1196 426 1346 497 junx
1386 429 1584 481 mente
1614 424 1995 497 comprehen-

2114 442 2253 497 ριος,
2293 424 2383 479 καὶ
2417 425 2445 479 6
2481 422 2691 486 ὑλαῖος.
2726 425 2873 480 Μετὰ
2902 421 2959 480 δὲ
3005 422 3136 488 τοὺς
3175 426 3449 499 συνοχῆς,
3480 424 3533 477 oi
3569 420 3755 477 τελετ-

339 512 554 569 sibilie.
598 513 743 568 Huic
794 516 1044 586 proximi
1104 521 1243 571 sunt
1300 516 1656 571 mundorum
1718 520 1993 579 rectores,

342 602 575 674 igneus,
608 602 904 667 aetherius,
938 610 995 657 et
1034 604 1379 660 materialis.
1415 606 1555 660 Post
1603 608 1857 660 rectores
1886 619 1995 657 caa-

339 692 739 747 remoniarum
788 692 1102 763 principes.
1138 694 1240 749 His
1289 696 1617 749 succedunt
1648 693 1994 765 perennium

342 781 596 836 fontium
648 786 866 853 patres.
900 783 997 853 qui
1034 787 1090 837 et
1120 784 1327 837 mundi
1361 785 1632 838 ductores
1684 783 1994 838 nominan-

342 874 458 939 tur,
483 887 732 942 quorum
768 872 995 941 primus
1037 872 1444 943 semelsupra
1477 873 1668 927 dictus
1700 876 1790 926 est
1820 886 1831 924 :
1864 874 1996 941 post

342 974 519 1031 quem
574 960 804 1025 Hecate,
841 960 1051 1015 deinde
1097 963 1146 1015 is
1179 978 1352 1032 quem
1395 962 1487 1017 bis
1517 978 1697 1032 supra
1729 959 1995 1015 nomina-

341 1048 539 1103 vimus
575 1067 587 1104 :
623 1049 693 1104 ab
727 1051 831 1104 hoc
863 1055 1001 1104 sunt
1043 1056 1161 1104 tres
1192 1050 1614 1122 implacabiles,
1645 1055 1701 1104 et
1730 1050 1993 1104 omnium

344 1138 592 1193 ultimus
641 1140 991 1193 succinctor.
1042 1139 1410 1194 Venerantur
1460 1141 1635 1195 etiam
1698 1140 1993 1193 fontanam

343 1227 668 1282 trinitatem
722 1228 879 1294 fidei,
910 1228 1173 1284 veritatis
1212 1235 1268 1284 et
1306 1230 1545 1283 amoris.
1578 1230 1810 1283 Ponunt
1856 1229 1994 1282 item

344 1315 527 1371 solem
583 1316 1021 1387 imperatorem,
1055 1323 1111 1372 et
1141 1335 1173 1371 a
1205 1320 1362 1373 fonte
1410 1318 1699 1372 materiali
1751 1317 1998 1371 archan-

385 1406 619 1473 elicum,
681 1406 978 1462 sensionis
1036 1407 1277 1474 fontem,
1326 1408 1630 1463 fontanum
1679 1407 1995 1477 judicium,

370 1494 693 1550 ulmineum
726 1494 970 1564 fontem,
1003 1495 1378 1567 speculorum
1428 1496 1666 1559 fontem,
1702 1495 1997 1550 characte-

342 1600 477 1640 rum
509 1586 730 1639 fontem
778 1584 1097 1656 incognitis
1131 1584 1313 1655 signis
1344 1589 1402 1640 et
1433 1584 1715 1657 symbolis
1764 1585 1997 1637 inrum-

341 1673 604 1741 bentem,
636 1677 691 1727 et
724 1672 1096 1729 summitates
1144 1674 1437 1741 fontanas,
1470 1673 1780 1745 Apollinis,
1814 1672 1994 1727 Osiri-

2102 511 2317 587 ἀρχαι·
2384 513 2519 587 μετὰ
2570 510 2628 568 δὲ
2685 514 2936 583 τούτους,
2997 515 3049 568 οἱ
3107 518 3334 589 πηγαῖσι
3396 512 3648 586 πατέρες,
3704 512 3758 565 οἱ

2101 600 2433 673 καλούμενοι
2493 604 2579 657 καὶ
2623 603 3014 678 κοσμαγωγοί·
3053 603 3127 657 ῶν
3186 604 3214 657 6
3271 606 3488 676 πρῶτος
3544 601 3573 655 ὁ

2103 689 2347 745 ἐπέκεινα
2404 690 2716 766 λεγόμενος·
2784 694 2904 765 μεθ’
2960 693 3019 747 ὃν
3077 694 3113 761 ἡ
3173 690 3394 762 Ἑκάτη,
3428 691 3539 744 εἶτα
3592 688 3621 743 6
3675 687 3759 751 δὶς

2104 779 2386 835 ἐπέκεινα·
2427 783 2542 855 μεθ’
2574 782 2630 835 ὃν
2689 787 2835 856 τρεῖς
2890 780 3239 853 ἀμείλικτον
3300 781 3390 834 καὶ
3444 776 3761 839 τελευταῖος

2105 870 2132 923 6
2189 871 2488 938 ὑπεζωκός.
2551 865 2811 925 Σέϐονται
2866 869 2923 925 δὲ
2980 870 3069 925 καὶ
3128 870 3362 946 πηγαίαν
3414 866 3610 943 τριάδα
3666 866 3759 921 πί-

2103 978 2269 1020 στεως
2317 958 2407 1013 καὶ
2457 958 2714 1029 ἀληθείας
2757 959 2845 1014 καὶ
2895 957 3284 1035 ἕρωτος.Φασῖ
3335 955 3392 1013 δὲ
3446 957 3535 1012 καὶ
3595 956 3759 1032 ἀρχι-

2105 1050 2197 1103 κὸν
2228 1045 2413 1114 ἥλιον,
2446 1048 2552 1103 ἀπὸ
2581 1055 2681 1117 τῆς
2716 1047 2908 1118 ὑλικῆς
2964 1055 3147 1125 πηγῆς
3195 1046 3287 1103 καί
3328 1044 3759 1122 ἀργαγγελικὸν,

2104 1137 2195 1192 καί
2254 1139 2436 1213 πηγὴν
2493 1136 2816 1207 αἰσθήσεως,
2849 1138 2939 1192 καὶ
2996 1137 3239 1212 πηγαίαν
3297 1135 3496 1212 κρίσιν,
3541 1135 3631 1189 καὶ
3678 1154 3763 1188 κε-

2108 1225 2319 1301 ραύνιον
2380 1228 2586 1302 πηγὴν,
2619 1227 2710 1281 καὶ
2768 1228 2949 1303 πηγὴν
3009 1224 3279 1301 διοπτρῶν
3331 1225 3421 1280 καὶ
3476 1224 3760 1300 χαρακτήο

2108 1333 2213 1388 ρων
2276 1316 2461 1389 πηγὴν
2523 1310 2941 1369 ἐπιϐατεύουσαν
3014 1320 3129 1376 τοῖς
3203 1314 3500 1389 ἀγνώστοις
3563 1313 3761 1382 συνθή-

2111 1425 2241 1477 μασι
2276 1424 2289 1436 ’
2369 1405 2459 1458 καὶ
2576 1404 2817 1480 πηγαίας
2916 1404 3218 1481 ἀκρότητας
3262 1447 3277 1473 ,
3352 1401 3712 1465 ’Λπόλλωνος
3747 1444 3765 1474 ,

2111 1490 2399 1566 Ὀσίριδος,
2462 1494 2686 1565 Ῥρμοῦ.
2745 1492 2961 1555 Ὑλικὰς
3028 1490 3088 1549 δὶ
3158 1494 3337 1567 πηγάς
3403 1513 3586 1567 φασιν,
3641 1491 3763 1545 κίν-

2108 1602 2252 1654 τρων
2313 1583 2403 1635 καὶ
2467 1583 2777 1657 στοιχείων,
2839 1584 2929 1637 καὶ
2987 1582 3207 1657 ὀνείρων
3253 1582 3450 1651 ζώνην,
3503 1579 3596 1634 καί
3651 1600 3761 1649 πη-

2108 1674 2266 1743 γαῖαν
2329 1672 2536 1744 ψυχήν.
2593 1671 2737 1725 Μετὰ
2798 1668 2854 1725 δὲ
2912 1671 3008 1733 τὰς
3058 1672 3241 1746 πηγὰς
3316 1670 3568 1745 λέγουσιν
3632 1670 3764 1723 εἶναι

347 1762 460 1827 dis,
495 1761 787 1823 Mercurii,
822 1761 1149 1817 Materiales
1197 1779 1332 1818 vero
1381 1764 1571 1817 fontes
1619 1763 1823 1817 dicunt
1869 1777 1999 1816 esse

2114 1758 2305 1833 ἀρχάς.
2338 1760 2407 1813 Al.
2437 1760 2537 1833 γὰρ
2566 1759 2743 1834 πηγαὶ
2795 1759 3162 1836 ἀρχικώτεραι
3220 1764 3328 1815 τῶν
3373 1759 3564 1835 ἀρχῶν
3588 1778 3603 1793 θ
3650 1762 3761 1813 τῶν

347 1857 709 1917 centrorum,
752 1852 1179 1906 elementorum
1242 1856 1300 1906 et
1354 1851 1718 1907 somniorum
1769 1866 1997 1906 zonam.

352 1940 497 1994 Item
522 1939 781 1994 animam
807 1941 1137 1995 fontanam.
1160 1941 1438 1995 Fontibus
1460 1941 1824 2010 subjungunt
1848 1939 2002 2011 prin-

347 2028 499 2099 cipia
534 2044 547 2083 :
580 2030 731 2097 quod
769 2028 1075 2100 principiis
1117 2031 1447 2101 superiores
1479 2034 1537 2084 et
1566 2028 2001 2083 excellentiores

349 2117 469 2174 sint
524 2119 739 2172 fontes.
791 2118 1224 2189 Principiorum
1282 2120 1504 2173 autemt
1534 2118 1811 2173 animalia
1868 2135 2002 2188 pro—

349 2206 677 2262 creantium
728 2207 1044 2262 summitas
1092 2211 1336 2262 vocatur
1374 2207 1582 2262 Hecate
1630 2223 1645 2262 :
1697 2207 2000 2273 medietas,

349 2297 549 2351 anima
599 2294 935 2350 inchoativa
972 2312 985 2351 :
1029 2296 1390 2363 extremitas,
1422 2296 1610 2351 virtus
1653 2295 2000 2350 inchoativa.

352 2385 503 2439 Sunt
534 2384 687 2455 apud
721 2384 854 2439 illos
886 2401 1117 2456 quoque
1164 2385 1387 2441 Hecatae
1419 2382 1638 2452 ἄζωνοι,
1672 2402 1799 2455 quea
1829 2400 2006 2440 zonas

353 2491 466 2529 non
493 2474 734 2540 habent,
750 2478 816 2527 ut
836 2474 1150 2528 Chaldaica
1169 2470 1494 2547 τριεκδότις,
1513 2472 1724 2544 κωμάς,
1739 2478 1793 2529 et
1818 2470 2008 2526 ἔκκλυ-

350 2562 530 2630 στική.
568 2562 653 2617 Ι)ἱί
704 2568 901 2618 autem
956 2559 1155 2630 ἄζωνοι
1189 2563 1307 2617 illis
1356 2564 1638 2618 dicuntur
1684 2564 1922 2635 Serapis
1952 2567 2009 2618 et

250 2652 255 2655 ⁴
351 2650 643 2722 Dionysus
684 2652 805 2706 sive
849 2652 1150 2707 Bacchus:
1180 2651 1430 2707 Osiridis
1474 2652 1616 2706 item
1651 2652 1802 2724 σειρά
1832 2653 2010 2724 (quasi

350 2740 419 2795 ad
447 2742 744 2810 geniorum
794 2743 965 2795 series
1004 2744 1207 2795 catenae
1237 2756 1386 2795 more
1415 2744 1677 2809 connexa)
1709 2747 1765 2796 et
1796 2740 2008 2812 Apolli-

351 2830 443 2885 nis
476 2829 849 2901 appellantur
892 2827 1090 2896 ἅζωνοι
1124 2829 1203 2883 dii
1237 2831 1393 2901 quod
1425 2830 1689 2901 expedite
1718 2834 2010 2901 potestate

355 2936 465 2975 sua
495 2918 553 2973 in
586 2919 749 2974 zonis
781 2923 1052 2985 utuntur,
1076 2923 1134 2974 et
1158 2935 1337 2990 supra
1357 2919 1499 2974 deos
1522 2920 1872 2990 conspicuos
1902 2919 2012 2974 col-

360 3007 534 3064 locati
566 3012 725 3063 sunt.
749 3010 977 3060 Ζωναῖοι
1007 3012 1209 3063 contra
1232 3007 1333 3079 qui
1354 3024 1534 3063 zonas
1561 3008 1799 3074 habent,
1830 3008 2010 3064 libere

356 3096 510 3152 circa
544 3095 669 3151 cceli
719 3113 893 3152 zonas
942 3095 1253 3152 volvuntur
1282 3100 1339 3151 et
1370 3096 1736 3169 gubernandi
1785 3114 2005 3153 munus

354 3188 598 3254 obeunt,
630 3185 850 3241 habent
897 3185 1052 3241 enim
1086 3185 1339 3241 Chaldaei
1391 3186 1632 3241 deorum
1666 3202 1853 3258 genus
1899 3188 2001 3242 Zo-

354 3291 567 3340 nmum,
592 3276 745 3347 quod
796 3276 1092 3330 sensibilis
1123 3276 1330 3330 mundi
1364 3279 1559 3346 partes
1601 3276 1911 3345 inhabitat,
1945 3280 2005 3331 et

356 3364 624 3437 regiones
654 3366 807 3419 circa
839 3364 1201 3419 materialem
1247 3364 1440 3419 locum
1473 3369 1628 3420 sorte
1657 3364 2004 3420 distributas

353 3452 557 3523 cingit.
581 3458 721 3509 Post
742 3470 919 3509 zonas
949 3458 1039 3508 est
1072 3452 1327 3509 circulus
1354 3470 1465 3509 non
1496 3469 1699 3508 errans
1721 3470 1820 3509 seu
1855 3454 2002 3508 ﬁxus

351 3547 576 3613 septem
623 3544 796 3599 orbes
825 3541 1242 3613 complectens,
1276 3542 1335 3596 in
1369 3542 1587 3613 quibus
1620 3542 1798 3598 stellae
1842 3546 2001 3598 sunt.

353 3632 529 3687 Porro
562 3632 715 3687 alius
744 3631 864 3686 illis
896 3637 985 3686 est
1016 3632 1277 3686 mundus
1308 3631 1538 3694 solaris,
1562 3632 1799 3687 aetherio
1824 3632 2006 3687 fundo

352 3720 758 3787 subserviens;
822 3719 976 3773 alius
1023 3720 1285 3781 Zonzeus,
1336 3736 1492 3774 unus
1523 3736 1553 3773 θ
1584 3726 1826 3791 septem.
1868 3720 2005 3775 Ani-

353 3824 587 3863 marum
639 3807 1037 3862 humanarum
1087 3807 1381 3878 duplicem
1435 3812 1661 3878 ponunt
1709 3825 1943 3864 causam
1976 3826 2007 3864 e

352 3898 512 3951 fonte
570 3897 811 3966 perenni
881 3900 1375 3965 promanantem,
1435 3900 1740 3966 paternam
1802 3914 2008 3968 nempe

354 3988 632 4049 mentem,
666 3988 723 4039 et
770 3984 1036 4038 animam
1087 3985 1411 4038 fontanam.
1445 3983 1645 4040 Prodit
1691 3990 1908 4055 autem,
1943 3991 2006 4042 ut

355 4073 440 4129 illi
493 4072 728 4140 volunt,
780 4071 1154 4145 particularis
1212 4073 1410 4127 anima
1457 4090 1490 4128 a
1538 4075 1796 4140 fontana,
1837 4078 2007 4146 juxta

358 4163 550 4218 Patris
570 4162 931 4218 voluntatem
960 4179 971 4217 :
998 4166 1055 4217 et
1077 4162 1254 4217 habet
1284 4163 1597 4219 essentiam
1620 4180 1722 4236 per
1742 4181 1803 4219 se
1834 4182 2006 4237 gene-

356 4256 543 4306 ratam
594 4257 649 4307 et
683 4252 1025 4306 animatam.
1058 4250 1308 4305 Aliunde
1348 4251 1504 4305 enim
1556 4269 1671 4307 non
1720 4259 2004 4310 movetur.

354 4342 497 4397 Nam
549 4342 620 4410 si,
653 4346 718 4395 ut
747 4342 804 4394 in
840 4340 1075 4395 oraculo
1110 4341 1314 4407 fertur,
1348 4340 1498 4410 ignis
1528 4340 1704 4395 divini
1754 4359 1890 4413 pars
1919 4348 2009 4399 est

354 4434 411 4485 et
440 4430 596 4501 ignis
627 4430 883 4495 lucidus,
917 4435 1092 4500 atque
1126 4434 1379 4500 paterna:
1420 4430 1636 4485 mentis
1665 4436 2002 4504 conceptus,

2110 1845 2167 1903 δὲ
2227 1848 2512 1923 ζωογόνων
2571 1850 2783 1924 ἀρχῶν,
2814 1851 2848 1918 ἡ
2913 1851 3008 1923 μὶν
3046 1848 3525 1922 ἁκρότης,Ἐκάτη
3578 1845 3764 1902 καλεῖ-

2107 1957 2216 1993 ται.
2245 1939 2315 1993 'H
2359 1936 2415 1992 δὲ
2466 1938 2720 2010 μεσότης,
2748 1940 2901 2012 ψυχὴ
2951 1939 3180 2014 ἀρχική.
3211 1939 3275 1995 Ἡ
3336 1935 3393 1992 δὶ
3429 1936 3762 2012 περάτωσις,

2110 2025 2274 2101 ἀρετὴ
2325 2026 2552 2101 ἀρχική.
2596 2026 2717 2083 Εἰσὶ
2769 2025 2826 2081 δὲ
2884 2028 3011 2101 παρ’
3038 2028 3225 2089 αὐτοῖς
3274 2026 3361 2081 καὶ
3410 2024 3608 2095 ἆζωνοι

2110 2115 2352 2181 Ἑκάται,
2384 2116 2458 2176 ὡς
2512 2118 2546 2185 ἡ
2586 2114 2885 2191 τριεκδότις
2936 2118 2970 2185 ἡ
3012 2113 3322 2185 Χαλδαϊκὴ,
3352 2114 3441 2169 καὶ
3472 2118 3507 2183 ἡ
3538 2115 3759 2187 κωμὰς,

2110 2206 2199 2259 καὶ
2260 2208 2294 2275 ἡ
2347 2203 2695 2273 ἐκκλυστική.
2749 2206 3036 2273 Ἀζωνικοί
3096 2202 3153 2260 δὲ
3199 2205 3326 2280 παρ’
3382 2203 3569 2265 αὐτοῖς
3624 2202 3763 2269 θεοί,

2114 2293 2142 2347 ὁ
2201 2293 2462 2367 Σάραπις,
2520 2294 2608 2347 καὶ
2681 2294 2708 2348 6
2753 2292 3006 2354 Διόνυσος
3094 2292 3183 2346 καὶ
3242 2295 3278 2361 ἡ
3328 2296 3426 2347 τοῦ
3484 2287 3766 2363 Ὀσίριδος

2114 2382 2267 2455 σειρὰ
2312 2384 2446 2454 (23),
2478 2385 2567 2435 vui
2626 2383 2661 2451 ἡ
2700 2386 2797 2435 τοῦ
2854 2377 3231 2443 Ἀπόλλωνος.
3267 2383 3501 2450 Ἀζωνοι
3555 2377 3614 2435 δὲ
3668 2400 3770 2434 κα-

2114 2468 2335 2525 λοῦνται
2370 2471 2421 2524 οἱ
2476 2468 2713 2532 εὐλύτως
2755 2469 3212 2540 ἐνεξουσιάζοντες
3259 2476 3378 2532 ταῖς
3427 2470 3625 2539 ζώναις
3678 2470 3771 2523 καὶ

2120 2558 2533 2634 ὑπεριδρυμένοι
2594 2564 2698 2613 τῶν
2759 2558 3009 2637 ἐμφανῶν
3076 2564 3230 2623 θεῶν.
3282 2564 3513 2613 Ζωναῖοι
3576 2556 3656 2625 δὲ,
3715 2560 3767 2612 οἱ

2112 2650 2207 2711 τὰς
2256 2648 2307 2703 ἐν
2358 2648 2567 2725 οὐρανῷ
2618 2649 2788 2718 ζώνας
2830 2647 3119 2710 ἀπολῦτως
3176 2647 3627 2723 περιελίττοντες,
3675 2646 3767 2699 καὶ

2114 2738 2181 2793 τὰ
2214 2734 2347 2811 τῇδε
2380 2735 2730 2800 διοικοῦντες.
2762 2743 2914 2793 Θεῖον
2973 2738 3072 2813 γὰρ
3127 2737 3283 2811 γένος
3337 2736 3449 2791 ini
3509 2741 3638 2810 παρ’
3668 2735 3765 2789 αὑ·

2114 2832 2231 2889 τοῖς
2292 2831 2544 2896 ζωναῖον,
2594 2826 2656 2880 τὸ
2708 2826 3168 2899 κατανειμάμενον
3217 2826 3314 2887 τὰς
3367 2828 3463 2880 τοῦ
3504 2822 3766 2893 αἴσθητοῦ

2116 2918 2326 2989 κόσμου
2362 2913 2601 2991 μερίδας,
2635 2913 2723 2970 καὶ
2774 2916 3087 2988 ζωσάμενον
3134 2914 3229 2976 τὰς
3280 2915 3404 2988 περὶ
3450 2914 3541 2968 τὸν
3574 2911 3763 2967 ὑλαῖον

2115 3008 2283 3061 τόπον
2336 3003 2754 3081 διακληρώσεις.
2815 3004 2968 3061 Μετὰ
3032 3001 3090 3059 δὲ
3145 3004 3241 3067 τὰς
3308 3002 3478 3073 ζώνας
3534 3000 3676 3057 ἐστὶν
3737 3002 3765 3054 ὁ

2120 3093 2368 3164 ἀπλανὴς
2430 3094 2653 3165 κύκλος,
2712 3095 2985 3169 περιέχων
3028 3093 3125 3155 τὰς
3195 3092 3330 3148 ἒπτὰ
3403 3089 3652 3169 σφαίρας,
3712 3088 3767 3144 ἰν

2116 3188 2200 3248 αῖς
2248 3184 2315 3241 τὰ
2363 3183 2550 3260 ἄστρα.
2584 3184 2687 3240 Καὶ
2740 3181 2910 3244 ἄλλος
2955 3183 3049 3255 μὲν
3092 3183 3219 3257 παρ’
3253 3180 3436 3243 αὐτοῖς
3480 3182 3507 3235 6
3536 3177 3772 3249 ἡλιωιὸς

2109 3274 2315 3348 κόσμος
2367 3278 2446 3345 τῷ
2490 3273 2715 3349 αίθερίῳ
2768 3270 2915 3347 βάθει
2948 3268 3245 3327 δουλεύων⁸
3295 3268 3467 3332 ἄλλος
3511 3266 3569 3323 δὶ
3598 3270 3627 3323 6
3660 3274 3771 3337 ζω-

2112 3369 2283 3430 ναῖος,
2308 3365 2386 3423 εἷς
2437 3362 2509 3416 ὣν
2549 3366 2657 3415 τῶν
2690 3361 2844 3415 ἑπτά.
2886 3364 3005 3415 Τῶν
3056 3356 3114 3413 δὲ
3162 3357 3515 3434 ἀνθρωπίνων
3565 3359 3769 3431 ψυχῶν

2113 3450 2258 3508 αἶ’τια
2309 3449 2464 3506 διττὰ
2508 3454 2720 3524 πηγαῖα
2765 3448 3031 3512 τίθενται·
3063 3446 3157 3503 τόν
3206 3468 3264 3502 τε
3310 3448 3568 3519 πατρικὸν
3613 3449 3770 3510 νοῦν,

2111 3540 2203 3596 καὶ
2246 3542 2345 3609 τὴν
2400 3538 2634 3613 πηγαίαν
2666 3538 2875 3612 ψυχήν.
2908 3537 3007 3591 Καὶ
3050 3538 3380 3612 προέρχεται
3434 3535 3528 3608 μὶν
3581 3532 3774 3595 αὐτοῖς

2114 3633 2148 3700 ἡ
2186 3630 2381 3705 μερική
2450 3627 2556 3682 ἀπὸ
2600 3633 2700 3695 τῆς
2753 3625 2993 3700 πηγαίας
3042 3626 3179 3680 κατὰ
3222 3624 3483 3701 βούλησιν
3514 3627 3611 3678 τοῦ
3663 3643 3773 3676 πα-

2112 3720 2239 3793 τρός
2273 3738 2287 3753 ·
2322 3713 2437 3793 ἔχει
2490 3715 2546 3772 δὶ
2600 3717 2689 3771 καὶ
2733 3715 3021 3790 αὐτόγονον
3083 3716 3268 3769 ουσίαν
3317 3713 3407 3768 καὶ
3462 3712 3768 3780 αὐτόζωον.

2116 3808 2193 3867 Οὐ
2224 3809 2323 3885 γάρ
2379 3807 2517 3861 ἐστιν
2549 3806 2625 3869 ὡς
2670 3805 3066 3880 ἓτεροκίνητος.
3117 3803 3180 3858 Ei
3221 3802 3325 3879 γὰρ
3377 3803 3511 3857 κατὰ
3554 3802 3618 3855 τὸ
3673 3800 3771 3855 λό-

2115 3918 2234 3973 γιον
2268 3902 2433 3971 μοῖρα
2460 3900 2556 3950 τοῦ
2586 3894 2755 3969 πυρός
2785 3893 2895 3949 ἐστι
2926 3898 3022 3949 τοῦ
3054 3893 3196 3956 θείου
3253 3894 3345 3947 καὶ
3393 3895 3495 3965 πῦρ
3553 3890 3772 3968 φαεινὸν

2116 3986 2204 4041 καὶ
2255 3986 2431 4057 νόημα
2467 3983 2749 4057 πατρικὸν,
2792 3980 2933 4044 εἶδός
2986 3980 3126 4036 ἔστιν
3169 3978 3333 4036 ἄυλον
3379 3980 3467 4036 καὶ
3524 3978 3771 4041 αὗθυπό-

2118 4095 2328 4130 στατον.
2370 4076 2629 4130 Τοιοῦτον
2659 4071 2759 4147 γὰρ
2790 4075 2893 4125 πᾶν
2933 4069 2994 4125 τὸ
3027 4074 3192 4137 θεῖον,
3220 4068 3282 4123 οὗ
3318 4069 3478 4143 μέρος
3504 4070 3540 4136 ἡ
3570 4068 3730 4141 ψυχή
3756 4085 3772 4100 ·

2115 4164 2205 4218 καὶ
2258 4164 2434 4217 πάντα
2482 4161 2640 4237 φασὶν
2701 4159 2834 4214 εἶναι
2884 4158 2936 4213 ἐν
2995 4159 3190 4232 ἑκάστῃ
3245 4156 3420 4232 ψυχῇ.
3470 4157 3595 4210 Καθ’
3650 4156 3774 4209 ἑκά-

2118 4274 2250 4321 στην
2311 4249 2368 4306 δὲ
2427 4248 2677 4319 ἰδιότητα
2733 4247 3007 4324 ἄγνωστον
3078 4245 3246 4322 ῥητοῦ
3300 4246 3389 4301 καὶ
3449 4242 3771 4319 ἀπορρήτου

2117 4342 2481 4413 συνθήματος·
2515 4339 2604 4393 καὶ
2655 4332 3079 4392 καταϐιϐάσουσι
3137 4333 3194 4390 δὲ
3240 4336 3341 4403 τήν
3395 4333 3580 4408 ψυχὴν
3632 4328 3775 4386 πολ-

2117 4428 2273 4492 λάκις
2306 4430 2360 4484 ἂν
2390 4429 2469 4500 τῷ
2495 4429 2689 4500 κόσμῳ
2721 4424 2791 4481 δι’
2834 4425 3006 4487 αίτίας
3062 4424 3302 4480 πολλάς*
3335 4422 3371 4492 ἢ
3426 4420 3515 4477 διὰ
3570 4439 3771 4495 πτερο-

354 4519 612 4590 profecto
643 4519 829 4573 forma
861 4522 949 4573 est
981 4517 1241 4573 materiae
1267 4534 1473 4590 expers
1505 4522 1562 4573 et
1591 4534 1691 4591 per
1720 4536 1783 4575 se
1812 4522 2003 4577 subsi-

2123 4518 2313 4596 ρύησιν
2347 4520 2481 4591 (24),
2512 4516 2547 4586 ἢ
2581 4514 2670 4572 διὰ
2717 4512 2979 4590 βούλησιν
3034 4515 3328 4588 πατρικήν.
3360 4512 3651 4582 Δοξάζουσι
3711 4506 3770 4563 δὶ

354 4613 538 4663 stens.
566 4606 673 4661 Illa
704 4607 855 4660 enim
894 4608 1091 4661 omnia
1124 4624 1256 4661 cum
1286 4606 1479 4661 divina
1516 4613 1725 4664 natura
1754 4626 2013 4666 commu-

355 4696 576 4761 nicant,
610 4696 781 4765 cujus
813 4696 1105 4765 particula
1136 4700 1226 4749 est
1262 4696 1481 4749 anima.
1520 4696 1693 4751 Aiunt
1722 4698 1920 4753 omnia
1951 4700 2009 4755 in

353 4784 617 4857 qualibet
646 4784 846 4838 anima
875 4800 1026 4847 esse,
1053 4786 1153 4838 sed
1185 4787 1241 4838 et
1269 4784 1511 4839 cuilibet
1541 4784 2010 4856 inexplicabilem

353 4879 411 4929 et
442 4872 805 4945 incognitam
856 4873 1170 4927 fandorum
1203 4877 1259 4927 et
1289 4872 1664 4928 infandorum
1706 4874 2010 4947 signorum

2118 4609 2210 4663 τὸν
2270 4609 2478 4680 κόσμον
2538 4603 2711 4660 ἀίδιον
2771 4605 2860 4659 καὶ
2918 4605 3012 4667 τὰς
3055 4607 3163 4658 τῶν
3213 4602 3423 4674 ἄστρων
3453 4597 3767 4675 περιόδους·

2118 4697 2210 4752 τὸν
2244 4694 2301 4751 δὲ
2348 4691 2480 4765 ᾅδην
2541 4692 2849 4768 πολλαχῶς
2898 4692 3339 4766 καταμερίζουσι.
3372 4689 3471 4744 Καὶ
3517 4693 3611 4742 νῦν
3669 4688 3767 4761 μὶν

2120 4785 2279 4841 αὐτὸν
2337 4784 2453 4847 θεὸν
2505 4782 2863 4855 ὀνομάζουσιν
2899 4781 3147 4855 ἀρχηγὸν
3197 4786 3297 4848 τῆς
3336 4777 3616 4854 περιγείου
3666 4775 3773 4845 λή-

2122 4876 2272 4947 ξεως·
2305 4878 2393 4927 νῦν
2453 4870 2512 4927 δὲ
2556 4872 2647 4926 τὸν
2697 4872 2801 4926 ὑπὸ
2846 4869 3081 4940 σελήνην
3130 4868 3297 4924 τόπον
3348 4867 3514 4946 φασί’
3554 4870 3650 4922 νῦν
3710 4862 3773 4920 δὶ

1592 5018 1894 5078 JOANNIS
1933 5021 2250 5080 OPSOPIEI
2292 5019 2522 5078 ΝΟΤιΕ.

423 5128 537 5199 (22)
566 5127 820 5195 Ἀζωνοι,
847 5125 1081 5199 Servius
1112 5124 1170 5179 in
1208 5124 1622 5199 illud‘Eneid.
1657 5143 1761 5184 xu.
1800 5132 1855 5184 et
1898 5129 2009 5184 diis

346 5196 728 5255 communibus
745 5214 903 5253 aras:
922 5220 948 5245 ‹‹
968 5196 1040 5251 Ut
1060 5200 1259 5252 autem
1284 5196 1508 5252 altioris
1534 5196 1791 5253 scientiae
1823 5200 2009 5255 homi-

348 5271 525 5325 nibus
560 5272 767 5342 placet,
788 5270 867 5342 dii
901 5285 1247 5342 communes
1278 5273 1420 5323 sunt
1450 5268 1551 5342 qui
1580 5267 1779 5336 ἄζωνοι
1810 5272 2011 5327 dicun-

348 5347 465 5410 tur,
510 5340 575 5396 id'
627 5340 856 5413 estqui
897 5341 1038 5396 certi
1097 5345 1453 5413 certasnon
1507 5341 1729 5413 habent
1790 5350 2007 5413 partes,

350 5413 450 5467 sed
502 5412 852 5483 generaliter
883 5429 915 5466 a
958 5412 1192 5467 cunctis
1242 5411 1538 5465 coluntur.
1575 5411 1803 5483 Ubique
1848 5411 2004 5467 enim

350 5500 449 5539 eos
495 5482 1059 5555 essermanit‘estum
1112 5491 1218 5546 est,
1256 5489 1318 5537 ut
1369 5489 1555 5536 mater
1594 5482 1800 5549 Deum,
1835 5487 2007 5555 cujus

353 5561 614 5627 potestas
642 5554 701 5609 in
730 5554 1010 5627 omnibus
1032 5555 1205 5627 zonis
1235 5561 1343 5627 est.
1377 5574 1404 5603 ››

424 5628 536 5697 (23)
583 5624 765 5698 Σειρά.
821 5623 983 5697 Σειρά
1027 5625 1183 5681 idem
1233 5626 1463 5681 videtur
1513 5623 1793 5682 denotare
1850 5627 2005 5699 quod

2119 5127 2343 5200 Synesii
2374 5122 2635 5200 σίῤῥαιον,
2676 5125 2848 5200 cujus
2886 5122 3379 5196 signiﬁcationem
3434 5121 3569 5177 vide
3608 5122 3773 5194 apud

2120 5197 2510 5270 Nicephorum
2544 5213 2676 5270 pag.
2705 5197 2829 5270 114.

2193 5260 2308 5341 (21's)
2340 5260 2727 5341 Πτερορῦησιν.
2760 5266 3187 5341 rScri_bendum_
3210 5269 3301 5341 est
3346 5260 3774 5341 τετερορῥύησιν,

2118 5347 2176 5398 et
2200 5335 2311 5398 hoc
2337 5413 2347 5424 .
2370 5335 2459 5397 est
2488 5335 2525 5397 θ’
2546 5335 2805 5396 Platonis
2839 5336 3229 5461 philosophia
3278 5335 3632 5420 in.Ph‘asdro,
3672 5335 3775 5422 ubi

2120 5414 2398 5461 Adrastia;
2431 5412 2614 5461 leuem
2647 5416 2900 5461 exnomt.
2934 5409 3035 5461 Ἢν
3068 5405 3095 5461 δ
3170 5408 3408 5461 (locum
3441 5408 3773 5461 Buouvaawu

2119 5413 2398 5469 Adrastia
2431 5412 2614 5484 legem
2647 5405 2900 5483 exponit.
2934 5409 3035 5484 Ἢν
3068 5405 3408 5484 6‘:_(in_quit)
3441 5408 3773 5484 βαρυνθεῖσα

2117 5486 2150 5551 ἡ
2184 5484 2337 5558 ψυχὴ
2384 5476 2760 5558 πτεβορῥυήοῖῃ
2813 5502 2871 5535 τε
2926 5481 3016 5535 καὶ
3074 5476 3307 5545 ἰπῖτήν
3355 5476 3457 5553 γῆν
3504 5476 3665 5551 πέσῃ,
3717 5486 3776 5536 et

2116 5572 2247 5626 quas
2276 5562 2625 5628 sequuntur.
