4060 6214
293 361 453 421 1153

1194 361 1273 421 ΙΝ
1317 360 1700 424 MERCURII
1747 363 2248 425 TRISMEGISTI
2302 361 2799 427 PlMANDRUM.

3550 364 3709 426 1154

285 492 387 558 τὴν
442 487 766 563 μεσαιτάτην
795 493 893 544 τοῦ
918 488 1157 566 αἰθερίου
1205 490 1416 563 κόσμου
1445 492 1534 546 καὶ
1577 497 1674 547 τοῦ
1725 491 1936 547 ὑλαίου·
1971 504 1991 565 λ

2056 496 2528 566 symbolorumve
2577 494 3014 566 prOprietatem.
3068 491 3287 548 Volunt
3339 494 3595 551 animam
3648 497 3710 552 in

284 580 375 633 νῦν
410 576 467 633 δὲ
494 580 595 646 τήν
647 577 847 651 ἄλογον
893 580 1103 653 ψυχὴν,
1151 580 1242 633 καὶ
1293 581 1527 634 τιθέασιν
1566 580 1617 635 ἰν
1649 580 1783 654 αὐτῇ
1841 588 1938 650 τήν

286 666 546 742 λογικὴν,
583 666 680 721 οὐκ
712 664 1016 734 οὐσιωδῶς,
1049 664 1196 721 ἀλλὰ
1245 673 1530 743 σχετικῶς,
1565 669 1691 725 ὅταν
1727 690 1946 742 συμπα-

283 761 391 820 θῶς
439 752 545 830 ἔχῃ
575 756 713 832 πρὸς
744 754 912 825 αὐτὴν
939 755 1029 810 καὶ
1079 750 1332 830 προϐάλῃ
1374 758 1465 812 τὸν
1500 759 1719 835 μερικὸν
1755 755 1937 834 λόγον.

283 842 451 907 Ἰδὲας
484 843 543 898 δὲ
572 844 881 918 νομίζουσι,
904 848 993 898 νῦν
1027 845 1120 917 μὲν
1163 844 1257 908 τὰς
1303 851 1399 900 τοῦ
1453 848 1662 923 Πατρὸς
1716 845 1941 917 ἐννοίάς,

281 937 374 990 νῦν
437 930 494 988 δὲ
544 931 673 995 τοὺς
722 930 962 987 καθόλου
1012 931 1237 1008 λόγους,
1288 936 1376 988 καὶ
1431 936 1688 1013 φυσικοὺς
1715 937 1804 991 καὶ
1842 940 1944 1009 ψυ-

284 1021 481 1098 χικοὺς
509 1023 600 1076 καὶ
632 1021 881 1093 νοητούς·
925 1026 1016 1075 νῦν
1069 1020 1127 1077 δὶ
1167 1022 1263 1087 τὰς
1313 1021 1645 1100 ἐξῃρημένας
1689 1029 1798 1079 τῶν
1854 1021 1943 1079 ὅν-

282 1116 392 1165 τῶν
444 1112 717 1187 ὑπάρξεις.
769 1110 913 1173 Τοὺς
971 1108 1029 1165 δὲ
1084 1112 1207 1187 περὶ
1271 1117 1506 1189 μαγειῶν
1562 1112 1764 1189 λόγους
1818 1136 1942 1169 συν-

286 1204 502 1255 ιστῶσιν
564 1200 670 1255 ἀπό
727 1221 786 1254 τε
842 1204 950 1255 τῶν
1006 1199 1316 1275 ἀκροτάτων
1379 1200 1683 1277 δυνάμεων,
1725 1203 1831 1257 ἀπό
1884 1225 1943 1259 τε

281 1295 390 1345 τῶν
438 1290 732 1364 περιγείων
784 1286 954 1346 ὑλῶν.
1004 1296 1275 1363 Συμπαθῆ
1310 1288 1366 1345 δὲ
1412 1291 1477 1346 τὰ
1507 1288 1615 1346 ἅνω
1645 1298 1762 1354 τοῖς
1794 1294 1943 1348 κάτω

282 1379 410 1455 φασὶ
460 1381 549 1434 καὶ
610 1376 847 1452 μάλιστα
892 1379 961 1433 τὰ
1027 1380 1128 1434 ὑπὸ
1176 1378 1449 1451 σελήνην.
1508 1382 1941 1438 ἈποκαΘιστῶσι

284 1466 343 1525 δὲ
398 1467 496 1532 τὰς
551 1469 733 1543 ψυχὰς
794 1468 929 1542 μετᾶ
1000 1469 1091 1523 τὸν
1167 1468 1463 1544 λεγόμενον
1526 1471 1749 1526 θάνατον
1809 1474 1944 1527 κατὰ

282 1559 351 1613 τὰ
410 1559 580 1634 μὲτρα
630 1562 740 1613 τῶν
802 1556 1017 1612 οἱκείων
1077 1558 1429 1633 καθάρσεων,
1505 1557 1558 1614 ἐν
1617 1556 1770 1623 ὅλοις
1822 1568 1942 1625 τοῖς

282 1651 379 1702 τοῦ
427 1646 640 1721 κόσμου
692 1645 899 1723 μέρεσι.
944 1648 1100 1709 Τινᾶς
1169 1644 1226 1702 δὲ
1271 1648 1359 1703 καὶ
1402 1649 1532 1723 ὑπὲρ
1587 1651 1679 1704 τὸν
1732 1650 1939 1723 κόσμον

284 1731 713 1807 ἀναϐιϐάζουσι,
753 1737 844 1792 καὶ
918 1737 1079 1810 μέσας
1132 1735 1293 1800 αὐτὰς
1346 1736 1675 1813 διορίζονται
1724 1747 1832 1795 τῶν
1882 1762 1941 1797 τι

2055 586 2347 639 mundum
2395 583 2625 640 demitti
2673 583 2745 638 ob
2796 580 3012 636 multas
3059 596 3291 651 causas,
3325 587 3426 637 aut
3472 592 3712 655 propter

2056 689 2377 743 pennarum
2409 672 2749 739 deﬂuvium,
2775 677 2875 726 aut
2906 674 3143 741 propter
3175 677 3479 742 paternam
3506 672 3711 728 volun-

2054 767 2254 816 tatem.
2283 762 2661 817 Arbitrantur
2704 761 2991 815 mundum
3044 765 3329 814 internum
3378 776 3527 828 esse,
3565 768 3629 817 ut
3658 766 3716 817 et

2053 850 2359 907 stellarum
2409 850 2843 907 conversiones.
2881 848 3191 903 Plutonem
3247 848 3369 905 sive
3416 849 3711 907 infernum

2052 937 2114 993 in
2163 941 2352 995 varias
2414 945 2611 1012 partes
2668 939 2959 1005 dividunt,
2994 953 3248 1008 eumque
3308 939 3478 994 modo
3535 939 3713 995 deum

2053 1026 2372 1100 appellant,
2407 1028 2633 1085 ordinis
2682 1026 2842 1083 illius
2875 1026 2976 1098 qui
3021 1027 3178 1082 circa
3224 1030 3439 1083 terram
3490 1031 3711 1084 sortem

2052 1134 2223 1172 suam
2267 1118 2544 1189 obtinuit,
2578 1117 2819 1181 ducem;
2872 1116 3046 1171 modo
3096 1115 3394 1187 regionem
3428 1116 3714 1173 subluna-

2053 1222 2176 1261 rem
2212 1222 2224 1261 :
2259 1208 2431 1263 modo
2474 1206 2699 1262 medias
2739 1205 2893 1260 inter
2930 1204 3230 1259 aetheriam
3263 1208 3319 1259 et
3348 1205 3712 1262 materialem

2054 1296 2343 1350 mundum
2376 1302 2570 1368 partes
2596 1295 2945 1361 obeuntem;
2977 1294 3148 1349 modo
3172 1294 3431 1349 animam
3463 1293 3710 1350 rationis

2051 1389 2382 1455 expertem:
2409 1386 2468 1439 in
2501 1402 2568 1439 ea
2616 1382 2964 1439 rationalem
3017 1382 3275 1438 animam
3310 1383 3707 1451 constituunt,

2054 1489 2167 1528 non
2201 1473 2612 1539 essentialiter,
2638 1473 2739 1528 sed
2774 1471 3152 1543 pr0portione
3174 1472 3450 1541 quadam,
3475 1473 3710 1543 quando

2051 1563 2467 1618 convenienter
2494 1563 2565 1619 ad
2615 1561 2776 1617 illam
2828 1562 3034 1617 ail'ecta
3082 1565 3191 1631 est,
3225 1560 3569 1632 particulari
3618 1577 3711 1615 ra-

2053 1652 2212 1708 tione
2245 1652 2522 1723 projecta.
2556 1652 2724 1708 ideas
2774 1651 3067 1706 deﬁniunt
3110 1650 3284 1705 modo
3335 1667 3465 1706 esse
3517 1650 3712 1707 Patris

2053 1742 2513 1815 intelligentiae:
2549 1742 2722 1797 modo
2764 1739 3123 1795 universales
3155 1739 3430 1807 rationes,
3466 1744 3711 1795 natura-

286 1823 594 1900 ἆμερίστων
652 1826 741 1880 καὶ
805 1830 1071 1900 μεριστῶν
1129 1825 1375 1904 φύσεων.
1448 1828 1661 1883 Τούτων
1722 1825 1779 1884 δὲ
1828 1836 1991 1933 τῶν1

291 1912 315 1933 δ
448 1913 459 1932 Ι
678 1915 692 1932 \
800 1913 821 1933 Χ
874 1914 885 1933 Ι
1067 1914 1079 1930 ε
1138 1916 1182 1933 ΩΔ
1399 1914 1441 1933 I‘
1640 1919 1651 1933 \
1711 1916 1778 1933 ..Ν
1816 1920 1824 1933 1

2055 1829 2157 1900 les,
2192 1829 2479 1887 animales
2520 1835 2577 1885 et
2617 1828 2991 1885 intellectiles
3026 1845 3039 1882 :
3076 1828 3247 1883 modo
3279 1828 3644 1884 substantias
3677 1845 3711 1884 a

288 1912 576 1989 δογμάτων
634 1915 702 1969 τὰ
755 1913 935 1970 πλείω
993 1914 1083 1970 καὶ
1138 1914 1525 1987 Ἀριστοτέλης
1566 1919 1654 1971 καὶ
1710 1916 1939 1973 Πλάτων

288 1999 557 2073 ἐδέξαντοί
592 2003 644 2057 o't
677 2000 735 2057 δὶ
763 2003 886 2076 περὶ
922 1999 1201 2059 Πλωτίνον
1235 2004 1322 2057 καὶ
1358 1999 1710 2081 ’λάμϐΛιχον,
1734 2007 1945 2083 Πορφύ-

288 2091 405 2167 ριόν
445 2112 505 2147 τε
553 2091 643 2146 καὶ
701 2088 951 2166 Πρόκλον
994 2095 1121 2146 πᾶτι
1169 2091 1677 2164 κατηκολούθησαν,
1728 2095 1815 2149 καὶ
1866 2096 1944 2159 ὡς

286 2180 430 2244 θείας
459 2184 638 2257 φωνὰς
672 2178 1083 2256 ἀσυλλογίστως
1114 2185 1280 2235 ταῦτα
1311 2178 1581 2252 ἐδέξαντο.

2055 1920 2231 1975 rebus
2266 1920 2411 1991 ipsis
2465 1920 2814 1975 abstractas.
2847 1922 3139 1974 Astruunt
3185 1934 3420 1973 omnem
3468 1920 3712 1990 magica

2054 2008 2314 2065 scientia;
2366 2010 2652 2065 rationem
2701 2008 2899 2080 perﬁci
2949 2024 2982 2062 a
3034 2007 3288 2062 summis
3340 2008 3618 2079 potentiis
3658 2014 3714 2063 et

2056 2098 2304 2153 terrenis
2328 2097 2613 2167 materiis,
2633 2095 3086 2153 familiaritatem
3112 2096 3251 2151 item
3279 2100 3337 2151 et
3367 2096 3714 2152 convenien-

2052 2187 2196 2242 tiam
2221 2186 2527 2258 superiora
2549 2203 2683 2242 cum
2708 2186 3085 2241 inferioribus
3118 2185 3353 2250 habere,
3385 2186 3712 2257 prmsertim

286 2289 416 2344 quae
449 2273 560 2327 sub
592 2270 732 2327 luna
761 2279 923 2327 sunt.
957 2271 1256 2327 Collocant
1287 2273 1516 2328 animas
1566 2279 1699 2345 post
1730 2281 2001 2343 mortem,
2028 2277 2199 2346 juxta
2248 2275 2554 2331 modulum
2587 2280 2644 2330 et
2676 2291 3013 2330 mensuram
3047 2273 3468 2329 lustrationum
3505 2275 3712 2345 singu-

284 2360 359 2415 lis
393 2359 753 2415 familiarum
785 2363 844 2415 et
873 2360 1371 2431 convenientium,
1406 2361 1463 2416 in
1498 2362 1775 2419 omnibus
1807 2366 2008 2419 mundi
2043 2364 2310 2436 partibus
2336 2382 2349 2419 :
2374 2364 2666 2435 quasdam
2699 2362 2873 2418 etiam
2910 2360 3064 2417 ultra
3095 2362 3385 2416 mundum
3418 2363 3711 2418 evehunt:

284 2464 506 2521 easque
537 2449 879 2505 discrimine
921 2450 1071 2505 facto
1104 2450 1161 2504 in
1193 2456 1435 2506 naturas
1465 2452 1735 2508 dividuas
1784 2458 1841 2508 et
1888 2454 2223 2509 individuas
2272 2458 2567 2524 separant.
2601 2456 2785 2524 Atque
2818 2452 2975 2508 Plato
3009 2452 3249 2522 quidem
3281 2456 3337 2506 et
3367 2451 3715 2509 Aristoteles

285 2539 488 2613 plures
520 2556 588 2594 ex
619 2538 982 2595 enumeratis
1014 2539 1321 2611 opiniones
1354 2549 1697 2613 receperunt
1730 2560 1742 2598 :
1781 2542 2042 2600 Plotinus
2075 2561 2228 2610 vero,
2258 2543 2650 2613 Jamblichus,
2682 2541 3062 2613 Porphyrius,
3098 2540 3358 2608 Proclus,
3390 2558 3711 2613 eorumque

284 2626 565 2701 discipuli
604 2644 810 2684 omnes
862 2628 921 2684 in
976 2627 1314 2685 universum
1365 2632 1791 2703 approbarent,
1825 2639 1881 2688 et
1910 2650 2027 2689 non
2078 2650 2248 2689 secus
2279 2649 2345 2688 ac
2376 2632 2605 2688 divinas
2633 2647 2801 2687 voces
2849 2631 3073 2702 absque
3119 2629 3240 2686 ullo
3289 2630 3626 2688 discrimine
3656 2636 3715 2687 et

286 2717 559 2775 examine
588 2718 977 2774 admiserunt.
1042 2728 1045 2729 '

1584 3081 2419 3179 ΤΟΥ’ΨΕΛΑΟΥ

1104 3301 1221 3355 ΕΙΣ
1262 3301 1396 3357 ΤΟΝ
1440 3300 1673 3357 EPMOI‘
1710 3298 1847 3355 ΤΟΥ
1882 3296 2395 3355 ΤΡῘΣΜΕΓΙΣΤΟΥ
2437 3299 2907 3355 [ΙΟΙΜΑΝΔΡΗΝ.

1769 3586 2207 3681 PSELLI

1197 3798 1275 3858 IN
1323 3796 1705 3858 MERCURII
1749 3793 2248 3857 TRISMEGlSTl
2296 3782 2797 3857 PlMANDRUM.

1970 3984 2042 4000 —

363 4165 579 4221 Ἔοικεν
635 4164 662 4218 ὀ
708 4162 843 4239 γόης
886 4160 1043 4223 οὗτος
1098 4164 1167 4234 τῇ
1214 4159 1326 4231 σείᾳ
1389 4158 1572 4237 Γρᾶφῇ
1622 4156 1685 4213 οὐ
1740 4156 1991 4236 παρὲρ-(

2128 4160 2372 4215 Videtur
2401 4161 2729 4217 incantator
2760 4158 2858 4215 ille
2891 4176 3006 4215 non
3030 4159 3217 4215 obiter
3240 4158 3300 4213 in
3322 4160 3521 4215 divina
3550 4158 3707 4215 Scri-

286 4273 407 4327 γως
460 4251 825 4326 ὡμιληκέναι*
876 4246 995 4316 ὅθεν
1024 4249 1083 4305 ἐκ
1118 4248 1318 4320 ταύτης
1350 4248 1674 4323 ὁρμώμενος
1720 4251 1789 4321 τῇ
1820 4267 1945 4301 κοσ-

291 4340 533 4412 μοποιίᾳ
578 4340 889 4416 ἆπιχειρεῖ,
950 4335 1090 4411 μηδὲ
1135 4336 1298 4397 αὐτὰς
1347 4335 1519 4390 ὀκνῶν
1569 4336 1663 4397 τὰς
1718 4336 1947 4392 Mount“-

284 4430 394 4491 κάς
438 4428 606 4500 λόξεις
634 4428 801 4503 ψιλὰς
853 4427 1023 4482 ἐνίοτε
1067 4426 1405 4502 ἀναγράφειν·
1450 4425 1523 4488 ὡς
1578 4423 1668 4479 καὶ
1722 4425 1785 4479 τὸ
1816 4443 1947 4499 προ-

284 4519 540 4591 κείμενον
569 4516 731 4574 τοῦτο
766 4517 928 4593 ῥητὸν
984 4512 1136 4571 ὄλνψ
1195 4514 1257 4569 τὸ
1303 4514 1430 4588 γὰρ,
1495 4536 1517 4564 ι
1551 4514 1711 4570 Εἶπεν
1745 4514 1772 4569 6
1796 4513 1943 4583 Θεὸς,

284 4606 576 4677 αὖξάνεσθε
605 4608 692 4661 καὶ
727 4604 1088 4677 πληθύνεσθε,
1123 4628 1151 4654 ››
1184 4608 1365 4681 σαφῶς
1394 4602 1451 4657 ἐκ
1498 4609 1600 4672 τῆς
1651 4608 1947 4672 Μωσαῖκῆς

284 4696 659 4769 κοσμοποιίας
717 4695 894 4751 ἐστίν.
955 4693 1027 4748 Οὐ
1082 4693 1189 4767 μήν
1246 4692 1482 4765 ἐνέμεινε
1536 4689 1819 4753 παντελῶς
1874 4694 1944 4764 τῇ

284 4784 567 4855 ἁπλότητι
614 4786 706 4840 καὶ
760 4783 1042 4861 σαφηνείᾳ,
1090 4781 1178 4837 καὶ
1224 4785 1305 4853 τῷ
1342 4780 1486 4845 εὐθεῖ
1533 4781 1620 4835 καὶ
1664 4779 1948 4855 εἰλικρινεῖ

284 4876 385 4931 καὶ
422 4869 570 4937 ὅλως
612 4871 841 4930 θεοειδεῖ
886 4876 985 4938 τῆς
1037 4878 1292 4949 Γραφῆς,
1337 4868 1467 4925 ἀλλ’
1515 4869 1589 4931 εἷς
1645 4870 1707 4924 τὸ
1753 4868 1943 4931 causa;

288 4963 539 5041 ὑπερῥύη
593 4963 762 5028 πάθος
800 4966 919 5026 τοῖς
963 4964 1071 5015 τῶν
1126 4958 1411 5029 Ἑλλήνων
1462 4963 1673 5037 σοφοῖς,
1721 4956 1799 5019 εἷς
1846 4957 1945 5013 ἆλ-

288 5052 566 5129 ληγορίας
629 5052 721 5107 καὶ
769 5048 978 5112 πλάνας
1041 5049 1131 5103 καὶ
1170 5046 1450 5124 τερατείας
1498 5045 1557 5102 ix
1604 5052 1702 5116 τῆς
1745 5045 1947 5108 εὐθείας

286 5140 427 5199 ὁδοῦ
475 5142 565 5198 καὶ
612 5141 890 5203 ἀπλανοῦς
939 5138 1261 5216 ἐκτραπεὶς,
1312 5138 1347 5207 ἢ
1402 5137 1505 5191 ὑπὸ
1556 5139 1652 5191 τοῦ
1711 5136 1949 5208 Ποιμάν-

288 5229 430 5308 δρου
474 5228 835 5291 συνελασθείς.
894 5227 1007 5286 Οὐκ
1054 5224 1262 5298 ἄδηλον
1321 5222 1379 5279 δὲ
1435 5220 1580 5286 ὅστις
1625 5224 1692 5293 ἧν
1752 5225 1779 5278 ὁ
1837 5228 1943 5280 τῶν

284 5319 578 5391 Ἐλλήνων
638 5314 1015 5394 Ηοιμάνδρης,
1066 5318 1094 5372 6
1148 5316 1237 5371 καὶ
1290 5315 1417 5388 παρ’
1466 5316 1601 5386 ἡμῖν
1635 5313 1948 5390 κοσμοκρά-

285 5428 409 5483 τωρ
459 5410 864 5483 ὀνομαζόμενος
907 5406 941 5475 ἢ
988 5410 1097 5461 τῶν
1148 5403 1351 5460 ἒκείνου
1393 5423 1494 5465 τις.
1529 5400 1784 5471 Κλὲπτης
1823 5404 1948 5479 γὰρ,

287 5497 485 5577 φησὶν,
519 5498 548 5553 6
579 5493 840 5561 διάϐολος
885 5494 977 5550 καὶ
1020 5493 1376 5573 ἐκφερομυθεῖ
1417 5492 1490 5577 τά
1532 5488 1792 5577 ἡμέτερα,
1839 5491 1949 5567 οὐχ

280 5574 386 5642 είνοι
434 5586 485 5640 οἱ
534 5583 740 5641 ἐκείνου
784 5584 1167 5657 μεταμάθωσιν
1216 5582 1315 5651 τὴν
1365 5574 1633 5649 ἀσέϐειαν,
1687 5576 1813 5634 ἀλλ’
1859 5577 1947 5634 ’ίνα

282 5679 413 5739 τοῖς
455 5681 557 5746 τῆς
602 5672 858 5746 ἀληθείας
892 5673 1096 5752 ῥήμασι
1144 5672 1235 5727 καὶ
1277 5671 1546 5744 νοήμασιν
1597 5669 1697 5739 τήν
1750 5668 1951 5724 ἑαυτῶν

2056 4253 2231 4321 ptura
2260 4254 2525 4305 versatus
2547 4265 2703 4316 esse;
2730 4249 2886 4303 unde
2908 4264 2978 4302 ex
3006 4246 3106 4302 illa
3128 4247 3422 4318 profectus
3444 4249 3516 4301 de
3539 4263 3709 4301 mun-

2057 4337 2117 4391 di
2147 4338 2441 4393 creatione
2491 4340 2723 4407 tractat,
2754 4353 2871 4392 non
2921 4334 3198 4391 dubitans
3238 4340 3445 4391 tenues
3494 4334 3710 4407 Moysis

2057 4442 2227 4481 voces
2259 4442 2686 4498 nonnunquam
2718 4424 3139 4493 transcribere;
3174 4427 3238 4478 ut
3267 4427 3323 4479 et
3353 4424 3476 4479 haec
3507 4439 3712 4495 propo-

2056 4516 2171 4571 sita
2219 4517 2412 4571 verba.
2447 4514 2594 4569 Illud
2642 4517 2799 4570 enim
2830 4530 2841 4569 :
2868 4536 2895 4563 ‹‹
2933 4513 3083 4568 Dixit
3131 4518 3307 4581 Deus,
3348 4513 3602 4569 Crescite
3651 4516 3710 4568 et

2057 4602 2595 4675 multiplicamini»
2635 4605 2931 4659 evidenter
2978 4619 3046 4658 ex
3095 4602 3350 4659 Mosaica
3397 4600 3712 4657 creationis

2055 4693 2300 4749 historia
2332 4694 2539 4748 oritur.
2568 4693 2691 4751 Non
2718 4693 2955 4763 quidem
2990 4695 3182 4746 servat
3212 4691 3452 4747 omnino
3484 4689 3712 4763 simpli-

2055 4782 2295 4837 citatem
2336 4786 2392 4837 et
2432 4781 2901 4852 perspicuitatem
2936 4786 2993 4836 et
3023 4780 3395 4851 rapiditatem
3427 4785 3486 4836 et
3516 4780 3708 4835 since-

2057 4872 2288 4926 ritatem
2335 4876 2392 4927 et
2422 4871 2787 4925 divinitatem
2834 4870 3175 4942 Scriptura,
3210 4871 3311 4926 sed
3361 4870 3419 4925 in
3469 4868 3715 4926 solitum

2057 4959 2390 5015 Grmcorum
2425 4959 2758 5029 sapientum
2792 4974 3017 5013 morem
3051 4958 3193 5025 abit,
3228 4958 3286 5012 in
3319 4956 3628 5030 allegorias
3658 4959 3716 5011 et

2056 5063 2283 5104 errores
2313 5051 2370 5102 et
2400 5050 2671 5118 portenta
2701 5063 2769 5102 ex
2800 5052 2958 5103 recta
2985 5052 3042 5101 et
3079 5063 3284 5102 secura
3312 5046 3405 5101 via
3433 5044 3711 5115 delapsus

2056 5136 2143 5193 vel
2176 5153 2211 5192 a
2240 5136 2585 5192 Poimandre
2616 5142 2874 5193 coactus.
2909 5136 3033 5191 Non
3078 5136 3362 5190 incertum
3395 5137 3590 5188 autem
3622 5133 3714 5186 est

2057 5225 2191 5297 quis
2241 5232 2396 5280 esset
2443 5224 2542 5280 ille
2592 5224 2928 5282 Graecorum
2984 5223 3371 5286 Poemandres,
3402 5219 3557 5274 idem
3607 5217 3711 5289 qui

2057 5315 2213 5386 apud
2253 5331 2359 5370 nos
2392 5314 2597 5369 mundi
2632 5315 2915 5370 Dominus
2954 5313 3295 5368 nominatur
3324 5312 3427 5365 aut
3457 5325 3612 5364 unus
3643 5324 3713 5363 ex

2057 5405 2186 5475 ejus
2237 5402 2548 5459 ministris.
2582 5404 2699 5459 Fur
2748 5404 2931 5467 enim,
2965 5400 3176 5471 inquit,
3212 5402 3301 5454 est
3353 5397 3626 5455 diabolus
3657 5400 3713 5453 et

2061 5496 2293 5548 nostros
2342 5507 2643 5547 sermones
2673 5490 2935 5562 divulgat
2987 5504 3102 5543 non
3145 5492 3212 5542 ut
3258 5488 3390 5558 ejus
3436 5483 3714 5557 discipuli

2062 5580 2427 5653 impietatem
2463 5580 2790 5649 dediscant,
2826 5579 2926 5633 sed
2977 5580 3042 5631 ut
3085 5576 3347 5632 veritatis
3376 5576 3615 5631 vocibus
3658 5577 3718 5631 et

2061 5669 2369 5727 sententiis
2396 5685 2564 5725 suam
2616 5668 2981 5741 impietatem
3013 5669 3313 5733 ornantes,
3348 5661 3713 5739 persuasibi-
