3970 6218
314 306 472 365 1155
572 330 575 339 δ

308 436 515 493 liorem
547 451 678 492 eum
714 434 933 492 faciant
961 438 1017 491 et
1046 434 1486 507 acceptabilem.
1518 439 1644 491 Non
1677 431 1833 487 enim
1864 445 1957 485 ve-

308 544 439 583 rum
474 526 617 582 dicit
648 524 828 592 Plato,
864 541 996 581 cum
1045 525 1303 581 afﬁrmat
1333 523 1560 580 Graecos
1600 520 1965 595 pulchriores

306 615 569 672 eﬂecisse
600 632 632 670 a
664 614 932 670 Barbaris
981 618 1252 685 acceptas
1302 613 1509 681 famas,
1544 610 1870 667 eruditione
1907 612 1964 663 et

305 705 601 778 Delphicis
661 703 917 760 oraculis
975 719 1135 758 usos.
1164 702 1379 756 Verum
1421 718 1451 757 e
1501 705 1705 757 contra
1759 698 1963 755 dicunt

308 795 410 868 qui
441 795 802 851 contendunt
833 794 1062 849 Graecos
1087 792 1346 864 segniter
1374 792 1676 847 veritatem
1709 789 1963 861 inquire-

310 902 393 953 re,
426 889 482 941 et
526 901 625 940 eos
676 883 999 955 praesertim
1034 881 1093 937 in
1128 882 1304 937 rebus
1352 880 1697 953 tbeologicis
1745 895 1959 935 errare.

307 980 487 1031 Porro
520 974 620 1046 qui
652 973 774 1028 haec
805 972 971 1027 aiunt
1002 988 1119 1027 non
1153 988 1222 1027 ex
1255 971 1465 1027 nostris
1499 974 1659 1035 sunt,
1684 969 1786 1024 sed
1812 969 1961 1024 Grae-

307 1080 508 1119 corum
552 1060 940 1130 celeberrimi,
969 1060 1054 1116 sic
1100 1059 1233 1131 quis
1266 1060 1413 1115 forte
1442 1059 1515 1114 iis
1546 1057 1801 1115 occurrit
1832 1073 1961 1128 qua:

306 1152 664 1226 Porphyrius
696 1151 767 1205 ad
810 1151 1222 1205 ascendentem
1255 1147 1588 1222 Egyptium
1622 1145 1857 1218 scripsit
1888 1146 1960 1201 ab

304 1244 432 1314 ipso
464 1241 710 1312 cupiens
746 1240 1050 1294 veritatem
1102 1243 1227 1293 tum
1278 1254 1512 1310 quoque
1544 1236 1789 1304 discere,
1824 1251 1959 1290 cum

294 1333 482 1403 jama
512 1329 727 1386 Graecis
778 1328 1080 1383 didicerat.
1116 1328 1266 1382 Num
1317 1326 1496 1399 igitur
1545 1325 1660 1381 alia
1709 1324 1960 1380 barbara

304 1438 449 1494 gens
500 1420 707 1476 mundi
756 1420 1084 1475 Creatorem
1117 1422 1168 1474 ot
1203 1434 1397 1490 regem
1450 1415 1638 1488 patria
1686 1413 1958 1487 opinione

305 1515 362 1566 et
393 1526 556 1566 more
603 1508 871 1578 coluerit,
905 1508 1095 1563 dicere
1123 1524 1237 1562 non
1273 1506 1490 1573 habeo;
1541 1505 1642 1560 sed
1693 1504 1955 1558 Hebraeo-

304 1616 438 1659 rum
468 1598 807 1669 religionem
852 1613 954 1667 per
983 1612 1217 1651 omnem
1261 1601 1478 1650 terram
1513 1592 1956 1649 celeberrimam

304 1689 509 1756 fuisse,
541 1704 863 1757 eorumque
913 1686 1069 1757 leges
1119 1685 1480 1756 antiquiores
1524 1684 1704 1738 fuisse
1752 1686 1807 1737 et
1856 1680 1957 1737 illo

300 1776 583 1834 Mercurio
617 1782 675 1831 et
705 1776 962 1845 quolibet
992 1776 1145 1847 apud
1176 1775 1404 1830 Graecos
1436 1773 1723 1846 sapiente,
1752 1769 1958 1826 multis

297 1868 771 1923 demonstratum
805 1869 914 1921 est.

1647 302 1695 361 M
1710 300 1834 361 [Cll
1847 302 1885 358 Α
1902 298 2071 358 ELIS
2117 297 2386 358 PSELLI

3576 308 3728 368 “56

1989 432 2045 498 Α
2077 424 2385 483 δυσσέϐειαν
2435 426 2838 504 ἐπιχρώσαντες
2885 431 2975 485 καὶ
3018 433 3428 510 μορφώσαντες,
3486 447 3730 501 πιθανω-

2069 515 2224 592 τέραν
2290 516 2621 594 ἐργάσωνται
2686 520 2775 573 καὶ
2842 524 2960 582 τοῖς
3015 518 3250 585 πολλοῖς
3310 522 3726 599 εὖπαράδεκτον.

2072 606 2147 664 Οὐ
2198 608 2299 682 γάρ
2344 607 2598 678 ἀληθεύει
2649 606 2875 664 Πλάτων
2906 611 3001 672 τὰς
3029 610 3087 665 ἐκ
3137 616 3246 665 τῶν
3283 608 3574 689 βαρϐάρων
3625 618 3726 690 φής

2074 718 2177 769 μας
2237 693 2765 773 παραλαμϐἅνοντας
2832 696 3063 754 κάλλιον
3134 700 3537 777 ἀπεργάσασθαι
3599 704 3725 770 τοὺς

2069 784 2344 854 Ἕλληνας
2412 784 2582 861 λέγων
2648 784 2867 860 παιδείᾳ
2916 788 3236 864 χρωμένους
3295 793 3386 845 καὶ
3442 793 3721 865 μαντείαις

2071 874 2129 930 ἐκ
2168 873 2412 954 Δελφῶν.
2468 875 2829 947 ’Λληθεῦουσι
2861 875 2917 932 δὲ
2967 878 3179 950 μᾶλλον
3213 881 3264 934 οἱ
3308 878 3557 955 λέγοντες
3595 884 3724 938 ἀτσ-

2069 961 2350 1041 λαίπωρον
2404 966 2707 1042 εἶναιπαρὰ
2736 972 2853 1029 τοῖς
2911 966 3146 1039 Ἕλλησι
3176 977 3277 1041 τῆς
3317 968 3575 1041 ἀληθείας
3620 973 3724 1041 τὴν

2071 1057 2342 1126 ζήτησιν,
2394 1054 2635 1128 μάλιστα
2699 1053 2755 1110 δὲ
2816 1055 2867 1110 ἐν
2928 1060 2997 1131 τῇ
3048 1057 3172 1134 περί
3232 1063 3327 1113 τοῦ
3383 1060 3527 1115 Θείου
3588 1058 3720 1136 δόξῃ

2067 1144 2369 1209 πλανᾶσθαι
2418 1146 2656 1209 αὐτούς.
2708 1145 2830 1203 Eia?
2882 1144 2940 1202 δὲ
2993 1149 3045 1202 οἱ
3097 1153 3263 1203 ταῦτα
3304 1149 3555 1226 λέγοντες
3612 1154 3727 1229 οὐχ

2066 1235 2348 1306 ἡμέτεροι,
2381 1231 2526 1289 ἀλλᾶ
2551 1238 2659 1289 τῶν
2690 1232 2975 1306 Ἑλλήνων
3010 1237 3061 1292 οἱ
3093 1234 3483 1315 δοκιμώτεροι,
3534 1240 3587 1295 εἲ
3638 1262 3722 1305 τις

2067 1322 2389 1399 ἐντετύχηκε
2418 1324 2508 1378 καὶ
2557 1326 2640 1386 οἷς
2693 1320 2918 1401 ἔγραψεν
2973 1326 3000 1380 ὁ
3046 1327 3353 1405 Πορφῦριος
3406 1329 3543 1405 πρὸς
3598 1330 3726 1385 ἀνα-

2066 1407 2319 1467 ϐαίνοντα
2363 1413 2453 1467 τὸν
2512 1411 2807 1488 Αἶγύπτιον
2864 1416 2992 1489 παρ’
3038 1414 3245 1471 ἐκείνου
3295 1416 3489 1472 λοιπὸν
3524 1418 3722 1490 ἐπιζη-

2063 1505 2172 1555 τῶν
2209 1502 2397 1573 μαθεῖν
2427 1502 2524 1570 τὴν
2560 1499 2841 1573 ἀλήθειαν,
2896 1501 3084 1572 ἐπειδὴ
3114 1505 3259 1581 παρᾶ
3286 1512 3392 1561 τῶν
3429 1505 3721 1578 Ἑλλήνων

2065 1591 2321 1667 ἐπέγνων.
2384 1590 2445 1646 Εἰ
2509 1592 2603 1663 μὶν
2663 1592 2753 1646 οὖν
2786 1592 2877 1647 καὶ
2935 1591 3077 1649 ἄλλο
3130 1590 3401 1671 βάρϐαρον
3435 1594 3597 1665 γένος
3624 1597 3726 1651 τὸν

2065 1680 2407 1756 Δημιουργὸν
2462 1681 2551 1735 καὶ
2605 1679 2829 1755 βασιλέα
2857 1680 3015 1737 τοῦδε
3044 1688 3144 1736 τοῦ
3174 1685 3371 1748 παντὸς
3417 1684 3723 1758 πατριώδει

1987 1811 2035 1877 Β
2065 1768 2190 1845 δόξῃ
2236 1770 2325 1825 καὶ
2374 1769 2566 1842 νόμοις
2624 1768 2966 1846 ἐθρήσκευεν,
3018 1770 3188 1827 εἷ’πεῖν
3240 1773 3339 1829 οὐκ
3373 1771 3508 1851 ἔχω’
3543 1776 3629 1830 ὅτι
3663 1772 3731 1830 δὶ

2073 1863 2085 1877 ο
2183 1865 2209 1875 ο
2296 1854 2389 1877 φυηρ
2472 1859 2483 1877 1
2622 1871 2639 1877 Α
2753 1855 2805 1877 rp
3054 1856 3113 1877 ΩΙ
3280 1864 3308 1877 ιν
3403 1863 3417 1877 ε
3468 1864 3481 1877 ι
3582 1871 3610 1877 .-

2063 1863 2098 1931 ἡ
2144 1865 2250 1914 τῶν
2296 1854 2558 1933 Ἑϐραίων
2618 1855 2894 1923 θεοσέϐεια
2922 1856 3251 1933 περιϐόητος
3275 1864 3344 1933 ἦν
3392 1863 3493 1918 ἆνᾶ
3538 1871 3725 1920 πᾶσαν

293 1956 392 2024 τὴν
426 1953 777 2027 οἷ’κουμὲνην,
809 1952 891 2007 ὅτι
930 1953 1020 2008 καὶ
1050 1954 1085 2022 ἡ
1116 1950 1407 2026 νομοθεσία
1438 1952 1614 2007 αὑτῶν
1646 1949 1980 2028 ἀρχαιοτέρα
2007 1953 2071 2019 ἦν
2106 1949 2195 2005 καὶ
2227 1951 2437 2025 Ἑρμοῦ
2466 1948 2685 2020 τούτου,
2718 1949 2808 2005 καὶ
2841 1948 2974 2013 ε’ίτις
2996 1948 3168 2016 ἄλλος
3197 1954 3326 2027 παρ’
3351 1953 3587 2026 Ἐλλησι
3621 1976 3728 2009 oo-

297 2046 398 2124 φὸς
427 2042 664 2107 πολλοῖς
696 2040 1098 2098 ἀποδέδεικται.

1042 2278 2145 2565 MICHAELIS
2260 2394 2962 2561 PSELLI

915 2694 1616 2804 OPERUM
1790 2694 2211 2799 PARS
2369 2693 3070 2822 QUABTA

1778 2923 2199 2969 COMPLECTENS

1572 3060 2426 3158 HISTOBICA'.

1635 3429 2358 3561 ΨΕΛΛΟΥ

1914 3659 2073 3710 ΠΕΡΙ

616 3826 875 3922 ΤΩΝ
959 3822 1720 3922 ΑΘΗΝΑΙΚΩΝ
1803 3821 2245 3919 ΤΟΠΩΝ
2327 3823 2542 3918 ΚΑΙ
2626 3824 3371 3925 ΟΝΟΜΑΤΩΝ.

1647 4194 2323 4318 PSELLI

896 4410 1061 4505 DE
1129 4409 1497 4507 LOCIS
1573 4409 1724 4503 ET
1792 4407 2492 4505 NOMINIBUS
2558 4409 3058 4507 ATTICIS.

339 4769 428 4824 Tu
461 4767 640 4841 igitur
669 4786 785 4825 non
823 4769 1016 4826 solum
1062 4770 1513 4827 Atheniensium
1549 4770 1753 4826 urbem
1786 4768 1907 4823 dili-

2134 4767 2180 4820 ἒὺ
2237 4763 2295 4821 δὲ
2334 4766 2458 4866 ἔρα
2489 4765 2594 4866 οὐδι
2640 4766 2808 4838 αὐτῆς
2863 4771 3029 4842 μόνον
3058 4779 3162 4843 τῆς
3230 4775 3542 4845 Ἀθηναίων
3568 4777 3702 4854 ἐρᾷς

268 4856 380 4928 gis,
413 4858 515 4914 sed
566 4864 622 4914 et
670 4858 861 4914 Attica
892 4859 1152 4929 nomina,
1180 4864 1382 4933 utpote
1432 4876 1562 4932 quae
1603 4858 1918 4931 quamdam

267 4946 551 5003 musicam
580 4964 777 5003 vocem
800 4947 1090 5003 emittant.
1117 4948 1323 5004 Dixisti
1348 4954 1542 5004 autem
1576 4954 1629 5004 te
1657 4948 1915 5003 nondum

266 5041 562 5093 versatum
596 5054 724 5093 esse
750 5037 809 5091 in
842 5036 1140 5093 recondito
1163 5038 1232 5094 de
1263 5037 1400 5108 illis,
1426 5042 1706 5108 tanquam
1740 5038 1798 5091 in
1831 5054 1918 5093 sa-

265 5126 376 5180 cris
409 5126 809 5199 adytis,opere
833 5125 1196 5197 scripto.Sed
1225 5144 1356 5182 cum
1392 5126 1692 5182 nonnullis
1712 5142 1915 5182 eorum

264 5215 546 5285 occurris,
566 5216 748 5273 Sunio
777 5215 906 5271 dico
929 5223 982 5271 et
1005 5215 1287 5287 Cephisiae
1314 5220 1369 5272 et
1399 5216 1518 5272 illis
1544 5238 1571 5266 «
1598 5215 1801 5287 Spheti
1834 5214 1915 5270 fui

330 5392 356 5417 *
379 5391 607 5448 Psellus
624 5396 945 5449 orationem
972 5394 1275 5450 funebrem
1297 5394 1599 5450 Michaelis
1617 5393 1916 5449 Caerularii

264 5465 684 5589 pronuntiavit,
710 5466 768 5519 in
800 5483 917 5536 qua
947 5481 1081 5520 eum
1115 5464 1317 5521 laudat
1345 5483 1411 5522 eo
1439 5482 1508 5522 ex
1538 5467 1728 5537 capite
1759 5466 1913 5533 quod

288 5536 600 5589 .atinorum
648 5536 976 5589 renrobavit
1021 5540 1373 5589 sententiam
1422 5539 1492 5589 de
1542 5536 1913 5589 nrocessione

288 5536 615 5619 .atinorunl
648 5536 976 5619 reprobavi_t
1021 5540 1391 5619 sententiam.
1422 5539 1504 5619 de
1542 5536 1913 5619 process-ioue

263 5622 297 5663 a
330 5607 491 5665 Filio.
518 5630 548 5661 «
575 5607 777 5666 Exstat
825 5625 892 5665 ea
937 5608 1112 5666 Pselli
1161 5610 1347 5667 oratio
1378 5610 1436 5665 in
1468 5607 1647 5684 Regia
1693 5609 1911 5665 Biblio-

2029 4852 2271 4922 πόλεως,
2323 4852 2469 4909 ἀλλά
2497 4854 2586 4909 καὶ
2616 4860 2721 4911 τῶν
2770 4859 3061 4929 Ἀθήνησιν
3116 4860 3427 4935 ὀνομάτων,
3461 4865 3538 4927 ὣς
3571 4852 3705 4923 τινα

2028 4944 2286 4999 κάκείνων
2344 4944 2608 5016 μουσικὴν
2659 4948 2987 5018 πεμπόντων
3036 4950 3187 5024 ἧχώ.
3246 4952 3415 5009 Οῧπω
3464 4952 3522 5009 δὲ
3556 4954 3707 5034 ἔφη-

2029 5054 2122 5096 σας
2148 5032 2586 5107 ἐντετυχηκέναι,
2621 5033 2801 5110 ὥσπερ
2835 5036 2886 5090 ἐν
2926 5038 3097 5112 ἱεροῖς
3145 5038 3386 5109 ἀδύτοις,
3440 5032 3709 5118 ἀποθὲτφ

2026 5122 2147 5196 περὶ
2179 5119 2386 5176 τούτων
2444 5122 2852 5197 συγγράμματι·
2913 5122 3057 5182 ἀλλὰ
3105 5128 3243 5183 κατά
3280 5130 3447 5204 μέρος
3496 5131 3707 5207 in"-

2026 5210 2208 5287 χάνων
2238 5208 2446 5277 αὐτοῖς,
2478 5232 2550 5287 φη
2566 5211 2625 5283 μὶ
2658 5209 2723 5282 δὴ
2755 5218 2833 5286 τῷ
2876 5215 3085 5289 Σουνίῳ
3137 5219 3229 5272 καὶ
3395 5224 3704 5300 Κηφησίᾳ,

2022 5391 2219 5466 theca;
2253 5390 2523 5466 hancque
2551 5394 2788 5451 tandem
2809 5411 2942 5451 cum
2976 5395 3107 5452 aliis
3127 5398 3396 5466 ejusdem
3424 5405 3705 5463 auctoris

2022 5463 2533 5550 lucubrationibus
2579 5466 2735 5550 tzpis
2782 5467 2958 5550 regiis
3004 5463 3291 5550 edendam
3345 5490 3510 5550 paro.
3538 5499 3567 5524 ιο
3597 5479 3704 5550 ιιι

2023 5535 2362 5619 Lequien‘in
2386 5536 2577 5619 prima
2600 5535 3018 5597 Disserta'tione
3039 5535 3484 5619 Damasceuica,
3508 5565 3567 5604 u.
3588 5535 3696 5619 31,

2022 5624 2079 5681 p.
2110 5624 2227 5663 xvr.
2259 5607 2416 5663 Eon.
2452 5608 2623 5664 ΡΑτιι.
