3970 6218
232 326 385 385 1157

1248 321 1351 381 DE
1395 321 1619 382 LOCIS
1668 323 1766 381 ET
1809 322 2244 383 NOMINIBUS
2292 321 2623 382 ATTlCIS.

3480 326 3637 387 “58

224 453 311 507 καὶ
367 455 446 523 τῷ
481 472 509 502 ι(
542 454 791 526 Σφηττοῖ
818 449 1030 525 γέγονα,
1058 450 1148 505 καὶ
1180 449 1379 525 Θρίηζε
1408 450 1496 505 καὶ
1531 449 1806 526 Φαληροῖ,
1840 474 1868 502 »

2069 452 2259 508 Thrim
2317 456 2375 508 et
2405 451 2659 522 Phaleri,
2722 476 2749 502 ‹‹
2781 456 2837 509 et
2885 469 3122 509 rursum
3158 476 3180 506 ι
3242 454 3460 526 Spheto
3508 457 3635 512 abi-

226 541 316 596 καὶ
366 541 516 600 αὖθις
552 561 581 590 ‹‹
615 537 926 615 Σφηττόθεν
979 538 1174 612 ἀπῄειν
1205 539 1293 593 καὶ
1339 538 1684 611 Φαληρόθεν,
1718 563 1745 590 ›)
1781 538 1882 593 ὥσ·

227 650 325 705 περ
357 627 657 697 ἐνθουσιᾷς,
698 626 787 681 καὶ
822 626 944 682 λίαν
986 625 1133 701 ἔχεις
1168 627 1443 702 ἐρωτικῶς
1477 626 1623 683 δυοῖν
1658 629 1880 702 θατέρου

222 724 435 793 τυχεῖν,
475 718 510 787 ἢ
545 721 795 795 Σφηττοῖ
837 716 1079 790 γενέσθαι
1127 717 1216 771 καὶ
1266 718 1616 795 Κηφισιᾶσιν,
1668 718 1701 787 ἢ
1756 717 1879 792 περὶ

224 813 334 864 τῶν
364 806 586 883 χωρίων
619 805 996 882 ἐναργέστερόν
1025 828 1077 861 τι
1109 808 1317 879 μαθεῖν.

295 916 393 969 Διὰ
418 913 587 969 ταῦτά
635 934 720 968 σοι
752 912 858 987 ἐγὼ
890 910 949 967 ἐκ
978 912 1212 969 πολλῶν
1248 909 1479 990 βιϐλίων
1512 913 1882 990 συνηγηοχὼς

222 1002 413 1081 γράφω
436 1002 613 1059 ταυτί.

295 1092 513 1168 Ηλευρὰἱ
566 1112 649 1153 τις
692 1087 909 1161 διῆκται
971 1098 1072 1161 τῆς
1132 1092 1389 1162 Ἀττικῆς
1449 1092 1539 1147 σὺν
1596 1096 1666 1167 τῇ
1700 1091 1880 1167 Μεγά-
1937 1105 1944 1111 ’

224 1180 331 1257 ρίδι
392 1180 498 1236 ἀπὸ
558 1179 789 1235 Σουνίου
850 1179 1047 1256 μέχρις
1104 1181 1366 1253 Ἰσθμοῦ.
1425 1185 1685 1245 Ἐνταῦθα
1746 1182 1882 1235 κατὰ

229 1272 397 1345 μέσην
447 1290 553 1324 που
611 1271 711 1339 τὴν
741 1270 998 1338 τοιαύτην
1028 1272 1292 1343 γραμμήν
1324 1277 1440 1333 τοῖς
1474 1270 1549 1332 εἷς
1577 1273 1675 1339 τήν
1716 1269 1878 1325 πόλιν

223 1358 621 1415 καταπλέουσιν
686 1359 714 1412 ὁ
782 1358 1065 1433 Πειραιεὺς
1110 1360 1365 1429 ἀπαντᾷ,
1433 1361 1495 1414 τὸ
1553 1354 1882 1435 περιϐόητον

222 1455 331 1505 τῶν
391 1447 697 1518 Ἀθηναίων
756 1447 1013 1504 ἐπίνειον.
1074 1449 1222 1504 Μετᾶ
1283 1446 1339 1503 δὲ
1366 1450 1458 1504 τὸν
1495 1451 1739 1525 Πειραιᾶ,
1774 1454 1881 1502 Φα-

226 1538 417 1611 ληρεῖς
476 1535 655 1611 δῆμος
712 1536 765 1591 ἐν
821 1540 890 1603 τῆ
950 1537 1138 1615 ἐφεξῆς
1195 1537 1437 1614 παραλίᾳ
1486 1537 1618 1593 ἐστί·
1653 1540 1768 1610 μεθ’
1821 1535 1879 1592 ὄν

224 1626 627 1704 Ἀναγυράσιοι.
692 1627 804 1681 Εἶτ’
877 1627 1265 1705 Ἀναιρλύστιοι
1335 1630 1499 1704 μέχρι
1557 1635 1658 1697 τῆς
1716 1625 1880 1702 ἄκρας

222 1721 320 1771 τοῦ
349 1714 579 1771 Σουνίου
625 1713 931 1786 διήκοντες.
982 1718 1117 1773 Εἶτα
1146 1717 1209 1771 τὸ
1243 1716 1493 1789 Σούνιον,
1526 1716 1704 1791 δῆμος
1736 1718 1881 1787 ἀξιο-

228 1806 565 1880 λογώτατοςο
626 1805 742 1878 μεθ’
800 1805 831 1859 ’ὸ
888 1805 1180 1873 Μαραθὼν,
1241 1802 1378 1861 ὅπου
1436 1805 1741 1877 Μιλτιάδης
1786 1806 1881 1867 τὰς
1916 1840 1961 1903 Β

230 1896 367 1967 μετᾶ
397 1892 625 1956 Δάτιδος
682 1897 780 1949 τοῦ
828 1892 1037 1970 Πέρσου
1069 1891 1324 1968 δυνάμεις
1378 1893 1544 1971 ἄρδην
1593 1893 1879 1973 διέφθειρε.

227 1983 383 2041 Μετᾶ
439 1981 497 2038 δὲ
545 1984 870 2057 Μαραθῶνα,
915 1982 1275 2058 Τρικόρυθος·
1327 1987 1441 2039 εἶτα
1500 1986 1790 2058 Ῥαμνοῦς,
1819 1984 1881 2039 τὸ

227 2078 521 2148 Νεμέσεως
550 2074 722 2147 ἱερόν.

301 2166 429 2221 Τῶν
462 2161 521 2219 δὲ
576 2165 718 2239 ὁρῶν
774 2163 843 2219 τὰ
897 2162 1140 2237 ὀνόματα
1193 2164 1429 2237 μάλιστά
1486 2166 1594 2221 ἔστι
1634 2172 1819 2224 ταῦτα’
1853 2171 1881 2225 ὁ

223 2254 554 2327 Ὑμηττὸςὸ
606 2251 908 2330 Βριλησσὸς
966 2255 993 2308 ὁ
1045 2249 1420 2330 Λυκαϐηττὸς,
1476 2259 1510 2327 ἡ
1574 2257 1878 2333 Πάρνηθος,

224 2345 254 2399 ὁ
290 2340 637 2417 Κορυδαλός.

296 2432 547 2505 Ποταμοῖ⁵
607 2429 665 2487 δὲ
719 2432 771 2487 οἱ
833 2430 1295 2507 διωνομασμένοι,
1359 2436 1386 2489 ὁ
1446 2436 1744 2514 Κηφισσὸς,
1792 2440 1881 2495 καὶ

218 2522 249 2576 ὁ
318 2521 570 2592 Ἰλισσὸς,
639 2521 773 2598 ῥέων
829 2520 905 2584 εἷς
952 2524 1051 2591 τὴν
1084 2522 1350 2600 παραλίαν
1402 2522 1459 2579 ἐκ
1486 2532 1593 2581 τῶν
1626 2529 1755 2602 ὑπὲρ
1782 2536 1880 2600 τῆς

220 2613 439 2686 Ἀγρας
489 2611 580 2665 καὶ
636 2611 732 2666 τοῦ
790 2612 1024 2666 Λυκείου
1087 2617 1287 2685 μερῶν,
1338 2612 1427 2668 καί
1472 2622 1571 2686 τῆς
1600 2625 1788 2692 πηγῆς
1818 2620 1879 2689 ἣν

217 2700 463 2774 ὕμνηκεν
499 2700 550 2755 ἐν
585 2698 809 2776 Φαίδρῳ
843 2699 1093 2756 Πλάτων.

303 2808 588 2881 Κάμψαντι
638 2805 697 2862 δὲ
749 2807 812 2862 τὸ
873 2806 1098 2863 Σούνιον
1163 2808 1296 2880 ἀκτή
1358 2809 1468 2866 ἐστι
1498 2812 1633 2889 πρὸς
1686 2812 1879 2891 ἄρκτον

220 2896 665 2975 ἆμφιθάλαττος,
716 2898 875 2965 στενὴ
907 2898 970 2953 τὸ
1019 2896 1258 2971 πρῶτον,
1309 2900 1420 2955 εἶτα
1451 2900 1527 2963 εἷς
1583 2904 1681 2973 τὴν
1722 2904 1885 2977 μεσό-

214 3007 382 3064 γαιον
438 2984 789 3042 πλατύνεται.
822 2986 903 3043 Τὸ
934 2983 991 3041 δὲ
1022 2985 1215 3042 λοιπὸν
1248 2988 1309 3043 τὸ
1366 2990 1503 3065 πρὸς
1554 2987 1746 3067 ἄρκτον
1772 2992 1880 3049 ἐστὶ

219 3074 468 3149 πλευρὸν
536 3074 642 3129 ἀπὸ
709 3078 807 3144 τῆς
867 3076 1139 3151 Ὠροπίας,
1209 3075 1298 3134 ἐπὶ
1351 3076 1497 3134 δύσιν
1562 3088 1882 3156 παρατεῖνον

224 3163 405 3240 μέχρι
437 3170 538 3233 τῆς
572 3161 897 3240 Μεγαρίδος.

300 3252 667 3328 Τπέρκεινται
707 3250 765 3308 δὶ
791 3256 892 3318 τῆς
926 3254 1177 3325 Ἀττικῆς
1208 3255 1262 3311 αἱ
1287 3256 1639 3331 Σκειρωνίδες
1668 3259 1878 3338 πέτραι.

220 3342 387 3401 Μετᾶ
415 3339 472 3398 δὲ
500 3341 696 3405 ταύτας
724 3340 861 3418 ἂκρα
908 3342 1188 3420 πρόκειται
1249 3347 1444 3419 Μινῴα
1491 3346 1880 3425 ὠνομασμένη,

219 3435 465 3487 ποιοῦσα
491 3431 583 3486 τὸν
613 3432 666 3485 ἐν
695 3435 765 3506 τῇ
798 3431 997 3503 Νισαίᾳ
1027 3430 1242 3506 λιμένα.

298 3522 363 3577 Ἦ
396 3518 454 3575 δὶ
515 3521 711 3576 Νισαία
741 3520 973 3576 ἐπίνειόν
1006 3519 1116 3577 ἐστι
1149 3528 1254 3578 τῶν
1287 3526 1570 3601 Μεγάρων,
1605 3528 1748 3583 ὀκτὼ
1796 3529 1885 3585 καὶ

220 3608 361 3665 δέκα
392 3606 632 3672 σταδίοις
666 3607 852 3685 διέχον
886 3618 984 3681 τῆς
1015 3608 1252 3675 πόλεως.
1287 3615 1351 3672 Ἡ
1384 3612 1441 3670 δὲ
1467 3618 1708 3693 Μεγαρὶς
1734 3620 1887 3695 μερὶς

222 3700 326 3755 καὶ
359 3696 495 3768 αὕτη
528 3700 589 3754 οὐ
628 3700 863 3775 βραχεῖα
909 3708 1009 3770 τῆς
1054 3700 1292 3765 πόλεως·
1348 3706 1382 3773 ἡ
1433 3706 1534 3782 γὰρ
1569 3707 1787 3779 Ἀττικῇ
1827 3709 1890 3765 τὸ

221 3789 469 3844 παλαιὸν
500 3787 679 3843 Ἰωνία
708 3790 796 3843 καὶ
829 3790 936 3851 Ἰὰς
965 3788 1232 3847 ἐκαλεῖτο.

305 3879 381 3932 Τὸ
426 3875 482 3932 δὲ
544 3878 795 3955 Θριάσιον
843 3875 1029 3935 πεδίον
1083 3880 1259 3957 ἀγχοῦ
1318 3888 1491 3940 κεῖται
1547 3892 1647 3956 τῆς
1702 3885 1891 3944 Ἐλευ-

230 3988 415 4028 σινος.

312 4056 601 4132 Πρόκειται
678 4054 736 4112 δὲ
802 4058 908 4112 ἄπὸ
959 4064 1060 4128 τῆς
1128 4061 1355 4123 Νισαίας
1411 4060 1633 4119 πλέοντι
1688 4063 1741 4130 ἐς
1794 4068 1894 4137 τήν

226 4148 500 4217 ’Δττικήν
546 4148 581 4217 ἡ
629 4144 904 4220 Σαλαμίς·
947 4145 999 4202 ἐν
1053 4145 1110 4202 δὲ
1156 4152 1225 4224 τῇ
1258 4149 1499 4227 παραλίᾳ
1528 4156 1595 4227 τῇ
1626 4156 1762 4210 κατὰ
1787 4162 1897 4211 Σα-

226 4234 451 4308 λαμῖνα
496 4238 711 4292 κεῖσθαι
760 4230 1047 4309 συμϐαίνει
1103 4236 1171 4293 τὰ
1228 4236 1350 4315 ὅρια
1386 4247 1489 4309 τῆς
1534 4262 1593 4296 τε
1654 4249 1895 4321 Μαγαρι-

220 4333 347 4395 χῆς
373 4325 463 4380 καὶ
518 4328 618 4391 τῆς
679 4322 939 4387 Ἀτθίδος·
1002 4327 1103 4401 ὅρη
1169 4324 1226 4382 δέ
1286 4326 1541 4403 εἴσιδύο,
1591 4331 1623 4385 ἃ
1670 4331 1897 4391 καλοῦσι

223 4415 476 4489 Κερατα.

311 4502 447 4558 Εἶτα
490 4502 653 4565 πόλις
683 4501 954 4575 Ἐλευσιν,
1016 4502 1067 4558 ἐν
1125 4503 1252 4579 ﬁre
1282 4514 1381 4579 τῆς
1415 4510 1711 4584 Δήμητρος
1754 4511 1897 4589 ἱερὸν

1989 542 2126 597 bam
2157 548 2215 597 et
2244 541 2511 611 Phalere,
2542 542 2711 614 quasi
2743 543 2939 597 divino
2974 544 3166 598 furore
3208 544 3537 615 corriperis,
3584 552 3641 602 et

1988 630 2156 686 valde
2186 636 2426 703 exoptas
2479 648 2548 687 ex
2594 631 2687 687 his
2730 632 2963 687 duobus
3016 648 3201 688 unum
3252 634 3512 704 assequi,
3551 635 3639 691 vel

1990 720 2195 790 Spheti
2227 721 2445 776 versari
2468 725 2525 777 et
2553 720 2860 793 Cephisiae,
2887 722 2974 777 vel
3006 722 3077 778 de
3110 722 3203 777 his
3235 721 3377 778 locis
3416 723 3639 795 aliquid

1989 808 2046 863 in
2083 814 2321 865 extenso
2354 810 2601 866 discere.

2062 916 2194 971 ldeo
2224 916 2330 972 tibi
2361 933 2428 973 ea
2448 917 2643 973 scribo
2669 933 2794 989 quae
2815 933 2885 973 ex
2916 916 3120 973 multis
3151 916 3319 973 libris
3340 916 3568 991 collegi.

2062 1093 2174 1150 Ora
2205 1096 2477 1166 quaedam
2521 1094 2777 1151 Atticam
2829 1111 2965 1151 cum
3018 1094 3311 1166 Megaride
3361 1096 3582 1168 trajicit
3610 1115 3646 1154 a

1993 1184 2167 1240 sunio
2198 1202 2388 1256 usque
2414 1185 2486 1242 ad
2518 1185 2837 1241 Isthmum.
2870 1190 3034 1240 Tunc
3081 1185 3141 1239 in
3188 1185 3379 1241 medio
3414 1186 3646 1242 circiter

1988 1272 2098 1329 hoc
2147 1274 2396 1330 circuitu
2428 1274 2499 1330 iis
2530 1275 2632 1346 qui
2691 1276 2762 1330 ad
2815 1274 3017 1330 urbem
3068 1274 3346 1345 navigant
3390 1276 3645 1331 occurrit

1993 1362 2263 1429 Piraeus,
2315 1364 2542 1419 celeber
2591 1364 3023 1418 Atheniensum
3081 1368 3304 1434 portus.
3353 1364 3491 1420 Post
3545 1364 3641 1420 Pi-

1992 1469 2204 1507 razeum
2234 1458 2454 1521 autem,
2488 1453 2814 1507 Phaleraeus
2856 1452 3033 1507 Vicus
3065 1452 3122 1506 in
3158 1452 3348 1507 vicina
3399 1470 3501 1509 ora
3558 1454 3641 1509 si-

1990 1545 2087 1596 tus
2116 1546 2206 1597 est
2234 1559 2246 1597 :
2284 1547 2415 1613 post
2445 1558 2616 1613 quem
2649 1542 3016 1614 Anagyrasii.
3082 1542 3297 1597 Deinde
3345 1543 3645 1615 Anaphly-

1994 1631 2090 1686 stii
2124 1648 2313 1702 usque
2343 1632 2414 1687 ad
2448 1631 2874 1687 extremitatem
2907 1631 3069 1686 Sunii
3095 1632 3517 1703 pervenientes.
3545 1634 3647 1688 De-

1995 1720 2129 1775 inde
2161 1721 2436 1789 Sunium,
2485 1720 2990 1776 celebratissimus
3037 1721 3221 1776 vicus.
3272 1721 3491 1776 Deinde
3522 1721 3645 1778 Ma-

1992 1810 2222 1878 rathon,
2257 1811 2356 1866 ubi
2391 1810 2686 1879 Miltades,
2719 1811 2874 1882 regis
2921 1815 3237 1866 Persarum
3283 1812 3573 1867 exercitus
3610 1829 3644 1867 a

1991 1898 2199 1954 Datide
2253 1899 2462 1956 ductos
2512 1900 2782 1955 funditus
2812 1899 3043 1955 delevit.
3081 1904 3217 1955 Post
3246 1900 3644 1956 Marathonem

1989 2004 2124 2044 vero
2147 1988 2566 2061 Trycorythus,
2599 1988 2810 2045 deinde
2841 1988 3167 2060 Rhamnus,
3191 1989 3424 2045 Nemesi
3446 2005 3647 2069 conse-

1993 2081 2213 2133 cratus.

2064 2166 2351 2223 Montium
2384 2183 2522 2224 vera
2552 2168 2796 2224 nomina
2826 2168 2945 2223 haec
2978 2171 3117 2224 sunt
3170 2168 3482 2241 praecipue,
3533 2170 3647 2241 Hy-

1993 2260 2235 2327 mettus,
2268 2257 2584 2325 Brilessus,
2621 2257 2991 2329 Lycabettus,
3020 2257 3370 2328 Parnethus,
3393 2257 3643 2330 Coryda-

1995 2344 2109 2401 lus.

2061 2434 2243 2490 Fluvii
2275 2438 2468 2491 autem
2515 2435 2600 2491 sic
2630 2435 3033 2501 nominantur,
3068 2435 3356 2508 Cephisus
3413 2439 3469 2491 et
3513 2434 3641 2492 Ilis-

1992 2539 2115 2591 sus,
2149 2523 2209 2578 in
2263 2525 2626 2579 maritimam
2678 2524 2975 2596 regionem
3026 2525 3216 2581 ﬂuens
3262 2542 3330 2581 ex
3378 2526 3644 2597 partibus

1992 2627 2120 2683 qua:
2152 2611 2530 2683 ultraAgram
2550 2618 2605 2667 et
2634 2617 2881 2685 Lyceum
2906 2618 3070 2685 sunt,
3100 2619 3157 2669 et
3189 2629 3257 2668 ex
3282 2614 3439 2669 fonte
3465 2629 3641 2685 quem

1993 2699 2052 2755 in
2084 2700 2325 2757 Phaedro
2357 2700 2671 2757 celebravit
2708 2701 2886 2758 Plato.

2063 2806 2342 2864 Flectenti
2372 2825 2507 2864 vero
2531 2809 2602 2864 ab
2624 2808 2805 2864 Sunio
2848 2825 2949 2865 ora
2974 2812 3063 2865 est
3085 2810 3156 2865 ad
3182 2810 3644 2880 septentrionem

1994 2895 2291 2968 utrimque
2334 2914 2491 2953 mare
2525 2898 2769 2967 habens,
2808 2903 3062 2971 angusta
3117 2898 3397 2970 primum,
3431 2899 3643 2955 deinde

1993 2984 2056 3039 in
2084 2984 2309 3040 medias
2340 2990 2527 3041 terras
2560 2991 2859 3057 protensa.
2891 2988 3112 3043 Caetera
3140 3004 3274 3043 vero
3306 2989 3377 3043 ad
3409 2993 3643 3060 septen-

1996 3074 2249 3129 trionem
2282 3090 2385 3129 ora
2410 3075 2481 3129 ab
2513 3074 2727 3147 Oropia
2762 3076 2834 3132 ad
2864 3076 3222 3131 occidentem
3274 3076 3646 3148 protenditur

1996 3178 2185 3234 usque
2217 3164 2288 3218 ad
2319 3164 2639 3235 Megarida.

2065 3252 2272 3308 Atticae
2303 3253 2746 3323 superaminent
2774 3253 3109 3310 Scironides
3156 3258 3351 3326 petrae.
3386 3254 3520 3309 Post
3548 3270 3645 3310 eas

1993 3357 2127 3397 vero
2148 3340 2486 3413 praeminet
2505 3342 2973 3415 promontorium
2993 3342 3210 3400 Minoia
3228 3342 3647 3415 nomine,quod

1995 3430 2199 3486 Nisam
2229 3435 2463 3503 portum
2496 3430 2693 3486 efﬁcit.

2067 3520 2255 3576 Nistea
2286 3537 2457 3592 porro
2488 3524 2691 3594 portus
2724 3520 3158 3593 Megarensium
3191 3526 3280 3578 est
3311 3521 3411 3593 qui
3443 3522 3645 3577 decem

1998 3612 2054 3664 et
2086 3613 2213 3664 octo
2269 3609 2460 3665 stadia
2517 3610 2589 3665 ab
2619 3609 2762 3666 urbe
2818 3610 3018 3666 distat.
3052 3611 3303 3683 Megaris
3361 3614 3558 3667 autem
3591 3614 3650 3666 et

1998 3697 2129 3768 ipsa
2160 3715 2294 3770 pars
2326 3698 2657 3771 reipublicae
2689 3717 2803 3755 non
2839 3700 3086 3755 minima
3122 3705 3211 3756 est
3243 3717 3256 3755 :
3286 3700 3472 3756 Attica
3492 3700 3649 3757 enim

2005 3788 2330 3858 antiquitus
2360 3788 2535 3843 Jonia
2565 3793 2621 3843 et
2649 3788 2749 3844 Jas
2782 3788 3213 3861 appellabatur.

2073 3877 2358 3934 Thriasus
2390 3894 2560 3950 porro
2592 3894 2837 3951 campus
2863 3895 3044 3951 prope
3077 3878 3313 3935 Eleusin
3334 3879 3513 3951 jacet.

2075 4056 2121 4109 A
2150 4054 2339 4110 Nisaee
2369 4058 2567 4109 autem
2590 4054 2650 4108 in
2683 4054 2938 4110 Atticam
2973 4054 3272 4125 naviganti
3323 4053 3665 4126 praeminet

2006 4142 2324 4199 Salamina.
2373 4148 2436 4197 In
2465 4160 2566 4199 ora
2596 4148 2792 4198 autem
2826 4143 3184 4198 Salaminica
3215 4144 3312 4197 siti
3346 4148 3484 4196 sunt
3518 4143 3663 4196 fines

2008 4232 2329 4305 Megaridis
2356 4236 2413 4287 et
2442 4232 2660 4287 Atticas.
2694 4232 2818 4287 Duo
2850 4249 3023 4304 porro
3075 4236 3304 4287 montes
3336 4235 3476 4285 sunt
3506 4246 3655 4300 quos

2005 4326 2216 4377 vocant
2244 4322 2496 4377 Cornua.

2082 4498 2302 4554 Deinde
2335 4499 2476 4554 urbs
2508 4497 2735 4553 Eleusis
2760 4496 2820 4551 in
2870 4512 2987 4567 qua
3017 4497 3241 4553 Cereris
3278 4496 3567 4569 templum
3597 4500 3654 4551 et

217 4599 343 4663 τῆς
410 4591 745 4657 Ἐλευσινίας
822 4594 911 4648 καὶ
987 4593 1015 4647 ὁ
1088 4596 1347 4667 μυστικὸς
1408 4600 1599 4669 σηκός.
1654 4586 1886 4657 arma;

2054 4587 2257 4661 iystica
2304 4587 2452 4643 olea.
2509 4587 2729 4643 Deinde
2773 4586 3060 4642 Thriasus
3118 4603 3381 4658 campus.
3444 4586 3666 4642 Deinde

222 4680 496 4758 Θριάσιον
557 4678 763 4738 πεδίον.
823 4682 955 4738 Εἶτα
1012 4683 1047 4752 ἡ
1106 4684 1414 4759 Ψυτταλία,
1464 4687 1651 4757 νησίον
1694 4687 1899 4765 ἔρημον

223 4767 539 4843 πετρῶδες,
584 4772 672 4825 καὶ
724 4773 759 4840 ἡ
792 4770 1103 4847 Μουνυχία,
1134 4774 1304 4837 τόπος
1354 4774 1546 4839 κοῖλος
1577 4778 1666 4832 καὶ
1702 4779 1897 4834 ὑπόνο-

230 4880 353 4936 μος
409 4860 621 4932 στομίῳ
681 4865 862 4935 μικρῷ
917 4862 1017 4930 τὴν
1068 4859 1279 4916 εἶ’σοδον
1334 4858 1503 4939 ἔχων.
1560 4866 1656 4921 Καὶ
1688 4868 1749 4922 τὸ
1804 4868 1896 4941 μὶν

226 4949 481 5007 παλαιὸν
536 4947 868 5024 ἐτετείχιστο
928 4950 1017 5004 καὶ
1074 4952 1399 5025 συνῴκιστο,
1459 4954 1671 5028 καὶτῷ
1726 4957 1897 5032 τείχει

226 5038 425 5111 τούτῳ
474 5040 713 5107 συνῆπτο
762 5037 851 5091 καὶ
902 5038 969 5091 τὰ
1025 5040 1206 5114 μακρὰ
1252 5042 1413 5117 τείχη
1473 5048 1582 5098 τῶν
1636 5046 1895 5116 Ἀθηνῶν·

226 5131 293 5185 οἱ
351 5125 406 5182 δὲ
455 5126 659 5183 πολλοὶ
719 5125 957 5199 πόλεμοι
1012 5128 1075 5181 τὸ
1120 5134 1307 5204 τεῖχος
1357 5134 1690 5207 κατήρειψαν
1720 5136 1900 5191 καὶτὸ

220 5221 347 5282 τῆς
404 5215 723 5291 Μουνυχίας
772 5210 969 5291 ἔρυμα,
1027 5216 1117 5271 τόν
1179 5239 1237 5273 τε
1275 5220 1501 5293 Πειραιᾶ
1560 5219 1898 5280 συνέστειλαν

221 5306 320 5367 εἷς
374 5304 553 5380 βραχὺ
598 5305 687 5358 καὶ
756 5304 823 5358 τὰ
870 5304 1051 5378 μακρὰ
1096 5306 1255 5383 τείχη
1304 5310 1664 5384 κατέσπασαν,
1726 5320 1900 5369 Λακεο

221 5393 546 5465 δαιμονίων
609 5393 703 5464 μὲν
752 5390 1095 5448 καθελόντων
1149 5397 1434 5472 πρότερον,
1495 5400 1785 5474 Ῥωμαίων
1845 5401 1903 5458 δὲ

221 5482 495 5557 ὕστερον,
546 5480 710 5550 ἡνίκα
762 5479 941 5543 Σύλας
1007 5480 1443 5561 ἐκπολιορκήσας
1513 5487 1625 5544 εἷλε
1676 5490 1766 5545 καὶ
1808 5492 1898 5547 τὸν

221 5576 478 5643 Πειραιᾶ
524 5570 615 5625 καὶ
643 5570 707 5625 τὸ
737 5570 925 5627 Ἀστυ.

324 5660 470 5717 Αὐτὸ
520 5657 577 5715 δε
631 5661 693 5714 τὸ
743 5660 909 5716 Ἀστυ
967 5659 1136 5736 πέτρα
1184 5661 1325 5720 ἐστὶν
1376 5664 1429 5721 ἐν
1472 5665 1644 5741 πεδίῳ
1691 5690 1899 5745 περιοι⁸

2006 4676 2304 4748 Psyttalia,
2340 4675 2534 4732 insula
2584 4693 2761 4748 parva
2811 4676 3043 4731 deserta
3073 4679 3131 4730 et
3163 4680 3416 4747 petrosa,
3451 4680 3509 4731 et
3539 4675 3665 4730 Mu-

2007 4766 2237 4839 nychia,
2268 4765 2436 4821 locus
2496 4782 2672 4820 cavus
2724 4770 2779 4821 et
2836 4767 3126 4821 suﬂ'ossus
3175 4767 3321 4821 ostio
3370 4781 3547 4837 parvo
3577 4764 3660 4819 in-

2006 4871 2275 4927 gressum
2338 4855 2619 4926 praebens.
2682 4854 2749 4908 Et
2808 4854 3158 4925 antiquitus,
3231 4856 3468 4925 quidem
3524 4870 3660 4908 mu-

2008 4942 2129 4997 nita
2183 4948 2307 4998 erat
2364 4948 2422 4997 et
2478 4941 2697 4997 incolas
2757 4942 3024 5013 habebat,
3057 4947 3114 4997 et
3155 4943 3263 4998 hoc
3296 4960 3464 4998 muro
3498 4942 3663 4997 unie-

2009 5032 2224 5087 bantur
2278 5030 2437 5103 longi
2495 5030 2857 5087 Athenarum
2921 5033 3108 5087 muri.
3171 5033 3485 5088 Innumera
3555 5048 3662 5085 au-

2007 5126 2125 5177 tem
2180 5120 2333 5175 bella
2391 5137 2627 5175 murum
2690 5115 3110 5177 everteruntet
3166 5121 3482 5192 Munychiaa
3524 5134 3654 5172 mu-

2010 5210 2364 5277 nimentum,
2400 5210 2803 5282 Piraeeumque
2834 5210 2892 5265 in
2946 5226 3188 5282 parvum
3239 5208 3495 5279 spatium
3529 5222 3659 5261 con-

2009 5303 2333 5368 traxerunt,
2376 5297 2703 5370 longosque
2758 5316 2959 5355 muros
3008 5300 3337 5353 diruerunt.
3396 5295 3657 5351 Lacedae-

2012 5387 2195 5443 monii
2245 5388 2411 5460 prius
2461 5404 2559 5443 eos
2610 5388 2970 5459 dejecerunt,
3023 5390 3080 5441 et
3129 5385 3340 5441 deinde
3386 5384 3657 5455 Romani,

2011 5478 2249 5548 quando
2281 5476 2434 5549 Sylla
2467 5476 2774 5533 obsidione
2804 5481 3037 5548 captum
3070 5474 3351 5532 Piraeeum
3393 5479 3449 5531 et
3477 5474 3659 5530 Athe-

2012 5584 2117 5623 nas
2148 5567 2474 5639 occupavit.

2083 5675 2219 5745 Ipsa
2241 5689 2373 5729 vero
2403 5674 2545 5729 urbs
2567 5678 2657 5729 est
2686 5686 2860 5743 rupes
2883 5670 2943 5725 in
2967 5686 3173 5743 campo
3196 5686 3533 5743 assurgens,
3556 5685 3656 5725 un-
