4060 6214
265 312 425 371 “57

1289 308 1391 368 DE
1436 308 1660 370 LOClS
1710 311 1807 368 ET
1850 309 2285 370 NOMINIBUS
2334 308 2665 369 ATTICIS.

3522 313 3678 373 “58

258 439 350 494 καὶ
407 442 488 511 τῷ
523 460 551 489 ιι
584 441 833 513 Σφηττοῖ
860 436 1071 512 γέγονα,
1100 436 1189 493 καὶ
1220 435 1419 511 Θρίηζε
1449 436 1537 492 καὶ
1572 436 1848 513 Φαληροῖ,
1881 460 1909 488 ιδ

2054 444 2083 494 ιι
2111 440 2301 495 Thrim
2360 444 2417 496 et
2447 438 2700 509 Phaleri,
2765 461 2792 489 ‹‹
2823 443 2880 495 et
2927 456 3163 496 rursum
3199 463 3221 493 ι
3283 442 3501 512 Spheto
3549 444 3677 499 abi-

260 528 355 582 καὶ
407 528 558 587 αὖθις
594 548 623 577 ‹‹
656 524 967 602 Σφηττόθεν
1019 524 1215 599 ἀπῄειν
1246 526 1334 580 καὶ
1379 525 1726 599 Φαληρόθεν,
1760 550 1786 577 ››
1822 525 1924 580 ὥσ·

262 636 364 692 περ
397 614 698 685 ἐνθουσιᾷς,
739 612 829 667 καὶ
864 613 985 669 λίαν
1027 612 1174 688 ἔχεις
1209 614 1484 690 ἐρωτικῶς
1518 612 1664 670 δυοῖν
1699 615 1921 690 θατέρου

259 710 476 780 τυχεῖν,
518 704 552 774 ἢ
588 708 836 781 Σφηττοῖ
878 703 1119 777 γενέσθαι
1167 704 1257 758 καὶ
1306 705 1657 782 Κηφισιάσιν,
1709 705 1743 773 ἢ
1798 703 1921 779 περὶ

260 799 373 849 τῶν
404 792 627 870 χωρίων
659 792 1036 869 ἐναργέστερόν
1066 814 1118 847 τι
1150 795 1358 866 μαθεῖν.

334 902 433 956 Διά
460 900 629 955 ταῦτά
676 920 761 955 σοι
793 898 899 973 ἐγὼ
931 897 990 954 ἐκ
1020 899 1253 956 πολλῶν
1289 896 1519 977 βιϐλίων
1553 900 1923 977 συνηγηοχὼς

260 989 454 1067 γράφω
477 988 654 1046 ταυτί.

334 1078 555 1154 Ηλευρᾶ
608 1098 689 1139 τις
734 1074 950 1148 διῆκται
1012 1085 1113 1148 τῆς
1173 1079 1430 1149 Ἀττικῆς
1489 1079 1580 1134 σὺν
1637 1083 1707 1154 τῇ
1740 1079 1922 1153 Μεγά-
1979 1092 1986 1099 '

263 1166 371 1243 ρίδι
432 1167 539 1222 ἀπὸ
600 1166 830 1222 Σουνίου
891 1165 1088 1243 μέχρις
1146 1168 1407 1240 Ἰσθμοῦ.
1466 1172 1726 1233 Ἐνταῦθα
1788 1169 1924 1222 κατὰ

268 1258 438 1331 μέσην
489 1277 595 1311 που
653 1258 752 1325 τήν
782 1258 1038 1325 τοιαύτην
1069 1259 1333 1330 γραμμὴν
1365 1264 1482 1321 τοῖς
1515 1258 1590 1320 εἷς
1618 1260 1716 1327 τήν
1758 1255 1919 1312 πόλιν

263 1344 663 1401 καταπλέουσιν
726 1346 755 1399 6
823 1345 1106 1420 Πειραιεὺς
1152 1346 1406 1417 ἀπαντᾷ,
1474 1349 1535 1402 τὸ
1594 1342 1923 1421 περιϐόητον

263 1441 371 1492 τῶν
431 1434 738 1505 Ἀθηναίων
797 1433 1053 1491 ἐπίνειον.
1114 1436 1264 1491 Μετὰ
1324 1434 1380 1491 δὲ
1408 1438 1499 1491 τὸν
1536 1438 1781 1512 Πειραιᾶ,
1815 1442 1923 1490 Φα-

266 1524 458 1598 ληρεῖς
518 1522 696 1598 δῆμος
754 1523 806 1577 ἐν
862 1527 931 1590 τῆ
990 1524 1179 1602 ἐφεξῆς
1236 1524 1479 1602 παραλίᾳ
1528 1526 1659 1581 ἐστί·
1694 1527 1809 1598 μεθ’
1862 1522 1919 1579 ὄν

265 1613 668 1690 Ἀναγυράσιοι.
733 1614 845 1668 Εἶτ’
918 1614 1306 1692 Ἀναφλύστιοι
1376 1616 1540 1691 μέχρι
1597 1623 1699 1685 τῆς
1757 1613 1921 1691 ἄκρας

264 1707 360 1758 τοῦ
389 1701 620 1757 Σουνίου
666 1700 972 1773 διήκοντες.
1023 1705 1157 1759 Εἶτα
1187 1704 1251 1758 16
1284 1703 1534 1775 Σούνιον,
1568 1702 1745 1777 δῆμος
1778 1705 1923 1775 ἀξιο-

2030 529 2167 584 bam
2200 536 2257 585 et
2287 529 2553 597 Phalere,
2584 528 2753 600 quasi
2785 529 2980 583 divino
3014 530 3208 584 furore
3249 532 3578 602 corriperis,
3624 539 3681 589 et

2031 617 2199 673 valde
2230 623 2468 689 exoptas
2521 635 2590 675 ex
2637 618 2729 674 his
2772 619 3005 674 duobus
3058 635 3243 674 unum
3293 622 3552 691 assequi,
3592 622 3679 678 vel

2031 707 2236 777 Spheti
2269 707 2487 763 versari
2510 712 2567 763 et
2595 707 2902 780 Cephisia,
2929 708 3015 764 vel
3048 710 3119 763 de
3150 708 3244 763 his
3276 708 3418 764 locis
3458 710 3680 781 aliquid

2030 795 2088 850 in
2125 801 2363 852 extenso
2396 797 2643 853 discere.

2104 902 2236 958 Ideo
2266 903 2371 959 tibi
2402 920 2469 961 ea
2490 904 2684 960 scribo
2711 919 2836 975 quae
2858 919 2927 959 ex
2958 902 3162 959 multis
3192 903 3360 959 libris
3381 903 3608 977 collegi.

2104 1080 2215 1137 Ora
2247 1083 2517 1153 quaedam
2563 1081 2819 1139 Atticam
2871 1098 3007 1137 cum
3060 1081 3352 1153 Megaride
3402 1082 3686 1153 trajicita

2035 1172 2209 1227 sunio
2240 1189 2430 1244 usque
2456 1173 2527 1229 ad
2559 1173 2878 1228 Isthmum.
2912 1176 3075 1227 Tunc
3123 1171 3182 1225 in
3229 1171 3420 1227 medio
3456 1172 3687 1228 circiter

2031 1260 2141 1316 hoc
2189 1261 2437 1317 circuitu
2469 1262 2541 1317 iis
2572 1262 2673 1333 qui
2732 1263 2802 1317 ad
2858 1261 3058 1317 urbem
3110 1260 3387 1332 navigant
3432 1262 3685 1317 occurrit

2035 1349 2305 1417 Piraeeus,
2356 1351 2583 1406 celeber
2632 1350 3065 1405 Atheniensum
3122 1354 3345 1420 portus.
3394 1351 3532 1406 Post
3587 1351 3682 1405 Pi-

2034 1456 2246 1495 raeeum
2275 1445 2495 1508 autem,
2528 1439 2855 1494 Phaleraeus
2896 1438 3074 1493 Vicus
3106 1439 3163 1493 in
3200 1438 3389 1493 vicina
3440 1456 3542 1494 ora
3599 1440 3681 1495 si-

2031 1532 2128 1584 tus
2157 1534 2247 1584 est
2276 1547 2288 1584 :
2326 1534 2457 1601 post
2486 1545 2657 1600 quem
2690 1528 3057 1600 Anagyrasii.
3123 1528 3338 1583 Deinde
3385 1529 3685 1601 Anaphly-

2035 1618 2131 1673 stii
2166 1635 2354 1689 usque
2384 1620 2455 1674 ad
2489 1618 2915 1675 extremitatem
2948 1617 3110 1672 Sunii
3136 1618 3558 1689 pervenientes.
3586 1619 3687 1674 De-

2036 1708 2170 1762 inde
2202 1708 2477 1775 Sunium,
2526 1707 3031 1763 celebratissimus
3078 1707 3261 1763 vicus.
3313 1707 3533 1762 Deinde
3563 1707 3686 1764 Ma-

271 1793 606 1867 λογώτατος·
667 1792 783 1865 μεθ’
841 1792 871 1846 ὃ
928 1792 1221 1860 Μαραθὼν,
1282 1790 1419 1848 ὅπου
1477 1792 1783 1864 Μιλτιάδης
1827 1793 1923 1855 τὰς

2054 1797 2263 1866 athon,
2298 1798 2398 1853 ubi
2432 1797 2726 1865 Miltades,
2759 1798 2915 1868 regis
2963 1801 3277 1853 Persarum
3324 1798 3615 1853 exercitus
3651 1815 3684 1853 a

273 1883 407 1955 μετὰ
435 1879 667 1943 Δάτιδος
723 1884 821 1935 τοῦ
869 1879 1079 1957 Πέρσου
1110 1878 1366 1955 δυνάμεις
1419 1880 1585 1957 ἄρδην
1635 1880 1921 1959 διέφθειρε.

271 1970 422 2027 Μετᾶ
480 1968 537 2025 δὲ
586 1970 911 2044 Μαραθῶνα,
956 1969 1316 2045 Τρικόρυθος·
1368 1974 1483 2026 εἶτα
1541 1973 1831 2045 Ῥαμνοῦς,
1860 1971 1922 2026 τὸ

272 2064 563 2134 Νεμέσεως
591 2060 763 2133 ἱερόν.

343 2154 469 2208 Τῶν
502 2148 560 2205 δὲ
616 2152 759 2226 ὁρῶν
815 2150 883 2206 τὰ
938 2149 1181 2224 ὀνόματα
1234 2151 1471 2224 μάλιστά
1528 2153 1636 2208 ἐστι
1676 2159 1860 2211 ταῦτα·
1895 2157 1922 2212 6

270 2241 595 2314 Ὑμηττὸςό
646 2239 948 2317 Βριλησσὸς
1006 2241 1034 2295 6
1086 2236 1462 2318 Λυκαϐηττὸς,
1517 2246 1552 2314 ἡ
1615 2244 1919 2319 Πάρνηθος,

270 2332 298 2386 6
330 2328 677 2404 Κορυδαλός.

334 2418 588 2492 Ποταμοὶ
648 2416 705 2475 δὲ
760 2419 812 2474 οἱ
873 2417 1336 2494 διωνομασμένοι,
1401 2423 1428 2476 ὁ
1488 2423 1786 2500 Κηφισσὸς,
1834 2426 1923 2481 καὶ

267 2509 295 2563 6
354 2508 610 2579 Ἰλισσὸς,
680 2508 813 2584 ῥέων
870 2508 946 2571 εἷς
992 2511 1092 2579 τὴν
1126 2509 1391 2587 παραλίαν
1442 2510 1635 2568 ἐκτῶν
1667 2515 1797 2589 ὑπὲρ
1824 2523 1922 2587 τῆς

269 2600 480 2673 Ἀγρας
530 2598 620 2652 καὶ
676 2598 772 2653 τοῦ
832 2599 1065 2653 Λυκείου
1127 2604 1329 2672 μερῶν,
1379 2600 1467 2655 καί
1514 2609 1612 2672 τῆς
1640 2612 1829 2679 πηγῆς
1858 2607 1920 2675 ἣν

266 2686 505 2761 ὕμνηκεν
540 2687 591 2742 ἐν
625 2685 850 2763 Φαίδρῳ
883 2687 1134 2743 Πλάτων.

341 2794 628 2868 Κάμψαντι
679 2792 737 2849 δὲ
790 2794 853 2849 τὸ
914 2793 1139 2850 Σούνιον
1204 2795 1337 2867 ἀκτή
1399 2796 1509 2852 ἐστι
1540 2799 1674 2876 πρὸς
1728 2798 1921 2877 ἄρκτον

270 2883 705 2962 ἆμφιθάλαττος,
758 2885 916 2952 στενὴ
948 2884 1011 2939 τὸ
1060 2883 1299 2958 πρῶτον,
1351 2887 1462 2941 εἶτα
1493 2887 1567 2950 εἰς
1624 2891 1723 2960 τήν
1763 2890 1926 2963 μεσό-

266 2994 423 3049 γαιον
479 2972 830 3029 πλατύνεται.
864 2973 943 3030 Τὸ
975 2970 1032 3027 δὲ
1063 2971 1257 3029 λοιπὸν
1289 2975 1351 3030 τὸ
1408 2977 1544 3051 πρὸς
1595 2974 1787 3053 ἄρκτον
1814 2978 1921 3035 ἐστὶ

268 3061 510 3135 πλευρὸν
578 3062 682 3117 ἀπὸ
749 3065 848 3132 τῆς
908 3062 1180 3137 Ὠροπίας,
1251 3061 1339 3120 ἐπὶ
1392 3062 1539 3121 δύσιν
1603 3074 1924 3143 παρατεῖνον

275 3150 447 3226 μέχρι
478 3157 578 3221 τῆς
613 3148 939 3227 Μεγαρίδος.

342 3239 707 3315 ’(πέρκεινται
748 3236 805 3296 δὲ
833 3243 933 3305 τῆς
967 3242 1219 3312 Ἀττικῆς
1250 3243 1304 3298 αἱ
1329 3243 1681 3317 Σκειρωνίδες
1710 3246 1920 3324 πέτραι.

270 3329 428 3387 Μετᾶ
456 3327 513 3385 δὲ
541 3328 736 3392 ταύτας
766 3328 903 3405 ἄκρα
949 3330 1230 3407 πρόκειται
1291 3334 1485 3407 Μινῴα
1533 3333 1922 3411 ὠνομασμένη,

270 3422 506 3473 ποιοῦσα
532 3419 624 3474 τὸν
654 3420 707 3473 ἐν
736 3422 807 3494 τῇ
838 3419 1038 3491 Νισαίᾳ
1069 3417 1284 3494 λιμένα.

341 3510 404 3564 Ἡ
438 3505 495 3563 δὲ
556 3508 751 3564 Νισαία
782 3507 1014 3563 ἐπίνειόν
1047 3506 1159 3564 ἐστι
1191 3515 1296 3565 τῶν
1329 3514 1612 3589 Μεγάρων,
1647 3514 1790 3570 ὀκτὼ
1838 3516 1927 3571 καὶ

271 3594 401 3651 δέκα
434 3594 673 3659 σταδίοις
707 3594 893 3674 διέχον
928 3605 1025 3668 τῆς
1056 3596 1294 3661 πόλεως.
1328 3602 1393 3659 Ἡ
1425 3600 1482 3657 δὲ
1508 3605 1750 3680 Μεγαρὶς
1775 3606 1929 3681 μερὶς

272 3687 365 3741 καὶ
400 3684 536 3755 αὕτη
569 3687 630 3741 οὐ
669 3687 904 3763 βραχεῖα
951 3695 1051 3757 τῆς
1096 3687 1334 3751 πόλεως⁸
1389 3693 1424 3760 ἡ
1475 3693 1575 3768 γὰρ
1612 3694 1829 3766 Ἀττικῇ
1869 3696 1931 3751 τὸ

458 3775 472 3793 ς
542 3777 553 3797 ,
673 3775 683 3793 .
822 3777 835 3796 ς
870 3777 883 3797 ν
926 3777 938 3794 .
1010 3776 1023 3795 τ
1169 3783 1191 3793 -

273 3790 510 3830 παλαιον
562 3781 721 3830 Ιωνια
749 3797 838 3830 και
888 3782 977 3838 Ιας
1007 3774 1275 3834 εκαλειτο.

281 3973 456 4015 σινος.

354 4042 641 4118 Πρόκειται
720 4040 777 4099 δὲ
843 4044 950 4098 άπὸ
1002 4050 1101 4114 τῆς
1171 4047 1397 4109 Νισαίας
1454 4046 1675 4104 πλέοντι
1730 4048 1782 4115 ἐς
1836 4054 1935 4122 την

279 4133 541 4203 Ἀττικὴν
588 4134 621 4203 ἡ
671 4131 946 4206 Σαλαμίς⁶
990 4132 1041 4188 ἐν
1096 4132 1153 4189 δξ
1199 4139 1267 4210 τῇ
1301 4135 1541 4212 παραλίᾳ
1570 4141 1637 4212 τῇ
1668 4141 1803 4195 κατὰ
1829 4147 1939 4197 Σα..

278 4219 492 4295 λαμῖνα
537 4224 752 4279 κεῖσθαι
802 4217 1089 4295 συμϐαίνει
1145 4223 1214 4279 τὰ
1270 4223 1392 4301 ὅρια
1429 4232 1531 4295 τῆς
1577 4248 1634 4281 τε
1695 4235 1936 4306 Μαγαρι-

273 4318 384 4381 κῆς
412 4311 504 4365 καὶ
559 4314 659 4377 τῆς
721 4308 982 4373 Ἀτθίδος·
1045 4314 1145 4387 ὅρη
1211 4310 1268 4369 δέ
1328 4313 1432 4369 εῗσι
1464 4312 1582 4389 δύο,
1632 4317 1664 4371 ἂ
1712 4316 1939 4376 καλοῦσι

246 4432 249 4435 λ
275 4401 517 4477 Κέρατα.

351 4489 487 4545 Εἶτα
531 4489 695 4553 πόλις
724 4488 996 4561 Ἐλευσιν,
1058 4488 1110 4544 ἐν
1168 4489 1293 4565 ῇτὸ
1323 4499 1423 4563 τῆς
1457 4496 1752 4569 Δήμητρος
1794 4496 1938 4574 ἱερὸν

348 3866 421 3919 Τὸ
468 3862 523 3919 δὲ
584 3865 837 3942 Θριάσιον
885 3862 1071 3921 πεδίον
1125 3867 1301 3944 ἀγχοῦ
1361 3874 1533 3926 κεῖται
1589 3878 1689 3942 τῆς
1744 3871 1932 3930 Ἐλευ-

2033 1886 2240 1941 Datide
2294 1886 2503 1943 ductos
2553 1886 2822 1942 funditus
2852 1886 3083 1941 delevit.
3122 1890 3257 1941 Post
3287 1885 3684 1942 Marathonem

2030 1990 2165 2031 vero
2188 1976 2606 2048 Tryccrythus,
2639 1975 2851 2032 deinde
2881 1975 3207 2046 Rhamnus,
3232 1976 3465 2031 Nemesi
3487 1991 3687 2055 conse-

2034 2068 2255 2119 cratus.

2105 2153 2392 2209 Montium
2426 2169 2563 2210 vera
2594 2154 2837 2211 nomina
2865 2154 2987 2209 haec
3018 2158 3157 2210 sunt
3211 2154 3523 2227 praecipue,
3574 2156 3687 2227 Hy-

2035 2246 2276 2313 mettus,
2309 2243 2625 2312 Brilessus,
2661 2244 3033 2315 Lycabettus,
3061 2244 3411 2314 Parnethus,
3434 2243 3685 2315 Coryda-

2035 2330 2151 2387 lus.

2102 2420 2285 2477 Fluvii
2316 2425 2509 2477 autem
2556 2422 2641 2477 sic
2672 2421 3073 2488 nominantur,
3109 2421 3397 2493 Cephisus
3454 2424 3511 2477 et
3554 2420 3682 2477 Ilis-

2034 2525 2156 2578 sus,
2190 2510 2251 2565 in
2306 2511 2667 2566 maritimam
2720 2511 3015 2582 regionem
3067 2512 3256 2567 fluens
3302 2528 3370 2566 ex
3418 2511 3685 2583 partibus

2033 2614 2161 2668 quae
2194 2598 2570 2670 ultraAgram
2590 2604 2646 2653 et
2674 2603 2922 2671 Lyceum
2947 2604 3110 2671 sunt,
3141 2605 3197 2655 et
3229 2615 3297 2655 ex
3322 2600 3480 2655 fonte
3506 2615 3682 2671 quem

2034 2685 2093 2741 in
2125 2686 2366 2743 Phaedro
2398 2686 2712 2743 celebravit
2748 2687 2927 2743 Plato.

2104 2793 2384 2850 Flectenti
2413 2811 2548 2850 vero
2572 2796 2643 2850 ab
2666 2794 2846 2850 Sunio
2889 2811 2989 2851 ora
3014 2798 3104 2851 est
3126 2796 3196 2851 ad
3222 2796 3684 2867 septentrionem

2036 2882 2332 2954 utrimque
2375 2900 2532 2939 mare
2566 2884 2810 2953 habens,
2849 2889 3102 2958 angusta
3158 2885 3437 2956 primum,
3471 2884 3683 2941 deinde

2035 2970 2097 3026 in
2125 2972 2351 3026 medias
2381 2976 2568 3027 terras
2602 2977 2899 3043 protensa.
2932 2974 3152 3029 Cretera
3180 2991 3314 3029 vero
3346 2975 3417 3029 ad
3450 2979 3683 3046 septen-

2039 3060 2291 3116 trionem
2324 3077 2426 3116 ora
2452 3061 2522 3116 ab
2554 3060 2768 3132 Oropia
2803 3062 2875 3117 ad
2905 3062 3263 3118 occidentem
3314 3062 3685 3135 protenditur

2038 3165 2227 3221 usque
2258 3151 2330 3205 ad
2362 3150 2681 3221 Megarida.

2106 3238 2313 3294 Atticae
2345 3239 2788 3310 superaminent
2816 3238 3150 3296 Scironides
3197 3244 3391 3311 petrae.
3426 3240 3561 3294 Post
3589 3255 3685 3295 eas

2035 3343 2169 3383 vero
2191 3327 2527 3399 praeminet
2546 3328 3015 3401 promontorium
3035 3328 3251 3384 Minoia
3269 3327 3687 3399 nomine,quod

2037 3416 2241 3473 Nisaee:
2271 3421 2503 3488 portum
2537 3416 2735 3472 efﬁcit.

2108 3506 2297 3562 Niseia
2328 3523 2498 3578 porro
2530 3510 2733 3579 portus
2766 3505 3199 3577 Megarensium
3233 3510 3321 3561 est
3352 3504 3453 3577 qui
3484 3506 3685 3561 decem

2040 3598 2096 3650 et
2127 3598 2254 3650 octo
2311 3594 2502 3650 stadia
2558 3595 2630 3650 ab
2660 3595 2803 3650 urbe
2859 3595 3059 3650 distat.
3094 3595 3344 3667 Megaris
3402 3597 3598 3651 autem
3632 3598 3690 3650 et

2040 3683 2170 3754 ipsa
2202 3701 2335 3755 pars
2366 3683 2698 3755 reipublicae
2731 3701 2845 3740 non
2880 3684 3127 3740 minima
3163 3690 3252 3741 est
3284 3700 3296 3738 :
3327 3684 3513 3740 Attica
3533 3684 3690 3740 enim

2046 3773 2371 3843 antiquitus
2400 3773 2576 3829 Jonia
2606 3778 2662 3828 et
2691 3772 2790 3829 Jas
2823 3772 3253 3845 appellabatur.

2114 3862 2398 3919 Thriasus
2430 3879 2601 3935 porro
2633 3879 2877 3935 campus
2902 3879 3085 3935 prope
3118 3861 3354 3919 Eleusin
3374 3863 3554 3935 jacet.

2116 4041 2163 4094 A
2191 4039 2380 4094 Nisaee
2410 4043 2607 4094 autem
2631 4038 2691 4093 in
2724 4039 2977 4094 Atticam
3013 4038 3313 4109 naviganti
3363 4037 3706 4109 przreminet

2048 4127 2365 4184 Salamina.
2414 4132 2477 4182 In
2506 4145 2606 4183 ora
2637 4132 2833 4182 autem
2867 4127 3225 4183 Salaminica
3256 4128 3353 4181 Siti
3387 4131 3525 4181 sunt
3559 4127 3704 4181 ﬁnes

2050 4216 2370 4289 Megaridis
2397 4221 2454 4271 et
2483 4216 2701 4271 Atticae.
2736 4216 2859 4271 Duo
2891 4233 3063 4288 porro
3115 4220 3345 4271 montes
3377 4219 3518 4269 sunt
3548 4230 3697 4284 quos

2046 4309 2258 4362 vocant
2286 4305 2537 4361 Cornua.

2123 4483 2344 4539 Deinde
2376 4483 2517 4538 urbs
2550 4482 2777 4537 Eleusis
2802 4481 2861 4536 in
2912 4496 3028 4552 qua
3058 4482 3283 4538 Cereris
3318 4480 3608 4554 templum
3639 4485 3696 4536 et

270 4585 381 4649 τῆς
450 4578 786 4643 Ἐλευσινίας
864 4579 954 4634 καὶ
1030 4579 1057 4634 6
1131 4582 1389 4654 μυστικὸς
1450 4585 1640 4654 σηκός.
1695 4571 1930 4642 Εἶταττε

2054 4572 2299 4646 mystica
2346 4572 2494 4629 olea.
2551 4572 2771 4628 Deinde
2815 4571 3100 4627 Thriasus
3159 4589 3423 4643 campus.
3484 4572 3707 4628 Deinde

276 4667 537 4744 Θριάσιον
598 4664 804 4725 πεδίον.
864 4668 998 4724 Εἶτα
1054 4669 1089 4737 ἡ
1149 4669 1456 4744 Ψυτταλία,
1505 4672 1693 4741 νησίον
1736 4672 1940 4750 ἔρημον

276 4754 581 4830 πετρῶδες,
625 4758 713 4811 καὶ
766 4759 801 4826 ἡ
833 4756 1145 4832 Μουνυχία,
1176 4759 1346 4822 τόπος
1396 4760 1587 4825 κοῖλος
1619 4763 1707 4817 καὶ
1743 4764 1938 4820 ὑπόνο-

282 4868 393 4921 μος
450 4846 661 4918 στομίῳ
722 4850 904 4922 μικρῷ
959 4848 1059 4916 τὴν
1111 4845 1321 4903 εἴσοδον
1375 4844 1544 4925 ἔχων.
1600 4852 1697 4906 Καὶ
1730 4852 1791 4907 τὸ
1845 4854 1937 4925 μὲν

278 4935 521 4991 παλαιὸν
578 4933 910 5009 ἐτετείχιστο
971 4936 1059 4989 καὶ
1116 4937 1440 5010 συνῴκιστο,
1501 4939 1713 5014 καὶτῷ
1768 4942 1938 5017 τείχει

279 5023 465 5096 τούτῳ
514 5026 753 5092 συνῆπτο
804 5022 892 5077 καὶ
945 5023 1012 5077 τὰ
1068 5026 1248 5100 μακρὰ
1293 5028 1455 5103 τείχη
1514 5033 1623 5084 τῶν
1677 5032 1937 5101 Ἀθηνῶν

278 5114 335 5168 οἱ
390 5110 447 5167 δὲ
496 5110 700 5167 πολλοὶ
761 5111 1000 5185 πόλεμοι
1055 5114 1118 5168 τὸ
1162 5120 1349 5190 τεῖχος
1399 5120 1731 5193 κατήρειψαν
1761 5121 1850 5174 καὶ
1879 5122 1941 5176 τὸ

272 5205 386 5267 τῆς
445 5200 764 5276 Μουνυχίας
815 5195 1012 5277 ἔρυμα,
1070 5202 1159 5256 τόν
1222 5224 1278 5257 τε
1318 5206 1543 5278 Πειραιᾶ
1601 5205 1939 5266 συνέστειλαν

275 5290 358 5351 εἷς
415 5289 595 5365 βραχὺ
640 5290 729 5343 καὶ
799 5290 867 5343 τὰ
914 5290 1093 5364 μακρὰ
1138 5291 1297 5368 τείχη
1347 5295 1706 5369 κατέσπασαν,
1768 5307 1941 5355 Λακε-

274 5378 587 5451 δαιμονίων
651 5378 745 5449 μὶν
796 5375 1137 5433 καθελόντων
1191 5382 1476 5456 πρότερον,
1537 5385 1825 5458 Ῥωμαίων
1886 5386 1943 5443 δὲ

276 5465 537 5542 ὕστερον,
588 5464 753 5535 ἡνίκα
804 5464 985 5527 Σόλας
1050 5466 1485 5546 ἐκπολιορκήσας
1555 5472 1667 5529 εἷλε
1719 5475 1808 5529 καὶ
1849 5477 1939 5532 τὸν

276 5560 520 5629 Πειραιᾶ
565 5556 656 5611 καὶ
685 5555 750 5610 τὸ
781 5555 969 5613 Ἀστυ.

360 5644 510 5702 Αὐτὸ
560 5643 618 5701 δὲ
672 5646 736 5701 τὸ
786 5646 953 5702 Ἃστυ
1010 5644 1179 5722 πέτρα
1227 5647 1367 5705 ἐστὶν
1420 5649 1471 5706 ἐν
1514 5649 1686 5724 πεδίῳ
1733 5673 1941 5730 περιοιο

2048 4662 2346 4733 Psyttalia,
2383 4660 2576 4717 insula
2625 4677 2803 4733 parva
2852 4661 3085 4716 deserta
3114 4664 3172 4716 et
3205 4665 3457 4732 petrosa,
3492 4666 3549 4716 et
3580 4661 3707 4715 Mu-

2048 4751 2279 4824 nychia,
2311 4750 2477 4806 locus
2538 4767 2713 4805 cavus
2765 4755 2821 4805 et
2877 4751 3167 4806 suii‘ossus
3216 4752 3362 4807 ostio
3411 4767 3588 4823 parvo
3618 4749 3702 4805 in-

2047 4856 2317 4911 gressum
2380 4840 2661 4911 praebens.
2724 4839 2791 4893 Et
2849 4839 3199 4910 antiquitus,
3272 4842 3510 4911 quidem
3566 4856 3702 4894 mu-

2050 4927 2170 4982 nita
2225 4932 2348 4982 erat
2405 4933 2464 4981 et
2519 4926 2739 4981 incolas
2798 4927 3065 4998 habebat,
3099 4932 3155 4982 et
3196 4928 3305 4983 hoc
3338 4945 3506 4983 muro
3541 4928 3706 4983 unie-

2050 5016 2265 5071 bantur
2319 5014 2477 5087 longi
2536 5015 2898 5071 Athenarum
2962 5017 3150 5073 muri.
3212 5018 3528 5073 Innumera
3597 5034 3705 5070 au-

2050 5110 2167 5160 tem
2222 5104 2374 5160 bella
2433 5121 2669 5159 murum
2733 5100 3152 5161 everteruntet
3208 5106 3524 5177 Munycbiaa
3567 5120 3698 5159 mu-

2051 5194 2405 5261 nimentum,
2441 5193 2844 5267 Pirmeumque
2876 5194 2935 5250 in
2986 5210 3231 5266 parvum
3281 5193 3538 5264 spatium
3572 5208 3702 5247 con-

2050 5288 2375 5352 traxerunt,
2416 5281 2745 5355 longosque
2799 5301 3001 5339 muros
3050 5284 3380 5337 dirueruut.
3440 5281 3700 5337 Lacedae-

2053 5371 2237 5427 monii
2286 5373 2453 5444 prius
2502 5389 2601 5428 eos
2652 5372 3013 5444 dejecerunt,
3066 5375 3123 5425 et
3171 5371 3383 5426 deinde
3429 5370 3700 5442 Romani,

2052 5463 2290 5532 quando
2323 5461 2477 5534 Sylla
2510 5461 2816 5518 obsidione
2846 5465 3079 5532 captum
3113 5459 3394 5517 Piraeeum
3436 5464 3492 5517 et
3520 5460 3703 5517 Athe-

2052 5569 2159 5607 nas
2191 5552 2515 5623 occupavit.

2125 5659 2260 5729 Ipsa
2282 5673 2416 5713 vero
2445 5659 2588 5714 urbs
2609 5663 2699 5713 est
2728 5672 2902 5728 rupes
2925 5655 2986 5710 in
3009 5671 3215 5729 campo
3238 5673 3578 5730 assurgens,
3600 5671 3700 5712 un-
