4060 6214
409 307 560 369 1159

1728 290 2151 369 MICHAELIS
2201 308 2468 370 psam

3652 306 3803 369 1160

397 440 575 512 digus
598 439 873 496 domibus
894 440 1279 513 circumdata.
1304 442 1369 497 In
1399 441 1529 514 ipsa
1552 446 1746 497 autem
1781 458 1926 513 rupe
1955 457 2023 497 es

2157 441 2396 512 κουμένη
2446 437 2654 512 κύκλιεν
2716 437 2803 494 ἐπὶ
2864 436 2923 493 δὲ
2978 442 3047 512 τῇ
3105 439 3277 515 πέτρα
3330 436 3393 494 τὸ
3438 442 3537 507 τῆς
3581 437 3804 507 ἈΘηνΞς

396 530 665 586 Minervae
707 530 1009 602 templum,
1043 531 1207 587 urbis
1237 532 1512 588 Praasidis
1544 531 1855 603 antiquum
1889 537 2041 586 tem-

396 622 648 693 plum,in
683 638 798 693 quo
821 623 1323 693 inexstinguibilis
1348 623 1663 694 lampas,et
1683 622 2038 689 Parthenon,

393 716 449 765 et
479 711 737 765 eburnea
766 713 1039 781 Minerva,
1085 712 1381 781 egregium
1415 712 1634 767 Phidiae
1684 729 1852 782 opus.
1881 713 1947 765 Et
1979 714 2041 765 ut

393 799 699 872 Hegesiam
732 798 790 853 in
814 803 942 869 ejus
967 801 1034 855 de
1051 802 1190 855 urbe
1221 800 1407 856 Libris
1430 800 1836 868 imiter,timeo
1857 817 1928 855 ne
1952 817 2039 855 re-

389 888 1097 958 dundemetpropositum
1124 905 1318 943 meum
1338 889 1446 945 hoc
1468 890 1755 960 scriptum
1777 890 2037 945 excedat.

393 977 556 1033 Unde
595 978 806 1048 partim
840 981 897 1032 et
943 979 1196 1048 sparsim
1229 978 1419 1034 dicam
1456 996 1471 1036 :
1511 978 1662 1033 Illud
1705 978 2036 1049 Leocorion,

389 1067 499 1123 hoc
529 1065 819 1121 Theseum
850 1083 862 1132 ;
893 1064 973 1120 ibi
1006 1065 1348 1134 Marathon;
1398 1067 1515 1123 illic
1548 1068 1869 1137 Rhamnus,
1919 1067 2039 1121 illic

389 1154 640 1221 Decelia,
673 1153 899 1209 celebre
921 1154 1481 1226 PeIOponuesiorum
1507 1155 2035 1229 propugnaculum.

386 1243 530 1299 Hinc
555 1242 829 1313 Lyceum;
852 1242 991 1297 hinc
1014 1243 1383 1316 Olympicum
1408 1246 1689 1301 stadium.
1710 1246 1794 1299 lbi
1817 1246 2036 1300 Acade-

388 1333 507 1387 mia
527 1336 582 1386 et
604 1330 1085 1402 philosophorum
1113 1334 1350 1403 horti,et
1373 1336 1687 1402 Odeum,et
1720 1334 1885 1390 Varia
1904 1351 2035 1405 por-

386 1418 904 1489 ticus;etillustrcs
928 1421 1057 1489 vici,
1092 1423 1384 1493 Cephisia,
1418 1422 1697 1490 Phalerm,
1730 1422 2033 1493 Sphettus,

384 1509 681 1580 Cecropia,
727 1508 1032 1580 Cytherus,
1085 1512 1378 1581 Aphidna,
1428 1511 1677 1567 Eleusis.
1730 1513 1857 1567 Haec
1898 1519 2033 1567 sunt

382 1597 596 1654 veteris
613 1597 941 1653 Academia:
963 1598 1223 1670 vestigia,
1257 1600 1378 1655 haec
1400 1618 1579 1669 novae;
1612 1602 1808 1655 omnia
1831 1600 2031 1655 Musas

383 1686 840 1759 spirant,omnia
859 1687 1247 1752 Gratias.Qu&
1270 1690 1426 1744 enim
1452 1689 1508 1744 in
1524 1690 1755 1744 civitate
1776 1693 1917 1744 sunt
1937 1706 2027 1743 ar-

382 1790 664 1833 canorum
690 1772 890 1841 ruinae,
932 1774 1286 1833 illustriores
1328 1783 1467 1833 sunt
1494 1778 1639 1849 ipsis
1665 1777 2024 1832 civitatibus.

2150 529 2319 603 ἱερὸν,
2379 528 2409 584 8
2464 550 2522 585 τε
2577 528 2810 605 ἀρχαῖος
2869 529 2995 590 ναὸς
3056 529 3212 598 ὁτῆς
3264 524 3538 589 Πολιάδος
3592 526 3646 581 ἐν
3687 529 3731 599 ᾧ
3776 528 3802 582 6

2152 614 2411 683 ἄσϐεστος
2469 618 2698 697 λύχνος,
2752 620 2843 674 καὶ
2895 621 2922 674 ὁ
2964 620 3272 691 Ιιαρθενὼν,
3321 618 3411 674 καὶ
3442 621 3478 688 ἡ
3530 617 3802 689 ἐλεφάντι-

2151 731 2243 771 νος
2302 711 2524 780 Ἀθηνᾶ,
2577 712 2638 765 τὸ
2689 708 2919 779 ἐξαίσιον
2968 714 3066 764 τοῦ
3100 707 3325 765 Φειδίου
3373 704 3554 783 ἔργον.
3587 708 3693 763 Καὶ
3718 706 3800 762 ’ἱνα

2151 795 2217 867 δὴ
2273 798 2366 853 τὸν
2425 798 2688 873 Ἡγησίαν
2752 797 2803 852 ἐν
2857 802 2976 859 τοῖς
3038 796 3160 874 περὶ
3213 804 3313 867 τῆς
3371 795 3588 858 πόλεως
3618 795 3797 870 λόγοις

2151 890 2522 960 μιμήσωμαι,
2576 888 2721 942 ἀκνῶ
2772 886 3110 956 πλεονάζειν,
3172 887 3250 959 μὴ
3300 880 3483 959 συμϐῇ
3530 892 3633 954 τῆς
3675 905 3793 959 προ·

2148 977 2344 1039 θέσεως
2392 976 2633 1031 ἐκπεσεῖν
2681 978 2780 1046 τὴν
2824 978 3060 1053 γραφήν.
3110 977 3263 1039 Ὅθεν
3310 974 3445 1029 κατᾶ
3498 973 3661 1050 μέρος
3710 975 3793 1029 καὶ

2147 1061 2553 1138 διεσπασμένως
2611 1064 2756 1139 ἰρῶ·
2828 1064 3001 1120 ἐκεῖνο
3051 1064 3403 1137 Λεωκόριον
3467 1067 3631 1117 τοῦτο
3687 1069 3791 1132 61;-

2145 1160 2305 1209 σεῖον’
2369 1159 2534 1209 τοῦτο
2609 1155 2912 1229 Μαραθών·
3001 1152 3176 1209 ἐκεῖνο
3251 1154 3548 1225 Ῥαμνοῦς·
3638 1150 3793 1207 τοῦτο

2146 1242 2424 1315 Δεκέλεια,
2482 1244 2543 1298 τὸ
2600 1244 2889 1319 περιφανὲς
2943 1248 3049 1299 τῶν
3108 1241 3563 1311 Πελοποννησίων
3618 1243 3790 1317 ὁρμη-

2140 1332 2353 1405 τήριον·
2412 1335 2573 1385 τοῦτο
2629 1329 2879 1385 Λύκειον·
2942 1329 3116 1385 ἐκεῖνο
3170 1330 3231 1384 τὸ
3273 1326 3619 1401 Ὀλυμπικὸν
3670 1328 3795 1384 στά-

2143 1415 2279 1473 διον·
2342 1418 2568 1474 ἐνταῦθα
2634 1421 2668 1487 ἡ
2702 1416 3016 1492 ’Δκαδημία
3063 1417 3153 1473 καὶ
3187 1420 3239 1473 οἱ
3297 1422 3466 1483 κῆποι
3497 1422 3607 1473 τῶν
3640 1416 3793 1492 φιλο-

2142 1508 2346 1584 σόφων,
2392 1508 2483 1562 κάὶ
2540 1509 2602 1563 τὸ
2654 1506 2883 1587 ’ῼδεῖον,
2928 1508 3019 1562 καὶ
3069 1510 3102 1577 ἠ
3136 1506 3371 1577 Ποικίλη
3405 1508 3555 1560 non"
3590 1507 3681 1561 καὶ
3741 1506 3792 1560 οὶ

2140 1602 2453 1672 περιφανεῖς
2510 1595 2702 1670 δῆμοι,
2736 1600 2770 1667 ἡ
2804 1599 3064 1676 Κηφισία,
3096 1597 3162 1652 τὰ
3192 1595 3448 1670 Φάληρα,
3483 1598 3518 1665 ἡ
3556 1596 3792 1671 Σφηττὼ

2138 1689 2172 1755 ἡ
2226 1686 2527 1760 Κεκροπία,
2577 1689 2612 1755 ἡ
2657 1687 2903 1758 Κύθηρος
2933 1729 2947 1754 ,
2997 1689 3033 1755 ἡ
3090 1682 3321 1763 ’Ἄφιδνα
3352 1727 3366 1752 ,
3427 1686 3462 1753 ἡ
3525 1684 3791 1747 Ἐλευσίς’

2138 1775 2365 1851 λείψανα
2393 1780 2559 1830 ταῦτα
2605 1783 2706 1845 τῆς
2754 1773 2987 1838 παλαιᾶς
3049 1773 3414 1847 Ἀκαδημίας,
3473 1770 3652 1827 ἐκεῖνα
3690 1781 3793 1844 τῆς

383 1859 664 1934 νεωτέρας·
726 1858 897 1914 πάντα
932 1868 1149 1934 μουσῶν
1180 1868 1318 1936 πνεῖ,
1346 1864 1521 1919 πάντα
1550 1862 1815 1938 χαρίτων.
1846 1863 1913 1918 τὰ
1942 1862 2045 1937 γὰρ
2078 1862 2130 1919 ἐν
2256 1864 2415 1919 πόλει
2449 1863 2656 1939 ἐρείπια
2695 1869 2803 1918 τῶν
2854 1863 3183 1940 ἀπορῥήτων
3228 1859 3304 1919 ἔτι
3356 1888 3787 1946 περιφανεστιρα

386 1948 600 2007 πόλεων
612 1996 625 2010 .

453 2044 525 2100 Ut
582 2051 780 2103 autem
842 2044 1029 2117 magis
1061 2060 1125 2099 ac
1184 2043 1371 2115 magis
1401 2043 1635 2100 civitate
1685 2043 1922 2109 fruaris,
1956 2042 2028 2099 ab
2060 2046 2107 2111 B

380 2149 483 2188 ora
512 2150 639 2205 qua
677 2135 957 2191 Eubceum
990 2135 1215 2203 spectat
1270 2132 1471 2187 Atticaa
1522 2132 1856 2197 cobaerenti,
1905 2136 2025 2186 sta-

377 2222 484 2277 tim
515 2224 768 2279 occurrit
797 2224 1025 2294 Oropus
1056 2227 1113 2275 et
1142 2237 1307 2276 sacer
1338 2227 1539 2293 portus
1571 2238 1746 2293 quem
1791 2220 2022 2293 Delphi-

378 2311 543 2367 nium
600 2316 830 2382 vocant,
889 2310 1043 2382 apud
1102 2325 1275 2379 quem
1330 2310 1576 2380 antiqua
1633 2313 1723 2365 est
1781 2309 2022 2365 Eretria.

374 2399 593 2456 Deinde
650 2400 917 2470 Delium,
976 2397 1231 2469 Apollini
1299 2404 1747 2454 consecratum.
1825 2399 2023 2470 Neque

374 2489 578 2559 procul
628 2488 837 2561 ingens
894 2492 1099 2559 portus
1149 2503 1323 2558 quem
1371 2488 1737 2542 Profundum
1781 2488 2019 2542 Portum

371 2577 700 2633 nominaut.
733 2577 954 2633 Deinde
999 2573 1187 2647 Aulis,
1237 2579 1509 2647 petrosus
1536 2575 1722 2632 locus.
1750 2576 1818 2631 Et
1846 2591 2022 2647 prope

370 2667 649 2737 Euripus.

439 2759 515 2811 Et
544 2754 782 2827 quidem
807 2770 876 2810 ea
914 2758 1003 2810 est
1031 2770 1234 2809 versus
1256 2754 1533 2809 Euboeam
1565 2770 1668 2809 ora
1700 2753 2015 2810 maritima.

374 2844 437 2898 In
471 2843 684 2899 mediis
715 2849 911 2899 autem
943 2843 1112 2898 terris
1140 2842 1213 2898 ab
1240 2841 1541 2898 occidente
1588 2846 1677 2898 est
1723 2842 2018 2907 Citberon,

372 2934 445 2991 ad
496 2933 959 3005 septentrionem
1012 2931 1397 2987 Phocensium
1438 2932 1602 2987 urbs.
1635 2936 1719 2987 Ex
1763 2930 2018 2987 Phocen-

375 3022 539 3078 sibus
588 3025 787 3077 autem
844 3020 1146 3077 montibus
1204 3018 1376 3074 multi
1436 3019 1804 3075 descendunt
1835 3018 2016 3090 ﬂuvii,

371 3126 620 3182 quorum
645 3109 934 3165 maximus
963 3116 1049 3164 est
1080 3106 1463 3181 Chephissus.
1500 3108 1786 3163 Schmnus
1819 3112 2015 3164 autem

367 3198 511 3254 urbs
572 3202 661 3254 est
712 3198 1149 3254 Thebanorum.
1200 3198 1341 3252 Eam
1420 3202 1616 3253 autem
1677 3197 2018 3269 praeterfluit

366 3287 580 3344 ﬂuvius
634 3286 922 3343 Schoenus
983 3287 1239 3342 nomine.
1292 3285 1564 3342 Citheron
1614 3291 1811 3341 autem
1844 3302 2015 3341 mons

363 3376 628 3433 excelsus
685 3381 793 3432 est.
857 3376 1128 3432 Ismenus
1182 3374 1395 3430 fluvius
1452 3379 1508 3430 et
1565 3377 1790 3446 Asopus
1822 3374 2010 3446 plani-

361 3467 503 3522 tiem
525 3482 648 3538 quea
680 3472 813 3521 ante
835 3464 1067 3521 Thebas
1088 3465 1245 3535 jacet
1262 3464 1684 3536 praterﬂuunt.
1708 3464 1873 3519 Dirce
1907 3481 2008 3519 au-

365 3559 484 3611 tem
533 3555 663 3611 fons
711 3558 822 3611 est.
874 3554 944 3608 Et
989 3553 1263 3609 Citberon
1302 3570 1418 3610 non
1468 3553 1671 3625 procul
1718 3570 1751 3608 a
1796 3552 2011 3609 Thebis

366 3644 591 3700 ﬁnitur.

435 3732 651 3789 Deinde
682 3732 825 3787 urbs
852 3731 1117 3803 Thespiae
1154 3747 1333 3803 prope
1362 3730 1701 3786 Heliconem
1751 3735 1807 3786 et
1853 3730 2009 3786 Cris-

363 3835 545 3876 saaum
576 3820 772 3875 sinum
799 3820 976 3889 jacet.
1010 3820 1193 3885 Prope
1220 3818 1505 3890 Thespias
1549 3824 1745 3873 autem
1791 3824 1880 3873 est
1901 3824 2008 3874 As-

364 3925 482 3974 cra,
511 3907 745 3963 Hesiodi
766 3907 1046 3979 patria,in
1080 3906 1373 3961 Heliconis
1396 3907 1620 3962 dextra.
1646 3906 1881 3963 Helicon
1913 3924 2011 3963 au-

361 4002 478 4053 tem
511 4001 601 4052 est
628 3996 688 4051 in
719 3994 990 4052 Phocide.
1025 3995 1234 4051 Portus
1265 3999 1462 4052 autem
1494 3995 1886 4069 Thespiorum
1920 4000 2012 4054 est

359 4090 594 4142 Creusa.
631 4086 762 4141 Post
788 4084 1070 4155 Thespias
1099 4100 1234 4140 vero
1265 4088 1354 4140 est
1383 4084 1752 4158 Mycalissus,
1789 4091 1845 4141 et
1870 4102 2004 4158 pro-

360 4191 430 4248 pe
459 4174 801 4244 Eleutherae,
853 4174 994 4231 urbs
1043 4173 1409 4231 contermina
1457 4174 1918 4232 Atheniensibus
1950 4180 2008 4232 et

361 4264 603 4322 Beotiis.

433 4442 560 4497 Hac
590 4442 660 4496 de
690 4440 929 4496 Athenis
959 4441 1267 4498 sufﬁciunt
1300 4441 1727 4499 Atheniensum
1764 4442 2005 4501 fautori.

360 4530 476 4586 Nos
496 4531 652 4587 enim
685 4530 820 4601 plus
849 4531 1149 4587 effecimus
1171 4548 1350 4603 quam
1372 4548 1609 4588 eramus
1634 4532 1845 4603 rogati,
1871 4549 2007 4587 cum

360 4618 718 4675 mentionem
762 4619 1146 4676 habuerimus
1186 4622 1256 4675 de
1298 4620 1641 4694 regionibus
1672 4625 1729 4677 et
1761 4623 1831 4678 de
1864 4621 2008 4679 civi-

360 4708 582 4765 tatibus
612 4706 747 4763 huic
778 4708 909 4763 urbi
941 4708 1171 4764 vicinis.

2207 2043 2322 2098 ’Ίνα
2354 2039 2410 2096 δὲ
2442 2040 2528 2096 ἐπὶ
2558 2039 2725 2096 πλέον
2784 2041 3179 2119 κατατρυφῲης
3227 2049 3328 2113 τῆς
3380 2043 3625 2113 πόλεως,
3682 2045 3798 2102 ἀπὸ

2132 2137 2232 2199 τῆς
2285 2132 2421 2206 πρὸς
2450 2126 2679 2186 Εὔϐοιαν
2732 2129 3003 2207 παραλίας
3055 2138 3156 2201 τῆς
3216 2137 3474 2208 συνεχοῦς
3530 2136 3600 2205 tl],
3662 2136 3797 2190 ’Δτ-

2132 2223 2278 2293 τικῇ,
2339 2219 2491 2281 εὐθὺς
2547 2222 2574 2275 ὁ
2630 2223 2865 2295 Ὠροπὸς
2896 2221 3198 2295 πρόκειται,
3250 2222 3339 2276 καὶ
3372 2224 3400 2277 6
3432 2223 3575 2297 ἱερὸς
3608 2221 3794 2295 λιμὴν

2134 2309 2191 2363 δν
2251 2308 2477 2364 καλοῦσι
2536 2307 2843 2387 Δελφίνιον,
2890 2311 3007 2364 καθ’
3063 2310 3121 2364 ’ὸν
3179 2312 3213 2380 ἡ
3274 2308 3791 2388 παλαιὰἙρὲτρια.

2137 2397 2267 2452 Εἶτα
2321 2399 2383 2452 τὸ
2444 2397 2687 2468 Δήλιον,
2747 2398 2808 2452 τὸ
2860 2398 3005 2473 ἱερὸν
3063 2402 3165 2452 τοῦ
3224 2398 3623 2465 Ἀπόλλωνος.
3686 2402 3788 2456 Καὶ

2131 2486 2277 2562 παρά
2327 2490 2520 2541 τοῦτον
2570 2484 2743 2559 λιμήν
2807 2487 2994 2562 μέγας,
3056 2485 3114 2541 ὅν
3170 2487 3398 2543 καλοῦσι
3451 2488 3630 2552 Βαθὺν
3692 2498 3797 2545 Λι-

2136 2576 2285 2649 μὲνα.
2343 2576 2459 2639 Εἶθ’
2514 2578 2549 2645 ἡ
2602 2574 2795 2647 Αὐλὶς,
2846 2572 3118 2650 πετρῶδες
3147 2575 3379 2653 χωρίον.
3413 2578 3509 2632 Καὶ
3543 2576 3793 2649 πλησίον

2133 2666 2161 2721 6
2193 2662 2453 2736 Εὔριπος.

2203 2753 2300 2807 Καὶ
2342 2754 2376 2822 ἢ
2438 2753 2532 2827 μὶν
2593 2752 2835 2828 παραλία
2886 2752 3112 2825 τοιαύτη
3172 2774 3255 2817 τις
3285 2756 3320 2824 ἡ
3355 2756 3489 2830 πρὸς
3520 2751 3787 2815 Εὔϐοιαν.

2128 2842 2212 2897 Τὰ
2273 2838 2321 2895 δ’
2373 2840 2425 2895 ἐν
2480 2845 2548 2916 τῇ
2611 2840 2894 2919 μεσογαίᾳ,
2954 2841 3061 2897 ἀπὸ
3113 2845 3212 2912 τῆς
3269 2843 3493 2919 ἑσπέρας
3527 2846 3556 2900 6
3588 2848 3788 2901 Κιθαι·

2127 2930 2259 3005 ρὼν,
2308 2930 2446 3006 πρὸς
2490 2928 2549 2985 δὶ
2596 2928 2791 3005 ἄρκτον
2852 2934 2887 3001 ἡ
2935 2930 3171 2986 Φωκέων
3235 2931 3418 2995 πόλις.
3454 2934 3552 2991 Ἐκ
3580 2931 3642 2990 δὶ
3676 2939 3784 2990 τῶν

2127 3026 2396 3077 Φωκικῶν
2452 3023 2593 3097 ὁρῶν
2633 3019 2839 3077 πολλοὶ
2890 3021 3130 3096 ποταμοὶ
3178 3025 3591 3100 καταφέρονται,
3647 3026 3725 3079 ὧν
3759 3026 3787 3080 6

2125 3111 2400 3187 Κηφισσὸς
2453 3112 2723 3187 μέγιστος.
2782 3112 2845 3168 Ἡ
2900 3108 2959 3166 δὲ
3018 3117 3249 3186 Σχοῖνος
3297 3113 3457 3188 χώρα
3506 3112 3619 3169 ἐστὶ
3680 3122 3788 3185 τῆς

2125 3193 2426 3269 Θηϐαϊκῆςο
2489 3199 2573 3275 ῥεῖ
2618 3196 2676 3253 δὶ
2732 3200 2819 3253 καὶ
2870 3200 3116 3272 ποταμὸς
3167 3198 3237 3255 δι’
3286 3200 3453 3270 αὐτῆς
3508 3206 3788 3278 Σχοινοῦς

2126 3287 2552 3361 ὀνομαζόμενος.
2628 3290 2687 3345 Ὁ
2755 3284 2813 3343 δὲ
2880 3289 3153 3363 Κιθαιρὼν
3217 3288 3345 3365 ὅρος
3402 3287 3649 3365 ὑψηλόν.
3719 3293 3786 3349 '0

2130 3377 2308 3448 μέντοι
2370 3377 2623 3449 Ἰσμηνὸς
2680 3378 2928 3450 ποταμὸς
2992 3380 3079 3432 καὶ
3142 3379 3169 3432 6
3227 3379 3474 3442 Ἀσωπὸς
3530 3376 3622 3433 διὰ
3680 3382 3791 3434 τοῦ

2121 3463 2311 3520 πεδίου
2370 3465 2549 3541 ῥέουσι
2606 3471 2703 3521 τοῦ
2759 3467 2865 3543 πρὸ
2920 3471 3028 3521 τῶν
3093 3462 3326 3536 Θηϐῶν
3380 3470 3415 3537 ἡ
3467 3465 3525 3523 δὲ
3581 3467 3791 3543 Δίρκη,

2117 3555 2293 3630 κρήνη
2326 3554 2456 3611 ὶστί.
2513 3554 2612 3609 Καὶ
2643 3555 2670 3610 6
2703 3556 2971 3631 Κιθαιρὼν
2997 3553 3056 3610 οὗ
3085 3555 3275 3633 πόῤῥω
3304 3577 3411 3612 που
3440 3560 3549 3612 τῶν
3577 3551 3791 3627 Θηϐῶν

2115 3644 2366 3715 τελευτᾷ.

2188 3734 2319 3788 Μεθ’
2375 3730 2407 3787 ἂ
2462 3733 2553 3788 καὶ
2601 3735 2635 3803 ἡ
2687 3732 2851 3798 πόλις
2880 3734 2934 3789 αἱ
2979 3734 3204 3791 Θεσπιαὶ
3235 3734 3476 3809 πρὸςτῷ
3508 3732 3792 3791 Ἑλικῶνι

2119 3820 2434 3893 ἑπικειμὲνη
2493 3826 2573 3893 τῷ
2632 3822 2905 3897 Κρισσαίῳ
2960 3821 3178 3896 κόλπῳ.
3237 3827 3327 3880 Ἐν
3399 3821 3456 3878 δὲ
3500 3828 3624 3885 ταῖς
3688 3831 3797 3881 Θι-

2119 3915 2302 3974 σπιαῖς
2332 3910 2443 3965 ἐστι
2501 3911 2592 3965 καὶ
2624 3913 2658 3981 ἡ
2714 3915 2942 3988 Ἄσκρη,
2997 3914 3031 3982 ἡ
3087 3904 3207 3968 τοῦν
3240 3910 3495 3969 Ἡσιόδου
3554 3914 3795 3991 πατρὶς,

2118 3998 2171 4054 ἐν
2202 3996 2346 4070 δεξιᾷ
2389 4003 2487 4055 τοῦ
2519 3996 2834 4065 Ἑλικῶνος.
2893 4001 2950 4055 Ὀ
3001 3998 3061 4056 δὲ
3104 3999 3339 4058 Ἑλικὼν
3388 4003 3630 4076 συνεχής
3672 4001 3798 4059 ἐστι

2115 4090 2184 4161 τῇ
2232 4084 2467 4144 Φωκίδι.
2514 4087 2768 4145 Επίνειον
2827 4086 2885 4144 δὶ
2935 4094 3043 4144 τῶν
3103 4093 3349 4145 Θεσπιῶν
3404 4092 3440 4159 ἡ
3500 4088 3792 4163 Κρέουσα.

2120 4178 2267 4234 Μετᾶ
2297 4174 2355 4232 δὲ
2409 4176 2502 4239 τὰς
2556 4176 2787 4241 Θεσπιὰς
2849 4180 2884 4247 ἠ
2942 4176 3327 4248 Μυκαλησσὸς,
3381 4178 3473 4234 καὶ
3533 4176 3794 4250 πλησίον

2118 4268 2172 4322 αἱ
2220 4265 2556 4343 Ἐλεῦθιραι,
2587 4265 2750 4330 πόλις
2782 4262 3093 4346 ἀμφίϐολος
3128 4266 3434 4339 Ἀθηναίοις
3481 4268 3574 4323 καὶ
3609 4270 3797 4326 Βοιω·

2115 4378 2258 4418 τοις.

2190 4446 2370 4519 Ἀρκεῖ
2431 4448 2593 4499 ταῦεα
2666 4444 2791 4519 περὶ
2843 4445 3089 4515 Ἀθηνῶν
3161 4448 3243 4517 τῷ
3298 4448 3405 4500 τῶν
3462 4444 3788 4524 ’ᾼθηναίων

2118 4533 2338 4610 ἐραστῇ.
2387 4533 2577 4603 Ἡμεῖς
2630 4533 2735 4609 γὰρ
2794 4531 2961 4588 πλέον
3013 4554 3067 4588 τι
3113 4537 3211 4588 τοῦ
3256 4531 3627 4608 ἐπιτάγματος
3682 4556 3789 4590 m-

2117 4625 2446 4695 ποιήκαμεν,
2494 4621 2582 4676 καὶ
2608 4626 2717 4676 τῶν
2751 4625 3042 4699 προσεχῶν
3079 4620 3283 4693 ταύτης
3342 4620 3788 4703 ἐπιμνηφθὲντες

2118 4711 2341 4790 χωρίων
2372 4711 2462 4767 καὶ
2492 4708 2731 4769 πόλεων.
