3970 6218
195 286 352 345 1161
1697 290 1763 349 El

2038 292 2129 352 ΛΞ.
3450 308 3606 366 1162

1214 584 1701 680 ΜΙΧΑΗΛ
1780 586 2028 682 ΤΟΥ
2102 587 2610 685 ΨΕΛΛΟΥ

706 780 803 841 Εἷς
832 781 923 835 τὸν
952 779 1194 857 χαλκοῦν
1223 783 1397 839 Ἵππον
1424 785 1515 840 τὸν
1543 783 1594 840 ἐν
1626 790 1706 857 τῷ
1733 782 2107 861 Ἱπποδρόμῳ,
2142 785 2372 861 ἀπῃωρη
2387 788 2546 859 μένον
2578 789 2668 844 τὸν
2699 787 2841 845 πόδα
2864 785 3083 865 ἔχοντα.

1559 1083 1939 1140 MICHAELIS
1982 1085 2228 1141 PSELLI

905 1233 970 1295 1n
1001 1252 1231 1297 aereum
1263 1253 1495 1315 equum
1526 1235 1591 1296 in
1622 1236 2078 1316 Hippodromo,
2123 1239 2228 1318 qui
2262 1241 2486 1319 pedem
2519 1242 2871 1305 attollebat.

1323 1396 1634 1467 (BANDURI,
1662 1398 1961 1468 Imperium
1992 1398 2196 1454 Orienl.
2235 1400 2284 1465 Ι,
2315 1402 2461 1471 178.)

260 1736 543 1803 Ἕμπνους
575 1732 602 1786 ὀ
632 1730 876 1806 χαλκοῦς
900 1729 1071 1793 ἵππος
1104 1732 1261 1793 οὗτος
1292 1731 1350 1786 ’ὸν
1389 1730 1629 1805 βλέπεις,

1863 1744 1917 1809 Α
2020 1734 2213 1807 Spirat
2242 1752 2428 1792 aereus
2457 1736 2567 1793 iste
2597 1753 2806 1809 equus,
2839 1756 3015 1811 quem
3045 1741 3237 1797 cernis

262 1822 540 1894 Ἐμπνους
571 1819 793 1889 ἀληθῶς
823 1819 913 1875 καὶ
943 1819 1264 1898 φριμάζεται
1296 1822 1460 1896 τάχα.

2020 1826 2217 1896 Spirat
2248 1841 2465 1895 revera,
2499 1843 2566 1882 ac
2599 1828 2863 1884 fortassis
2892 1830 3172 1885 infremit.

260 1911 361 1964 Τὸν
394 1910 652 1984 πρόσθιον
688 1906 743 1964 δὲ
772 1914 962 1964 τοῦτον
997 1909 1215 1986 ἐξαίρων
1241 1907 1402 1978 πόδα,

2022 1914 2170 1977 Quin
2194 1918 2251 1969 et
2281 1916 2629 1972 anteriorem
2662 1919 2868 1988 pedem
2900 1918 3081 1975 istum
3110 1919 3383 1976 attollens

259 1996 430 2055 Βαλεῖ
462 2019 519 2052 σε
548 1998 637 2052 καὶ
671 1996 787 2068 λὰξ,
824 1997 871 2052 εἴ
899 1997 1171 2073 παρέλθῃς
1200 1997 1434 2065 πλησίον
1465 2016 1480 2032 ·

2020 2006 2100 2060 'l‘e
2129 2005 2285 2061 calce
2316 2007 2571 2078 impetet,
2606 2008 2652 2063 si
2685 2011 2923 2081 propius
2954 2013 3215 2067 accedas.

262 2093 497 2161 Δραμεῖν
531 2089 781 2162 καθορμᾷ
814 2108 827 2121 ⁸
862 2088 1038 2156 στῆθι,
1076 2088 1150 2159 μή
1182 2087 1596 2164 προσσεγγίσῃς,

2025 2096 2101 2149 Ad
2132 2112 2369 2150 cursum
2393 2097 2775 2154 estincitatus
2800 2119 2814 2167 ;
2840 2100 2983 2155 siste
3014 2116 3363 2172 ergo,neque
3386 2118 3593 2173 appro-

255 2263 486 2320 Μᾶλλον
521 2262 577 2320 δὲ
607 2270 789 2343 φεῦγε,
829 2266 904 2339 μὴ
938 2260 1108 2340 λάϐῃς
1138 2266 1201 2321 τὸ
1224 2270 1321 2320 τοῦ
1352 2265 1539 2341 λόγου.

3278 2194 3549 2262 [pinques
3578 2209 3592 2259 ;

2024 2274 2129 2327 Aut
2158 2273 2349 2344 potius
2383 2275 2534 2346 fuge,
2569 2293 2640 2332 ne
2672 2276 2775 2331 tibi
2808 2278 2964 2334 dicta
2995 2278 3287 2333 eveniant.

870 2642 1576 2774 ΜΙΧΑΗΛ
1717 2642 2064 2771 ΤΟΥ
2208 2644 2438 2771 ΨΕ

1360 2642 1576 2774 ΗΛ
1717 2642 2064 2771 ΤΟΥ
2208 2643 2928 2774 ΨΕΛΛΟΥ

1533 2900 2253 2999 ΕΠΙΣΤΟΛΑΙ.

606 3282 1515 3409 MICHAELIS
1608 3277 2197 3405 PSELLI
2297 3276 3202 3405 EPISTOLZE.

203 3670 291 3725 ΑΖ
352 3673 441 3740 Τῷ
514 3665 895 3744 μητροπολίτῃ
972 3666 1389 3744 Θεσσα-λονξκης,
1462 3666 1541 3740 τῷ
1612 3688 1766 3743 γεγον

2046 3666 2399 3737 Metropolim
2436 3665 2844 3744 Thessalonicae,
2883 3666 2978 3744 ριιί
3005 3668 3181 3736 factus
3225 3667 3303 3720 est
3333 3665 3614 3720 rhetorum

682 3738 945 3815 μα’ἷστώρι
976 3745 1083 3794 τῶν
1124 3739 1395 3816 ρητόρων.
1514 3738 1522 3740 ἡ
1627 3738 1637 3743 ’
1688 3738 1697 3743 ’
1890 3738 1928 3742 —

1514 3738 1522 3740 ἡ
1627 3738 1637 3743 ⁷
1688 3738 1697 3743 ’
1890 3738 1928 3742 ”
2598 3739 2859 3808 magister
2886 3739 2984 3806 (1).

287 3843 457 3903 Οὐδὲν
509 3846 538 3900 ὁ
586 3845 794 3923 ῥήτωρ,
827 3845 910 3901 ὅτι
957 3848 1031 3920 μὴ
1080 3846 1302 3922 γλῶσσα
1339 3846 1589 3920 λαμπρᾶ,
1622 3845 1715 3899 κᾶν
1776 3843 1855 3899 λὲ-

2047 3843 2193 3909 Quid
2225 3842 2381 3899 aliud
2416 3847 2609 3900 orator
2630 3844 2744 3899 nisi
2777 3844 2895 3899 sive
2925 3842 3349 3915 loquatur,sive
3378 3842 3615 3909 scribat,

204 3958 302 4011 γῃ,
392 3933 487 3989 κᾶν
564 3937 768 4013 γράφῃ,
848 3934 943 3990 κᾶν
1033 3933 1261 4009 παιδεύῃ
1369 3934 1687 4010 ῥητορικὴν,
1768 3955 1772 3986 1

2052 3951 2096 3990 re
2117 3933 2463 3989 rhetoricem
2479 3934 2829 3999 doceat,sive
2843 3932 3227 4005 philosophiae
3247 3937 3500 3987 mentem
3526 3949 3620 4003 ap-

206 4023 516 4103 φιλοσοωίᾳ
560 4026 651 4078 τὸν
700 4028 827 4078 νοῦν
871 4022 1087 4100 ἀσχολῇ
1122 4042 1135 4056 ⁶
1169 4026 1267 4093 τήν
1324 4022 1381 4078 δὲ
1443 4023 1691 4098 γλῶτταν
1746 4043 1774 4075 τ

2051 4023 2173 4085 icet,
2203 4038 2438 4093 semper
2468 4039 2567 4093 per
2596 4022 2861 4093 linguam
2894 4021 3211 4093 operatur?
3244 4022 3401 4076 Hanc
3449 4038 3619 4092 porro

200 4135 311 4182 την
376 4111 479 4187 ἔχῃ
526 4133 584 4167 τε
638 4113 777 4185 ὁμοῦ
824 4113 913 4167 καὶ
944 4111 1191 4190 ἀφίησιν.
1226 4112 1322 4167 Καὶ
1382 4110 1469 4167 διὰ
1525 4116 1689 4165 ταῦτα
1748 4131 1768 4163 ο

2052 4140 2054 4153 ι
2086 4127 2322 4165 causam
2356 4126 2472 4165 non
2503 4110 2875 4166 Atheniensis
2897 4116 3005 4177 est,
3028 4128 3141 4165 non
3173 4110 3620 4180 Spartiates,sed

208 4202 511 4269 Ἀθηναῖος
568 4203 601 4271 ἢ
660 4201 1004 4276 Σπαρτιάτης
1060 4200 1223 4268 ἐστὶν,
1277 4198 1423 4256 ἀλλά
1477 4199 1715 4269 πολίτης
1771 4221 1776 4235 ι

2058 4198 2138 4252 bis
2171 4197 2425 4252 universi
2450 4197 2591 4252 civis
2620 4200 2739 4264 est;
2772 4196 2943 4268 longe
2975 4197 3131 4251 enim
3180 4196 3413 4267 lateque
3464 4200 3626 4251 tonat

206 4289 570 4363 οἷκουμένης,
602 4291 691 4345 καὶ
742 4290 986 4366 ἀτεχνῶς
1028 4289 1275 4364 ἀστραπή
1326 4291 1359 4359 ἢ
1422 4290 1620 4363 βροντὴ
1670 4308 1773 4343 παν

2078 4285 2497 4356 fulgurat.Non
2529 4285 2682 4340 enim
2717 4284 2907 4340 solum
2941 4284 3286 4354 eloquentia:
3319 4300 3424 4338 nos
3457 4284 3626 4354 quasi

209 4378 357 4454 χόσε
414 4380 764 4454 περιηχοῦσά
817 4399 875 4433 τε
930 4379 1021 4433 καὶ
1067 4378 1440 4450 ἐκλάμπουσα.
1475 4379 1551 4434 Οὐ
1610 4379 1711 4452 γὰρ
1768 4400 1777 4449 ι

2057 4375 2123 4431 ba
2153 4373 2470 4441 demulces,
2522 4373 2825 4429 nobiscum
2877 4389 3268 4440 conversans;
3306 4373 3407 4427 sed
3440 4388 3468 4427 e
3497 4372 3625 4427 Ion-

209 4488 319 4523 νον
369 4463 656 4538 ἐπιδημῶν
701 4470 837 4539 ἡμῖν
905 4473 1004 4537 τῆς
1058 4468 1261 4542 τέχνης
1326 4466 1725 4541 μεταχειρίζεις
1771 4488 1777 4501 ε

2060 4480 2200 4535 iquo
2230 4463 2407 4517 etiam
2440 4478 2740 4518 sermones
2771 4467 2904 4518 tuos
2935 4462 3178 4517 telorum
3213 4461 3401 4517 instar
3432 4462 3492 4516 in
3525 4478 3628 4516 nos

215 4553 520 4630 σάλπιγγα,
578 4555 724 4611 ἀλλὰ
781 4556 868 4610 καὶ
929 4552 1234 4628 ἀποδημῶν
1293 4554 1527 4626 τοξεύεις
1596 4554 1675 4632 ἐφ’
1725 4557 1781 4627 ἧς

2060 4554 2152 4619 :is,
2182 4552 2267 4607 ita
2295 4555 2493 4607 tamen
2526 4556 2589 4606 ut
2621 4568 2691 4607 ne
2721 4551 2990 4606 vulneres
3023 4552 3343 4618 auditores,
3379 4552 3495 4606 imo
3528 4554 3628 4607 de—

206 4644 351 4705 τοῦς
410 4643 606 4719 λόγους
669 4642 849 4718 ὥσπερ
906 4644 1057 4706 τινὰς
1102 4644 1320 4705 ὀϊστούς
1353 4661 1366 4674 ⁸
1406 4643 1493 4698 καὶ
1525 4644 1756 4714 τοξεύων

2062 4641 2457 4710 ulceas,totam
2482 4641 2741 4697 animam
2766 4657 2975 4697 vocum
3000 4640 3293 4697 illecebris
3316 4641 3630 4697 imbuendo

214 4733 510 4803 πλήττεις,
552 4731 701 4788 ἀλλὰ
752 4733 975 4808 βάλλων
1022 4730 1240 4802 ἡδύνεις
1274 4753 1286 4765 ·
1337 4734 1425 4787 καὶ
1478 4734 1539 4787 τὸ
1598 4736 1782 4809 φάρμα

2065 4749 2117 4787 ac
2147 4736 2237 4787 est
2259 4736 2471 4787 natura
2501 4730 2794 4797 dictionis,
2847 4731 3078 4799 mentis,
3130 4731 3489 4797 harmoniae;
3525 4731 3633 4786 hoc

211 4828 323 4878 τοῦ
370 4819 568 4897 βὲλους
601 4819 689 4875 διὰ
734 4822 911 4893 πάσης
963 4827 1123 4898 φοιτᾷ
1161 4828 1261 4891 τῆς
1302 4826 1508 4897 ψυχῆς.
1538 4822 1725 4883 Οὕτως

2065 4824 2162 4877 )dO
2195 4820 2327 4893 styli
2351 4820 2663 4893 rhythmus
2688 4820 2987 4891 procedit;
3022 4820 3131 4876 hac
3163 4820 3389 4876 ratione
3420 4826 3633 4885 orator,

212 4915 257 4981 ἡ
296 4909 442 4983 λὲξις
474 4929 487 4942 ⁶
523 4909 694 4975 οὕτως
726 4912 753 4965 ὁ
784 4915 912 4973 νοῦς
947 4930 959 4943 ⁸
1004 4910 1176 4973 οὕτως
1226 4914 1260 4980 ἡ
1310 4910 1545 4987 ἂρμονία
1578 4930 1589 4942 ·
1626 4911 1767 4965 οὕτω

2072 4911 2219 4965 alem
2254 4926 2567 4981 prmsumo,
2604 4909 2863 4964 omnium
2914 4913 3004 4963 est
3052 4910 3339 4981 gentium.
3393 4910 3475 4964 Eu
3511 4926 3637 4964 mea

219 4998 439 5062 κάλλος
495 5006 595 5069 τῆς
650 5002 895 5077 φράσεως
931 5019 942 5032 ·
976 5004 1224 5061 τοιοῦτος
1284 5001 1311 5054 ὁ
1360 4999 1489 5072 ἐμὸς
1550 4998 1732 5075 ῥήτωρ

2066 5015 2182 5066 ren,
2216 5014 2399 5069 osque
2438 4997 2811 5068 melliﬂuum,
2860 4998 3125 5063 suadela,
3177 4999 3530 5065 necessitas;
3567 5014 3634 5051 en

223 5051 438 5062 """"‘
509 5051 594 5069 '1‘
659 5051 894 5077 Ir"""‘
990 5051 1222 5061 """“
1291 5051 1304 5054 '
1365 5051 1487 5072 'I""
1550 5051 1723 5075 V'I'"r

223 5086 525 5161 πάνδημος
583 5090 670 5143 καὶ
736 5085 907 5153 ὅντως
972 5088 1309 5162 δημαίτατος
1345 5110 1356 5122 ·
1411 5088 1636 5158 τοιαύτη
1680 5091 1713 5157 ἡ
1775 5087 1791 5141 ἐ

2075 5103 2327 5142 imorum
2360 5086 2667 5156 illecebrae,
2700 5088 2985 5143 mentium
3034 5104 3204 5154 esca;
3254 5087 3637 5158 cogitatorum

225 5178 431 5252 Σειρήν
466 5177 553 5232 καὶ
585 5180 647 5231 τὸ
683 5178 949 5255 μελιχρὸν
984 5178 1161 5251 στόμα
1192 5197 1203 5209 ·
1241 5181 1275 5248 ἡ
1309 5179 1479 5232 πειθώ
1513 5195 1526 5209 °
1560 5180 1594 5247 ἡ
1650 5177 1793 5251 ἀνάγτ

2074 5191 2408 5243 usa,vocum
2424 5175 2705 5243 suavitas;
2720 5176 2850 5232 volu
2860 5181 3093 5249 ptarum
3111 5172 3642 5245 medulla,Calliope

298 5363 381 5433 (1)
415 5364 573 5419 Hanc
601 5362 905 5429 epistolam
938 5378 1069 5418 cum
1102 5362 1334 5417 duabus
1366 5359 1748 5433 sequentibus
1770 5358 1888 5433 eAdi-
1996 5374 2131 5413 cum
2164 5356 2265 5412 illo
2294 5373 2512 5433 magno
2544 5356 2975 5433 Eustatbioqui
2999 5371 3151 5433 anno
3180 5356 3313 5409 1192
3335 5356 3645 5433 defunctus

218 5426 317 5490 dit
350 5426 507 5490 Frid.
541 5426 722 5490 Tafel.
754 5434 821 5489 V.
855 5438 912 5489 C.
948 5436 1005 5489 in
1041 5434 1377 5505 Appendice
1406 5426 1476 5489 ad
1504 5430 1880 5505 Dissertatio-
1994 5434 2121 5505 est;
2158 5431 2319 5505 quod
2354 5426 2703 5505 cumuaetate
2726 5426 2919 5505 _Pselli
2942 5427 3153 5505 __nos_tri
3198 5445 3318 5505 non
3376 5429 3643 5505 quadrat.

225 5522 373 5562 nem
415 5508 481 5563 de
528 5507 907 5563 Thessalonica
953 5498 1175 5577 eiusq'u'e
1234 5521 1386 5577 agro.
1457 5503 1882 5574 Metropolitam
1993 5498 3641 5577 Epistolasli-t‘lediditBoissonadiusNorimbergm1838.

218 5578 407 5635 illum
440 5580 511 5637 ad
545 5595 721 5652 quem
756 5578 959 5635 scribit
989 5575 1217 5634 Pséllus
1256 5575 1527 5635 eumdem
1560 5592 1689 5633 esse
1719 5578 1887 5648 putat
1997 5575 2159 5631 Enrr.

562 5709 823 5769 Paraon.
874 5708 985 5768 GR.
1030 5706 1269 5768 CXXII.
3248 5702 3323 5759 37
