4060 6214
363 368 523 431 1163

1693 334 2117 399 MIGHAELIS
2166 334 2432 396 PSELLI

3609 325 3768 385 1164

358 465 2002 573 philosopha,naturaimmutabilis-Idem.saneiBzzantii.
2034 525 2036 531 η

2150 464 2312 518 ὸτῶν
2366 461 2603 540 καρδιῶν
2657 460 2960 536 θὲλγητρον
2996 476 3009 490 ’
3064 458 3127 513 τὸ
3182 460 3289 511 τῶν
3347 458 3539 531 ψυχῶν
3600 455 3771 527 θήρα-

2162 572 2201 573 ,,
2280 569 2293 573 _
2337 554 2351 573 ι
2396 554 2450 573 υ
2489 556 2513 567 ~
2578 572 2583 573 ,
2622 556 2677 573 η-
2714 572 2717 573 ,
3002 567 3014 573 -
3050 548 3079 573 Α
3144 544 3307 573 ...ι-.-
3363 548 3471 573 _.-.-.
3528 540 3721 573 δίδη...
3756 560 3769 572 .

358 554 419 644 in
449 554 954 648 Thessalia,longe
971 574 1043 628 ab
1064 568 1305 626 Athenis
1330 586 1343 632 ;
1369 565 1525 619 idem
1548 562 1608 615 in
1629 563 1752 648 tota
1772 554 2008 648 Graecia,

363 691 541 747 super
571 643 960 731 montibus,in
992 659 1243 715 vallibus
1270 676 1281 715 ;
1315 655 1470 709 idem
1501 656 1657 706 terra
1708 643 2010 702 luxuriosa

364 734 505 821 etin
536 759 660 816 solo
694 754 882 819 arido,
916 744 1326 814 immutabilis,
1359 742 1576 812 ubique
1608 752 1879 803 sonorus,
1911 734 2009 787 de-

364 847 675 913 lectabilis,
709 842 951 899 auribus
986 835 1220 899 suavis;
1254 835 1409 886 idem
1445 826 1703 892 subtilis,
1737 822 2010 886 ﬂoridus;

369 946 700 1023 pellucidus
723 935 1196 1009 ideoqueclarus;
1212 928 1571 1002 gravisidem
1594 941 1658 979 ac
1676 922 2010 986 vehemens,

372 1008 525 1093 acer.
555 1034 719 1089 Adde
750 1008 904 1100 quod
937 1022 1132 1079 omnia
1156 1018 1487 1091 promiscue
1512 1015 1700 1068 movet
1732 1010 1805 1080 (id
1832 1008 2014 1062 dicta-

372 1142 507 1182 men
541 1097 784 1185 meum):
812 1116 881 1170 Et
912 1128 1055 1168 sane
1086 1109 1184 1164 ubi
1218 1097 1887 1179 philosophatur,gravis
1918 1113 2015 1167 ap-

371 1217 572 1288 paret;
602 1224 732 1264 vere
764 1207 959 1261 orator
982 1199 1082 1256 ubi
1115 1194 1425 1268 magniﬁce
1457 1189 1583 1245 vult
1610 1186 2012 1288 quuileacer-

370 1276 527 1359 dotio
555 1276 862 1368 fungitur?
894 1306 1064 1346 nemo
1097 1288 1285 1357 magis
1317 1282 1590 1338 sacerdos
1633 1278 1753 1332 illo.
1787 1276 1865 1330 De
1897 1279 2018 1329 arte

367 1362 879 1447 disserit‘fVerba,
909 1391 1076 1432 voces
1126 1371 1296 1444 plane
1326 1366 1738 1424 convenientes
1790 1362 1849 1415 in
1898 1376 2018 1414 me-

365 1479 529 1534 dium
563 1473 800 1547 profert.
832 1466 1012 1521 Nemo
1044 1462 1174 1534 ipso
1225 1453 1699 1528 magnificentior
1726 1450 2016 1513 laudator,

363 1542 725 1638 explanator,
760 1542 2019 1627 explorator,persorutator,argumentator,

480 1623 720 1724 quidem
744 1623 948 1701 caztera
965 1638 1178 1695 habilis
1202 1652 1284 1701 es,
1309 1640 1365 1688 et
1395 1629 1656 1703 epistolae
1686 1623 2019 1724 tuaa'dnlce:

374 1712 513 1799 dine
537 1743 665 1811 ipsa
695 1732 983 1790 dulciores
1017 1730 1199 1782 artem
1234 1725 1423 1794 ipsam
1469 1719 1747 1790 produnt.
1772 1714 1914 1811 l‘lam
1950 1712 2022 1766 ad

376 1803 771 1899 eloquentiam
807 1823 1018 1875 natura
1051 1827 1334 1887 perquam
1388 1807 1632 1863 fautrice
1659 1803 1864 1871 uteris,
1898 1818 2023 1872 quae

380 1890 569 1987 peros
592 1920 757 1969 tuum
786 1924 961 1981 quam
986 1899 1465 1977 splendidissime
1498 1910 1767 1951 resonare
1789 1890 1933 1947 velle
1952 1890 2029 1945 vi-

383 1983 571 2062 detur.
606 1998 882 2070 Antiquis
914 1994 1152 2067 quidem
1184 1987 1547 2060 temporibus
1571 1983 1831 2053 undique
1850 1984 2029 2035 terra-

385 2110 516 2149 rum
566 2093 624 2145 in
670 2084 1033 2142 Thessaliam
1082 2079 1452 2135 conﬂuerunt
1489 2075 1561 2129 ob
1603 2072 1747 2127 alias
1780 2084 2029 2135 causas;

386 2182 629 2257 posthac
658 2182 852 2234 autem
883 2174 1192 2246 plerosque
1223 2169 1304 2224 ibi
1335 2171 1719 2223 conventuros
1751 2160 1939 2217 sentio
1972 2164 2035 2213 ut

387 2250 445 2328 te
503 2271 843 2341 loquentem
900 2262 1165 2319 audiant.
1217 2255 1535 2314 Ambitioso
1582 2268 1723 2308 sane
1770 2250 1875 2305 tibi
1905 2264 2033 2304 esse

388 2337 685 2428 licet,q—uia
717 2354 874 2427 quod
906 2369 973 2407 ex
1002 2366 1100 2406 ore
1129 2348 1259 2404 ﬂuit
1279 2351 1399 2412 tuo,
1421 2361 1535 2399 non
1570 2357 1813 2412 corpora
1843 2337 2033 2395 solum

388 2448 605 2518 tangit,
636 2445 737 2500 sed
769 2445 825 2498 in
857 2441 1115 2497 animam
1144 2437 1327 2491 intrat
1367 2441 1424 2489 et
1466 2432 1823 2501 voluptatem
1856 2431 2033 2493 creat,

394 2514 630 2604 exaltat,
660 2530 937 2593 intendit,
989 2527 1231 2590 relaxat,
1281 2520 1600 2593 perfundit,
1654 2517 1811 2571 acria
1840 2514 2033 2575 solvit,

394 2600 691 2680 retinet'et
719 2618 841 2671 vice
869 2629 1059 2668 versa.
1094 2611 1256 2676 Quod
1276 2609 1327 2663 si
1355 2605 1713 2662 Thessaliam
1745 2608 1905 2656 tuam
1930 2600 2034 2655 tibi

393 2707 651 2781 loquenti
677 2720 845 2759 aures
868 2701 1219 2773 praebentem
1248 2696 1514 2761 habes,te
1543 2696 1600 2747 et
1620 2691 1776 2746 illam
1804 2691 2035 2745 beatam

401 2778 566 2865 dico;
603 2800 677 2860 te,
711 2792 866 2864 quod
899 2789 1117 2845 dociles
1167 2785 1465 2841 auditores
1514 2780 1841 2847 inveneris;
1875 2778 2036 2833 illam

402 2887 557 2958 quod
590 2883 724 2939 talis
754 2880 900 2952 ipsis
931 2877 1201 2933 sacerdos
1232 2890 1297 2928 ac
1319 2876 1512 2928 orator
1528 2867 1883 2940 obtigerit.Si
1906 2884 2037 2923 vero

401 2974 549 3031 nulli
580 2970 822 3028 semidei
846 2966 1138 3023 auditores
1161 2958 1665 3025 exstiterint,beati
1682 2958 1764 3012 sic
1782 2973 2036 3028 quoque.

400 3066 528 3121 Tua
545 3061 782 3134 quidem
804 3056 1074 3112 felicitate
1095 3051 1239 3107 nihil
1255 3046 1699 3123 perfectius:tihi
1722 3044 2041 3119 stylus,tibi

402 3144 999 3216 satisdatio,definitio
1019 3140 1310 3198 contraria
1340 3155 1404 3193 ac
1436 3135 2042 3206 ratiocinati3,praavia

399 3238 691 3296 institutio
723 3253 789 3292 ac
819 3231 1180 3295 constitutio,
1227 3230 1492 3284 idearum
1541 3224 1794 3295 denique
1842 3222 2036 3278 mistio

2155 3223 2432 3279 ἐπιτείνειν
2466 3242 2476 3253 ·

400 3330 507 3384 tibi
540 3330 748 3399 praesto
778 3321 1088 3380 sunt.Nam
1122 3318 1451 3389 Graecia(ut
1468 3315 1741 3388 equidem
1777 3311 2046 3381 arbitror)

402 3423 457 3473 ct
474 3433 600 3487 qua:
619 3414 885 3485 regiones
907 3409 1137 3466 Graeciae
1155 3409 1423 3476 adjacent
1450 3404 1739 3460 autetiam
1758 3401 2049 3472 objacent,

404 3516 583 3587 (sicut
612 3511 936 3581 lonia)jam
960 3507 1100 3562 olim
1122 3507 1179 3561 in
1201 3504 1412 3559 litteris
1426 3498 2053 3558 eruditaluerat.Nunc

409 3607 603 3667 autem
630 3598 827 3654 omnia
853 3598 922 3651 ad
950 3598 1327 3650 monumenta
1342 3587 2052 3662 antiqua,rudera,ruinas

412 3692 644 3746 redacta
674 3692 831 3742 sunt.
858 3686 988 3740 Jam
1013 3684 1127 3739 scis
1150 3682 1290 3753 quid
1311 3680 1415 3735 tibi
1448 3678 1878 3741 faciendum,ne
1904 3675 2055 3729 scire

412 3782 581 3831 tuum
616 3777 830 3845 pereat.
884 3772 1141 3842 Loquere
1189 3786 1384 3824 coram
1434 3768 1603 3823 nobis
1655 3763 2054 3828 audientibus,

407 3864 683 3934 laqueum
716 3880 830 3918 non
863 3861 1226 3929 distendens,
1246 3863 1449 3932 guttur
1470 3858 1633 3926 justo
1664 3854 1913 3909 nimium
1937 3868 2053 3907 non

405 3952 723 4017 tendendo,
756 3955 958 4022 pectus
981 3966 1094 4003 non
1119 3946 1641 4018 comprimens,sed
1672 3944 2052 4017 grammatico

408 4040 756 4112 obloquens,
798 4039 1086 4109 nobisque
1133 4053 1302 4092 voces
1347 4035 1559 4091 litteris
1609 4037 2053 4107 repraesentatas

405 4130 559 4185 sicut
590 4147 692 4202 per
717 4128 981 4184 canalem
1010 4126 1426 4183 advehens.Sic
1451 4142 1549 4180 cor
1571 4142 1668 4197 per
1702 4142 1876 4179 venas
1897 4123 2050 4179 calo-

402 4235 524 4275 rem
556 4220 659 4274 toti
711 4219 938 4288 corpori
986 4216 1379 4271 communicat
1415 4235 1429 4283 ;
1462 4215 1545 4269 sic
1593 4215 1775 4285 hepar
1826 4230 1928 4284 per
1955 4213 2053 4266 ilia

402 4308 748 4380 sanguinem
786 4305 1068 4362 membris
1103 4304 1318 4371 mittit;
1344 4304 1427 4358 sic
1459 4304 1763 4358 cerebrum
1798 4319 1894 4374 per
1918 4302 2050 4356 dor-

400 4414 532 4453 sum
566 4412 803 4451 sensum
846 4410 1223 4450 communem
1274 4393 1495 4463 ubique
1544 4391 1930 4447 disseminat:
1966 4388 2050 4445 sic

398 4486 500 4555 qui
523 4483 865 4554 Megalopoli
884 4499 1093 4552 aquam
1121 4480 1260 4535 alibi
1284 4481 1494 4534 ducere
1509 4480 2046 4547 debebant,fossam

2117 572 2243 625 τρον
2279 569 2293 583 ⁶
2327 554 2361 621 ἡ
2396 554 2587 609 Μοῦσα
2612 556 2719 606 τῶν
2754 549 2967 603 ἐννοιῶν
3002 567 3014 580 ·
3049 548 3085 615 ἡ
3144 544 3307 620 χάρις
3363 548 3471 598 τῶν
3528 540 3722 611 λέξεων
3756 560 3769 572 ·

2117 641 2180 695 τὸ
2235 640 2467 716 γλεῦκος
2520 643 2619 708 τῆς
2676 637 2883 709 ἡδονῆς
2918 655 2930 667 ·
2959 637 2993 702 ἡ
3030 633 3332 711 φιλόσοφος
3366 629 3657 701 Καλλιόπη
3695 648 3708 660 ’
3738 630 3771 697 ἡ

2121 725 2502 802 ἀμετάϐλητος
2558 729 2734 806 φύσις.
2787 729 2848 783 Ὁ
2897 723 3062 785 αύτὸς
3116 722 3219 798 γὰρ
3288 721 3340 776 ἐν
3397 719 3695 790 Βυζαντίῳ,
3724 717 3771 772 ἐν

2124 816 2409 888 Θεσσαλίᾳ,
2446 805 2639 892 πόρῥω
2688 820 2793 869 τῶν
2849 816 3116 882 ³Λθηνῶν,
3148 811 3286 887 πρὸς
3344 810 3480 881 αὐτῇ
3538 811 3608 880 τῇ
3652 805 3777 861 Ἑλ-

2124 902 2272 975 λάδι,
2322 904 2372 959 ἐν
2415 904 2713 982 γηλόφοις,
2764 903 2815 957 ἐν
2861 898 3143 977 γηπέδοις,
3196 898 3245 952 ἐν
3294 898 3604 974 τρυφώσαις
3662 895 3775 969 χώ-

2125 1014 2261 1070 ραις,
2297 993 2348 1048 ἐν
2397 992 2661 1067 αὑχμηρᾷ
2716 995 2810 1067 γῇ,
2845 991 2908 1045 ού
2972 983 3331 1061 μεταϐάλλων
3364 1004 3379 1017 ·
3439 985 3502 1040 ού
3562 1004 3777 1058 μετατι-

2126 1083 2349 1155 θέμενος
2385 1102 2397 1115 ο
2432 1081 2750 1157 ἁπανταχοῦ
2806 1076 3060 1154 εὕκροτος
3088 1096 3101 1109 ·
3153 1074 3422 1148 εὔμουσος
3454 1093 3467 1106 ’
3526 1071 3733 1149 εὕηχος
3764 1091 3776 1103 “

2125 1170 2406 1247 γλαφυρός
2441 1191 2453 1203 ο
2514 1168 2747 1245 ἀνθηρός
2781 1186 2794 1201 °
2853 1168 2987 1240 μετὰ
3052 1170 3175 1221 τοῦν
3233 1163 3493 1239 λαμπροῦ
3549 1164 3731 1240 σαφής
3764 1180 3777 1193 ·

2132 1260 2267 1332 μετὰ
2316 1263 2413 1314 τοῦ
2471 1262 2677 1336 σαφοῦς
2736 1256 2955 1330 σεμνὸς,
2989 1255 3078 1310 καὶ
3142 1254 3278 1327 μετᾶ
3306 1252 3500 1306 τούτου
3557 1248 3782 1326 γοργός,

2128 1348 2217 1401 καὶ
2271 1349 2384 1419 μετ’
2443 1347 2647 1401 ἐκείνου
2707 1346 2983 1419 ἀκμαῖος·
3048 1346 3222 1398 πάντα
3295 1340 3455 1395 κινῶν
3540 1339 3783 1413 ἀμέσως,

2130 1446 2372 1518 ἐκμὲσως
2416 1446 2684 1519 (τοιοῦτον
2743 1444 2843 1521 γὰρ
2898 1443 2962 1498 τὸ
3016 1441 3146 1515 ἐμὸν
3204 1438 3622 1513 σεμνολόγημα)
3656 1456 3669 1469 ·
3726 1434 3783 1489 ἂν

2132 1534 2449 1612 σοφιστεύῃ,
2483 1535 2679 1607 σεμνός
2715 1554 2727 1567 ·
2781 1531 2840 1586 ἃν
2901 1530 3162 1604 σεμνύνῃ,
3214 1526 3544 1604 ῥητορικόν
3592 1524 3651 1579 ἃν
3708 1526 3790 1578 ἰι-

2135 1624 2353 1698 ρατεύῃ,
2415 1621 2587 1684 δεινὸς
2656 1621 2925 1697 ἱερατικός
2961 1639 2974 1652 ·
3034 1619 3092 1673 ἂν
3173 1616 3506 1693 τεχνολογῇ,
3567 1613 3793 1687 εύρετῆς

2133 1707 2363 1786 ἀκριϐὴς
2414 1716 2520 1765 τῶν
2578 1711 2715 1783 πρὸς
2777 1708 3047 1787 εὐφημίαν
3098 1706 3362 1784 ἀφορμῶν
3402 1724 3414 1737 ·
3471 1701 3796 1777 μεγαλήγο-

2140 1821 2232 1875 ρος
2289 1799 2569 1869 ἐπαινέτης
2601 1817 2612 1829 ·
2649 1796 2948 1873 ὑψηλογῶν
2999 1796 3065 1851 τὰ
3114 1800 3254 1872 σαφῆ
3293 1814 3306 1829 ·
3363 1790 3676 1871 σαφηνίζων
3728 1790 3801 1843 τά

2146 1886 2333 1961 ὑψηλά
2360 1885 2639 1961 μεθόδοις,
2672 1886 2816 1964 φημὶ
2856 1889 3057 1957 τομαῖς
3103 1882 3212 1937 τισὶ
3269 1881 3361 1937 καὶ
3410 1878 3684 1949 λειότησι.
3720 1879 3801 1931 Σὺ

2143 1975 2200 2031 δὲ
2246 1975 2424 2031 τᾶλλα
2475 1978 2566 2048 μὲν
2618 1974 2785 2036 καλός
2820 1995 2831 2008 ’
2883 1972 3011 2028 ἀλλ’
3061 1968 3400 2027 ἐπιστέλλων
3432 2002 3501 2011 —
3536 1967 3802 2042 ὑπὲρευγε

2139 2072 2240 2134 τῆς
2296 2064 2658 2141 γλυκύτητος.
2715 2069 2769 2117 Ὁ
2835 2063 2936 2138 γάρ
3013 2082 3097 2116 τοι
3174 2056 3589 2130 ἐπιστολιμαῖος
3658 2056 3805 2128 πρὸς

2142 2157 2289 2227 ἡμᾶς
2323 2153 2485 2228 λόγος
2524 2152 2820 2226 μονονουχὶ
2853 2152 3036 2229 φωνὴν
3068 2149 3314 2227 ἀφίησιν,
3355 2146 3438 2201 ὅτι
3483 2145 3642 2221 φωνή
3702 2150 3809 2212 τῆς

2141 2244 2341 2319 τέχνης
2374 2243 2456 2299 σύ.
2491 2242 2880 2313 Ηλεονὲκτημα
2924 2240 3026 2313 γάρ
3085 2259 3170 2293 σοι
3216 2238 3419 2312 ὑπῆρξε
3469 2236 3605 2310 μέγα
3660 2234 3810 2307 πρὸς

2141 2331 2268 2394 τοὺς
2327 2332 2524 2405 Λόγους
2574 2333 2608 2399 ἡ
2665 2328 2844 2404 φύσις,
2874 2328 3013 2400 πρὸς
3060 2330 3222 2381 τοῦτο
3259 2322 3385 2384 ἴσως
3435 2321 3810 2397 γεγενημένη,

2139 2420 2231 2474 ’ίνα
2262 2441 2346 2474 σοι
2380 2422 2441 2474 τὸ
2470 2426 2569 2488 τῆς
2601 2420 2804 2493 τέχνης
2853 2416 3066 2489 ἀξίωμα
3110 2413 3493 2487 λαμπρότερον
3542 2410 3634 2465 καὶ
3693 2407 3816 2463 δια-

2145 2507 2462 2586 φανέστερον
2513 2506 2755 2581 γένηται.
2818 2502 2994 2558 Πάλαι
3054 2502 3148 2575 μὶν
3239 2500 3329 2556 οὖν
3384 2499 3504 2553 καθ’
3558 2497 3811 2572 ἱστορίαν

2142 2604 2243 2665 τῆς
2298 2600 2395 2650 τοῦ
2451 2599 2642 2669 καιροῦ
2820 2589 3088 2652 ἐκδόσεως
3148 2592 3225 2663 (Υ)
3270 2586 3648 2661 ἁπανταχόθεν
3709 2592 3815 2653 τῆς

2147 2683 2470 2755 οἰκουμένης
2514 2683 2650 2756 πρὸς
2704 2682 2802 2749 τὴν
2858 2676 3149 2735 Θετταλίαν
3204 2679 3253 2731 οἱ
3286 2675 3518 2735 πλείους
3551 2672 3814 2751 ἐφοιτωνθ

2146 2786 2235 2837 νῦν
2268 2780 2324 2835 δὲ
2349 2780 2607 2842 πλείονας
2634 2779 2787 2851 οἶμαι
2845 2775 3030 2841 αὐτόθι
3089 2773 3389 2852 βαδιεῖσθαι
3449 2772 3584 2827 κατὰ
3642 2771 3813 2827 κλὲος

2146 2874 2253 2923 τῶν
2303 2874 2399 2923 τοῦ
2448 2874 2543 2923 σοῦ
2586 2868 2757 2944 λόγου
2810 2865 3109 2940 σταγόνων.
3140 2863 3242 2921 Καί
3302 2883 3358 2916 σε
3418 2862 3570 2933 οἶμαι
3634 2859 3805 2929 ζηλο-

2147 2963 2331 3012 τυπεῖν
2382 2958 2471 3012 καὶ
2520 2958 2610 3011 τὸν
2662 2956 2925 3031 μάρτυρα,
2987 2952 3069 3007 ὅτι
3134 2953 3209 3025 μή
3293 2952 3562 3023 σωμάτων
3633 2948 3805 3021 μόνον

2151 3046 2439 3124 ἐφάπτεται
2472 3045 2644 3121 ῥεῦμα
2672 3045 2736 3099 τὸ
2769 3044 2882 3113 σὸν,
2916 3040 3062 3097 ἀλλὰ
3117 3042 3203 3095 καὶ
3267 3039 3341 3101 εἷς
3400 3039 3583 3114 ψυχὴν
3622 3034 3808 3091 εἰσδύ-

2150 3155 2249 3205 νει,
2280 3136 2372 3189 καὶ
2418 3134 2483 3189 τὰ
2534 3132 2719 3189 πολλὰ
2768 3136 2935 3187 ταῦτα
2968 3128 3185 3185 δύναται
3218 3125 3431 3197 ἡδύνειν
3468 3146 3480 3159 ·
3516 3127 3756 3201 ἐπαίρειν
3797 3146 3810 3159 ”

2536 3222 2711 3299 χαλᾷν
2749 3241 2761 3252 ·
2822 3218 3058 3295 διαχέειν
3115 3239 3126 3251 ·
3191 3215 3501 3292 δριμύττειν
3536 3235 3548 3247 ·
3608 3215 3763 3269 λύειν
3799 3235 3812 3246 ·

2159 3311 2374 3387 ἐπέχειν
2411 3331 2423 3344 ·
2480 3310 2681 3380 τᾶλλα,
2735 3309 2834 3364 ὅσα
2884 3315 2981 3377 τῆς
3043 3304 3318 3360 άντιϐἑτου
3380 3301 3599 3379 μερίδος
3640 3301 3818 3369 ἐστίν,

2160 3410 2221 3463 Ε)
2309 3411 2323 3425 ‘
2427 3407 2455 3426 ν
2634 3410 2647 3426 \
2921 3404 2931 3423 1
3018 3404 3031 3423 9
3510 3404 3535 3416 θ
3634 3399 3650 3417 9
3782 3406 3811 3415 ο

2210 3431 2223 3462 ι
2269 3430 2362 3482 μεν
2397 3431 2485 3463 ουν
2521 3411 2555 3477 ἡ
2590 3430 2655 3477 ση
2701 3404 2965 3463 Θεσσαλια
3014 3404 3250 3474 επήκοός
3305 3401 3415 3457 ἐστι
3470 3422 3578 3455 των
3631 3421 3685 3455 εν
3738 3422 3827 3471 τῳ

2162 3503 2239 3569 σῷ
2297 3497 2449 3573 λόγῳ
2508 3498 2749 3572 ῥυθμῶν,
2806 3493 2969 3572 ἄμφω
3033 3491 3313 3567 μακαρίζω
3356 3496 3455 3558 τῆς
3503 3489 3766 3563 εὐτυχίας
3807 3505 3825 3520 ’

2161 3588 2218 3641 σὲ
2279 3587 2395 3659 μὲν,
2430 3585 2510 3640 δτι
2569 3583 2737 3660 ἔχεις,
2792 3582 2872 3661 ἐφ’
2913 3584 2993 3643 οἷς
3046 3580 3104 3636 ἂν
3164 3582 3264 3649 τὴν
3322 3576 3545 3649 δύναμιν
3606 3574 3827 3650 ἐνδείξῃ

2160 3679 2267 3730 τῶν
2324 3670 2502 3750 λόγων
2536 3674 2819 3734 ’ἐκείνους
2882 3669 2958 3742 δὲ,
3001 3670 3083 3725 ὅτι
3142 3667 3393 3723 τοιούτου
3450 3667 3831 3740 τετυχήκασιν

2162 3766 2348 3839 ἱερέως
2405 3764 2494 3818 καὶ
2550 3763 2798 3838 ῥήτορος.
2862 3760 2924 3816 Εἰ
3000 3757 3057 3813 δὶ
3130 3757 3353 3831 ἡμίονοι
3411 3755 3539 3830 παρ’
3597 3754 3834 3828 ἡμιθέῳ

2165 3854 2470 3924 ἑστήκασιν,
2531 3851 2778 3926 εὐτυχεῖς
2868 3850 2963 3923 μὶν
3025 3849 3174 3903 οὗτοι
3227 3846 3315 3900 καὶ
3372 3843 3562 3905 οὕτως.
3625 3842 3703 3896 ΣΞ)
3771 3840 3836 3897 δὲ

2163 3942 2471 4018 ἠτύχησας,
2505 3939 2554 3995 ἐν
2590 3942 2674 4001 οἷς
2706 3938 3042 4014 ηὐτύχησας·
3077 3936 3163 3990 καὶ
3203 3933 3373 4007 μάτην
3430 3931 3513 3986 σοὶ
3573 3932 3634 3985 τὸ
3672 3936 3839 4006 χρῶ-

2167 4053 2242 4104 μα
2300 4029 2730 4103 διαμεμέληται,
2785 4027 2874 4081 καὶ
2938 4026 3002 4080 τὸ
3057 4025 3277 4079 πιθανὸν
3337 4028 3435 4090 τῆς
3487 4019 3834 4093 ἀπολογίας,

2161 4122 2250 4175 καὶ
2281 4121 2309 4173 ὁ
2341 4116 2690 4194 ἀνθορισμός,
2722 4115 2814 4171 καὶ
2873 4116 2899 4169 ὁ
2952 4112 3349 4187 συλλογισμὸς,
3381 4109 3469 4164 καὶ
3529 4111 3564 4177 ἡ
3610 4128 3834 4181 προκα-

2159 4210 2434 4275 τάστασις,
2467 4207 2557 4261 καὶ
2610 4209 2645 4275 ἡ
2678 4202 3139 4266 κατάστασις,καὶ
3198 4203 3232 4269 ἡ
3296 4199 3438 4272 μίξις
3474 4201 3583 4251 τῶν
3636 4194 3833 4253 ἷδεῶν,

2160 4299 2221 4354 Ἢ
2276 4298 2379 4373 γὰρ
2433 4296 2633 4356 Ἑλλὰς
2694 4292 2856 4366 (ὥστε
2921 4292 3122 4362 οἶμαι),
3176 4288 3269 4342 καὶ
3342 4289 3440 4341 ὅσα
3507 4292 3831 4358 προσοικεῖν

2160 4381 2327 4461 ἔλαχε
2386 4389 2454 4449 τῇ
2486 4381 2714 4440 Ἑλλάδι
2779 4381 2915 4455 (τινα
2964 4376 3022 4433 δὲ
3071 4379 3157 4432 καὶ
3196 4377 3482 4447 ἀντοικεῖν,
3512 4375 3589 4435 ὡς
3618 4377 3656 4443 ἡ
3693 4374 3830 4447 ξύμ-

2158 4460 2302 4529 πασα
2334 4474 2554 4545 Ἰωνία),
2580 4470 2749 4526 πάλαι
2786 4470 2880 4542 μὶν
2916 4467 3003 4522 ἐπὶ
3031 4471 3149 4526 τοῖς
3184 4464 3373 4541 λόγοις
3407 4460 3829 4534 δεδημοσίευτο.

399 4574 703 4645 grandem,
740 4572 1190 4627 subterraneum
1242 4573 1416 4639 atque
1469 4568 1691 4623 aerium
1735 4566 1904 4638 quasi
1940 4567 2036 4620 flu-

2156 4578 2260 4628 Νῢν
2316 4570 2373 4627 δὲ
2426 4571 2731 4647 μὲγριτῆς
2778 4568 3024 4643 ἱστορίας
3077 4561 3629 4634 δστήκασι,κολωνοί
3688 4582 3832 4621 τινες

397 4662 558 4717 vium
591 4662 1061 4731 fecerunt.lgitur
1092 4666 1149 4713 tu
1187 4676 1416 4730 quoque
1450 4676 1549 4729 per
1579 4659 1803 4713 litteras
1834 4674 2047 4711 sermo-

400 4768 542 4805 num
561 4751 780 4805 ﬂuenta
809 4750 977 4804 nobis
995 4748 1241 4819 porrige,
1266 4748 1534 4818 propina,
1554 4747 1751 4817 irriga.
1777 4747 2045 4800 Summo-

396 4857 532 4912 pere
566 4842 766 4912 utique
791 4840 1002 4910 linguaa
1030 4843 1140 4893 tum
1166 4838 1512 4893 suavitatem
1535 4852 2046 4905 amo,morumque

395 4935 632 4985 tuorum
666 4946 871 4985 norma
903 4929 961 4983 in
995 4932 1188 4983 mente
1216 4943 1346 4982 mea
1372 4926 1627 4997 reposita
1648 4924 2046 4981 est.Dictionis

396 5034 509 5084 tuae
541 5026 798 5097 exempla
822 5028 879 5081 in
915 5024 1156 5080 auribus
1182 5024 1323 5079 mihi
1349 5028 1707 5089 resonant,et
1731 5023 2046 5077 harmoniae

396 5116 839 5189 perfectissima
887 5114 944 5167 in
1017 5119 1213 5168 mente
1271 5128 1399 5167 mea
1464 5112 1751 5167 residunt.
1806 5112 2047 5176 Quando

392 5207 633 5260 tandem
687 5209 741 5258 te
791 5219 959 5274 apem
1015 5200 1347 5273 aspiciam?
1416 5201 1648 5271 quando
1718 5200 2048 5256 alvearibus

392 5293 523 5347 istis
557 5292 797 5357 relictis,
832 5289 1074 5345 sublimi
1109 5290 1300 5344 volatu
1336 5288 1511 5343 hosce
1565 5292 1798 5343 nostros
1848 5288 2047 5343 hortos

395 5380 615 5435 invises
648 5384 704 5433 et
736 5380 947 5434 ﬂorum
998 5378 1267 5433 delibans
1321 5392 1509 5431 rorem
1561 5376 1672 5429 mel
1707 5376 1763 5430 in
1797 5376 2050 5431 alvearia

395 5467 773 5539 asportabis‘?
802 5467 881 5521 De
913 5474 1116 5521 caelero
1150 5482 1263 5519 non
1296 5468 1384 5519 est
1432 5464 1585 5533 quod
1640 5463 1944 5533 epistolam
1975 5467 2044 5519 ad

400 5574 507 5612 nos
536 5561 699 5610 tuam
732 5554 1117 5609 accusem.Tu
1138 5553 1209 5607 de
1231 5550 1618 5623 quibusinter
1642 5568 1748 5606 nos
1780 5552 2051 5608 convenit

399 5644 516 5700 noli
548 5641 833 5709 oblivisci,
857 5641 1073 5711 quippe
1094 5641 1430 5710 juramento
1461 5655 1581 5697 rem
1615 5640 2045 5698 roborastiJloc

2156 4659 2306 4725 ὄντες
2367 4661 2666 4734 μνημάτων
2727 4658 3184 4732 ἁρχαιοπρεπῶν,
3228 4649 3630 4723 ἐκλελειμμένα
3694 4649 3807 4723 ipsi

2156 4750 2468 4806 πια.οίσοα
2525 4748 2730 4823 γοῦν,ὃ
2784 4746 3059 4814 ποιήσεις,
3116 4740 3209 4795 ’ἕνα
3272 4742 3348 4813 μή
3412 4760 3505 4793 σου
3556 4741 3592 4807 ἠ
3659 4739 3830 4812 σοφία

2156 4839 2451 4909 ἀπόληται.
2486 4835 2618 4912 Λὲγε
2664 4836 2787 4909 παρ’
2835 4836 2969 4906 ἡμῖν
3028 4836 3144 4892 τοῖς
3190 4828 3471 4896 ἀκούουσι,
3517 4828 3595 4899 μή
3649 4848 3829 4881 κατα-

2156 4929 2339 4983 τείνων
2370 4929 2457 4982 τὸν
2494 4925 2720 5001 βρόχον,
2755 4924 2830 4996 μή
2888 4920 3213 4995 ὑπερτείνων
3265 4918 3356 4972 τὸν
3409 4916 3687 4993 φάρυγγα,
3748 4917 3828 4987 μὴ

2160 5018 2472 5091 συμπιέζων
2518 5015 2609 5069 τὸν
2666 5012 2886 5087 θώρακα
2915 5028 2927 5042 ⁸
2962 5007 3088 5065 ἀλλ’
3128 5005 3476 5081 ὑπαγορεύων
3507 5009 3587 5076 τῷ
3639 5025 3833 5079 γραμ-

2162 5111 2340 5180 ματεῖ,
2371 5103 2460 5159 καὶ
2516 5098 2814 5177 κρουνηδὸν
2873 5102 3007 5171 ἡμῖν
3056 5095 3262 5171 ἐγχέων
3322 5094 3451 5155 τοὺς
3512 5092 3717 5169 λόγους
3764 5093 3822 5145 ἐν

2157 5196 2493 5271 γράμμασιν.
2528 5190 2686 5247 Οὕτω
2718 5210 2800 5244 τοι
2834 5187 2924 5242 καὶ
2956 5189 2990 5255 ἡ
3022 5182 3217 5258 καρδία
3267 5180 3355 5237 διά
3405 5203 3553 5243 τινος
3615 5180 3825 5256 ἄγγους

2158 5284 2221 5337 τὸ
2277 5282 2473 5356 θερμὸν
2528 5281 2763 5338 ἅπαντος
2819 5273 3163 5346 κατασπείρει
3224 5276 3322 5326 τοῦ
3381 5271 3638 5344 σώματος
3676 5288 3690 5301 ι
3733 5271 3829 5323 καὶ

2162 5371 2225 5425 τὸ
2282 5372 2425 5442 ἧπαρ
2482 5365 2570 5421 διὰ
2624 5372 2724 5434 τῆς
2780 5363 2977 5433 κοίλης
3034 5357 3344 5436 ἐποχετεύει
3397 5358 3460 5413 τὸ
3509 5360 3648 5429 αἷμα
3706 5364 3829 5418 τοῖς

2168 5460 2350 5534 μὲρεσι
2387 5478 2398 5491 ο
2433 5457 2520 5511 καὶ
2556 5457 2583 5511 ὁ
2614 5451 2909 5531 ἐγκέφαλος
2939 5449 3029 5505 διὰ
3056 5452 3154 5504 τοῦ
3186 5446 3441 5503 νωτιαίου
3490 5448 3590 5516 την
3638 5443 3836 5515 αἵσθηυ

2162 5570 2241 5603 σιν
2290 5551 2543 5622 πανταχῆ
2597 5541 2784 5598 δίδωσι
2820 5562 2832 5575 ·
2867 5542 2959 5595 καὶ
2987 5540 3039 5595 οἱ
3070 5538 3130 5593 τὸ
3162 5535 3308 5611 ὕδωρ
3359 5534 3533 5591 πάλαι
3582 5538 3653 5607 τῇ
3709 5536 3833 5592 Με-

2161 5620 2919 5713 γαλοπόλειέφελκυσάμενοι
2948 5630 3046 5699 τὴν
3098 5625 3344 5703 μεγάλην
3395 5622 3619 5680 ἐνταῦθα
3677 5620 3830 5696 ἆμᾶ-
