3970 6218
194 356 335 419 1165
1346 388 1349 391 -
1665 340 1761 402 ΕΡ

2013 342 2099 402 Ε.
3423 343 3581 403 1166

197 509 279 565 ραν
329 486 674 555 ἇποιήσαντο,
723 481 817 536 τὸν
864 478 1198 553 ὑποχθόνιον
1243 475 1333 530 καὶ
1382 473 1584 548 ἀέριον,
1619 472 1691 533 ὥς
1742 493 1765 525 τ

2010 480 2338 531 ramentum
2374 476 2472 531 ubi
2500 479 2560 530 tu
2593 473 3137 544 solveris,equidem
3170 467 3263 527 me
3293 471 3578 543 disculpo:

197 558 384 653 εἳρηκι,
442 570 714 644 ποταμόν.
777 568 879 625 Καὶ
938 566 1001 621 σὺ
1044 568 1333 653 τοιγαροῦν
1396 560 1467 653 δι’
1525 558 1765 653 έπιστολὰ

2016 561 2089 618 ito
2137 569 2355 635 autem,
2408 579 2500 619 me
2530 563 2608 632 ,in
2656 568 2967 634 utramque
3020 566 3245 634 partem
3312 577 3584 617 securum

194 648 317 739 ἡμῖν
363 663 599 739 χορήγει
644 660 707 714 τὸ
758 662 904 729 νᾶμα
958 658 1055 709 τοῦ
1117 652 1310 728 λόγου,
1357 650 1446 705 καὶ
1500 649 1688 739 πότιζε
1742 648 1833 702 καὶ
1882 738 1887 739 7
1943 667 2095 707 esse.

197 737 489 828 κατάρδευε.
521 752 610 811 Ὠς
659 746 782 803 λίαν
825 747 929 823 γάρ
962 765 1056 798 σου
1104 749 1202 812 τῆς
1254 739 1507 817 γλώττης
1555 738 1761 810 ἐρῶμεν
1808 738 1897 793 καὶ
1942 745 2043 806 τῆς
2093 738 2144 792 ἐν
2186 740 2321 814 αὐτῇ
2370 742 2620 817 χάριτος,
2652 741 2740 794 καί
2780 761 2883 812 μου
2916 741 2943 793 ὁ
2972 743 3077 793 τῶν
3109 740 3258 809 ἠθῶν
3292 759 3387 793 σου
3416 737 3586 799 τύπος

200 824 465 918 ἐγκάθηται
496 840 565 911 τῇ
596 838 751 910 ψυχῇ
784 853 798 866 ⁶
834 832 1241 907 ένεσφράγισται
1275 825 1331 882 δέ
1366 847 1470 899 μου
1498 831 1616 887 τοῖς
1650 824 1749 878 ὠσὶ
1780 825 1847 879 τά
1879 825 2007 899 ἴχνη
2039 833 2141 895 τῆς
2177 825 2392 896 λέξεως,
2424 828 2512 881 καὶ
2545 830 2579 896 ἡ
2607 831 2708 892 τῆς
2750 826 3012 902 ἁρμονίας
3057 828 3184 901 ἠχὼ
3234 825 3310 881 ἔτι
3364 848 3469 898 μου
3517 831 3586 900 τῇ

201 911 338 1005 «μαχῇ
370 920 660 1001 ξμδομϐεἶ.
695 920 878 978 Ἀλλά
904 920 1035 974 πότε
1068 916 1168 972 ἴδω
1198 918 1296 985 τὴν
1330 914 1587 987 μέλισσαν
1616 933 1628 982 ;
1662 914 1792 967 πότε
1824 911 1880 967 δὲ
1908 918 2015 968 τῶν
2050 913 2233 978 αὐτόθι
2268 911 2519 987 σίμϐλων
2553 916 2920 988 ἀπαναστήσῃ,
2951 916 3039 969 καὶ
3082 913 3319 989 διαέριος
3357 916 3592 991 γεγονὼς

202 988 338 1093 ,ξερξξ
365 988 490 1076 τξὺς
515 988 766 1075 ’ἐνταῦθα
814 1011 1026 1079 κήπους
1073 1007 1370 1081 φοιτήσεις,
1402 1004 1491 1057 καὶ
1538 1000 1860 1077 περιελεύσῃ
1905 1002 1971 1056 τά
2018 1000 2173 1073 ἄνθη,
2204 1003 2293 1071 ἀφ’
2322 1005 2393 1057 ῶν
2426 1004 2523 1072 τὴν
2561 1002 2749 1076 δρόσον
2779 1002 3174 1076 ἀναλεξάμενος
3206 1005 3268 1058 τὸ
3300 988 3441 1076 μέλι
3474 1009 3590 1065 τοῖς
3618 988 3619 995 γ

200 1090 442 1180 σίμόλοις
502 1101 809 1171 ἐνέσταξας;
855 1099 925 1152 Τὸ
981 1095 1038 1151 δὶ
1094 1094 1288 1151 λοιπὸν
1344 1099 1457 1180 τῆς
1489 1092 1625 1165 πρὸς
1673 1093 1821 1180 ἡμᾷς
1875 1111 1970 1180 σου
2024 1090 2319 1160 ἐπιστολῆς
2368 1092 2476 1166 ἐγὼ
2531 1094 2625 1164 μὲν
2676 1090 2787 1146 οὔτ’
2838 1090 3269 1166 ἐπαγκαλέσαιμι
3318 1113 3425 1161 σοι,
3473 1090 3596 1147 οὔτε

199 1178 677 1270 προσονειδίσαιμι.
713 1187 788 1242 Σὺ
819 1184 878 1241 δὲ
904 1186 1010 1240 τῶν
1047 1182 1364 1259 ὁμολογιῶν
1401 1179 1670 1254 μέμνησο,
1702 1178 1792 1233 καὶ
1824 1178 1959 1254 πρός
1992 1200 2054 1253 γε
2082 1182 2316 1247 τούτοις,
2351 1180 2433 1235 ὅτι
2473 1182 2589 1235 κατ’
2622 1180 2789 1235 αὐτοῦ
2837 1185 2934 1234 τοῦ
2980 1180 3286 1253 κρείττονος
3339 1180 3594 1255 ἐμφύτως

198 1264 483 1357 ὀμώμοκας
514 1300 525 1312 ·
581 1278 640 1333 ἃν
687 1274 740 1332 εἷ’
780 1298 834 1331 τι
881 1273 966 1344 εἷή
1014 1277 1111 1328 τοῦ
1160 1270 1326 1347 ὅρκου
1376 1268 1554 1335 λύσις,
1590 1266 1688 1321 οὐκ
1734 1264 1792 1320 ἂν
1836 1266 2092 1343 φθάνοιμι
2121 1268 2322 1338 ταύτην
2356 1266 2559 1331 διδούς.
2596 1270 2661 1326 Ei‘
2693 1268 2739 1323 δ’
2770 1269 2859 1323 οῦν
2893 1270 2968 1342 μὴ
3001 1268 3261 1345 γενοίμην
3292 1268 3451 1329 αὐτός
3508 1289 3593 1323 σοι

198 1352 500 1447 παρενθήκη
533 1366 857 1437 κακότητος,
889 1362 951 1418 σὺ
985 1360 1043 1417 δὲ
1074 1359 1256 1421 διδοὺς
1292 1353 1589 1431 λαμϐάνειν
1623 1353 1761 1411 οἷόυ.
1793 1360 2048 1411 Τοιοῦτον
2075 1358 2175 1433 γὰρ
2210 1358 2485 1429 πεποίηκα
2514 1358 2577 1412 τὸ
2606 1357 2759 1431 ἐμὸν,
2786 1357 2878 1413 ’ἶνα
2925 1358 3013 1413 καὶ
3064 1355 3246 1419 διδοὺς
3294 1358 3329 1427 ἢ
3378 1352 3591 1430 λαμϐά-

197 1482 295 1517 νων
327 1456 482 1516 διδῶ.

815 1546 889 1600 Β¹.
921 1546 1008 1613 Τῷ
1041 1540 1211 1611 αὐτῷ.

2622 1538 2693 1594 ΙΙ.
2728 1538 2934 1594 Eidem.

267 1654 491 1713 Πολλῶν
560 1647 731 1707 ὄντων
800 1648 890 1704 καὶ
981 1643 1261 1721 μεγάλων,
1324 1640 1393 1698 δι’
1455 1643 1487 1695 ἅ
1556 1642 1835 1713 θαυμάζειι

2036 1643 2211 1700 Multa
2235 1661 2374 1700 sane
2400 1650 2455 1701 et
2480 1646 2757 1717 praeclara
2779 1650 2919 1702 sunt
2944 1651 3178 1719 propter
3197 1663 3319 1717 quas
3343 1650 3397 1701 te
3418 1644 3604 1700 admi-

202 1746 557 1823 προῄρημαι,
622 1738 1035 1813 θαυμάσιώτατε
1106 1732 1370 1802 δέσποτα,
1428 1730 1545 1785 ἀντὶ
1620 1728 1767 1823 πολλ

2035 1751 2076 1802 r,
2109 1735 2344 1789 domine
2376 1734 2812 1801 illustrissime;
2844 1736 2945 1790 sed
2998 1736 3058 1790 in
3108 1735 3314 1806 primis
3362 1736 3435 1789 ob
3480 1750 3603 1788 mo-

203 1816 500 1912 χρημάτων
558 1828 789 1901 ἰλοίμην
845 1824 907 1880 ἄν
968 1845 1063 1878 σου
1114 1823 1213 1891 τήν
1286 1821 1417 1912 ,περὶ
1478 1818 1606 1912 Τοὺς
1656 1816 1771 1892 φίλ(

2039 1838 2091 1877 m
2116 1823 2559 1895 simplicitatem
2584 1840 2757 1895 quam
2784 1840 2921 1895 erga
2946 1823 3165 1879 amicos
3187 1822 3607 1890 ostendis,sive

208 1906 505 1992 ἀπλότητα,
534 1921 597 1988 ἦν
628 1918 720 1973 καὶ
756 1915 940 1989 παρὼν
972 1912 1163 1981 σώζεις
1212 1910 1303 1965 καὶ
1364 1906 1667 1981 ἀποδημῶν
1728 1926 1776 1959 σι

2042 1929 2197 1980 sens,
2228 1913 2346 1967 sive
2378 1929 2635 1985 praesens
2670 1914 2868 1968 fueris.
2906 1912 3153 1968 Fabulae
3185 1911 3415 1983 quidem
3451 1911 3605 1981 apud

208 1984 413 2087 11,9374:
560 1984 679 2079 ’μὲν
748 1984 917 2077 μῦὸος
967 2004 1213 2071 ποιητῶν
1280 1995 1549 2087 προῆλθε,
1594 1994 1740 2071 παρά

2043 2004 2162 2056 etas
2190 1984 2508 2071 repereris;
2543 2017 2573 2056 e
2594 2004 2693 2056 tuo
2726 2005 2925 2056 autem
2958 2001 3155 2056 animo
3184 2000 3469 2056 virtutum
3504 1999 3611 2054 flo-

208 2083 302 2169 τῆς
358 2104 457 2167 σῆς
519 2099 704 2170 ψυχῆς
764 2094 799 2161 ἡ
860 2087 1238 2163 καλογάγαθία
1292 2093 1391 2155 τῆς
1446 2086 1697 2159 γνώμης.
1760 2089 1776 2136 Δ

2044 2089 2440 2160 sgerminant.
2490 2089 2569 2144 De
2618 2088 3073 2160 quibuscumque
3129 2089 3285 2144 enim
3334 2088 3612 2143 sermoci-

206 2194 367 2245 ταῦτα
431 2183 521 2240 καί
588 2182 789 2243 παντὸς
846 2181 1158 2234 οὑτινοσοῦν
1212 2175 1635 2250 προτεθειμένου
1696 2178 1774 2242 ζη·

2049 2178 2161 2232 ndo
2192 2176 2712 2248 disputavcrimus,
2753 2177 2858 2232 tibi
2910 2193 3142 2249 semper
3190 2177 3614 2248 pulcherrimas

213 2298 376 2351 ματος
404 2274 455 2330 ἐν
479 2278 597 2335 τοῖς
636 2269 928 2344 ἡμετέροις
986 2264 1305 2340 συλλόγοις,
1365 2261 1681 2351 causam.
1719 2280 1781 2335 πε

2050 2269 2168 2319 rtes
2196 2265 2405 2320 tribuo.
2449 2266 2747 2336 Deumque
2777 2282 3080 2336 nunquam
3114 2282 3230 2319 non
3266 2264 3513 2335 imploro
3553 2268 3617 2319 ut

211 2350 268 2423 σε
316 2364 561 2441 ἀναφέρω
604 2361 696 2415 τὸν
749 2359 897 2425 νοῦν,
938 2356 1028 2410 καὶ
1077 2358 1293 2429 πρῶτον
1353 2354 1446 2425 μὶν
1498 2350 1732 2425 εὔχομαι

2045 2353 2313 2409 τιδι’ῐηὶδὶ
2338 2353 2590 2408 amicum
2613 2355 2707 2408 det
2734 2354 2935 2408 eadem
2963 2371 3091 2424 qua
3115 2370 3219 2425 ego
3242 2356 3613 2409 sentientem.

210 2461 345 2527 Θεῷ,
377 2438 508 2521 δσην
553 2448 765 2504 εὔνοιαν
818 2446 962 2520 ἔχων
1014 2444 1124 2519 ὖγὼ
1170 2443 1307 2517 πρὸς
1363 2442 1419 2495 σὶ
1474 2438 1728 2505 διατελῶ,
1760 2460 1778 2490 1

2068 2448 2261 2497 autem
2299 2442 2496 2511 facies,
2530 2442 2574 2496 si
2612 2443 2965 2497 monachum
3019 2442 3241 2497 huncce
3288 2458 3458 2513 quem
3511 2441 3617 2495 tibi

212 2526 376 2612 αὐτὴν
408 2539 725 2613 ἀντιλαχεῖν
757 2535 904 2610 παρά
954 2538 1071 2589 σοῦ.
1109 2530 1491 2602 Ἀπολήψαιμι
1555 2526 1632 2598 δὲ,
1666 2527 1711 2581 εἰ
1768 2548 1780 2562 α

2049 2530 2627 2598 mmendo,benevole
2649 2531 2964 2599 exceperis.
3002 2532 3085 2584 Ita
3108 2532 3264 2585 enim
3297 2529 3456 2585 cordi
3490 2546 3617 2584 meo

213 2636 453 2710 παρόντα
487 2629 729 2703 μοναχὸν
766 2633 869 2694 τῆς
916 2631 1015 2693 σῆς
1060 2620 1404 2695 ἀντιλήψεως
1455 2619 1703 2710 ἀξιώσεις
1736 2636 1749 2651 ·

2050 2636 2330 2691 agnopere
2353 2619 2699 2674 satisfacies.
2726 2624 2835 2673 Res
2861 2618 3051 2674 facilis
3078 2636 3091 2674 :
3126 2619 3211 2673 tui
3232 2619 3441 2673 similis
3472 2623 3618 2683 esto,

215 2705 439 2798 πρώτην
518 2719 628 2793 ἐγὼ
698 2716 788 2770 καὶ
851 2711 1151 2781 καλλίστην
1209 2710 1452 2784 ἥγημαι,
1508 2709 1598 2762 καὶ
1658 2706 1709 2761 έν
1748 2728 1777 2761 τ

2063 2706 2287 2773 habitu,
2318 2705 2374 2759 in
2405 2706 2705 2773 moribus;
2730 2707 2933 2761 eodem
2959 2711 3117 2761 utere
3139 2707 3444 2778 principio,
3466 2706 3619 2777 quod

223 2795 459 2886 μάλιστα
504 2805 793 2879 τετίμηκα.
828 2804 920 2871 Μὴ
968 2799 1059 2855 οῦν
1110 2799 1385 2862 ἀντίθετος
1422 2801 1581 2870 γενοῦ
1638 2816 1791 2849 σεαυτ

2059 2795 2115 2848 ni
2154 2795 2284 2848 finis
2315 2800 2538 2850 certum
2573 2800 2661 2849 est
2687 2795 3020 2863 augurium.
3063 2796 3377 2867 Nunquam
3404 2800 3623 2851 temere

218 2882 345 2957 ἀλλ’
378 2900 571 2971 ὅμοιος
632 2893 973 2965 ἁπανταχοῦ,
1024 2887 1076 2943 έν
1125 2893 1243 2951 τοῖς
1293 2888 1595 2960 σχήμασιν,
1639 2883 1691 2937 έν
1750 2904 1786 2936 τη

2076 2900 2178 2954 pro
2210 2882 2378 2937 libitu
2413 2884 2632 2937 bonum
2667 2883 2845 2951 faxis;
2880 2884 3111 2939 virtutis
3141 2890 3252 2939 tuae
3286 2884 3383 2939 lux
3433 2883 3623 2940 omni-

218 2970 427 3059 ἤθεσιν,
481 2982 867 3057 ὁμοιόαρκτος,
908 2977 1101 3038 τέλους
1146 2976 1349 3051 ἀγαθοῦ
1392 2973 1683 3049 προοίμιον
1733 2983 1786 3026 κο

2065 2988 2092 3025 s
2122 2970 2332 3025 luceat.
2368 2972 2623 3026 Mentem
2659 2973 3005 3043 prudentem
3042 2974 3216 3028 rebus
3261 2972 3477 3028 futuris
3524 2974 3624 3027 ob-

220 3055 715 3148 λιστονπαριστῶν
751 3088 763 3100 ·
802 3069 878 3141 μὴ
912 3066 962 3137 ἐξ
996 3063 1325 3138 ὑπολήψεως
1357 3060 1418 3117 τὸ
1448 3059 1615 3117 καλὸν
1647 3060 1788 3136 έργαί

2059 3060 2185 3128 ide;
2239 3060 2334 3113 ubi
2387 3076 2585 3115 severe
2631 3066 2881 3115 tractare
2922 3061 3069 3116 alios
3119 3064 3331 3132 possis,
3390 3062 3627 3116 lenitate

225 3186 406 3243 μενος,
448 3147 573 3219 ἀλλ’
618 3160 677 3215 ἐκ
720 3156 1029 3231 περιουσίας
1075 3155 1174 3223 τήν
1233 3152 1360 3225 περὶ
1395 3154 1618 3205 σεαυτοῦ
1676 3149 1793 3224 ἀρετ

2058 3164 2165 3202 ere.
2218 3147 2309 3200 Nil
2361 3153 2517 3202 certe
2565 3147 2838 3218 episcopo
2889 3149 2993 3203 hac
3044 3166 3104 3203 re
3137 3151 3327 3220 magis
3358 3165 3626 3205 necessa~

221 3236 385 3311 πᾶσιν
436 3248 773 3309 ἐπιδεικνύς·
822 3244 1056 3319 εὑρέσεις
1114 3242 1181 3297 τά
1242 3241 1516 3318 φθάσαντα
1570 3243 1676 3292 τῶν
1750 3259 1789 3309 μ

2057 3253 2162 3290 ιω.
2195 3236 2481 3290 Simulare
2533 3241 2725 3290 autem
2778 3242 2833 3291 et
2881 3237 3261 3292 dissimulare
3310 3239 3492 3293 nefas.
3542 3239 3625 3293 En

225 3343 434 3403 λόντων
492 3337 799 3411 τιθέμενος,
856 3334 945 3387 καὶ
1003 3334 1139 3407 πρὸς
1209 3328 1351 3391 ἰδέας
1412 3325 1793 3401 μεταποιούμε·

2057 3342 2255 3379 >rmam
2288 3341 2464 3394 quam
2501 3341 2806 3395 nunquam
2838 3342 2951 3380 non
2984 3327 3271 3397 sequeris,
3295 3328 3533 3382 modum
3568 3327 3625 3381 in

222 3432 539 3509 κρείττονας
574 3447 586 3460 ·
622 3427 697 3499 μὴ
730 3422 919 3483 δεινῶς
976 3423 1077 3491 την
1111 3418 1334 3474 σεαυτοῦ
1396 3414 1702 3490 μεθοδεύων
1735 3434 1790 3509 χγ

2056 3413 2287 3480 auibus,
2320 3413 2377 3466 in
2402 3414 2592 3468 verbis
2615 3418 2671 3467 et
2702 3414 2757 3467 in
2793 3413 2929 3468 ludo
2961 3414 3087 3486 ipso
3119 3415 3471 3471 adhibendo.
3507 3416 3624 3471 Ca3-

224 3500 491 3594 στότητρ,
548 3513 673 3570 ἀλλ’
724 3511 1003 3579 ἐπιεικῶς,
1056 3508 1293 3583 ἀφελῶς.
1349 3504 1517 3594 Εἴπερ
1574 3505 1678 3577 γὰρ
1738 3500 1792 3556 ἄ)

2058 3519 2110 3557 ra
2140 3501 2371 3557 obvioni
2401 3506 2455 3556 et
2488 3503 2850 3573 contemptui
2884 3505 3066 3558 trade.
3121 3506 3423 3569 Quomodo
3471 3506 3626 3560 enim

221 3633 281 3667 τι
336 3589 706 3679 τῷνάρχιερεῖ
753 3603 858 3655 τῶν
905 3597 1335 3674 ἀναγκαιοτάτων
1394 3593 1529 3661 ἐστὶ,
1585 3596 1774 3679 ταῦτα,

2068 3590 2139 3644 od
2174 3590 2301 3643 sine
2348 3589 2629 3645 dedecore
2680 3591 2945 3663 proloqui
2998 3608 3109 3647 non
3159 3592 3342 3663 ausis,
3395 3610 3454 3648 re
3502 3592 3629 3664 ipsa

229 3675 772 3769 8‘3V11‘0.'T‘p(4ﬂ00(
859 3684 917 3741 δε
994 3685 1085 3741 καὶ
1169 3680 1650 3755 ἐπιτετηδευμένας
1735 3677 1797 3733 ί81

1293 3680 1650 3755 ετηδευμένας
1735 3675 1879 3739 ἰδέας
1990 3678 2187 3751 perﬁci
2221 3694 2355 3732 cum
2389 3679 2595 3733 decore
2628 3679 2857 3750 possit?

227 3784 525 3861 περίεργόν
559 3764 669 3837 ἐστι
701 3782 1041 3855 προσποιεῖν.
1074 3774 1296 3833 Τούτοις
1325 3771 1569 3847 κέχρησο
1599 3771 1674 3843 μή
1706 3768 1841 3823 κατά
1867 3764 2143 3841 περίοδον,
2179 3764 2324 3820 ἀλλὰ
2353 3766 2488 3819 κατά
2532 3767 2810 3841 συνέχειαν
2838 3785 2849 3797 ·
2882 3766 2971 3821 καὶ
3022 3767 3085 3821 τὸ
3137 3768 3331 3842 μέτρον
3382 3767 3432 3823 ἐν
3477 3770 3639 3823 ἅπασι

231 3852 499 3956 φέλαξαέι,
531 3871 580 3925 ἐν
616 3852 843 3956 λέξεσιν,
878 3866 948 3956 έν.
969 3860 1635 3956 ὁμιλίας-σκώμμασιζτὸ
1667 3856 1724 3913 δὲ
1753 3858 1886 3932 ὑπὲρ
1918 3860 2075 3911 τοῦτο
2110 3852 2240 3931 ἄφες
2287 3859 2404 3917 τοῖς
2435 3854 2581 3910 κάτω
2612 3856 2817 3931 βυθοῖς.
2850 3857 2920 3911 Τὸ
2950 3857 3053 3931 γὰρ
3090 3858 3164 3930 μή
3202 3858 3400 3933 μέχρις
3443 3858 3645 3931 ὀνόμα-

229 3943 329 4026 τος
365 3962 625 4037 εὐπρεπὲς
658 3962 773 4019 πῶς
804 3954 864 4009 ἂν
894 3951 978 4023 εἴη
1011 3952 1382 4028 πραττόμενον
1414 3943 1664 4017 suetae;

866 4062 939 4115 1".
972 4062 1069 4131 Τῷ
1100 4058 1271 4129 αὐτῷ.

2657 4050 2755 4115 ΙΙΙ.
2789 4051 2998 4107 Eidem.

312 4158 513 4215 Ὀντος
572 4146 887 4223 ἀναγκαίου,
947 4144 1181 4223 φιλτάτη
1241 4144 1419 4218 ψυχὴ,
1468 4139 1661 4197 εἷδέναι
1717 4161 1794 4207 σε,
1843 4160 1872 4193 τ

2086 4142 2159 4195 Te
2184 4139 2332 4195 scire
2355 4138 2572 4194 clarum
2600 4144 2709 4205 est,
2730 4139 2819 4193 vir
2840 4140 3203 4207 charissime,
3232 4144 3373 4213 quid
3397 4144 3654 4214 sitjura-

239 4248 341 4320 μὲν
378 4243 562 4318 ὅρκος,
591 4239 643 4295 τί
675 4236 731 4293 Si
762 4235 961 4307 ἀληθές
997 4254 1008 4266 ·
1042 4234 1131 4289 καὶ
1162 4232 1213 4288 τί
1277 4233 1369 4305 μὲν
1432 4230 1613 4309 φιλίας
1660 4241 1807 4320 *θᾳεσμ

2090 4226 2443 4297 antum,quid
2470 4226 2866 4297 veritas;quod
2890 4226 3155 4281 amicitia:
3170 4228 3658 4300 vinculum,quod

232 4313 295 4390 τί
351 4313 424 4388 δὶ-
459 4330 729 4405 ἱερατικὸς
779 4325 999 4398 θεσμὸς,
1046 4327 1152 4378 τῶν
1208 4320 1393 4376 ἄλλων
1444 4320 1533 4374 καὶ
1583 4316 1793 4392 μᾶλλον

2089 4334 2101 4370 ι
2130 4319 2525 4370 sacrosancta.
2562 4318 2807 4385 Insuper
2835 4313 3017 4369 latere
3044 4320 3097 4370 te
3132 4331 3245 4369 non
3281 4320 3471 4387 potest
3501 4319 3657 4388 quod

237 4423 332 4479 δτι
392 4421 454 4475 τὸ
512 4402 858 4494 ’ἐπιφώνημα
926 4410 1093 4487 λόγος
1146 4408 1287 4464 εστὶν
1343 4407 1432 4463 ἐπὶ
1487 4412 1564 4479 τῷ
1619 4406 1805 4494 πρᾶγμ

2096 4403 2403 4475 iphonema
2426 4406 2515 4457 est
2537 4402 2826 4457 sententia
2851 4404 2921 4457 de
2943 4420 3002 4458 re
3026 4403 3287 4474 qualibet
3326 4405 3573 4477 prolata,
3607 4411 3664 4463 et

238 4510 443 4582 ἔξωθεν
504 4492 644 4581 παρί
682 4506 843 4575 ἡμῶν
904 4498 1221 4573 λεγόμενος,
1247 4498 1337 4552 καὶ
1392 4500 1427 4566 ἡ
1480 4492 1733 4570 περίοδος
1762 4516 1806 4548 πη

2099 4495 2170 4549 od
2196 4493 2469 4565 periodus
2494 4492 2810 4547 multorum
2838 4492 3200 4549 schematum
3227 4495 3444 4551 formas
3476 4502 3667 4568 potest

238 4601 374 4663 λοῖς
425 4596 720 4653 ὑποπίπτει
762 4590 851 4645 καὶ
902 4586 1182 4649 ποικίλοις
1230 4592 1349 4648 τοῖς
1380 4588 1650 4661 σχήμασι,
1686 4584 1771 4639 καὶ

2098 4585 2292 4650 luere;
2328 4582 2483 4652 quod
2506 4586 2853 4653 argumenta
2877 4589 3016 4638 sunt
3039 4600 3107 4638 ex
3132 4589 3294 4654 parte
3318 4586 3666 4657 apodictica,

242 4694 362 4744 τῶν
418 4680 868 4760 έπιχειρημάτων
914 4679 982 4733 τὰ
1034 4677 1129 4750 μέν
1174 4676 1311 4731 ἐστιν
1363 4672 1733 4742 ἀποδεικτικά,
1767 4694 1805 4727 π

2139 4676 2678 4747 interpretationem
2736 4674 3147 4731 multimodam
3198 4678 3553 4745 admittunt;
3604 4696 3672 4735 ex

244 4778 359 4845 λῆς
440 4756 732 4847 ἱρμηνείας
812 4764 1066 4838 δεόμενα,
1122 4761 1248 4831 ἤτοι
1335 4761 1674 4835 ἐναγωνίου’
1733 4759 1800 4813 τὰ

2103 4772 2183 4820 rte
2216 4764 2725 4836 panegyricallec
2757 4766 2957 4819 omnia
2988 4770 3141 4821 certe
3191 4766 3492 4823 rhetoricas
3548 4773 3671 4824 stu-

240 4863 648 4939 πανηγυρικαο
702 4856 791 4912 καὶ
838 4851 1037 4919 τᾶλλα,
1072 4850 1247 4906 ὁπόσα
1302 4852 1401 4919 τῆς
1460 4856 1561 4918 σῆς
1615 4848 1806 4939 ῥητορι

2104 4855 2215 4909 udo
2243 4853 2539 4909 edidicisti
2573 4870 2583 4907 :
2622 4853 2760 4923 quid
2797 4853 2977 4925 igitur
3006 4872 3122 4909 non
3155 4856 3371 4911 mirum
3402 4858 3500 4927 sit,
3552 4875 3672 4913 rem

242 4935 597 5028 σοφίσματος
645 4945 734 5001 καὶ
782 4941 1161 5018 τεχνάσματος
1208 4971 1277 4982 —-
1324 4939 1608 5010 θαυμάζω,
1653 4935 1809 5028 δπως

2104 4941 2287 4997 inium
2306 4957 2557 4997 ωακιωο
2572 4943 2965 4997 necessariam
2990 4947 3045 4998 te
3072 4944 3301 5015 fugere?
3329 4945 3672 5015 Exemplum

238 5023 703 5110 τιὸ-τηλικοῦτον
755 5032 845 5088 καὶ
904 5029 1327 5105 ἀναγκαιότατον
1368 5031 1593 5102 πρᾶγμα
1650 5023 1803 5080 διέΛα

2106 5033 2266 5085 eram
2325 5045 2337 5084 :
2390 5029 2607 5083 Orandi
2657 5034 2842 5085 artem
2895 5032 3194 5101 possides;
3245 5048 3371 5104 quas
3429 5034 3674 5087 antehac

240 5129 429 5189 Ἀλλ’
491 5125 745 5189 ὑπόθεσιν
804 5121 898 5195 μὶν
975 5118 1411 5189 κατασκευάζων,
1465 5115 1774 5187 οἰκονομεῖν

2108 5123 2183 5172 :ta
2230 5120 2390 5185 sunt,
2440 5116 2775 5173 narratione
2820 5119 2966 5174 scite
3017 5118 3419 5189 complecteris
3480 5118 3562 5174 ita
3610 5123 3676 5176 ut

244 5220 435 5295 λόγον
522 5214 824 5283 ἐπίστασαι,
882 5200 1308 5283 περιλαμϐάνων
1385 5202 1690 5295 πολλάκιςΔ
1733 5200 1783 5255 ἐν

2111 5222 2163 5261 m
2198 5206 2373 5261 rebus
2406 5206 2619 5261 futuris
2663 5206 2720 5261 in
2774 5208 3105 5262 auditorum
3157 5206 3353 5260 animo
3398 5207 3679 5263 confundi

243 5289 525 5382 διηγήσει
578 5300 641 5356 τὸ
686 5295 1070 5375 παρεληλυθὸς
1126 5298 1224 5349 τοῦ
1279 5296 1490 5369 καιροῦ,
1539 5290 1636 5382 καὶ.
1666 5290 1811 5382 ἀποπ

2111 5299 2346 5367 queant.
2382 5296 2544 5361 Quod
2575 5296 2623 5351 si
2657 5295 2952 5368 negotium
3001 5293 3251 5365 simplex
3300 5298 3676 5354 tractandum

246 5377 387 5472 ρῶν*
441 5388 797 5449 ἐνδιασκεύως
869 5386 932 5442 τὸ
1005 5386 1121 5472 ἀνω
1196 5383 1379 5458 μέρος,
1439 5379 1645 5472 ὡς--οῦ
1706 5378 1814 5452 μέλ

2110 5385 2210 5452 nit,
2244 5388 2300 5440 et
2322 5386 2475 5455 quod
2511 5385 2860 5457 ambagibus
2892 5381 3118 5452 rejectis
3155 5399 3329 5453 parvo
3362 5384 3678 5442 rhetorices

247 5464 602 5559 ἐνοχλήσειν
628 5483 748 5541 τοῖς
778 5475 966 5537 αὐτοῖς
999 5470 1088 5528 διὰ
1130 5474 1230 5541 τὴν
1281 5476 1390 5527 τῶν
1411 5557 1422 5559 Δ
1450 5467 1766 5543 μελλόντων

2118 5477 2322 5545 paratu
2372 5478 2711 5529 contentum
2775 5476 2882 5535 est,
2940 5470 3039 5540 qui
3114 5472 3326 5527 modus
3394 5474 3678 5529 adhiben-

245 5556 561 5631 τύπωσιν*
612 5566 821 5623 ἁπλοῦν
883 5562 940 5619 δέ
1012 5584 1065 5618 τι
1126 5568 1352 5637 πρᾶγμα
1406 5557 1798 5631 διατιθέμενος,

2114 5579 2153 5618 ιε
2183 5562 2281 5625 sit,
2334 5562 2604 5633 ignorare
2649 5560 2887 5621 videris.
2943 5559 3236 5630 siquidem
3284 5562 3409 5617 sola
3456 5563 3682 5618 tbeoria

255 5661 540 5736 δεόμενον
593 5653 819 5713 πολλῶν
875 5649 1237 5728 περιστάσεων
1316 5647 1458 5724 μηδὶ
1532 5642 1823 5703 ποικιλωτέ

2180 5668 2192 5705 ι
2247 5650 2454 5720 praxin
2487 5648 2755 5719 negligis.
2802 5646 3061 5718 Namque
3093 5650 3410 5722 episcopali
3444 5652 3673 5709 muneri
3746 5712 3748 5715 ,
