4060 6214
352 308 353 315 ὁ
422 353 575 416 1167

1760 331 2183 392 MlCHAELIS
2229 330 2502 392 PSELLI

3680 332 3833 393 1168

420 481 856 556 sophismatum
889 485 1066 528 usum
1098 467 1334 542 penitus
1366 480 1636 521 recusare
1666 463 1753 519 fas
1792 479 1909 519 non
1961 465 2070 529 est,

2185 464 2536 532 κατασκευῆς,
2571 462 2671 517 οὐκ
2721 461 2824 518 οἶδ’
2865 462 3014 525 ὅπως
3060 464 3161 531 τήν
3209 462 3431 536 ἀρίστην
3494 457 3834 538 ὕπερϐαίνεις

422 554 697 645 quamvis
720 583 834 638 quo
858 560 1208 636 profundius
1239 556 1370 628 quis
1399 554 1763 627 sophismata
1793 554 2072 619 sectatur,

426 688 492 725 eo
521 666 752 737 longius
784 663 854 717 ab
900 654 1218 731 episcopali
1258 652 1542 721 dignitate
1582 651 1847 705 recedere
1875 648 2073 704 videa-

422 764 542 813 tur.
578 758 649 810 At
673 758 735 808 tu
762 750 997 822 quidem
1023 763 1137 801 non
1168 744 1218 798 is
1240 740 1453 796 videris
1477 738 1579 810 qui
1611 740 1903 808 majorum
1935 753 2075 792 con-

425 842 840 902 suetudinibus
869 835 1180 901 valedicas,
1214 846 1403 901 neque
1434 834 1491 884 te
1523 844 1656 882 cum
1700 827 2075 883 Cretensibus

425 932 792 991 cretizissare
823 924 1095 992 dixerim,
1127 925 1194 975 ut
1225 922 1313 974 est
1343 919 1403 971 in
1437 916 1768 971 Proverbio.
1821 919 1859 967 E
1908 916 2077 970 Creta

424 1039 531 1095 ego
565 1036 678 1075 non
711 1031 866 1081 sum,
898 1028 1004 1067 nec
1035 1011 1262 1065 huncce
1295 1008 1572 1062 honorem
1607 1003 1822 1059 ambio.
1859 996 2074 1057 RhetO-

424 1090 541 1166 rice
571 1123 705 1163 cum
738 1101 1087 1176 philosopho
1110 1097 1369 1168 loqueris
1392 1094 1536 1149 artis
1560 1102 1671 1148 tuae
1695 1093 1846 1148 haud
1884 1090 2076 1162 impe-

422 1199 553 1266 rito,
586 1196 686 1251 sed
738 1192 840 1265 qui
888 1185 1293 1262 philosophari
1344 1183 1540 1255 potius
1590 1197 1770 1252 quam
1819 1179 2076 1251 argutari

419 1286 577 1343 velit.
611 1283 685 1339 Ut
727 1296 900 1354 porro
952 1275 1212 1349 epistolae
1260 1278 1374 1327 tuae
1420 1272 1789 1342 aliquantum
1834 1285 2075 1339 respon-

420 1377 615 1440 deam,
646 1371 746 1428 ubi
776 1376 833 1425 te
880 1383 1053 1424 omne
1103 1380 1242 1436 erga
1289 1379 1395 1418 nos
1446 1360 1708 1415 debitum
1761 1357 2077 1413 exsolvisse

422 1469 701 1520 autumas
735 1461 881 1515 scito
915 1456 1071 1529 quod
1104 1453 1369 1508 debitum
1402 1467 1517 1505 non
1552 1448 1727 1504 solvit
1756 1447 1855 1518 qui
1903 1446 2080 1502 comi-

418 1558 509 1607 ter
565 1548 898 1620 respondet,
952 1548 1257 1616 pactorum
1310 1556 1440 1594 vero
1490 1554 1605 1593 non
1641 1535 1925 1590 meminit.
1960 1535 2078 1589 Hoc

424 1641 603 1695 fidem
636 1638 909 1693 fraudare
938 1637 1028 1689 est
1057 1630 1498 1699 amicitiamque
1530 1625 1746 1679 fallere.
1794 1623 1849 1677 Si
1899 1623 2079 1694 igitur

424 1728 569 1784 artis
599 1725 903 1782 rhetorica;
931 1721 1180 1777 antistes
1220 1717 1500 1790 mysteria
1552 1713 1773 1769 adultis
1826 1711 2078 1767 revelare

425 1814 756 1888 praesumis,
791 1810 1204 1884 promissoque
1241 1804 1397 1859 haud
1431 1802 1685 1871 steteris,
1718 1802 2077 1872 adeptosque

429 1904 947 1971 fefelleris,nonne
977 1903 1036 1953 te
1084 1894 1376 1952 mendacii
1424 1890 1713 1963 arguant?
1761 1890 1867 1945 Ubi
1917 1889 2073 1945 enim

427 2009 532 2064 pro
564 1996 687 2047 arte
740 2005 916 2062 quam
966 2003 1085 2042 non
1131 1981 1385 2039 docuisti
1441 1979 1766 2036 mercedem
1820 1978 2074 2050 recipere

426 2098 609 2137 ausus
668 2097 754 2146 es,
802 2079 885 2133 tui
934 2074 1157 2147 aliquid
1208 2072 1339 2127 aliis
1394 2068 1963 2126 communicaturum
2012 2083 2073 2122 es

426 2172 751 2243 professus.
791 2166 970 2231 Quale
1022 2162 1345 2219 amicorum
1391 2158 1806 2214 commercium
1861 2155 2075 2228 putas?

424 2268 578 2323 Num
621 2267 843 2338 scripta
893 2262 1021 2318 sine
1069 2276 1270 2325 sensu,
1317 2256 1445 2313 sine
1490 2256 1733 2311 veritate
1775 2271 1874 2310 eos
1923 2254 2076 2308 inter

424 2355 925 2413 communicatum
957 2351 1066 2407 iri?
1096 2365 1238 2404 num
1268 2363 1418 2403 vana
1448 2344 1689 2400 nomina
1721 2344 2075 2398 instrumen-

425 2450 620 2501 torum
672 2458 960 2500 caecorum
1009 2440 1198 2494 instar
1239 2434 1451 2507 jactari
1505 2434 1686 2489 reris?
1735 2433 1829 2488 Sic
1877 2432 2075 2487 Ixiona

425 2534 579 2605 apud
613 2532 930 2589 Homerum
955 2530 1111 2584 Juno
1142 2525 1385 2595 decepit.
1413 2524 1602 2593 Hujus
1633 2521 1789 2577 enim
1824 2521 2074 2592 pulchri-

430 2622 637 2676 tudine
685 2623 854 2691 capto
903 2618 1019 2673 Dea
1081 2616 1237 2670 nube
1296 2612 1682 2680 circumdata,
1731 2610 1823 2665 sui
1885 2608 2074 2680 ipsius

428 2709 815 2765 simulacrum
875 2704 1111 2761 obtulit.
1163 2707 1277 2773 Ego
1320 2716 1482 2769 vero,
1529 2699 1695 2753 crede
1743 2697 1910 2767 mihi,
1959 2716 2072 2753 non

428 2815 586 2867 sum,
636 2813 827 2869 neque
878 2811 976 2850 ero
1026 2792 1223 2859 Ixion;
1277 2790 1547 2845 umbram
1604 2804 1709 2859 ego
1770 2804 2073 2859 nunquam

429 2903 535 2958 pro
567 2901 627 2940 re
657 2883 905 2940 habebo.
942 2883 1074 2938 Ideo
1105 2881 1283 2936 etiam
1330 2883 1515 2933 artem
1567 2882 1730 2932 tuam
1771 2877 1888 2942 odi,
1938 2876 2077 2948 quia

426 2973 634 3046 puellae
658 2972 931 3029 amabilis
953 2973 1146 3041 imago
1171 2972 1410 3024 est.Non
1431 2982 1565 3022 vero
1586 2965 1645 3019 in
1680 2964 1925 3020 scientia
1946 2982 2075 3019 um-

426 3062 648 3127 bratili,
681 3062 780 3117 sed
813 3062 870 3116 in
903 3059 1169 3115 veritatis
1202 3057 1329 3113 luce
1359 3056 1723 3126 requiescere
1762 3053 1911 3109 volo.
1945 3053 2073 3109 Pla-

423 3152 581 3207 tonis
608 3165 841 3221 quoque
871 3147 1136 3219 sophista
1154 3162 1268 3201 non
1288 3144 1432 3200 mihi
1456 3142 1773 3214 placet,qui
1796 3143 1866 3196 ad
1885 3141 2074 3214 ipsius

428 3244 820 3315 Demiurgum
854 3241 1137 3298 libentius
1170 3256 1423 3296 recurro.
1458 3239 1539 3293 Ila
1578 3237 1723 3292 mihi
1756 3253 1895 3292 sane
1944 3254 2072 3308 per-

426 3350 671 3389 suasum
702 3338 792 3387 est
825 3348 837 3388 :
872 3332 921 3387 si
955 3330 1098 3386 mihi
1130 3332 1283 3384 male
1330 3327 1529 3382 famati
1578 3326 1957 3397 Dobrysontis
2004 3327 2071 3398 (Ρ)

426 3422 552 3478 loco
566 3421 826 3494 Elysium
843 3436 1116 3491 campum
1134 3424 1433 3490 pratumve
1446 3414 1765 3487 asphodelo
1779 3416 2073 3471 consitum

430 3511 691 3579 offerres,
728 3514 977 3581 putasne
1004 3525 1097 3563 me
1128 3508 1436 3562 nominum
1470 3504 1776 3576 splendore
1814 3508 2075 3576 captum,

433 3598 719 3653 delectum
743 3614 871 3653 esse
896 3596 1222 3651 facturum?
1252 3600 1336 3649 An
1363 3593 1585 3663 aliquid
1611 3592 1809 3664 magni
1832 3596 1885 3647 te
1907 3594 2075 3648 offer-

430 3702 491 3742 re
522 3685 743 3741 credis?
774 3687 889 3756 Ego
918 3701 1107 3756 neque
1137 3700 1309 3739 omne
1341 3687 1511 3738 tuum
1544 3682 1990 3749 monasterium,
2026 3683 2077 3738 si

433 3789 569 3828 cum
598 3771 800 3843 impiis
830 3776 1032 3842 staret,
1087 3777 1473 3842 acceptarem.
1529 3769 1678 3832 Quid
1726 3771 1922 3824 autem
1967 3769 2076 3825 tibi

422 3876 562 3916 cum
595 3861 971 3933 possessione
1001 3859 1342 3915 commune?
1362 3858 1561 3913 Nonne
1594 3858 1754 3912 fraus
1777 3858 1975 3914 omnia
2022 3863 2080 3915 et

425 3948 799 4004 ludibrium?
829 3948 1127 4012 Quomodo
1156 3963 1290 4002 vero
1320 3946 1595 4019 episcopo
1626 3946 1870 4019 dignum
1915 3948 2075 4003 frau-

433 4039 564 4093 dem
596 4037 749 4093 hanc
780 4036 1332 4092 manifestissimum
1364 4037 1687 4091 excusare?
1715 4036 1908 4099 Quid?
1938 4040 2078 4093 tunc

428 4128 576 4183 adeo
609 4126 892 4193 liberalis,
923 4142 1029 4199 ego
1060 4142 1193 4182 vero
1251 4124 1527 4181 sordidus
1585 4129 1642 4180 et
1672 4125 1911 4180 avarus?
1928 4125 2076 4181 Cedo

420 4226 528 4282 tibi
562 4243 689 4299 quas
720 4242 975 4282 oceanus
996 4224 1327 4280 Atlanticus
1360 4223 1563 4280 habet?
1591 4240 1716 4295 quae
1747 4224 1901 4279 circa
1928 4224 2076 4296 Hyr-

420 4316 651 4371 caniam
683 4319 743 4371 et
772 4332 933 4371 mare
963 4314 1238 4386 Caspium
1272 4313 1384 4369 sita
1414 4317 1585 4380 sunt;
1622 4313 1770 4368 adde
1818 4313 2075 4369 insulam

420 4404 673 4459 Thalem
706 4408 765 4459 et
794 4404 1091 4475 regionem
1114 4408 1275 4458 extra
1298 4401 1695 4468 Phasidem,et
1713 4418 2076 4473 quaecunque

420 4491 595 4563 plaga
622 4492 1040 4559 meridionalis,
1076 4496 1231 4548 terra
1272 4491 1426 4546 intra
1475 4492 1625 4546 duos
1675 4492 1865 4562 polos,
1916 4490 2073 4561 regio

420 4580 769 4651 antipodum
804 4587 983 4637 tenet.
1018 4582 1375 4638 Charissime
1412 4580 1610 4651 frater,
1664 4580 1712 4635 si
1766 4578 2071 4650 promissis
2101 4564 2147 4628 D

420 4672 575 4724 stare
605 4669 664 4725 in
696 4669 891 4726 animo
924 4670 1029 4727 tibi
1060 4675 1233 4738 est,re
1262 4684 1616 4741 vera,neque
1644 4668 1922 4723 inanibus
1947 4683 2069 4723 ver-

420 4755 514 4812 bis
546 4774 653 4814 nos
686 4759 879 4817 adeas.
915 4760 1178 4817 Posthsec
1206 4762 1537 4815 Graecorum
1570 4757 1799 4813 fabulas
1851 4761 1908 4813 et
1954 4757 2067 4829 {ig-

424 4848 624 4901 menta
657 4847 857 4905 inania
883 4851 989 4906 tibi
1023 4849 1261 4922 largior.

2183 549 2498 624 οἰκονομίαν
2561 551 2741 627 ὥσπερ
2799 553 2861 606 τὸ
2921 550 3168 606 λεκτικὸν
3255 550 3422 623 μόνον
3500 550 3665 627 μέρος
3734 558 3829 620 τῆς

2180 640 2382 713 τέχνης
2425 637 3069 716 διακριϐωσάμενος,τὸν
3119 637 3177 694 δὲ
3224 641 3603 715 πραγματικὸν
3664 641 3826 694 τύπον

2181 728 2501 802 ἡγνοηκώς.
2529 730 2669 805 Ἐγὼ
2701 727 2758 784 δέ
2791 751 2874 784 σοι
2905 731 2966 785 τὸ
2998 728 3089 784 καὶ
3127 730 3250 804 περὶ
3306 729 3434 791 τοὺς
3492 728 3689 803 λόγους
3744 750 3828 783 σο-

2182 817 2427 893 φίζεσθαι
2460 815 2591 892 ἄχρι
2622 825 2723 887 τῆς
2753 819 3142 894 ἀρχιερατικῆς
3175 816 3377 890 δίδωμι
3432 817 3785 889 τελειότητος
3815 836 3828 849 ⁶

2190 914 2323 985 μετά
2351 910 2408 967 δὲ
2435 919 2601 969 ταῦτα
2628 913 2754 970 οὐδὲ
2777 915 3029 990 τεχνίτην
3064 936 3121 969 σε
3150 919 3246 969 τοῦ
3295 912 3459 991 λόγου
3518 916 3832 991 προσίεμαι,

2186 999 2304 1056 οὐδ’
2337 1002 2387 1056 εἷ’
2419 1003 2605 1058 πολλά
2634 1003 2864 1077 κάμνοις
2914 1003 3206 1079 ἐπιχειρῶν
3247 1006 3639 1079 τεχνικώτατα.
3672 1007 3833 1062 ’Ὁσον

2181 1091 2282 1166 γάρ
2337 1093 2412 1153 είς
2467 1094 2565 1161 τήν
2622 1095 2939 1168 σοφιστικὴν
3014 1088 3360 1165 ἐμϐαθύνεις,
3414 1099 3675 1148 τοσοῦτον
3742 1102 3839 1162 τῆς

2184 1180 2618 1256 ἱερᾶςηάποικίζῃ
2659 1181 3002 1260 φιλοσοφίας.
3034 1180 3217 1237 Ἀλλά
3256 1181 3318 1236 σύ
3381 1204 3475 1255 μοι
3526 1179 3705 1246 δοκεῖς
3765 1185 3837 1255 μή

2184 1268 2488 1344 ἀναχωρεῖν
2542 1269 2746 1334 ἐθέλειν
2795 1275 2901 1325 τῶν
2947 1271 3192 1347 ἀρχαίων
3234 1272 3381 1341 ἠθῶν
3420 1290 3433 1304 ⁸
3484 1272 3572 1326 καὶ
3632 1273 3738 1326 οὐκ
3785 1272 3840 1325 ἂν

2185 1356 2418 1431 εἶ’ποιμι,
2451 1358 2533 1413 ὅτι
2564 1361 2700 1436 πρὸς
2733 1362 2921 1435 Κρῆτα
2945 1360 3220 1435 κρητίζεις
3250 1364 3432 1432 (τοῦτο
3495 1358 3559 1426 δὴ
3619 1361 3682 1415 τὸ
3742 1367 3841 1428 τῆς

2182 1447 2525 1522 παροιμίας).
2572 1450 2716 1523 Κρὴς
2773 1450 2875 1525 γάρ
2924 1446 3037 1504 οὔτ’
3087 1449 3224 1521 εἰμὶ,
3277 1446 3390 1503 οὔτ’
3440 1448 3642 1513 ἐκεῖθεν
3703 1450 3838 1503 εἶναι

2188 1531 2554 1609 βεϐούλημαι.
2602 1539 2741 1614 Πρὸς
2801 1536 2859 1593 δὲ
2908 1536 3209 1615 φιλόσοφον
3258 1537 3595 1614 ῥητορεύεις,
3656 1536 3841 1592 εἰδότα

2188 1624 2282 1696 μὲν
2336 1626 2423 1679 καὶ
2482 1626 2580 1694 τήν
2641 1628 2739 1694 σήν
2799 1627 3016 1702 τέχνην,
3052 1624 3373 1704 φιλοσοφεῖν
3418 1624 3475 1681 δὲ
3536 1624 3751 1699 μᾶλλον
3804 1628 3839 1696 ἢ

2184 1714 2516 1791 σοφιστεύειν
2577 1713 2847 1779 ἐθέλοντα.
2904 1716 3001 1770 Καὶ
3056 1713 3147 1770 ’ίνα
3204 1736 3287 1770 σοι
3352 1715 3533 1791 βραχύ
3588 1738 3641 1770 τι
3702 1718 3843 1792 πρὸς

2106 1832 2154 1897 Β
2182 1804 2279 1871 τὴν
2314 1802 2607 1874 ἐπιστολήν
2643 1802 3001 1877 διαλέξωμαι,
3034 1804 3085 1859 ἐν
3221 1807 3283 1859 τὸ
3343 1811 3447 1859 πᾶν
3505 1804 3844 1874 ἀποπεπλη-

2188 1894 2391 1968 ρῶσθαί
2422 1915 2506 1948 σοι
2534 1898 2632 1949 τοῦ
2662 1895 2797 1970 πρὸς
2849 1898 2996 1968 ἡμᾶς
3045 1896 3244 1970 χρέους
3301 1895 3515 1967 ᾠήθης,
3547 1894 3649 1949 οὐκ
3704 1892 3843 1971 ἔστι,

2186 1981 2495 2057 λογιωτάτη
2528 1986 2705 2057 ψυχὴ,
2739 1984 2936 2059 χρέους
2979 1981 3328 2060 έκπλήρωσις
3385 1984 3446 2038 τὸ
3501 1981 3693 2058 λόγοις
3751 1984 3844 2057 μὶν

2182 2074 2522 2127 κατατιθέναι
2553 2072 2646 2134 τὰς
2689 2074 2943 2149 χάριτας,
2975 2068 3155 2149 ἔργοις
3208 2071 3264 2128 δὲ
3316 2070 3496 2146 μηδὴν
3556 2078 3663 2127 τῶν
3714 2070 3843 2127 διω-

2185 2161 2586 2235 μολογημένων
2640 2159 2868 2219 διδόναι.
2924 2163 3133 2232 Ἀπάτη
3185 2162 3286 2237 γὰρ
3355 2166 3515 2216 τοῦτο
3548 2181 3561 2194 ⁸
3622 2162 3718 2216 καὶ
3780 2162 3845 2215 οὗ

2184 2247 2369 2323 φιλίας
2428 2246 2694 2322 σύνδεσις,
2756 2248 2882 2305 ἀλλ’
2940 2250 3231 2323 ἀναίρεσις.
3282 2250 3479 2307 Ὀπύτε
3549 2256 3684 2325 γοῦν
3782 2251 3846 2304 σὺ

2180 2342 2278 2393 τοῦ
2338 2339 2635 2413 ῥητορικοῦ
2703 2339 3052 2410 προύκάθησο
3133 2340 3351 2412 θρόνου,
3405 2339 3451 2393 εἰ
3532 2339 3848 2415 ὲπηγγείλω

2186 2428 2278 2500 μὲν
2338 2429 2405 2481 τὰ
2452 2434 2550 2497 τῆς
2604 2428 2806 2503 τέχνης
2887 2428 3279 2483 ἀνακαλύπτειν
3340 2434 3458 2491 τοῖς
3516 2430 3847 2501 κυουμένοις

2184 2525 2413 2602 ἄρρητα,
2447 2526 2559 2580 εἶτα
2608 2523 2665 2580 δὲ
2713 2530 2874 2580 τοῦτο
2928 2527 3021 2599 μὶν
3061 2527 3159 2581 οὐκ
3208 2526 3429 2598 ἐποίεις,
3475 2526 3841 2602 ἐργαστήριον

2184 2612 2241 2668 δέ
2292 2636 2344 2668 τι
2407 2614 2691 2689 βαναυσίας
2748 2615 2963 2677 τούτοις
3014 2616 3303 2689 ἀνεώγνυς,
3356 2617 3458 2670 οὐκ
3507 2615 3568 2670 ἂν
3617 2616 3679 2670 σί
3758 2638 3842 2677 τις

2183 2700 2549 2777 ψευδολογίας
2609 2702 2881 2777 ἐγράψατο
2909 2724 2921 2772 ;
2950 2704 3017 2758 Ei’
3047 2702 3103 2758 δὲ
3153 2704 3353 2779 τέχνην
3405 2706 3498 2777 μὲν
3531 2708 3685 2777 ἡμᾶς
3747 2706 3845 2760 οὐκ

2185 2790 2502 2866 έπηγγείλω
2549 2789 2841 2860 διδάσκειν,
2895 2789 3021 2847 ἀλλ’
3069 2792 3159 2846 οὖν
3220 2796 3344 2867 παρ’
3378 2795 3537 2866 ἡμῶν
3594 2793 3843 2871 εἰλήφεις

2189 2882 2403 2953 μισθὸν,
2436 2882 2469 2950 ἢ
2506 2878 2614 2953 (ίνα
2650 2883 2724 2954 μὴ
2760 2885 3032 2958 φορτικῶς
3084 2879 3255 2956 λέγω)
3286 2886 3382 2936 τοῦ
3428 2886 3528 2936 σοῦ
3565 2905 3619 2937 τι
3670 2884 3847 2958 προῄ-

2186 2989 2323 3042 ρησο
2381 2970 2645 3045 παρέχειν
2706 2967 2851 3043 ἐμοί.
2905 2970 3101 3028 Ὁποῖα
3152 2968 3209 3025 δὲ
3266 2972 3401 3045 πρὸς
3445 2968 3737 3040 ἀλλήλους
3791 2972 3841 3025 οἱ

2184 3056 2470 3135 φιλοῦντες
2522 3057 2741 3121 εἰώθασι
2813 3054 3206 3130 διαμείϐεσθαι,
3262 3061 3344 3133 ἆρ’
3384 3057 3485 3114 οἷέι
3541 3061 3637 3121 τὰς
3704 3080 3841 3135 γραο

2189 3147 2287 3224 φὰς
2358 3145 2761 3222 ἐκπεφευγέναι,
2836 3145 3041 3202 εἷ’δωλα
3113 3147 3445 3223 πραγμάτων
3528 3145 3753 3217 διδούς-ς
3808 3152 3841 3218 ἣ

2192 3233 2332 3308 μηδὲ
2378 3240 2562 3301 τοῦτο,
2597 3234 2721 3291 ἀλλ’
2764 3236 3003 3309 ὀνόματα
3050 3242 3382 3312 πραγμάτων
3434 3233 3637 3313 ἔρημα,
3671 3238 3846 3293 ὁποῖα

2182 3326 2234 3379 οἱ
2293 3325 2376 3379 σοὶ
2434 3322 2716 3398 σκινδαψοί
2773 3326 2862 3379 καὶ
2920 3327 2980 3379 τὸ
3050 3325 3507 3401 πολυθρύλλητον
3569 3325 3839 3401 βλίτυρις

2184 3420 2341 3477 Οὕτω
2400 3425 2528 3495 γοῦν
2583 3422 2672 3475 καὶ
2744 3422 2837 3476 τὸν
2895 3422 3087 3492 ἰξίονα
3141 3425 3175 3491 ἡ
3228 3427 3325 3477 τοῦ
3382 3424 3629 3499 Ὀμήρου
3686 3426 3847 3500 ’Ἡρα

2183 3508 2480 3579 ἡπάτηκεν.
2517 3510 2666 3566 Ἐπεὶ
2724 3510 2826 3585 γὰρ
2874 3507 2983 3584 ἤρα
3027 3510 3228 3579 ταύτης
3275 3511 3303 3565 ὁ
3346 3510 3515 3586 ἥρως,
3548 3510 3848 3566 καταπλα-

2185 3597 2298 3671 γεὶς
2337 3597 2397 3651 τὸ
2448 3597 2658 3668 ἐκείνης
2696 3597 2925 3665 κάλλος,
2957 3601 2991 3667 ἡ
3026 3596 3083 3653 δὲ
3138 3596 3421 3675 νεφύδριόν
3469 3620 3523 3653 τι
3578 3620 3861 3675 περισπα-

2187 3686 2414 3758 σαμένη,
2499 3687 2587 3740 καὶ
2668 3686 2846 3758 τούτῳ
2931 3688 3123 3757 ἑαυτὴν
3185 3686 3460 3758 εἰκάσασα,
3520 3686 3704 3743 ἐδίδου
3769 3695 3861 3761 τῷ

2186 3774 2359 3844 Ἰξίονι
2416 3773 2655 3851 πάροδον
2714 3777 2883 3849 πυρὸς
2941 3777 3003 3830 τὸ
3061 3773 3313 3832 εἷ’δωλον.
3370 3774 3522 3832 Ἀλλ’
3578 3776 3694 3851 ἐγώ
3740 3798 3861 3843 σοι,

2189 3862 2506 3939 λογιώτατε,
2542 3862 2713 3933 Ἰξίονι
2767 3861 2888 3918 οὔτε
2948 3861 3238 3938 εἷ’μὶ,οῧτε
3290 3861 3502 3936 ἔσομαι,
3558 3862 3690 3919 οὐδὲ
3751 3873 3868 3935 τῆς

2184 3955 2291 4006 τῶν
2342 3953 2679 4027 πραγμάτων
2741 3951 2926 4014 οὐσίας
2982 3952 3047 4007 τὰ
3124 3950 3330 4008 εἴδωλα
3402 3955 3860 4027 προτιμήσαιμι.

2187 4050 2284 4104 Διά
2310 4055 2476 4105 ταῦτα
2499 4054 2626 4126 γοῦν
2686 4050 2774 4105 καὶ
2820 4052 2916 4119 τήν
2980 4052 3077 4118 σὴν
3133 4050 3331 4126 τέχνην
3395 4055 3560 4123 μισῶ,
3593 4051 3683 4106 ὅτι
3746 4074 3859 4107 πο·-

2187 4144 2365 4207 θεινῆς
2425 4138 2533 4192 ἐστι
2590 4137 2778 4214 κορίου
2838 4136 3089 4195 ε’ίδωλον.
3143 4138 3244 4195 Καὶ
3294 4135 3418 4193 οὐδὲ
3474 4137 3527 4193 ἐν
3585 4143 3660 4213 τῇ
3724 4144 3860 4208 σκιᾷ

2184 4231 2279 4281 τοῦ
2310 4228 2635 4303 γράμματος
2664 4227 3032 4301 ἀναπαύομαι,
3068 4225 3195 4282 ἀλλ’
3226 4226 3279 4282 ἐν
3315 4232 3395 4299 τῷ
3424 4234 3524 4297 τῆς
3579 4228 3862 4298 ἀληθείας

2186 4315 2323 4393 φωτί
2358 4335 2370 4348 ⁸
2419 4313 2548 4370 οὐδὲ
2602 4317 2693 4371 τὸν
2749 4320 2846 4371 τοῦ
2905 4313 3203 4377 Πλάτωνος
3260 4318 3525 4393 σοφιστὴν
3585 4317 3730 4371 κατά
3793 4314 3856 4369 τό

2182 4399 2637 4479 προϐεϐλημένον
2682 4412 2781 4474 τῆς
2856 4402 3051 4474 λέξεως
3112 4402 3371 4479 δέχομαι,
3425 4403 3552 4459 ἀλλ’
3611 4404 3697 4466 εἷς
3762 4406 3855 4460 τὸν

2184 4491 2389 4547 ἐκείνου
2451 4492 2791 4569 δημιουργὸν
2863 4492 3113 4570 ἀναφέρω
3183 4490 3448 4565 τοῦνομα.
3503 4492 3569 4550 El
3633 4490 3695 4548 δέ
3759 4514 3858 4567 μοι

2181 4581 2295 4636 ἀντὶ
2325 4585 2422 4635 τοῦ
2458 4578 2745 4660 δυσφήμου
2791 4576 3158 4654 Δοϐρόσοντος
3308 4582 3372 4636 τὸ
3421 4580 3682 4636 ’Δλύσιον
3750 4580 3865 4637 ἰδὶ-

2180 4667 2306 4730 δους
2344 4667 2531 4725 πεδίον
2589 4672 2681 4725 καὶ
2736 4671 2827 4724 τὸν
2878 4668 3179 4747 ἀσφοδελὸν
3212 4668 3413 4724 ἐκεῖνον
3450 4667 3733 4742 λειμῶνα,
3773 4673 3863 4743 ἆρ’

2178 4755 2236 4810 ἂν
2270 4755 2531 4831 ἐδεξάμην
2563 4759 2653 4814 καὶ
2710 4763 2899 4827 ταῦτα,
2929 4757 3200 4833 λαμπρῶν
3252 4754 3419 4812 ὄντων
3470 4762 3581 4812 τῶν
3643 4758 3865 4832 ὀνομά-

2176 4866 2280 4899 των
2316 4866 2329 4915 ;
2361 4852 2434 4902 ’Ἡ
2484 4846 2546 4900 σὺ
2594 4848 2783 4919 ᾠήθης
2834 4844 2893 4901 ἂν
2927 4847 3188 4922 παρέχειν
3228 4846 3281 4901 τί
3315 4867 3407 4919 μοι
3464 4850 3571 4901 τῶν
3621 4847 3812 4903 ὅντων
3845 4868 3859 4915 ;

415 4931 616 4988 Ὁπότε
674 4931 730 4988 δὲ
785 4937 979 4991 καὶτὸ
1037 4938 1127 4990 σὸν
1186 4938 1554 5010 μοναστήριον
1611 4934 1744 5007 μετὰ
1786 4938 1892 4989 τῶν
1952 4932 2180 4988 ἀνοσίων
2231 4934 2554 5011 τεταγμένον
2589 4933 2700 4992 οὔτ’
2732 4931 2839 4991 ἔστι
2898 4957 2987 4990 και
3048 4933 3556 5009 δυσωνυμωτάτων,
3601 4934 3857 5009 ἑλοίμην

416 5020 476 5075 ἂν
530 5022 629 5091 τὴν
686 5021 890 5100 δωρεὰν
949 5030 1038 5080 καὶ
1095 5027 1193 5095 τὴν
1255 5024 1578 5101 ἀνυπαρξίαν
1638 5028 1734 5077 τοῦ
1787 5026 2151 5099 πράγματοςς
2211 5020 2414 5087 Ἡδέως
2472 5021 2517 5078 δ’
2575 5026 2634 5078 ἄν
2694 5046 2791 5079 σου
2846 5022 3145 5097 πυθοίμην,
3202 5024 3257 5079 τί
3321 5022 3385 5094 δή
3446 5045 3530 5079 σοι
3590 5025 3685 5079 καὶ
3754 5033 3863 5093 τῆς

413 5111 658 5179 κτήσεως
717 5114 1095 5189 προσεγένετο,
1156 5112 1289 5186 ἐμοῦ
1347 5113 1422 5185 μὴ
1481 5110 1922 5186 προσειληφότος
1978 5111 2040 5165 τὸ
2091 5115 2337 5186 πρᾶγμα.
2400 5110 2471 5166 Ού
2530 5113 2593 5165 τὸ
2659 5118 2761 5167 πᾶν
2822 5111 2998 5182 ἀπάτη
3046 5112 3137 5166 καὶ
3195 5109 3371 5186 γέλως
3424 5113 3511 5166 καὶ
3574 5116 3656 5183 τῷ
3726 5108 3859 5169 ὄντι

416 5196 605 5270 βαθεῖα
663 5203 1004 5277 φενάκη;Τὸ
1065 5199 1121 5256 δὲ
1178 5200 1268 5256 καὶ
1328 5200 1717 5276 ἀπολογεῖσθαι
1775 5201 1902 5275 περὶ
1958 5198 2099 5254 οὕτω
2158 5204 2357 5277 σαφοῦς
2417 5199 2712 5275 χλευασίας
2770 5201 2859 5256 καὶ
2916 5200 3217 5275 εἷρωνείας,
3248 5198 3489 5268 πηλίκον
3542 5222 3630 5254 τοι
3664 5200 3756 5262 εἰς
3793 5203 3863 5255 τὸ

417 5284 611 5357 μέτρον
667 5295 766 5357 τῆς
827 5289 1238 5365 ἀρχιερωσύνης
1296 5285 1481 5357 δοκεῖς
1515 5288 1755 5362 Ἀρόὗν
1811 5289 1873 5342 σὺ
1931 5289 2023 5358 μὲν
2087 5288 2229 5343 οὕτω
2288 5285 2741 5365 φιλοτιμότατος,
2792 5288 2895 5364 ἐγὼ
2955 5286 3013 5343 δὲ
3060 5286 3429 5364 σμικρολόγος
3484 5290 3577 5343 καὶ
3632 5286 3864 5367 φειδω-

414 5368 558 5442 λόςς
620 5375 1056 5455 Ἀντιδωροῦμαι
1119 5376 1182 5449 δή
1257 5399 1363 5445 σοι,
1424 5372 1595 5431 ὁπόσα
1658 5378 1751 5449 μὲν
1813 5380 1839 5431 ὁ
1881 5378 2164 5450 Ἑσπέριος
2222 5377 2454 5441 ὠκεανὸς
2517 5374 2655 5453 ἔχει,
2702 5380 2877 5434 ὁπόσα
2936 5375 2993 5433 δὲ
3049 5377 3199 5440 ἐντὸς
3255 5376 3530 5453 ’Υρκανίας
3592 5377 3684 5431 καὶ
3758 5386 3869 5455 τῆς

412 5460 660 5524 Κασπίας
717 5465 987 5537 θαλάττης
1044 5467 1175 5535 ἐστὶ,
1236 5466 1325 5520 καὶ
1383 5465 1481 5531 τήν
1543 5464 1757 5535 Θούλην
1816 5466 1913 5533 τὴν
1968 5472 2154 5535 νῆσον,
2210 5467 2299 5520 καὶ
2355 5468 2423 5521 τὰ
2478 5466 2628 5529 ἐκτὸς
2681 5465 2937 5536 Φάσιδος,
2995 5469 3082 5521 καὶ
3145 5467 3319 5521 ὁπόσα
3374 5469 3408 5535 ἡ
3472 5460 3857 5540 μεσημϐρινή

411 5548 733 5630 περιείληφε
789 5556 1040 5628 γῆ,ὅ,τι
1103 5576 1161 5609 τε
1214 5553 1361 5616 ἐντὸς
1421 5552 1685 5629 ἑκατέρων
1738 5558 1844 5607 τῶν
1909 5552 2198 5629 ὀμφαλῶν,
2257 5557 2343 5610 καὶ
2405 5557 2471 5611 τά
2524 5562 2630 5612 τῶν
2694 5557 2954 5612 ἀντοίκων
3014 5555 3103 5610 καὶ
3164 5552 3456 5625 ἀντιδόξων
3516 5556 3861 5629 ξύμπαντα.

414 5634 649 5694 Φίλτατε
703 5638 923 5719 ἀδελφέ,
984 5644 1251 5716 σύντομόν
1314 5662 1396 5696 σοι
1454 5640 1621 5718 λόγον
1676 5641 1781 5715 ἐρῶ
1816 5661 1827 5675 ·
1864 5642 1909 5697 εἰ
1975 5645 2069 5717 μὲν
2126 5642 2314 5721 βούλει
2376 5644 2442 5700 τὰ
2496 5647 2602 5717 τῆς
2659 5647 2795 5721 πρὸς
2855 5649 3002 5720 ἡμᾶς
3058 5642 3387 5721 ἐπαγγελίας
3444 5642 3740 5719 πληροῦν,
3802 5644 3868 5699 ὲν
