3970 6218
301 345 462 406 1169

1795 341 2224 402 EPISTOLJE.

3552 350 3709 408 H70

296 472 607 552 πράγμασιν
641 475 801 545 ἡμῖν,
831 471 976 527 ἀλλά
1011 473 1087 544 μὴ
1120 470 1170 525 έν
1199 470 1426 544 ὀνόμασι
1459 469 1626 546 κόρου
1654 471 1756 538 τήν
1790 468 2014 545 δωρεάν.
2051 470 2111 527 Εἰ
2145 468 2190 524 δ’
2222 469 2334 540 οὖν,
2371 477 2692 547 παραχωρῶ
2722 494 2807 527 σοι
2837 478 2998 529 τοῦτο
3053 477 3186 548 μετά
3225 481 3332 531 τῶν
3362 477 3708 549 Ἑλληνικῶν

287 565 478 638 μύθων
508 562 600 617 καὶ
625 559 977 636 ἀνυπάρκτων
1001 560 1358 634 πλασμάτων.

608 675 678 725 Δ’.
715 669 855 744 Πρὸς
879 669 970 723 τὸν
1000 670 1240 745 Καίσαρα
1266 669 1355 723 τὸν
1390 667 1629 724 Δο·5καν’.

359 757 582 813 Πίστευέ
640 779 758 832 μοι,
821 758 1086 831 ὑπέρτιμε
1162 756 1415 828 δέσποτα,
1475 760 1564 812 καὶ
1642 755 1776 831 ὑπὲρ
1847 760 1948 809 πᾶν

291 845 466 921 ὄνομα
530 847 621 902 καὶ
681 847 918 920 ἀξίωμα,
954 848 1143 923 μάγοι,
1171 845 1263 901 ’ίνα
1311 846 1482 908 οὕτως
1539 845 1699 915 εἷ’πω,
1751 845 1838 898 καὶ
1900 844 1951 897 οἱ

287 936 485 1014 τρόποι
540 937 874 1013 τυγχάνουσι
934 940 1023 990 καί
1081 937 1137 990 οἱ
1197 936 1357 1010 λόγοι
1408 957 1522 1007 σου,
1549 935 1638 989 καὶ
1691 932 1952 1010 ἀρρήτοις

299 1024 559 1099 δυνάμεσι
609 1027 708 1094 τήν
755 1024 892 1098 ἐμὴν
944 1026 1128 1100 ψυχὴν
1179 1023 1591 1098 καταθέλγουσι.
1647 1023 1742 1079 Καὶ
1788 1026 1949 1076 τοῦτο

293 1120 389 1186 ζῶ,
443 1115 471 1169 ’ὁ
528 1112 718 1190 βλέπω
766 1115 868 1168 σέ·
919 1116 1007 1169 καὶ
1078 1115 1236 1169 τοῦτο
1294 1114 1562 1181 ἀναπνέω,
1608 1113 1636 1168 ’ὁ
1691 1116 1790 1176 τῆς
1850 1118 1947 1180 σῆς

291 1204 480 1258 ἀκούω
514 1211 696 1281 φωνῆς
732 1224 742 1235 ·
776 1203 866 1258 καὶ
895 1208 1057 1258 τοῦτο
1089 1203 1290 1278 χαίρω,
1325 1203 1352 1256 ὃ
1383 1207 1504 1263 τοῖς
1537 1207 1652 1262 σοῖς
1684 1199 1948 1273 ἐντυγχά-

290 1316 363 1347 νω
393 1293 706 1368 γράμμασι.
743 1293 869 1368 Περὶ
904 1293 966 1346 οὗ
1017 1292 1082 1361 δὴ
1133 1293 1444 1366 ἠρώτησας,
1481 1289 1760 1362 συντόμως
1814 1289 1946 1342 ἀπο-

291 1381 548 1455 κρίνομαί
581 1402 663 1435 σοι
699 1400 711 1412 ·
749 1388 776 1432 ἱ(
821 1378 1017 1442 Οὐδεὶς
1072 1383 1221 1453 ἡμᾶς
1265 1379 1626 1453 ἐμισθώσατο.
1663 1404 1690 1429 υ
1725 1375 1948 1432 Δέδοικα

295 1471 352 1526 δὲ
380 1471 470 1525 ’ἱνα
502 1472 577 1543 μὴ
605 1471 695 1524 καὶ
724 1474 886 1524 τοῦτο
920 1469 1136 1524 ἀκούσω
1172 1489 1184 1502 ·
1224 1493 1252 1521 «
1285 1470 1517 1544 Ἑταῖρε,
1551 1473 1668 1531 πῶς
1697 1466 1946 1532 εἷ’σῆλθες

295 1584 322 1609 ‹‹
361 1558 489 1628 ὧδε,
555 1560 629 1630 μὴ
690 1556 834 1633 ἔχων
898 1555 1100 1631 ἔνδυμα
1150 1559 1374 1633 γάμους
1409 1583 1430 1612 ι
1496 1558 1576 1614 0οό
1615 1557 1718 1631 γὰρ
1751 1552 1870 1611 οἶδα
1900 1554 1944 1609 εἰ

295 1645 624 1721 ἀποδέχεται
693 1649 793 1717 τὴν
863 1647 1157 1722 παρουσίαν
1220 1669 1324 1720 μου
1382 1648 1409 1700 ὁ
1463 1647 1735 1710 θειότατος
1780 1647 1945 1717 ἡμῶν

301 1735 557 1811 βασιλεύς
584 1754 594 1766 ⁸
628 1737 691 1790 τὸ
722 1736 825 1812 γὰρ
857 1737 1150 1811 πρόσωπον
1187 1735 1350 1791 αὐτοῦ
1390 1736 1466 1795 εἷς
1511 1738 1659 1808 ἡμᾶς
1715 1733 1824 1807 οὐχ
1871 1733 1947 1796 ὡς

295 1826 425 1899 χθὲς
485 1825 574 1880 καὶ
629 1826 820 1901 τρίτην
878 1823 1294 1898 ἡμέραν.11λήν
1351 1823 1608 1879 οὐδέποτε
1662 1820 1944 1883 παντελῶς

292 1915 698 1988 ἀποστήσομαι,
752 1911 848 1969 κᾶν
898 1913 1120 1988 ἐξελάσῃ
1177 1914 1386 1989 βιαίως,
1434 1913 1528 1967 κᾶν
1611 1912 1742 1985 μετᾶ
1796 1909 1944 1980 πλη-

288 2009 426 2080 γῶν,
475 2002 572 2057 κᾶν
633 2004 748 2076 μεθ’
780 1998 985 2077 ὕϐρεων
1022 2022 1036 2036 ο
1092 2004 1168 2075 μὴ
1220 2002 1362 2057 οὕτω
1419 2001 1640 2076 μανείην
1695 2000 1845 2057 ποτέ.
1879 1999 1944 2056 El

289 2095 393 2168 γὰρ
440 2092 530 2147 καὶ
580 2092 718 2169 πρὸς
778 2091 875 2165 ἐμὲ
934 2091 1298 2166 ἀπόστροφος,
1348 2091 1495 2146 ἀλλά
1555 2091 1796 2166 χρηστὸς
1855 2090 1943 2144 καὶ

293 2181 706 2259 φιλάνθρωπος.
754 2178 955 2256 Αὔριον
1021 2180 1110 2235 οὖν
1165 2182 1255 2235 καὶ
1308 2180 1621 2254 ἐλεύσομαι,
1669 2179 1757 2234 καὶ
1817 2179 1945 2232 ἀκο-

293 2271 497 2346 ρέστως
527 2269 928 2326 καταπολαύσω
966 2291 1062 2325 σου
1093 2277 1193 2340 τῆς
1223 2269 1364 2344 έμῆς
1399 2273 1584 2345 ψυχῆς
1628 2268 1717 2323 καὶ
1767 2269 1944 2336 πνοῆς

288 2360 382 2415 καὶ
418 2366 582 2430 ζωῆς.

908 2449 984 2507 Ε’.
1025 2453 1112 2521 Τῷ
1151 2449 1297 2521 αὐτῷ
1310 2491 1322 2508 .

367 2536 483 2594 Οὔκ
512 2534 622 2592 ἔστι
652 2558 735 2599 τις
763 2535 960 2610 ὅμοιός
1011 2559 1118 2609 σοι,
1163 2535 1395 2592 δέσπυτα
1451 2535 1811 2612 χρηστότατε,
1854 2532 1946 2588 ’ίνα

294 2625 383 2679 καὶ
433 2629 594 2680 τοῦτο
651 2626 997 2702 θαρρούντως
1041 2625 1280 2698 εἷ’ποιμι,
1328 2623 1451 2681 οὔτε
1496 2628 1595 2695 τὴν
1644 2624 1943 2694 καλλονήν,

296 2711 424 2768 οὔτε
477 2715 577 2782 τήν
633 2715 917 2791 φρόνησιν.
953 2716 1100 2790 Λέγω
1150 2713 1208 2770 δὲ
1253 2719 1436 2783 τοῦτο,
1486 2710 1837 2783 ἀποϐλέπων,
1872 2714 1948 2776 εἷς

295 2805 389 2858 τὸν
451 2804 653 2858 σκοπὸν
709 2808 816 2857 τῶν
871 2806 1006 2878 πρὸς
1063 2804 1159 2877 ἰμέ
1215 2827 1310 2860 σου
1364 2803 1723 2880 γραμμάτων.
1772 2804 1946 2876 Ὁμοῦ

292 2913 354 2947 τε
382 2894 485 2968 γὰρ
516 2891 605 2946 καὶ
637 2895 772 2965 ἡμῖν
807 2893 882 2954 εἷς
927 2894 1271 2968 παραμυθίαν
1315 2892 1528 2949 ἵστασαι
1583 2893 1673 2948 καὶ
1719 2897 1798 2964 τῷ
1851 2913 1944 2964 με·

297 2981 455 3057 γάλῳ
491 2979 703 3056 βασιλεῖ
731 2984 821 3036 καὶ
854 2980 1072 3058 ἀδελφῷ
1120 3004 1216 3038 σου
1266 2984 1366 3052 τὴν
1411 2985 1792 3058 προσήκουσαν
1836 2981 1944 3035 σώ-

305 3077 413 3140 ζεις
465 3069 764 3143 ὑπόληψιν,
815 3074 906 3125 καί
950 3071 1196 3146 συνάγεις
1242 3075 1341 3141 τήν
1405 3070 1543 3144 έμὴν
1586 3073 1812 3147 γνώμην
1872 3069 1948 3132 είς

294 3162 397 3228 τήν
444 3156 607 3235 ἄκραν
656 3159 861 3214 ἐκείνου
904 3160 1081 3215 πίστιν
1130 3181 1189 3216 τε
1235 3163 1324 3216 καὶ
1363 3159 1596 3225 διάθεσιν
1632 3180 1643 3191 ·
1681 3159 1812 3233 ὅπερ
1857 3159 1946 3212 καὶ

296 3253 368 3321 τῇ
423 3247 529 3320 έμῇ
580 3251 734 3322 ψυχῇ
781 3251 1145 3324 μαρτυρήσεις
1179 3249 1359 3312 αὐτός.
1421 3251 1523 3306 Καὶ
1582 3248 1765 3326 θάρρει
1823 3248 1947 3322 περῖ

295 3336 496 3392 τούτου
536 3355 547 3368 ·
586 3333 808 3410 ἕτοιμος
839 3337 942 3413 γὰρ
986 3339 1076 3393 καὶ
1133 3341 1232 3408 τὴν
1274 3339 1411 3412 ἐμὴν
1460 3339 1602 3394 θύειν
1651 3338 1783 3413 ὑπὲρ
1829 3335 1951 3391 τού-

1971 672 2026 736 Α

2491 671 2586 726 1V.
2622 672 2700 726 Ad
2732 674 3010 729 Czesarem
3046 675 3267 729 Ducam.

2134 759 2315 815 Crede
2345 759 2924 828 mihi,illustrissime
2954 763 3385 831 domine,omne
3416 779 3628 819 nomen
3651 769 3710 821 et

2061 848 2409 920 dignitatem
2446 867 2714 921 superas,
2737 852 2952 924 magici
2984 856 3049 907 ut
3078 853 3162 907 ita
3191 852 3406 923 dicam,
3430 869 3623 908 mores
3653 859 3710 908 et

2059 953 2362 994 sermones
2386 939 2472 994 tui
2502 939 2966 1010 inveniuntur,et
2992 941 3277 996 indicibili
3303 942 3518 998 virtute
3550 957 3709 996 men-

2060 1029 2180 1080 tem
2214 1043 2403 1082 meam
2435 1027 2756 1084 incantant.
2800 1030 2964 1085 Tunc
3013 1031 3159 1099 vivo,
3211 1045 3342 1085 cum
3393 1035 3451 1085 te
3499 1030 3703 1097 video;

2059 1118 2201 1170 tunc
2223 1116 2468 1188 respiro,
2495 1133 2627 1172 cum
2650 1122 2812 1174 tuam
2836 1135 3032 1173 vocem
3060 1119 3255 1186 audio;
3283 1125 3423 1173 tunc
3455 1119 3703 1189 gaudeo,

2058 1220 2192 1258 cum
2226 1209 2358 1260 tuas
2389 1204 2612 1262 litteras
2647 1207 2898 1279 perlego.
2937 1209 3010 1262 De
3039 1224 3154 1278 quo
3206 1212 3400 1262 autem
3452 1207 3702 1262 interro-

2056 1293 2230 1364 gasti,
2267 1293 2518 1349 breviter
2543 1294 2648 1349 tibi
2684 1296 3044 1366 respondeo:
3070 1318 3097 1345 ‹‹
3125 1296 3306 1352 Nemo
3341 1311 3446 1350 nos
3477 1296 3701 1350 condu-

2055 1382 2158 1437 xit.
2211 1405 2240 1432 ››
2291 1384 2486 1439 Timui
2545 1401 2677 1440 vero
2742 1401 2815 1440 ne
2879 1384 3025 1440 illud
3095 1401 3326 1457 quoque
3392 1385 3629 1440 audiam
3687 1401 3699 1437 :

2056 1494 2083 1522 «
2115 1472 2334 1538 Amice,
2367 1473 2658 1544 quomodo
2705 1473 2816 1528 huc
2859 1472 3113 1543 intrasti,
3171 1489 3286 1528 non
3331 1472 3556 1528 habens
3603 1489 3701 1527 ve-

2056 1566 2204 1616 stem
2238 1560 2606 1633 nuptialem?
2657 1584 2685 1610 »
2735 1562 2941 1618 Nescio
2991 1562 3148 1617 enim
3198 1579 3271 1615 an
3321 1560 3694 1632 praesentiam

2055 1667 2247 1705 meam
2293 1651 2539 1723 accipiat
2593 1652 2995 1708 divinissimus
3054 1655 3254 1706 noster
3311 1650 3629 1720 imperator
3682 1655 3694 1693 ε

2052 1739 2249 1795 vultus
2279 1741 2436 1796 enim
2486 1741 2614 1811 ejus
2658 1742 2729 1796 ad
2782 1757 2886 1796 nos
2935 1757 3051 1796 non
3099 1744 3164 1793 ut
3210 1737 3332 1793 heri
3383 1743 3440 1793 et
3480 1737 3698 1793 nudius

2054 1829 2286 1885 tertius.
2339 1833 2611 1885 Attamen
2656 1846 2960 1901 nunquam
3025 1826 3264 1883 omnino
3324 1826 3515 1895 abibo,
3563 1842 3698 1880 cum

2053 1917 2337 1973 violenter
2364 1919 2715 1991 abegeris,et
2735 1935 2867 1974 cum
2900 1916 3112 1990 plagis,
3145 1918 3203 1971 et
3229 1931 3363 1971 cum
3396 1919 3698 1970 contume-

2054 2005 2151 2062 liis
2184 2023 2196 2061 :
2228 2023 2301 2062 ne
2331 2008 2568 2078 quando
2601 2009 2682 2063 ita
2708 2007 3018 2063 insaniam.
3051 2005 3110 2061 Si
3140 2004 3296 2060 enim
3329 2023 3360 2060 a
3391 2020 3483 2058 me
3535 2018 3697 2058 aver-

2055 2097 2288 2165 sus,sed
2324 2096 2513 2152 bonus
2540 2101 2599 2152 et
2629 2097 2923 2168 benignus
2955 2113 3039 2152 es.
3072 2095 3213 2151 Cras
3242 2093 3424 2166 igitur
3452 2092 3700 2159 veniam,

2055 2191 2114 2241 et
2145 2185 2559 2242 insatiabiliter
2589 2186 2858 2257 perfruar
2885 2190 2963 2254 te,
2989 2183 3204 2240 mentis
3234 2186 3292 2238 et
3320 2181 3530 2236 anima:
3563 2195 3704 2234 mea:

2052 2274 2194 2330 vita.

2719 2457 2788 2508 V.
2822 2453 3032 2509 Eidem.

2126 2542 2250 2597 Non
2273 2545 2361 2597 est
2378 2541 2593 2598 similis
2608 2542 2963 2614 tibi,optime
2981 2540 3240 2606 domine,
3261 2542 3326 2594 ut
3342 2539 3450 2594 hoc
3467 2537 3712 2594 ﬁdenter

2056 2630 2468 2701 dicam,neque
2482 2631 2921 2702 pulchritudine
2934 2646 3124 2701 neque
3138 2627 3707 2700 prudentia.ltavero

2054 2717 2280 2790 loquor,
2303 2720 2684 2775 considerans
2702 2721 3025 2790 objectumt
3047 2734 3256 2773 uarum
3280 2718 3352 2772 ad
3375 2731 3468 2771 me
3485 2715 3707 2770 littera-

2058 2809 2409 2864 rum.Simul
2439 2809 2594 2864 enim
2617 2814 2675 2865 et
2698 2809 2868 2865 nobis
2895 2807 3357 2864 consolationem
3379 2805 3627 2876 prebes,
3649 2807 3709 2858 et

2060 2915 2273 2969 magno
2296 2899 2638 2970 imperatori
2661 2898 2826 2954 fratri
2851 2902 2951 2954 tuo
2973 2895 3417 2954 convenientem
3440 2909 3708 2949 reveren-

2057 2985 2201 3040 tiam
2223 3002 2442 3055 servas,
2462 2990 2518 3040 et
2539 2985 2817 3041 ﬁduciam
2842 3002 3032 3040 meam
3058 2985 3290 3039 inducis
3315 2983 3374 3037 in
3407 2996 3705 3037 summam

2057 3075 2184 3145 ejus
2208 3075 2384 3130 ﬁdem
2408 3079 2466 3130 et
2487 3074 2972 3146 dispositionem;
3004 3074 3161 3145 quod
3192 3073 3320 3144 ipse
3351 3071 3531 3126 menti
3564 3085 3704 3124 meae

2059 3162 2449 3218 attestaberis.
2483 3163 2552 3218 Et
2581 3165 2733 3220 circa
2760 3163 2906 3218 illud
2939 3161 3215 3218 ﬁduciam
3247 3161 3418 3230 habe,
3471 3163 3709 3229 paratus

2061 3251 2216 3308 enim
2246 3269 2377 3308 sum
2407 3254 2478 3308 ad
2503 3270 2695 3308 meam
2720 3253 2908 3324 ipsius
2927 3253 3103 3308 vitam
3129 3266 3231 3323 pro
3253 3248 3353 3304 illo
3378 3247 3711 3302 sacriﬁcan-

2061 3341 2339 3397 dam.Sed
2359 3343 2512 3413 quod
2533 3341 2651 3396 dixi
2672 3342 2846 3413 hujus
2861 3357 2953 3396 me
2971 3341 3284 3412 pudet,per
3299 3351 3527 3392 sacram
3545 3339 3706 3389 tuam

299 3447 399 3480 του
444 3427 652 3500 ψυχήν.
684 3409 866 3497 ’Δλλ’,
915 3409 1052 3502 Ῠὸπερ
1102 3430 1270 3498 εἷπον,
1306 3409 1548 3483 Simo-.5:
1597 3449 1726 3501 μου,
1755 3409 1948 3481 013805-

2066 3430 2242 3485 vitam
2259 3409 2418 3500 juro.
2449 3431 2530 3486 Ne
2554 3431 2699 3486 forte
2721 3409 2814 3486 me
2835 3409 3150 3485 molestum
3173 3409 3425 3498 reputet,
3460 3439 3532 3478 ne
3560 3437 3710 3494 aegre

309 3535 407 3586 μαι
439 3533 453 3546 ·
489 3510 696 3587 ὄμνυμι
725 3518 825 3585 τήν
872 3517 1016 3593 ἱεράν
1063 3538 1159 3572 σου
1205 3521 1414 3593 ψυχήν.
1447 3521 1533 3588 Μή
1589 3539 1720 3573 ποτε
1767 3537 1954 3594 φορτι-

300 3603 398 3657 κόν
456 3623 522 3674 με
573 3603 868 3678 λογίζεται,
913 3607 948 3674 ἢ
997 3605 1095 3661 οὐκ
1142 3606 1418 3682 ἀρέσκεται
1466 3613 1584 3669 τοῖς
1617 3607 1802 3683 λόγοις
1851 3628 1958 3680 μου

292 3692 386 3746 καὶ
439 3695 508 3764 τῇ
552 3692 841 3765 παρουσίᾳ,
873 3716 960 3749 και
1021 3693 1110 3749 διὰ
1163 3700 1329 3750 ταῦτα
1387 3693 1507 3750 οὔτε
1553 3693 1730 3765 ἡδέως
1784 3714 1953 3769 προσ-

293 3778 511 3853 ομιλεῖ,
543 3778 667 3836 οὕτε
719 3803 825 3854 μου
875 3782 1128 3857 ἀνέχεται
1176 3784 1453 3858 λέγοντος.
1504 3784 1708 3858 Ἑνάγει
1767 3782 1825 3838 δέ
1887 3805 1954 3857 με

294 3871 374 3933 εἷς
423 3871 511 3925 τὸν
561 3876 806 3926 τοιοῦτον
854 3875 1053 3927 σκοπὸν
1103 3875 1138 3942 ἡ
1188 3875 1427 3948 προτέρα
1471 3874 1667 3928 τούτου
1708 3872 1842 3946 πρός
1885 3894 1953 3946 με

294 3956 540 4022 διάθεσις
609 3960 956 4032 ἁπλουστάτη
1024 3964 1114 4017 καὶ
1186 3961 1674 4038 φιλανθρωποτάτη
1742 3964 1951 4038 τυγχά-

297 4069 488 4119 νουσα,
520 4049 609 4103 καὶ
663 4051 856 4123 μηκέτι
899 4055 990 4106 νῦν
1039 4053 1101 4106 τὸ
1149 4051 1376 4122 σύνηθες
1424 4051 1626 4125 ἷ’δίωμα
1683 4053 1949 4120 σώζουσα.

295 4137 378 4194 Οὐ
409 4136 589 4192 τοίνυν
626 4144 798 4212 μισῶν
828 4140 889 4194 οὐ
933 4141 1338 4216 προσέρχομαι,
1370 4140 1497 4197 ἀλλ’
1543 4139 1866 4214 αἰδούμενος
1914 4143 1950 4212 ἢ

295 4221 668 4303 φοϐούμενος.
702 4229 923 4290 Ἀλλως
965 4250 1024 4284 τε
1065 4231 1153 4284 καὶ
1205 4229 1504 4301 αὐτοτελής
1559 4230 1690 4300 ἐστι,
1737 4233 1825 4286 καὶ
1888 4231 1950 4285 οὐ

292 4313 470 4370 δεῖταί
519 4337 666 4378 τινος
725 4314 848 4372 οὕτε
902 4323 1071 4396 σοφοῦ
1120 4315 1244 4374 οὔτε
1299 4320 1640 4396 έμπειρικοῦ.
1690 4321 1835 4394 Ἐγὼ
1895 4319 1952 4376 δὲ

294 4402 584 4480 οὐδέτερον
623 4407 719 4478 μέν
751 4407 888 4479 εἶμι,
921 4409 1108 4470 πιστὸς
1140 4407 1198 4463 δὲ
1226 4409 1292 4463 τα
1317 4411 1449 4484 πρὸς
1504 4408 1632 4473 τοὺς
1690 4407 1950 4472 δεσπότας
1989 4443 2002 4448 -

293 4494 390 4548 καὶ
423 4491 665 4564 ἀληθής,
691 4494 781 4549 καὶ
813 4495 873 4550 οὐ
908 4493 1204 4569 δυνάμενος
1257 4499 1332 4566 μὴ
1385 4497 1684 4574 μεγαλῦναι
1734 4501 1950 4575 πράξεις

293 4582 594 4637 αὐθέντου⁹
643 4583 733 4637 καὶ
784 4584 812 4638 ὁ
864 4585 1069 4661 μακρὸς
1118 4585 1318 4661 χρόνος
1357 4591 1524 4642 ταῦτα
1566 4608 1659 4660 μοι
1717 4587 1951 4662 ἐμαρτύ-

294 4691 479 4745 ρησε·
513 4671 679 4727 πλέον
739 4670 796 4727 δέ
851 4694 901 4728 τι
957 4679 1038 4746 τῷ
1100 4674 1314 4750 βασιλεῖ
1367 4677 1548 4750 τούτῳ
1599 4680 1952 4753 προστέθεικα

2065 3520 2213 3575 ierat
2224 3520 2398 3576 verba
2413 3538 2540 3576 mea
2553 3524 2609 3576 et
2622 3519 3016 3592 praesentiam,
3041 3523 3097 3572 et
3110 3517 3238 3571 ideo
3253 3511 3711 3585 nequejucunde

2063 3625 2292 3664 mecum
2323 3608 2920 3681 colloquatur,neque
2950 3623 3044 3662 me
3071 3605 3362 3660 dicentem
3395 3600 3705 3658 sustineat.

2064 3700 2148 3754 Ad
2183 3698 2297 3754 tale
2327 3699 2645 3754 consilium
2679 3715 2772 3754 me
2823 3696 3068 3753 adducit
3117 3695 3274 3766 prior
3321 3692 3450 3763 ejus
3500 3690 3560 3744 in
3610 3703 3705 3744 me

2063 3785 2372 3856 dispositio
2404 3785 2762 3841 sinceritatis
2792 3789 2848 3840 et
2888 3781 3300 3840 benevolentia
3348 3778 3539 3850 plena,
3592 3793 3708 3831 non

2053 3877 2181 3947 jam
2213 3877 2446 3933 solitam
2479 3893 2634 3932 nunc
2662 3876 2917 3931 indolem
2951 3873 3343 3930 servans.Non
3366 3871 3544 3941 igitur
3573 3883 3707 3922 cum

2061 3968 2194 4023 odio
2252 3968 2416 4033 adeo,
2467 3969 2568 4023 sed
2620 3983 2753 4022 cum
2802 3965 3026 4037 pudore
3072 3967 3130 4018 et
3177 3961 3406 4016 timore.
3457 3957 3709 4012 Aliunde

2060 4057 2238 4112 etiam
2272 4057 2382 4112 snbi
2414 4055 2529 4128 ipsi
2560 4055 2801 4122 sufﬁcit,
2834 4057 2892 4110 et
2920 4070 3035 4109 non
3067 4051 3290 4121 indiget
3316 4048 3568 4116 alicujus
3609 4062 3709 4100 ne—

2061 4163 2172 4217 que
2203 4145 2491 4218 sapientia
2519 4161 2710 4216 neque
2741 4141 3119 4214 experientia.
3153 4140 3268 4210 Ego
3317 4141 3512 4192 autem
3562 4132 3710 4188 nihil

2061 4235 2297 4306 quidem
2331 4251 2485 4301 sum,
2531 4235 2632 4289 sed
2685 4234 2742 4287 in
2782 4232 2876 4286 his
2928 4246 3054 4301 quis
3105 4230 3175 4282 ad
3227 4227 3497 4280 dominos
3547 4237 3705 4276 meos

2061 4327 2332 4394 spectant
2361 4321 2550 4377 ﬁdelis
2572 4326 2630 4377 et
2650 4337 2844 4389 verus,
2873 4323 2931 4374 et
2962 4334 3078 4372 non
3112 4329 3355 4387 possum
3382 4327 3500 4366 non
3533 4307 3708 4364 extol-

2062 4412 2178 4468 lere
2210 4412 2470 4468 actiones
2517 4409 2834 4482 principis;
2886 4407 3248 4477 longumque
3299 4404 3534 4470 tempus
3583 4395 3711 4450 bzsc

2062 4501 2208 4558 mibi
2237 4505 2579 4557 attestatur:
2633 4497 2820 4569 magis
2851 4499 3049 4551 autem
3080 4493 3218 4548 huic
3245 4486 3585 4561 imperatori
3615 4484 3713 4538 ad-

2015 4649 2026 4656 κ
2062 4591 2204 4647 haesi
2236 4595 2293 4646 et
2317 4589 2624 4646 adhaerebo
2654 4602 2908 4658 semper.
2941 4583 3002 4640 Si
3031 4599 3167 4639 vero
3217 4581 3299 4636 ita
3346 4594 3461 4634 non
3511 4589 3711 4647 parem

2063 4681 2206 4736 mihi
2227 4680 2674 4752 dispositionem
2701 4675 2962 4732 vicissim
2987 4672 3224 4745 prazbet,
3257 4669 3316 4724 id
3337 4666 3530 4738 culpis
3561 4663 3709 4719 meis

294 4763 391 4816 καὶ
423 4763 719 4836 προσθήσω
749 4760 880 4837 ἄχρι
911 4764 1132 4828 παντός.
1165 4765 1228 4821 Εἰ
1266 4763 1312 4819 δ’
1343 4766 1498 4828 οὗτος
1555 4768 1616 4821 οὐ
1673 4769 1774 4836 τήν
1833 4766 1948 4838 ἴσην

2067 4770 2347 4826 attribuo.
2380 4769 2464 4823 Tu
2501 4783 2630 4822 vero
2662 4763 2806 4820 mihi
2841 4763 2923 4818 ita
2953 4777 3148 4818 serves
3177 4758 3266 4816 tui
3299 4756 3495 4813 fratris
3534 4755 3710 4809 bene-

290 4847 610 4906 ἀντιδίδωσί
664 4873 757 4925 μοι
809 4850 1064 4925 διάθεσιν,
1113 4859 1231 4916 ταῖς
1278 4855 1565 4930 ἁμαρτίαις
1628 4878 1732 4928 μου
1786 4861 1947 4912 τοῦτο

293 4940 614 5015 λογίζομαι.
669 4939 744 4996 Σὺ
802 4939 859 4996 δέ
917 4963 1011 5014 μοι
1067 4941 1208 4997 οὕτω
1259 4944 1453 5014 σώζοις
1511 4945 1610 5013 τὴν
1669 4947 1803 5016 πρὸς
1855 4947 1948 5001 τὸν

2058 4859 2393 4925 volentiam,
2429 4861 2486 4913 et
2507 4856 2566 4910 in
2591 4871 2683 4911 me
2707 4853 3129 4926 benignitatem
3153 4854 3211 4906 et
3229 4846 3587 4905 voluntatem
3619 4842 3714 4896 in-

2063 4945 2518 5018 comparabilem
2552 4943 2838 5011 moribus,
2871 4941 3247 4998 sermonibus
3278 4941 3334 4994 et
3365 4935 3612 4992 actibus.

294 5027 533 5105 ἀδελφὸν
565 5027 801 5100 εὔνοιαν,
833 5031 923 5087 καὶ
955 5029 1098 5086 οὕτω
1127 5030 1218 5087 καί
1247 5034 1344 5101 τήν
1378 5035 1513 5108 πρὸς
1545 5033 1642 5106 ἐμὲ
1672 5035 1951 5108 εὐμένειαν
1984 5035 2074 5092 καὶ
2121 5033 2355 5099 διάθεσιν
2407 5029 2796 5106 ἀπαράμιλλον
2843 5030 2932 5086 καὶ
2979 5029 3205 5105 τρόποις
3251 5024 3342 5081 καὶ
3392 5022 3578 5097 λόγοις
3623 5004 3714 5070 καὶ

296 5118 618 5192 πράγμασιν
629 5162 642 5175 .

926 5211 986 5278 ζ’.
1021 5208 1115 5282 Τῷ
1147 5209 1313 5284 αὐτῷ.

367 5309 685 5390 Ὀλόφωτὸν
718 5337 812 5370 σου
857 5331 956 5386 την
1008 5316 1247 5388 σελήνην
1297 5316 1592 5390 ἀπέλαϐον,
1643 5319 1950 5396 ὑψηλότατε

295 5403 509 5476 Καῖσαρ
576 5406 665 5459 καὶ
736 5403 989 5463 δέσποτα.
1021 5407 1391 5481 Ὁλολαμπής
1437 5411 1539 5486 γὰρ
1590 5409 1753 5478 αὐτὴν
1807 5409 1950 5484 ἐφώ-

290 5511 443 5546 τισεν
498 5492 661 5561 ἥλιος
704 5512 717 5525 ·
773 5494 892 5550 ὅθεν
970 5497 1057 5551 καὶ
1118 5517 1454 5576 περιαστραφ
1511 5500 1590 5561 εἰς
1650 5498 1952 5572 ἐμακάρισά

297 5601 398 5635 σου
425 5582 489 5636 τὸ
538 5588 672 5661 φῶς.
705 5584 767 5638 Εἰ
827 5582 904 5657 δέ,
937 5583 1015 5640 ἔτι
1070 5585 1346 5662 περίγειος
1405 5587 1499 5654 ὢν,
1532 5589 1674 5644 οὕτω
1710 5610 1804 5661 μοι
1857 5589 1952 5649 τὰς

295 5670 518 5734 ἀκτῖνας
600 5673 879 5749 προχέεις,
959 5674 1239 5750 ὑπέργειος
1312 5678 1560 5753 γεγονὼς,
1614 5677 1776 5732 ποίαν
1855 5674 1954 5730 οὐκ

2712 5211 2808 5267 VI.
2849 5210 3061 5266 Eidem.

2130 5321 2335 5376 Totam
2371 5319 2628 5376 lucidam
2663 5323 2830 5374 tuam
2866 5317 3068 5372 lunam
3119 5308 3334 5380 accepi,
3387 5303 3718 5360 celsissimo

2059 5412 2251 5468 Caesar
2297 5414 2354 5465 et
2407 5409 2672 5476 domine;
2732 5406 2972 5462 omnino
3021 5401 3175 5457 enim
3225 5395 3544 5469 splendens
3590 5409 3717 5448 eam

2063 5501 2148 5556 sol
2179 5499 2720 5565 illuminavit,unde
2742 5497 2871 5551 luce
2893 5489 3283 5547 circumfusus
3312 5485 3512 5541 lumen
3542 5487 3710 5537 tuum

2060 5588 2338 5644 laudibus
2368 5587 2638 5644 extuli.Si
2664 5601 2816 5654 vero,
2851 5581 3042 5638 adhuc
3071 5576 3386 5646 terrestris,
3419 5575 3498 5629 ita
3529 5573 3584 5626 in
3620 5585 3712 5625 me

2065 5679 2262 5733 radios
2307 5677 2582 5743 eii'undis,
2629 5690 2811 5745 supra
2863 5676 3077 5726 terram
3125 5668 3352 5740 positus
3401 5661 3559 5736 quali
3611 5672 3707 5713 me
