4060 6214
390 318 538 376 11⁸71

1730 313 2156 379 MICHAELIS
2202 313 2470 374 PSELLI

3650 318 3801 377 1172

391 446 702 517 splendore
732 463 845 503 non
884 447 1252 505 illustrabis?
1302 449 1535 520 qualem
1586 465 1701 504 non
1753 446 2037 520 fulgorem

2169 442 2507 515 ἱποστίλψεις
2591 461 2685 513 μοι
2761 438 3005 514 αῗγληνς
3063 440 3223 496 ποίαν
3300 442 3398 497 οὐκ
3472 441 3805 519 ἆπαυγάστις

393 536 935 591 immittes?Deinde
966 538 1292 610 interrogas
1324 540 1617 610 quomodo
1645 555 1735 593 me
1768 537 2044 593 habeam?

402 625 505 680 hoc
539 625 666 697 ipso
695 625 883 682 solum
918 627 1064 683 bene
1096 629 1248 699 quod
1284 644 1376 682 me
1427 628 1775 699 interrogas,
1825 627 1883 681 in
1936 644 2043 681 cae-

394 714 535 770 teris
562 732 694 769 vero
726 717 1151 788 Optime.Nemo
1182 717 1340 772 enim
1373 733 1479 771 nos
1508 717 1831 789 interrogat
1859 732 2048 787 neque

396 802 467 858 de
499 803 667 858 nobis
695 809 879 859 curat.
915 806 1005 871 Et,
1037 822 1139 875 per
1168 809 1333 860 tuum
1367 822 1602 860 sacrum
1645 810 1702 860 et
1748 805 2047 876 augustis-

394 890 613 947 simum
645 897 841 964 caput,
876 893 1036 948 nullo
1068 893 1180 949 alio
1231 911 1371 965 egeo
1424 894 1538 949 nisi
1591 899 1655 949 ut
1704 894 2045 964 interroger.

396 981 506 1035 Sed
540 980 696 1036 istud
727 998 958 1053 quoque
991 999 1024 1037 a
1056 1000 1145 1037 me
1180 982 1508 1037 invidiosus
1540 983 1764 1038 daemon
1797 980 2045 1052 eripuit;

396 1074 453 1124 et
483 1068 596 1124 nisi
628 1084 767 1124 aure
813 1074 875 1123 tu
928 1070 1057 1125 vita
1107 1087 1247 1125 meae
1297 1070 1509 1124 libram
1560 1073 1839 1141 aequaret,
1891 1068 2049 1124 brevi

396 1157 721 1213 habitasset
752 1157 810 1212 in
843 1158 1069 1213 inferno
1102 1160 1301 1213 anima
1334 1176 1501 1225 mea;
1538 1160 1678 1214 adeo
1711 1160 1905 1214 animo
1947 1159 2049 1212 de-

387 1247 581 1316 jectus
613 1264 767 1313 sum,
800 1248 943 1303 adeo
977 1248 1185 1303 anxius
1219 1265 1373 1303 sum.
1408 1249 1519 1303 Sed
1557 1247 1763 1319 lingua
1793 1252 1915 1314 tua,
1951 1256 2052 1301 tua

400 1350 587 1403 musa,
621 1340 724 1389 tua
753 1335 943 1402 Siren,
978 1340 1081 1391 tua
1112 1337 1573 1403 incantamenta,
1608 1336 1694 1391 tui
1721 1335 1900 1406 sibili,
1949 1340 2054 1390 tua

396 1424 700 1494 persuasio
732 1429 789 1480 et
817 1425 1151 1497 eloquentia
1183 1427 1435 1481 suadent
1483 1442 1575 1480 me
1638 1426 1851 1497 saepius
1900 1425 2052 1480 bono

399 1512 597 1568 animo
645 1530 774 1568 esse
822 1518 879 1568 et
929 1513 1112 1569 laetari
1146 1531 1159 1569 :
1196 1517 1252 1569 et
1284 1514 1508 1586 gaudeo
1541 1514 1658 1569 tuis
1691 1513 1902 1584 verbis,
1936 1513 2055 1568 tuis

402 1601 931 1667 exhortationibus,
964 1602 1083 1657 tuis
1135 1604 1193 1656 in
1246 1618 1340 1657 me
1388 1603 1892 1673 dispositionibus.
1943 1602 2054 1657 Sed

401 1704 491 1744 me
525 1688 718 1744 dolere
750 1689 898 1743 nihil
931 1689 1335 1761 impossibile;
1371 1695 1444 1758 _tu
1493 1708 1626 1747 vero
1676 1709 1746 1747 ne
1793 1706 2055 1762 unquam

2160 530 2563 604 μαρμαρυγτςν;
2626 530 2754 583 Εἶτα
2813 526 2878 598 δὴ
2952 527 3157 605 ἐρωτᾷς
3206 535 3325 592 πῶς
3383 529 3627 605 Excipi;
3684 534 3810 588 αὐτὸ

2154 624 2314 673 τοῦτο
2350 618 2515 691 μόνον
2546 616 2733 680 καλῶς
2762 619 2843 673 δτι
2891 640 2959 691 με
3006 618 3234 692 ἐρωτᾷς,
3266 619 3330 673 τὰ
3370 616 3420 673 δ’
3472 620 3617 675 ἄλλα
3675 623 3813 677 πάνυ

2156 708 2362 769 καλῶς.
2413 705 2607 769 Οὐδεὶς
2673 707 2775 781 γὰρ
2849 709 3012 780 ἡμῶν
3092 704 3216 763 οὔτε
3284 708 3630 781 πυνθάνεται,
3695 709 3812 765 οὔτε

2156 795 2400 867 κήδεται.
2450 798 2573 863 Καὶ,
2638 797 2705 865 νὴ
2756 798 2851 865 τὴν
2905 797 3052 871 ἱεράν
3114 819 3207 851 σου
3265 799 3355 851 καὶ
3416 793 3809 872 ὑπερσὲϐαστον

2157 884 2423 961 κεφαλὴν,
2458 882 2583 939 οὐδὲ
2610 885 2792 961 ἓτέρου
2822 888 2967 947 τινὸς
3017 882 3212 957 δέομαι
3269 887 3297 956 ἢ
3347 890 3445 941 τοῦ
3494 885 3812 963 ἐρωτᾶσθαι.

2160 972 2337 1029 Ἀλλά
2384 974 2472 1028 καὶ
2529 973 2691 1028 τουτό
2744 994 2812 1047 με
2860 975 2887 1029 6
2941 975 3203 1047 βάσκανος
3255 972 3465 1048 δαίμων
3520 976 3810 1054 ἀφείλετο·

2158 1062 2271 1127 καὶ,
2308 1062 2352 1117 εἷ’
2387 1062 2464 1134 μὴ
2513 1064 2548 1131 ἡ
2602 1063 2669 1130 σὴ
2720 1069 2899 1138 χρυσῆ
2945 1060 3207 1139 πλάστιγξ
3258 1064 3348 1118 τὸν
3398 1069 3497 1119 τοῦ
3551 1065 3676 1139 βίου
3714 1086 3815 1137 μου

2163 1152 2320 1224 ζυγὸν
2376 1149 2545 1219 ἴσαζε,
2580 1146 2907 1226 παραϐραχὺ
2956 1152 3251 1227 παρῴκησε
3293 1157 3373 1224 τῷ
3422 1149 3524 1227 ᾅδῃ
3574 1156 3611 1222 ἡ
3661 1156 3813 1228 ψυχή

2166 1260 2269 1311 μου
2305 1258 2316 1271 '
2352 1238 2530 1301 οὕτως
2590 1240 2803 1312 ἀθυμῶ,
2866 1239 3040 1302 οὕτως
3100 1237 3389 1314 ἀδημονῶ.
3448 1240 3604 1298 Ἀλλ’
3648 1244 3684 1311 ἠ

2162 1327 2408 1401 γλῶσσα,
2442 1329 2475 1396 ἡ
2625 1332 2816 1401 μοῦσα,
2852 1331 2886 1397 ἡ
2931 1330 2996 1397 σὴ
3041 1330 3249 1401 σειρὴν,
3281 1329 3347 1383 τὰ
3398 1331 3465 1383 σὰ
3515 1328 3817 1405 θέλγητρα,

2162 1416 2217 1469 αἱ
2250 1415 2335 1469 σαὶ
2386 1414 2595 1491 ἱύγγες,
2625 1419 2659 1485 ἡ
2721 1418 2787 1485 σὴ
2850 1418 3147 1487 πιθανότης
3197 1418 3286 1472 καὶ
3336 1418 3641 1494 εὐγλωττία
3699 1419 3817 1474 πεί-

2166 1516 2244 1568 θει
2309 1525 2375 1577 με
2430 1503 2701 1567 πολλάκις
2756 1507 2843 1560 καὶ
2905 1507 3154 1578 εὐθυμεῖν
3214 1507 3305 1562 καὶ
3361 1508 3650 1582 γάννυσθαι
3683 1526 3697 1539 ’
3731 1508 3821 1562 καὶ

2165 1593 2347 1668 χαίρω
2382 1592 2465 1648 ἰπὶ
2499 1598 2613 1655 τοῖς
2658 1598 2773 1655 σοῖς
2827 1593 3037 1670 λόγοις,
3070 1594 3158 1650 ἐπὶ
3196 1602 3319 1658 ταῖς
3371 1601 3488 1657 σαῖς
3538 1595 3825 1671 παρακλή-

2168 1704 2333 1754 σεσιν,
2386 1680 2474 1736 ἐπὶ
2545 1688 2666 1745 ταῖς
2741 1688 2858 1745 σαῖς
2932 1684 3069 1760 πρὸς
3138 1683 3236 1757 ἐμὲ
3293 1684 3609 1742 διαθέσεσιν.
3664 1684 3803 1742 Ἀλλ

400 1777 620 1843 doleas,
654 1793 726 1832 ne
758 1777 988 1832 invidiae
1022 1778 1135 1834 telo
1168 1778 1418 1849 laedaris,
1444 1798 1515 1835 ne
1546 1780 1823 1835 inimicus
1855 1784 2051 1835 contra

2169 1772 2265 1845 ἐμὶ
2299 1775 2391 1845 μὲν
2427 1769 2713 1828 λυπεῖσθαι
2776 1771 2927 1828 οὐδὲν
2975 1773 3219 1837 ἀπεικός.
3271 1774 3335 1829 σὺ
3394 1773 3452 1830 δὶ
3510 1777 3584 1848 μή
3638 1774 3824 1845 λυπη-

401 1868 461 1919 te
494 1864 824 1935 praevaleat.
860 1866 918 1921 Si
948 1867 1080 1937 quis
1111 1872 1305 1923 autem
1338 1873 1547 1923 ventus
1589 1877 1749 1924 tuam
1800 1876 2054 1923 mentem

408 1953 726 2021 disturbat,
761 1971 831 2009 ne
865 1955 1129 2023 mireris;
1173 1973 1307 2011 nam
1357 1956 1668 2012 contrariis
1720 1956 2058 2012 mutationi-

406 2041 519 2095 bus
549 2042 665 2095 vita
694 2042 1038 2114 agitatur,et
1067 2048 1293 2115 oportet
1324 2046 1583 2115 primum
1618 2062 1780 2101 mare
1805 2044 2057 2112 misceri,

410 2129 742 2201 deindeque
771 2131 828 2186 in
862 2131 1182 2204 zephyrum
1214 2138 1620 2206 tempestatem
1653 2134 1866 2191 sedari.

491 2400 617 2456 Haec
648 2399 897 2458 Psellus.

1054 2509 1177 2564 VII.
1212 2509 1431 2565 Eidem.

492 2615 604 2670 Sed
636 2618 767 2686 post
797 2614 1014 2685 lances,
1048 2614 1471 2687 gloriosissime
1502 2614 1823 2686 imperator
1850 2619 1908 2670 et
1938 2632 2066 2669 ma-

419 2702 575 2759 xime
605 2705 797 2759 Cazsar
828 2704 1262 2775 dominansque
1295 2720 1435 2759 mem
1470 2703 1678 2758 animae
1730 2707 1927 2775 caput,
1976 2708 2067 2760 est

416 2792 591 2847 etiam
621 2792 846 2847 trutina
878 2796 934 2847 et
963 2794 1091 2863 ejus
1124 2791 1345 2864 regula.
1383 2792 1529 2856 Quid
1562 2790 1764 2863 igitur,
1798 2796 1862 2847 ut
1898 2792 2066 2849 nobis

413 2879 625 2935 libram
658 2879 927 2951 impleas,
963 2882 1253 2951 pecudum
1287 2881 1595 2936 exhauries
1627 2898 1917 2937 mammas
1939 2882 1966 2935 ?
1994 2897 2065 2937 ne

416 2973 505 3032 tu,
543 2985 611 3023 ne
646 2970 703 3021 in
740 2986 846 3025 nos
878 2974 1070 3024 tutum
1103 2970 1251 3025 ovile
1282 2970 1576 3039 exsicces;
1609 2987 1700 3036 ne,
1758 2975 1820 3024 ut
1868 2971 2064 3028 lances

412 3073 497 3125 aeq
515 3073 634 3121 ues,
668 3057 751 3110 illi
784 3056 1100 3128 inmquales
1131 3059 1351 3127 gratias
1384 3059 1662 3129 praebeas,
1700 3058 1865 3129 plura
1894 3061 2062 3116 nobis

2169 1863 2266 1936 θῇς
2296 1882 2447 1932 ποτε,
2484 1859 2624 1934 μηδὲ
2668 1859 2829 1935 βέλος
2878 1863 3072 1936 ἅψαιτο
3124 1864 3434 1938 βασκανίας,
3470 1862 3613 1937 μηδέ
3660 1884 3825 1919 κατι-

2169 1950 2366 2026 σχύσαι
2429 1971 2523 2005 σου
2582 1951 2610 2004 ὁ
2666 1950 2886 2026 ἐχθρός.
2948 1952 3011 2007 Εἰ
3071 1949 3128 2006 δὲ
3185 1950 3267 2014 τίς
3321 1974 3417 2007 σου
3474 1951 3820 2025 διακυμαίνει

2168 2035 2369 2113 ἄνεμος
2428 2040 2527 2108 τήν
2583 2042 2791 2115 ψυχὴν,
2850 2041 2925 2113 μὴ
2985 2039 3311 2116 θαυμάσῃς·
3361 2046 3478 2103 ταῖς
3520 2042 3624 2119 γάρ
3674 2042 3824 2096 ἐναν-

2167 2127 2308 2190 τίαις
2345 2122 2674 2201 μεταϐολαῖς
2708 2130 2735 2183 ὁ
2773 2127 2891 2203 βίος
2918 2128 3256 2205 ταράττεται,
3288 2129 3377 2184 καὶ
3430 2128 3512 2185 δεῖ
3552 2131 3823 2205 πρότερον

2169 2223 2496 2291 τιναχθῆναι
2524 2219 2622 2285 τὴν
2656 2215 2951 2292 θάλασσαν,
2982 2218 3078 2282 εἶθ’
3108 2217 3280 2281 οὕτως
3312 2226 3500 2289 στῆναι
3543 2218 3622 2282 εἷς
3658 2219 3824 2294 αῧραν

2171 2307 2269 2375 τὴν
2301 2304 2607 2382 καταιγίδα.

2244 2394 2300 2446 '0
2331 2391 2552 2456 Ψελλὸς
2584 2398 2769 2450 ταῦτα.

2803 2506 2872 2558 Z’.
2902 2504 2996 2573 Τῷ
3025 2500 3190 2573 αὒτῷ.

2247 2605 2427 2665 Ἀλλᾶ
2470 2608 2601 2680 μετᾶ
2664 2608 2760 2670 τὰς
2820 2607 3177 2685 πλάστιγγας,
3226 2609 3623 2685 φιλοτιμότατα
3676 2609 3829 2682 βασι-

2175 2696 2289 2768 λεῦ,
2322 2696 2413 2751 καὶ
2476 2697 2694 2771 μέγιστε
2750 2699 2980 2772 Καῖσαρ,
3041 2697 3131 2751 καὶ
3189 2694 3482 2765 δεσποτική
3530 2704 3633 2766 τῆς
3690 2697 3829 2769 ἐμῆς

2173 2788 2361 2860 ψυχῆς
2382 2784 2616 2862 κεφαλὴ,
2650 2784 2759 2840 ἔστι
2792 2784 2881 2840 καὶ
2912 2787 2946 2853 ἡ
2978 2786 3211 2859 τρυτάνη
3265 2784 3355 2840 καὶ
3406 2786 3433 2839 ὁ
3478 2785 3683 2855 ταύτης
3729 2806 3829 2839 κα-

2173 2874 2301 2930 νών.
2343 2873 2401 2927 Τί
2450 2874 2564 2945 οὖν,
2612 2872 2704 2927 *ίνα
2760 2872 3066 2949 πληρώσῃς
3106 2876 3241 2947 ἡμῖν
3290 2874 3383 2928 τὸν
3442 2876 3625 2949 ζυγὸν,
3678 2873 3826 2929 ἐκκε-

2171 2964 2369 3023 νώσαις
2414 2967 2522 3017 τῶν
2579 2964 2909 3036 θρεμμάτων
2960 2962 3087 3025 τοὺς
3142 2962 3415 3035 μαστοῦςς
3470 2963 3547 3034 μὴ
3609 2963 3676 3017 σύ
3722 2983 3824 3036 γε’

2176 3049 2316 3123 μηδὲ
2344 3050 2425 3130 ἐφ’
2457 3054 2592 3124 ἡμῖν
2627 3050 2901 3125 ἀποψύξῃς
2932 3052 2994 3105 τὸ
3023 3050 3286 3123 ποίμνιον
3322 3072 3335 3085 ·
3373 3048 3535 3124 μηδὶ,
3562 3048 3655 3104 ’ἱνα
3704 3051 3826 3105 ἰσά-

415 3145 781 3200 distribuens
804 3152 860 3201 et
886 3163 991 3201 nos
1014 3163 1191 3217 super
1210 3164 1415 3202 omnes
1438 3152 1726 3211 statuens,
1743 3152 1803 3202 tu
1830 3149 1926 3220 qui
1961 3167 2051 3205 su-

2171 3162 2269 3215 σῃς
2352 3141 2446 3202 τὰς
2534 3142 2897 3215 πΛάστιγγας,
2960 3140 3172 3202 ἀνίσους
3225 3140 3373 3213 αὖτῷ
3433 3143 3669 3213 ποιήσῃς
3727 3142 3827 3201 τὰς

415 3248 584 3303 peras
609 3249 906 3290 sermones
930 3239 987 3289 et
1009 3234 1198 3307 elogia
1215 3252 1565 3306 omnemque
1588 3236 1934 3292 rhetoricam
1969 3256 2060 3294 ar-

409 3327 529 3377 tem
560 3326 617 3377 et
646 3322 1006 3379 facultatem.
1041 3325 1156 3396 Ego
1185 3342 1319 3380 vero
1352 3341 1507 3379 nunc
1538 3326 1778 3396 cognovi
1829 3328 2063 3397 sapiens

408 3426 558 3479 esse,
589 3411 727 3481 quia
758 3416 919 3467 tuam
958 3412 1101 3468 meis
1147 3413 1522 3468 sermonibus
1572 3413 1831 3468 animam
1878 3432 2061 3471 aucu-

410 3515 536 3569 por;
567 3500 721 3554 unde
752 3517 1032 3571 arrogans
1059 3503 1297 3556 omnino
1328 3501 1515 3556 factus
1546 3518 1701 3571 sum,
1724 3507 1779 3557 et
1809 3504 2060 3561 frontem

410 3588 651 3653 erexi,et
681 3588 933 3643 summis
964 3589 1163 3659 digitis
1196 3588 1472 3654 ambulo;
1510 3593 1565 3643 et
1595 3590 1644 3644 si
1677 3591 1811 3661 quis
1842 3610 1934 3647 me
1965 3611 2059 3649 ro-

407 3674 628 3744 gaverit
660 3691 673 3727 :
703 3696 731 3724 «
754 3676 903 3738 Quid
932 3692 1184 3745 unquam
1216 3676 1444 3732 taliaEet
1472 3694 1739 3747 quaenam
1768 3684 2061 3737 transmu-

406 3759 550 3813 tatio
582 3759 696 3814 ista
735 3766 793 3814 et
845 3777 994 3815 nova
1046 3762 1413 3833 arrogantia;
1466 3764 1660 3819 statim
1714 3769 2057 3837 respondeo,

407 3844 549 3916 quia
581 3864 673 3903 me
705 3864 954 3920 magnus
987 3852 1177 3905 Ctesar
1208 3850 1488 3917 laudavit,
1521 3852 1661 3922 quia
1692 3856 1838 3911 meis
1870 3857 2058 3912 verbis

404 3934 531 4006 ipse
564 3936 813 4006 capitur,
848 3937 1008 4007 quia,
1041 3939 1267 3995 caeteris
1298 3939 1573 3995 omnibus
1607 3944 1892 4014 superior,
1929 3963 2058 4002 mea

404 4026 697 4093 potestate
726 4025 1001 4080 vincitur.
1034 4026 1145 4081 Sed
1177 4043 1248 4081 ne
1289 4029 1523 4098 quando
1571 4030 1682 4085 ista
1736 4033 1929 4089 fucata
1978 4034 2055 4087 vi-

404 4110 655 4167 deantur
702 4118 761 4167 et
804 4114 1057 4169 mendax
1107 4115 1326 4186 Opinio,
1374 4132 1479 4188 ego
1511 4135 1662 4185 sum,
1696 4118 1870 4190 ’quod
1920 4138 2053 4179 sum

398 4216 617 4269 revera,
668 4201 947 4273 ignorans
1003 4204 1199 4272 homo,
1246 4218 1303 4259 et
1366 4208 1456 4261 vix
1517 4209 1778 4280 seipsum
1839 4226 2052 4283 cogno-

402 4305 596 4346 806118.

474 4379 532 4432 Si
564 4395 697 4434 vero
730 4384 790 4435 tu
826 4396 915 4435 me
950 4382 1206 4449 miraris,
1233 4384 1423 4439 dicam
1453 4386 1558 4440 tibi
1591 4403 1919 4442 sermonem
1953 4404 2052 4443 ve-

402 4466 685 4537 naticum,
720 4484 895 4538 quem
929 4470 1123 4526 nescio
1154 4488 1227 4527 an
1258 4477 1317 4527 et
1344 4472 1471 4544 ipse
1502 4474 2002 4533 animadverteris.

2172 3230 2423 3304 χάριτας,
2456 3229 2519 3284 τὰ
2549 3229 2726 3285 πλείω
2757 3229 2934 3303 νὲμων
2963 3232 3100 3303 ἡμῖν
3130 3229 3220 3284 καὶ
3255 3230 3388 3304 ὑπὲρ
3439 3228 3565 3290 τοὺς
3618 3226 3833 3291 ἄλλους

2171 3319 2359 3386 τιθεὶς,
2396 3320 2423 3372 6
2472 3321 2688 3373 πάντων
2732 3317 2977 3373 ἐπέκεινα
3024 3317 3115 3372 καὶ
3166 3315 3349 3393 λόγων
3396 3318 3480 3372 καὶ
3534 3317 3833 3390 ἐγκωμίων

2171 3408 2259 3463 καὶ
2310 3407 2509 3483 τέχνης
2572 3408 2866 3483 ῥητορικῆς
2916 3406 3005 3461 καὶ
3061 3404 3367 3480 δυναμεως.
3413 3407 3563 3480 Ἐγὼ
3621 3404 3681 3460 δὲ
3737 3411 3834 3461 νῦν

2170 3495 2336 3574 ἔγνων
2388 3499 2520 3551 εἶναι
2570 3497 2757 3575 σοφὸς,
2792 3496 2875 3551 ὅτι
2925 3518 3019 3550 σου
3062 3501 3181 3559 τοῖς
3228 3495 3386 3569 ἐμοῖς
3439 3494 3626 3570 λόγοις
3672 3496 3838 3567 θηρῶ

2168 3589 2266 3655 τὴν
2292 3588 2500 3660 ψυχήν·
2534 3586 2654 3649 ὅθεν
2704 3584 2899 3660 ἀθρόον
2956 3579 3187 3658 σοϐαρὸς
3233 3583 3449 3660 γέγονα,
3480 3583 3569 3637 καὶ
3617 3579 3839 3637 ἔσπαχα

2168 3677 2266 3743 τήν
2318 3675 2505 3752 ὀφρῦν,
2560 3674 2649 3728 καὶ
2701 3672 2784 3728 ἐπ’
2828 3671 2989 3748 ἄκρον
3066 3670 3270 3748 βαδίζω
3343 3669 3624 3726 δακτύλων
3657 3691 3669 3703 ⁸
3724 3673 3834 3725 κᾶν

2172 3765 2238 3837 μὲ
2289 3785 2373 3825 τις
2421 3759 2651 3837 ἔρηται·
2709 3786 2734 3812 ιι
2778 3761 2843 3816 Τί
2893 3781 3025 3816 ποτε
3071 3765 3277 3829 ταῦτα;
3310 3759 3399 3815 καὶ
3445 3760 3526 3821 τίς
3574 3760 3601 3813 ὁ
3652 3780 3837 3831 μετα-

2168 3851 2559 3928 σχηματισμὸς
2590 3850 2679 3905 καὶ
2711 3852 2745 3918 ἡ
2778 3850 2935 3918 καινῆ
2968 3846 3188 3924 ἔπαρσις
3215 3868 3227 3916 ;
3266 3872 3293 3899 n
3345 3849 3503 3912 εὐθὺς
3555 3846 3836 3925 ἐπιφὲρω,

2165 3942 2247 3996 ὅτι
2297 3962 2363 4015 με
2410 3942 2437 3995 6
2482 3941 2644 4016 μὲγας
2696 3945 2899 4014 Καῖσαρ
2951 3937 3230 4011 ἐπῄνεσεν,
3267 3939 3351 3993 ὅτι
3402 3958 3505 4010 μου
3554 3942 3674 4000 τοῖς
3725 3936 3839 3992 λό-

2164 4053 2284 4107 γοις
2332 4032 2493 4091 οὗτος
2535 4028 2799 4097 ἑάλωκεν,
2831 4030 2937 4098 ὅτι,
2978 4032 3087 4081 τῶν
3144 4024 3330 4081 ἄλλων
3378 4025 3669 4101 ὑπέρτερος
3721 4026 3835 4099 ὢν,

2161 4127 2261 4189 τῆς
2304 4119 2441 4192 ἐμῆς
2490 4120 2718 4187 ἡττᾶται
2784 4113 3090 4189 δυνάμεως.
3142 4112 3318 4171 Ἀλλά
3374 4116 3448 4186 μή
3494 4134 3632 4169 ποτε
3680 4135 3838 4187 κομ-

2163 4208 2288 4283 ψεία
2334 4212 2500 4262 ταῦτα
2546 4205 2635 4261 καὶ
2699 4202 2927 4279 ψευδὴς,
2977 4202 3181 4276 οἷήσις,
3226 4203 3332 4279 ἐγὼ
3392 4200 3450 4258 δέ
3512 4202 3627 4276 εἰμι
3689 4203 3833 4279 ὅπερ

2162 4298 2298 4370 εἰμὶ,
2356 4296 2567 4368 ἀμαθής
2617 4297 2900 4369 ἅνθρωπος
2963 4295 3053 4349 καὶ
3103 4291 3264 4365 μόλις
3312 4293 3499 4347 ἑαυτὸν
3546 4291 3833 4367 ἐπιγνούς.

2232 4385 2296 4443 Εἰ
2330 4382 2386 4440 δὲ
2437 4386 2728 4456 θαυμάζεις
2781 4404 2847 4455 με
2894 4381 2979 4451 σὺ,
3012 4380 3120 4457 ἐρῶ
3169 4402 3253 4435 σοι
3304 4378 3468 4457 λόγον
3520 4380 3827 4455 θηρατικὰν

2159 4476 2216 4530 ’ὀν
2252 4476 2352 4529 οὐκ
2383 4470 2503 4528 οἶδα
2534 4473 2577 4527 εί
2610 4473 2698 4527 καὶ
2727 4471 2890 4532 αὐτὸς
2928 4470 3278 4540 κατενόησας.

473 4554 780 4622 Noctuam,
824 4556 1121 4614 volucrem
1153 4560 1652 4616 deformissimam
1687 4567 1744 4618 et
1773 4564 2047 4635 turpissi-

2229 4564 2342 4631 Τἠν
2376 4566 2589 4637 γλαῦκα
2632 4563 2694 4616 τὸ
2726 4557 2935 4634 ὄρνεον,
2967 4559 3031 4613 τὸ
3080 4558 3479 4633 ἀμορφώτατον
3533 4560 3677 4625 ζῶον
3731 4558 3827 4612 καὶ

406 4658 569 4697 mum
604 4648 864 4714 aspectu,
900 4647 1148 4702 miratur
1178 4648 1395 4719 aquila,
1429 4655 1484 4704 et
1514 4650 1806 4720 circumit,
1838 4658 1895 4708 et
1922 4658 2047 4709 stu-

396 4731 837 4801 pensintuetur,
860 4734 1016 4789 velut
1032 4739 1303 4791 naturam
1325 4740 1640 4807 quamdam
1658 4741 2048 4798 admiratione

393 4818 764 4887 dignam.Sed
790 4822 871 4877 ita
903 4822 1138 4895 quidem
1174 4825 1391 4895 aquila,
1426 4832 1642 4884 noctua
1671 4832 1864 4884 autem
1898 4831 2046 4887 nihil

392 4908 592 4963 minus
626 4911 908 4967 deformis
940 4916 1049 4969 est.
1080 4917 1285 4969 Nonne
1317 4916 1498 4988 igitur
1528 4934 1590 4972 es
1619 4920 1682 4971 tu
1714 4919 1912 4990 aquila
1960 4938 2047 4976 ro-

389 4996 530 5053 bore
555 5003 611 5053 et
634 5004 942 5071 potestate,
976 5017 1081 5074 ego
1104 5007 1299 5059 autem
1325 5005 1544 5061 animal
1566 5006 1818 5064 informe
1838 5012 1895 5064 et
1923 5013 2045 5066 arte

386 5100 593 5158 expers
610 5089 638 5143 ?

460 5178 678 5233 Deinde
702 5186 923 5236 veteres
949 5180 1245 5253 sapientes
1270 5185 1546 5241 admirari
1564 5186 2039 5257 praetermittens,

382 5279 476 5318 me
506 5271 564 5319 et
591 5284 720 5323 mea
748 5270 969 5340 scripta
999 5270 1165 5326 colis.
1212 5273 1358 5337 Quid
1410 5274 1545 5330 boni
1600 5278 1797 5329 autem
1845 5275 1904 5330 in
1957 5276 2039 5331 eis

378 5349 581 5407 inest?
613 5356 755 5424 quid
787 5358 1067 5429 pulchri?
1096 5360 1238 5431 quid
1273 5362 1546 5419 venusti?
1576 5364 1677 5418 sed
1707 5363 1897 5419 dicam
1931 5365 2036 5420 tibi

378 5437 563 5495 alium
599 5458 927 5502 sermonem
961 5450 1030 5502 ad
1068 5466 1173 5504 nos
1206 5452 1391 5520 magis
1423 5452 1883 5507 convenientem.

449 5530 593 5599 Apis
626 5531 882 5602 primum
916 5552 947 5590 e
978 5536 1221 5592 floribus
1253 5537 1368 5593 mel
1392 5538 1673 5610 colligens
1696 5556 1890 5594 rosam
1910 5542 2035 5611 qui-

376 5619 507 5673 dem
545 5622 979 5691 praztcrvolitat,
1015 5625 1195 5682 mittit
1243 5631 1439 5683 autem
1490 5627 1760 5699 ocellum,
1809 5627 2025 5699 lilium,

2159 4649 2582 4718 ἀκαλλέστατον,
2643 4648 2905 4721 θαυμάζει
2973 4648 3000 4701 6
3076 4648 3227 4709 ἀετὸς
3303 4645 3393 4701 καὶ
3462 4644 3828 4720 πιριίπταται

2154 4740 2378 4811 ταύτην,
2427 4740 2516 4794 καὶ
2564 4739 2830 4812 περιέπει,
2870 4736 2961 4791 καὶ
3011 4734 3265 4805 τέθηπεν,
3300 4736 3481 4808 ὥσπερ
3538 4734 3664 4787 τινὰ
3715 4734 3829 4813 φό-

2159 4851 2240 4883 σιν
2276 4828 2421 4898 ἀξίαν
2467 4828 2763 4900 θαύματος.
2796 4823 2956 4881 Ἀλλ’
2988 4826 3015 4880 6
3069 4825 3164 4896 μὶν
3216 4823 3368 4885 ἀετὸς
3414 4822 3587 4883 οὕτως
3620 4842 3636 4855 ·
3670 4825 3707 4892 ἡ
3766 4822 3827 4878 δὲ

2156 4916 2313 4973 οὐδὲν
2345 4920 2505 4986 ἧττον
2538 4914 2707 4991 γλαύξ
2738 4913 2849 4969 ἐστι
2876 4911 3151 4984 δυσειδής.
3187 4915 3279 4983 Μή
3314 4932 3443 4967 ποτε
3470 4908 3561 4965 οὖν
3615 4910 3682 4964 σὺ
3720 4913 3826 4983 μὶν

2156 5007 2309 5069 ἀετὸς
2339 5007 2439 5074 τὴν
2473 5003 2635 5080 ἲσχὺν
2665 5004 2753 5059 καὶ
2786 5004 2885 5072 τὴν
2919 4999 3295 5076 δύναμιν,ἰγὼ
3317 4997 3375 5054 δὶ
3398 5003 3536 5068 ζῶον
3568 4996 3827 5060 ἀκαλλὲς

2152 5116 2211 5150 τε
2240 5094 2329 5149 καὶ
2362 5091 2584 5170 ἄτεχνον
2611 5112 2625 5163 ;

2226 5184 2356 5241 Εἶτα
2415 5181 2482 5253 δὴ
2543 5182 2696 5261 ἀφεὶς
2746 5181 2873 5243 τοὺς
2932 5177 3198 5240 παλαιοὺς
3240 5176 3529 5250 θαυμάζειν
3583 5175 3823 5253 σοφοὺς,

2152 5272 2249 5347 ἐμὶ
2278 5273 2367 5328 καὶ
2398 5273 2463 5327 τὰ
2495 5271 2600 5345 ἐμὰ
2628 5270 2903 5346 περιέπεις
2934 5270 3353 5344 συγγράμματα.
3397 5265 3457 5319 Τί
3520 5262 3581 5319 δὲ
3637 5263 3821 5319 καλὸν

2152 5361 2204 5416 ἐν
2235 5361 2491 5431 τούτοις;
2524 5363 2574 5415 τί
2622 5357 2679 5414 δὲ
2726 5363 2927 5435 ὡραῖον
2955 5376 2967 5425 ;
2998 5356 3052 5411 τί
3096 5353 3156 5410 δί
3199 5353 3471 5427 ἀνθηρόν,
3507 5350 3674 5409 Ἀλλ’
3706 5353 3823 5429 ἐρῶ

2150 5472 2235 5506 σοι
2264 5453 2351 5506 καὶ
2384 5451 2549 5525 λόγον
2583 5447 2763 5524 ἕτερον
2791 5448 2925 5522 πρὸς
2957 5448 3105 5518 ἡμᾶς
3140 5443 3489 5499 οἰκειότατον.

2217 5542 2281 5597 Ἡ
2344 5539 2577 5612 μέλισσα
2632 5538 2727 5599 τὰς
2770 5535 2943 5612 ἀρχὰς
2994 5532 3369 5608 ἀνθολογοῦσα
3408 5533 3504 5585 τοῦ
3558 5527 3816 5602 μέλιτος,

2144 5630 2474 5704 παρίπταται
2524 5628 2617 5703 μὶν
2668 5627 2729 5682 τὸ
2780 5622 2962 5702 ῥόδον,
2994 5622 3219 5699 παρίησι
3251 5618 3309 5676 δὲ
3350 5620 3413 5675 τὸ
3457 5616 3545 5672 ’ίον
3587 5615 3680 5673 καὶ
3746 5617 3813 5671 τὸ
