4060 6214
226 316 235 321 ’
308 329 473 387 1173

1808 335 2245 398 EPISTOLIE.

3568 343 3726 402 1176

303 456 491 532 κρίνον
534 457 622 512 καὶ
672 460 761 512 τὸν
810 458 1057 514 ὑάκινθον
1110 462 1199 515 καὶ
1230 464 1319 516 τὸν
1384 461 1693 539 νάρκισσον,
1752 465 1841 519 καὶ
1886 471 1933 520 τί

2083 466 2462 538 hyacinthum
2496 468 2551 520 et
2578 465 2932 533 narcissum,
2963 469 3018 521 et
3048 466 3247 537 thymo
3269 468 3721 529 insidet.Planta

302 546 462 619 θύμῳ
518 546 899 622 προσίσταται.
964 549 1137 603 ψυτὸν
1200 551 1227 604 6
1288 551 1459 623 θύμος
1518 550 1847 628 δριμύτατόν
1899 575 1957 607 τε

301 634 393 688 καὶ
453 631 846 708 ἁνοσμὸτατον’
911 636 1036 691 ἀλλ’
1096 640 1129 707 ἡ
1190 638 1422 711 μέλισσα
1460 639 1693 696 ἐντεῦθεν
1726 644 1821 704 τὰς
1854 665 1959 712 πη-

304 724 403 797 γὰς
449 718 565 798 ἔχει
616 729 712 779 τοῦ
774 725 1013 797 μέλιτος.
1049 728 1206 788 Ἴσως
1250 730 1376 802 γοῦν
1429 730 1518 784 καὶ
1574 730 1634 783 σὺ
1692 736 1797 785 τῶν
1861 733 1954 803 μὶν

303 814 451 887 παρᾶ
495 820 613 876 τοῖς
662 810 857 876 ἄλλοις
910 812 1085 890 ῥόδων
1131 824 1511 893 καταφρονεῖς,
1570 820 1676 874 ἀπὸ
1733 818 1791 874 δὲ
1846 826 1953 875 τῶν

311 900 456 973 ἐμῶν
490 902 741 974 ἂνόσμων
771 901 949 977 λόγων
978 904 1065 958 καὶ
1090 903 1277 975 ἀηδῶν
1308 908 1405 975 τὴν
1436 910 1535 977 σὴν
1566 907 1954 982 καταμελιτοῖς

305 989 555 1065 γλῶσσαν
587 990 676 1045 καὶ
705 992 767 1045 τὸ
802 992 1128 1068 μελισσαγές
1163 995 1484 1065 ἀποστάζεις
1514 1003 1678 1070 νᾶμα.

374 1076 529 1134 Ἀλλ’
578 1080 677 1153 δρα
738 1081 805 1134 τὰ
857 1080 1309 1157 παραδείγματα.
1371 1084 1503 1140 Οῧτε
1562 1088 1589 1139 6
1650 1087 1801 1148 ἀετὸς
1856 1088 1956 1157 τὴν

298 1164 513 1242 γλαῦκα
571 1175 998 1247 περιφρονεῖται,
1051 1172 1174 1227 οὕτε
1229 1173 1320 1228 τὸν
1391 1174 1562 1247 θῦμον
1619 1178 1653 1243 ἠ
1721 1176 1953 1247 μέλισσα

294 1262 546 1331 γεωργεῖ·
630 1256 773 1313 ἀλλὰ
825 1261 941 1315 κατ’
1000 1259 1238 1331 ἐξουσίαν
1298 1265 1325 1316 ὁ
1362 1264 1456 1335 μὲν
1517 1265 1635 1337 ὁρᾷ,
1670 1267 1703 1333 ἡ
1739 1262 1795 1318 δὲ
1827 1263 1952 1340 8ρὲ-

298 1365 478 1402 πεται.
530 1348 704 1402 Ἕπου
734 1350 820 1402 καὶ
858 1348 920 1403 σὺ
950 1349 1184 1423 τούτοις,
1232 1352 1321 1405 καὶ
1365 1357 1471 1406 τῶν
1521 1350 1665 1425 ἐμῶν
1712 1353 1953 1409 ἀπόλαυε

296 1430 478 1505 λόγων
505 1433 668 1489 ὁπότε
699 1457 782 1490 σοι
821 1437 1116 1511 βουλητόν.

368 1523 487 1595 Ἆρ’
521 1524 614 1577 οὖν
644 1525 733 1578 καὶ
765 1526 965 1597 ταύτην
1022 1527 1385 1602 ἐγκωμιάσεις
1428 1553 1531 1602 μου
1583 1533 1681 1601 τήν
1733 1532 1952 1587 ἐπιστο-

296 1608 425 1677 λὴν,
546 1610 667 1667 οὕτε
734 1616 769 1683 ἡ
821 1614 961 1687 λέξις
1016 1614 1265 1691 λαμπρὰ,
1322 1616 1444 1675 οὔτε
1497 1622 1524 1673 6
1556 1624 1679 1682 νοῦς
1715 1622 1948 1695 ὑψηλὸς,

303 1698 426 1753 οὕτε
456 1703 490 1770 ἡ
524 1704 764 1774 συνθήκη
801 1703 1175 1779 εὖάρμοστος;

370 1788 561 1843 Βούλει
622 1791 711 1845 οὗν
779 1792 958 1868 βραχύ
1015 1795 1066 1848 τί
1132 1816 1214 1849 σοι
1265 1801 1612 1870 προσπαῖξαισ
1674 1798 1799 1854 ἀλλ’
1865 1799 1947 1868 εἷή

299 1876 493 1953 πόρῥω
540 1880 603 1933 τὸ
662 1886 857 1954 σχῆμα
913 1882 1001 1936 καὶ
1061 1884 1088 1937 6
1152 1883 1447 1957 μοναδικὸς
1504 1887 1640 1960 βίος.
1679 1888 1844 1961 Κάγώ
1898 1910 1948 1943 τι

284 1970 536 2020 τοιοῦτον
569 1966 622 2021 ἐν
654 1967 869 2039 νεότητι
905 1972 1167 2039 πέπονθα,
1219 1974 1309 2027 καὶ
1366 1971 1703 2051 διαστρόφων
1736 1974 1952 2031 ἑάλωκα

287 2054 591 2131 ὀφθαλμῶν
641 2058 730 2111 καὶ
781 2066 976 2133 χροιᾶς
1027 2061 1088 2115 οῦ
1116 2062 1255 2115 πάνυ
1290 2060 1512 2130 λευκῆς,
1542 2065 1633 2118 καὶ
1689 2066 1822 2140 ὑπὲρ
1853 2066 1947 2127 τὰς

290 2140 569 2205 εὐώπιδας
620 2147 704 2199 καὶ
750 2144 1087 2223 ροδοπήχεις
1112 2150 1211 2217 τήν
1244 2150 1417 2213 οὕτως
1450 2147 1681 2226 ἔχουσαν
1712 2148 1944 2230 ἔστερξα.

285 2232 433 2304 Ἀρα
462 2231 769 2307 ἐγνώρισάς
802 2256 895 2308 μοι
923 2236 985 2291 τὸ
1016 2239 1223 2301 πάθοςε
1262 2236 1395 2301 εἶδες
1447 2239 1497 2293 ἐν
1552 2241 1843 2315 κατόπτρῳ
1880 2244 1943 2297 τὸ

286 2320 380 2373 σὸν
414 2320 706 2395 πρόσωπον
732 2342 745 2392 ;
782 2328 877 2381 Ἐκ
907 2332 1009 2400 γῆς
1039 2327 1142 2402 γὰρ
1174 2328 1263 2381 καὶ
1296 2327 1454 2391 αὐτὸς
1488 2328 1942 2407 πεπλαστοῦργη-

286 2430 378 2463 σαι
416 2410 597 2485 ὥσπερ
632 2410 757 2488 ἐγώ.

358 2504 467 2567 Τῆς
498 2496 760 2571 δουλικῆς
789 2506 955 2558 ταῦτα
984 2504 1073 2558 καὶ
1097 2504 1354 2579 γλώσσης
1387 2528 1475 2561 σοι
1505 2508 1595 2561 καὶ
1628 2507 1835 2583 χειρός.

930 2620 1010 2675 Η’.
1043 2623 1131 2691 Τῷ
1168 2618 1334 2692 αὐτῷ.

365 2711 461 2765 Καὶ
497 2714 573 2784 μή
604 2713 772 2776 καλός
806 2715 919 2788 εἰμι
966 2717 1056 2770 καὶ
1116 2719 1305 2794 σοφὸς,
1366 2719 1656 2795 ἀσύγκριτε
1712 2727 1938 2797 Καῖσαρ,

282 2800 377 2852 καὶ
436 2801 536 2868 τὴν
589 2802 742 2878 φύσιν
794 2804 882 2857 καὶ
930 2806 1027 2873 τήν
1062 2808 1250 2881 ψυχήν
1279 2826 1292 2875 ;
1326 2808 1457 2864 Εἶτα
1488 2806 1553 2877 δὴ
1586 2810 1675 2863 καὶ
1708 2810 1938 2883 ἐμαυτὸν

288 2888 496 2961 ἀγνοῶ,
544 2887 662 2944 οῦτε
704 2891 996 2968 κατόπτρῳ
1027 2895 1336 2968 χρώμενος,
1371 2895 1493 2952 οὔτε
1542 2896 1608 2966 δὴ
1670 2898 1933 2972 ἐνθυμού-

292 2997 455 3048 μενος
512 2978 710 3040 ὁπόσας
772 2975 997 3055 βίϐλους
1055 2980 1250 3057 ἔτυχον
1309 2984 1576 3055 ἀνελίξας.
1639 2985 1793 3043 Ἀλλ’
1845 2986 1936 3041 ὅτε

288 3065 387 3136 μὲν
437 3071 553 3127 τοῖς
582 3070 687 3121 τῶν
723 3074 903 3147 σοφῶν
933 3072 1343 3147 συγγράμμασιν
1396 3072 1601 3146 ὁμιλῶ,
1651 3074 1751 3142 τήν
1793 3073 1929 3147 ἐμὴν

2067 560 2155 609 est
2188 555 2427 624 thymus
2460 554 2649 608 acerbi
2685 558 2740 608 et
2775 555 2891 609 fere
2922 554 3144 610 nullius
3176 556 3373 612 odoris
3404 578 3417 625 ;
3451 562 3553 614 sed
3588 562 3720 632 apis

2067 644 2201 698 inde
2234 643 2427 698 mellis
2450 645 2636 698 fontes
2668 642 2883 697 haurit.
2920 643 3140 699 Pariter
3161 644 3342 715 igitur
3372 651 3429 702 et
3457 651 3520 702 tu
3552 664 3715 706 rosas

2068 749 2192 803 quae
2224 734 2377 803 apud
2414 733 2559 787 alios
2590 736 2728 787 sunt
2768 732 3046 803 despicis,
3096 738 3152 787 et
3200 750 3267 789 ex
3316 735 3465 791 meis
3515 738 3710 794 odoris

2066 821 2399 891 expertibus
2431 822 2804 876 sermonibus
2836 826 2890 875 et
2933 821 3205 877 cantibus
3252 827 3413 879 tuam
3447 824 3710 898 linguam

2066 908 2371 965 mellificas
2402 914 2459 965 et
2490 909 2776 965 mellitum
2809 910 2997 965 rivum
3028 911 3249 966 educis.

2134 1088 2243 1143 Sed
2296 1088 2426 1143 vide
2479 1088 2747 1158 exempla
2794 1106 2806 1143 :
2860 1104 3051 1160 neque
3100 1088 3297 1157 aquila
3348 1091 3407 1146 in
3440 1094 3717 1147 noctuam

2064 1176 2601 1247 meditatur,neque
2630 1177 2896 1248 thymum
2932 1177 3059 1248 apis
3082 1177 3257 1246 colit;
3287 1179 3389 1233 sed
3422 1186 3713 1249 quantum

2063 1265 2120 1319 in
2153 1281 2213 1319 se
2246 1270 2336 1319 est
2362 1264 2462 1319 illa
2493 1266 2729 1335 quidem
2763 1266 3047 1331 intuetur,
3081 1266 3201 1321 haec
3233 1283 3366 1322 vero
3399 1268 3710 1323 metit.llas

2060 1357 2121 1406 tu
2154 1369 2386 1423 quoque
2418 1352 2651 1408 imitare
2682 1358 2737 1408 et
2769 1354 2915 1409 meis
2949 1355 3139 1409 fruere
3158 1356 3533 1411 sermonibus
3565 1372 3713 1427 quo-

2063 1440 2170 1496 ties
2200 1440 2305 1495 tibi
2336 1440 2593 1496 libuerit.

2133 1530 2285 1587 Num
2319 1530 2501 1600 Igitur
2517 1529 2665 1584 hanc
2688 1547 2877 1585 meam
2897 1532 3203 1603 epistolam
3227 1533 3593 1604 praedicabis,
3613 1534 3705 1589 cui

2062 1618 2225 1673 nulla
2254 1618 2408 1673 inest
2435 1636 2541 1673 vox
2581 1618 2815 1689 eximia,
2861 1620 3026 1675 nulla
3074 1622 3359 1677 sententia
3409 1622 3703 1693 sublimis,

2062 1706 2222 1761 nulla
2255 1706 2398 1762 bene
2426 1711 2624 1777 aptata
2652 1708 2978 1763 connexio?

2135 1796 2230 1851 Vis
2262 1795 2443 1866 igitur
2474 1797 2641 1851 breve
2664 1797 2958 1867 quoddam
2984 1797 3090 1851 tibi
3125 1799 3507 1866 arridere,sed
3533 1799 3703 1871 longe

2063 1884 2217 1939 absit
2247 1885 2319 1939 ab
2345 1884 2548 1939 habitu
2583 1890 2640 1939 et
2666 1886 2786 1939 vita
2816 1886 3259 1941 monachorum.
3311 1891 3427 1958 Ego
3475 1904 3707 1958 quoque

2061 1974 2177 2030 tale
2208 1976 2501 2045 quoddam
2536 1975 2593 2027 in
2620 1975 2935 2043 juventute
2966 1980 3239 2045 expertus
3278 1992 3409 2029 sum
3441 1981 3499 2030 et
3526 1976 3707 2030 torvis

2059 2065 2244 2119 oculis
2274 2068 2477 2132 captus
2510 2080 2640 2118 sum
2674 2067 2729 2118 et
2758 2060 2950 2119 cclore
2981 2080 3094 2118 non
3130 2064 3381 2118 multum
3432 2064 3703 2129 candido,

2059 2159 2114 2207 et
2146 2169 2324 2223 supra
2355 2156 2500 2205 bene
2556 2150 2827 2206 oculatus
2858 2156 2914 2206 et
2962 2168 3128 2207 roseo
3174 2152 3363 2207 colore
3408 2152 3694 2207 micantes

2057 2241 2372 2311 quamdam
2398 2239 2479 2293 ita
2499 2254 2561 2293 se
2584 2238 2896 2294 habentem
2926 2240 3135 2293 amavi.
3161 2239 3311 2294 Num
3339 2239 3481 2294 mihi
3506 2237 3701 2295 simile

2055 2328 2337 2400 quiddam
2358 2326 2679 2399 experiris?
2697 2327 2983 2381 Vidistiin
3006 2330 3243 2399 speculo
3270 2328 3473 2382 faciem
3497 2327 3700 2398 tuam}?

2054 2419 2095 2472 E
2126 2423 2281 2473 terra
2310 2416 2463 2472 enim
2495 2420 2552 2471 et
2582 2416 2709 2487 ipse
2736 2416 3023 2471 formatus
3048 2432 3110 2471 es
3140 2417 3291 2471 sicut
3322 2431 3448 2487 ego.

2124 2507 2253 2561 Haec
2285 2521 2461 2562 servae
2490 2510 2603 2561 tua
2633 2505 2849 2577 linguae
2880 2508 2935 2560 et
2966 2522 3198 2560 manus.

2678 2622 2823 2679 VIII.
2855 2622 3065 2677 Eidem.

2118 2724 2321 2775 Nonne
2353 2721 2546 2775 bonus
2579 2736 2711 2774 sum
2745 2724 2802 2773 et
2850 2720 3109 2789 sapiens,
3161 2720 3353 2773 Caesar
3400 2722 3609 2773 natura
3640 2722 3698 2774 et

2050 2814 2243 2864 mente
2277 2808 2811 2880 incomparabilis?
2859 2807 3075 2863 Deinde
3126 2806 3420 2878 meipsum
3470 2807 3694 2878 ignoro,

2048 2915 2235 2969 neque
2288 2903 2458 2953 utens
2518 2896 2779 2968 speculo,
2832 2912 3018 2967 neque
3067 2894 3397 2967 recogitans
3445 2899 3699 2966 quantos

2045 2986 2227 3042 libros
2275 2986 2640 3042 revolverim.
2692 2986 2803 3040 Sed
2853 2985 3090 3056 quando
3156 3002 3291 3040 cum
3341 2984 3699 3055 sapientium

2046 3074 2283 3147 scriptis
2312 3092 2643 3143 conversor,
2677 3090 2866 3129 meam
2923 3073 3274 3144 sapientiam
3324 3090 3458 3128 cum
3490 3088 3692 3129 eorum

280 3154 476 3230 σοφίαν
541 3156 674 3229 πρὸς
722 3158 822 3225 τὴν
875 3158 1089 3213 ἐκείνων
1149 3163 1444 3237 συγκρίνων
1481 3208 1496 3234 ,
1574 3161 1929 3237 αἶ’σχύνομαι,

283 3238 310 3264 2'
590 3245 604 3264 ς
689 3246 701 3264 ρ
790 3246 801 3264 r
1047 3252 1057 3264 .
1167 3251 1179 3264 ς
1396 3251 1409 3264 ι
1489 3251 1501 3264 ο
1754 3253 1764 3264 ι

2054 3164 2332 3236 sapientia
2380 3180 2749 3234 comparans,
2802 3164 3104 3229 erubesco,
3138 3163 3275 3233 juro
3324 3178 3429 3233 per
3464 3179 3690 3218 sacram

281 3238 491 3315 ὄμνυμι
544 3245 642 3312 τὴν
689 3246 836 3321 ἱεράν
888 3268 981 3302 σου
1034 3251 1261 3324 ψυχήν,
1322 3251 1411 3305 καὶ
1473 3251 1548 3313 ὡς
1596 3253 1930 3307 παντάπασιν

282 3332 502 3403 ἀμαθὴς
552 3332 983 3409 ἐγκαλύπτομαιο
1034 3336 1158 3392 ὅταν
1190 3336 1246 3393 δὶ
1300 3345 1418 3401 ταῖς
1453 3345 1569 3401 σαῖς
1621 3340 1740 3415 περὶ
1794 3340 1928 3413 ἐμοῦ

284 3420 605 3495 μαρτυρίαις
652 3422 901 3499 ἐντύχω,
964 3431 1160 3499 μικροῦ
1208 3428 1297 3483 καὶ
1356 3428 1563 3491 ἰσόθεος
1612 3431 1744 3483 εἶναι
1797 3451 1929 3507 φαν-

280 3508 555 3580 τάζομαι.
622 3510 725 3565 Καὶ
776 3514 836 3565 σὺ
900 3515 995 3584 μὲν
1052 3516 1145 3575 τὰς
1200 3514 1333 3587 ἐμάς
1387 3515 1678 3579 ἐπιστολας
1741 3513 1928 3591 βιϐλία

275 3603 494 3659 ποιεῖς·
550 3598 659 3673 ἐγὼ
711 3597 767 3654 δὲ
819 3602 886 3655 τα
938 3604 1001 3656 σὰ
1051 3603 1347 3679 γράμματα
1384 3611 1503 3667 τοῖς
1546 3605 1701 3677 ἐμοῖς
1754 3606 1924 3681 ἐγχα-

275 3686 455 3758 ρᾶττω
520 3689 782 3762 στέρνοις,
850 3692 936 3744 καὶ
1011 3691 1361 3767 ἆναγινώτκω
1428 3695 1774 3768 πυκνότερον·
1832 3697 1919 3749 καὶ

272 3772 508 3845 ἐμαυτὸν
583 3774 786 3851 ἄγαμαι
864 3780 952 3833 καὶ
1023 3780 1316 3854 πέπεισμαι
1397 3784 1526 3837 εἶναι
1588 3784 1775 3861 σοφὸς,
1833 3784 1923 3838 καὶ

269 3861 474 3917 ἐπαινῶ
507 3886 563 3919 σε
586 3872 687 3933 τῆς
722 3868 1042 3943 μαρτυρίας.

344 3952 612 4027 Πρότερον
668 3952 724 4009 δὲ
782 3957 889 4032 οὐχ
944 3958 1119 4020 οὕτως
1175 3961 1347 4034 εἶχον.
1410 3959 1569 4018 Ἀλλ’
1622 3962 1674 4015 αἱ
1710 3962 1801 4034 μὶν
1836 3961 1922 4015 πί-

271 4051 455 4110 θηκοι,
509 4040 723 4097 ἐπειδὰν
766 4046 963 4100 τέκωσι
1012 4049 1100 4101 καὶ
1130 4049 1195 4102 τά
1246 4050 1434 4123 νεογνᾶ
1471 4047 1685 4115 ἴδωσιν,
1756 4049 1920 4123 ἀγάλ-

276 4150 417 4201 ματα
478 4130 611 4186 αὐτᾶ
670 4132 900 4208 ἥγηνται
958 4136 1046 4190 καὶ
1095 4142 1191 4191 τοῦ
1234 4137 1476 4199 κάλλους
1535 4139 1918 4211 θαυμάζουσιν,

267 4216 621 4291 ἀπατώμεναι
673 4227 752 4293 τῷ
801 4222 1107 4301 φιλοτέκνῳ
1152 4233 1251 4295 τῆς
1299 4226 1527 4303 φύσεως·
1579 4226 1683 4302 ἐγὼ
1742 4224 1798 4280 δὲ
1851 4228 1920 4281 τὰ

266 4304 372 4378 ἐμά
404 4310 737 4381 γεννήματα,
763 4312 891 4373 τοὺς
924 4309 1126 4387 λόγους
1158 4315 1325 4392 φημὶ,
1360 4314 1616 4369 οὐδέποτε
1645 4314 1915 4387 ἠγάσθην,

268 4393 395 4449 οὐδὶ
426 4396 681 4472 ἐφίλησα.
714 4404 820 4453 Νῦν
854 4399 911 4455 δὲ
944 4399 1031 4455 διὰ
1060 4405 1157 4470 τήν
1202 4406 1298 4472 σὴν
1356 4404 1649 4480 μαρτυρίαν
1696 4403 1783 4457 καὶ
1836 4403 1918 4458 τὲ-

264 4485 417 4550 θηπα
447 4486 535 4538 καί
568 4486 715 4563 φιλῶ
746 4490 832 4543 καὶ
869 4489 1351 4566 συναγκαλίζομαι.

2042 3258 2203 3308 tuam
2256 3252 2537 3321 animam,
2586 3257 2644 3306 et
2691 3250 2848 3305 velut
2896 3252 3135 3305 omnino
3178 3249 3420 3321 ignarus
3468 3267 3560 3305 me
3591 3252 3688 3306 ab-

2040 3341 2259 3396 scondo
2294 3359 2307 3407 ;
2340 3357 2474 3395 cum
2525 3345 2720 3395 autem
2772 3339 2889 3394 tuis
2939 3340 3010 3393 de
3058 3355 3150 3393 me
3198 3336 3553 3393 testimoniis
3583 3355 3681 3393 oc-

2038 3446 2231 3495 curro,
2265 3430 2380 3483 fere
2410 3428 2641 3482 divinus
2686 3442 2813 3482 esse
2846 3426 2989 3481 mihi
3038 3426 3256 3481 videor.
3305 3426 3387 3480 Tu
3438 3426 3676 3496 quidem

2039 3534 2201 3595 meas
2234 3516 2511 3587 epistolas
2541 3515 2721 3570 libros
2751 3514 2895 3569 facis
2928 3530 2939 3568 :
2977 3530 3081 3585 ego
3131 3518 3327 3568 autem
3359 3518 3490 3569 tuas
3520 3513 3675 3569 litte-

2036 3623 2131 3660 ras
2164 3606 2377 3677 pectori
2414 3620 2540 3659 meo
2572 3603 2866 3675 insculpo,
2919 3608 2973 3657 et
3018 3602 3146 3674 lego
3198 3602 3585 3673 frequentius,
3619 3606 3677 3657 ct

2037 3694 2325 3765 meipsum
2359 3693 2616 3748 admiror
2646 3698 2702 3747 et
2733 3708 3078 3763 persuasum
3110 3691 3295 3746 habeo
3326 3707 3417 3747 me
3447 3691 3678 3761 sapien-

2033 3788 2149 3838 tem
2184 3799 2335 3847 esse,
2366 3787 2422 3837 et
2452 3782 2522 3837 de
2554 3786 2654 3837 tuo
2683 3785 2739 3836 te
2767 3778 3108 3836 testimonio
3139 3778 3427 3835 collaudo.

2103 3961 2273 4015 Prius
2304 3962 2382 4015 ila
2415 3978 2529 4015 non
2563 3976 2654 4014 me
2686 3959 2996 4014 habebam.
3049 3958 3158 4012 Sed
3206 3957 3391 4012 simiae
3440 3955 3676 4027 quando

2032 4050 2270 4121 pariunt
2295 4054 2352 4103 et
2384 4054 2645 4103 recenter
2674 4053 2843 4103 natos
2894 4051 3161 4111 cernunt,
3209 4044 3514 4115 cupidines
3545 4042 3680 4099 illos

2030 4137 2370 4192 existimant
2412 4141 2467 4191 et
2516 4136 3011 4206 pulchritudinem
3062 4134 3373 4202 mirantur,
3422 4133 3678 4203 deceptae

2030 4224 2284 4279 naturali
2310 4224 2491 4295 prolis
2540 4239 2775 4289 amore;
2819 4239 2925 4293 ego
2971 4226 3168 4276 autem
3220 4238 3376 4277 meos
3433 4220 3672 4288 liberos,

2029 4329 2331 4369 sermones
2362 4313 2825 4383 dico,nunquam
2857 4312 3184 4367 admiratus
3205 4327 3673 4381 sum,nunquam

2027 4403 2415 4458 amavi.Nunc
2446 4418 2579 4457 vero
2612 4406 2849 4473 propter
2878 4407 3045 4457 tuum
3065 4400 3464 4457 testimonium
3489 4402 3672 4470 foveo,

2026 4509 2159 4548 amo
2191 4496 2247 4546 et
2274 4490 2611 4562 amplector.

339 4574 458 4626 Ἵνα
513 4557 590 4628 δὲ,
631 4596 713 4630 σοι
784 4577 873 4631 καὶ
935 4557 1040 4633 ἀπθ
1095 4557 1504 4655 1&y'0eé1pwv
1562 4582 1916 4658 φθέγξωμαι·

2102 4580 2173 4635 Ut
2204 4557 2399 4635 autem
2432 4579 2535 4634 tibi
2569 4578 2783 4648 aliquid
2816 4596 2845 4633 e
2896 4576 3246 4648 spectaculis
3272 4578 3548 4645 afferam;
3582 4577 3674 4632 di-

266 4660 397 4736 φασὶ
431 4662 524 4715 καὶ
575 4664 703 4726 τοὺς
754 4667 1017 4743 ἡνιόχους
1058 4670 1264 4745 ἀγνοεῖν
1315 4670 1382 4725 τὰ
1426 4668 1612 4725 πολλὰ
1668 4670 1741 4725 ὦν
1788 4692 1919 4725 κατ-

266 4754 521 4822 ορθοῦσιν
583 4752 615 4821 ἢ
678 4754 1093 4829 ἁμαρτάνουσιν·
1151 4760 1202 4811 οἱ
1252 4755 1309 4812 δὲ
1362 4754 1604 4834 ἀκριϐεῖς
1633 4766 1735 4829 τῆς
1765 4762 1919 4829 ἡνιο-

263 4839 490 4911 χήσεως
526 4841 723 4915 θεωροὶ
767 4840 947 4897 ’ίσασιν
998 4840 1238 4920 ἀκριϐῶς
1270 4847 1313 4900 εἰ
1370 4844 1704 4923 ὃημοχαρής
1753 4850 1780 4902 6
1824 4846 1918 4903 ’ίπ-

260 4946 385 4993 πος,
422 4926 466 4979 εἷ
505 4928 875 5004 ἑτερόγναθος,
913 4932 960 4986 εἷ’
1013 4936 1087 5004 μή
1134 4936 1227 4988 τὸν
1275 4932 1444 5005 δεξιὸν
1499 4938 1526 4991 ὁ
1570 4940 1802 5013 ἡνίοχος
1840 4941 1921 5009 τῷ

271 5020 562 5087 καμπτῆρι
620 5019 966 5093 προσήγαγεν
1000 5019 1033 5087 ἢ
1065 5024 1143 5091 τῷ
1184 5026 1327 5095 ζυγῷ
1375 5022 1503 5085 τοὺς
1544 5022 1747 5085 ’ίππους
1798 5045 1919 5077 συν-

266 5102 539 5173 ήρμοσεν.
572 5106 734 5166 ’Ίσως
766 5108 856 5160 οὖν
890 5106 1044 5181 κάγὼ
1068 5108 1131 5161 τὰ
1159 5107 1345 5163 πολλά
1398 5116 1507 5165 τῶν
1540 5110 1684 5184 ἐμῶν
1718 5114 1915 5186 ἀγνοῶ’

268 5188 334 5242 σὺ
412 5186 469 5243 εὶ
550 5192 656 5246 ἅνω
733 5198 1045 5269 καθήμενος
1114 5196 1419 5271 ἀνακρίνοις
1477 5202 1565 5254 καὶ
1630 5199 1918 5261 διευθύνεις

266 5276 497 5364 ἅπαντα,
557 5282 656 5349 τὴν
709 5280 939 5354 ἔννοιαν,
992 5286 1091 5353 τήν
1147 5284 1312 5357 λέξιν,
1344 5289 1405 5341 τὸ
1436 5297 1649 5364 σχῆμα,
1682 5292 1779 5359 τήν
1820 5290 1916 5362 μὲ-

266 5363 454 5433 θοδον,
484 5370 585 5437 τήν
617 5370 906 5444 ἁρμονίαν,
933 5374 1024 5427 τὸν
1060 5373 1288 5448 ῥυθμὸν,
1316 5378 1415 5444 τὴν
1449 5377 1763 5435 ἀνάπαυσιν.

344 5455 482 5508 Φασὶ
546 5454 603 5512 δὲ
656 5460 747 5514 καὶ
814 5463 913 5531 τὴν
976 5462 1175 5525 Πυθίαν
1228 5464 1585 5539 χρησμῳδεῖν
1644 5469 1736 5539 μὲν
1792 5466 1919 5527 τοὺς

267 5539 382 5633 ᾅνω
444 5548 753 5621 χρησμοὺς,
816 5552 891 5624 μή
945 5550 1260 5616 ἐπίστασθαι
1291 5550 1348 5608 δὲ
1377 5561 1482 5611 τῶν
1517 5562 1787 5633 χρησμῶν
1816 5557 1915 5625 τὴν

266 5628 532 5688 διάνοιαν·
598 5636 724 5693 ἀλλ’
784 5640 835 5693 οἱ
864 5638 1162 5711 Ἕλληνες,
1195 5628 1569 5718 ἐκδεχόμενοι..
1602 5628 1679 5701 15.7
1704 5644 1919 5719 pavuz'i-

2031 4670 2439 4740 cuntaurigas
2472 4668 2740 4739 ignorare
2773 4666 2961 4722 multa
2990 4683 3057 4721 ex
3106 4666 3200 4720 his
3247 4682 3371 4735 quae
3399 4667 3541 4723 bene
3574 4670 3677 4722 aut

2031 4757 2182 4813 male
2214 4758 2434 4813 faciunt
2469 4775 2480 4813 :
2514 4756 2682 4828 periti
2714 4760 2909 4811 autem
2943 4755 3084 4809 artis
3116 4754 3294 4825 hujus
3316 4760 3676 4826 spectatores

2031 4848 2225 4902 sciunt
2255 4847 2471 4918 optime
2504 4851 2699 4900 utrum
2734 4843 2935 4899 docilis
2975 4860 3162 4913 equus
3213 4860 3285 4898 an
3336 4848 3673 4911 contumax,

2032 4942 2228 4989 utrum
2264 4936 2468 5006 auriga
2500 4952 2612 4989 non
2648 4935 2911 4987 dextrum
2946 4932 3015 4985 ad
3051 4937 3259 4986 metam
3294 4926 3671 5000 direxerit,an

2021 5024 2166 5094 jugo
2220 5040 2398 5094 equos
2450 5021 2826 5093 coaptaverit.
2881 5020 3100 5075 Pariter
3146 5020 3326 5091 igitur
3366 5025 3423 5075 et
3468 5036 3573 5091 ego
3605 5034 3673 5073 ex

2032 5113 2178 5167 meis
2202 5112 2455 5181 plurima
2488 5112 2723 5183 ignoro;
2750 5116 2805 5164 tu
2836 5126 2968 5164 vero
3008 5126 3187 5179 supra
3213 5109 3423 5163 sedens
3450 5106 3671 5175 dijudi-

2031 5217 2125 5255 cas
2157 5206 2214 5255 ct
2242 5200 2508 5270 exploras
2541 5204 2770 5265 cuncta,
2805 5194 3671 5264 sententiam,dictionem,figu-

2028 5307 2173 5354 ram,
2212 5290 2573 5356 methodum,
2606 5288 2992 5356 harmoniam,
3034 5286 3375 5355 rhythmum
3409 5285 3467 5336 et
3512 5280 3671 5337 desi-

2027 5380 2311 5434 nentiam.

2100 5468 2310 5523 Dicunt
2340 5469 2512 5523 etiam
2548 5466 2810 5539 Pythiam
2840 5461 3141 5518 vaticinari
3191 5460 3428 5531 quidem
3477 5459 3671 5515 divina

2028 5556 2515 5626 oracula,nescire
2534 5561 2727 5611 autem
2759 5550 3126 5608 oraculorum
3154 5550 3665 5622 signiﬁcationem;

2030 5646 2133 5700 sed
2166 5646 2415 5717 gentiles
2445 5643 2717 5699 vaticinia
2748 5638 3670 5711 excipientes,interpretabantur
