4060 6214
426 370 577 430 1175

1750 364 2173 426 MICHAELIS
2217 365 2491 425 PSELLI

3666 376 3824 433 11τὸ

419 510 477 562 et
503 501 1085 561 conciliabant.Talis
1106 505 1161 555 et
1189 504 1250 555 tu
1273 500 1553 556 inveniris
1582 516 1749 555 meus
1778 500 2068 571 interpres

2196 519 2346 566 ιατα,
2408 498 2698 574 ἐξηγοῦντο
2758 498 2846 554 καὶ
2906 496 3276 571 συνεϐίϐαζον.
3330 508 3587 568 Τοιοῦτος
3628 502 3685 560 δὲ
3732 506 3822 561 καὶ

421 600 475 649 et
505 593 735 649 divinus
770 593 960 663 reipsa
994 589 1437 645 Themistocles.
1488 591 1606 659 Ego
1656 590 1893 661 quidem
1936 606 2065 644 mea

423 682 659 737 oracula
706 682 932 752 ignoro,
987 686 1047 733 tu
1096 695 1229 733 vero
1274 695 1340 734 ea
1381 678 1689 749 intelligis,
1739 678 1967 734 extollis
2011 688 2067 734 et

423 788 622 827 eorum
654 770 883 824 miraris
916 766 1418 839 pulchritudinem
1444 770 1501 821 et
1522 766 1912 822 subtilitatem
1941 783 1953 833 ;
1986 768 2068 820 ita

423 866 486 916 ut
517 861 752 916 timeam
789 876 861 914 ne
890 862 1105 913 sortem
1136 856 1395 911 Narcissi
1428 856 1710 927 experiar.

492 1037 800 1093 Narcissus
832 1035 1172 1091 adolescens
1194 1039 1317 1090 erat
1338 1034 1500 1090 molli
1534 1036 1725 1091 nitens
1750 1034 2070 1105 pulchritu-

423 1128 578 1193 dine,
613 1128 710 1181 sed
743 1125 995 1181 maxime
1027 1124 1276 1196 simplex
1302 1132 1356 1179 et
1385 1125 1607 1195 absque
1646 1124 1804 1179 omni
1837 1123 2067 1179 subtili-

421 1221 562 1271 tate.
614 1215 879 1281 Quadam
931 1214 1024 1268 die
1074 1215 1144 1268 ad
1203 1230 1492 1284 aquarum
1543 1214 1762 1268 fontem
1810 1213 2066 1279 veniens,

421 1321 595 1360 suum
626 1304 813 1376 ipsius
842 1305 1069 1359 vultum
1102 1303 1676 1359 intuetur.Nesciens
1709 1306 1901 1357 autem
1939 1318 2067 1357 esse

419 1393 639 1465 proprii
670 1393 931 1464 corporis
964 1393 1237 1464 figuram,
1270 1409 1468 1447 amore
1500 1392 1732 1463 capitur
1760 1393 1886 1462 eius
1915 1391 2070 1461 quod

421 1485 625 1548 cernit,
660 1488 716 1537 et
744 1482 1041 1537 existimat
1070 1481 1503 1537 adolescentem
1554 1497 1682 1536 esse
1728 1498 1928 1536 verum
1961 1479 2071 1534 sub

424 1588 572 1640 aqua
601 1570 903 1626 latentem.
935 1571 1060 1625 Non
1094 1570 1272 1641 igitur
1300 1570 1436 1624 hinc
1470 1570 1630 1637 abiit,
1657 1570 1755 1625 sed
1790 1568 2071 1623 intuendo

424 1666 695 1715 mortuus
740 1664 859 1726 est;
930 1664 1198 1729 terraque
1244 1660 1401 1713 hunc
1470 1660 1746 1714 miserata
1794 1660 1995 1713 ﬂorem
2043 1674 2074 1712 e

425 1748 660 1820 proprio
715 1749 849 1803 sinu
902 1748 1102 1802 eduxit
1148 1750 1415 1818 ejusdem
1474 1749 1751 1803 nominis.
1787 1749 1867 1805 Ne
1898 1748 2077 1818 igitur

424 1838 549 1909 ipse
579 1853 822 1892 cernens
855 1854 1045 1892 meam
1098 1838 1454 1906 sapientiam
1505 1838 1561 1891 in
1615 1837 1852 1907 scriptis
1905 1843 1967 1891 ut
2014 1838 2071 1891 in
2107 1869 2153 1933 B

425 1925 685 1997 speculo,
721 1943 920 1980 amore
952 1927 1071 1981 mei
1103 1925 1285 1981 nimio
1318 1927 1518 1997 capiar
1549 1931 1606 1981 et
1627 1943 1757 1981 mea
1779 1928 1834 1981 in
1868 1927 2077 1981 umbra

427 2016 744 2086 exspirem.

498 2104 609 2159 Sed
642 2104 885 2159 conﬁde.
922 2103 1080 2158 Ixion
1111 2108 1401 2159 Junonem
1438 2104 1754 2171 amabat,et
1784 2104 2075 2159 sibiillius

425 2194 485 2248 in
512 2198 701 2249 mente
723 2193 977 2264 efﬁgiem
1009 2194 1259 2265 fingens,
1292 2192 1543 2248 osculari
1575 2194 1687 2248 sibi
1719 2194 2027 2249 videbatur
2060 2210 2072 2247 :

427 2284 684 2353 quadam
712 2298 846 2336 vero
880 2282 971 2336 die
1000 2281 1191 2352 ipsam
1224 2299 1489 2349 cernens,
1524 2282 2075 2353 seipsumEinsimu-

426 2370 567 2425 lavit
585 2380 863 2441 tanquam
887 2371 1385 2426 deformissimam
1400 2372 1654 2442 efﬁgiem
1676 2372 2071 2443 efﬂngentem.

428 2460 493 2514 Et
524 2476 629 2530 ego
661 2460 859 2529 igitur,
891 2460 1124 2530 quando
1158 2465 1321 2515 tuam
1354 2460 1600 2531 inspicio
1622 2462 2073 2532 magnanimita-

426 2553 543 2602 tem
574 2553 632 2603 et
660 2548 987 2619 ingenium,
1040 2566 1228 2603 meam
1283 2550 1532 2620 figuram
1582 2550 1878 2615 deserens,
1910 2554 2074 2605 tuam

426 2636 927 2707 pulchritudinem
959 2638 1255 2706 admiror;
1291 2640 1459 2709 quasi
1484 2639 1622 2693 olim
1642 2643 1809 2693 tuum
1834 2656 2071 2695 caseum

424 2725 693 2790 miratus,
726 2743 882 2780 nunc
914 2731 1047 2781 ante
1079 2727 1354 2795 butyrum
1389 2732 1614 2798 stupeo.

496 2816 641 2870 Cum
677 2815 914 2885 regibus
947 2820 1143 2870 autem
1176 2815 1338 2869 nulla
1368 2815 1512 2869 mihi
1559 2817 1769 2887 cupido
1821 2816 2074 2872 multum

425 2903 833 2975 colloquendi;
865 2908 1101 2975 propter
1124 2910 1181 2960 te
1212 2921 1343 2960 vero
1392 2905 1465 2960 ad
1494 2910 1763 2976 quartam
1797 2908 2074 2979 paginam

431 2994 741 3064 attingam.

500 3086 629 3137 Haec
662 3099 841 3139 servae
872 3087 987 3138 tua:
1020 3100 1254 3139 manus.

1086 3201 1175 3255 IX.
1200 3199 1409 3269 Eidem,

500 3298 710 3361 Quales
740 3302 874 3368 tute,
927 3315 959 3353 ο
1008 3299 1217 3369 Οωεοτ,
1270 3298 1651 3370 cogitationes
1686 3300 1697 3355 !
1730 3300 1926 3372 qualia
1956 3306 2071 3358 tuae

430 3388 647 3444 mentis
681 3388 927 3444 consilia
956 3388 967 3442 l
994 3389 1139 3444 duas
1162 3391 1308 3444 meis
1332 3389 1590 3444 fontibus
1613 3390 1894 3460 aperuisti
1915 3392 2076 3446 ﬁstu-

435 3477 541 3545 las,
574 3483 639 3533 ut
670 3477 815 3533 mihi
865 3494 1079 3548 aquam
1127 3481 1309 3532 totam
1360 3479 1711 3547 eti‘underes,
1768 3484 1831 3535 ut
1879 3496 2075 3536 meum

425 3572 614 3621 totum
648 3565 988 3621 exhaurires
1030 3570 1343 3621 ﬂuentum.
1400 3567 1618 3622 Deinde
1669 3585 1807 3622 num
1843 3564 2079 3640 ignoras

437 3672 530 3709 me
559 3654 976 3709 inexhaustum
1008 3655 1222 3709 habere
1254 3656 1495 3723 fontem,
1527 3662 1584 3711 et
1605 3662 1892 3726 quantum
1925 3659 2081 3729 sugi-

434 3748 550 3809 tur,
582 3746 809 3796 tantum
838 3742 961 3796 vias
994 3742 1204 3813 aperiri
1235 3748 1292 3798 et
1320 3760 1495 3798 venas
1525 3744 1757 3799 dilatari
1788 3748 1859 3800 ab
1891 3747 2078 3801 abun-

435 3829 760 3884 dantiorem
778 3846 808 3884 e
830 3832 1059 3900 gurgite
1079 3831 1491 3900 proﬂuentiam
1514 3832 1541 3885 ?
1562 3832 1691 3887 Scio
1720 3839 1775 3887 te
1806 3834 2079 3890 subtilem

437 3934 565 3973 esse
592 3922 649 3971 et
679 3919 752 3972 ad
775 3934 1010 3972 omnem
1033 3918 1304 3973 virtutem
1327 3924 1521 3990 aptus,
1544 3919 1804 3991 velleque
1835 3924 2083 3979 occulta—

435 4012 555 4061 tam
588 4006 646 4061 in
698 4022 790 4061 me
838 4006 1220 4077 margaritam
1270 4024 1522 4076 sumere,
1570 4014 1634 4064 ut
1678 4009 1840 4065 illam
1890 4012 1948 4066 in
1982 4016 2082 4067 tuo

440 4096 772 4152 diademate
802 4094 1124 4166 insculpas.
1162 4097 1249 4150 Tu
1281 4113 1413 4152 vero
1449 4098 1593 4152 mihi
1627 4116 1741 4154 non
1774 4100 2083 4167 unam,sed

442 4186 657 4242 multas
682 4186 818 4256 jam'
852 4185 1198 4256 subripuisti
1229 4203 1241 4252 ;
1277 4188 1556 4256 majorem
1602 4192 1794 4243 autem
1851 4189 2082 4257 harum,

441 4281 496 4332 et
526 4275 717 4331 colore
744 4274 1259 4339 candidissimam,
1310 4275 1610 4347 ﬁguraque
1662 4278 2085 4349 priestantissi-

443 4382 599 4420 mam
651 4380 767 4418 non
816 4363 1311 4433 comprehendere
1379 4366 1618 4435 poteris.
1688 4368 1878 4421 Habeo
1930 4366 2086 4421 enim

442 4470 571 4508 eam
604 4454 663 4506 in
696 4452 911 4507 mentis
944 4453 1098 4520 sinu,
1151 4469 1265 4522 quo
1317 4470 1432 4508 non
1485 4459 1790 4523 penetrant
1836 4455 2087 4511 furentis

446 4558 679 4595 manus.
711 4541 858 4603 Quid
910 4557 1001 4595 me
1051 4540 1385 4613 ubicunque
1434 4543 1829 4609 circuscribis,
1889 4550 1943 4599 et
1972 4543 2088 4599 cir-

2175 587 2236 640 σὺ
2284 587 2568 662 τυγχάνεις
2613 590 2639 642 ὁ
2672 588 2801 661 ἐμὸς
2833 588 3101 663 ἑρμηνεὺς
3143 592 3233 646 καὶ
3268 599 3410 656 θεῖος
3458 599 3535 665 τῷ
3581 594 3697 649 ὄντι
3730 602 3821 649 Θε·

2179 675 2499 748 μιστοκλῆς.
2548 677 2708 752 Κάγὼ
2756 678 2849 750 μὲν
2897 680 3024 743 τοὺς
3072 679 3236 753 ἐμοὺς
3286 683 3572 757 χρησμοὺς
3620 684 3819 759 ἀγνοῶ,

2178 766 2238 819 σὺ
2271 764 2327 820 δὲ
2359 762 2654 842 ἐξακριϐεῖς
2678 769 2924 842 τούτους,
2973 769 3062 823 καὶ
3112 770 3506 846 ὑψηλολογεῖς,
3555 773 3643 827 καὶ
3704 786 3824 836 θαυ-

2182 854 2366 926 μάζεις
2425 858 2511 909 καὶ
2570 861 2665 910 τοῦ
2720 856 2962 922 κάλλους
3016 858 3105 913 καὶ
3156 866 3257 929 τῆς
3309 858 3647 932 δεινότητος⁹
3685 863 3821 917 ὥστε

2180 941 2398 999 δέδοικα
2432 946 2505 1017 μή
2541 945 2696 999 πάθω
2725 948 2787 1001 τὸ
2816 951 2911 1001 τοῦ
2944 949 3267 1023 Ναρκίσσου.

2249 1034 2311 1090 Ὀ
2387 1036 2684 1108 Νάρκισσος
2750 1037 3025 1110 μειράκιον
3101 1039 3166 1107 ἦν
3250 1037 3442 1094 κάλλει
3515 1037 3824 1112 διαλάμπον

2181 1118 2354 1196 ἁδρῷ,
2383 1121 2797 1179 ἀπλοί’κώτατον
2853 1123 2909 1180 δὲ
2959 1126 3049 1180 καὶ
3100 1125 3411 1198 δεινότητος
3439 1128 3617 1199 πάσης
3650 1128 3823 1192 ἐκτός.

2182 1212 2285 1267 Καί
2315 1233 2446 1266 ποτε
2478 1214 2613 1286 πρὸς
2643 1215 2827 1290 πηγὴν
2889 1212 3093 1269 ὑδάτων
3151 1213 3332 1285 ἐλθὸν,
3387 1219 3449 1271 τὸ
3511 1219 3705 1272 ἑαυτοῦ
3756 1218 3830 1272 ἐν·

2182 1301 2490 1375 οπτρίζεται
2547 1302 2881 1377 πρόσωπον.
2932 1304 3235 1377 Ἠγνοηκὸς
3283 1301 3340 1358 δὲ
3396 1306 3477 1359 δτι
3532 1311 3629 1360 τοῦ
3687 1304 3827 1360 ἰδίου

2182 1390 2435 1461 σώματός
2467 1389 2605 1444 ἐστιν
2654 1393 2689 1459 ἡ
2752 1393 2892 1460 σκιὰ,
2953 1386 3127 1465 ἔρωτα
3186 1387 3453 1465 λαμϐάνει
3484 1398 3581 1448 τοῦ
3613 1396 3829 1470 ὁρωμὲ-

2181 1500 2297 1535 νου.
2355 1480 2445 1532 καὶ
2507 1479 2660 1551 ᾠήθη
2722 1479 2803 1534 ὅτι
2866 1480 3143 1553 μειράκιόν
3173 1482 3310 1536 ἐστιν
3361 1482 3563 1553 ἀληθὲς
3588 1486 3829 1547 κρυπτό-

2187 1590 2343 1641 μενον
2408 1569 2510 1623 ὑπὸ
2538 1572 2638 1633 τῆς
2668 1576 2872 1645 πηγῆς.
2936 1569 3013 1627 Οὐ
3068 1570 3247 1625 τοίνυν
3306 1571 3506 1636 ἐκεῖθεν
3544 1572 3831 1649 ἀφίστατο,

2182 1655 2307 1712 ἀλλ’
2366 1660 2505 1733 ὁρῶν
2564 1657 2856 1729 ἐτεθνήκει.
2893 1658 2989 1712 Καὶ
3052 1661 3085 1729 ἡ
3145 1663 3219 1735 γῆ
3274 1664 3466 1715 τοῦτον
3497 1662 3833 1733 οἰκτείρασα,

2185 1745 2339 1809 ἄνθος
2399 1744 2457 1800 ἐκ
2508 1751 2612 1800 τῶν
2674 1747 2888 1801 οἰκείων
2940 1747 3184 1821 Λαγόνων
3242 1749 3445 1824 ἀφῆκεν
3505 1751 3835 1823 ὁμώνυμον.

2183 1837 2270 1904 Μή
2330 1835 2507 1889 τοίνυν
2567 1835 2654 1890 καὶ
2704 1835 2862 1899 αὐτὸς
2895 1835 3111 1909 βλέπων
3138 1838 3237 1907 τὴν
3272 1837 3410 1910 ἐμὴν
3444 1840 3635 1917 σοφίαν
3666 1840 3744 1901 ὡς
3778 1839 3833 1894 ἐν

2187 1923 2473 1998 κατόπτρῳ
2516 1930 2632 1985 τοῖς
2674 1926 3020 2000 γράμμασιν,
3067 1921 3241 2001 ἔρωτα
3299 1924 3530 2003 σφοδρὸν
3594 1927 3839 2002 ἐμαυτοῦ

2188 2008 2415 2084 λάϐοιμι
2446 2012 2535 2067 καὶ
2564 2017 2632 2086 τῇ
2666 2012 2774 2087 ἐμῇ
2806 2012 3121 2087 ἐναποψόξω
3154 2020 3295 2085 σκιᾷ.

2259 2100 2437 2156 Ἀλλά
2515 2101 2719 2178 θάρρει.
2792 2103 2853 2159 Ὀ
2926 2104 3095 2173 Ἰξίων
3152 2103 3260 2177 ἤρα
3322 2111 3422 2173 τῆς
3473 2108 3668 2180 Ἥρας,
3720 2107 3838 2177 καὶ,

2184 2189 2436 2245 πλάττων
2516 2190 2572 2245 ἐν
2628 2194 2697 2264 τῇ
2756 2194 2909 2266 ψυχῇ
2964 2192 3026 2246 τὸ
3085 2192 3293 2264 ἐκείνης
3351 2190 3602 2261 ε’ίδωλον,
3660 2193 3839 2249 ἐδόκει

2183 2284 2344 2334 τοῦτο
2394 2279 2740 2348 ἀσπάζεσθαι·
2802 2278 2932 2334 ἰδὼν
2992 2277 3050 2334 δὲ
3089 2302 3221 2335 ποτε
3270 2281 3499 2351 ταύτην,
3556 2281 3839 2357 ἐμέμφετο

2186 2366 2371 2422 ἑαυτόν
2447 2368 2520 2429 ὡς
2592 2367 2985 2445 ἀμορφώτατον
3057 2370 3496 2425 ἀναπλάττοντος
3573 2370 3837 2429 εἷδωλον.

2186 2457 2347 2531 Κάγὼ
2376 2456 2577 2528 τοίνυν,
2611 2456 2734 2511 ὅταν
2766 2456 2840 2518 εἰς
2900 2459 2962 2512 τὸ
3012 2459 3102 2512 σὸν
3164 2460 3503 2534 μεγαλοφυὲς
3530 2456 3838 2514 ἀποϐλέπω

2183 2545 2273 2599 καὶ
2333 2542 2654 2621 περιδέξιον,
2706 2548 2806 2614 τὴν
2842 2546 2978 2619 ἐμὴν
3030 2547 3456 2619 καταλιμπάνων
3520 2548 3700 2617 σκιάν,
3739 2550 3838 2615 τήν

2187 2635 2284 2702 σὴν
2318 2632 2517 2709 ἄγαμαι
2549 2634 2878 2708 ὡραιότητα·
2909 2635 3090 2710 ὥσπερ
3122 2634 3186 2705 δὴ
3207 2636 3377 2692 πάλαι
3414 2639 3709 2711 θαυμάζων
3742 2660 3836 2692 σου

2182 2723 2311 2785 τοὺς
2339 2723 2555 2799 τυροὺς,
2586 2729 2678 2777 νῦν
2714 2726 3092 2799 ὑπερηγάσθην
3117 2726 3179 2780 τὸ
3216 2727 3501 2800 βούτυρον.

2254 2817 2381 2874 Τοῖς
2427 2810 2483 2866 δὲ
2532 2834 2594 2887 γε
2645 2813 2961 2889 ἀνακτόροις
3010 2811 3072 2868 οὔ
3131 2837 3226 2887 μοι
3282 2813 3492 2883 σπουδή
3547 2811 3837 2890 παραϐάλ-

2186 2900 2299 2955 λειν
2357 2907 2594 2964 πυκνῶς·
2654 2900 2741 2956 διὰ
2796 2900 2853 2957 δὲ
2912 2903 2969 2957 σὲ
3020 2905 3156 2959 κατὰ
3200 2906 3300 2973 τήν
3357 2902 3587 2980 τετράδα
3633 2905 3826 2982 ἀφίξο-

2189 3011 2305 3062 μαι.

2253 3084 2362 3147 Τῆς
2393 3076 2654 3150 δουλικῆς
2686 3080 2776 3135 καὶ
2805 3081 2971 3135 ταῦτα
3002 3083 3211 3157 χειρός.

2808 3198 2880 3254 Θ’.
2906 3199 2999 3270 Ίῷ
3029 3196 3194 3269 αὐτῷ.

2258 3296 2361 3351 Οἴα
2387 3315 2506 3362 σου,
2562 3300 2784 3370 Καῖσαρ,
2839 3295 2905 3350 τὰ
2935 3294 3323 3369 ἐνθυμήματαί
3375 3297 3460 3350 οἷα
3492 3294 3547 3350 δὲ
3589 3298 3660 3351 τὰ
3693 3298 3835 3372 βου-

2186 3382 2429 3454 λεύματα
2474 3389 2572 3452 τῆς
2613 3385 2833 3458 ψυχῆςί
2888 3383 2990 3438 Δύο
3040 3406 3132 3457 μοι
3162 3390 3280 3447 ταῖς
3310 3390 3515 3459 πηγαῖς
3569 3384 3841 3455 ἐξέτεινας

2188 3472 2430 3546 ἀγωγάς,
2483 3469 2576 3525 ’ἱνα
2636 3494 2739 3544 μου
2785 3471 2912 3528 ὅλον
2965 3473 3273 3549 ἐκφορήσῃς
3308 3474 3372 3527 τὸ
3403 3471 3569 3549 ὕδωρ,
3598 3472 3685 3527 ἵνα
3721 3497 3840 3547 μου

2187 3568 2357 3616 πᾶσαν
2428 3559 2798 3635 ἐκδαπανήσῃς
2866 3563 2964 3630 τὴν
3041 3562 3250 3637 βρῦσιν.
3316 3563 3445 3618 Εἶτα
3494 3560 3561 3630 δὴ
3620 3562 3853 3636 ἀγνοεῖς

2190 3649 2271 3703 ὅτι
2317 3649 2581 3704 ἀκὲνωτον
2626 3648 2740 3725 ἔχω
2792 3652 2853 3705 τὸ
2886 3653 3078 3725 ῥεῦμα,
3108 3652 3220 3724 καὶ,
3253 3650 3375 3705 ὅσον
3427 3650 3484 3705 ἂν
3542 3649 3859 3720 ἐκθηλάζοι

2188 3760 2290 3806 τις,
2346 3743 2601 3792 τοσοῦτον
2659 3739 2786 3802 τοὺς
2818 3740 3022 3814 πόρους
3053 3739 3353 3811 ἀναστομοῖ
3396 3739 3607 3802 καὶτὰς
3638 3736 3863 3813 φλέϐας

2192 3826 2398 3901 εὐρόνει
2453 3829 2588 3903 πρὸς
2635 3829 2733 3895 τήν
2799 3827 2859 3882 ἐκ
2906 3829 3105 3903 βάθους
3164 3828 3482 3904 ἀπορῥοην;
3563 3826 3701 3884 Οἶδα
3768 3828 3866 3883 ὅτι

2194 3913 2362 3977 δεινὸς
2416 3917 2466 3969 εἴ
2512 3918 2601 3971 καὶ
2650 3917 2786 3992 πρὸς
2843 3923 3016 3971 πᾶσαν
3073 3917 3267 3991 ἀρετὴν
3326 3914 3629 3992 περιδέξιος
3664 3961 3681 3985 ,
3762 3917 3866 3971 καὶ

2197 4003 2382 4079 βούλει
2446 4006 2539 4058 τὸν
2598 4005 3030 4081 ἐγκεκρυμμένον
3090 4027 3185 4078 μοι
3246 4002 3582 4079 μαργαρίτην
3629 4000 3865 4071 λαϐεῖν,

2188 4092 2211 4113 τι
2248 4094 2261 4113 ι
2500 4094 2510 4110 ι
2729 4099 2752 4109 ~
2955 4094 2970 4110 κ
3068 4098 3094 4108 ~
3221 4098 3245 4108 ν
3294 4091 3318 4109 λ
3387 4090 3410 4109 κ
3704 4092 3750 4113 ,ς

2199 4116 2240 4148 ιν
2317 4094 2628 4169 εγκσλαψῃς
2660 4116 2853 4149 τουτον
2884 4093 2971 4149 ἐπι
3003 4115 3099 4148 του
3154 4114 3251 4148 σου
3291 4095 3650 4164 οιαοήματος.
3687 4099 3771 4147 Συ
3805 4091 3866 4146 δὲ

2199 4204 2291 4255 μοι
2337 4180 2462 4237 οὐδὲ
2503 4182 2615 4251 ἓνα,
2674 4181 2821 4237 ἀλλά
2878 4182 3123 4244 πολλοὺς
3178 4179 3285 4252 ἤδη
3332 4180 3629 4258 κέκλοφας·
3661 4183 3763 4235 τὸν
3805 4180 3865 4237 δὲ

2196 4294 2259 4347 γε
2323 4272 2541 4345 μείζονα
2590 4271 2819 4345 τούτων,
2873 4272 2963 4326 καὶ
3018 4271 3342 4327 λευκότατον
3402 4271 3497 4343 μὶν
3555 4269 3638 4342 τῷ
3690 4274 3863 4345 χρώ-

2200 4382 2326 4433 ματι
2358 4360 2803 4437 περιφερὲστατον
2856 4359 2913 4414 δὶ
2953 4365 3032 4432 τῷ
3080 4362 3350 4435 σχήματι,
3393 4359 3452 4414 οὐ
3504 4355 3713 4433 δυνήσῃ
3770 4380 3866 4413 πε-

2198 4444 2466 4525 ριλαϐεῖν.
2518 4453 2676 4524 "Exin
2725 4450 2824 4525 γάρ
2872 4454 3062 4503 τοῦτον
3123 4449 3173 4503 ἐν
3229 4454 3344 4510 τοῖς
3400 4452 3667 4522 ψυχικοῖς
3714 4446 3863 4503 κόλ-

2199 4560 2349 4609 ποις,
2408 4538 2469 4592 οὗ
2514 4539 2588 4611 μὴ
2654 4539 2938 4615 φθάνουσιν
2997 4538 3050 4593 αἱ
3100 4544 3281 4613 χεῖρες
3336 4542 3432 4591 τοῦ
3486 4535 3862 4598 κλέπτοντος.

446 4628 735 4684 cumfodis
768 4629 1177 4685 circulariter?
1207 4612 1560 4687 inviolabilis
1585 4650 1716 4687 sum
1736 4634 1793 4686 in
1817 4633 2077 4687 doctrina

2199 4628 2259 4682 Τί
2310 4649 2375 4701 με
2439 4628 2796 4699 περικυκλιῖς
2854 4628 3139 4699 πάντοθεν,
3194 4627 3283 4681 καὶ
3340 4625 3717 4701 περιορύττεις
3764 4627 3871 4679 κύ-

444 4717 744 4772 thesauro.
777 4717 1069 4780 Quantum
1103 4735 1131 4772 ο
1164 4722 1335 4789 puteo
1367 4719 1761 4786 hauris,tanto
1793 4720 2090 4792 copiosius

448 4808 737 4861 ﬂuentum
767 4806 972 4872 efﬁcis,
995 4807 1219 4863 Eximia
1249 4812 1441 4864 autem
1475 4815 1577 4865 tua
1608 4809 1744 4865 furti
1778 4809 2006 4882 peritia.

520 5075 615 5132 Sol
649 5074 905 5131 naturali
938 5074 1152 5131 virtute
1182 5081 1240 5131 et
1273 5077 1553 5135 facultate
1584 5079 1984 5135 calidissimus
2005 5081 2094 5133 est

2201 4716 2381 4771 κλωσε
2406 4736 2419 4786 ;
2454 4714 2653 4779 ἄσυλός
2686 4715 2799 4790 εἷ’μι
2824 4717 2913 4771 τὸν
2940 4718 3040 4785 τῆς
3068 4717 3314 4791 γνώσεως
3359 4715 3655 4788 θησαυρόν.
3687 4716 3867 4771 Ὅσον

2203 4804 2478 4881 ἀπαρόττῃ
2532 4810 2628 4860 τοῦ
2699 4804 2946 4882 φρέατος,
3014 4808 3271 4859 τοσοῦτον
3350 4801 3771 4877 πλουσιώτερον
3842 4804 3872 4857 ὁ

2202 4899 2346 4966 νᾶμα
2402 4900 2598 4957 ποιεῖς.
2657 4896 2959 4971 Ὑπερφυής
3014 4891 3070 4948 δὲ
3129 4914 3224 4947 σου
3277 4893 3363 4947 καὶ
3424 4894 3460 4961 ἠ
3509 4899 3611 4960 τῆς
3638 4890 3874 4959 κλοπ-ξς

2198 4982 2392 5057 τέγνη.

2276 5072 2330 5123 Ὀ
2370 5069 2533 5139 ἥλιος
2584 5073 2782 5148 φυσικῇ
2830 5067 3051 5143 δυνάμει
3102 5069 3191 5125 καὶ
3241 5068 3526 5145 περιουσίᾳ
3584 5071 3878 5143 θερμότα-

2204 5182 2296 5224 τος
2334 5160 2582 5223 ἐλκτικὸς
2640 5159 2748 5215 ἐστι
2805 5162 2904 5229 τῆς
2933 5159 2981 5213 ἐν
3032 5164 3110 5230 τῷ
3171 5160 3319 5234 βάθει
3374 5159 3701 5234 ὑγρότητος.
3770 5160 3886 5213 Διά

2202 5254 2369 5304 ταῦτα
2395 5248 2551 5324 ἔαρος
2596 5250 2685 5303 καὶ
2736 5251 2926 5323 θέρους
2974 5246 3294 5318 πλησιάζων
3342 5250 3478 5320 ἡμῖν
3512 5244 3733 5301 ἀνέλκει
3772 5250 3889 5315 τήν

2208 5339 2259 5393 ἐν
2333 5344 2446 5400 τοῖς
2526 5334 2767 5412 δένδροις
2832 5334 3039 5409 ἰκμάδα
3112 5338 3202 5391 καὶ
3261 5331 3499 5411 ἔγκαρπα
3541 5336 3609 5388 τὰ
3665 5333 3891 5409 δένδρα

2208 5433 2372 5481 ποιεῖ·
2434 5428 2494 5481 οὐ
2557 5428 2663 5498 μήν
2698 5425 2966 5481 ἐπιτάσσει
3017 5427 3105 5481 καὶ
3134 5430 3203 5499 τῇ
3238 5424 3440 5499 σελήνῃ
3470 5424 3573 5491 τὴν
3599 5425 3894 5494 τοιαύτην

448 5170 737 5221 extractor
769 5164 1034 5219 humoris
1067 5165 1505 5223 immensitatis.
1541 5169 1758 5222 Idcirco
1794 5169 1849 5222 in
1878 5184 2007 5222 vere
2039 5171 2097 5221 et

450 5260 647 5309 instate
677 5252 847 5309 nobis
877 5254 1262 5325 propinquior
1292 5257 1478 5311 factus
1527 5256 1768 5311 attrahit
1818 5256 2093 5311 arborum

452 5342 778 5405 humorem,
810 5346 866 5395 et
912 5342 1241 5397 fructiferas
1291 5342 1421 5398 illas
1468 5343 1682 5397 efficit:
1736 5361 1849 5399 non
1896 5349 2094 5399 autem

454 5430 677 5497 delegat
730 5430 880 5483 lunae
923 5432 1188 5485 eamdem
1236 5432 1590 5485 facultatem.
1642 5432 1726 5486 Tu
1782 5449 1915 5486 vero
1953 5430 2094 5485 mihi

456 5536 620 5572 meus
666 5518 750 5572 sol
804 5522 966 5572 tuam
1020 5521 1218 5574 lunam
1270 5520 1687 5590 circumegisti,
1738 5525 1792 5574 et
1829 5522 2004 5588 jubes
2036 5524 2099 5573 ut

454 5609 678 5679 aliquid
710 5609 889 5663 etiam
924 5609 1053 5680 ipsa
1082 5628 1111 5665 e
1145 5628 1271 5665 meo
1303 5612 1458 5665 fonte
1488 5611 1738 5666 hauriat.
1774 5609 1919 5675 Quid
1953 5610 2098 5664 mihi

458 5712 667 5751 caseus
697 5701 754 5751 et
785 5697 1059 5769 butyrum
1082 5700 1109 5752 ‘2
1139 5698 1416 5755 illecebrae
1457 5705 1596 5756 sunt
1644 5701 1753 5756 ista
1801 5704 1858 5755 et
1905 5698 2098 5755 viscus

2208 5516 2499 5590 ἐνέργειαν.
2548 5516 2623 5569 Σὺ
2656 5514 2711 5570 δὲ
2762 5536 2855 5588 μοι
2888 5517 2915 5569 ὁ
2948 5514 3078 5587 ἐμὸς
3124 5513 3289 5583 ἥλιος
3337 5514 3426 5567 καὶ
3472 5514 3572 5581 τὴν
3624 5515 3724 5583 cf”
3775 5535 3894 5567 πεο

2210 5605 2495 5681 ριὲστησας
2553 5603 2805 5677 σελήνην,
2855 5606 2943 5660 καὶ
3002 5604 3309 5680 ἐπιτρέπεις
3360 5601 3456 5657 ’ἱνα
3513 5624 3569 5657 τι
3598 5603 3690 5656 καί
3723 5604 3896 5673 αὐτή

2210 5695 2313 5749 ἀπὸ
2358 5702 2459 5764 τῆς
2492 5694 2628 5767 ἐμῆς
2659 5702 2843 5769 πηγῆς
2890 5692 3222 5768 ἀπαρύηται.
3280 5692 3339 5746 Τί
3399 5712 3493 5764 μοι
3551 5694 3646 5746 τὸν
3696 5697 3902 5769 τυρὸν
