  <div class='ocr_page' id='page_1' title='image "/cluster/home/n/w/nwhite01/storage/ocr_20150623/122/hvd.32044073502460/610.png"; bbox 0 0 4060 6214; ppageno 0'>
   <div class='ocr_carea' id='block_1_1' title="bbox 316 390 473 448">
    <p class='ocr_par' dir='ltr' id='par_1_1' title="bbox 316 390 473 448">
     <span class='ocr_line' id='line_1_1' title="bbox 316 390 473 448; baseline -0.006 -2"><span class='ocrx_word' id='word_1_1' title='bbox 316 390 344 446; x_wconf 75' lang='grc'><strong>1</strong></span> <span class='ocrx_word' id='word_1_2' title='bbox 361 390 473 448; x_wconf 80' lang='grc'>1⁸77</span> 
     </span>
    </p>
   </div>
   <div class='ocr_carea' id='block_1_2' title="bbox 1815 380 2244 443">
    <p class='ocr_par' dir='ltr' id='par_1_2' title="bbox 1815 380 2244 443">
     <span class='ocr_line' id='line_1_2' title="bbox 1815 380 2244 443; baseline -0.002 -4"><span class='ocrx_word' id='word_1_3' title='bbox 1815 380 2244 443; x_wconf 68' lang='lat' dir='ltr'>EPISTOL/E.</span> 
     </span>
    </p>
   </div>
   <div class='ocr_carea' id='block_1_3' title="bbox 3573 393 3727 451">
    <p class='ocr_par' dir='ltr' id='par_1_3' title="bbox 3573 393 3727 451">
     <span class='ocr_line' id='line_1_3' title="bbox 3573 393 3727 451; baseline 0.013 -2"><span class='ocrx_word' id='word_1_4' title='bbox 3573 393 3727 451; x_wconf 75' lang='grc'>11⁵18</span> 
     </span>
    </p>
   </div>
   <div class='ocr_carea' id='block_1_4' title="bbox 316 513 1981 594">
    <p class='ocr_par' dir='ltr' id='par_1_4' title="bbox 316 513 1971 594">
     <span class='ocr_line' id='line_1_4' title="bbox 316 513 1971 594; baseline -0.004 -18"><span class='ocrx_word' id='word_1_5' title='bbox 316 522 410 576; x_wconf 80' lang='grc' dir='ltr'>καὶ</span> <span class='ocrx_word' id='word_1_6' title='bbox 462 521 526 574; x_wconf 85' lang='grc' dir='ltr'>τὸ</span> <span class='ocrx_word' id='word_1_7' title='bbox 585 519 890 594; x_wconf 85' lang='grc' dir='ltr'>βούτυρον;</span> <span class='ocrx_word' id='word_1_8' title='bbox 953 514 1294 589; x_wconf 77' lang='grc' dir='ltr'>δελεάσματα</span> <span class='ocrx_word' id='word_1_9' title='bbox 1363 518 1531 570; x_wconf 78' lang='grc' dir='ltr'>ταῦτα</span> <span class='ocrx_word' id='word_1_10' title='bbox 1587 513 1675 569; x_wconf 62' lang='lat' dir='ltr'>xui</span> <span class='ocrx_word' id='word_1_11' title='bbox 1731 513 1831 584; x_wconf 79' lang='grc' dir='ltr'><strong>ἷξοί</strong></span> <span class='ocrx_word' id='word_1_12' title='bbox 1882 516 1971 569; x_wconf 81' lang='grc' dir='ltr'>καὶ</span> 
     </span>
    </p>
   </div>
   <div class='ocr_carea' id='block_1_5' title="bbox 2095 513 3726 594">
    <p class='ocr_par' dir='ltr' id='par_1_5' title="bbox 2095 519 3726 594">
     <span class='ocr_line' id='line_1_5' title="bbox 2095 519 3726 594; baseline 0.004 -19"><span class='ocrx_word' id='word_1_13' title='bbox 2095 523 2141 575; x_wconf 79' lang='lat' dir='ltr'>et</span> <span class='ocrx_word' id='word_1_14' title='bbox 2172 519 2339 588; x_wconf 91' lang='lat' dir='ltr'>retia,</span> <span class='ocrx_word' id='word_1_15' title='bbox 2372 523 2435 575; x_wconf 91' lang='lat' dir='ltr'>ut</span> <span class='ocrx_word' id='word_1_16' title='bbox 2466 535 2559 576; x_wconf 89' lang='lat' dir='ltr'>me</span> <span class='ocrx_word' id='word_1_17' title='bbox 2590 522 2778 576; x_wconf 91' lang='lat' dir='ltr'>totum</span> <span class='ocrx_word' id='word_1_18' title='bbox 2809 520 3008 592; x_wconf 86' lang='lat' dir='ltr'>capias</span> <span class='ocrx_word' id='word_1_19' title='bbox 3038 525 3094 577; x_wconf 90' lang='lat' dir='ltr'>et</span> <span class='ocrx_word' id='word_1_20' title='bbox 3124 521 3240 577; x_wconf 85' lang='lat' dir='ltr'>tuis</span> <span class='ocrx_word' id='word_1_21' title='bbox 3265 521 3494 594; x_wconf 86' lang='lat' dir='ltr'>laqueis</span> <span class='ocrx_word' id='word_1_22' title='bbox 3540 525 3726 582; x_wconf 89' lang='lat' dir='ltr'>invol-</span> 
     </span>
    </p>
   </div>
   <div class='ocr_carea' id='block_1_6' title="bbox 318 603 1966 684">
    <p class='ocr_par' dir='ltr' id='par_1_6' title="bbox 318 603 1966 684">
     <span class='ocr_line' id='line_1_6' title="bbox 318 603 1966 684; baseline -0.005 -20"><span class='ocrx_word' id='word_1_23' title='bbox 318 611 490 684; x_wconf 86' lang='grc' dir='ltr'>πάγαι</span> <span class='ocrx_word' id='word_1_24' title='bbox 551 609 719 680; x_wconf 79' lang='grc' dir='ltr'>εἰσὶν,</span> <span class='ocrx_word' id='word_1_25' title='bbox 775 605 867 660; x_wconf 71' lang='grc' dir='ltr'>’ίνα</span> <span class='ocrx_word' id='word_1_26' title='bbox 926 627 992 679; x_wconf 87' lang='grc' dir='ltr'>με</span> <span class='ocrx_word' id='word_1_27' title='bbox 1047 603 1178 659; x_wconf 90' lang='grc' dir='ltr'>ὅλον</span> <span class='ocrx_word' id='word_1_28' title='bbox 1237 605 1484 678; x_wconf 75' lang='grc' dir='ltr'>θηράσῃς</span> <span class='ocrx_word' id='word_1_29' title='bbox 1541 603 1629 658; x_wconf 81' lang='grc' dir='ltr'>καὶ</span> <span class='ocrx_word' id='word_1_30' title='bbox 1681 609 1794 664; x_wconf 82' lang='grc' dir='ltr'>τοῖς</span> <span class='ocrx_word' id='word_1_31' title='bbox 1853 609 1966 665; x_wconf 82' lang='grc' dir='ltr'>σοῖς</span> 
     </span>
    </p>
   </div>
   <div class='ocr_carea' id='block_1_7' title="bbox 319 693 1969 775">
    <p class='ocr_par' dir='ltr' id='par_1_7' title="bbox 319 693 1969 775">
     <span class='ocr_line' id='line_1_7' title="bbox 319 693 1969 775; baseline -0.004 -22"><span class='ocrx_word' id='word_1_32' title='bbox 319 698 678 775; x_wconf 74' lang='grc' dir='ltr'>περισφίγξῃς</span> <span class='ocrx_word' id='word_1_33' title='bbox 739 693 1002 765; x_wconf 79' lang='grc' dir='ltr'>δικτύοις,</span> <span class='ocrx_word' id='word_1_34' title='bbox 1061 694 1094 762; x_wconf 74' lang='grc' dir='ltr'>ἢ</span> <span class='ocrx_word' id='word_1_35' title='bbox 1162 695 1344 770; x_wconf 84' lang='grc' dir='ltr'>ὥσπερ</span> <span class='ocrx_word' id='word_1_36' title='bbox 1405 693 1562 767; x_wconf 69' lang='grc' dir='ltr'>ἰχθύν</span> <span class='ocrx_word' id='word_1_37' title='bbox 1621 693 1969 767; x_wconf 78' lang='grc' dir='ltr'>ὑπεξαγαγὼν</span> 
     </span>
    </p>
   </div>
   <div class='ocr_carea' id='block_1_8' title="bbox 320 781 1972 858">
    <p class='ocr_par' dir='ltr' id='par_1_8' title="bbox 320 781 1972 858">
     <span class='ocr_line' id='line_1_8' title="bbox 320 781 1972 858; baseline -0.004 -17"><span class='ocrx_word' id='word_1_38' title='bbox 320 791 418 857; x_wconf 74' lang='grc' dir='ltr'>τῆς</span> <span class='ocrx_word' id='word_1_39' title='bbox 479 784 775 855; x_wconf 78' lang='grc' dir='ltr'>θαλάσσης,</span> <span class='ocrx_word' id='word_1_40' title='bbox 833 784 868 852; x_wconf 74' lang='grc' dir='ltr'><strong>ἢ</strong></span> <span class='ocrx_word' id='word_1_41' title='bbox 923 784 1102 858; x_wconf 85' lang='grc' dir='ltr'>ὥσπερ</span> <span class='ocrx_word' id='word_1_42' title='bbox 1154 784 1357 853; x_wconf 87' lang='grc' dir='ltr'>πτηνὸν</span> <span class='ocrx_word' id='word_1_43' title='bbox 1421 782 1480 836; x_wconf 76' lang='grc' dir='ltr'>ἐκ</span> <span class='ocrx_word' id='word_1_44' title='bbox 1506 786 1602 836; x_wconf 76' lang='grc' dir='ltr'>τοῦ</span> <span class='ocrx_word' id='word_1_45' title='bbox 1629 781 1783 856; x_wconf 70' lang='grc' dir='ltr'>ἀέρος</span> <span class='ocrx_word' id='word_1_46' title='bbox 1817 802 1972 836; x_wconf 83' lang='grc' dir='ltr'>κατε-</span> 
     </span>
    </p>
   </div>
   <div class='ocr_carea' id='block_1_9' title="bbox 320 869 1971 952">
    <p class='ocr_par' dir='ltr' id='par_1_9' title="bbox 320 869 1971 952">
     <span class='ocr_line' id='line_1_9' title="bbox 320 869 1971 952; baseline -0.005 -21"><span class='ocrx_word' id='word_1_47' title='bbox 320 877 544 952; x_wconf 82' lang='grc' dir='ltr'>νεγκών.</span> <span class='ocrx_word' id='word_1_48' title='bbox 609 874 729 929; x_wconf 80' lang='grc' dir='ltr'>Ἐπὶ</span> <span class='ocrx_word' id='word_1_49' title='bbox 786 873 914 936; x_wconf 77' lang='grc' dir='ltr'>τοὺς</span> <span class='ocrx_word' id='word_1_50' title='bbox 967 870 1196 948; x_wconf 73' lang='grc' dir='ltr'>ἄρκτους</span> <span class='ocrx_word' id='word_1_51' title='bbox 1254 872 1342 926; x_wconf 82' lang='grc' dir='ltr'>καὶ</span> <span class='ocrx_word' id='word_1_52' title='bbox 1400 871 1525 933; x_wconf 74' lang='grc' dir='ltr'>τοὺς</span> <span class='ocrx_word' id='word_1_53' title='bbox 1558 869 1855 946; x_wconf 70' lang='grc' dir='ltr'>παρδάλεις</span> 
     </span>
    </p>
   </div>
   <div class='ocr_carea' id='block_1_10' title="bbox 324 956 1971 1041">
    <p class='ocr_par' dir='ltr' id='par_1_10' title="bbox 324 956 1971 1041">
     <span class='ocr_line' id='line_1_10' title="bbox 324 956 1971 1041; baseline -0.004 -22"><span class='ocrx_word' id='word_1_54' title='bbox 324 967 595 1041; x_wconf 78' lang='grc' dir='ltr'>θηρατικῇ</span> <span class='ocrx_word' id='word_1_55' title='bbox 652 964 819 1037; x_wconf 70' lang='grc' dir='ltr'>τέχνῃ</span> <span class='ocrx_word' id='word_1_56' title='bbox 879 983 974 1016; x_wconf 92' lang='grc' dir='ltr'>σου</span> <span class='ocrx_word' id='word_1_57' title='bbox 1029 967 1176 1038; x_wconf 86' lang='grc' dir='ltr'>χρῶ·</span> <span class='ocrx_word' id='word_1_58' title='bbox 1235 960 1332 1033; x_wconf 74' lang='grc' dir='ltr'>ἐμὲ</span> <span class='ocrx_word' id='word_1_59' title='bbox 1392 959 1448 1015; x_wconf 78' lang='grc' dir='ltr'>δὲ</span> <span class='ocrx_word' id='word_1_60' title='bbox 1508 961 1607 1015; x_wconf 76' lang='grc' dir='ltr'>οὐκ</span> <span class='ocrx_word' id='word_1_61' title='bbox 1663 959 1722 1014; x_wconf 77' lang='grc' dir='ltr'>ἂν</span> <span class='ocrx_word' id='word_1_62' title='bbox 1779 956 1971 1021; x_wconf 74' lang='grc' dir='ltr'>λάϐοις</span> 
     </span>
    </p>
   </div>
   <div class='ocr_carea' id='block_1_11' title="bbox 318 1046 1970 1125">
    <p class='ocr_par' dir='ltr' id='par_1_11' title="bbox 318 1046 1970 1125">
     <span class='ocr_line' id='line_1_11' title="bbox 318 1046 1970 1125; baseline -0.002 -16"><span class='ocrx_word' id='word_1_63' title='bbox 318 1055 472 1122; x_wconf 72' lang='grc' dir='ltr'>ποτε,</span> <span class='ocrx_word' id='word_1_64' title='bbox 533 1049 657 1107; x_wconf 75' lang='grc' dir='ltr'>οὐδὲ</span> <span class='ocrx_word' id='word_1_65' title='bbox 716 1050 1114 1125; x_wconf 79' lang='grc' dir='ltr'>διασπαράξεις,</span> <span class='ocrx_word' id='word_1_66' title='bbox 1178 1047 1301 1104; x_wconf 75' lang='grc' dir='ltr'>οὔτε</span> <span class='ocrx_word' id='word_1_67' title='bbox 1325 1050 1498 1120; x_wconf 81' lang='grc' dir='ltr'>κυσὶν,</span> <span class='ocrx_word' id='word_1_68' title='bbox 1554 1046 1676 1104; x_wconf 74' lang='grc' dir='ltr'>οὗτε</span> <span class='ocrx_word' id='word_1_69' title='bbox 1728 1046 1970 1124; x_wconf 82' lang='grc' dir='ltr'>δόρασιν.</span> 
     </span>
    </p>
   </div>
   <div class='ocr_carea' id='block_1_12' title="bbox 318 1139 1970 1216">
    <p class='ocr_par' dir='ltr' id='par_1_12' title="bbox 318 1139 1970 1216">
     <span class='ocr_line' id='line_1_12' title="bbox 318 1139 1970 1216; baseline -0.004 -17"><span class='ocrx_word' id='word_1_70' title='bbox 318 1148 436 1199; x_wconf 83' lang='grc' dir='ltr'>Ἵνα</span> <span class='ocrx_word' id='word_1_71' title='bbox 479 1140 536 1196; x_wconf 74' lang='grc' dir='ltr'>δὲ</span> <span class='ocrx_word' id='word_1_72' title='bbox 595 1163 679 1196; x_wconf 87' lang='grc' dir='ltr'>σοι</span> <span class='ocrx_word' id='word_1_73' title='bbox 707 1140 941 1211; x_wconf 72' lang='grc' dir='ltr'>τάληθὲς</span> <span class='ocrx_word' id='word_1_74' title='bbox 975 1143 1100 1216; x_wconf 84' lang='grc' dir='ltr'>ἐρῶ·</span> <span class='ocrx_word' id='word_1_75' title='bbox 1161 1139 1291 1202; x_wconf 90' lang='grc' dir='ltr'>ὅλος</span> <span class='ocrx_word' id='word_1_76' title='bbox 1343 1139 1453 1215; x_wconf 83' lang='grc' dir='ltr'>ἐγώ</span> <span class='ocrx_word' id='word_1_77' title='bbox 1512 1160 1596 1194; x_wconf 88' lang='grc' dir='ltr'>σοι</span> <span class='ocrx_word' id='word_1_78' title='bbox 1641 1142 1970 1214; x_wconf 74' lang='grc' dir='ltr'>τεθήραμαι,</span> 
     </span>
    </p>
   </div>
   <div class='ocr_carea' id='block_1_13' title="bbox 317 1226 1970 1305">
    <p class='ocr_par' dir='ltr' id='par_1_13' title="bbox 317 1226 1970 1305">
     <span class='ocr_line' id='line_1_13' title="bbox 317 1226 1970 1305; baseline -0.001 -22"><span class='ocrx_word' id='word_1_79' title='bbox 317 1231 410 1283; x_wconf 82' lang='grc' dir='ltr'>καί</span> <span class='ocrx_word' id='word_1_80' title='bbox 463 1251 529 1304; x_wconf 90' lang='grc' dir='ltr'>με</span> <span class='ocrx_word' id='word_1_81' title='bbox 576 1226 722 1305; x_wconf 79' lang='grc' dir='ltr'>ἔχεις</span> <span class='ocrx_word' id='word_1_82' title='bbox 782 1228 832 1283; x_wconf 78' lang='grc' dir='ltr'>ἐν</span> <span class='ocrx_word' id='word_1_83' title='bbox 892 1234 1010 1290; x_wconf 80' lang='grc' dir='ltr'>ταῖς</span> <span class='ocrx_word' id='word_1_84' title='bbox 1070 1230 1281 1302; x_wconf 73' lang='grc' dir='ltr'>χερσὶν,</span> <span class='ocrx_word' id='word_1_85' title='bbox 1333 1227 1584 1303; x_wconf 75' lang='grc' dir='ltr'>ἔμψυχον</span> <span class='ocrx_word' id='word_1_86' title='bbox 1616 1228 1705 1282; x_wconf 80' lang='grc' dir='ltr'>καὶ</span> <span class='ocrx_word' id='word_1_87' title='bbox 1736 1227 1840 1296; x_wconf 76' lang='grc' dir='ltr'>ἡδὺ</span> <span class='ocrx_word' id='word_1_88' title='bbox 1874 1230 1970 1298; x_wconf 73' lang='grc' dir='ltr'>θή-</span> 
     </span>
    </p>
   </div>
   <div class='ocr_carea' id='block_1_14' title="bbox 323 1315 1968 1394">
    <p class='ocr_par' dir='ltr' id='par_1_14' title="bbox 323 1315 1968 1394">
     <span class='ocr_line' id='line_1_14' title="bbox 323 1315 1968 1394; baseline -0.002 -21"><span class='ocrx_word' id='word_1_89' title='bbox 323 1339 492 1394; x_wconf 85' lang='grc' dir='ltr'>ραμα,</span> <span class='ocrx_word' id='word_1_90' title='bbox 545 1319 633 1373; x_wconf 80' lang='grc' dir='ltr'>καὶ</span> <span class='ocrx_word' id='word_1_91' title='bbox 667 1316 900 1378; x_wconf 82' lang='grc' dir='ltr'>λεαίνεις</span> <span class='ocrx_word' id='word_1_92' title='bbox 958 1317 1009 1370; x_wconf 82' lang='grc' dir='ltr'>ἐν</span> <span class='ocrx_word' id='word_1_93' title='bbox 1066 1323 1184 1379; x_wconf 80' lang='grc' dir='ltr'>τοῖς</span> <span class='ocrx_word' id='word_1_94' title='bbox 1242 1315 1448 1386; x_wconf 74' lang='grc' dir='ltr'>ὀδοῦσι,</span> <span class='ocrx_word' id='word_1_95' title='bbox 1505 1315 1718 1390; x_wconf 74' lang='grc' dir='ltr'>μᾶλλον</span> <span class='ocrx_word' id='word_1_96' title='bbox 1753 1315 1808 1371; x_wconf 74' lang='grc' dir='ltr'>δὲ</span> <span class='ocrx_word' id='word_1_97' title='bbox 1841 1315 1968 1371; x_wconf 86' lang='grc' dir='ltr'>ὅλον</span> 
     </span>
    </p>
   </div>
   <div class='ocr_carea' id='block_1_15' title="bbox 325 1405 1972 1483">
    <p class='ocr_par' dir='ltr' id='par_1_15' title="bbox 325 1405 1972 1483">
     <span class='ocr_line' id='line_1_15' title="bbox 325 1405 1972 1483; baseline -0.002 -20"><span class='ocrx_word' id='word_1_98' title='bbox 325 1409 378 1463; x_wconf 79' lang='grc' dir='ltr'>ἐν</span> <span class='ocrx_word' id='word_1_99' title='bbox 409 1412 476 1482; x_wconf 78' lang='grc' dir='ltr'>τῇ</span> <span class='ocrx_word' id='word_1_100' title='bbox 729 1429 824 1462; x_wconf 89' lang='grc' dir='ltr'>σου</span> <span class='ocrx_word' id='word_1_101' title='bbox 886 1405 1234 1481; x_wconf 70' lang='grc' dir='ltr'>συνείληφας.</span> <span class='ocrx_word' id='word_1_102' title='bbox 1301 1407 1366 1464; x_wconf 91' lang='grc' dir='ltr'>Τί</span> <span class='ocrx_word' id='word_1_103' title='bbox 1426 1408 1528 1483; x_wconf 77' lang='grc' dir='ltr'>γάρ</span> <span class='ocrx_word' id='word_1_104' title='bbox 1586 1407 1858 1482; x_wconf 76' lang='grc' dir='ltr'>ἀθήρατόν</span> <span class='ocrx_word' id='word_1_105' title='bbox 1888 1428 1972 1460; x_wconf 91' lang='grc' dir='ltr'>σοι</span> 
     </span>
    </p>
   </div>
   <div class='ocr_carea' id='block_1_16' title="bbox 321 1494 1970 1572">
    <p class='ocr_par' dir='ltr' id='par_1_16' title="bbox 321 1494 1970 1572">
     <span class='ocr_line' id='line_1_16' title="bbox 321 1494 1970 1572; baseline -0.002 -20"><span class='ocrx_word' id='word_1_106' title='bbox 321 1503 431 1552; x_wconf 86' lang='grc' dir='ltr'>τῶν</span> <span class='ocrx_word' id='word_1_107' title='bbox 490 1496 634 1570; x_wconf 78' lang='grc' dir='ltr'>ἐμῶν</span> <span class='ocrx_word' id='word_1_108' title='bbox 697 1495 968 1572; x_wconf 69' lang='grc' dir='ltr'>πὲφυκεν;</span> <span class='ocrx_word' id='word_1_109' title='bbox 1028 1498 1062 1564; x_wconf 77' lang='grc' dir='ltr'><strong>ἡ</strong></span> <span class='ocrx_word' id='word_1_110' title='bbox 1122 1497 1316 1570; x_wconf 65' lang='grc' dir='ltr'>ψυχῆς</span> <span class='ocrx_word' id='word_1_111' title='bbox 1365 1497 1439 1568; x_wconf 81' lang='grc' dir='ltr'>μὴ</span> <span class='ocrx_word' id='word_1_112' title='bbox 1499 1499 1660 1550; x_wconf 70' lang='grc' dir='ltr'>τοῦτο</span> <span class='ocrx_word' id='word_1_113' title='bbox 1692 1494 1970 1555; x_wconf 78' lang='grc' dir='ltr'>εἷ’ποιτις’</span> 
     </span>
    </p>
   </div>
   <div class='ocr_carea' id='block_1_17' title="bbox 324 1582 1971 1663">
    <p class='ocr_par' dir='ltr' id='par_1_17' title="bbox 324 1582 1971 1663">
     <span class='ocr_line' id='line_1_17' title="bbox 324 1582 1971 1663; baseline -0.002 -22"><span class='ocrx_word' id='word_1_114' title='bbox 324 1587 472 1643; x_wconf 79' lang='grc' dir='ltr'>ἀλλά</span> <span class='ocrx_word' id='word_1_115' title='bbox 524 1584 836 1663; x_wconf 74' lang='grc' dir='ltr'>διαρῥαγείη</span> <span class='ocrx_word' id='word_1_116' title='bbox 891 1582 1268 1659; x_wconf 74' lang='grc' dir='ltr'>ψευδόμενοςο</span> <span class='ocrx_word' id='word_1_117' title='bbox 1319 1587 1354 1655; x_wconf 83' lang='grc' dir='ltr'>ἡ</span> <span class='ocrx_word' id='word_1_118' title='bbox 1393 1583 1655 1660; x_wconf 83' lang='grc' dir='ltr'>γλῶσσα;</span> <span class='ocrx_word' id='word_1_119' title='bbox 1713 1583 1832 1640; x_wconf 75' lang='grc' dir='ltr'>ἰδού</span> <span class='ocrx_word' id='word_1_120' title='bbox 1888 1606 1971 1639; x_wconf 92' lang='grc' dir='ltr'>σοι</span> 
     </span>
    </p>
   </div>
   <div class='ocr_carea' id='block_1_18' title="bbox 325 1673 1973 1750">
    <p class='ocr_par' dir='ltr' id='par_1_18' title="bbox 325 1673 1973 1750">
     <span class='ocr_line' id='line_1_18' title="bbox 325 1673 1973 1750; baseline -0.001 -20"><span class='ocrx_word' id='word_1_121' title='bbox 325 1676 525 1746; x_wconf 86' lang='grc' dir='ltr'>ταύτην</span> <span class='ocrx_word' id='word_1_122' title='bbox 587 1675 808 1730; x_wconf 82' lang='grc' dir='ltr'>ἐκτείνω</span> <span class='ocrx_word' id='word_1_123' title='bbox 877 1675 929 1729; x_wconf 74' lang='grc' dir='ltr'>ἒν</span> <span class='ocrx_word' id='word_1_124' title='bbox 977 1673 1184 1750; x_wconf 80' lang='grc' dir='ltr'>λόγοις,</span> <span class='ocrx_word' id='word_1_125' title='bbox 1247 1674 1298 1728; x_wconf 81' lang='grc' dir='ltr'>ἐν</span> <span class='ocrx_word' id='word_1_126' title='bbox 1357 1673 1690 1742; x_wconf 76' lang='grc' dir='ltr'>ἐπιστολαῖς,</span> <span class='ocrx_word' id='word_1_127' title='bbox 1750 1673 1802 1728; x_wconf 86' lang='grc' dir='ltr'>ἐν</span> <span class='ocrx_word' id='word_1_128' title='bbox 1847 1696 1973 1747; x_wconf 82' lang='grc' dir='ltr'>συγ-</span> 
     </span>
    </p>
   </div>
   <div class='ocr_carea' id='block_1_19' title="bbox 323 1761 1976 1840">
    <p class='ocr_par' dir='ltr' id='par_1_19' title="bbox 323 1761 1976 1840">
     <span class='ocr_line' id='line_1_19' title="bbox 323 1761 1976 1840; baseline 0 -22"><span class='ocrx_word' id='word_1_129' title='bbox 323 1765 661 1840; x_wconf 60' lang='grc' dir='ltr'>γράμμασιν</span> <span class='ocrx_word' id='word_1_130' title='bbox 725 1763 770 1818; x_wconf 80' lang='grc' dir='ltr'>εἰ</span> <span class='ocrx_word' id='word_1_131' title='bbox 831 1761 888 1819; x_wconf 77' lang='grc' dir='ltr'>δὲ</span> <span class='ocrx_word' id='word_1_132' title='bbox 945 1763 1154 1840; x_wconf 87' lang='grc' dir='ltr'>βούλει,</span> <span class='ocrx_word' id='word_1_133' title='bbox 1187 1764 1273 1818; x_wconf 84' lang='grc' dir='ltr'>καὶ</span> <span class='ocrx_word' id='word_1_134' title='bbox 1325 1763 1488 1836; x_wconf 69' lang='grc' dir='ltr'>τέμνε</span> <span class='ocrx_word' id='word_1_135' title='bbox 1533 1765 1620 1818; x_wconf 85' lang='grc' dir='ltr'>καὶ</span> <span class='ocrx_word' id='word_1_136' title='bbox 1684 1765 1976 1838; x_wconf 82' lang='grc' dir='ltr'>σπάραττε·</span> 
     </span>
    </p>
   </div>
   <div class='ocr_carea' id='block_1_20' title="bbox 2077 607 3728 680">
    <p class='ocr_par' dir='ltr' id='par_1_20' title="bbox 2077 607 3728 680">
     <span class='ocr_line' id='line_1_20' title="bbox 2077 607 3728 680; baseline 0.003 -18"><span class='ocrx_word' id='word_1_137' title='bbox 2077 607 2294 678; x_wconf 88' lang='lat' dir='ltr'>vas,vel</span> <span class='ocrx_word' id='word_1_138' title='bbox 2327 612 2394 664; x_wconf 92' lang='lat' dir='ltr'>ut</span> <span class='ocrx_word' id='word_1_139' title='bbox 2422 609 2648 680; x_wconf 83' lang='lat' dir='ltr'>piscem</span> <span class='ocrx_word' id='word_1_140' title='bbox 2680 626 2709 665; x_wconf 88' lang='lat' dir='ltr'>e</span> <span class='ocrx_word' id='word_1_141' title='bbox 2741 609 2888 665; x_wconf 84' lang='lat' dir='ltr'>mari</span> <span class='ocrx_word' id='word_1_142' title='bbox 2920 610 3200 677; x_wconf 90' lang='lat' dir='ltr'>educens,</span> <span class='ocrx_word' id='word_1_143' title='bbox 3224 611 3308 666; x_wconf 85' lang='lat' dir='ltr'>vel</span> <span class='ocrx_word' id='word_1_144' title='bbox 3345 617 3407 667; x_wconf 90' lang='lat' dir='ltr'>ut</span> <span class='ocrx_word' id='word_1_145' title='bbox 3435 613 3728 670; x_wconf 79' lang='lat' dir='ltr'>volucrem</span> 
     </span>
    </p>
   </div>
   <div class='ocr_carea' id='block_1_21' title="bbox 2080 696 3731 770">
    <p class='ocr_par' dir='ltr' id='par_1_21' title="bbox 2080 696 3731 770">
     <span class='ocr_line' id='line_1_21' title="bbox 2080 696 3731 770; baseline 0.003 -19"><span class='ocrx_word' id='word_1_146' title='bbox 2080 712 2149 751; x_wconf 85' lang='lat' dir='ltr'>ex</span> <span class='ocrx_word' id='word_1_147' title='bbox 2171 714 2302 752; x_wconf 88' lang='lat' dir='ltr'>aere</span> <span class='ocrx_word' id='word_1_148' title='bbox 2325 696 2716 753; x_wconf 89' lang='lat' dir='ltr'>dimittens.ln</span> <span class='ocrx_word' id='word_1_149' title='bbox 2742 714 2913 754; x_wconf 86' lang='lat' dir='ltr'>ursos</span> <span class='ocrx_word' id='word_1_150' title='bbox 2934 703 2989 753; x_wconf 83' lang='lat' dir='ltr'>et</span> <span class='ocrx_word' id='word_1_151' title='bbox 3013 699 3332 770; x_wconf 81' lang='lat' dir='ltr'>pantheras</span> <span class='ocrx_word' id='word_1_152' title='bbox 3357 701 3731 756; x_wconf 85' lang='lat' dir='ltr'>tuavenatica</span> 
     </span>
    </p>
   </div>
   <div class='ocr_carea' id='block_1_22' title="bbox 2082 787 3728 860">
    <p class='ocr_par' dir='ltr' id='par_1_22' title="bbox 2082 787 3728 860">
     <span class='ocr_line' id='line_1_22' title="bbox 2082 787 3728 860; baseline 0.002 -20"><span class='ocrx_word' id='word_1_153' title='bbox 2082 791 2205 841; x_wconf 83' lang='lat' dir='ltr'>arts</span> <span class='ocrx_word' id='word_1_154' title='bbox 2226 791 2423 854; x_wconf 84' lang='lat' dir='ltr'>utere;</span> <span class='ocrx_word' id='word_1_155' title='bbox 2457 804 2546 842; x_wconf 90' lang='lat' dir='ltr'>me</span> <span class='ocrx_word' id='word_1_156' title='bbox 2568 793 2762 843; x_wconf 91' lang='lat' dir='ltr'>autem</span> <span class='ocrx_word' id='word_1_157' title='bbox 2790 805 3091 860; x_wconf 87' lang='lat' dir='ltr'>nunquam</span> <span class='ocrx_word' id='word_1_158' title='bbox 3131 787 3324 859; x_wconf 82' lang='lat' dir='ltr'>capies</span> <span class='ocrx_word' id='word_1_159' title='bbox 3349 794 3404 843; x_wconf 90' lang='lat' dir='ltr'>et</span> <span class='ocrx_word' id='word_1_160' title='bbox 3427 805 3728 860; x_wconf 86' lang='lat' dir='ltr'>nunquam</span> 
     </span>
    </p>
   </div>
   <div class='ocr_carea' id='block_1_23' title="bbox 2082 876 3735 948">
    <p class='ocr_par' dir='ltr' id='par_1_23' title="bbox 2082 876 3735 948">
     <span class='ocr_line' id='line_1_23' title="bbox 2082 876 3735 948; baseline 0 -18"><span class='ocrx_word' id='word_1_161' title='bbox 2082 876 2433 932; x_wconf 88' lang='lat' dir='ltr'>dilacerabis</span> <span class='ocrx_word' id='word_1_162' title='bbox 2457 894 2646 948; x_wconf 87' lang='lat' dir='ltr'>neque</span> <span class='ocrx_word' id='word_1_163' title='bbox 2665 878 2911 932; x_wconf 81' lang='lat' dir='ltr'>canibus</span> <span class='ocrx_word' id='word_1_164' title='bbox 2936 894 3125 948; x_wconf 89' lang='lat' dir='ltr'>neque</span> <span class='ocrx_word' id='word_1_165' title='bbox 3148 877 3380 932; x_wconf 89' lang='lat' dir='ltr'>telis.Ut</span> <span class='ocrx_word' id='word_1_166' title='bbox 3409 883 3606 934; x_wconf 89' lang='lat' dir='ltr'>autem</span> <span class='ocrx_word' id='word_1_167' title='bbox 3626 877 3735 932; x_wconf 85' lang='lat' dir='ltr'>tibi</span> 
     </span>
    </p>
   </div>
   <div class='ocr_carea' id='block_1_24' title="bbox 2081 965 3732 1038">
    <p class='ocr_par' dir='ltr' id='par_1_24' title="bbox 2081 965 3732 1038">
     <span class='ocr_line' id='line_1_24' title="bbox 2081 965 3732 1038; baseline -0.001 -18"><span class='ocrx_word' id='word_1_168' title='bbox 2081 982 2214 1020; x_wconf 88' lang='lat' dir='ltr'>vera</span> <span class='ocrx_word' id='word_1_169' title='bbox 2245 966 2467 1035; x_wconf 89' lang='lat' dir='ltr'>dicam;</span> <span class='ocrx_word' id='word_1_170' title='bbox 2503 971 2663 1021; x_wconf 90' lang='lat' dir='ltr'>totus</span> <span class='ocrx_word' id='word_1_171' title='bbox 2695 983 2800 1038; x_wconf 85' lang='lat' dir='ltr'>ego</span> <span class='ocrx_word' id='word_1_172' title='bbox 2832 983 2865 1022; x_wconf 90' lang='lat' dir='ltr'>a</span> <span class='ocrx_word' id='word_1_173' title='bbox 2894 971 2948 1021; x_wconf 92' lang='lat' dir='ltr'>te</span> <span class='ocrx_word' id='word_1_174' title='bbox 2980 971 3189 1037; x_wconf 89' lang='lat' dir='ltr'>captus</span> <span class='ocrx_word' id='word_1_175' title='bbox 3220 983 3376 1035; x_wconf 90' lang='lat' dir='ltr'>sum,</span> <span class='ocrx_word' id='word_1_176' title='bbox 3423 971 3481 1021; x_wconf 91' lang='lat' dir='ltr'>et</span> <span class='ocrx_word' id='word_1_177' title='bbox 3529 983 3621 1022; x_wconf 84' lang='lat' dir='ltr'>me</span> <span class='ocrx_word' id='word_1_178' title='bbox 3673 965 3732 1020; x_wconf 89' lang='lat' dir='ltr'>in</span> 
     </span>
    </p>
   </div>
   <div class='ocr_carea' id='block_1_25' title="bbox 2083 1053 3739 1125">
    <p class='ocr_par' dir='ltr' id='par_1_25' title="bbox 2083 1053 3739 1125">
     <span class='ocr_line' id='line_1_25' title="bbox 2083 1053 3739 1125; baseline 0 -17"><span class='ocrx_word' id='word_1_179' title='bbox 2083 1053 2358 1110; x_wconf 87' lang='lat' dir='ltr'>manibus</span> <span class='ocrx_word' id='word_1_180' title='bbox 2388 1055 2591 1122; x_wconf 89' lang='lat' dir='ltr'>habes,</span> <span class='ocrx_word' id='word_1_181' title='bbox 2615 1056 2903 1111; x_wconf 87' lang='lat' dir='ltr'>viventem</span> <span class='ocrx_word' id='word_1_182' title='bbox 2938 1059 2994 1110; x_wconf 89' lang='lat' dir='ltr'>et</span> <span class='ocrx_word' id='word_1_183' title='bbox 3014 1054 3343 1124; x_wconf 85' lang='lat' dir='ltr'>jucundam</span> <span class='ocrx_word' id='word_1_184' title='bbox 3374 1055 3655 1125; x_wconf 71' lang='lat' dir='ltr'>praedam,</span> <span class='ocrx_word' id='word_1_185' title='bbox 3680 1059 3739 1108; x_wconf 93' lang='lat' dir='ltr'>et</span> 
     </span>
    </p>
   </div>
   <div class='ocr_carea' id='block_1_26' title="bbox 2083 1143 3734 1210">
    <p class='ocr_par' dir='ltr' id='par_1_26' title="bbox 2083 1143 3734 1210">
     <span class='ocr_line' id='line_1_26' title="bbox 2083 1143 3734 1210; baseline 0.001 -13"><span class='ocrx_word' id='word_1_186' title='bbox 2083 1143 2360 1200; x_wconf 86' lang='lat' dir='ltr'>dentibus</span> <span class='ocrx_word' id='word_1_187' title='bbox 2385 1143 2658 1210; x_wconf 90' lang='lat' dir='ltr'>dilanias,</span> <span class='ocrx_word' id='word_1_188' title='bbox 2687 1145 2806 1198; x_wconf 91' lang='lat' dir='ltr'>imo</span> <span class='ocrx_word' id='word_1_189' title='bbox 2849 1161 2984 1200; x_wconf 88' lang='lat' dir='ltr'>vero</span> <span class='ocrx_word' id='word_1_190' title='bbox 3033 1149 3224 1200; x_wconf 90' lang='lat' dir='ltr'>totum</span> <span class='ocrx_word' id='word_1_191' title='bbox 3275 1143 3334 1198; x_wconf 94' lang='lat' dir='ltr'>in</span> <span class='ocrx_word' id='word_1_192' title='bbox 3386 1148 3581 1199; x_wconf 87' lang='lat' dir='ltr'>mente</span> <span class='ocrx_word' id='word_1_193' title='bbox 3630 1149 3734 1198; x_wconf 89' lang='lat' dir='ltr'>tua</span> 
     </span>
    </p>
   </div>
   <div class='ocr_carea' id='block_1_27' title="bbox 2083 1231 3738 1303">
    <p class='ocr_par' dir='ltr' id='par_1_27' title="bbox 2083 1231 3738 1303">
     <span class='ocr_line' id='line_1_27' title="bbox 2083 1231 3738 1303; baseline 0 -17"><span class='ocrx_word' id='word_1_194' title='bbox 2083 1233 2555 1303; x_wconf 89' lang='lat' dir='ltr'>comprehendis.</span> <span class='ocrx_word' id='word_1_195' title='bbox 2587 1233 2734 1296; x_wconf 89' lang='lat' dir='ltr'>Quid</span> <span class='ocrx_word' id='word_1_196' title='bbox 2767 1233 2923 1288; x_wconf 89' lang='lat' dir='ltr'>enim</span> <span class='ocrx_word' id='word_1_197' title='bbox 2958 1249 3222 1288; x_wconf 91' lang='lat' dir='ltr'>meorum</span> <span class='ocrx_word' id='word_1_198' title='bbox 3257 1231 3362 1286; x_wconf 86' lang='lat' dir='ltr'>tibi</span> <span class='ocrx_word' id='word_1_199' title='bbox 3398 1249 3514 1287; x_wconf 91' lang='lat' dir='ltr'>non</span> <span class='ocrx_word' id='word_1_200' title='bbox 3569 1233 3738 1288; x_wconf 84' lang='lat' dir='ltr'>facile</span> 
     </span>
    </p>
   </div>
   <div class='ocr_carea' id='block_1_28' title="bbox 2083 1320 3734 1392">
    <p class='ocr_par' dir='ltr' id='par_1_28' title="bbox 2083 1320 3734 1392">
     <span class='ocr_line' id='line_1_28' title="bbox 2083 1320 3734 1392; baseline 0.001 -18"><span class='ocrx_word' id='word_1_201' title='bbox 2083 1326 2255 1390; x_wconf 80' lang='lat' dir='ltr'>captu</span> <span class='ocrx_word' id='word_1_202' title='bbox 2289 1326 2481 1392; x_wconf 81' lang='lat' dir='ltr'>potest</span> <span class='ocrx_word' id='word_1_203' title='bbox 2509 1321 2682 1377; x_wconf 86' lang='lat' dir='ltr'>esse?</span> <span class='ocrx_word' id='word_1_204' title='bbox 2715 1338 2786 1376; x_wconf 87' lang='lat' dir='ltr'>an</span> <span class='ocrx_word' id='word_1_205' title='bbox 2823 1325 3030 1376; x_wconf 85' lang='lat' dir='ltr'>mens?</span> <span class='ocrx_word' id='word_1_206' title='bbox 3059 1338 3130 1375; x_wconf 90' lang='lat' dir='ltr'>ne</span> <span class='ocrx_word' id='word_1_207' title='bbox 3160 1320 3293 1392; x_wconf 86' lang='lat' dir='ltr'>quis</span> <span class='ocrx_word' id='word_1_208' title='bbox 3322 1320 3380 1376; x_wconf 91' lang='lat' dir='ltr'>id</span> <span class='ocrx_word' id='word_1_209' title='bbox 3415 1322 3594 1390; x_wconf 86' lang='lat' dir='ltr'>dicat,</span> <span class='ocrx_word' id='word_1_210' title='bbox 3636 1322 3734 1376; x_wconf 90' lang='lat' dir='ltr'>sed</span> 
     </span>
    </p>
   </div>
   <div class='ocr_carea' id='block_1_29' title="bbox 2084 1409 3737 1481">
    <p class='ocr_par' dir='ltr' id='par_1_29' title="bbox 2084 1409 3737 1481">
     <span class='ocr_line' id='line_1_29' title="bbox 2084 1409 3737 1481; baseline -0.001 -17"><span class='ocrx_word' id='word_1_211' title='bbox 2084 1409 2278 1479; x_wconf 80' lang='lat' dir='ltr'>potius</span> <span class='ocrx_word' id='word_1_212' title='bbox 2309 1410 2716 1481; x_wconf 88' lang='lat' dir='ltr'>disrumpatur</span> <span class='ocrx_word' id='word_1_213' title='bbox 2764 1411 3135 1476; x_wconf 89' lang='lat' dir='ltr'>mentiendo;</span> <span class='ocrx_word' id='word_1_214' title='bbox 3189 1427 3262 1464; x_wconf 91' lang='lat' dir='ltr'>an</span> <span class='ocrx_word' id='word_1_215' title='bbox 3304 1409 3557 1480; x_wconf 82' lang='lat' dir='ltr'>lingua?</span> <span class='ocrx_word' id='word_1_216' title='bbox 3606 1425 3737 1464; x_wconf 90' lang='lat' dir='ltr'>ecce</span> 
     </span>
    </p>
   </div>
   <div class='ocr_carea' id='block_1_30' title="bbox 2085 1497 3738 1570">
    <p class='ocr_par' dir='ltr' id='par_1_30' title="bbox 2085 1497 3738 1570">
     <span class='ocr_line' id='line_1_30' title="bbox 2085 1497 3738 1570; baseline -0.001 -19"><span class='ocrx_word' id='word_1_217' title='bbox 2085 1497 2188 1552; x_wconf 83' lang='lat' dir='ltr'>tibi</span> <span class='ocrx_word' id='word_1_218' title='bbox 2219 1497 2380 1553; x_wconf 86' lang='lat' dir='ltr'>illam</span> <span class='ocrx_word' id='word_1_219' title='bbox 2413 1499 2640 1570; x_wconf 77' lang='lat' dir='ltr'>praebeo</span> <span class='ocrx_word' id='word_1_220' title='bbox 2671 1499 2731 1552; x_wconf 90' lang='lat' dir='ltr'>in</span> <span class='ocrx_word' id='word_1_221' title='bbox 2757 1498 2970 1566; x_wconf 86' lang='lat' dir='ltr'>verbis,</span> <span class='ocrx_word' id='word_1_222' title='bbox 3003 1497 3290 1569; x_wconf 83' lang='lat' dir='ltr'>epistolis,</span> <span class='ocrx_word' id='word_1_223' title='bbox 3325 1497 3562 1568; x_wconf 86' lang='lat' dir='ltr'>scriptis</span> <span class='ocrx_word' id='word_1_224' title='bbox 3616 1513 3628 1552; x_wconf 91' lang='lat'>:</span> <span class='ocrx_word' id='word_1_225' title='bbox 3687 1497 3738 1552; x_wconf 89' lang='lat' dir='ltr'>si</span> 
     </span>
    </p>
   </div>
   <div class='ocr_carea' id='block_1_31' title="bbox 2084 1586 3737 1655">
    <p class='ocr_par' dir='ltr' id='par_1_31' title="bbox 2084 1586 3737 1655">
     <span class='ocr_line' id='line_1_31' title="bbox 2084 1586 3737 1655; baseline -0.001 -14"><span class='ocrx_word' id='word_1_226' title='bbox 2084 1603 2217 1642; x_wconf 85' lang='lat' dir='ltr'>vero</span> <span class='ocrx_word' id='word_1_227' title='bbox 2251 1587 2415 1655; x_wconf 86' lang='lat' dir='ltr'>velis,</span> <span class='ocrx_word' id='word_1_228' title='bbox 2453 1587 2604 1642; x_wconf 90' lang='lat' dir='ltr'>hanc</span> <span class='ocrx_word' id='word_1_229' title='bbox 2636 1603 2769 1642; x_wconf 89' lang='lat' dir='ltr'>seca</span> <span class='ocrx_word' id='word_1_230' title='bbox 2799 1592 2855 1641; x_wconf 93' lang='lat' dir='ltr'>et</span> <span class='ocrx_word' id='word_1_231' title='bbox 2885 1586 3138 1641; x_wconf 87' lang='lat' dir='ltr'>dilacera</span> <span class='ocrx_word' id='word_1_232' title='bbox 3173 1603 3185 1640; x_wconf 92' lang='lat'>:</span> <span class='ocrx_word' id='word_1_233' title='bbox 3221 1605 3293 1641; x_wconf 89' lang='lat' dir='ltr'>an</span> <span class='ocrx_word' id='word_1_234' title='bbox 3328 1586 3583 1642; x_wconf 88' lang='lat' dir='ltr'>manus?</span> <span class='ocrx_word' id='word_1_235' title='bbox 3634 1587 3737 1641; x_wconf 89' lang='lat' dir='ltr'>sed</span> 
     </span>
    </p>
   </div>
   <div class='ocr_carea' id='block_1_32' title="bbox 2085 1675 3737 1748">
    <p class='ocr_par' dir='ltr' id='par_1_32' title="bbox 2085 1675 3737 1748">
     <span class='ocr_line' id='line_1_32' title="bbox 2085 1675 3737 1748; baseline -0.001 -18"><span class='ocrx_word' id='word_1_236' title='bbox 2085 1677 2192 1731; x_wconf 85' lang='lat' dir='ltr'>tibi</span> <span class='ocrx_word' id='word_1_237' title='bbox 2225 1676 2644 1731; x_wconf 88' lang='lat' dir='ltr'>ministrabunt</span> <span class='ocrx_word' id='word_1_238' title='bbox 2671 1680 2728 1731; x_wconf 89' lang='lat' dir='ltr'>et</span> <span class='ocrx_word' id='word_1_239' title='bbox 2754 1676 2880 1730; x_wconf 71' lang='lat' dir='ltr'>ista:</span> <span class='ocrx_word' id='word_1_240' title='bbox 2915 1675 3170 1748; x_wconf 89' lang='lat' dir='ltr'>plurima</span> <span class='ocrx_word' id='word_1_241' title='bbox 3200 1679 3258 1730; x_wconf 90' lang='lat' dir='ltr'>et</span> <span class='ocrx_word' id='word_1_242' title='bbox 3288 1676 3543 1729; x_wconf 84' lang='lat' dir='ltr'>maxima</span> <span class='ocrx_word' id='word_1_243' title='bbox 3565 1690 3737 1730; x_wconf 91' lang='lat' dir='ltr'>enco-</span> 
     </span>
    </p>
   </div>
   <div class='ocr_carea' id='block_1_33' title="bbox 2088 1764 3737 1837">
    <p class='ocr_par' dir='ltr' id='par_1_33' title="bbox 2088 1764 3737 1837">
     <span class='ocr_line' id='line_1_33' title="bbox 2088 1764 3737 1837; baseline -0.001 -16"><span class='ocrx_word' id='word_1_244' title='bbox 2088 1766 2237 1833; x_wconf 90' lang='lat' dir='ltr'>mia;</span> <span class='ocrx_word' id='word_1_245' title='bbox 2273 1783 2343 1821; x_wconf 89' lang='lat' dir='ltr'>an</span> <span class='ocrx_word' id='word_1_246' title='bbox 2374 1766 2598 1837; x_wconf 88' lang='lat' dir='ltr'>pedes?</span> <span class='ocrx_word' id='word_1_247' title='bbox 2629 1765 2730 1820; x_wconf 88' lang='lat' dir='ltr'>sed</span> <span class='ocrx_word' id='word_1_248' title='bbox 2763 1767 3044 1836; x_wconf 87' lang='lat' dir='ltr'>insequar</span> <span class='ocrx_word' id='word_1_249' title='bbox 3073 1770 3130 1819; x_wconf 91' lang='lat' dir='ltr'>te</span> <span class='ocrx_word' id='word_1_250' title='bbox 3162 1780 3511 1835; x_wconf 88' lang='lat' dir='ltr'>quocunque</span> <span class='ocrx_word' id='word_1_251' title='bbox 3541 1764 3737 1820; x_wconf 89' lang='lat' dir='ltr'>volue-</span> 
     </span>
    </p>
   </div>
   <div class='ocr_carea' id='block_1_34' title="bbox 324 1851 1981 1958">
    <p class='ocr_par' dir='ltr' id='par_1_34' title="bbox 324 1851 1978 1958">
     <span class='ocr_line' id='line_1_34' title="bbox 324 1851 1978 1929; baseline -0.001 -21"><span class='ocrx_word' id='word_1_252' title='bbox 324 1856 379 1908; x_wconf 83' lang='grc' dir='ltr'>αἱ</span> <span class='ocrx_word' id='word_1_253' title='bbox 438 1859 658 1929; x_wconf 80' lang='grc' dir='ltr'>χεῖρες;</span> <span class='ocrx_word' id='word_1_254' title='bbox 740 1853 885 1908; x_wconf 80' lang='grc' dir='ltr'>ἀλλά</span> <span class='ocrx_word' id='word_1_255' title='bbox 961 1851 1346 1925; x_wconf 70' lang='grc' dir='ltr'>διακονήσουσί</span> <span class='ocrx_word' id='word_1_256' title='bbox 1416 1875 1498 1907; x_wconf 90' lang='grc' dir='ltr'>σοι</span> <span class='ocrx_word' id='word_1_257' title='bbox 1553 1853 1641 1907; x_wconf 77' lang='grc' dir='ltr'>καὶ</span> <span class='ocrx_word' id='word_1_258' title='bbox 1700 1852 1854 1907; x_wconf 78' lang='grc' dir='ltr'>αὗται</span> <span class='ocrx_word' id='word_1_259' title='bbox 1912 1853 1978 1906; x_wconf 77' lang='grc' dir='ltr'>τά</span> 
     </span>
     <span class='ocr_line' id='line_1_35' title="bbox 401 1938 1976 1958; baseline 0 0"><span class='ocrx_word' id='word_1_260' title='bbox 401 1941 460 1958; x_wconf 56' lang='grc' dir='ltr'><strong>κς</strong></span> <span class='ocrx_word' id='word_1_261' title='bbox 489 1945 501 1958; x_wconf 85' lang='lat'><strong><em>\</em></strong></span> <span class='ocrx_word' id='word_1_262' title='bbox 639 1944 652 1958; x_wconf 70' lang='grc' dir='ltr'>ι</span> <span class='ocrx_word' id='word_1_263' title='bbox 845 1940 885 1958; x_wconf 63' lang='lat' dir='ltr'>l‘</span> <span class='ocrx_word' id='word_1_264' title='bbox 991 1941 1004 1958; x_wconf 63' lang='grc' dir='ltr'>θ</span> <span class='ocrx_word' id='word_1_265' title='bbox 1109 1944 1120 1958; x_wconf 71' lang='grc' dir='ltr'>ο</span> <span class='ocrx_word' id='word_1_266' title='bbox 1327 1944 1340 1958; x_wconf 69' lang='grc' dir='ltr'><strong><em>ο</em></strong></span> <span class='ocrx_word' id='word_1_267' title='bbox 1434 1941 1481 1958; x_wconf 56' lang='grc' dir='ltr'><strong>ΙΝ</strong></span> <span class='ocrx_word' id='word_1_268' title='bbox 1629 1941 1741 1958; x_wconf 45' lang='grc' dir='ltr'>’ἵης</span> <span class='ocrx_word' id='word_1_269' title='bbox 1778 1938 1826 1958; x_wconf 67' lang='grc' dir='ltr'>Ἰ.</span> <span class='ocrx_word' id='word_1_270' title='bbox 1966 1942 1976 1958; x_wconf 82' lang='grc'><strong><em>1</em></strong></span> 
     </span>
    </p>
   </div>
   <div class='ocr_carea' id='block_1_35' title="bbox 2095 1851 3740 1958">
    <p class='ocr_par' dir='ltr' id='par_1_35' title="bbox 2095 1853 3740 1926">
     <span class='ocr_line' id='line_1_36' title="bbox 2095 1853 3740 1926; baseline -0.002 -16"><span class='ocrx_word' id='word_1_271' title='bbox 2095 1855 2188 1921; x_wconf 89' lang='lat' dir='ltr'>ris,</span> <span class='ocrx_word' id='word_1_272' title='bbox 2223 1855 2282 1910; x_wconf 92' lang='lat' dir='ltr'>in</span> <span class='ocrx_word' id='word_1_273' title='bbox 2315 1855 2584 1922; x_wconf 89' lang='lat' dir='ltr'>collibus,</span> <span class='ocrx_word' id='word_1_274' title='bbox 2617 1855 2676 1909; x_wconf 91' lang='lat' dir='ltr'>in</span> <span class='ocrx_word' id='word_1_275' title='bbox 2709 1855 2926 1926; x_wconf 91' lang='lat' dir='ltr'>planis,</span> <span class='ocrx_word' id='word_1_276' title='bbox 2960 1856 3018 1908; x_wconf 91' lang='lat' dir='ltr'>in</span> <span class='ocrx_word' id='word_1_277' title='bbox 3051 1853 3392 1909; x_wconf 89' lang='lat' dir='ltr'>summitate</span> <span class='ocrx_word' id='word_1_278' title='bbox 3424 1853 3740 1916; x_wconf 87' lang='lat' dir='ltr'>montium,</span> 
     </span>
    </p>
   </div>
   <div class='ocr_carea' id='block_1_36' title="bbox 322 1938 1976 2018">
    <p class='ocr_par' dir='ltr' id='par_1_36' title="bbox 322 1938 1976 2018">
     <span class='ocr_line' id='line_1_37' title="bbox 401 1938 1976 1997; baseline 0 -37"><span class='ocrx_word' id='word_1_279' title='bbox 401 1941 501 1997; x_wconf 60' lang='grc' dir='ltr'>λλὶ</span> <span class='ocrx_word' id='word_1_280' title='bbox 639 1944 652 1962; x_wconf 79' lang='lat'><strong><em>\</em></strong></span> <span class='ocrx_word' id='word_1_281' title='bbox 845 1940 898 1996; x_wconf 71' lang='grc' dir='ltr'>’λ</span> <span class='ocrx_word' id='word_1_282' title='bbox 991 1941 1004 1962; x_wconf 69' lang='grc'><strong>9</strong></span> <span class='ocrx_word' id='word_1_283' title='bbox 1109 1944 1120 1962; x_wconf 71' lang='grc' dir='ltr'><strong><em>Ι</em></strong></span> <span class='ocrx_word' id='word_1_284' title='bbox 1245 1963 1258 1976; x_wconf 67' lang='grc'><strong><em>.</em></strong></span> <span class='ocrx_word' id='word_1_285' title='bbox 1327 1944 1342 1982; x_wconf 57' lang='grc' dir='ltr'><strong>ς</strong></span> <span class='ocrx_word' id='word_1_286' title='bbox 1434 1941 1481 1960; x_wconf 59' lang='grc' dir='ltr'>οδ</span> <span class='ocrx_word' id='word_1_287' title='bbox 1517 1964 1539 1980; x_wconf 55' lang='grc' dir='ltr'>ρ</span> <span class='ocrx_word' id='word_1_288' title='bbox 1568 1963 1579 1973; x_wconf 59' lang='lat'>.</span> <span class='ocrx_word' id='word_1_289' title='bbox 1629 1941 1668 1960; x_wconf 69' lang='lat'>9‘</span> <span class='ocrx_word' id='word_1_290' title='bbox 1728 1945 1741 1973; x_wconf 51' lang='grc' dir='ltr'>θ</span> <span class='ocrx_word' id='word_1_291' title='bbox 1778 1938 1801 1960; x_wconf 69' lang='grc' dir='ltr'><strong><em>Ἰ</em></strong></span> <span class='ocrx_word' id='word_1_292' title='bbox 1966 1942 1976 1960; x_wconf 82' lang='grc'><strong><em>1</em></strong></span> 
     </span>
     <span class='ocr_line' id='line_1_38' title="bbox 322 1941 1976 2018; baseline -0.001 -21"><span class='ocrx_word' id='word_1_293' title='bbox 322 1964 396 1998; x_wconf 89' lang='grc' dir='ltr'>πο</span> <span class='ocrx_word' id='word_1_294' title='bbox 481 1964 512 1996; x_wconf 87' lang='grc' dir='ltr'>α</span> <span class='ocrx_word' id='word_1_295' title='bbox 568 1964 654 1997; x_wconf 85' lang='grc' dir='ltr'>και</span> <span class='ocrx_word' id='word_1_296' title='bbox 721 1964 862 2018; x_wconf 87' lang='grc' dir='ltr'>μεγα</span> <span class='ocrx_word' id='word_1_297' title='bbox 904 1965 935 1998; x_wconf 88' lang='grc' dir='ltr'>α</span> <span class='ocrx_word' id='word_1_298' title='bbox 986 1963 1238 2017; x_wconf 87' lang='grc' dir='ltr'>εγκωμια</span> <span class='ocrx_word' id='word_1_299' title='bbox 1295 1964 1346 1996; x_wconf 91' lang='grc' dir='ltr'>ο.</span> <span class='ocrx_word' id='word_1_300' title='bbox 1376 1961 1537 2004; x_wconf 68' lang='grc' dir='ltr'>ποοες</span> <span class='ocrx_word' id='word_1_301' title='bbox 1569 1987 1581 2012; x_wconf 93' lang='grc'>,</span> <span class='ocrx_word' id='word_1_302' title='bbox 1619 1941 1725 1997; x_wconf 66' lang='grc' dir='ltr'>αλλ</span> <span class='ocrx_word' id='word_1_303' title='bbox 1776 1946 1976 2016; x_wconf 79' lang='grc' dir='ltr'>εψομαι</span> 
     </span>
    </p>
   </div>
   <div class='ocr_carea' id='block_1_37' title="bbox 323 2029 1973 2109">
    <p class='ocr_par' dir='ltr' id='par_1_37' title="bbox 323 2029 1973 2109">
     <span class='ocr_line' id='line_1_39' title="bbox 323 2029 1973 2109; baseline -0.002 -23"><span class='ocrx_word' id='word_1_304' title='bbox 323 2053 409 2086; x_wconf 88' lang='grc' dir='ltr'>σοι</span> <span class='ocrx_word' id='word_1_305' title='bbox 471 2030 578 2104; x_wconf 84' lang='grc' dir='ltr'>ὅπη</span> <span class='ocrx_word' id='word_1_306' title='bbox 639 2054 722 2086; x_wconf 87' lang='grc' dir='ltr'>σοι</span> <span class='ocrx_word' id='word_1_307' title='bbox 775 2029 1071 2108; x_wconf 84' lang='grc' dir='ltr'>βουλητὸν,</span> <span class='ocrx_word' id='word_1_308' title='bbox 1127 2032 1178 2086; x_wconf 81' lang='grc' dir='ltr'>ἐν</span> <span class='ocrx_word' id='word_1_309' title='bbox 1208 2031 1492 2109; x_wconf 73' lang='grc' dir='ltr'>γελόιροις,</span> <span class='ocrx_word' id='word_1_310' title='bbox 1527 2030 1576 2086; x_wconf 85' lang='grc' dir='ltr'>ἐν</span> <span class='ocrx_word' id='word_1_311' title='bbox 1607 2029 1890 2107; x_wconf 79' lang='grc' dir='ltr'>γηπέδοις,</span> <span class='ocrx_word' id='word_1_312' title='bbox 1923 2030 1973 2084; x_wconf 81' lang='grc' dir='ltr'>ἐν</span> 
     </span>
    </p>
   </div>
   <div class='ocr_carea' id='block_1_38' title="bbox 322 2118 1977 2197">
    <p class='ocr_par' dir='ltr' id='par_1_38' title="bbox 322 2118 1977 2197">
     <span class='ocr_line' id='line_1_40' title="bbox 322 2118 1977 2197; baseline -0.001 -23"><span class='ocrx_word' id='word_1_313' title='bbox 322 2121 507 2194; x_wconf 76' lang='grc' dir='ltr'>ὕψεσιν</span> <span class='ocrx_word' id='word_1_314' title='bbox 569 2122 732 2197; x_wconf 76' lang='grc' dir='ltr'>ὁρῶν,</span> <span class='ocrx_word' id='word_1_315' title='bbox 788 2120 839 2174; x_wconf 84' lang='grc' dir='ltr'>ἐν</span> <span class='ocrx_word' id='word_1_316' title='bbox 903 2121 1092 2196; x_wconf 82' lang='grc' dir='ltr'>βάθεσι</span> <span class='ocrx_word' id='word_1_317' title='bbox 1149 2123 1272 2195; x_wconf 73' lang='grc' dir='ltr'>γῆς.</span> <span class='ocrx_word' id='word_1_318' title='bbox 1333 2120 1524 2182; x_wconf 75' lang='grc' dir='ltr'>Οὕτως</span> <span class='ocrx_word' id='word_1_319' title='bbox 1570 2118 1718 2195; x_wconf 80' lang='grc' dir='ltr'>ἔχεις</span> <span class='ocrx_word' id='word_1_320' title='bbox 1751 2142 1816 2193; x_wconf 89' lang='grc' dir='ltr'>με</span> <span class='ocrx_word' id='word_1_321' title='bbox 1848 2119 1977 2175; x_wconf 86' lang='grc' dir='ltr'>ὅλον</span> 
     </span>
    </p>
   </div>
   <div class='ocr_carea' id='block_1_39' title="bbox 324 2206 1977 2285">
    <p class='ocr_par' dir='ltr' id='par_1_39' title="bbox 324 2206 1977 2285">
     <span class='ocr_line' id='line_1_41' title="bbox 324 2206 1977 2285; baseline -0.002 -20"><span class='ocrx_word' id='word_1_322' title='bbox 324 2206 534 2267; x_wconf 73' lang='grc' dir='ltr'>λαϐών.</span> <span class='ocrx_word' id='word_1_323' title='bbox 576 2210 732 2266; x_wconf 85' lang='grc' dir='ltr'>Ἀλλ’</span> <span class='ocrx_word' id='word_1_324' title='bbox 781 2209 881 2285; x_wconf 83' lang='grc' dir='ltr'>ὅρα</span> <span class='ocrx_word' id='word_1_325' title='bbox 940 2211 1016 2282; x_wconf 79' lang='grc' dir='ltr'>μὴ</span> <span class='ocrx_word' id='word_1_326' title='bbox 1077 2209 1387 2282; x_wconf 78' lang='grc' dir='ltr'>πλεονεξίαν</span> <span class='ocrx_word' id='word_1_327' title='bbox 1431 2211 1458 2264; x_wconf 85' lang='grc' dir='ltr'>ὁ</span> <span class='ocrx_word' id='word_1_328' title='bbox 1511 2206 1851 2270; x_wconf 86' lang='grc' dir='ltr'>δικαιότατος</span> <span class='ocrx_word' id='word_1_329' title='bbox 1882 2207 1977 2283; x_wconf 82' lang='grc' dir='ltr'>ἐγ-</span> 
     </span>
    </p>
   </div>
   <div class='ocr_carea' id='block_1_40' title="bbox 321 2295 1976 2372">
    <p class='ocr_par' dir='ltr' id='par_1_40' title="bbox 321 2295 1976 2372">
     <span class='ocr_line' id='line_1_42' title="bbox 321 2295 1976 2372; baseline -0.002 -21"><span class='ocrx_word' id='word_1_330' title='bbox 321 2297 558 2370; x_wconf 73' lang='grc' dir='ltr'>κληθῇς,</span> <span class='ocrx_word' id='word_1_331' title='bbox 622 2298 872 2371; x_wconf 71' lang='grc' dir='ltr'>Σήμερον</span> <span class='ocrx_word' id='word_1_332' title='bbox 932 2297 1035 2370; x_wconf 76' lang='grc' dir='ltr'>γὰρ</span> <span class='ocrx_word' id='word_1_333' title='bbox 1086 2299 1120 2365; x_wconf 80' lang='grc' dir='ltr'><strong>ἡ</strong></span> <span class='ocrx_word' id='word_1_334' title='bbox 1184 2295 1515 2372; x_wconf 81' lang='grc' dir='ltr'>Καισάρισσά</span> <span class='ocrx_word' id='word_1_335' title='bbox 1576 2317 1641 2368; x_wconf 85' lang='grc' dir='ltr'>με</span> <span class='ocrx_word' id='word_1_336' title='bbox 1682 2297 1976 2369; x_wconf 76' lang='grc' dir='ltr'>τεθήρακεν</span> 
     </span>
    </p>
   </div>
   <div class='ocr_carea' id='block_1_41' title="bbox 325 2383 1977 2461">
    <p class='ocr_par' dir='ltr' id='par_1_41' title="bbox 325 2383 1977 2461">
     <span class='ocr_line' id='line_1_43' title="bbox 325 2383 1977 2461; baseline -0.002 -20"><span class='ocrx_word' id='word_1_337' title='bbox 325 2388 511 2460; x_wconf 77' lang='grc' dir='ltr'>ὥσπερ</span> <span class='ocrx_word' id='word_1_338' title='bbox 572 2383 781 2440; x_wconf 72' lang='grc' dir='ltr'>δελέατι</span> <span class='ocrx_word' id='word_1_339' title='bbox 854 2390 1002 2461; x_wconf 82' lang='grc' dir='ltr'>τυρῷ</span> <span class='ocrx_word' id='word_1_340' title='bbox 1060 2387 1150 2440; x_wconf 83' lang='grc' dir='ltr'>καὶ</span> <span class='ocrx_word' id='word_1_341' title='bbox 1213 2387 1504 2460; x_wconf 83' lang='grc' dir='ltr'>ἀρτιπαγεῖ</span> <span class='ocrx_word' id='word_1_342' title='bbox 1547 2384 1816 2459; x_wconf 88' lang='grc' dir='ltr'>γάλακτι.</span> <span class='ocrx_word' id='word_1_343' title='bbox 1880 2385 1977 2438; x_wconf 77' lang='grc' dir='ltr'>Καὶ</span> 
     </span>
    </p>
   </div>
   <div class='ocr_carea' id='block_1_42' title="bbox 326 2472 1978 2551">
    <p class='ocr_par' dir='ltr' id='par_1_42' title="bbox 326 2472 1978 2551">
     <span class='ocr_line' id='line_1_44' title="bbox 326 2472 1978 2551; baseline -0.001 -22"><span class='ocrx_word' id='word_1_344' title='bbox 326 2475 434 2551; x_wconf 75' lang='grc' dir='ltr'>γάρ</span> <span class='ocrx_word' id='word_1_345' title='bbox 497 2480 752 2550; x_wconf 86' lang='grc' dir='ltr'>θηρῶμαι</span> <span class='ocrx_word' id='word_1_346' title='bbox 812 2475 1028 2536; x_wconf 88' lang='grc' dir='ltr'>τούτοις</span> <span class='ocrx_word' id='word_1_347' title='bbox 1089 2475 1162 2536; x_wconf 86' lang='grc' dir='ltr'>ὡς</span> <span class='ocrx_word' id='word_1_348' title='bbox 1216 2472 1438 2543; x_wconf 83' lang='grc' dir='ltr'>ἀληθῶς</span> <span class='ocrx_word' id='word_1_349' title='bbox 1489 2474 1578 2528; x_wconf 83' lang='grc' dir='ltr'>καὶ</span> <span class='ocrx_word' id='word_1_350' title='bbox 1613 2472 1807 2548; x_wconf 78' lang='grc' dir='ltr'>λίχνος</span> <span class='ocrx_word' id='word_1_351' title='bbox 1863 2473 1978 2547; x_wconf 83' lang='grc' dir='ltr'>εἷ’μὶ</span> 
     </span>
    </p>
   </div>
   <div class='ocr_carea' id='block_1_43' title="bbox 324 2561 1972 2640">
    <p class='ocr_par' dir='ltr' id='par_1_43' title="bbox 324 2561 1972 2640">
     <span class='ocr_line' id='line_1_45' title="bbox 324 2561 1972 2640; baseline -0.001 -22"><span class='ocrx_word' id='word_1_352' title='bbox 324 2565 388 2619; x_wconf 82' lang='grc' dir='ltr'>τὸ</span> <span class='ocrx_word' id='word_1_353' title='bbox 449 2565 667 2640; x_wconf 84' lang='grc' dir='ltr'>βρῶμα,</span> <span class='ocrx_word' id='word_1_354' title='bbox 721 2563 834 2632; x_wconf 82' lang='grc' dir='ltr'>καὶ,</span> <span class='ocrx_word' id='word_1_355' title='bbox 867 2564 1026 2633; x_wconf 80' lang='grc' dir='ltr'>ἡνίκα</span> <span class='ocrx_word' id='word_1_356' title='bbox 1055 2561 1179 2617; x_wconf 63' lang='grc' dir='ltr'>’ἴδω</span> <span class='ocrx_word' id='word_1_357' title='bbox 1203 2565 1265 2618; x_wconf 85' lang='grc' dir='ltr'>τὸ</span> <span class='ocrx_word' id='word_1_358' title='bbox 1295 2565 1598 2638; x_wconf 84' lang='grc' dir='ltr'>γνώρισμα,</span> <span class='ocrx_word' id='word_1_359' title='bbox 1635 2562 1790 2626; x_wconf 75' lang='grc' dir='ltr'>εὐθὺς</span> <span class='ocrx_word' id='word_1_360' title='bbox 1820 2583 1972 2636; x_wconf 87' lang='grc' dir='ltr'>περι-</span> 
     </span>
    </p>
   </div>
   <div class='ocr_carea' id='block_1_44' title="bbox 330 2650 1982 2729">
    <p class='ocr_par' dir='ltr' id='par_1_44' title="bbox 330 2650 1982 2729">
     <span class='ocr_line' id='line_1_46' title="bbox 330 2650 1982 2729; baseline -0.001 -21"><span class='ocrx_word' id='word_1_361' title='bbox 330 2654 508 2729; x_wconf 80' lang='grc' dir='ltr'>χαὶνω</span> <span class='ocrx_word' id='word_1_362' title='bbox 558 2653 646 2708; x_wconf 80' lang='grc' dir='ltr'>καὶ</span> <span class='ocrx_word' id='word_1_363' title='bbox 713 2654 774 2707; x_wconf 88' lang='grc' dir='ltr'>τὸ</span> <span class='ocrx_word' id='word_1_364' title='bbox 825 2654 1113 2727; x_wconf 73' lang='grc' dir='ltr'>ἄγκιστρον</span> <span class='ocrx_word' id='word_1_365' title='bbox 1163 2650 1465 2727; x_wconf 84' lang='grc' dir='ltr'>περιπείρει</span> <span class='ocrx_word' id='word_1_366' title='bbox 1519 2673 1586 2723; x_wconf 83' lang='grc' dir='ltr'>με</span> <span class='ocrx_word' id='word_1_367' title='bbox 1641 2652 1729 2706; x_wconf 82' lang='grc' dir='ltr'>καὶ</span> <span class='ocrx_word' id='word_1_368' title='bbox 1785 2653 1982 2728; x_wconf 82' lang='grc' dir='ltr'>ἀναρτᾷ</span> 
     </span>
    </p>
   </div>
   <div class='ocr_carea' id='block_1_45' title="bbox 330 2738 1977 2816">
    <p class='ocr_par' dir='ltr' id='par_1_45' title="bbox 330 2738 1977 2816">
     <span class='ocr_line' id='line_1_47' title="bbox 330 2738 1977 2816; baseline -0.001 -19"><span class='ocrx_word' id='word_1_369' title='bbox 330 2764 398 2816; x_wconf 88' lang='grc' dir='ltr'>με</span> <span class='ocrx_word' id='word_1_370' title='bbox 446 2742 505 2796; x_wconf 80' lang='grc' dir='ltr'>ὲκ</span> <span class='ocrx_word' id='word_1_371' title='bbox 531 2746 627 2796; x_wconf 73' lang='grc' dir='ltr'>τοῦ</span> <span class='ocrx_word' id='word_1_372' title='bbox 677 2741 904 2814; x_wconf 77' lang='grc' dir='ltr'>λαιμοῦ.</span> <span class='ocrx_word' id='word_1_373' title='bbox 958 2741 1049 2808; x_wconf 78' lang='grc' dir='ltr'>Μὴ</span> <span class='ocrx_word' id='word_1_374' title='bbox 1103 2741 1281 2796; x_wconf 81' lang='grc' dir='ltr'>τοίνυν</span> <span class='ocrx_word' id='word_1_375' title='bbox 1348 2761 1452 2813; x_wconf 89' lang='grc' dir='ltr'>μου</span> <span class='ocrx_word' id='word_1_376' title='bbox 1500 2738 1860 2816; x_wconf 78' lang='grc' dir='ltr'>διασπαράξῃς</span> <span class='ocrx_word' id='word_1_377' title='bbox 1886 2743 1977 2796; x_wconf 86' lang='grc' dir='ltr'>τὸν</span> 
     </span>
    </p>
   </div>
   <div class='ocr_carea' id='block_1_46' title="bbox 330 2826 1976 2906">
    <p class='ocr_par' dir='ltr' id='par_1_46' title="bbox 330 2826 1976 2906">
     <span class='ocr_line' id='line_1_48' title="bbox 330 2826 1976 2906; baseline -0.001 -22"><span class='ocrx_word' id='word_1_378' title='bbox 330 2828 522 2902; x_wconf 87' lang='grc' dir='ltr'>λόγον,</span> <span class='ocrx_word' id='word_1_379' title='bbox 581 2828 616 2897; x_wconf 78' lang='grc' dir='ltr'><strong>ἢ</strong></span> <span class='ocrx_word' id='word_1_380' title='bbox 683 2826 900 2901; x_wconf 81' lang='grc' dir='ltr'>μᾶλλον</span> <span class='ocrx_word' id='word_1_381' title='bbox 964 2829 1040 2901; x_wconf 80' lang='grc' dir='ltr'>μὴ</span> <span class='ocrx_word' id='word_1_382' title='bbox 1102 2827 1420 2906; x_wconf 79' lang='grc' dir='ltr'>σφετερίσῃς</span> <span class='ocrx_word' id='word_1_383' title='bbox 1473 2826 1610 2899; x_wconf 81' lang='grc' dir='ltr'>ὅλην</span> <span class='ocrx_word' id='word_1_384' title='bbox 1663 2830 1760 2897; x_wconf 75' lang='grc' dir='ltr'>τὴν</span> <span class='ocrx_word' id='word_1_385' title='bbox 1791 2831 1976 2902; x_wconf 76' lang='grc' dir='ltr'>ἄγραν·</span> 
     </span>
    </p>
   </div>
   <div class='ocr_carea' id='block_1_47' title="bbox 329 2914 1978 2996">
    <p class='ocr_par' dir='ltr' id='par_1_47' title="bbox 329 2914 1978 2996">
     <span class='ocr_line' id='line_1_49' title="bbox 329 2914 1978 2996; baseline -0.001 -24"><span class='ocrx_word' id='word_1_386' title='bbox 329 2917 481 2973; x_wconf 76' lang='grc' dir='ltr'>ἄλλα</span> <span class='ocrx_word' id='word_1_387' title='bbox 511 2915 754 2981; x_wconf 76' lang='grc' dir='ltr'>διέλεσθέ</span> <span class='ocrx_word' id='word_1_388' title='bbox 808 2939 902 2991; x_wconf 86' lang='grc' dir='ltr'>μοι</span> <span class='ocrx_word' id='word_1_389' title='bbox 930 2919 1028 2986; x_wconf 78' lang='grc' dir='ltr'>τήν</span> <span class='ocrx_word' id='word_1_390' title='bbox 1061 2920 1229 2990; x_wconf 73' lang='grc' dir='ltr'>θήραν</span> <span class='ocrx_word' id='word_1_391' title='bbox 1276 2914 1597 2996; x_wconf 69' lang='grc' dir='ltr'>ἀμφότεροι.</span> <span class='ocrx_word' id='word_1_392' title='bbox 1650 2918 1747 2972; x_wconf 82' lang='grc' dir='ltr'>Καὶ</span> <span class='ocrx_word' id='word_1_393' title='bbox 1782 2917 1843 2972; x_wconf 82' lang='grc' dir='ltr'>σὺ</span> <span class='ocrx_word' id='word_1_394' title='bbox 1885 2920 1978 2991; x_wconf 81' lang='grc' dir='ltr'>μὶν</span> 
     </span>
    </p>
   </div>
   <div class='ocr_carea' id='block_1_48' title="bbox 325 3004 1982 3083">
    <p class='ocr_par' dir='ltr' id='par_1_48' title="bbox 325 3004 1982 3083">
     <span class='ocr_line' id='line_1_50' title="bbox 325 3004 1982 3083; baseline 0.001 -23"><span class='ocrx_word' id='word_1_395' title='bbox 325 3007 543 3072; x_wconf 74' lang='grc' dir='ltr'>καὶτῆς</span> <span class='ocrx_word' id='word_1_396' title='bbox 577 3006 781 3068; x_wconf 78' lang='grc' dir='ltr'>ἐννοίας</span> <span class='ocrx_word' id='word_1_397' title='bbox 828 3006 1101 3082; x_wconf 77' lang='grc' dir='ltr'>ἀπογεύσῃ</span> <span class='ocrx_word' id='word_1_398' title='bbox 1153 3007 1239 3061; x_wconf 85' lang='grc' dir='ltr'>καὶ</span> <span class='ocrx_word' id='word_1_399' title='bbox 1283 3011 1382 3072; x_wconf 78' lang='grc' dir='ltr'>τῆς</span> <span class='ocrx_word' id='word_1_400' title='bbox 1432 3007 1650 3077; x_wconf 57' lang='grc' dir='ltr'>λέξεως</span> <span class='ocrx_word' id='word_1_401' title='bbox 1707 3011 1775 3080; x_wconf 82' lang='grc' dir='ltr'>τῇ</span> <span class='ocrx_word' id='word_1_402' title='bbox 1833 3004 1890 3062; x_wconf 69' lang='grc' dir='ltr'>δὲ</span> <span class='ocrx_word' id='word_1_403' title='bbox 1919 3029 1982 3083; x_wconf 90' lang='grc' dir='ltr'>γε</span> 
     </span>
    </p>
   </div>
   <div class='ocr_carea' id='block_1_49' title="bbox 326 3091 1984 3169">
    <p class='ocr_par' dir='ltr' id='par_1_49' title="bbox 326 3091 1984 3169">
     <span class='ocr_line' id='line_1_51' title="bbox 326 3091 1984 3169; baseline 0.001 -20"><span class='ocrx_word' id='word_1_404' title='bbox 326 3094 437 3168; x_wconf 75' lang='grc' dir='ltr'>ἐμῇ</span> <span class='ocrx_word' id='word_1_405' title='bbox 470 3091 745 3151; x_wconf 82' lang='grc' dir='ltr'>δεσπότιδι</span> <span class='ocrx_word' id='word_1_406' title='bbox 793 3091 1088 3168; x_wconf 80' lang='grc' dir='ltr'>μεταδίδου</span> <span class='ocrx_word' id='word_1_407' title='bbox 1143 3099 1248 3149; x_wconf 90' lang='grc' dir='ltr'>τῶν</span> <span class='ocrx_word' id='word_1_408' title='bbox 1308 3098 1405 3165; x_wconf 74' lang='grc' dir='ltr'>τῆς</span> <span class='ocrx_word' id='word_1_409' title='bbox 1447 3095 1746 3165; x_wconf 73' lang='grc' dir='ltr'>ἐπιστολῆς</span> <span class='ocrx_word' id='word_1_410' title='bbox 1777 3096 1984 3169; x_wconf 84' lang='grc' dir='ltr'>νοημά-</span> 
     </span>
    </p>
   </div>
   <div class='ocr_carea' id='block_1_50' title="bbox 324 3182 1978 3260">
    <p class='ocr_par' dir='ltr' id='par_1_50' title="bbox 324 3182 1978 3260">
     <span class='ocr_line' id='line_1_52' title="bbox 324 3182 1978 3260; baseline 0 -21"><span class='ocrx_word' id='word_1_411' title='bbox 324 3206 460 3251; x_wconf 88' lang='grc' dir='ltr'>των,</span> <span class='ocrx_word' id='word_1_412' title='bbox 516 3184 607 3238; x_wconf 86' lang='grc' dir='ltr'>ἳνα</span> <span class='ocrx_word' id='word_1_413' title='bbox 668 3205 760 3257; x_wconf 87' lang='grc' dir='ltr'>μοι</span> <span class='ocrx_word' id='word_1_414' title='bbox 791 3183 882 3238; x_wconf 85' lang='grc' dir='ltr'>καὶ</span> <span class='ocrx_word' id='word_1_415' title='bbox 915 3183 1048 3253; x_wconf 75' lang='grc' dir='ltr'>αὕτη</span> <span class='ocrx_word' id='word_1_416' title='bbox 1089 3185 1333 3259; x_wconf 75' lang='grc' dir='ltr'>μετάσχῃ</span> <span class='ocrx_word' id='word_1_417' title='bbox 1361 3190 1460 3253; x_wconf 84' lang='grc' dir='ltr'>τῆς</span> <span class='ocrx_word' id='word_1_418' title='bbox 1491 3190 1598 3239; x_wconf 88' lang='grc' dir='ltr'>τῶν</span> <span class='ocrx_word' id='word_1_419' title='bbox 1631 3183 1812 3260; x_wconf 87' lang='grc' dir='ltr'>λόγων</span> <span class='ocrx_word' id='word_1_420' title='bbox 1843 3182 1978 3260; x_wconf 85' lang='grc' dir='ltr'>γλυ-</span> 
     </span>
    </p>
   </div>
   <div class='ocr_carea' id='block_1_51' title="bbox 2086 1941 3740 2016">
    <p class='ocr_par' dir='ltr' id='par_1_51' title="bbox 2086 1941 3740 2016">
     <span class='ocr_line' id='line_1_53' title="bbox 2086 1941 3740 2016; baseline -0.003 -17"><span class='ocrx_word' id='word_1_421' title='bbox 2086 1946 2146 1999; x_wconf 90' lang='lat' dir='ltr'>in</span> <span class='ocrx_word' id='word_1_422' title='bbox 2177 1949 2342 2000; x_wconf 69' lang='lat' dir='ltr'>terra:</span> <span class='ocrx_word' id='word_1_423' title='bbox 2371 1945 2731 2016; x_wconf 84' lang='lat' dir='ltr'>gurgitibus.</span> <span class='ocrx_word' id='word_1_424' title='bbox 2769 1945 2853 1999; x_wconf 92' lang='lat' dir='ltr'>Ita</span> <span class='ocrx_word' id='word_1_425' title='bbox 2883 1947 3073 1998; x_wconf 88' lang='lat' dir='ltr'>totum</span> <span class='ocrx_word' id='word_1_426' title='bbox 3107 1958 3200 1997; x_wconf 90' lang='lat' dir='ltr'>me</span> <span class='ocrx_word' id='word_1_427' title='bbox 3249 1946 3484 2013; x_wconf 88' lang='lat' dir='ltr'>captum</span> <span class='ocrx_word' id='word_1_428' title='bbox 3537 1941 3740 1995; x_wconf 89' lang='lat' dir='ltr'>habes.</span> 
     </span>
    </p>
   </div>
   <div class='ocr_carea' id='block_1_52' title="bbox 2085 2029 3731 2102">
    <p class='ocr_par' dir='ltr' id='par_1_52' title="bbox 2085 2029 3731 2102">
     <span class='ocr_line' id='line_1_54' title="bbox 2085 2029 3731 2102; baseline -0.002 -14"><span class='ocrx_word' id='word_1_429' title='bbox 2085 2034 2197 2088; x_wconf 86' lang='lat' dir='ltr'>Sed</span> <span class='ocrx_word' id='word_1_430' title='bbox 2264 2050 2401 2088; x_wconf 90' lang='lat' dir='ltr'>cave</span> <span class='ocrx_word' id='word_1_431' title='bbox 2460 2050 2532 2088; x_wconf 91' lang='lat' dir='ltr'>ne</span> <span class='ocrx_word' id='word_1_432' title='bbox 2586 2033 2843 2088; x_wconf 66' lang='lat' dir='ltr'>avaritiae</span> <span class='ocrx_word' id='word_1_433' title='bbox 2901 2031 3281 2102; x_wconf 88' lang='lat' dir='ltr'>justissimus</span> <span class='ocrx_word' id='word_1_434' title='bbox 3347 2029 3731 2085; x_wconf 88' lang='lat' dir='ltr'>insimuleris.</span> 
     </span>
    </p>
   </div>
   <div class='ocr_carea' id='block_1_53' title="bbox 2087 2121 3740 2190">
    <p class='ocr_par' dir='ltr' id='par_1_53' title="bbox 2087 2121 3740 2190">
     <span class='ocr_line' id='line_1_55' title="bbox 2087 2121 3740 2190; baseline -0.002 -14"><span class='ocrx_word' id='word_1_435' title='bbox 2087 2121 2268 2176; x_wconf 91' lang='lat' dir='ltr'>Hodie</span> <span class='ocrx_word' id='word_1_436' title='bbox 2339 2123 2494 2177; x_wconf 90' lang='lat' dir='ltr'>enim</span> <span class='ocrx_word' id='word_1_437' title='bbox 2544 2121 2860 2176; x_wconf 81' lang='lat' dir='ltr'>Caesarissa</span> <span class='ocrx_word' id='word_1_438' title='bbox 2911 2138 3001 2176; x_wconf 89' lang='lat' dir='ltr'>me</span> <span class='ocrx_word' id='word_1_439' title='bbox 3049 2124 3257 2176; x_wconf 87' lang='lat' dir='ltr'>venata</span> <span class='ocrx_word' id='word_1_440' title='bbox 3321 2125 3410 2175; x_wconf 88' lang='lat' dir='ltr'>est</span> <span class='ocrx_word' id='word_1_441' title='bbox 3458 2123 3740 2190; x_wconf 83' lang='lat' dir='ltr'>tanquam</span> 
     </span>
    </p>
   </div>
   <div class='ocr_carea' id='block_1_54' title="bbox 2086 2208 3741 2282">
    <p class='ocr_par' dir='ltr' id='par_1_54' title="bbox 2086 2208 3741 2282">
     <span class='ocr_line' id='line_1_56' title="bbox 2086 2208 3741 2282; baseline -0.001 -18"><span class='ocrx_word' id='word_1_442' title='bbox 2086 2210 2365 2265; x_wconf 89' lang='lat' dir='ltr'>illecebra</span> <span class='ocrx_word' id='word_1_443' title='bbox 2429 2227 2596 2265; x_wconf 85' lang='lat' dir='ltr'>caseo</span> <span class='ocrx_word' id='word_1_444' title='bbox 2647 2217 2703 2265; x_wconf 92' lang='lat' dir='ltr'>et</span> <span class='ocrx_word' id='word_1_445' title='bbox 2750 2227 2953 2266; x_wconf 90' lang='lat' dir='ltr'>recens</span> <span class='ocrx_word' id='word_1_446' title='bbox 3017 2226 3220 2282; x_wconf 88' lang='lat' dir='ltr'>presso</span> <span class='ocrx_word' id='word_1_447' title='bbox 3286 2208 3456 2264; x_wconf 89' lang='lat' dir='ltr'>lacte.</span> <span class='ocrx_word' id='word_1_448' title='bbox 3507 2208 3741 2263; x_wconf 88' lang='lat' dir='ltr'>Etenim</span> 
     </span>
    </p>
   </div>
   <div class='ocr_carea' id='block_1_55' title="bbox 2088 2297 3748 2371">
    <p class='ocr_par' dir='ltr' id='par_1_55' title="bbox 2088 2297 3748 2371">
     <span class='ocr_line' id='line_1_57' title="bbox 2088 2297 3748 2371; baseline -0.002 -17"><span class='ocrx_word' id='word_1_449' title='bbox 2088 2304 2295 2371; x_wconf 88' lang='lat' dir='ltr'>captus</span> <span class='ocrx_word' id='word_1_450' title='bbox 2325 2315 2455 2355; x_wconf 89' lang='lat' dir='ltr'>sum</span> <span class='ocrx_word' id='word_1_451' title='bbox 2488 2299 2621 2355; x_wconf 89' lang='lat' dir='ltr'>istis</span> <span class='ocrx_word' id='word_1_452' title='bbox 2654 2305 2938 2365; x_wconf 86' lang='lat' dir='ltr'>revera,et</span> <span class='ocrx_word' id='word_1_453' title='bbox 2974 2298 3178 2354; x_wconf 88' lang='lat' dir='ltr'>avidus</span> <span class='ocrx_word' id='word_1_454' title='bbox 3209 2314 3340 2357; x_wconf 88' lang='lat' dir='ltr'>sum</span> <span class='ocrx_word' id='word_1_455' title='bbox 3373 2297 3748 2365; x_wconf 65' lang='lat' dir='ltr'>ciborum,!et</span> 
     </span>
    </p>
   </div>
   <div class='ocr_carea' id='block_1_56' title="bbox 2089 2385 3743 2456">
    <p class='ocr_par' dir='ltr' id='par_1_56' title="bbox 2089 2385 3743 2456">
     <span class='ocr_line' id='line_1_58' title="bbox 2089 2385 3743 2456; baseline -0.004 -12"><span class='ocrx_word' id='word_1_456' title='bbox 2089 2394 2155 2444; x_wconf 93' lang='lat' dir='ltr'>ut</span> <span class='ocrx_word' id='word_1_457' title='bbox 2185 2389 2351 2445; x_wconf 90' lang='lat' dir='ltr'>video</span> <span class='ocrx_word' id='word_1_458' title='bbox 2383 2405 2506 2444; x_wconf 88' lang='lat' dir='ltr'>rem</span> <span class='ocrx_word' id='word_1_459' title='bbox 2539 2387 2840 2456; x_wconf 86' lang='lat' dir='ltr'>eximiam,</span> <span class='ocrx_word' id='word_1_460' title='bbox 2871 2388 3074 2443; x_wconf 88' lang='lat' dir='ltr'>statim</span> <span class='ocrx_word' id='word_1_461' title='bbox 3107 2403 3205 2442; x_wconf 91' lang='lat' dir='ltr'>ore</span> <span class='ocrx_word' id='word_1_462' title='bbox 3233 2386 3396 2441; x_wconf 90' lang='lat' dir='ltr'>inhio</span> <span class='ocrx_word' id='word_1_463' title='bbox 3423 2391 3480 2440; x_wconf 91' lang='lat' dir='ltr'>et</span> <span class='ocrx_word' id='word_1_464' title='bbox 3526 2385 3743 2440; x_wconf 90' lang='lat' dir='ltr'>hamus</span> 
     </span>
    </p>
   </div>
   <div class='ocr_carea' id='block_1_57' title="bbox 2091 2473 3747 2551">
    <p class='ocr_par' dir='ltr' id='par_1_57' title="bbox 2091 2473 3747 2551">
     <span class='ocr_line' id='line_1_59' title="bbox 2091 2473 3747 2551; baseline -0.004 -18"><span class='ocrx_word' id='word_1_465' title='bbox 2091 2495 2183 2534; x_wconf 89' lang='lat' dir='ltr'>me</span> <span class='ocrx_word' id='word_1_466' title='bbox 2214 2479 2426 2551; x_wconf 91' lang='lat' dir='ltr'>pungit</span> <span class='ocrx_word' id='word_1_467' title='bbox 2455 2483 2512 2533; x_wconf 87' lang='lat' dir='ltr'>et</span> <span class='ocrx_word' id='word_1_468' title='bbox 2540 2482 2779 2549; x_wconf 87' lang='lat' dir='ltr'>gutture</span> <span class='ocrx_word' id='word_1_469' title='bbox 2807 2492 3163 2548; x_wconf 80' lang='lat' dir='ltr'>suspensum</span> <span class='ocrx_word' id='word_1_470' title='bbox 3195 2479 3370 2530; x_wconf 92' lang='lat' dir='ltr'>tenet.</span> <span class='ocrx_word' id='word_1_471' title='bbox 3425 2479 3508 2529; x_wconf 89' lang='lat' dir='ltr'>Ne</span> <span class='ocrx_word' id='word_1_472' title='bbox 3562 2473 3747 2546; x_wconf 88' lang='lat' dir='ltr'>igitur</span> 
     </span>
    </p>
   </div>
   <div class='ocr_carea' id='block_1_58' title="bbox 2090 2564 3737 2635">
    <p class='ocr_par' dir='ltr' id='par_1_58' title="bbox 2090 2564 3737 2635">
     <span class='ocr_line' id='line_1_60' title="bbox 2090 2564 3737 2635; baseline -0.003 -13"><span class='ocrx_word' id='word_1_473' title='bbox 2090 2584 2286 2622; x_wconf 88' lang='lat' dir='ltr'>meum</span> <span class='ocrx_word' id='word_1_474' title='bbox 2319 2583 2648 2623; x_wconf 88' lang='lat' dir='ltr'>sermonem</span> <span class='ocrx_word' id='word_1_475' title='bbox 2684 2565 2992 2632; x_wconf 88' lang='lat' dir='ltr'>dilaceres,</span> <span class='ocrx_word' id='word_1_476' title='bbox 3015 2564 3104 2620; x_wconf 89' lang='lat' dir='ltr'>vel</span> <span class='ocrx_word' id='word_1_477' title='bbox 3133 2564 3325 2635; x_wconf 87' lang='lat' dir='ltr'>potius</span> <span class='ocrx_word' id='word_1_478' title='bbox 3357 2580 3430 2619; x_wconf 91' lang='lat' dir='ltr'>ne</span> <span class='ocrx_word' id='word_1_479' title='bbox 3479 2565 3737 2635; x_wconf 66' lang='lat' dir='ltr'>praedam</span> 
     </span>
    </p>
   </div>
   <div class='ocr_carea' id='block_1_59' title="bbox 2089 2651 3740 2722">
    <p class='ocr_par' dir='ltr' id='par_1_59' title="bbox 2089 2651 3740 2722">
     <span class='ocr_line' id='line_1_61' title="bbox 2089 2651 3740 2722; baseline -0.004 -12"><span class='ocrx_word' id='word_1_480' title='bbox 2089 2660 2275 2712; x_wconf 88' lang='lat' dir='ltr'>totam</span> <span class='ocrx_word' id='word_1_481' title='bbox 2307 2661 2471 2710; x_wconf 88' lang='lat' dir='ltr'>tuam</span> <span class='ocrx_word' id='word_1_482' title='bbox 2505 2655 2704 2722; x_wconf 85' lang='lat' dir='ltr'>facias;</span> <span class='ocrx_word' id='word_1_483' title='bbox 2735 2655 2836 2708; x_wconf 90' lang='lat' dir='ltr'>sed</span> <span class='ocrx_word' id='word_1_484' title='bbox 2869 2653 3013 2707; x_wconf 91' lang='lat' dir='ltr'>mihi</span> <span class='ocrx_word' id='word_1_485' title='bbox 3045 2653 3218 2708; x_wconf 87' lang='lat' dir='ltr'>ambo</span> <span class='ocrx_word' id='word_1_486' title='bbox 3250 2651 3619 2707; x_wconf 84' lang='lat' dir='ltr'>venationem</span> <span class='ocrx_word' id='word_1_487' title='bbox 3656 2652 3740 2706; x_wconf 87' lang='lat' dir='ltr'>di-</span> 
     </span>
    </p>
   </div>
   <div class='ocr_carea' id='block_1_60' title="bbox 2090 2739 3741 2816">
    <p class='ocr_par' dir='ltr' id='par_1_60' title="bbox 2090 2739 3741 2816">
     <span class='ocr_line' id='line_1_62' title="bbox 2090 2739 3741 2816; baseline -0.004 -16"><span class='ocrx_word' id='word_1_488' title='bbox 2090 2745 2385 2800; x_wconf 89' lang='lat' dir='ltr'>vidite.Tu</span> <span class='ocrx_word' id='word_1_489' title='bbox 2416 2745 2656 2816; x_wconf 83' lang='lat' dir='ltr'>quidem</span> <span class='ocrx_word' id='word_1_490' title='bbox 2689 2743 3042 2814; x_wconf 83' lang='lat' dir='ltr'>coigtatione</span> <span class='ocrx_word' id='word_1_491' title='bbox 3090 2745 3146 2795; x_wconf 89' lang='lat' dir='ltr'>et</span> <span class='ocrx_word' id='word_1_492' title='bbox 3193 2739 3446 2794; x_wconf 88' lang='lat' dir='ltr'>dictione</span> <span class='ocrx_word' id='word_1_493' title='bbox 3495 2739 3741 2807; x_wconf 71' lang='lat' dir='ltr'>frueris;</span> 
     </span>
    </p>
   </div>
   <div class='ocr_carea' id='block_1_61' title="bbox 2091 2828 3748 2902">
    <p class='ocr_par' dir='ltr' id='par_1_61' title="bbox 2091 2828 3748 2902">
     <span class='ocr_line' id='line_1_63' title="bbox 2091 2828 3748 2902; baseline -0.004 -14"><span class='ocrx_word' id='word_1_494' title='bbox 2091 2851 2231 2889; x_wconf 69' lang='lat' dir='ltr'>mea:</span> <span class='ocrx_word' id='word_1_495' title='bbox 2265 2839 2458 2889; x_wconf 88' lang='lat' dir='ltr'>autem</span> <span class='ocrx_word' id='word_1_496' title='bbox 2493 2833 2740 2888; x_wconf 72' lang='lat' dir='ltr'>dominae</span> <span class='ocrx_word' id='word_1_497' title='bbox 2773 2832 2966 2886; x_wconf 89' lang='lat' dir='ltr'>tribue</span> <span class='ocrx_word' id='word_1_498' title='bbox 2997 2829 3257 2902; x_wconf 72' lang='lat' dir='ltr'>epistolae</span> <span class='ocrx_word' id='word_1_499' title='bbox 3288 2828 3635 2895; x_wconf 85' lang='lat' dir='ltr'>sententias,</span> <span class='ocrx_word' id='word_1_500' title='bbox 3681 2833 3748 2882; x_wconf 90' lang='lat' dir='ltr'>ut</span> 
     </span>
    </p>
   </div>
   <div class='ocr_carea' id='block_1_62' title="bbox 2091 2915 3744 2993">
    <p class='ocr_par' dir='ltr' id='par_1_62' title="bbox 2091 2915 3744 2993">
     <span class='ocr_line' id='line_1_64' title="bbox 2091 2915 3744 2993; baseline -0.005 -16"><span class='ocrx_word' id='word_1_501' title='bbox 2091 2922 2236 2977; x_wconf 91' lang='lat' dir='ltr'>mihi</span> <span class='ocrx_word' id='word_1_502' title='bbox 2267 2928 2325 2977; x_wconf 91' lang='lat' dir='ltr'>et</span> <span class='ocrx_word' id='word_1_503' title='bbox 2356 2922 2484 2992; x_wconf 91' lang='lat' dir='ltr'>ipsa</span> <span class='ocrx_word' id='word_1_504' title='bbox 2517 2922 2811 2993; x_wconf 86' lang='lat' dir='ltr'>particeps</span> <span class='ocrx_word' id='word_1_505' title='bbox 2849 2921 2954 2974; x_wconf 84' lang='lat' dir='ltr'>ﬁat</span> <span class='ocrx_word' id='word_1_506' title='bbox 3004 2933 3344 2974; x_wconf 86' lang='lat' dir='ltr'>sermonum</span> <span class='ocrx_word' id='word_1_507' title='bbox 3401 2915 3744 2982; x_wconf 87' lang='lat' dir='ltr'>suavitatis;</span> 
     </span>
    </p>
   </div>
   <div class='ocr_carea' id='block_1_63' title="bbox 2090 3003 3748 3081">
    <p class='ocr_par' dir='ltr' id='par_1_63' title="bbox 2090 3003 3748 3081">
     <span class='ocr_line' id='line_1_65' title="bbox 2090 3003 3748 3081; baseline -0.005 -15"><span class='ocrx_word' id='word_1_508' title='bbox 2090 3015 2148 3066; x_wconf 89' lang='lat' dir='ltr'>et</span> <span class='ocrx_word' id='word_1_509' title='bbox 2167 3009 2484 3081; x_wconf 89' lang='lat' dir='ltr'>voluptatis</span> <span class='ocrx_word' id='word_1_510' title='bbox 2507 3011 2695 3080; x_wconf 89' lang='lat' dir='ltr'>gratia</span> <span class='ocrx_word' id='word_1_511' title='bbox 2717 3007 2933 3080; x_wconf 80' lang='lat' dir='ltr'>saepius</span> <span class='ocrx_word' id='word_1_512' title='bbox 2956 3023 3050 3062; x_wconf 91' lang='lat' dir='ltr'>me</span> <span class='ocrx_word' id='word_1_513' title='bbox 3083 3006 3282 3062; x_wconf 88' lang='lat' dir='ltr'>venari</span> <span class='ocrx_word' id='word_1_514' title='bbox 3319 3003 3478 3060; x_wconf 88' lang='lat' dir='ltr'>velit.</span> <span class='ocrx_word' id='word_1_515' title='bbox 3512 3003 3748 3060; x_wconf 89' lang='lat' dir='ltr'>Gaudeo</span> 
     </span>
    </p>
   </div>
   <div class='ocr_carea' id='block_1_64' title="bbox 2091 3093 3749 3165">
    <p class='ocr_par' dir='ltr' id='par_1_64' title="bbox 2091 3093 3749 3165">
     <span class='ocr_line' id='line_1_66' title="bbox 2091 3093 3749 3165; baseline -0.006 -10"><span class='ocrx_word' id='word_1_516' title='bbox 2091 3099 2249 3155; x_wconf 86' lang='lat' dir='ltr'>enim</span> <span class='ocrx_word' id='word_1_517' title='bbox 2282 3115 2416 3154; x_wconf 92' lang='lat' dir='ltr'>cum</span> <span class='ocrx_word' id='word_1_518' title='bbox 2447 3114 2551 3153; x_wconf 88' lang='lat' dir='ltr'>vos</span> <span class='ocrx_word' id='word_1_519' title='bbox 2579 3113 2672 3152; x_wconf 89' lang='lat' dir='ltr'>me</span> <span class='ocrx_word' id='word_1_520' title='bbox 2700 3101 3028 3165; x_wconf 82' lang='lat' dir='ltr'>venantur;</span> <span class='ocrx_word' id='word_1_521' title='bbox 3061 3112 3163 3151; x_wconf 88' lang='lat' dir='ltr'>vos</span> <span class='ocrx_word' id='word_1_522' title='bbox 3187 3095 3345 3150; x_wconf 91' lang='lat' dir='ltr'>enim</span> <span class='ocrx_word' id='word_1_523' title='bbox 3369 3093 3544 3149; x_wconf 89' lang='lat' dir='ltr'>verba</span> <span class='ocrx_word' id='word_1_524' title='bbox 3569 3108 3749 3146; x_wconf 86' lang='lat' dir='ltr'>vacua</span> 
     </span>
    </p>
   </div>
   <div class='ocr_carea' id='block_1_65' title="bbox 2091 3183 3748 3254">
    <p class='ocr_par' dir='ltr' id='par_1_65' title="bbox 2091 3183 3748 3254">
     <span class='ocr_line' id='line_1_67' title="bbox 2091 3183 3748 3254; baseline -0.005 -11"><span class='ocrx_word' id='word_1_525' title='bbox 2091 3193 2149 3243; x_wconf 86' lang='lat' dir='ltr'>et</span> <span class='ocrx_word' id='word_1_526' title='bbox 2178 3187 2436 3243; x_wconf 88' lang='lat' dir='ltr'>volantia</span> <span class='ocrx_word' id='word_1_527' title='bbox 2465 3186 2523 3241; x_wconf 91' lang='lat' dir='ltr'>in</span> <span class='ocrx_word' id='word_1_528' title='bbox 2559 3185 2834 3241; x_wconf 87' lang='lat' dir='ltr'>manibus</span> <span class='ocrx_word' id='word_1_529' title='bbox 2865 3184 3118 3253; x_wconf 89' lang='lat' dir='ltr'>habetis,</span> <span class='ocrx_word' id='word_1_530' title='bbox 3151 3199 3257 3254; x_wconf 88' lang='lat' dir='ltr'>ego</span> <span class='ocrx_word' id='word_1_531' title='bbox 3287 3198 3419 3236; x_wconf 90' lang='lat' dir='ltr'>vero</span> <span class='ocrx_word' id='word_1_532' title='bbox 3469 3183 3748 3252; x_wconf 82' lang='lat' dir='ltr'>butyrum</span> 
     </span>
    </p>
   </div>
   <div class='ocr_carea' id='block_1_66' title="bbox 325 3261 2407 3349">
    <p class='ocr_par' dir='ltr' id='par_1_66' title="bbox 325 3261 2407 3349">
     <span class='ocr_line' id='line_1_68' title="bbox 325 3261 2407 3349; baseline 0.003 -23"><span class='ocrx_word' id='word_1_533' title='bbox 325 3274 581 3343; x_wconf 83' lang='grc' dir='ltr'>κύτητος⁶</span> <span class='ocrx_word' id='word_1_534' title='bbox 641 3273 729 3327; x_wconf 85' lang='grc' dir='ltr'>καὶ</span> <span class='ocrx_word' id='word_1_535' title='bbox 779 3276 881 3337; x_wconf 79' lang='grc' dir='ltr'>τῆς</span> <span class='ocrx_word' id='word_1_536' title='bbox 936 3270 1142 3343; x_wconf 77' lang='grc' dir='ltr'>ἡδονῆς</span> <span class='ocrx_word' id='word_1_537' title='bbox 1197 3273 1353 3327; x_wconf 77' lang='grc' dir='ltr'>ἓνεκα</span> <span class='ocrx_word' id='word_1_538' title='bbox 1395 3273 1667 3336; x_wconf 79' lang='grc' dir='ltr'>πολλάκις</span> <span class='ocrx_word' id='word_1_539' title='bbox 1717 3295 1784 3348; x_wconf 87' lang='grc' dir='ltr'>με</span> <span class='ocrx_word' id='word_1_540' title='bbox 1813 3277 1980 3349; x_wconf 80' lang='grc' dir='ltr'>Θηρᾷν</span> <span class='ocrx_word' id='word_1_541' title='bbox 2015 3261 2057 3328; x_wconf 82' lang='lat' dir='ltr'>C</span> <span class='ocrx_word' id='word_1_542' title='bbox 2098 3281 2154 3332; x_wconf 86' lang='lat' dir='ltr'>et</span> <span class='ocrx_word' id='word_1_543' title='bbox 2183 3293 2407 3332; x_wconf 87' lang='lat' dir='ltr'>caseos.</span> 
     </span>
    </p>
   </div>
   <div class='ocr_carea' id='block_1_67' title="bbox 336 3353 3740 3439">
    <p class='ocr_par' dir='ltr' id='par_1_67' title="bbox 336 3353 3740 3439">
     <span class='ocr_line' id='line_1_69' title="bbox 336 3353 3740 3439; baseline -0.002 -24"><span class='ocrx_word' id='word_1_544' title='bbox 336 3361 618 3436; x_wconf 82' lang='grc' dir='ltr'>βούλοιτο.</span> <span class='ocrx_word' id='word_1_545' title='bbox 653 3362 841 3436; x_wconf 80' lang='grc' dir='ltr'>Χαίρω</span> <span class='ocrx_word' id='word_1_546' title='bbox 873 3362 974 3437; x_wconf 66' lang='grc' dir='ltr'>γὰρ</span> <span class='ocrx_word' id='word_1_547' title='bbox 1009 3363 1331 3438; x_wconf 81' lang='grc' dir='ltr'>θηρώμενος</span> <span class='ocrx_word' id='word_1_548' title='bbox 1361 3370 1488 3438; x_wconf 86' lang='grc' dir='ltr'>παρ’</span> <span class='ocrx_word' id='word_1_549' title='bbox 1523 3365 1694 3437; x_wconf 77' lang='grc' dir='ltr'>ὑμῶν·</span> <span class='ocrx_word' id='word_1_550' title='bbox 1732 3365 1886 3438; x_wconf 77' lang='grc' dir='ltr'>ὑμεῖς</span> <span class='ocrx_word' id='word_1_551' title='bbox 1912 3365 2010 3439; x_wconf 75' lang='grc' dir='ltr'>γάρ</span> <span class='ocrx_word' id='word_1_552' title='bbox 2052 3363 2251 3439; x_wconf 82' lang='grc' dir='ltr'>λόγους</span> <span class='ocrx_word' id='word_1_553' title='bbox 2285 3363 2476 3425; x_wconf 79' lang='grc' dir='ltr'>κενοὺς</span> <span class='ocrx_word' id='word_1_554' title='bbox 2509 3362 2594 3417; x_wconf 79' lang='grc' dir='ltr'>καὶ</span> <span class='ocrx_word' id='word_1_555' title='bbox 2627 3362 2950 3436; x_wconf 82' lang='grc' dir='ltr'>πτερόεντας</span> <span class='ocrx_word' id='word_1_556' title='bbox 2982 3358 3031 3414; x_wconf 83' lang='grc' dir='ltr'>ἐν</span> <span class='ocrx_word' id='word_1_557' title='bbox 3063 3364 3182 3419; x_wconf 86' lang='grc' dir='ltr'>ταῖς</span> <span class='ocrx_word' id='word_1_558' title='bbox 3215 3356 3400 3431; x_wconf 77' lang='grc' dir='ltr'>χερσὶν</span> <span class='ocrx_word' id='word_1_559' title='bbox 3426 3353 3599 3431; x_wconf 82' lang='grc' dir='ltr'>ἔχετε,</span> <span class='ocrx_word' id='word_1_560' title='bbox 3635 3355 3740 3432; x_wconf 82' lang='grc' dir='ltr'>ἐγὼ</span> 
     </span>
    </p>
   </div>
   <div class='ocr_carea' id='block_1_68' title="bbox 333 3449 1038 3528">
    <p class='ocr_par' dir='ltr' id='par_1_68' title="bbox 333 3449 1038 3528">
     <span class='ocr_line' id='line_1_70' title="bbox 333 3449 1038 3528; baseline 0.004 -22"><span class='ocrx_word' id='word_1_561' title='bbox 333 3449 394 3506; x_wconf 72' lang='grc' dir='ltr'>δὲ</span> <span class='ocrx_word' id='word_1_562' title='bbox 429 3450 668 3528; x_wconf 82' lang='grc' dir='ltr'>βούτυρα</span> <span class='ocrx_word' id='word_1_563' title='bbox 699 3451 789 3506; x_wconf 81' lang='grc' dir='ltr'>καὶ</span> <span class='ocrx_word' id='word_1_564' title='bbox 820 3453 1038 3528; x_wconf 83' lang='grc' dir='ltr'>τυρούς.</span> 
     </span>
    </p>
   </div>
   <div class='ocr_carea' id='block_1_69' title="bbox 964 3579 1352 3651">
    <p class='ocr_par' dir='ltr' id='par_1_69' title="bbox 964 3579 1352 3651">
     <span class='ocr_line' id='line_1_71' title="bbox 964 3579 1352 3651; baseline 0.01 -19"><span class='ocrx_word' id='word_1_565' title='bbox 964 3579 1017 3633; x_wconf 86' lang='lat' dir='ltr'>l&#39;.</span> <span class='ocrx_word' id='word_1_566' title='bbox 1053 3581 1148 3650; x_wconf 85' lang='grc' dir='ltr'>Τῷ</span> <span class='ocrx_word' id='word_1_567' title='bbox 1178 3579 1352 3651; x_wconf 80' lang='grc' dir='ltr'>αὐτῷ.</span> 
     </span>
    </p>
   </div>
   <div class='ocr_carea' id='block_1_70' title="bbox 407 3664 1984 3744">
    <p class='ocr_par' dir='ltr' id='par_1_70' title="bbox 407 3664 1984 3744">
     <span class='ocr_line' id='line_1_72' title="bbox 407 3664 1984 3744; baseline 0 -23"><span class='ocrx_word' id='word_1_568' title='bbox 407 3664 707 3741; x_wconf 78' lang='grc' dir='ltr'>Ἔγραψας,</span> <span class='ocrx_word' id='word_1_569' title='bbox 763 3667 808 3722; x_wconf 83' lang='grc' dir='ltr'>εἷ</span> <span class='ocrx_word' id='word_1_570' title='bbox 862 3666 949 3721; x_wconf 82' lang='grc' dir='ltr'>καὶ</span> <span class='ocrx_word' id='word_1_571' title='bbox 1005 3669 1080 3738; x_wconf 79' lang='grc' dir='ltr'>μὴ</span> <span class='ocrx_word' id='word_1_572' title='bbox 1141 3670 1210 3740; x_wconf 80' lang='grc' dir='ltr'>τῇ</span> <span class='ocrx_word' id='word_1_573' title='bbox 1246 3668 1416 3743; x_wconf 81' lang='grc' dir='ltr'>χειρὶ,</span> <span class='ocrx_word' id='word_1_574' title='bbox 1450 3666 1595 3722; x_wconf 78' lang='grc' dir='ltr'>ἀλλὰ</span> <span class='ocrx_word' id='word_1_575' title='bbox 1621 3671 1689 3742; x_wconf 76' lang='grc' dir='ltr'>τῇ</span> <span class='ocrx_word' id='word_1_576' title='bbox 1723 3671 1900 3744; x_wconf 78' lang='grc' dir='ltr'>ψυχῇ.</span> <span class='ocrx_word' id='word_1_577' title='bbox 1927 3669 1984 3721; x_wconf 73' lang='grc' dir='ltr'><strong>Ὀ</strong></span> 
     </span>
    </p>
   </div>
   <div class='ocr_carea' id='block_1_71' title="bbox 333 3751 1985 3832">
    <p class='ocr_par' dir='ltr' id='par_1_71' title="bbox 333 3751 1985 3832">
     <span class='ocr_line' id='line_1_73' title="bbox 333 3751 1985 3832; baseline 0.002 -24"><span class='ocrx_word' id='word_1_578' title='bbox 333 3755 436 3829; x_wconf 78' lang='grc' dir='ltr'>γὰρ</span> <span class='ocrx_word' id='word_1_579' title='bbox 473 3756 755 3832; x_wconf 78' lang='grc' dir='ltr'>χαρακτήρ</span> <span class='ocrx_word' id='word_1_580' title='bbox 787 3757 1068 3831; x_wconf 85' lang='grc' dir='ltr'>γνώριμος</span> <span class='ocrx_word' id='word_1_581' title='bbox 1113 3757 1204 3810; x_wconf 84' lang='grc' dir='ltr'>καὶ</span> <span class='ocrx_word' id='word_1_582' title='bbox 1265 3751 1506 3832; x_wconf 74' lang='grc' dir='ltr'>ἀκριϐῶς</span> <span class='ocrx_word' id='word_1_583' title='bbox 1567 3757 1881 3830; x_wconf 66' lang='grc' dir='ltr'>εἴκασμὲνος</span> <span class='ocrx_word' id='word_1_584' title='bbox 1910 3757 1985 3819; x_wconf 82' lang='grc' dir='ltr'>εἰς</span> 
     </span>
    </p>
   </div>
   <div class='ocr_carea' id='block_1_72' title="bbox 333 3842 809 3916">
    <p class='ocr_par' dir='ltr' id='par_1_72' title="bbox 333 3842 809 3916">
     <span class='ocr_line' id='line_1_74' title="bbox 333 3842 809 3916; baseline 0.011 -20"><span class='ocrx_word' id='word_1_585' title='bbox 333 3842 400 3896; x_wconf 87' lang='grc' dir='ltr'>τὸ</span> <span class='ocrx_word' id='word_1_586' title='bbox 430 3845 809 3916; x_wconf 87' lang='grc' dir='ltr'>πρωτότυπον.</span> 
     </span>
    </p>
   </div>
   <div class='ocr_carea' id='block_1_73' title="bbox 409 3931 1983 4009">
    <p class='ocr_par' dir='ltr' id='par_1_73' title="bbox 409 3931 1983 4009">
     <span class='ocr_line' id='line_1_75' title="bbox 409 3931 1983 4009; baseline 0.001 -22"><span class='ocrx_word' id='word_1_587' title='bbox 409 3935 542 3988; x_wconf 85' lang='grc' dir='ltr'>Εἱτα</span> <span class='ocrx_word' id='word_1_588' title='bbox 601 3933 652 3987; x_wconf 77' lang='grc' dir='ltr'>ἐν</span> <span class='ocrx_word' id='word_1_589' title='bbox 707 3937 786 4004; x_wconf 80' lang='grc' dir='ltr'>τῷ</span> <span class='ocrx_word' id='word_1_590' title='bbox 842 3934 918 4006; x_wconf 75' lang='grc' dir='ltr'>μή</span> <span class='ocrx_word' id='word_1_591' title='bbox 953 3932 1326 4005; x_wconf 78' lang='grc' dir='ltr'>ἐμπιπλᾶσθαί</span> <span class='ocrx_word' id='word_1_592' title='bbox 1358 3955 1414 3988; x_wconf 91' lang='grc' dir='ltr'>σε</span> <span class='ocrx_word' id='word_1_593' title='bbox 1442 3937 1549 3988; x_wconf 88' lang='grc' dir='ltr'>τῶν</span> <span class='ocrx_word' id='word_1_594' title='bbox 1579 3931 1725 4002; x_wconf 84' lang='grc' dir='ltr'>ἐμῶν</span> <span class='ocrx_word' id='word_1_595' title='bbox 1778 3933 1983 4009; x_wconf 87' lang='grc' dir='ltr'>λόγῶν,</span> 
     </span>
    </p>
   </div>
   <div class='ocr_carea' id='block_1_74' title="bbox 337 4018 1987 4099">
    <p class='ocr_par' dir='ltr' id='par_1_74' title="bbox 337 4018 1987 4099">
     <span class='ocr_line' id='line_1_76' title="bbox 337 4018 1987 4099; baseline 0.001 -25"><span class='ocrx_word' id='word_1_596' title='bbox 337 4018 482 4094; x_wconf 69' lang='grc' dir='ltr'>μηδὲ</span> <span class='ocrx_word' id='word_1_597' title='bbox 535 4023 882 4098; x_wconf 77' lang='grc' dir='ltr'>κορὲννυσθαι</span> <span class='ocrx_word' id='word_1_598' title='bbox 931 4029 1031 4091; x_wconf 73' lang='grc' dir='ltr'>τῆς</span> <span class='ocrx_word' id='word_1_599' title='bbox 1081 4022 1312 4092; x_wconf 87' lang='grc' dir='ltr'>τούτων,</span> <span class='ocrx_word' id='word_1_600' title='bbox 1373 4023 1446 4083; x_wconf 84' lang='grc' dir='ltr'>ὡς</span> <span class='ocrx_word' id='word_1_601' title='bbox 1489 4023 1734 4099; x_wconf 59' lang='grc' dir='ltr'>γράφεις.</span> <span class='ocrx_word' id='word_1_602' title='bbox 1782 4021 1987 4098; x_wconf 87' lang='grc' dir='ltr'>γλυκύ-</span> 
     </span>
    </p>
   </div>
   <div class='ocr_carea' id='block_1_75' title="bbox 330 4109 1985 4187">
    <p class='ocr_par' dir='ltr' id='par_1_75' title="bbox 330 4109 1985 4187">
     <span class='ocr_line' id='line_1_77' title="bbox 330 4109 1985 4187; baseline 0.001 -23"><span class='ocrx_word' id='word_1_603' title='bbox 330 4131 519 4180; x_wconf 85' lang='grc' dir='ltr'>τητος,</span> <span class='ocrx_word' id='word_1_604' title='bbox 572 4111 728 4166; x_wconf 77' lang='grc' dir='ltr'>αὐτοὶ</span> <span class='ocrx_word' id='word_1_605' title='bbox 776 4115 1071 4184; x_wconf 78' lang='grc' dir='ltr'>καθιοῦμεν</span> <span class='ocrx_word' id='word_1_606' title='bbox 1131 4109 1580 4186; x_wconf 73' lang='grc' dir='ltr'>ἀνθολογοῦντες,</span> <span class='ocrx_word' id='word_1_607' title='bbox 1633 4111 1748 4179; x_wconf 83' lang='grc' dir='ltr'>ἀεὶ,</span> <span class='ocrx_word' id='word_1_608' title='bbox 1804 4111 1985 4187; x_wconf 84' lang='grc' dir='ltr'>ὥσπερ</span> 
     </span>
    </p>
   </div>
   <div class='ocr_carea' id='block_1_76' title="bbox 332 4197 1984 4276">
    <p class='ocr_par' dir='ltr' id='par_1_76' title="bbox 332 4197 1984 4276">
     <span class='ocr_line' id='line_1_78' title="bbox 332 4197 1984 4276; baseline 0.001 -24"><span class='ocrx_word' id='word_1_609' title='bbox 332 4200 390 4253; x_wconf 72' lang='grc' dir='ltr'>αἱ</span> <span class='ocrx_word' id='word_1_610' title='bbox 445 4197 720 4272; x_wconf 72' lang='grc' dir='ltr'>μέλισσαι,</span> <span class='ocrx_word' id='word_1_611' title='bbox 770 4202 987 4270; x_wconf 74' lang='grc' dir='ltr'>καξτὴν</span> <span class='ocrx_word' id='word_1_612' title='bbox 1045 4205 1142 4255; x_wconf 75' lang='grc' dir='ltr'>τοῦ</span> <span class='ocrx_word' id='word_1_613' title='bbox 1196 4199 1423 4272; x_wconf 70' lang='grc' dir='ltr'>μελιτος</span> <span class='ocrx_word' id='word_1_614' title='bbox 1480 4200 1724 4276; x_wconf 74' lang='grc' dir='ltr'>ἐργασίαν</span> <span class='ocrx_word' id='word_1_615' title='bbox 1772 4199 1984 4276; x_wconf 78' lang='grc' dir='ltr'>ἐξεργα-</span> 
     </span>
    </p>
   </div>
   <div class='ocr_carea' id='block_1_77' title="bbox 338 4286 1986 4362">
    <p class='ocr_par' dir='ltr' id='par_1_77' title="bbox 338 4286 1986 4362">
     <span class='ocr_line' id='line_1_79' title="bbox 338 4286 1986 4362; baseline 0.001 -20"><span class='ocrx_word' id='word_1_616' title='bbox 338 4288 579 4361; x_wconf 83' lang='grc' dir='ltr'>ζόμενοι·</span> <span class='ocrx_word' id='word_1_617' title='bbox 620 4287 744 4344; x_wconf 83' lang='grc' dir='ltr'>ἀλλ’</span> <span class='ocrx_word' id='word_1_618' title='bbox 774 4289 819 4343; x_wconf 76' lang='grc' dir='ltr'>εἰ</span> <span class='ocrx_word' id='word_1_619' title='bbox 849 4289 939 4343; x_wconf 81' lang='grc' dir='ltr'>καὶ</span> <span class='ocrx_word' id='word_1_620' title='bbox 1041 4289 1282 4353; x_wconf 84' lang='grc' dir='ltr'>θάλασσα</span> <span class='ocrx_word' id='word_1_621' title='bbox 1309 4289 1407 4344; x_wconf 82' lang='grc' dir='ltr'>οὐκ</span> <span class='ocrx_word' id='word_1_622' title='bbox 1455 4286 1595 4344; x_wconf 81' lang='grc' dir='ltr'>ἔστιν</span> <span class='ocrx_word' id='word_1_623' title='bbox 1629 4288 1986 4362; x_wconf 79' lang='grc' dir='ltr'>ἐμπιπλαμὲ-</span> 
     </span>
    </p>
   </div>
   <div class='ocr_carea' id='block_1_78' title="bbox 334 4377 1982 4457">
    <p class='ocr_par' dir='ltr' id='par_1_78' title="bbox 334 4377 1982 4457">
     <span class='ocr_line' id='line_1_80' title="bbox 334 4377 1982 4457; baseline 0.002 -26"><span class='ocrx_word' id='word_1_624' title='bbox 334 4399 428 4447; x_wconf 89' lang='grc' dir='ltr'>νη,</span> <span class='ocrx_word' id='word_1_625' title='bbox 462 4379 600 4432; x_wconf 75' lang='grc' dir='ltr'>κατὰ</span> <span class='ocrx_word' id='word_1_626' title='bbox 640 4378 734 4434; x_wconf 88' lang='grc' dir='ltr'>τὸν</span> <span class='ocrx_word' id='word_1_627' title='bbox 782 4377 1039 4452; x_wconf 80' lang='grc' dir='ltr'>εἰρηκότα</span> <span class='ocrx_word' id='word_1_628' title='bbox 1088 4380 1276 4457; x_wconf 69' lang='grc' dir='ltr'>σοφὸν,</span> <span class='ocrx_word' id='word_1_629' title='bbox 1329 4382 1544 4435; x_wconf 87' lang='grc' dir='ltr'>πάντων</span> <span class='ocrx_word' id='word_1_630' title='bbox 1582 4384 1692 4434; x_wconf 89' lang='grc' dir='ltr'>τῶν</span> <span class='ocrx_word' id='word_1_631' title='bbox 1723 4384 1982 4452; x_wconf 79' lang='grc' dir='ltr'>ποταμῶν</span> 
     </span>
    </p>
   </div>
   <div class='ocr_carea' id='block_1_79' title="bbox 338 4466 1985 4544">
    <p class='ocr_par' dir='ltr' id='par_1_79' title="bbox 338 4466 1985 4544">
     <span class='ocr_line' id='line_1_81' title="bbox 338 4466 1985 4544; baseline 0.001 -23"><span class='ocrx_word' id='word_1_632' title='bbox 338 4466 418 4528; x_wconf 81' lang='grc' dir='ltr'>εἰς</span> <span class='ocrx_word' id='word_1_633' title='bbox 449 4467 615 4536; x_wconf 73' lang='grc' dir='ltr'>αὐτὴν</span> <span class='ocrx_word' id='word_1_634' title='bbox 651 4466 1134 4543; x_wconf 74' lang='grc' dir='ltr'>ἀπερῥευγομὲνων</span> <span class='ocrx_word' id='word_1_635' title='bbox 1167 4469 1232 4522; x_wconf 77' lang='grc' dir='ltr'>τά</span> <span class='ocrx_word' id='word_1_636' title='bbox 1277 4467 1536 4544; x_wconf 75' lang='grc' dir='ltr'>ῥεύματα,</span> <span class='ocrx_word' id='word_1_637' title='bbox 1586 4467 1712 4523; x_wconf 85' lang='grc' dir='ltr'>ἀλλ’</span> <span class='ocrx_word' id='word_1_638' title='bbox 1745 4469 1850 4522; x_wconf 82' lang='grc' dir='ltr'>ἀπὸ</span> <span class='ocrx_word' id='word_1_639' title='bbox 1878 4473 1985 4523; x_wconf 90' lang='grc' dir='ltr'>τῶν</span> 
     </span>
    </p>
   </div>
   <div class='ocr_carea' id='block_1_80' title="bbox 339 4556 1984 4633">
    <p class='ocr_par' dir='ltr' id='par_1_80' title="bbox 339 4556 1984 4633">
     <span class='ocr_line' id='line_1_82' title="bbox 339 4556 1984 4633; baseline 0.001 -23"><span class='ocrx_word' id='word_1_640' title='bbox 339 4556 482 4631; x_wconf 79' lang='grc' dir='ltr'>ὀρῶν</span> <span class='ocrx_word' id='word_1_641' title='bbox 517 4556 597 4610; x_wconf 75' lang='grc' dir='ltr'>ἀεὶ</span> <span class='ocrx_word' id='word_1_642' title='bbox 629 4562 920 4630; x_wconf 80' lang='grc' dir='ltr'>προχεῖται</span> <span class='ocrx_word' id='word_1_643' title='bbox 950 4557 1018 4610; x_wconf 78' lang='grc' dir='ltr'>τά</span> <span class='ocrx_word' id='word_1_644' title='bbox 1049 4558 1260 4630; x_wconf 78' lang='grc' dir='ltr'>νάματα</span> <span class='ocrx_word' id='word_1_645' title='bbox 1306 4558 1393 4611; x_wconf 83' lang='grc' dir='ltr'>καὶ</span> <span class='ocrx_word' id='word_1_646' title='bbox 1418 4559 1482 4612; x_wconf 89' lang='grc' dir='ltr'>τὸ</span> <span class='ocrx_word' id='word_1_647' title='bbox 1509 4565 1609 4627; x_wconf 77' lang='grc' dir='ltr'>τῆς</span> <span class='ocrx_word' id='word_1_648' title='bbox 1643 4557 1805 4633; x_wconf 84' lang='grc' dir='ltr'>ὑγρᾶς</span> <span class='ocrx_word' id='word_1_649' title='bbox 1857 4557 1984 4612; x_wconf 85' lang='grc' dir='ltr'>ἀκό-</span> 
     </span>
    </p>
   </div>
   <div class='ocr_carea' id='block_1_81' title="bbox 339 4645 1599 4722">
    <p class='ocr_par' dir='ltr' id='par_1_81' title="bbox 339 4645 1599 4722">
     <span class='ocr_line' id='line_1_83' title="bbox 339 4645 1599 4722; baseline 0.003 -24"><span class='ocrx_word' id='word_1_650' title='bbox 339 4665 530 4720; x_wconf 88' lang='grc' dir='ltr'>ρεστον</span> <span class='ocrx_word' id='word_1_651' title='bbox 565 4645 672 4720; x_wconf 79' lang='grc' dir='ltr'>οὐχ</span> <span class='ocrx_word' id='word_1_652' title='bbox 701 4646 823 4715; x_wconf 71' lang='grc' dir='ltr'>ἱστᾷ</span> <span class='ocrx_word' id='word_1_653' title='bbox 849 4649 960 4700; x_wconf 89' lang='grc' dir='ltr'>τῶν</span> <span class='ocrx_word' id='word_1_654' title='bbox 989 4651 1250 4720; x_wconf 82' lang='grc' dir='ltr'>ποταμῶν</span> <span class='ocrx_word' id='word_1_655' title='bbox 1279 4647 1380 4715; x_wconf 74' lang='grc' dir='ltr'>τήν</span> <span class='ocrx_word' id='word_1_656' title='bbox 1411 4648 1599 4722; x_wconf 75' lang='grc' dir='ltr'>φοράν.</span> 
     </span>
    </p>
   </div>
   <div class='ocr_carea' id='block_1_82' title="bbox 416 4734 1993 4812">
    <p class='ocr_par' dir='ltr' id='par_1_82' title="bbox 416 4734 1993 4812">
     <span class='ocr_line' id='line_1_84' title="bbox 416 4734 1993 4812; baseline -0.001 -21"><span class='ocrx_word' id='word_1_657' title='bbox 416 4735 484 4791; x_wconf 74' lang='grc' dir='ltr'>Οἱ</span> <span class='ocrx_word' id='word_1_658' title='bbox 544 4735 638 4806; x_wconf 79' lang='grc' dir='ltr'>μὲν</span> <span class='ocrx_word' id='word_1_659' title='bbox 696 4734 786 4787; x_wconf 79' lang='grc' dir='ltr'>οὖν</span> <span class='ocrx_word' id='word_1_660' title='bbox 853 4734 1138 4804; x_wconf 84' lang='grc' dir='ltr'>Ἀθηναῖοι</span> <span class='ocrx_word' id='word_1_661' title='bbox 1199 4736 1368 4790; x_wconf 87' lang='grc' dir='ltr'>πάλαι</span> <span class='ocrx_word' id='word_1_662' title='bbox 1439 4737 1540 4790; x_wconf 82' lang='grc' dir='ltr'>ὑπὸ</span> <span class='ocrx_word' id='word_1_663' title='bbox 1607 4741 1704 4791; x_wconf 78' lang='grc' dir='ltr'>τοῦ</span> <span class='ocrx_word' id='word_1_664' title='bbox 1771 4735 1993 4812; x_wconf 79' lang='grc' dir='ltr'>Δαρείου</span> 
     </span>
    </p>
   </div>
   <div class='ocr_carea' id='block_1_83' title="bbox 339 4820 1994 4898">
    <p class='ocr_par' dir='ltr' id='par_1_83' title="bbox 339 4820 1994 4898">
     <span class='ocr_line' id='line_1_85' title="bbox 339 4820 1994 4898; baseline 0.002 -22"><span class='ocrx_word' id='word_1_665' title='bbox 339 4823 479 4877; x_wconf 76' lang='grc' dir='ltr'>κατά</span> <span class='ocrx_word' id='word_1_666' title='bbox 549 4824 648 4892; x_wconf 77' lang='grc' dir='ltr'>τήν</span> <span class='ocrx_word' id='word_1_667' title='bbox 721 4820 942 4896; x_wconf 70' lang='grc' dir='ltr'>ἤπειρον</span> <span class='ocrx_word' id='word_1_668' title='bbox 1008 4822 1446 4898; x_wconf 87' lang='grc' dir='ltr'>πολεμούμενοι,</span> <span class='ocrx_word' id='word_1_669' title='bbox 1505 4826 1594 4879; x_wconf 84' lang='grc' dir='ltr'>καὶ</span> <span class='ocrx_word' id='word_1_670' title='bbox 1652 4825 1994 4890; x_wconf 82' lang='grc' dir='ltr'>ἀνθίστασθαι</span> 
     </span>
    </p>
   </div>
   <div class='ocr_carea' id='block_1_84' title="bbox 340 4909 1994 4990">
    <p class='ocr_par' dir='ltr' id='par_1_84' title="bbox 340 4909 1994 4990">
     <span class='ocr_line' id='line_1_86' title="bbox 340 4909 1994 4990; baseline 0.002 -25"><span class='ocrx_word' id='word_1_671' title='bbox 340 4911 480 4986; x_wconf 86' lang='grc' dir='ltr'>πρὸς</span> <span class='ocrx_word' id='word_1_672' title='bbox 528 4911 624 4975; x_wconf 77' lang='grc' dir='ltr'>τάς</span> <span class='ocrx_word' id='word_1_673' title='bbox 683 4909 940 4986; x_wconf 79' lang='grc' dir='ltr'>χιλιάδας</span> <span class='ocrx_word' id='word_1_674' title='bbox 994 4911 1198 4967; x_wconf 78' lang='grc' dir='ltr'>ἐκείνου</span> <span class='ocrx_word' id='word_1_675' title='bbox 1241 4913 1329 4967; x_wconf 87' lang='grc' dir='ltr'>καὶ</span> <span class='ocrx_word' id='word_1_676' title='bbox 1366 4911 1632 4988; x_wconf 80' lang='grc' dir='ltr'>μυριάδας</span> <span class='ocrx_word' id='word_1_677' title='bbox 1666 4915 1741 4986; x_wconf 72' lang='grc' dir='ltr'>μὴ</span> <span class='ocrx_word' id='word_1_678' title='bbox 1777 4914 1994 4990; x_wconf 78' lang='grc' dir='ltr'>ἐξισχύ-</span> 
     </span>
    </p>
   </div>
   <div class='ocr_carea' id='block_1_85' title="bbox 344 4999 1993 5080">
    <p class='ocr_par' dir='ltr' id='par_1_85' title="bbox 344 4999 1993 5080">
     <span class='ocr_line' id='line_1_87' title="bbox 344 4999 1993 5080; baseline 0.001 -26"><span class='ocrx_word' id='word_1_679' title='bbox 344 5021 515 5070; x_wconf 89' lang='grc' dir='ltr'>οντες,</span> <span class='ocrx_word' id='word_1_680' title='bbox 575 4999 864 5055; x_wconf 67' lang='grc' dir='ltr'>ἀπένευσαν</span> <span class='ocrx_word' id='word_1_681' title='bbox 920 5000 996 5063; x_wconf 73' lang='grc' dir='ltr'>εἷς</span> <span class='ocrx_word' id='word_1_682' title='bbox 1055 5002 1154 5070; x_wconf 72' lang='grc' dir='ltr'>τὴν</span> <span class='ocrx_word' id='word_1_683' title='bbox 1189 5001 1486 5074; x_wconf 83' lang='grc' dir='ltr'>Θάλασσαν,</span> <span class='ocrx_word' id='word_1_684' title='bbox 1541 5004 1628 5057; x_wconf 85' lang='grc' dir='ltr'>καὶ</span> <span class='ocrx_word' id='word_1_685' title='bbox 1661 5003 1814 5058; x_wconf 87' lang='grc' dir='ltr'>ναυσὶ</span> <span class='ocrx_word' id='word_1_686' title='bbox 1849 5024 1993 5080; x_wconf 83' lang='grc' dir='ltr'>χρη-</span> 
     </span>
    </p>
   </div>
   <div class='ocr_carea' id='block_1_86' title="bbox 344 5088 1995 5168">
    <p class='ocr_par' dir='ltr' id='par_1_86' title="bbox 344 5088 1995 5168">
     <span class='ocr_line' id='line_1_88' title="bbox 344 5088 1995 5168; baseline 0.002 -24"><span class='ocrx_word' id='word_1_687' title='bbox 344 5091 571 5162; x_wconf 85' lang='grc' dir='ltr'>σάμενοι</span> <span class='ocrx_word' id='word_1_688' title='bbox 613 5090 712 5158; x_wconf 74' lang='grc' dir='ltr'>τὴν</span> <span class='ocrx_word' id='word_1_689' title='bbox 770 5089 1040 5166; x_wconf 82' lang='grc' dir='ltr'>σωτηρίαν</span> <span class='ocrx_word' id='word_1_690' title='bbox 1087 5088 1398 5147; x_wconf 87' lang='grc' dir='ltr'>διαπόντιον</span> <span class='ocrx_word' id='word_1_691' title='bbox 1459 5088 1712 5167; x_wconf 76' lang='grc' dir='ltr'>εὕραντο·</span> <span class='ocrx_word' id='word_1_692' title='bbox 1776 5091 1878 5168; x_wconf 82' lang='grc' dir='ltr'>ἐγὼ</span> <span class='ocrx_word' id='word_1_693' title='bbox 1938 5091 1995 5148; x_wconf 77' lang='grc' dir='ltr'>δὲ</span> 
     </span>
    </p>
   </div>
   <div class='ocr_carea' id='block_1_87' title="bbox 343 5178 1996 5257">
    <p class='ocr_par' dir='ltr' id='par_1_87' title="bbox 343 5178 1996 5257">
     <span class='ocr_line' id='line_1_89' title="bbox 343 5178 1996 5257; baseline 0.001 -23"><span class='ocrx_word' id='word_1_694' title='bbox 343 5179 451 5234; x_wconf 78' lang='grc' dir='ltr'>ποῦ</span> <span class='ocrx_word' id='word_1_695' title='bbox 497 5179 694 5256; x_wconf 73' lang='grc' dir='ltr'>φύγως</span> <span class='ocrx_word' id='word_1_696' title='bbox 741 5184 840 5234; x_wconf 84' lang='grc' dir='ltr'>ποῖ</span> <span class='ocrx_word' id='word_1_697' title='bbox 885 5178 1178 5252; x_wconf 85' lang='grc' dir='ltr'>τράπωμαι</span> <span class='ocrx_word' id='word_1_698' title='bbox 1210 5201 1223 5250; x_wconf 87' lang='grc'>;</span> <span class='ocrx_word' id='word_1_699' title='bbox 1256 5183 1516 5244; x_wconf 86' lang='grc' dir='ltr'>πάντοθεν</span> <span class='ocrx_word' id='word_1_700' title='bbox 1575 5181 1766 5257; x_wconf 88' lang='grc' dir='ltr'>πάγαι,</span> <span class='ocrx_word' id='word_1_701' title='bbox 1800 5180 1996 5236; x_wconf 80' lang='grc' dir='ltr'>πάντο-</span> 
     </span>
    </p>
   </div>
   <div class='ocr_carea' id='block_1_88' title="bbox 345 5266 1996 5345">
    <p class='ocr_par' dir='ltr' id='par_1_88' title="bbox 345 5266 1996 5345">
     <span class='ocr_line' id='line_1_90' title="bbox 345 5266 1996 5345; baseline 0.003 -25"><span class='ocrx_word' id='word_1_702' title='bbox 345 5269 432 5320; x_wconf 77' lang='grc' dir='ltr'>θεν</span> <span class='ocrx_word' id='word_1_703' title='bbox 501 5269 764 5342; x_wconf 70' lang='grc' dir='ltr'>θήρατρα.</span> <span class='ocrx_word' id='word_1_704' title='bbox 825 5266 1096 5324; x_wconf 84' lang='grc' dir='ltr'>Ἐκκλίνω</span> <span class='ocrx_word' id='word_1_705' title='bbox 1149 5271 1286 5345; x_wconf 82' lang='grc' dir='ltr'>πρὸς</span> <span class='ocrx_word' id='word_1_706' title='bbox 1327 5274 1462 5345; x_wconf 71' lang='grc' dir='ltr'>γῆν·</span> <span class='ocrx_word' id='word_1_707' title='bbox 1523 5267 1652 5325; x_wconf 82' lang='grc' dir='ltr'>ἀλλ’</span> <span class='ocrx_word' id='word_1_708' title='bbox 1720 5269 1875 5332; x_wconf 81' lang='grc' dir='ltr'>εὐθύς</span> <span class='ocrx_word' id='word_1_709' title='bbox 1930 5292 1996 5343; x_wconf 88' lang='grc' dir='ltr'>με</span> 
     </span>
    </p>
   </div>
   <div class='ocr_carea' id='block_1_89' title="bbox 344 5355 1997 5432">
    <p class='ocr_par' dir='ltr' id='par_1_89' title="bbox 344 5355 1997 5432">
     <span class='ocr_line' id='line_1_91' title="bbox 344 5355 1997 5432; baseline 0.003 -23"><span class='ocrx_word' id='word_1_710' title='bbox 344 5358 574 5430; x_wconf 76' lang='grc' dir='ltr'>Θηρᾶται</span> <span class='ocrx_word' id='word_1_711' title='bbox 621 5357 688 5410; x_wconf 76' lang='grc' dir='ltr'>τά</span> <span class='ocrx_word' id='word_1_712' title='bbox 739 5357 996 5432; x_wconf 83' lang='grc' dir='ltr'>βούτυρα,</span> <span class='ocrx_word' id='word_1_713' title='bbox 1058 5357 1351 5432; x_wconf 73' lang='grc' dir='ltr'>ἀποτέμνει</span> <span class='ocrx_word' id='word_1_714' title='bbox 1418 5381 1510 5432; x_wconf 92' lang='grc' dir='ltr'>μοι</span> <span class='ocrx_word' id='word_1_715' title='bbox 1543 5360 1642 5427; x_wconf 78' lang='grc' dir='ltr'>την</span> <span class='ocrx_word' id='word_1_716' title='bbox 1679 5355 1803 5412; x_wconf 87' lang='grc' dir='ltr'>ὁδὸν</span> <span class='ocrx_word' id='word_1_717' title='bbox 1834 5359 1902 5413; x_wconf 79' lang='grc' dir='ltr'>τὰ</span> <span class='ocrx_word' id='word_1_718' title='bbox 1931 5359 1997 5414; x_wconf 73' lang='grc' dir='ltr'>σά</span> 
     </span>
    </p>
   </div>
   <div class='ocr_carea' id='block_1_90' title="bbox 345 5443 1993 5522">
    <p class='ocr_par' dir='ltr' id='par_1_90' title="bbox 345 5443 1993 5522">
     <span class='ocr_line' id='line_1_92' title="bbox 345 5443 1993 5522; baseline 0.004 -25"><span class='ocrx_word' id='word_1_719' title='bbox 345 5445 580 5517; x_wconf 72' lang='grc' dir='ltr'>ποίμνια</span> <span class='ocrx_word' id='word_1_720' title='bbox 635 5445 726 5499; x_wconf 81' lang='grc' dir='ltr'>καὶ</span> <span class='ocrx_word' id='word_1_721' title='bbox 789 5443 1054 5519; x_wconf 86' lang='grc' dir='ltr'>βουκόλια</span> <span class='ocrx_word' id='word_1_722' title='bbox 1089 5491 1100 5504; x_wconf 92' lang='grc'><strong>.</strong></span> <span class='ocrx_word' id='word_1_723' title='bbox 1160 5445 1456 5522; x_wconf 82' lang='grc' dir='ltr'>Ἐκδράμω</span> <span class='ocrx_word' id='word_1_724' title='bbox 1515 5448 1652 5522; x_wconf 88' lang='grc' dir='ltr'>πρὸς</span> <span class='ocrx_word' id='word_1_725' title='bbox 1705 5447 1993 5511; x_wconf 82' lang='grc' dir='ltr'>θάλασσαν’</span> 
     </span>
    </p>
   </div>
   <div class='ocr_carea' id='block_1_91' title="bbox 350 5528 1995 5614">
    <p class='ocr_par' dir='ltr' id='par_1_91' title="bbox 350 5528 1995 5614">
     <span class='ocr_line' id='line_1_93' title="bbox 350 5528 1995 5614; baseline 0.003 -27"><span class='ocrx_word' id='word_1_726' title='bbox 350 5533 497 5588; x_wconf 68' lang='grc' dir='ltr'>ἀλλὰ</span> <span class='ocrx_word' id='word_1_727' title='bbox 547 5528 706 5608; x_wconf 72' lang='grc' dir='ltr'>βαϐαὶ</span> <span class='ocrx_word' id='word_1_728' title='bbox 738 5541 838 5602; x_wconf 81' lang='grc' dir='ltr'>τῆς</span> <span class='ocrx_word' id='word_1_729' title='bbox 890 5539 997 5588; x_wconf 88' lang='grc' dir='ltr'>τῶν</span> <span class='ocrx_word' id='word_1_730' title='bbox 1055 5535 1258 5610; x_wconf 84' lang='grc' dir='ltr'>ἰχθύων</span> <span class='ocrx_word' id='word_1_731' title='bbox 1313 5543 1481 5614; x_wconf 77' lang='grc' dir='ltr'>φορᾶς</span> <span class='ocrx_word' id='word_1_732' title='bbox 1511 5539 1521 5593; x_wconf 81' lang='lat' dir='ltr'>l</span> <span class='ocrx_word' id='word_1_733' title='bbox 1556 5537 1716 5598; x_wconf 81' lang='grc' dir='ltr'>αὐτός</span> <span class='ocrx_word' id='word_1_734' title='bbox 1747 5557 1840 5609; x_wconf 84' lang='grc' dir='ltr'>μοι</span> <span class='ocrx_word' id='word_1_735' title='bbox 1870 5537 1995 5592; x_wconf 87' lang='grc' dir='ltr'>τού-</span> 
     </span>
    </p>
   </div>
   <div class='ocr_carea' id='block_1_92' title="bbox 347 5622 1998 5700">
    <p class='ocr_par' dir='ltr' id='par_1_92' title="bbox 347 5622 1998 5700">
     <span class='ocr_line' id='line_1_94' title="bbox 347 5622 1998 5700; baseline 0.002 -24"><span class='ocrx_word' id='word_1_736' title='bbox 347 5643 458 5676; x_wconf 85' lang='grc' dir='ltr'>των</span> <span class='ocrx_word' id='word_1_737' title='bbox 519 5623 546 5676; x_wconf 88' lang='grc' dir='ltr'>ὁ</span> <span class='ocrx_word' id='word_1_738' title='bbox 603 5624 888 5696; x_wconf 83' lang='grc' dir='ltr'>κράτιστος</span> <span class='ocrx_word' id='word_1_739' title='bbox 921 5622 1126 5694; x_wconf 78' lang='grc' dir='ltr'>ἀπαντᾷ</span> <span class='ocrx_word' id='word_1_740' title='bbox 1152 5623 1410 5700; x_wconf 86' lang='grc' dir='ltr'>τύραννος</span> <span class='ocrx_word' id='word_1_741' title='bbox 1440 5625 1530 5680; x_wconf 86' lang='grc' dir='ltr'>καὶ</span> <span class='ocrx_word' id='word_1_742' title='bbox 1591 5623 1710 5679; x_wconf 85' lang='grc' dir='ltr'>δυσὶ</span> <span class='ocrx_word' id='word_1_743' title='bbox 1770 5623 1998 5688; x_wconf 87' lang='grc' dir='ltr'>κύκλοις</span> 
     </span>
    </p>
   </div>
   <div class='ocr_carea' id='block_1_93' title="bbox 350 5705 1994 5791">
    <p class='ocr_par' dir='ltr' id='par_1_93' title="bbox 350 5705 1994 5791">
     <span class='ocr_line' id='line_1_95' title="bbox 350 5705 1994 5791; baseline 0.003 -27"><span class='ocrx_word' id='word_1_744' title='bbox 350 5705 750 5784; x_wconf 77' lang='grc' dir='ltr'>περιλαμϐάνει</span> <span class='ocrx_word' id='word_1_745' title='bbox 814 5709 1083 5786; x_wconf 81' lang='grc' dir='ltr'>μεῶσπερ</span> <span class='ocrx_word' id='word_1_746' title='bbox 1115 5712 1223 5768; x_wconf 83' lang='grc' dir='ltr'>τισὶ</span> <span class='ocrx_word' id='word_1_747' title='bbox 1272 5714 1458 5789; x_wconf 63' lang='grc' dir='ltr'>κέρασι</span> <span class='ocrx_word' id='word_1_748' title='bbox 1505 5717 1602 5770; x_wconf 78' lang='grc' dir='ltr'>τοῦ</span> <span class='ocrx_word' id='word_1_749' title='bbox 1661 5710 1802 5768; x_wconf 82' lang='grc' dir='ltr'>ἰδίου</span> <span class='ocrx_word' id='word_1_750' title='bbox 1834 5734 1994 5791; x_wconf 81' lang='grc' dir='ltr'>στρα-</span> 
     </span>
    </p>
   </div>
   <div class='ocr_carea' id='block_1_94' title="bbox 2754 3577 3071 3634">
    <p class='ocr_par' dir='ltr' id='par_1_94' title="bbox 2754 3577 3071 3634">
     <span class='ocr_line' id='line_1_96' title="bbox 2754 3577 3071 3634; baseline -0.013 0"><span class='ocrx_word' id='word_1_751' title='bbox 2754 3581 2826 3634; x_wconf 83' lang='grc' dir='ltr'>Χ.</span> <span class='ocrx_word' id='word_1_752' title='bbox 2861 3577 3071 3632; x_wconf 80' lang='lat' dir='ltr'>Eidem.</span> 
     </span>
    </p>
   </div>
   <div class='ocr_carea' id='block_1_95' title="bbox 2164 3666 3745 3744">
    <p class='ocr_par' dir='ltr' id='par_1_95' title="bbox 2164 3666 3745 3744">
     <span class='ocr_line' id='line_1_97' title="bbox 2164 3666 3745 3744; baseline -0.008 -16"><span class='ocrx_word' id='word_1_753' title='bbox 2164 3670 2482 3744; x_wconf 88' lang='lat' dir='ltr'>Scripsisti,</span> <span class='ocrx_word' id='word_1_754' title='bbox 2515 3670 2566 3727; x_wconf 90' lang='lat' dir='ltr'>si</span> <span class='ocrx_word' id='word_1_755' title='bbox 2605 3687 2721 3726; x_wconf 91' lang='lat' dir='ltr'>non</span> <span class='ocrx_word' id='word_1_756' title='bbox 2769 3676 2875 3724; x_wconf 88' lang='lat' dir='ltr'>tua</span> <span class='ocrx_word' id='word_1_757' title='bbox 2924 3682 3124 3732; x_wconf 91' lang='lat' dir='ltr'>manu,</span> <span class='ocrx_word' id='word_1_758' title='bbox 3174 3667 3328 3720; x_wconf 89' lang='lat' dir='ltr'>certe</span> <span class='ocrx_word' id='word_1_759' title='bbox 3377 3667 3481 3719; x_wconf 89' lang='lat' dir='ltr'>tua</span> <span class='ocrx_word' id='word_1_760' title='bbox 3529 3666 3745 3733; x_wconf 88' lang='lat' dir='ltr'>mente,</span> 
     </span>
    </p>
   </div>
   <div class='ocr_carea' id='block_1_96' title="bbox 2095 3752 3745 3835">
    <p class='ocr_par' dir='ltr' id='par_1_96' title="bbox 2095 3752 3745 3835">
     <span class='ocr_line' id='line_1_98' title="bbox 2095 3752 3745 3835; baseline -0.008 -17"><span class='ocrx_word' id='word_1_761' title='bbox 2095 3762 2393 3835; x_wconf 85' lang='lat' dir='ltr'>exemplar</span> <span class='ocrx_word' id='word_1_762' title='bbox 2422 3760 2579 3816; x_wconf 91' lang='lat' dir='ltr'>enim</span> <span class='ocrx_word' id='word_1_763' title='bbox 2611 3760 2772 3816; x_wconf 89' lang='lat' dir='ltr'>nosci</span> <span class='ocrx_word' id='word_1_764' title='bbox 2803 3757 2972 3815; x_wconf 86' lang='lat' dir='ltr'>facile</span> <span class='ocrx_word' id='word_1_765' title='bbox 3004 3761 3095 3812; x_wconf 88' lang='lat' dir='ltr'>est</span> <span class='ocrx_word' id='word_1_766' title='bbox 3124 3761 3181 3811; x_wconf 89' lang='lat' dir='ltr'>et</span> <span class='ocrx_word' id='word_1_767' title='bbox 3229 3752 3495 3826; x_wconf 89' lang='lat' dir='ltr'>apprime</span> <span class='ocrx_word' id='word_1_768' title='bbox 3545 3769 3606 3807; x_wconf 88' lang='lat' dir='ltr'>se</span> <span class='ocrx_word' id='word_1_769' title='bbox 3655 3768 3745 3804; x_wconf 89' lang='lat' dir='ltr'>re-</span> 
     </span>
    </p>
   </div>
   <div class='ocr_carea' id='block_1_97' title="bbox 2096 3851 2737 3922">
    <p class='ocr_par' dir='ltr' id='par_1_97' title="bbox 2096 3851 2737 3922">
     <span class='ocr_line' id='line_1_99' title="bbox 2096 3851 2737 3922; baseline -0.005 -15"><span class='ocrx_word' id='word_1_770' title='bbox 2096 3853 2206 3907; x_wconf 83' lang='lat' dir='ltr'>fert</span> <span class='ocrx_word' id='word_1_771' title='bbox 2236 3851 2308 3906; x_wconf 91' lang='lat' dir='ltr'>ad</span> <span class='ocrx_word' id='word_1_772' title='bbox 2341 3855 2737 3922; x_wconf 78' lang='lat' dir='ltr'>prototypum.</span> 
     </span>
    </p>
   </div>
   <div class='ocr_carea' id='block_1_98' title="bbox 2165 3927 3748 4012">
    <p class='ocr_par' dir='ltr' id='par_1_98' title="bbox 2165 3927 3748 4012">
     <span class='ocr_line' id='line_1_100' title="bbox 2165 3927 3748 4012; baseline -0.009 -16"><span class='ocrx_word' id='word_1_773' title='bbox 2165 3939 2387 3996; x_wconf 89' lang='lat' dir='ltr'>Deinde</span> <span class='ocrx_word' id='word_1_774' title='bbox 2416 3956 2482 3996; x_wconf 93' lang='lat' dir='ltr'>eo</span> <span class='ocrx_word' id='word_1_775' title='bbox 2514 3940 2670 4012; x_wconf 91' lang='lat' dir='ltr'>quod</span> <span class='ocrx_word' id='word_1_776' title='bbox 2704 3955 2818 3994; x_wconf 93' lang='lat' dir='ltr'>non</span> <span class='ocrx_word' id='word_1_777' title='bbox 2853 3935 3071 3992; x_wconf 87' lang='lat' dir='ltr'>nostris</span> <span class='ocrx_word' id='word_1_778' title='bbox 3103 3931 3476 3990; x_wconf 87' lang='lat' dir='ltr'>sermonibus</span> <span class='ocrx_word' id='word_1_779' title='bbox 3505 3927 3748 4000; x_wconf 86' lang='lat' dir='ltr'>implea-</span> 
     </span>
    </p>
   </div>
   <div class='ocr_carea' id='block_1_99' title="bbox 2096 4018 3746 4101">
    <p class='ocr_par' dir='ltr' id='par_1_99' title="bbox 2096 4018 3746 4101">
     <span class='ocr_line' id='line_1_101' title="bbox 2096 4018 3746 4101; baseline -0.008 -18"><span class='ocrx_word' id='word_1_780' title='bbox 2096 4029 2200 4098; x_wconf 88' lang='lat' dir='ltr'>ris,</span> <span class='ocrx_word' id='word_1_781' title='bbox 2234 4045 2423 4101; x_wconf 90' lang='lat' dir='ltr'>neque</span> <span class='ocrx_word' id='word_1_782' title='bbox 2453 4028 2684 4084; x_wconf 90' lang='lat' dir='ltr'>satieris</span> <span class='ocrx_word' id='word_1_783' title='bbox 2729 4027 2991 4096; x_wconf 90' lang='lat' dir='ltr'>illorum,</span> <span class='ocrx_word' id='word_1_784' title='bbox 3041 4028 3105 4078; x_wconf 91' lang='lat' dir='ltr'>ut</span> <span class='ocrx_word' id='word_1_785' title='bbox 3151 4020 3384 4087; x_wconf 88' lang='lat' dir='ltr'>scribis,</span> <span class='ocrx_word' id='word_1_786' title='bbox 3436 4018 3746 4082; x_wconf 88' lang='lat' dir='ltr'>suavitate,</span> 
     </span>
    </p>
   </div>
   <div class='ocr_carea' id='block_1_100' title="bbox 2098 4107 3748 4188">
    <p class='ocr_par' dir='ltr' id='par_1_100' title="bbox 2098 4107 3748 4188">
     <span class='ocr_line' id='line_1_102' title="bbox 2098 4107 3748 4188; baseline -0.008 -15"><span class='ocrx_word' id='word_1_787' title='bbox 2098 4135 2202 4173; x_wconf 88' lang='lat' dir='ltr'>nos</span> <span class='ocrx_word' id='word_1_788' title='bbox 2228 4118 2526 4188; x_wconf 78' lang='lat' dir='ltr'>pergimus</span> <span class='ocrx_word' id='word_1_789' title='bbox 2549 4117 2721 4172; x_wconf 88' lang='lat' dir='ltr'>ﬂores</span> <span class='ocrx_word' id='word_1_790' title='bbox 2743 4131 2975 4186; x_wconf 88' lang='lat' dir='ltr'>semper</span> <span class='ocrx_word' id='word_1_791' title='bbox 2997 4111 3361 4180; x_wconf 87' lang='lat' dir='ltr'>colligentes,</span> <span class='ocrx_word' id='word_1_792' title='bbox 3393 4107 3552 4161; x_wconf 91' lang='lat' dir='ltr'>velut</span> <span class='ocrx_word' id='word_1_793' title='bbox 3583 4120 3748 4176; x_wconf 84' lang='lat' dir='ltr'>apes,</span> 
     </span>
    </p>
   </div>
   <div class='ocr_carea' id='block_1_101' title="bbox 2096 4197 3743 4262">
    <p class='ocr_par' dir='ltr' id='par_1_101' title="bbox 2096 4197 3743 4262">
     <span class='ocr_line' id='line_1_103' title="bbox 2096 4197 3743 4262; baseline -0.01 0"><span class='ocrx_word' id='word_1_794' title='bbox 2096 4213 2152 4262; x_wconf 90' lang='lat' dir='ltr'>et</span> <span class='ocrx_word' id='word_1_795' title='bbox 2182 4207 2372 4262; x_wconf 85' lang='lat' dir='ltr'>mellis</span> <span class='ocrx_word' id='word_1_796' title='bbox 2404 4203 2771 4261; x_wconf 82' lang='lat' dir='ltr'>fabricationi</span> <span class='ocrx_word' id='word_1_797' title='bbox 2804 4207 3098 4257; x_wconf 88' lang='lat' dir='ltr'>vacantes.</span> <span class='ocrx_word' id='word_1_798' title='bbox 3132 4199 3244 4253; x_wconf 89' lang='lat' dir='ltr'>Sed</span> <span class='ocrx_word' id='word_1_799' title='bbox 3277 4197 3386 4251; x_wconf 90' lang='lat' dir='ltr'>etsi</span> <span class='ocrx_word' id='word_1_800' title='bbox 3419 4202 3578 4250; x_wconf 85' lang='lat' dir='ltr'>mare</span> <span class='ocrx_word' id='word_1_801' title='bbox 3628 4211 3743 4247; x_wconf 89' lang='lat' dir='ltr'>non</span> 
     </span>
    </p>
   </div>
   <div class='ocr_carea' id='block_1_102' title="bbox 2095 4283 3751 4368">
    <p class='ocr_par' dir='ltr' id='par_1_102' title="bbox 2095 4283 3751 4368">
     <span class='ocr_line' id='line_1_104' title="bbox 2095 4283 3751 4368; baseline -0.01 -17"><span class='ocrx_word' id='word_1_802' title='bbox 2095 4295 2406 4368; x_wconf 88' lang='lat' dir='ltr'>impletum</span> <span class='ocrx_word' id='word_1_803' title='bbox 2440 4295 2708 4364; x_wconf 86' lang='lat' dir='ltr'>sit,juxta</span> <span class='ocrx_word' id='word_1_804' title='bbox 2732 4289 3018 4362; x_wconf 83' lang='lat' dir='ltr'>sapientis</span> <span class='ocrx_word' id='word_1_805' title='bbox 3050 4289 3299 4349; x_wconf 87' lang='lat' dir='ltr'>dictum,</span> <span class='ocrx_word' id='word_1_806' title='bbox 3331 4283 3606 4338; x_wconf 87' lang='lat' dir='ltr'>omnibus</span> <span class='ocrx_word' id='word_1_807' title='bbox 3638 4286 3751 4336; x_wconf 88' lang='lat' dir='ltr'>ﬂu-</span> 
     </span>
    </p>
   </div>
   <div class='ocr_carea' id='block_1_103' title="bbox 2095 4369 3744 4440">
    <p class='ocr_par' dir='ltr' id='par_1_103' title="bbox 2095 4369 3744 4440">
     <span class='ocr_line' id='line_1_105' title="bbox 2095 4369 3744 4440; baseline -0.012 0"><span class='ocrx_word' id='word_1_808' title='bbox 2095 4385 2358 4440; x_wconf 90' lang='lat' dir='ltr'>minibus</span> <span class='ocrx_word' id='word_1_809' title='bbox 2389 4384 2447 4438; x_wconf 92' lang='lat' dir='ltr'>in</span> <span class='ocrx_word' id='word_1_810' title='bbox 2482 4383 2626 4437; x_wconf 91' lang='lat' dir='ltr'>illud</span> <span class='ocrx_word' id='word_1_811' title='bbox 2663 4382 2958 4436; x_wconf 84' lang='lat' dir='ltr'>undarum</span> <span class='ocrx_word' id='word_1_812' title='bbox 2992 4377 3214 4432; x_wconf 85' lang='lat' dir='ltr'>ﬂuenta</span> <span class='ocrx_word' id='word_1_813' title='bbox 3244 4369 3670 4440; x_wconf 82' lang='lat' dir='ltr'>deferentibus,</span> <span class='ocrx_word' id='word_1_814' title='bbox 3714 4387 3744 4424; x_wconf 91' lang='lat' dir='ltr'>e</span> 
     </span>
    </p>
   </div>
   <div class='ocr_carea' id='block_1_104' title="bbox 2096 4458 3752 4542">
    <p class='ocr_par' dir='ltr' id='par_1_104' title="bbox 2096 4458 3752 4542">
     <span class='ocr_line' id='line_1_106' title="bbox 2096 4458 3752 4542; baseline -0.012 -11"><span class='ocrx_word' id='word_1_815' title='bbox 2096 4475 2396 4530; x_wconf 90' lang='lat' dir='ltr'>montibus</span> <span class='ocrx_word' id='word_1_816' title='bbox 2411 4477 2604 4528; x_wconf 87' lang='lat' dir='ltr'>autem</span> <span class='ocrx_word' id='word_1_817' title='bbox 2621 4485 2852 4542; x_wconf 88' lang='lat' dir='ltr'>semper</span> <span class='ocrx_word' id='word_1_818' title='bbox 2863 4463 3532 4524; x_wconf 74' lang='lat' dir='ltr'>eil&#39;undunturl‘ontes,et</span> <span class='ocrx_word' id='word_1_819' title='bbox 3547 4458 3752 4513; x_wconf 89' lang='lat' dir='ltr'>humo-</span> 
     </span>
    </p>
   </div>
   <div class='ocr_carea' id='block_1_105' title="bbox 2095 4547 3752 4619">
    <p class='ocr_par' dir='ltr' id='par_1_105' title="bbox 2095 4547 3752 4619">
     <span class='ocr_line' id='line_1_107' title="bbox 2095 4547 3752 4619; baseline -0.011 -1"><span class='ocrx_word' id='word_1_820' title='bbox 2095 4563 2465 4619; x_wconf 87' lang='lat' dir='ltr'>risinsatiata</span> <span class='ocrx_word' id='word_1_821' title='bbox 2485 4560 2729 4618; x_wconf 90' lang='lat' dir='ltr'>aviditas</span> <span class='ocrx_word' id='word_1_822' title='bbox 2741 4575 2855 4614; x_wconf 90' lang='lat' dir='ltr'>non</span> <span class='ocrx_word' id='word_1_823' title='bbox 2875 4551 3423 4612; x_wconf 88' lang='lat' dir='ltr'>detinetﬂuminum</span> <span class='ocrx_word' id='word_1_824' title='bbox 3438 4547 3724 4602; x_wconf 86' lang='lat' dir='ltr'>tributum</span> <span class='ocrx_word' id='word_1_825' title='bbox 3740 4588 3752 4601; x_wconf 95' lang='lat'>.</span> 
     </span>
    </p>
   </div>
   <div class='ocr_carea' id='block_1_106' title="bbox 2023 4635 3757 4721">
    <p class='ocr_par' dir='ltr' id='par_1_106' title="bbox 2023 4635 3757 4721">
     <span class='ocr_line' id='line_1_108' title="bbox 2023 4635 3757 4721; baseline -0.012 -12"><span class='ocrx_word' id='word_1_826' title='bbox 2023 4653 2069 4717; x_wconf 91' lang='lat' dir='ltr'><strong>D</strong></span> <span class='ocrx_word' id='word_1_827' title='bbox 2167 4650 2554 4707; x_wconf 85' lang='lat' dir='ltr'>Athenienses</span> <span class='ocrx_word' id='word_1_828' title='bbox 2617 4648 2799 4721; x_wconf 87' lang='lat' dir='ltr'>igitur</span> <span class='ocrx_word' id='word_1_829' title='bbox 2868 4643 3008 4700; x_wconf 89' lang='lat' dir='ltr'>olim</span> <span class='ocrx_word' id='word_1_830' title='bbox 3080 4642 3193 4698; x_wconf 90' lang='lat' dir='ltr'>sub</span> <span class='ocrx_word' id='word_1_831' title='bbox 3260 4637 3432 4695; x_wconf 87' lang='lat' dir='ltr'>Dario</span> <span class='ocrx_word' id='word_1_832' title='bbox 3499 4635 3558 4690; x_wconf 91' lang='lat' dir='ltr'>in</span> <span class='ocrx_word' id='word_1_833' title='bbox 3615 4653 3757 4691; x_wconf 85' lang='lat' dir='ltr'>con-</span> 
     </span>
    </p>
   </div>
   <div class='ocr_carea' id='block_1_107' title="bbox 2104 4727 3755 4800">
    <p class='ocr_par' dir='ltr' id='par_1_107' title="bbox 2104 4727 3755 4800">
     <span class='ocr_line' id='line_1_109' title="bbox 2104 4727 3755 4800; baseline -0.012 -4"><span class='ocrx_word' id='word_1_834' title='bbox 2104 4742 2325 4796; x_wconf 88' lang='lat' dir='ltr'>tinente</span> <span class='ocrx_word' id='word_1_835' title='bbox 2356 4738 2666 4800; x_wconf 87' lang='lat' dir='ltr'>bellantes,</span> <span class='ocrx_word' id='word_1_836' title='bbox 2699 4739 2756 4791; x_wconf 88' lang='lat' dir='ltr'>et</span> <span class='ocrx_word' id='word_1_837' title='bbox 2787 4732 3060 4790; x_wconf 87' lang='lat' dir='ltr'>resistere</span> <span class='ocrx_word' id='word_1_838' title='bbox 3089 4735 3176 4786; x_wconf 88' lang='lat' dir='ltr'>tot</span> <span class='ocrx_word' id='word_1_839' title='bbox 3227 4727 3489 4783; x_wconf 89' lang='lat' dir='ltr'>millibus</span> <span class='ocrx_word' id='word_1_840' title='bbox 3537 4729 3595 4780; x_wconf 89' lang='lat' dir='ltr'>et</span> <span class='ocrx_word' id='word_1_841' title='bbox 3630 4741 3755 4792; x_wconf 87' lang='lat' dir='ltr'>my-</span> 
     </span>
    </p>
   </div>
   <div class='ocr_carea' id='block_1_108' title="bbox 2107 4815 3759 4900">
    <p class='ocr_par' dir='ltr' id='par_1_108' title="bbox 2107 4815 3759 4900">
     <span class='ocr_line' id='line_1_110' title="bbox 2107 4815 3759 4900; baseline -0.011 -16"><span class='ocrx_word' id='word_1_842' title='bbox 2107 4831 2374 4886; x_wconf 90' lang='lat' dir='ltr'>riadibus</span> <span class='ocrx_word' id='word_1_843' title='bbox 2434 4827 2734 4900; x_wconf 90' lang='lat' dir='ltr'>copiarum</span> <span class='ocrx_word' id='word_1_844' title='bbox 2789 4825 2918 4895; x_wconf 90' lang='lat' dir='ltr'>ejus</span> <span class='ocrx_word' id='word_1_845' title='bbox 2971 4839 3087 4877; x_wconf 91' lang='lat' dir='ltr'>non</span> <span class='ocrx_word' id='word_1_846' title='bbox 3135 4817 3418 4888; x_wconf 90' lang='lat' dir='ltr'>valentes,</span> <span class='ocrx_word' id='word_1_847' title='bbox 3470 4815 3541 4870; x_wconf 89' lang='lat' dir='ltr'>ad</span> <span class='ocrx_word' id='word_1_848' title='bbox 3596 4829 3759 4868; x_wconf 89' lang='lat' dir='ltr'>mare</span> 
     </span>
    </p>
   </div>
   <div class='ocr_carea' id='block_1_109' title="bbox 2105 4901 3757 4974">
    <p class='ocr_par' dir='ltr' id='par_1_109' title="bbox 2105 4901 3757 4974">
     <span class='ocr_line' id='line_1_111' title="bbox 2105 4901 3757 4974; baseline -0.012 0"><span class='ocrx_word' id='word_1_849' title='bbox 2105 4919 2544 4974; x_wconf 84' lang='lat' dir='ltr'>declinaverunt</span> <span class='ocrx_word' id='word_1_850' title='bbox 2573 4921 2630 4972; x_wconf 88' lang='lat' dir='ltr'>et</span> <span class='ocrx_word' id='word_1_851' title='bbox 2660 4914 2911 4970; x_wconf 88' lang='lat' dir='ltr'>navibus</span> <span class='ocrx_word' id='word_1_852' title='bbox 2939 4913 3171 4966; x_wconf 90' lang='lat' dir='ltr'>utentes</span> <span class='ocrx_word' id='word_1_853' title='bbox 3204 4908 3455 4964; x_wconf 89' lang='lat' dir='ltr'>salutem</span> <span class='ocrx_word' id='word_1_854' title='bbox 3489 4903 3546 4958; x_wconf 91' lang='lat' dir='ltr'>in</span> <span class='ocrx_word' id='word_1_855' title='bbox 3582 4901 3757 4957; x_wconf 90' lang='lat' dir='ltr'>undis</span> 
     </span>
    </p>
   </div>
   <div class='ocr_carea' id='block_1_110' title="bbox 2104 4989 3760 5077">
    <p class='ocr_par' dir='ltr' id='par_1_110' title="bbox 2104 4989 3760 5077">
     <span class='ocr_line' id='line_1_112' title="bbox 2104 4989 3760 5077; baseline -0.012 -15"><span class='ocrx_word' id='word_1_856' title='bbox 2104 5007 2452 5063; x_wconf 89' lang='lat' dir='ltr'>invenerunt</span> <span class='ocrx_word' id='word_1_857' title='bbox 2487 5021 2501 5060; x_wconf 89' lang='lat'><strong>:</strong></span> <span class='ocrx_word' id='word_1_858' title='bbox 2537 5021 2642 5077; x_wconf 90' lang='lat' dir='ltr'>ego</span> <span class='ocrx_word' id='word_1_859' title='bbox 2673 5019 2802 5059; x_wconf 86' lang='lat' dir='ltr'>vero</span> <span class='ocrx_word' id='word_1_860' title='bbox 2835 5019 2950 5074; x_wconf 91' lang='lat' dir='ltr'>quo</span> <span class='ocrx_word' id='word_1_861' title='bbox 2982 4998 3240 5074; x_wconf 82' lang='lat' dir='ltr'>fugiam?</span> <span class='ocrx_word' id='word_1_862' title='bbox 3259 5013 3374 5069; x_wconf 90' lang='lat' dir='ltr'>quo</span> <span class='ocrx_word' id='word_1_863' title='bbox 3408 5010 3500 5048; x_wconf 90' lang='lat' dir='ltr'>me</span> <span class='ocrx_word' id='word_1_864' title='bbox 3529 4989 3760 5046; x_wconf 80' lang='lat' dir='ltr'>vortar?</span> 
     </span>
    </p>
   </div>
   <div class='ocr_carea' id='block_1_111' title="bbox 2105 5078 3753 5167">
    <p class='ocr_par' dir='ltr' id='par_1_111' title="bbox 2105 5078 3753 5167">
     <span class='ocr_line' id='line_1_113' title="bbox 2105 5078 3753 5167; baseline -0.014 -15"><span class='ocrx_word' id='word_1_865' title='bbox 2105 5097 2324 5167; x_wconf 90' lang='lat' dir='ltr'>ubique</span> <span class='ocrx_word' id='word_1_866' title='bbox 2346 5094 2563 5166; x_wconf 87' lang='lat' dir='ltr'>laquei,</span> <span class='ocrx_word' id='word_1_867' title='bbox 2588 5093 2807 5164; x_wconf 90' lang='lat' dir='ltr'>ubique</span> <span class='ocrx_word' id='word_1_868' title='bbox 2827 5090 3076 5147; x_wconf 60' lang='lat' dir='ltr'>insidia.</span> <span class='ocrx_word' id='word_1_869' title='bbox 3108 5089 3192 5143; x_wconf 86' lang='lat' dir='ltr'>Ad</span> <span class='ocrx_word' id='word_1_870' title='bbox 3215 5091 3432 5141; x_wconf 89' lang='lat' dir='ltr'>terram</span> <span class='ocrx_word' id='word_1_871' title='bbox 3458 5078 3753 5167; x_wconf 85' lang='lat' dir='ltr'>confugio;</span> 
     </span>
    </p>
   </div>
   <div class='ocr_carea' id='block_1_112' title="bbox 2104 5165 3755 5251">
    <p class='ocr_par' dir='ltr' id='par_1_112' title="bbox 2104 5165 3755 5251">
     <span class='ocr_line' id='line_1_114' title="bbox 2104 5165 3755 5251; baseline -0.014 -9"><span class='ocrx_word' id='word_1_872' title='bbox 2104 5187 2205 5242; x_wconf 87' lang='lat' dir='ltr'>sed</span> <span class='ocrx_word' id='word_1_873' title='bbox 2228 5165 2439 5241; x_wconf 27' lang='lat' dir='ltr'>“statim</span> <span class='ocrx_word' id='word_1_874' title='bbox 2473 5199 2565 5239; x_wconf 90' lang='lat' dir='ltr'>me</span> <span class='ocrx_word' id='word_1_875' title='bbox 2595 5187 2845 5238; x_wconf 89' lang='lat' dir='ltr'>venatur</span> <span class='ocrx_word' id='word_1_876' title='bbox 2875 5181 3177 5251; x_wconf 85' lang='lat' dir='ltr'>butyrum,</span> <span class='ocrx_word' id='word_1_877' title='bbox 3209 5175 3361 5228; x_wconf 89' lang='lat' dir='ltr'>viam</span> <span class='ocrx_word' id='word_1_878' title='bbox 3413 5165 3560 5222; x_wconf 90' lang='lat' dir='ltr'>mihi</span> <span class='ocrx_word' id='word_1_879' title='bbox 3609 5183 3755 5237; x_wconf 77' lang='lat' dir='ltr'>pra:-</span> 
     </span>
    </p>
   </div>
   <div class='ocr_carea' id='block_1_113' title="bbox 2104 5263 3754 5344">
    <p class='ocr_par' dir='ltr' id='par_1_113' title="bbox 2104 5263 3754 5344">
     <span class='ocr_line' id='line_1_115' title="bbox 2104 5263 3754 5344; baseline -0.015 -15"><span class='ocrx_word' id='word_1_880' title='bbox 2104 5273 2355 5330; x_wconf 90' lang='lat' dir='ltr'>cludunt</span> <span class='ocrx_word' id='word_1_881' title='bbox 2383 5279 2496 5328; x_wconf 65' lang='lat' dir='ltr'>tuae</span> <span class='ocrx_word' id='word_1_882' title='bbox 2527 5288 2735 5344; x_wconf 88' lang='lat' dir='ltr'>greges</span> <span class='ocrx_word' id='word_1_883' title='bbox 2765 5276 2823 5326; x_wconf 88' lang='lat' dir='ltr'>et</span> <span class='ocrx_word' id='word_1_884' title='bbox 2849 5268 3124 5341; x_wconf 90' lang='lat' dir='ltr'>pecudes.</span> <span class='ocrx_word' id='word_1_885' title='bbox 3155 5263 3239 5318; x_wconf 87' lang='lat' dir='ltr'>Ad</span> <span class='ocrx_word' id='word_1_886' title='bbox 3271 5273 3427 5315; x_wconf 87' lang='lat' dir='ltr'>mare</span> <span class='ocrx_word' id='word_1_887' title='bbox 3476 5270 3754 5344; x_wconf 86' lang='lat' dir='ltr'>recurro;</span> 
     </span>
    </p>
   </div>
   <div class='ocr_carea' id='block_1_114' title="bbox 2105 5343 3760 5435">
    <p class='ocr_par' dir='ltr' id='par_1_114' title="bbox 2105 5343 3760 5435">
     <span class='ocr_line' id='line_1_116' title="bbox 2105 5343 3760 5435; baseline -0.013 -16"><span class='ocrx_word' id='word_1_888' title='bbox 2105 5365 2231 5429; x_wconf 88' lang='lat' dir='ltr'>sed,</span> <span class='ocrx_word' id='word_1_889' title='bbox 2263 5381 2296 5418; x_wconf 93' lang='grc' dir='ltr'>ο</span> <span class='ocrx_word' id='word_1_890' title='bbox 2324 5343 2575 5435; x_wconf 81' lang='lat' dir='ltr'>piscium</span> <span class='ocrx_word' id='word_1_891' title='bbox 2609 5343 2931 5431; x_wconf 80' lang='lat' dir='ltr'>impetum!</span> <span class='ocrx_word' id='word_1_892' title='bbox 2966 5357 3089 5426; x_wconf 90' lang='lat' dir='ltr'>ipse</span> <span class='ocrx_word' id='word_1_893' title='bbox 3120 5350 3265 5406; x_wconf 92' lang='lat' dir='ltr'>mihi</span> <span class='ocrx_word' id='word_1_894' title='bbox 3309 5343 3760 5435; x_wconf 80' lang='lat' dir='ltr'>potentissimus</span> 
     </span>
    </p>
   </div>
   <div class='ocr_carea' id='block_1_115' title="bbox 2107 5431 3763 5506">
    <p class='ocr_par' dir='ltr' id='par_1_115' title="bbox 2107 5431 3763 5506">
     <span class='ocr_line' id='line_1_117' title="bbox 2107 5431 3763 5506; baseline -0.015 0"><span class='ocrx_word' id='word_1_895' title='bbox 2107 5467 2204 5506; x_wconf 86' lang='lat' dir='ltr'>rex</span> <span class='ocrx_word' id='word_1_896' title='bbox 2240 5431 2476 5506; x_wconf 82' lang='lat' dir='ltr'>illorum</span> <span class='ocrx_word' id='word_1_897' title='bbox 2527 5445 2782 5504; x_wconf 89' lang='lat' dir='ltr'>occurrit</span> <span class='ocrx_word' id='word_1_898' title='bbox 2830 5449 2886 5500; x_wconf 91' lang='lat' dir='ltr'>et</span> <span class='ocrx_word' id='word_1_899' title='bbox 2937 5440 3168 5497; x_wconf 88' lang='lat' dir='ltr'>duobus</span> <span class='ocrx_word' id='word_1_900' title='bbox 3218 5433 3460 5492; x_wconf 89' lang='lat' dir='ltr'>orbibus</span> <span class='ocrx_word' id='word_1_901' title='bbox 3506 5448 3599 5487; x_wconf 92' lang='lat' dir='ltr'>me</span> <span class='ocrx_word' id='word_1_902' title='bbox 3649 5431 3763 5484; x_wconf 83' lang='lat' dir='ltr'>cir-</span> 
     </span>
    </p>
   </div>
   <div class='ocr_carea' id='block_1_116' title="bbox 2107 5519 3765 5610">
    <p class='ocr_par' dir='ltr' id='par_1_116' title="bbox 2107 5519 3765 5610">
     <span class='ocr_line' id='line_1_118' title="bbox 2107 5519 3765 5610; baseline -0.014 -15"><span class='ocrx_word' id='word_1_903' title='bbox 2107 5541 2347 5595; x_wconf 85' lang='lat' dir='ltr'>cumdat</span> <span class='ocrx_word' id='word_1_904' title='bbox 2376 5545 2659 5610; x_wconf 86' lang='lat' dir='ltr'>tanquam</span> <span class='ocrx_word' id='word_1_905' title='bbox 2692 5535 2784 5590; x_wconf 88' lang='lat' dir='ltr'>sui</span> <span class='ocrx_word' id='word_1_906' title='bbox 2815 5530 3103 5588; x_wconf 87' lang='lat' dir='ltr'>exercitus</span> <span class='ocrx_word' id='word_1_907' title='bbox 3125 5522 3559 5610; x_wconf 87' lang='lat' dir='ltr'>cornibus.Scis</span> <span class='ocrx_word' id='word_1_908' title='bbox 3583 5519 3765 5610; x_wconf 83' lang='lat' dir='ltr'>igitur</span> 
     </span>
    </p>
   </div>
   <div class='ocr_carea' id='block_1_117' title="bbox 2106 5607 3763 5700">
    <p class='ocr_par' dir='ltr' id='par_1_117' title="bbox 2106 5607 3763 5700">
     <span class='ocr_line' id='line_1_119' title="bbox 2106 5607 3763 5700; baseline -0.014 -14"><span class='ocrx_word' id='word_1_909' title='bbox 2106 5629 2245 5700; x_wconf 88' lang='lat' dir='ltr'>quid</span> <span class='ocrx_word' id='word_1_910' title='bbox 2293 5607 2545 5684; x_wconf 76' lang='lat' dir='ltr'>faciam?</span> <span class='ocrx_word' id='word_1_911' title='bbox 2587 5625 2672 5679; x_wconf 85' lang='lat' dir='ltr'>Ad</span> <span class='ocrx_word' id='word_1_912' title='bbox 2725 5639 2862 5678; x_wconf 85' lang='lat' dir='ltr'>aera</span> <span class='ocrx_word' id='word_1_913' title='bbox 2905 5617 3109 5675; x_wconf 89' lang='lat' dir='ltr'>volabo</span> <span class='ocrx_word' id='word_1_914' title='bbox 3160 5621 3219 5673; x_wconf 88' lang='lat' dir='ltr'>et</span> <span class='ocrx_word' id='word_1_915' title='bbox 3270 5613 3489 5672; x_wconf 84' lang='lat' dir='ltr'>aethera</span> <span class='ocrx_word' id='word_1_916' title='bbox 3534 5607 3763 5665; x_wconf 89' lang='lat' dir='ltr'>habebo</span> 
     </span>
    </p>
   </div>
   <div class='ocr_carea' id='block_1_118' title="bbox 2107 5705 3760 5783">
    <p class='ocr_par' dir='ltr' id='par_1_118' title="bbox 2107 5705 3760 5783">
     <span class='ocr_line' id='line_1_120' title="bbox 2107 5705 3760 5783; baseline -0.013 -11"><span class='ocrx_word' id='word_1_917' title='bbox 2107 5717 2533 5783; x_wconf 80' lang='lat' dir='ltr'>auxiliatorem;</span> <span class='ocrx_word' id='word_1_918' title='bbox 2566 5728 2682 5768; x_wconf 88' lang='lat' dir='ltr'>non</span> <span class='ocrx_word' id='word_1_919' title='bbox 2715 5709 2873 5766; x_wconf 88' lang='lat' dir='ltr'>enim</span> <span class='ocrx_word' id='word_1_920' title='bbox 2905 5724 3216 5782; x_wconf 83' lang='lat' dir='ltr'>passerum</span> <span class='ocrx_word' id='word_1_921' title='bbox 3247 5705 3452 5761; x_wconf 80' lang='lat' dir='ltr'>contra</span> <span class='ocrx_word' id='word_1_922' title='bbox 3481 5714 3574 5754; x_wconf 88' lang='lat' dir='ltr'>me</span> <span class='ocrx_word' id='word_1_923' title='bbox 3603 5712 3760 5753; x_wconf 87' lang='lat' dir='ltr'>nunc</span> 
     </span>
    </p>
   </div>
  </div>
