4060 6214
400 299 553 358 1179

1736 299 2154 366 MIGHAELIS
2197 298 2468 359 PSELLl

3647 299 3803 360 H80

401 432 583 490 aciem
637 434 960 505 ordinabis,
1012 454 1148 494 nam
1202 438 1347 495 istos
1391 438 1616 495 detinet
1665 438 2038 511 quadragintt

2166 429 2453 504 τεύματος.
2488 429 2650 485 Οἶσθα
2681 428 2771 484 οὖν
2804 429 2833 483 ’ὀ
2863 430 3115 499 ποιήσω;
3146 430 3427 502 πτησομαι
3483 429 3621 505 πρὸς
3677 430 3806 505 ἀέρα

398 523 629 579 dierum
665 523 1058 582 intervallum.

471 790 602 846 Haec
633 807 808 848 serva:
840 797 951 848 tua:
982 794 1218 864 mentis,
1253 794 1299 850 si
1332 812 1449 851 non
1482 812 1710 851 manus.

1045 913 1142 963 XI.
1179 910 1395 966 Eidem.

470 1004 588 1076 Ego
621 1005 852 1075 quidem
884 1007 1219 1075 timueram,
1252 1010 1505 1065 maxime
1531 1010 1743 1077 Caesar,
1778 1025 2043 1065 mearum

401 1091 783 1165 epistolarum
815 1095 1033 1153 formas
1063 1098 1391 1167 ostendere,
1424 1099 1843 1154 erubesceham
1892 1098 2046 1154 enim

399 1180 471 1235 de
501 1180 614 1248 his,
662 1186 941 1254 tanquam
995 1202 1110 1240 non
1160 1186 1514 1242 habentibus
1560 1187 1890 1243 naturalem
1942 1202 2046 1241 nec

400 1269 766 1327 adscititiam
795 1272 1317 1344 pulchritudinem.
1350 1276 1495 1331 Cum
1561 1279 1757 1332 autem
1806 1276 1865 1331 in
1916 1274 2047 1330 illas

398 1363 599 1414 contra
631 1376 795 1431 spem
828 1362 1144 1432 adamasti,
1177 1368 1234 1419 et
1282 1364 1424 1420 mihi
1464 1365 1703 1421 suasisti
1754 1369 1819 1419 ut
1868 1381 2046 1420 novas

397 1447 630 1503 ederem
663 1449 978 1519 fetus,ecce
1009 1452 1117 1507 tibi
1150 1452 1341 1523 palam
1375 1455 1655 1526 pudorem
1678 1470 1911 1509 omnem
1944 1455 2045 1509 de-

398 1551 573 1606 pono,
606 1542 665 1592 et
696 1537 1197 1609 pulchritudinem
1230 1546 1479 1612 ostento,
1512 1547 1570 1599 et
1596 1543 1756 1598 velut
1785 1543 2046 1597 medicus

400 1640 569 1694 pavo,
599 1624 698 1681 ille
724 1625 962 1697 elegans
994 1634 1050 1683 et
1080 1628 1389 1685 familiaris
1421 1630 1810 1696 volucris,tibi
1840 1648 2044 1686 earum

396 1712 647 1768 formam
678 1718 942 1786 expando
974 1719 1378 1789 spectandam,
1412 1723 1488 1785 et,
1524 1724 1587 1774 ut
1616 1720 1877 1785 vides,ad
1910 1724 2044 1774 tuas

2156 520 2246 575 xui
2275 519 2367 574 τὸν
2400 519 2587 593 καιρὸν
2618 516 2718 587 ἔξω
2752 518 3069 594 σύμμαχον·
3122 517 3181 573 οὐ
3229 517 3328 593 γάρ
3373 519 3459 573 καὶ
3509 520 3803 595 στρουθοὺς

2156 611 2277 674 καθ’
2306 611 2464 683 ἡμῶν
2499 608 2901 682 ἄκστρατεύσεις
2929 612 3042 662 νῦν’
3077 606 3261 683 ἐπέχει
3302 608 3402 683 γὰρ
3452 611 3486 678 ἡ
3538 630 3802 685 τεσσαρα-

2156 700 2322 769 κονθή
2337 718 2502 772 μερος
2531 697 2759 759 τούτους
2798 693 3071 772 περίοδος.

2228 788 2340 856 Τῆς
2372 783 2635 855 δουλικῆς
2661 789 2828 840 ταῦτα
2858 788 3067 859 ψυχῆς,
3100 783 3145 839 εἰ
3174 784 3263 838 xui
3298 784 3374 856 μὴ
3406 784 3613 859 χειρός.

2832 906 2919 973 Τῷ
2959 900 3125 972 αὐτῷ.

2234 1001 2375 1076 Ἐγὼ
2411 1001 2504 1073 μὶν
2540 997 2785 1068 ἐδεδίειν,
2821 1000 3040 1073 μέγιστε
3091 1004 3315 1072 Καῖσαρ,
3363 1000 3458 1060 τὰς
3500 1002 3609 1052 τῶν
3641 1001 3803 1071 ἡμῶν

2161 1087 2464 1143 ἐπιστολῶν
2518 1085 2923 1164 παραδεικνύειν
2987 1091 3235 1165 μορφάς·
3317 1088 3645 1162 ἠσχυνόμην
3702 1088 3802 1162 γὰρ

2164 1178 2296 1252 ὑπὲρ
2346 1177 2577 1244 τούτων,
2637 1177 2711 1238 ὡς
2772 1178 2847 1249 μὴ
2896 1175 3142 1250 ἐχουσῶν
3177 1178 3315 1248 μήτε
3344 1176 3564 1252 φυσικὸν
3594 1175 3802 1237 κάλλος

2163 1268 2301 1338 μήτε
2377 1265 2689 1336 ἐπίκτητον.
2764 1265 2913 1322 Ἐπεὶ
2972 1263 3030 1319 δὲ
3082 1264 3144 1319 σὺ
3202 1264 3409 1318 τούτων
3464 1262 3803 1326 ἀνελπίστως

2157 1355 2423 1429 ἠράσθης,
2483 1355 2572 1409 καί
2635 1375 2699 1426 με
2730 1355 2988 1415 πέπεικας
3035 1353 3179 1408 καλὰ
3210 1352 3406 1408 τίκτειν
3465 1354 3803 1427 γεννήματα,

2159 1441 2277 1498 ἰδού
2327 1464 2409 1497 σοι
2439 1441 2739 1519 προδήλως
2797 1442 3339 1517 ἀπηναισχύντημαι,
3396 1442 3484 1496 καὶ
3525 1443 3628 1509 τὴν
3660 1441 3807 1515 ὥραν

2159 1530 2557 1608 παραδεικνύω,
2590 1533 2676 1586 καὶ
2709 1530 2887 1606 ὥσπερ
2920 1533 2947 1585 ὁ
3006 1528 3239 1604 μηδικὸς
3284 1532 3451 1598 ταὼς,
3510 1534 3670 1585 τοῦτο
3734 1528 3801 1599 δὴ

2155 1622 2217 1675 τὸ
2248 1618 2549 1699 φιλόκαλον
2603 1625 2737 1689 ζῶον
2788 1620 2876 1675 καὶ
2935 1619 3181 1689 σύνηθες,
3239 1619 3501 1696 θεατρίζω
3535 1641 3619 1674 σοι
3669 1620 3804 1674 τού-

2156 1732 2263 1764 των
2295 1711 2391 1778 τὴν
2444 1710 2775 1783 ὡραιότητα,
2808 1710 2919 1777 xui,
2952 1710 3028 1773 ὡς
3057 1711 3207 1784 ὁρᾷς,
3255 1709 3342 1763 ἐπὶ
3372 1714 3489 1771 ταῖς
3534 1714 3654 1770 σαῖς
3710 1708 3805 1771 θύ-

398 1800 549 1856 fores
580 1802 749 1858 adsto
783 1820 894 1859 non
928 1810 1170 1862 vocatus
1193 1823 1380 1879 neque
1403 1808 1730 1864 mercedem
1750 1824 1891 1865 mete
1920 1807 2038 1881 pul-

2158 1818 2269 1873 ραις
2321 1803 2651 1874 προϋπαντῶ
2705 1799 2842 1871 μήτε
2888 1797 3251 1871 καλούμενος,
3288 1799 3424 1871 μήτε
3456 1797 3647 1872 μισθὸν
3701 1804 3804 1866 τῆς

397 1888 753 1946 chritudinis
787 1893 1100 1965 excipiens.

471 1978 762 2049 Salomon,
797 1980 977 2051 igitur
1008 1982 1115 2039 hos
1146 2001 1293 2055 quos
1345 2002 1458 2041 non
1511 1986 1775 2042 invitavit
1824 1987 2045 2043 amicos

397 2082 501 2137 per
532 2066 1112 2140 circumspectionem
1146 2074 1389 2130 simulat
1416 2076 1474 2130 in
1509 2075 1883 2132 familiarium
1914 2094 2049 2132 con-

399 2155 743 2212 suetudines
774 2161 832 2214 et
861 2158 1152 2231 colloquia
1179 2162 1568 2233 introducere,
1602 2179 1673 2219 ne
1716 2166 2043 2221 satietatem

398 2256 603 2297 eorum
634 2247 1094 2303 conversationis
1124 2251 1341 2321 experti
1386 2252 1617 2307 oderint
1666 2269 1679 2309 :
1726 2270 1863 2326 ergo
1912 2269 2043 2309 vero

397 2332 758 2389 contrarium
790 2334 977 2392 facere
1010 2339 1162 2404 novi,
1195 2339 1467 2396 dilectam
1498 2342 1823 2414 tibiﬂmagis
1854 2357 2044 2399 meam

391 2420 893 2492 pulchritudinem
920 2429 1240 2483 ostendens
1289 2446 1391 2501 per
1440 2432 1936 2502 perseverantiam
1988 2436 2047 2487 et

393 2509 585 2579 magis
616 2512 901 2583 cupitam.

462 2598 608 2655 Nam
639 2598 736 2656 ille
765 2601 1030 2669 Proteus,
1061 2606 1150 2660 vir
1176 2605 1261 2661 vel
1293 2608 1725 2679 daemon,quem
1756 2613 2043 2665 Homerus

392 2686 607 2743 format
638 2693 697 2743 et
736 2692 1142 2761 transformat,
1192 2694 1500 2767 multiplex
1548 2702 1671 2752 erat
1715 2702 1773 2753 et
1824 2698 2042 2754 formas

390 2776 845 2846 permutabat,et
876 2796 1031 2835 nunc
1063 2780 1150 2836 leo
1183 2781 1368 2837 oculis
1398 2784 1835 2849 ostendebatur,
1886 2801 2042 2839 nunc

390 2880 651 2935 serpens,
714 2883 869 2921 nunc
909 2886 1032 2935 sus,
1067 2870 1243 2941 ignis,
1277 2871 1471 2940 arbor,
1505 2872 1652 2943 lapis
1683 2879 1740 2928 et
1770 2874 1988 2929 ferrum
2023 2890 2037 2929 :

390 2968 498 3023 ego
520 2970 652 3008 vero
685 2955 789 3010 tibi
827 2957 883 3011 in
919 2959 1171 3015 terarum
1205 2964 1446 3016 naturas
1478 2978 1592 3017 non
1650 2963 2038 3018 transforma-

391 3040 711 3115 bor,neque
743 3050 980 3116 stupore
1012 3047 1324 3118 percellam
1358 3049 1842 3120 phantasmatum
1876 3051 2037 3109 inso-

388 3130 493 3186 lita
528 3132 835 3203 varietate;
870 3136 967 3191 sed
1000 3136 1336 3193 citharistas
1366 3138 1662 3195 imitabor.

461 3310 606 3378 Quid
632 3317 827 3369 autem
854 3314 952 3369 isti
983 3315 1233 3371 faciunt?
1253 3318 1487 3388 quando
1510 3318 1773 3374 sentiunt
1795 3318 2037 3375 audien-

386 3403 474 3453 tes
508 3401 759 3457 melodia
789 3404 1056 3471 satiatos,
1090 3405 1341 3461 chordas
1390 3408 1733 3475 immutant,
1790 3406 2036 3464 calamis

401 3486 533 3544 illas
552 3489 1257 3562 flectentes,variantes,et
1278 3494 1532 3551 diversas
1559 3495 1899 3553 barmonias
1928 3496 2038 3552 eli-

389 3575 627 3648 cientes,
661 3583 725 3634 ut
756 3597 858 3652 per
906 3580 1080 3637 talem
1131 3583 1513 3640 variationem
1562 3590 1617 3639 et
1664 3584 2036 3641 inﬂexionem

390 3666 628 3720 musicae
656 3668 985 3741 {voluptatis
1034 3672 1237 3728 avidos
1284 3674 1581 3729 auditores
1629 3674 1900 3729 habeant.
1954 3675 2037 3730 Ita

387 3752 569 3823 igitur
598 3759 653 3808 et
692 3772 796 3827 ego
848 3757 951 3812 tibi
1006 3775 1163 3815 meos
1213 3778 1513 3817 sermones
1563 3761 1818 3817 variabo.
1869 3762 2035 3818 Nunc

385 3840 624 3911 quidem
658 3842 871 3899 hilares
904 3844 1038 3901 illos
1069 3848 1175 3901 tibi
1210 3850 1495 3919 praebebo,
1516 3866 1669 3905 nunc
1700 3866 1833 3906 vero
1865 3851 2033 3907 vehe-

387 3932 648 3997 mentes;
684 3948 837 3986 nunc
865 3933 1144 3989 remissos
1174 3941 1231 3990 et
1262 3936 1492 4005 molles,
1525 3954 1679 3992 nunc
1718 3953 2035 4009 generosos

385 4019 441 4070 et
472 4015 671 4084 fortes,
705 4019 791 4074 vel
825 4019 997 4076 aliam
1032 4023 1286 4095 denique
1316 4026 1569 4097 speciem
1602 4027 1904 4084 habentes.

456 4291 740 4344 Homerus
786 4290 1005 4362 quippe
1031 4291 1311 4364 hoplitem
1345 4292 1619 4361 laudans,
1668 4295 1725 4351 id
1758 4294 2033 4352 laudibus

383 4376 767 4444 adiicit,scire
794 4394 929 4433 cum
962 4380 1277 4437 immutare
1310 4380 1577 4453 clypeum
1612 4400 1768 4439 nunc
1800 4385 1867 4439 ad
1900 4384 2034 4440 dex-

379 4466 718 4534 tram,nunc
751 4466 823 4520 ad
856 4466 1300 4541 sinislram.Ego
1333 4475 1527 4527 autem
1563 4489 1753 4528 meam
1775 4478 2030 4529 armatu-

382 4568 840 4620 ram,sermones
872 4555 1094 4611 scilicet
1124 4575 1306 4626 meos,
1329 4576 1441 4614 non
1476 4559 1534 4614 in
1567 4559 1747 4616 latera
1776 4566 2030 4633 tantum,

380 4640 481 4694 sed
514 4640 571 4695 in
609 4641 810 4699 faciem
842 4650 897 4699 et
927 4645 987 4701 in
1030 4650 1193 4719 tergo
1244 4648 1592 4705 immutabo.
1645 4649 1770 4706 Non
1820 4651 2032 4706 unicus

379 4734 469 4783 est
499 4730 809 4787 verborum
842 4734 1221 4808 color,neque
1248 4737 1436 4810 figura
1460 4739 1768 4805 unica;sed
1804 4743 2032 4794 utrum-

382 4832 493 4887 que
524 4818 829 4891 multiplex
859 4826 915 4877 et
944 4824 1206 4893 varium;
1240 4830 1297 4880 et
1343 4825 1443 4898 qui
1491 4843 1692 4882 eorum
1744 4836 2031 4900 tempera-

380 4911 580 4960 menta
610 4912 665 4962 et
689 4909 1006 4978 juncturas
1038 4914 1229 4968 noscit
1256 4913 1645 4971 multiformia
1667 4916 2032 4972 amatoribus

377 4993 675 5051 exhibebit
705 5000 1196 5071 spectacula.Vidi
1230 5020 1332 5073 ego
1365 5004 1504 5059 olim
1540 5005 1794 5076 puellam
1827 5006 1885 5060 in
1909 5006 2035 5061 tha-

376 5082 530 5141 lamo
595 5086 784 5142 forma
836 5090 1073 5160 propria
1122 5092 1416 5164 decoram,
1469 5099 1527 5149 et
1574 5094 1854 5165 adjuncta
1904 5094 2034 5165 pul-

378 5172 711 5231 chritudine
769 5182 1072 5246 ornatam;
1126 5181 1318 5251 prima
1384 5183 1543 5238 enim
1611 5184 1705 5238 die
1771 5200 2036 5255 purpura

378 5259 531 5316 hanc
564 5264 813 5319 ornabat
878 5270 934 5322 et
1000 5284 1177 5323 aurea
1242 5272 1405 5337 vitta,
1476 5276 1533 5325 et
1605 5272 1806 5327 tunica
1880 5272 2033 5326 vario

385 5348 597 5404 ﬂorum
665 5353 856 5409 colore
914 5356 1111 5412 nitens
1164 5362 1219 5412 et
1262 5359 1445 5414 fascia
1502 5360 1812 5429 pectoralis
1879 5359 2034 5414 elec-

382 5435 570 5506 trina;
606 5440 706 5495 sed
744 5441 827 5495 illi
858 5445 1126 5500 assidens
1171 5446 1331 5502 brevi
1381 5452 1864 5501 ornamentorum
1921 5446 2036 5501 ful-

382 5525 649 5597 gentium
724 5530 852 5585 visu
931 5532 1174 5589 satiatus
1251 5552 1404 5590 sum.
1485 5534 1756 5591 Secunda
1838 5538 2035 5590 autem

382 5612 476 5670 die
506 5620 780 5672 ornatum
822 5618 1171 5689 immutans,
1222 5626 1279 5679 et
1327 5626 1535 5680 aurata
1581 5622 1779 5680 tunica
1829 5622 2039 5679 induta

2154 1886 2296 1963 ὥρας
2330 1883 2536 1943 λαϐὼν.

2223 1978 2285 2035 Ὀ
2346 1978 2439 2049 μὲν
2490 1978 2580 2030 οὖν
2652 1976 2920 2049 Σολομῶν
2947 1983 3063 2039 τοῖς
3092 1974 3453 2047 αὐτοκλήτοις
3482 1981 3591 2031 τῶν
3626 1974 3807 2052 φίλων

2155 2063 2225 2120 δι’
2254 2060 2537 2127 εὐλαϐείας
2592 2072 2829 2120 ποιεῖται
2859 2066 2955 2127 τὰς
2986 2065 3061 2127 είς
3116 2065 3242 2127 τοὺς
3272 2068 3519 2135 συνήθεις
3556 2063 3807 2126 εἰσόδους

2153 2155 2241 2209 καί
2299 2156 2642 2225 ἀπαντήσεις,
2698 2153 2791 2209 ’ίνα
2852 2155 2951 2228 μὴ,
3009 2155 3171 2229 κόρον
3212 2153 3387 2209 αὐτῶν
3424 2161 3525 2224 τῆς
3574 2154 3808 2227 ὁμιλίας

2154 2238 2449 2313 λαϐόντες,
2514 2245 2854 2316 μισήσωσινο
2917 2244 3022 2320 ἐγὼ
3084 2242 3141 2299 δὶ
3196 2243 3501 2299 τούναντίον
3548 2246 3805 2313 ποιήσειν

2154 2331 2435 2409 διέγνωκα,
2469 2333 2867 2407 ἆρασμιώτερόν
2898 2355 2981 2387 σοι
3011 2335 3072 2387 τὸ
3114 2332 3241 2406 ἐμὸν
3294 2331 3502 2395 κάλλος
3563 2330 3807 2387 ἐπιδεικο

2152 2421 2294 2477 νόειν
2324 2422 2414 2477 διὰ
2441 2429 2539 2492 τῆς
2570 2423 2849 2497 συνεχείας
2873 2422 2961 2477 καὶ
2992 2423 3367 2497 ποθεινότερον

2223 2599 2283 2655 Ὁ
2344 2599 2436 2671 μὲν
2496 2598 2595 2673 γὰρ
2645 2597 2893 2674 Πρωτεὺς
2952 2597 3174 2667 ἐκεῖνος,
3229 2599 3364 2673 ἀνὴρ
3405 2599 3440 2667 ἢ
3474 2594 3709 2669 δαίμων,
3744 2597 3801 2650 ὃν

2151 2688 2404 2764 ’Όμηρος
2454 2688 2680 2743 πλάττει
2737 2688 2826 2742 καὶ
2886 2687 3269 2760 μεταπλάττει,
3331 2682 3682 2747 παντοδαπὸς
3733 2686 3799 2753 ἦν

2150 2776 2238 2831 καὶ
2303 2775 2647 2849 μετήλλαττε
2693 2776 2787 2838 τὰς
2838 2777 3073 2853 μορφὰς,
3105 2776 3193 2830 καὶ
3252 2780 3341 2830 νῦν
3379 2777 3472 2847 μὶν
3507 2773 3649 2829 Λέων
3682 2780 3801 2836 τοῖς

2152 2866 2351 2939 ὁρῶσιν
2410 2863 2703 2936 ἐδείκνυτο,
2760 2869 2851 2919 νῦν
2902 2862 2960 2920 δὲ
3013 2864 3155 2939 ὅφις,
3187 2870 3280 2918 νῦν
3313 2862 3371 2919 δὲ
3395 2869 3510 2933 σῦς,
3540 2865 3632 2917 καὶ
3667 2868 3798 2937 πῦρ,

2148 2953 2241 3008 καὶ
2275 2951 2512 3029 δένδρον,
2568 2955 2658 3009 καὶ
2710 2954 2886 3022 λίθος,
2945 2954 3034 3008 καὶ
3094 2952 3335 3027 σίδηρος·
3379 2952 3482 3030 ἐγὼ
3516 2949 3572 3007 δέ
3604 2973 3690 3006 σοι
3726 2951 3801 3011 εἷς

2153 3043 2247 3115 μὲν
2280 3041 2571 3117 θηριώδεις
2603 3042 2784 3121 φύσεις
2816 3042 2877 3097 οὐ
2909 3038 3310 3116 μεταϐήσομαι,
3364 3039 3487 3096 ούδὶ
3539 3040 3800 3111 ἔκπληξις)

2068 3169 2112 3236 C
2150 3135 2219 3205 τῇ
2249 3135 2357 3185 τῶν
2410 3134 2803 3210 φαντασμάτων
2856 3132 3157 3201 καινότητι·
3210 3128 3356 3186 ἀλλὰ
3382 3128 3508 3192 τοὺς
3542 3128 3667 3205 περῖ
3696 3130 3797 3198 τὴν

2150 3221 2372 3295 κιθάραν
2412 3223 2752 3295 μιμήσομαι.

2216 3309 2275 3363 Τί
2348 3307 2403 3364 δὶ
2476 3311 2627 3365 οὗτοι
2695 3308 2934 3385 δρῶσιν;
3012 3307 3226 3364 ἐπειδάν
3304 3306 3595 3373 αἶ’σθῶνται
3664 3307 3797 3369 τοὺς

2147 3398 2439 3461 ἀκούοντας
2469 3399 2892 3475 κορεννυμένους
2948 3404 3044 3454 τοῦ
3098 3398 3320 3471 μέλους,
3381 3393 3798 3471 μεταϐάλλουσι

2143 3490 2238 3550 τὰς
2298 3487 2528 3564 χορδὰς,
2593 3488 2909 3566 στρέφοντες
2974 3488 3135 3543 αὐτὰς
3196 3494 3313 3549 τοῖς
3354 3486 3651 3557 καλάμοις,
3701 3487 3796 3539 καὶ

2149 3577 2601 3655 μεταστρέφοντες
2675 3578 2763 3632 xui
2837 3575 3094 3639 ποικίλας
3155 3577 3417 3649 ἁρμονίας
3478 3576 3797 3650 μεταχειρί-

2148 3671 2350 3735 ζοντες,
2406 3668 2498 3721 ἳνα
2552 3665 2640 3721 διὰ
2695 3674 2795 3736 τῆς
2859 3667 3115 3737 τοιαύτης
3176 3664 3525 3739 μεταλλαγῆς
3582 3686 3641 3719 τε
3698 3664 3793 3718 καὶ

2148 3750 2492 3827 μεταϐάσεων
2548 3755 2872 3832 ἀκορέστους
2917 3762 3017 3825 τῆς
3079 3762 3345 3828 μουσικῆς
3395 3751 3602 3823 ἡδονῆς
3660 3758 3797 3815 τοῦς

2143 3844 2408 3917 ἀκροατὰς
2461 3840 2686 3919 ἔχωσιν.
2744 3844 2896 3900 Οὕτω
2944 3850 3072 3919 γοῦν
3112 3845 3265 3919 κάγώ
3297 3865 3381 3897 σοι
3435 3845 3799 3913 μεταποιήσει)

2140 3933 2267 3993 τοὺς
2329 3933 2493 4007 ἐμοὺς
2554 3932 2777 4008 λόγους.
2837 3934 2943 3989 Καὶ
3002 3938 3091 3987 νῦν
3151 3934 3244 4005 μὲν
3306 3930 3529 4008 ἱλαροὺς
3558 3931 3801 3993 τούτους

2142 4022 2355 4096 παρέξω
2383 4023 2491 4092 σοὶ,
2530 4024 2621 4077 νῦν
2655 4020 2711 4077 δὲ
2743 4023 3053 4089 συντόνους,
3084 4022 3173 4077 καὶ
3205 4026 3296 4075 νῦν
3331 4022 3425 4094 μὶν
3484 4016 3800 4091 ἀναϐεϐλη-

2147 4111 2340 4182 μένους
2369 4112 2457 4166 καὶ
2493 4110 2797 4183 μαλακοὺς,
2826 4116 2916 4165 νῦν
2951 4109 3008 4166 δὲ
3038 4112 3315 4186 γενναίους
3362 4111 3451 4165 καὶ
3501 4110 3800 4184 ἰσχυροὺς,

2140 4204 2227 4253 νῦν
2262 4198 2318 4255 δὲ
2348 4199 2524 4271 ἄλλην
2562 4202 2775 4278 μορφὴν
2810 4199 3060 4277 ἔχοντας.

2210 4290 2271 4346 Ὀ
2334 4294 2462 4364 γοῦν
2524 4291 2769 4365 Όμηρος
2843 4290 3076 4360 ὁπλίτην
3149 4288 3377 4345 ἐπαινῶν
3447 4286 3636 4363 ἄνδρα,
3700 4292 3799 4343 καὶ

2140 4383 2300 4433 τοῦτο
2367 4385 2482 4440 τοῖς
2534 4378 2771 4442 ἐπαίνοις
2829 4379 3205 4453 προστίθησιν,
3261 4379 3342 4434 ὅτι
3403 4376 3510 4432 οἶδε
3568 4399 3797 4450 μετακι-

2139 4473 2247 4521 νεῖν
2300 4468 2399 4537 τήν
2460 4465 2659 4521 ἀσπίδα
2705 4472 2795 4522 νῦν
2860 4470 2953 4540 μὲν
3013 4467 3089 4530 εἷς
3145 4465 3309 4537 δεξιὰ,
3341 4472 3428 4521 νῦν
3490 4464 3547 4521 δὲ
3595 4466 3673 4527 εἷς
3707 4467 3799 4520 εύ-

2143 4556 2351 4627 ώνυμα.
2387 4556 2527 4632 Ἐγὼ
2559 4553 2616 4610 δὲ
2643 4556 2705 4611 τὸ
2736 4555 2866 4628 ἐμὸν
2896 4554 3068 4611 ὅπλον
3094 4555 3221 4620 τοὺς
3250 4554 3451 4630 λόγους
3476 4555 3575 4609 οὐκ
3606 4554 3696 4610 ἐπὶ
3726 4556 3796 4609 τὰ

2143 4642 2349 4719 πλάγια
2380 4640 2569 4718 μόνον,
2601 4643 2745 4701 ἀλλᾶ
2774 4645 2862 4699 xui
2882 4644 3186 4719 ἔμπροσθεν
3217 4648 3670 4719 μεταχειριοῦμαι
3701 4647 3791 4699 καὶ

2143 4729 2381 4796 ὄπισθεν.
2443 4734 2565 4808 Οὐχ
2610 4731 2663 4788 ἓν
2711 4732 2819 4789 ἐστι
2868 4736 2929 4789 τὸ
2970 4739 3075 4789 τῶν
3109 4732 3291 4808 λόγων
3320 4738 3544 4808 χρῶμα,
3608 4732 3705 4787 ούὶ
3757 4736 3793 4802 ἡ

2147 4824 2328 4899 μορφή
2367 4822 2483 4894 μίαο
2517 4819 2645 4877 ἀλλ’
2694 4824 2859 4897 ἄμφω
2890 4820 3209 4877 παντοδαπὰ
3245 4823 3335 4876 καὶ
3364 4820 3611 4876 ποικίλω
3639 4823 3736 4876 καὶ
3767 4823 3796 4876 ὁ

2141 4910 2236 4973 τὰς
2280 4912 2494 4984 κράσεις
2536 4912 2624 4965 καὶ
2676 4910 2943 4975 συνθέσεις
2988 4911 3194 4966 τούτων
3248 4908 3404 4973 είδὼς
3450 4908 3798 4987 πολύμορφα

2145 4997 2299 5072 δείξει
2329 5006 2448 5063 τοῖς
2476 4998 2724 5073 ἐρασταῖς
2752 5002 2817 5054 τὰ
2849 5002 3108 5074 θεάματα.

2217 5084 2373 5145 Εἶδον
2420 5087 2529 5162 ἐγώ
2584 5109 2715 5143 ποτε
2771 5088 2986 5167 νύμφην
3041 5088 3124 5145 ἐπὶ
3186 5086 3456 5150 παστάδος
3512 5087 3603 5142 καὶ
3646 5087 3799 5163 ὥρας

2146 5174 2202 5231 εὖ
2254 5171 2486 5251 ἔχουσαν
2515 5176 2606 5229 καὶ
2671 5181 2749 5247 τῷ
2780 5176 3091 5249 έπιποιήτῳ
3118 5175 3313 5232 κάλλει
3365 5177 3797 5248 κεκοσμημένην

2146 5263 2436 5337 λαμπρῶς·
2488 5265 2575 5317 καὶ
2606 5266 2708 5333 τήν
2733 5285 2797 5339 γε
2824 5266 3048 5339 πρώτην
3080 5267 3289 5339 ἡμέραν
3349 5264 3604 5342 πορφύρα
3657 5266 3799 5319 ταύ-

2143 5375 2241 5424 την
2296 5354 2511 5425 ἐκόσμει
2570 5354 2658 5408 καὶ
2716 5362 2895 5430 ’χρυσῆ
2926 5356 3125 5426 ταινία,
3158 5356 3246 5409 καὶ
3307 5354 3519 5427 ὶπωμὶς
3581 5354 3802 5425 ὲξηνθιυ

2146 5441 2315 5513 σμένη
2351 5443 2545 5515 κόσμῳ
2593 5440 2920 5515 παντοδαπῷ
2957 5444 3046 5499 καὶ
3075 5446 3109 5514 ἡ
3144 5441 3503 5516 στηθοδεσμὶς
3531 5440 3800 5515 ἠλεκτρί·

2144 5548 2251 5600 νη’
2330 5528 2457 5585 ἀλλ’
2518 5528 2863 5606 ἐνδιατρίψας
2924 5532 3103 5609 βραχύ
3160 5553 3211 5587 τι
3268 5536 3386 5593 τοῖς
3438 5532 3797 5610 φαινομένοις

2146 5618 2456 5693 ὠραϊσμοῖς
2515 5619 2801 5696 ἐκορέσθην
2857 5618 3008 5678 ἰδών.
3058 5619 3231 5680 Ἀλλᾶ
3283 5622 3384 5694 τήν
3433 5641 3496 5698 γε
3536 5616 3794 5698 δευτέραν
