3970 6218
222 329 377 390 1181

1714 326 2149 391 ΕΡΙΒΤΟΙΛΕ.

3477 333 3634 394 1182

221 464 435 538 ἡμέραν
474 455 855 534 μεταϐαλοῦσα
882 460 973 514 τὸν
1004 458 1212 533 κόσμον
1255 460 1343 515 xui
1393 468 1678 538 χρυσοϋφῆ
1724 460 1872 531 ἐσθῆ-

1998 479 2205 519 rursus
2266 463 2591 534 alliciebat;
2659 465 2833 522 tertia
2909 479 3146 537 quoque
3218 465 3512 535 similiter,
3578 471 3639 525 et

221 574 293 607 τα
324 548 690 618 ἐπενδυθεῖσα,
724 548 889 605 πάλιν
918 548 1086 624 ἐθήρα
1120 568 1131 580 ·
1164 550 1254 602 καὶ
1300 549 1398 617 τήν
1450 549 1637 623 τρίτην
1685 549 1883 618 οὕτως,

219 641 312 695 καὶ
342 641 443 708 τὴν
472 640 735 713 τετάρτην
772 660 784 672 ο
818 639 906 693 καὶ
940 639 1007 706 ἧν
1059 637 1348 711 ἀκόρεστον
1401 639 1465 692 τὸ
1508 636 1699 695 καλόν.
1732 639 1883 695 Εἰσὶν

221 729 315 785 οὖν
374 729 566 801 κάμοὶ,
622 734 846 802 Καῖσαρ,
879 721 1111 782 ἐλλόϐια
1171 724 1367 802 λογικά
1420 728 1509 781 καὶ
1567 724 1881 803 περιδέραια

222 820 501 893 γνωστικᾶ
526 818 617 873 καὶ
667 816 1093 895 περιτραχήλιοι
1145 818 1344 890 κόσμοι
1400 818 1490 871 xoi
1550 817 1876 887 ἐπισττςθιοι.

223 910 327 963 Κᾶν
359 911 625 981 κορεσθῇς
654 911 752 962 τοῦ
799 911 1030 983 χρυσοῦ,
1062 908 1482 981 παραγυμνώσω
1537 905 1591 961 τί
1640 927 1724 961 σοι
1783 911 1878 961 τοῦ

222 995 634 1073 ἠλεκτρώδους.
667 996 730 1052 Ei
763 993 821 1052 δὶ
850 995 939 1052 καὶ
969 994 1165 1051 τούτου
1195 994 1474 1070 πλησθῇς,
1505 994 1620 1072 ἔχω
1652 996 1875 1074 σαπφεί-

224 1107 371 1163 ρους,
428 1086 518 1142 καὶ
591 1085 901 1155 ὐακίνθους,
958 1085 1047 1141 καὶ
1106 1083 1292 1146 λίθους
1348 1083 1562 1159 ἐτέρους
1616 1083 1879 1140 παντοδα-

220 1176 380 1245 ποὺς,
406 1176 497 1231 καὶ
527 1176 626 1243 τήν
654 1174 984 1252 χροιάν,καὶ
1007 1176 1105 1244 τὴν
1140 1172 1390 1248 δύναμιν.
1425 1174 1546 1245 Καὶ,
1579 1175 1652 1236 ὡς
1682 1171 1877 1243 ἔοικεν,

224 1263 348 1320 οὔτε
395 1265 458 1320 σὺ
507 1262 805 1339 πλησθήσῃ
862 1265 994 1320 ποτὶ
1040 1268 1138 1319 τοῦ
1170 1263 1315 1338 ἐρᾷν,
1349 1260 1472 1319 οὔτε
1501 1263 1605 1338 ἐγὼ
1634 1261 1876 1326 κάλλους

221 1352 486 1429 ἀπορήσω
516 1353 606 1409 καὶ
640 1351 964 1423 ἐπιδείξεως.

800 1470 903 1526 ΙΒ’.
934 1470 1027 1540 Τῷ
1060 1466 1305 1540 Καίσαρι.

295 1566 668 1642 Εὐτυχέστατε
723 1569 932 1642 Καῖσαρ
959 1585 971 1599 ·
1004 1570 1169 1621 τοῦτο
1218 1565 1323 1640 γὰρ
1367 1562 1433 1635 δή
1486 1586 1571 1620 σοι
1599 1568 1697 1634 τῆς
1756 1565 1880 1621 ἐπι-

227 1654 427 1725 στολῆς
460 1654 596 1710 ἔστω
624 1655 942 1731 προοίμιον.
971 1655 1380 1729 Εὐτυχέστατον
1413 1652 1472 1709 δὲ
1518 1676 1574 1709 σε
1622 1655 1767 1732 φημῖ
1817 1655 1877 1709 οὐ

228 1743 365 1800 διότι
402 1746 568 1818 μόνον
600 1752 697 1814 τῆς
725 1748 821 1798 τοῦ
854 1743 1116 1820 Καίσαρος
1150 1743 1298 1813 ἀξίας
1344 1741 1651 1819 τετύχηκας
1697 1747 1879 1817 (τοῦτο

1994 553 2306 624 quarta;|et
2328 552 2786 625 pulchritudinis
2803 554 3046 610 satietas
3066 570 3181 609 non
3205 555 3505 612 erat.Sunt
3526 556 3634 628 igi-

1992 646 2087 695 tur
2116 641 2292 696 etiam
2326 642 2706 711 mihi,Cazsar,
2731 641 2974 697 armillae
3006 642 3365 714 spirituales,
3397 649 3635 715 torques

1992 729 2439 802 intellectuales,
2473 736 2529 787 et
2560 732 2692 788 colli
2723 737 2783 787 et
2813 732 3068 803 pectoris
3098 736 3363 787 ornatus.
3397 732 3457 788 Si
3497 749 3636 789 auro

1991 819 2240 873 satiatus
2308 836 2390 888 es,
2444 821 2728 876 exhibebo
2787 820 2894 875 tibi
2963 820 3184 892 aliquid
3264 838 3334 877 ex
3403 822 3636 878 electro.

1988 911 2047 967 Si
2080 926 2213 966 vero
2246 929 2312 968 eo
2344 926 2577 984 quoque
2607 909 2863 967 lassatus
2912 909 3114 977 fueris,
3166 910 3350 965 habeo
3403 910 3638 983 sapphi-

1989 1020 2106 1071 ros,
2141 1003 2487 1077 hyacinthos
2507 1005 2563 1057 et
2583 1000 2810 1072 lapides
2831 998 2976 1055 alios
2998 999 3191 1055 varios
3214 999 3404 1055 colore
3434 1006 3491 1056 et
3519 1002 3635 1056 vir-

1989 1095 2136 1149 tute.
2172 1094 2260 1163 Et,
2294 1098 2358 1148 ut
2386 1092 2639 1159 videtur,
2674 1104 2863 1160 neque
2894 1091 2949 1143 te
2980 1087 3219 1144 satietas
3249 1105 3511 1159 unquam
3551 1090 3635 1145 vi-

1990 1182 2163 1237 dendi
2200 1179 2529 1254 occupabit,
2563 1193 2753 1249 neque
2784 1193 2877 1233 me
2905 1175 3364 1248 pulchritudinis
3390 1182 3446 1233 et
3476 1177 3637 1233 exhi-

1988 1270 2227 1326 bitionis
2260 1267 2605 1341 indigentia.

2635 1472 2757 1528 XII.
2796 1473 3020 1528 Caesari

2062 1573 2429 1629 Felicissime
2459 1574 2685 1638 Caesar;
2720 1570 2779 1625 id
2814 1570 2970 1625 enim
3005 1568 3112 1623 tibi
3142 1568 3399 1640 epistolae
3426 1570 3632 1641 (prone-

1991 1664 2175 1719 mium
2209 1663 2305 1718 sit.
2341 1660 2772 1718 Felicissimum
2805 1663 3001 1714 autem
3034 1662 3087 1713 te
3117 1658 3246 1713 dico
3280 1674 3392 1713 non
3440 1657 3632 1713 solum

1990 1752 2129 1824 quia
2159 1750 2401 1807 Caesaris
2431 1750 2778 1821 dignitatem
2811 1748 3061 1818 adeptus
3093 1746 3176 1802 sis
3210 1746 3339 1815 (hoc
3381 1762 3634 1817 namque

228 1834 331 1908 γὰρ
363 1833 453 1888 καὶ
486 1832 722 1895 πολλοῖς
756 1830 955 1897 ἄλλοις
986 1827 1320 1905 συμϐέϐηκε,
1349 1832 1433 1887 καὶ
1466 1831 1526 1886 οἷ’
1564 1854 1623 1907 γε
1666 1832 1872 1888 πλείους

1993 1846 2048 1897 et
2079 1840 2282 1894 multis
2313 1838 2443 1894 aliis
2477 1836 2723 1909 contigit
2752 1837 2851 1907 qui
2884 1835 3081 1906 plures
3110 1853 3144 1891 a
3176 1834 3448 1891 felicitate
3478 1836 3635 1890 defe-

226 1928 328 1990 τῆς
360 1922 613 1998 εὐτυχίας
646 1919 1128 1997 διημαρτήκασιν),
1162 1920 1289 1978 ἀλλ’
1318 1919 1399 1976 ὅτι
1448 1922 1594 1996 παρὰ
1621 1925 1716 1976 τοῦ
1746 1921 1884 1977 καλ-

234 2008 425 2065 λίστου
457 2008 725 2086 βασιλέως
758 2010 847 2065 xui
887 2007 1125 2084 ἀδελφοῦ
1175 2008 1253 2074 εἰς
1296 2010 1395 2078 τὴν
1450 2008 1710 2085 μεγίστην
1754 2011 1883 2066 ταύ-

232 2119 329 2168 την
362 2100 670 2175 ἀνηνέχθης
717 2100 1025 2173 περιωπήν,
1056 2098 1115 2160 ’ὀς
1162 2095 1253 2169 δὴ,
1283 2099 1514 2174 προνοίᾳ
1542 2120 1600 2154 τε
1644 2104 1712 2174 τῇ
1770 2099 1881 2155 ἅνω

231 2188 553 2261 κινούμενος
577 2189 667 2243 καὶ
701 2189 833 2262 μετὰ
865 2189 1132 2263 λογισμοῦ
1178 2188 1406 2263 κρίσεως
1458 2188 1629 2243 πάντα
1684 2195 1879 2259 ποιῶ-ά,

227 2278 491 2332 κοινωνόν
540 2299 596 2332 σε
642 2282 737 2333 τοῦ
789 2277 1018 2351 κρότους
1068 2281 1265 2353 μικροῦ
1314 2275 1423 2331 δεῖν
1484 2276 1534 2348 ἐξ
1580 2276 1880 2354 ἀδελφικῆς

228 2366 443 2429 εὐνοίας
489 2368 777 2437 πεποίηκε.
825 2365 1175 2442 Προσκείσθω
1232 2365 1335 2442 γὰρ
1391 2370 1460 2439 τῇ
1518 2368 1748 2443 προνοίᾳ
1790 2369 1879 2424 καὶ

224 2458 295 2529 τῇ
325 2460 422 2510 τοῦ
452 2458 728 2531 λογισμοῦ
757 2454 927 2530 κρίσει
960 2454 1048 2510 καὶ
1077 2456 1140 2509 τὸ
1170 2454 1278 2510 ἀπὸ
1327 2462 1429 2525 τῆς
1480 2457 1720 2532 σχέσεως
1753 2458 1881 2535 φίλ-

223 2564 377 2620 τρον.
412 2543 583 2602 Πάλιν
636 2543 727 2599 οὖν
775 2546 875 2613 τὴν
922 2545 1146 2619 πρώτην
1182 2566 1265 2599 σοι
1324 2546 1511 2620 φωνὴν
1564 2544 1880 2623 ἐπιφθέγξο·

230 2653 349 2706 μαι’
385 2632 745 2708 εὐτυχὲστατε
774 2639 980 2709 Καῖσαρ
1002 2652 1014 2665 ⁸
1047 2634 1345 2709 προσθήσω
1376 2630 1433 2688 δὲ
1456 2636 1542 2689 xui
1578 2634 1883 2710 λογιώτατε

228 2722 320 2775 xui
379 2724 656 2799 σοφώτατε
687 2741 701 2756 ’
736 2720 901 2800 ἄμφω
954 2722 1058 2797 γὰρ
1118 2724 1230 2797 ὁρῶ
1288 2723 1434 2796 παρὰ
1483 2723 1566 2777 σοὶ
1620 2724 1753 2797 μετὰ
1779 2732 1879 2795 τῆς

232 2810 486 2887 εὐτυχίας
514 2813 612 2880 τὴν
645 2810 833 2889 σοφίαν
868 2810 956 2866 καὶ
985 2813 1085 2881 τήν
1118 2809 1438 2887 λογιότητα.

302 2899 399 2953 Καὶ
458 2903 531 2973 μή
596 2921 662 2973 με
723 2896 1004 2974 ὑπολάϐῃς
1062 2898 1273 2955 κόλακά
1335 2898 1664 2970 τηλικοῦτον
1724 2903 1878 2972 εἶναι,

232 2990 450 3060 μᾶλλον
494 2986 551 3043 δὲ
580 2988 763 3061 ἀμαθῆ
798 2988 1103 3060 ἐπαινέτην⁹
1138 2987 1220 3043 ὅτι
1249 2989 1400 3065 ἀφεῖς
1430 2988 1515 3044 ἐπὶ
1568 2996 1687 3053 τοῖς
1718 3012 1879 3065 στρα-

222 3079 539 3151 τηγήμασιν
580 3076 936 3152 ἐγκωμιάζειν
984 3100 1060 3146 σε,
1109 3077 1197 3132 xui
1251 3080 1332 3141 οἷς
1373 3077 1543 3133 πάλαι
1594 3081 1881 3155 κατώρθω-

1994 1929 2243 2000 cerunt),
2271 1928 2372 1983 sed
2406 1927 2544 1998 quia
2573 1928 2645 1982 ab
2690 1927 2912 1997 optimo
2962 1925 3311 1997 imperatore
3359 1929 3415 1980 et
3463 1924 3639 1980 fratre

1992 2019 2065 2073 ad
2110 2018 2218 2073 hoc
2251 2017 2571 2072 maximum
2605 2015 2903 2087 fastigium
2937 2014 3196 2069 elevatus
3226 2014 3331 2081 sis,
3362 2014 3463 2084 qui
3495 2029 3638 2069 sane

1992 2106 2367 2178 praevidentia
2399 2104 2616 2161 omlesti
2647 2104 2935 2159 adductus
2961 2108 3018 2158 et
3047 2120 3181 2158 cum
3215 2103 3459 2158 rationis
3483 2101 3639 2172 judi-

1992 2196 2080 2250 cio
2105 2194 2303 2250 omnia
2328 2210 2508 2265 agens
2541 2192 2881 2265 participem
2914 2195 2971 2247 te
3001 2191 3255 2261 imperii,
3286 2196 3386 2246 aut
3424 2206 3634 2261 parum

1991 2284 2178 2351 abest,
2212 2283 2465 2337 fraterna
2496 2279 2895 2336 benevolentia
2923 2279 3129 2335 effecit.
3163 2280 3428 2334 Addetur
3475 2279 3633 2333 enim

1992 2370 2363 2443 providentia-
2394 2376 2452 2425 et
2482 2369 2726 2425 rationis
2748 2367 2975 2438 judicio
3006 2366 3274 2423 amicitiae
3296 2367 3469 2421 etiam
3496 2366 3635 2421 inci-

1990 2464 2341 2516 tamentam.
2368 2462 2583 2514 Iterum
2616 2473 2752 2529 ergo
2783 2457 3038 2528 priorem
3070 2456 3175 2510 tibi
3205 2470 3403 2511 vocem
3435 2470 3638 2527 expro-

1994 2547 2529 2619 mam,felicissime
2558 2550 2766 2614 Caesar;
2801 2544 3071 2615 adjiciam
3101 2548 3320 2613 autem,
3355 2541 3635 2614 eloquen-

1992 2636 2217 2693 tissime
2246 2641 2302 2693 et
2334 2634 2768 2708 sapientissime
2801 2652 2815 2689 :
2848 2637 3167 2704 utrumque
3197 2633 3355 2687 enim
3385 2632 3543 2704 apud
3582 2636 3638 2687 te

1989 2727 2155 2783 video
2186 2743 2316 2781 cum
2352 2724 2648 2791 felicitate,
2682 2720 3032 2795 sapientiam
3058 2726 3115 2777 et
3144 2720 3563 2792 eloquentiam.

2061 2908 2128 2959 Et
2160 2921 2231 2959 ne
2265 2920 2357 2958 me
2389 2902 2709 2974 suspiceris
2740 2901 3103 2957 adulatorem
3132 2899 3306 2955 talem
3337 2915 3487 2968 esse,
3530 2914 3637 2970 po-

1988 2992 2109 3047 tius
2139 3007 2271 3045 vero
2305 2991 2641 3061 imperitum
2674 2989 3061 3057 laudatorem,
3114 2987 3250 3056 quia
3297 2988 3537 3043 mittens
3581 2993 3635 3041 te

1991 3082 2060 3136 de
2090 3080 2317 3135 bellicis
2368 3078 2883 3151 strategematibus
2932 3078 3268 3149 praedicare,
3318 3080 3375 3131 et
3421 3076 3493 3131 de
3542 3076 3635 3130 his

224 3186 323 3227 κας
355 3166 442 3220 xui
474 3170 561 3220 νῦν
593 3168 901 3239 κατορθοῖς,
934 3168 1031 3235 τὴν
1062 3166 1167 3221 ἀπὸ
1214 3171 1311 3221 τοῦ
1362 3164 1529 3242 λόγου
1586 3190 1670 3224 σοι
1705 3170 1872 3245 εὐφη-

1991 3186 2118 3240 quae
2162 3168 2301 3223 olim
2358 3169 2503 3223 bene
2563 3166 2734 3238 egisti
2789 3172 2845 3222 et
2906 3182 3062 3221 nunc
3121 3164 3268 3236 agis,
3330 3183 3362 3218 a
3419 3164 3632 3220 litteris

225 3252 354 3325 μίαν
385 3255 665 3329 προσάγω,
703 3257 841 3326 μήτε
870 3252 1304 3332 φιλοσοφήσαντί
1336 3276 1469 3311 ποτε
1522 3259 1661 3329 μήτε
1711 3258 1873 3333 ῥητο-

222 3343 493 3417 ρεύσαντι.
526 3344 651 3418 Οὐχ
684 3344 856 3405 οὕτως
898 3343 1127 3417 ἐμαυτὸν
1180 3344 1373 3401 ἀπατῶ
1408 3364 1421 3377 ’
1466 3344 1592 3401 ἀλλ’
1638 3344 1761 3401 οὕτε
1819 3347 1876 3400 σὲ

218 3433 423 3501 ἀπατᾷν
461 3431 755 3504 βούλομαι.
788 3434 848 3488 Ὀ
886 3431 984 3507 γάρ
1016 3454 1101 3487 σοι
1145 3434 1266 3509 περὶ
1313 3434 1441 3498 τοὺς
1485 3432 1689 3509 λόγους
1741 3433 1876 3508 ἔρως

215 3521 305 3574 xui
351 3523 386 3589 ἡ
439 3520 702 3593 ἐπιθυμία
748 3528 849 3591 τῆς
887 3523 1136 3595 γνώσεως
1182 3522 1271 3577 καὶ
1317 3524 1380 3578 τὸ
1420 3522 1619 3579 ἐθέλειν
1684 3522 1874 3599 λόγοις

217 3615 405 3687 σοφοῖς
460 3609 696 3682 ὁμιλεῖν,
723 3605 787 3665 τό
828 3631 887 3665 τε
939 3609 1220 3685 θέλγεσθαι
1269 3611 1463 3667 κάλλει
1522 3614 1875 3689 συγγραμμάο

214 3719 324 3751 των
370 3698 460 3752 xui
512 3697 817 3754 ἐπιστολῶν
869 3702 1081 3776 χάρισι,
1122 3698 1323 3771 ταύτην
1386 3722 1471 3755 σοι
1526 3703 1626 3770 τήν
1682 3702 1868 3780 σοφίαν

214 3796 649 3865 προσμαρτυρεῖ.

288 3884 415 3941 Τοῖς
448 3878 541 3950 μιν
592 3878 682 3933 οὗν
741 3876 1001 3940 παλαιοῖς
1058 3878 1281 3941 ἐκείνοις
1341 3880 1601 3954 Καίσαρσι
1651 3880 1715 3936 τὸ
1772 3888 1873 3951 τῆς

216 3968 496 4042 εὐτυχίας,
526 3963 703 4039 ὄνομα
764 3969 964 4042 μέχρις
1025 3968 1201 4023 αὐτῶν
1258 3970 1347 4040 ἦν,
1408 3970 1497 4024 καὶ
1556 3968 1733 4034 οὐδεὶς
1763 3976 1871 4026 τῶν

214 4062 400 4133 σοφῶν
435 4054 508 4111 δι’
534 4055 767 4118 ἐκείνους
828 4056 1097 4132 εὐτύχησε
1128 4077 1143 4107 τ
1176 4062 1242 4131 τῇ
1300 4054 1356 4112 δὲ
1401 4062 1467 4131 σῇ
1530 4059 1868 4134 μεγαλοπρε-

208 4147 337 4217 πείᾳ
370 4146 551 4221 ὥσπερ
584 4145 750 4215 ἡλίου
783 4152 897 4223 φῶς
942 4149 978 4216 ἡ
1020 4145 1218 4215 κλῆσις
1259 4146 1468 4222 ἐγένετο
1502 4166 1516 4181 ’
1551 4148 1640 4201 xui
1698 4149 1755 4209 ’ὸς
1798 4146 1869 4204 δι’

206 4233 269 4289 ἄν
318 4255 403 4288 σοι
447 4233 724 4308 πλησιάσῃ
776 4234 929 4299 εὐθὺς
977 4234 1213 4309 εὐτυχεῖ.
1251 4236 1347 4289 Καὶ
1404 4235 1599 4290 τούτου
1662 4237 1865 4313 μαρτύ-

205 4344 326 4397 ριον
361 4323 521 4385 αὐτὸς
553 4328 769 4397 πρῶτος
799 4323 928 4397 ἐγώ.
963 4323 1139 4379 Πάλαι
1204 4325 1297 4395 μὶν
1329 4324 1431 4399 γὰσ
1463 4324 1550 4380 ἐπὶ
1599 4330 1719 4389 τοῖς
1767 4324 1868 4381 λό-

202 4430 324 4482 γοις
358 4408 746 4482 ἐθαυμαζόμην
781 4429 793 4441 ·
826 4415 918 4463 νῦν
951 4408 1008 4465 δὶ
1039 4410 1125 4465 ἐπὶ
1156 4415 1223 4485 τῇ
1257 4415 1324 4485 σῇ
1357 4410 1517 4489 φιλίᾳ
1566 4410 1865 4485 εὐδόκιμος

205 4494 259 4549 ἐν
290 4501 424 4549 πᾶσι
457 4496 753 4581 γεγένημαι
786 4515 799 4527 ·
834 4498 1016 4552 καινὸν
1048 4498 1151 4572 γάρ
1202 4519 1260 4553 σε
1308 4503 1415 4552 τῶν
1476 4499 1622 4572 ἐμῶν
1678 4500 1861 4575 λόγων

1988 3257 2337 3329 applausum
2364 3257 2469 3312 tibi
2493 3256 2799 3327 alfero,qui
2821 3271 3007 3327 neque
3031 3253 3410 3326 philosophice
3443 3269 3631 3323 neque

1985 3347 2325 3418 elequentizs
2358 3346 2595 3401 deditus
2626 3344 2807 3399 fuisti.
2842 3344 2966 3399 Non
3001 3344 3082 3399 ita
3121 3348 3335 3398 memet
3382 3342 3627 3412 decipio,

1986 3437 2085 3491 sed
2121 3452 2309 3506 neque
2339 3439 2395 3489 te
2435 3435 2703 3506 decipere
2754 3433 2901 3488 volo.
2943 3432 3089 3488 Nam
3133 3447 3299 3487 amor
3344 3430 3441 3485 ille
3488 3436 3628 3485 tuus

1984 3523 2311 3579 litterarum
2344 3528 2401 3578 et
2430 3523 2705 3577 doctrinae
2737 3522 3026 3586 studium,
3059 3525 3115 3575 et
3145 3519 3288 3575 velle
3334 3520 3631 3589 sapientes

1984 3614 2136 3668 inter
2166 3629 2469 3668 sermones
2501 3610 2854 3674 conversari,
2884 3614 2941 3665 et
2969 3609 3241 3665 delectari
3274 3610 3628 3679 scriptorum

1982 3701 2424 3775 pulchritudine
2486 3706 2541 3756 et
2598 3699 2979 3772 epistolarum
3039 3698 3250 3769 gratia,
3305 3698 3409 3753 tibi
3478 3697 3627 3753 hanc

1982 3792 2177 3847 inesse
2209 3790 2560 3863 sapientiam
2593 3792 2968 3845 attestantur.

2054 3881 2358 3936 Veteribus
2388 3879 2625 3951 quidem
2660 3876 2837 3949 igitur
2867 3877 2998 3932 istis
3027 3874 3351 3931 Caesaribus
3385 3873 3625 3929 felicita-

1981 3966 2057 4022 tis
2089 3983 2303 4022 nomen
2336 3982 2513 4037 penes
2546 3980 2644 4021 eos
2685 3964 2813 4029 fuit,
2864 3964 2966 4019 sed
3014 3962 3212 4017 nullus
3266 3961 3623 4034 sapientium

1980 4074 2084 4128 per
2113 4074 2213 4112 eos
2237 4056 2506 4112 felicitate
2540 4073 2683 4111 usus
2713 4061 2800 4109 est
2832 4072 2845 4109 :
2879 4060 2991 4110 tuae
3024 4060 3220 4110 autem
3249 4054 3623 4126 magniﬁcen-

1979 4145 2073 4201 tiae
2106 4152 2169 4200 ut
2201 4146 2395 4200 lumen
2429 4144 2537 4201 soli
2566 4144 2684 4199 haec
2713 4142 3024 4216 appellatio
3068 4143 3368 4211 convenit;
3415 4147 3470 4198 et
3519 4142 3620 4213 qui

1978 4235 2050 4289 ad
2101 4240 2157 4288 te
2215 4233 2526 4289 accesserit
2584 4233 2781 4289 statim
2840 4232 3114 4287 felicitate
3141 4230 3375 4285 fruitur.
3430 4230 3621 4299 Hujus

1978 4338 2211 4393 quoque
2241 4320 2408 4376 testis
2438 4320 2563 4393 ipse
2594 4321 2820 4392 primus
2851 4334 2956 4391 ego
2988 4335 3141 4373 sum.
3174 4317 3322 4373 Olim
3368 4333 3623 4389 namque

1978 4414 2215 4482 propter
2246 4426 2547 4465 sermones
2596 4408 3041 4465 admirationem
3095 4423 3411 4475 moverem,
3464 4422 3620 4461 nunc

1974 4517 2109 4555 vero
2143 4505 2379 4571 propter
2407 4504 2571 4554 tuam
2602 4497 2920 4554 amicitiam
2951 4497 3210 4553 famosus
3232 4496 3387 4568 apud
3415 4512 3622 4552 omnes

206 4584 495 4654 ἐπαινέτην
555 4576 833 4660 εὐτύχηκα
866 4605 878 4619 ·
913 4588 1000 4641 καὶ
1054 4587 1290 4658 μάλιστα
1339 4587 1445 4655 ὅτι,
1476 4588 1601 4651 τοὺς
1657 4586 1865 4653 ἄλλους

1991 4589 2165 4644 ῗειοὶυδ
2198 4603 2599 4643 sum:novum
2633 4586 2788 4641 enim
2825 4602 3091 4642 meorum
3124 4602 3464 4642 sermonum
3496 4584 3620 4640 lau-

205 4672 410 4749 σοφοὺς
439 4673 590 4750 ἀφεὶς
620 4671 847 4747 (πολλοὶ
902 4672 960 4729 δὲ
1018 4673 1146 4737 ἴσως
1206 4675 1337 4730 sie-iv
1399 4677 1533 4751 ἐμοῦ
1598 4677 1862 4742 καλλίους

201 4767 296 4817 καῖ
334 4760 714 4837 ὑψηλότεροι),
748 4762 812 4817 σὺ
844 4760 901 4819 δὲ
934 4763 1123 4840 βούλει
1154 4770 1262 4819 τῶν
1289 4766 1434 4839 ἐμῶν
1474 4766 1653 4839 μόνων
1705 4768 1861 4843 χαρί-

198 4872 308 4906 των
365 4857 725 4926 κατατρυφᾷν,
790 4853 901 4924 καὶ,
970 4854 1064 4916 τὰς
1112 4851 1461 4918 ὠκεανίτιδας
1512 4860 1621 4911 τῶν
1689 4855 1860 4912 πάλαι

195 4944 386 5017 σοφῶν
415 4938 731 4995 καταλιπὼν
764 4941 964 5014 πηγὰς,
994 4944 1056 4997 τὸ
1104 4943 1234 5016 ἐμὸν
1290 4942 1657 5019 Αεπτόῤῥυτον
1710 4942 1855 5022 ὕδωρ

192 5028 334 5103 άρύῃ
363 5029 454 5083 καὶ
488 5026 685 5104 χανδὸν
719 5029 939 5106 ἐμφορῇ
971 5052 1075 5103 μου
1108 5036 1207 5087 τοῦ
1237 5031 1493 5105 νάματος.

266 5116 429 5173 Ἀλλ’
450 5116 556 5193 ἐγὼ
592 5120 685 5191 μὲν
737 5118 824 5173 ἐπὶ
872 5140 955 5173 σοι
1003 5120 1217 5197 εὐτυχῶ
1270 5123 1358 5177 xui
1420 5120 1559 5195 μέγα
1619 5128 1803 5197 φρονῶ
1837 5141 1851 5157 ο

186 5208 276 5262 σοί
337 5204 385 5261 δ’
416 5206 518 5283 ἄρα
568 5206 651 5270 τίς
702 5206 916 5282 δαίμων
965 5205 1251 5281 ἐϐάσκηνε,
1281 5208 1370 5265 καί
1418 5210 1671 5283 νοήματά
1724 5232 1847 5266 τινα

186 5295 574 5358 δυσελπιστίας
630 5299 796 5369 μεστά
851 5301 920 5371 τῇ
976 5302 1128 5373 ψυχῆ
1191 5321 1287 5353 σου
1353 5298 1697 5376 παρέφθειρε,
1760 5300 1849 5354 καὶ

186 5383 500 5463 ὑπείληφας
549 5385 630 5441 ὅτι
680 5407 763 5441 σοι
815 5389 843 5441 ὁ
886 5384 1244 5465 ἀδελφὸς,’ίν⁹
1275 5387 1445 5450 οὕτως
1498 5387 1710 5461 εἴποιμι
1759 5388 1849 5443 xui

180 5475 396 5550 πατὴρ,
453 5474 738 5545 ἠλάττωσέ
795 5498 880 5531 σοι
936 5478 1037 5546 τὴν
1109 5481 1335 5554 πρώτην
1400 5476 1700 5551 εὐμένειαν,
1758 5477 1847 5533 καὶ

188 5566 365 5638 μέγρι
418 5568 525 5618 τῶν
582 5567 921 5639 παρασήμων
998 5570 1098 5632 τῆς
1174 5566 1429 5643 εὐτυχίας
1500 5566 1845 5642 προαγαγὼν,

183 5661 292 5723 τῆς
339 5655 477 5729 πρὸς
524 5655 584 5712 ei
631 5654 837 5719 εὐνοίας
888 5655 1159 5712 ἐπαύσατο
1192 5685 1208 5731 ς
1241 5658 1362 5716 Τίνι
1407 5659 1535 5733 γοῦν
1581 5653 1668 5711 ἐπὶ
1722 5660 1847 5719 ταῖς

1974 4679 2235 4733 datorem
2271 4676 2515 4732 feliciter
2544 4677 2791 4748 adeptus
2822 4680 3055 4744 sum;et
3085 4676 3408 4748 praesertim
3440 4676 3617 4745 quod,

1973 4766 2119 4822 alios
2160 4766 2455 4837 sapientes
2486 4764 2937 4837 pretermittens
2981 4764 3181 4833 (multi
3228 4771 3425 4820 autem
3476 4765 3620 4818 forte

1972 4863 2112 4912 sunt
2132 4872 2222 4911 me
2245 4856 2516 4910 meliores
2537 4860 2594 4909 et
2615 4854 3104 4926 sublimiores),tu
3117 4854 3204 4909 vis
3228 4855 3370 4909 meis
3392 4856 3618 4909 tantum

1971 4943 2271 5016 leporibus
2302 4942 2597 5009 delectari,
2624 4948 2680 4997 et
2715 4942 3033 4999 Oceanicos
3079 4948 3339 4998 veterum
3388 4940 3619 5013 sapien-

1968 5033 2111 5087 tium
2142 5034 2331 5087 fontes
2361 5030 3145 5102 relinquens,tenuissimam
3178 5046 3368 5086 meam
3399 5043 3613 5099 aquam

1967 5120 2171 5175 hauris
2203 5125 2257 5175 et
2289 5135 2387 5174 ore
2419 5118 2603 5174 hianti
2638 5135 2767 5174 meo
2797 5137 2865 5174 ex
2898 5119 3084 5174 rivulo
3116 5116 3446 5172 inebriaris.

2036 5210 2146 5265 Sed
2171 5225 2276 5280 ego
2299 5208 2535 5281 quidem
2560 5208 2630 5263 de
2651 5212 2705 5263 te
2720 5208 2863 5262 mihi
2890 5206 3154 5280 gratulor
3172 5201 3609 5275 etglorior,Tibi

1964 5300 2119 5356 enim
2139 5300 2273 5371 quis
2293 5300 2518 5355 daemon
2538 5298 2840 5366 invidit,et
2856 5295 3308 5370 cogitationibus
3331 5294 3609 5365 despera-

1964 5390 2120 5444 tione
2153 5387 2341 5460 plenis
2368 5393 2622 5443 mentem
2659 5392 2815 5442 tuam
2850 5384 3129 5457 corrupit,
3152 5389 3213 5438 ut
3245 5382 3613 5439 arbitrareris

1960 5484 2123 5535 tuum
2145 5480 2572 5548 fratrem,etuta
2592 5478 2777 5533 dicam
2798 5482 3043 5549 patrem,
3064 5474 3436 5531 imminuisse
3455 5474 3609 5546 prio-

1960 5585 2083 5623 rem
2105 5569 2233 5624 inte
2249 5568 2694 5641 benignitatem,
2716 5565 2853 5620 etad
2871 5563 3167 5621 felicitatis
3184 5562 3481 5636 fastigium
3505 5562 3607 5617 ad-

1958 5652 2832 5725 ducentem,benevolentiamin
2851 5658 2904 5709 te
2917 5653 3412 5727 deposuissei’Quo
3428 5650 3612 5725 igitur
