4060 6214
405 333 554 395 1183

1728 327 2150 388 MICHAELIS
2195 327 2466 389 PSEILI
2500 369 2509 385 .

3651 327 3805 386 H84

327 484 332 486 ’
401 466 472 521 de
504 464 697 521 fratris
727 461 979 535 egregiis
1009 461 1248 518 dotibus
1278 464 1426 518 teste
1457 459 1618 516 utar?
1647 474 1821 530 quem
1854 457 2037 514 alium

2184 460 2246 511 οὔ
2294 453 2533 533 ἀδελφοῦ
2582 453 2881 519 καλλοναῖς
2935 459 3167 530 μάρτυρι
3215 457 3537 530 χρήσομαι;
3585 454 3708 511 τίνα
3750 454 3808 510 δὲ

399 555 692 627 proferam
726 569 900 608 sacrae
933 551 1095 607 illius
1124 552 1330 606 anima:
1361 548 1804 604 veracissimum
1827 547 2047 604 descri-

399 649 626 714 ptorem
651 646 673 697 ἓ
703 641 876 697 Solus
905 641 1034 712 ipse
1065 640 1344 706 sufﬁcias,
1399 639 1498 710 qui
1553 643 1687 693 ante
1734 637 2046 708 imperium

397 731 587 786 virum
621 731 766 785 mihi
799 747 950 801 saepe
983 728 1383 800 depinxisti,et
1413 731 1544 798 post
1574 727 1886 798 imperium
1911 725 2051 781 talia

400 819 570 874 nobis
601 818 834 874 locutus
866 835 928 873 es
961 835 975 872 ε
1010 840 1038 867 ‹‹
1074 821 1277 872 Nonne
1310 815 1444 872 talis
1470 816 1652 871 frater
1680 821 1769 871 est
1815 814 2048 886 qualem

401 908 512 962 tibi
543 924 676 962 eum
710 906 998 978 descripsi
1027 911 1082 961 et
1109 905 1390 960 veraciter
1418 903 1680 977 depinxi?
1700 927 1728 954 »
1761 905 2049 960 Memento

401 995 661 1068 epistola:
692 1013 759 1051 ex
789 996 1006 1051 Edessa
1033 999 1091 1050 et
1120 1011 1460 1050 sermonum
1482 992 2050 1065 posteriorum.Quid

403 1089 597 1140 autem
632 1084 735 1139 tali
768 1083 966 1155 plures
996 1099 1180 1139 annos
1208 1083 1267 1137 in
1317 1084 1529 1138 virtute
1577 1087 1955 1138 conversatus
1998 1085 2055 1135 et

402 1174 463 1228 in
493 1190 698 1229 omnes
721 1173 1014 1244 benignus
1044 1178 1101 1228 et
1132 1171 1724 1228 benevolentissimus
1751 1172 1960 1236 factus,
1993 1168 2052 1224 in

400 1267 459 1318 te
488 1261 612 1317 solo
645 1263 980 1317 immutavit
1009 1262 1226 1317 mentis
1259 1263 1682 1334 ingenuitatem
1701 1261 1729 1315 ‘I
1760 1261 1843 1315 Ne
1871 1261 1929 1314 id
1963 1276 2053 1313 ar-

403 1351 658 1419 bitreris,
692 1351 911 1423 optime
931 1351 1188 1407 virorum
1212 1351 1564 1407 omnium.Si
1587 1350 1742 1404 enim
1768 1366 1862 1404 me
1884 1353 2054 1420 putas

405 1439 466 1494 in
500 1440 755 1494 animam
789 1440 1078 1511 inspicere
1109 1456 1282 1511 posse
1309 1445 1364 1493 et
1386 1439 1613 1494 occulta
1634 1443 1690 1494 et
1713 1438 2057 1493 abscondita

409 1545 650 1584 noscere
683 1529 940 1595 solertia,
973 1529 1080 1583 tibi
1113 1546 1278 1584 mens
1309 1528 1467 1583 illius
1493 1528 1771 1592 adbzeret,
1804 1527 2056 1582 benevo-

407 1617 588 1674 lentia
617 1618 676 1672 in
703 1623 756 1673 te
788 1619 1076 1675 asseritur
1105 1623 1161 1673 et
1192 1623 1439 1690 augetur
1460 1617 1898 1689 benignitas.’l‘u
1923 1632 2056 1670 vero

412 1707 607 1762 noscis
635 1707 845 1762 melius
880 1724 1055 1778 quam
1088 1723 1193 1778 ego
1221 1713 1391 1761 tuum
1422 1707 1660 1761 fratrem
1694 1722 1809 1761 non
1841 1705 2058 1760 habere

405 1796 726 1852 adulatorie
744 1796 1084 1866 indolem,et
1101 1796 1541 1866 amicitiamque
1559 1795 2054 1864 concordiamque

413 1902 528 1940 non
561 1885 616 1940 in
641 1902 739 1940 ore
769 1884 1196 1952 clamitare,sed
1224 1886 1282 1940 in
1304 1891 1499 1940 mente
1521 1883 2053 1940 abscondere.Nam

412 1974 704 2030 labiorum
733 1974 918 2045 elogia
947 1975 1163 2046 linquit
1191 1974 1331 2030 viris
1362 1973 1628 2029 delicatis
1659 1978 1715 2028 et
1745 1973 2055 2044 obsequio-

419 2064 540 2130 sis;
587 2064 709 2135 ipse
761 2068 956 2120 autem
1015 2063 1327 2135 antiquum
1381 2079 1751 2118 summorum
1808 2062 2067 2117 virorum

418 2171 642 2210 morem
677 2156 945 2211 imitatur
977 2161 1034 2210 et
1068 2155 1330 2220 sublimi,
1367 2154 1592 2227 judicio
1627 2155 1909 2226 praeditus
1942 2160 2059 2208 est:

419 2244 662 2300 minime
709 2243 769 2300 in
829 2245 1046 2300 amicos
1108 2245 1382 2300 intonare
1435 2242 1660 2310 volens,
1706 2241 2066 2314 tranquillus

415 2337 580 2388 estet
603 2339 1156 2404 seronus,tanquam
1180 2332 1402 2405 zephiri
1425 2350 1569 2388 aura
1589 2333 1648 2387 in
1672 2333 1901 2388 animos
1924 2331 2068 2386 ami-

416 2438 618 2477 corum
641 2423 897 2494 spirans.
918 2423 1006 2478 Me
1030 2422 1213 2494 igitur
1233 2439 1386 2494 saepe
1417 2422 1647 2492 decepit
1678 2438 1794 2476 non
1825 2437 2066 2476 currens

417 2512 489 2566 ad
523 2517 924 2568 accurrentem
957 2528 1147 2582 neque
1173 2511 1432 2566 suaviter
1477 2509 1875 2581 amplectens;
1927 2514 2068 2563 tunc

419 2600 597 2655 etiam
630 2616 722 2654 res
754 2599 899 2654 mihi
932 2604 1307 2670 contemptus
1336 2599 1665 2665 videbatur,
1697 2599 1907 2654 deinde
1936 2614 2068 2653 vero

419 2687 580 2742 brevi
612 2687 780 2742 illum
809 2692 1149 2758 penetrans,
1201 2689 1400 2760 potius
1453 2692 1658 2758 expeto
1715 2691 1780 2742 ut
1826 2687 1885 2741 in
1934 2703 2067 2743 sen-

415 2775 601 2830 tentia
630 2781 958 2846 perseveret
989 2793 1167 2847 quam
1203 2782 1266 2831 ut
1297 2793 1521 2832 morem
1555 2780 1764 2832 mutet.

2161 546 2330 603 ἅλλον
2392 541 2779 621 προϐαλοῦμαι
2825 554 2924 616 τῆς
2971 549 3116 620 ἱερᾶς
3167 545 3374 601 ἐκείνου
3421 550 3607 622 ψυχῆς
3675 545 3813 600 συνί-

2161 657 2329 711 στορα
2376 631 2799 712 ἀκριϐὲστατον;
2853 635 3095 710 ἀρκέσεις
3169 636 3335 709 μόνος
3390 635 3568 706 αὐτὸς,
3617 636 3679 698 ὃς
3721 638 3808 688 καὶ

2158 727 2266 799 πρὸ
2294 731 2392 781 τοῦ
2422 726 2654 801 κράτους
2685 728 2779 780 τὸν
2811 723 2977 801 ἄνδρα
3036 746 3128 798 μοι
3176 723 3447 787 πολλάκις
3494 726 3807 799 ὑπεζωγρά-

2161 836 2361 893 φησας,
2415 816 2505 869 καὶ
2571 817 2704 888 μετά
2762 816 2824 869 τὸ
2892 816 3088 890 κράτος
3159 819 3381 870 τοιαῦτα
3451 815 3588 890 πρὸς
3659 816 3806 886 ἡμᾶς

2161 905 2426 982 ἐφθέγγου
2458 925 2472 938 ο
2511 928 2538 957 ‹‹
2570 907 2687 981 Ἆρ’
2729 903 2858 979 οὐχὶ
2905 908 3154 966 τοιοῦτος
3205 906 3232 958 ὁ
3283 901 3516 972 ἁδελφὸς
3565 903 3681 957 οἷόν
3725 923 3809 957 σοι

2167 1018 2194 1048 ι(
2221 998 2412 1049 τοῦτον
2450 994 2699 1069 ἱστόρουν
2751 993 2840 1048 καὶ
2891 989 3130 1069 ἀκριϐῶς
3173 988 3447 1070 ἔγραφονς
3483 1017 3510 1044 ››
3543 993 3812 1064 Ἀναμνή-

2163 1083 2322 1153 σθητί
2377 1105 2469 1156 μοι
2516 1082 2604 1138 καὶ
2651 1087 2750 1138 τοῦ
2805 1082 2855 1153 ἐξ
2907 1079 3162 1152 Ἐδέσσης
3194 1083 3515 1158 γράμματος
3564 1082 3653 1136 καὶ
3701 1085 3808 1135 τῶν

2169 1173 2301 1245 μετά
2347 1177 2513 1226 ταῦτα
2556 1170 2762 1246 λόγων.
2814 1172 2878 1228 Τί
2931 1169 2988 1226 δὲ
3041 1172 3069 1225 ὁ
3125 1171 3359 1244 τοσαύτῃ
3410 1170 3497 1225 ἐπὶ
3559 1167 3810 1224 πλείοσιν

2164 1260 2304 1316 ἔτεσι
2335 1261 2651 1337 συντραφεὶς
2702 1261 2865 1337 ἀρετῇ
2916 1259 3006 1314 καὶ
3038 1265 3199 1314 πᾶσιν
3244 1257 3484 1326 ἐπιεικὴς
3530 1258 3617 1312 καὶ
3667 1278 3810 1333 χρη-

2166 1350 2420 1412 στότατος
2449 1350 2712 1425 γεγονὼς,
2746 1349 2832 1404 ἐπὶ
2885 1349 2968 1403 σοὶ
3013 1349 3164 1422 μόνῳ
3226 1347 3530 1421 μετήλλαξε
3574 1349 3673 1416 τὴν
3727 1346 3813 1401 εὐ·-

2163 1439 2368 1514 γένειαν
2413 1447 2513 1508 τῆς
2558 1443 2783 1514 ψυχῆς;
2834 1441 2910 1512 μή
2970 1442 3129 1493 τοῦτο
3175 1435 3316 1505 οἷόυ,
3361 1435 3619 1492 κάλλιστε
3678 1434 3814 1488 πάν.

2163 1549 2272 1582 των
2317 1525 2549 1603 ἀνδρῶν.
2587 1527 2647 1584 Εἰ
2707 1529 2810 1603 γάρ
2872 1547 2938 1600 με
2994 1524 3093 1580 οἳει
3152 1525 3229 1587 εἷς
3285 1527 3467 1600 ψυχῆν
3499 1523 3816 1600 παρακύψαι

2169 1615 2465 1690 δυνάμενον
2495 1617 2581 1671 καὶ
2629 1617 2831 1694 κρύφια
2881 1621 3067 1688 μαθεῖν
3116 1615 3205 1670 καὶ
3260 1613 3539 1690 ἀπόρρητα
3583 1613 3817 1689 γνώμης

2169 1705 2411 1776 ὀξύτητι,
2442 1704 2812 1780 ἐνεστήρικταί
2843 1726 2931 1759 σοι
2979 1707 3012 1774 ἡ
3063 1703 3267 1759 ἐκείνου
3305 1704 3495 1778 γνώμη
3550 1703 3639 1757 καὶ
3686 1722 3825 1776 προ-

2167 1794 2397 1858 τέθειταί
2452 1816 2537 1850 σοι
2591 1795 2654 1850 τὸ
2712 1791 2894 1849 εὔνουν
2950 1795 3042 1849 καὶ
3089 1793 3320 1864 ηὔξηται
3437 1792 3707 1865 εὐμένεια.
3740 1791 3822 1844 Σὺ

2166 1882 2223 1938 δὲ
2273 1881 2422 1947 οἶδας
2469 1883 2604 1956 ἐμοῦ
2652 1881 2881 1938 κάλλιον
2933 1883 3025 1937 τὸν
3074 1883 3163 1937 σὸν
3214 1879 3446 1959 ἀδελφὸν
3489 1880 3570 1936 ὅτι
3623 1879 3826 1935 ἀκολά-

2171 1994 2358 2028 κευτον
2414 1969 2530 2048 ἔχει
2581 1973 2644 2026 τὸ
2693 1973 2852 2042 ἦθος,
2883 1973 2972 2026 καὶ
3020 1972 3119 2040 τὴν
3166 1969 3350 2050 φιλίαν
3395 1971 3484 2025 καὶ
3522 1971 3622 2038 τήν
3670 1970 3831 2042 εὐμε-

2173 2082 2315 2115 νειαν
2368 2060 2468 2115 οὐκ
2513 2059 2564 2114 ἐν
2617 2065 2687 2134 τῇ
2743 2059 2967 2135 γλώσσῃ
2998 2061 3267 2133 σαλπίζει,
3301 2058 3428 2116 ἀλλ’
3459 2060 3510 2116 ἐν
3567 2064 3636 2133 τῇ
3668 2063 3830 2134 ψυχῇ

2174 2150 2555 2222 κατακρύπτει.
2607 2152 2713 2219 Τὴν
2763 2151 2867 2225 γὰρ
2919 2149 2971 2205 ἐν
3043 2149 3286 2225 χείλεσιν
3339 2151 3612 2228 εὐφημίαν
3673 2168 3832 2224 περι-

2175 2241 2360 2315 ἐργοις
2421 2240 2623 2316 ἀφῆκεν
2693 2237 2913 2312 ἀνδράσι
2957 2239 3047 2293 καὶ
3101 2237 3489 2313 εὐτραπέλοις·
3548 2239 3716 2298 αὐτὸς
3773 2235 3837 2291 δὲ

2174 2329 2236 2382 τὸ
2292 2330 2521 2404 ἀρχαῖον
2575 2333 2683 2383 τῶν
2751 2329 3018 2403 μεγίστων
3069 2325 3275 2402 ἀνδρῶν
3335 2327 3646 2400 μεμίμηται
3699 2327 3841 2394 ἦθος

2175 2418 2264 2472 καὶ
2297 2415 2630 2496 ὑψηλόφρων
2673 2418 2801 2492 ἄγαν
2856 2417 2967 2472 ἐστί
2995 2438 3007 2450 ·
3045 2419 3274 2492 βροντᾷν
3335 2415 3392 2470 δὲ
3445 2416 3647 2485 ἥκιστα
3700 2416 3840 2489 πρὸς

2175 2506 2303 2569 τοὺς
2335 2506 2526 2584 φίλους
2563 2504 2922 2582 βουλόμενος,
2957 2506 3103 2568 λεῖος
3153 2506 3262 2562 ἐπὶ
3307 2505 3399 2560 καὶ
3448 2504 3702 2576 ἀκύμων,
3736 2503 3840 2557 ὥσ·

2176 2615 2274 2670 περ
2311 2595 2540 2670 ζεφύρου
2586 2601 2800 2669 πνεῦμα
2838 2601 2957 2658 ταῖς
2995 2601 3101 2650 τῶν
3161 2596 3506 2673 φιλουμένων
3559 2594 3831 2648 ἐπιπνέων

2177 2688 2402 2760 ψυχαῖς.
2436 2687 2569 2759 Ἐμὲ
2607 2689 2733 2760 γοῦν
2761 2683 3036 2747 πολλάκις
3076 2684 3324 2755 ἠπάτησε
3376 2686 3450 2758 μὴ
3512 2681 3839 2756 συνδραμὼν

2177 2772 2582 2850 προσδραμόντι
2620 2773 2761 2848 μηδὲ
2787 2772 2965 2844 ἥδέως
2995 2773 3474 2847 κατασπασάμενος
3511 2792 3524 2804 ⁸
3567 2774 3661 2827 καὶ
3717 2773 3840 2827 τότε

425 2861 520 2934 μὲν
551 2862 850 2936 παρόρασιν
883 2859 1226 2936 ἐλογισάμην
1255 2863 1321 2917 τὸ
1352 2869 1581 2937 πρᾶγμα
1615 2881 1626 2893 ·
1657 2863 1770 2918 εἶτα
1801 2859 1890 2935 δὴ,
1923 2858 2241 2940 καταϐραχὺ
2274 2865 2474 2923 συνιεὶς
2523 2862 2752 2934 ἐκείνου,
2789 2863 3000 2938 μᾶλλον
3050 2862 3292 2934 ἐπιζητῶ
3337 2871 3439 2932 τῆς
3489 2861 3723 2939 γνώμης
3775 2861 3835 2914 τὸ

417 2950 642 3021 σύνηθες
670 2949 707 3019 ἢ
738 2952 836 3020 τήν
867 2954 965 3006 τοῦ
993 2949 1165 3020 ⁴ἒίθους
1197 2949 1580 3026 μεταλλαγήν.

489 3074 643 3131 Talis
674 3082 761 3132 est
791 3083 1023 3147 mente;
1057 3082 1114 3133 et
1138 3078 1421 3134 scientem
1453 3083 1509 3134 te
1537 3077 1685 3133 illud
1717 3094 1823 3133 cur
1862 3095 2074 3134 mmror

419 3163 662 3231 invadit,
692 3181 821 3220 cum
859 3171 1126 3238 oporteat
1156 3169 1356 3240 potius
1402 3167 1708 3239 complecti
1758 3183 1965 3238 puram
2020 3172 2074 3224 et

421 3255 713 3310 sinceram
739 3254 1112 3328 imperatoris
1141 3256 1442 3313 indolem?

493 3344 611 3415 Ego
643 3344 823 3414 igitur
851 3345 960 3416 ipsi
985 3349 1148 3402 tuam
1174 3347 1439 3418 relegens
1459 3344 2067 3418 epistolam,videbam

423 3432 715 3502 quomodo
747 3433 869 3489 haec
899 3435 1135 3506 quidem
1167 3435 1559 3504 subriderent,
1591 3433 1691 3490 illa
1729 3450 1864 3490 vero
1911 3433 2067 3490 dele-

423 3525 670 3577 ctarent.
704 3521 848 3577 Cum
877 3527 1074 3579 autem
1104 3524 1356 3595 legerem
1389 3523 1471 3578 illi
1505 3523 1857 3579 monachum
1889 3528 1945 3578 et
1985 3523 2072 3578 in-

408 3614 638 3681 tegram
671 3611 1079 3678 mutationem,
1113 3629 1320 3683 parum
1355 3613 1542 3668 abfuit
1587 3613 1728 3684 quin
1780 3613 2068 3685 lacryma-

417 3702 598 3769 retur,
633 3698 746 3754 nisi
778 3716 811 3754 a
857 3716 944 3755 me
992 3702 1315 3772 impeditus
1364 3701 1592 3770 fuisset,
1648 3705 1704 3755 et
1753 3717 1960 3772 parum
2011 3705 2068 3755 te

414 3784 734 3843 incusaret.
770 3788 851 3844 De
881 3789 1192 3846 Antiochia
1223 3790 1554 3862 apologiam
1585 3790 1857 3857 faciebat,
1899 3790 2067 3859 jura-

415 3879 612 3930 menta
662 3877 882 3932 addens
934 3879 1089 3948 quod
1141 3895 1256 3934 non
1303 3880 1468 3947 juxta
1517 3884 1679 3933 tuam
1730 3877 2065 3949 opinionem

412 3965 758 4021 mandatum
790 3964 976 4020 latum
1009 3968 1310 4034 fuerit,sed
1345 3971 1410 4022 ut
1439 3971 1814 4039 cognosceret
1844 3965 2066 4037 aliquid

412 4069 482 4109 ex
509 4058 566 4109 te
596 4071 800 4110 eorum
850 4070 978 4124 qua:
1024 4053 1125 4110 ille
1174 4055 1403 4111 occulta
1455 4055 1644 4129 magis
1691 4059 1878 4111 erant.
1931 4057 2065 4122 Quae

410 4143 539 4199 visa
567 4148 707 4199 sunt
737 4144 846 4199 tibi
878 4145 1200 4216 conspicua
1230 4145 1401 4218 signa
1431 4146 1581 4201 dixit
1611 4161 1740 4200 esse
1781 4160 2064 4201 sensuum

408 4249 527 4288 suae
574 4233 791 4289 mentis
843 4233 1218 4303 eximiorum,
1268 4235 1532 4305 sincerae,
1581 4235 1848 4306 inquam,
1904 4233 1962 4288 in
2010 4238 2066 4288 te

333 4338 336 4339 '
406 4321 836 4393 dispositionis,
878 4323 1150 4378 fraterna:
1196 4323 1633 4391 benevolentia,
1691 4323 1750 4377 in
1795 4322 2064 4378 eamdem

405 4409 764 4466 voluntatem
791 4412 1202 4467 unanimitatis
1228 4416 1285 4466 et
1304 4412 1874 4484 concordiaa,quibus
1888 4411 2068 4467 addu-

410 4503 542 4554 ctus
571 4503 627 4554 te
659 4499 720 4554 in
752 4500 984 4572 imperii
1013 4500 1302 4556 vestibulo
1335 4501 1540 4557 statuit
1589 4505 1646 4557 et
1695 4517 1911 4574 magna
1958 4500 2066 4556 tibi

406 4602 512 4657 per
542 4585 772 4643 minora
800 4588 1099 4645 indicavit.

2252 3078 2517 3142 Τοιοῦτός
2569 3078 2679 3134 ἐστι
2735 3080 2836 3148 τὴν
2893 3080 3101 3152 ψυχήν,
3151 3076 3250 3131 Καὶ
3305 3074 3472 3131 εἲδότι
3526 3095 3614 3129 σοι
3673 3079 3836 3129 τοῦτο

2183 3164 2275 3221 διά
2317 3166 2371 3222 τί
2419 3165 2746 3242 προσπίπτει
2803 3166 2942 3235 ἀνία,
2977 3163 3096 3220 δέον
3133 3164 3347 3238 μᾶλλον
3395 3165 3727 3232 ἀσπάζεσθαι
3777 3164 3837 3216 τὸ

2179 3257 2415 3331 καθαρὸν
2443 3255 2532 3310 καὶ
2563 3253 2837 3311 ἄπλαστον
2863 3259 2960 3309 τοῦ
2995 3254 3264 3331 βασιλέως
3299 3251 3499 3326 ἰδίωμα
3528 3271 3542 3320 ;

2253 3346 2451 3420 Ἔγωγ⁸
2483 3345 2574 3399 οὗν
2604 3344 2750 3416 αὐτῷ
2792 3345 2894 3413 τὴν
2948 3345 3046 3413 σὴν
3096 3341 3552 3417 ὑπαναγινώσκων
3611 3340 3835 3396 ἐπιστο-

2181 3431 2284 3503 λὴν
2339 3435 2523 3508 ἐώρων
2566 3432 2714 3495 ὅπως
2762 3434 2829 3488 τά
2882 3433 2978 3505 μὶν
3020 3429 3197 3502 ἡδέως
3244 3427 3623 3507 προσεμειδία,
3654 3430 3725 3483 τά
3779 3427 3839 3484 δί

2179 3521 2486 3598 ἱλαρύνετο.
2546 3526 2671 3577 Ὅτε
2743 3520 2799 3576 δὲ
2871 3520 3171 3596 ἐπανέγνων
3238 3521 3381 3591 αὐτῷ
3434 3520 3525 3574 τὸν
3584 3518 3836 3593 μοναχὸν

2177 3612 2265 3666 καὶ
2323 3614 2421 3682 τὴν
2478 3611 2676 3687 ἀθρόαν
2738 3609 3056 3680 ἀλλοίωσιν,
3094 3613 3290 3686 μικροῦ
3330 3606 3437 3663 δεῖν
3497 3608 3589 3662 καὶ
3647 3605 3836 3679 ἐξεδάο

2177 3721 2389 3774 κρυσεν,
2425 3700 2470 3754 εὶ
2503 3698 2559 3755 δὲ
2587 3702 2663 3772 μή
2701 3720 2795 3772 μοι
2826 3696 3047 3774 ἄχθοιο,
3079 3697 3167 3753 καί
3222 3697 3400 3774 βραχύ
3445 3697 3498 3752 τί
3547 3717 3646 3751 σου
3698 3718 3837 3750 κατ·-

2179 3790 2481 3863 εμὲμψατο.
2539 3787 2930 3862 Ἀπελογίσατο
2991 3785 3047 3842 δὲ
3102 3787 3193 3841 καὶ
3267 3786 3389 3862 περὶ
3459 3793 3560 3854 τῆς
3620 3787 3840 3840 Ἀντιο-

2177 3879 2351 3952 χείας,
2402 3877 2598 3948 ὅρκους
2657 3876 2927 3953 ἀρρήτους
2980 3876 3235 3949 προσθεὶς
3279 3877 3361 3930 ὅτι
3417 3876 3492 3947 μή
3543 3875 3683 3928 κατά
3739 3875 3842 3936 τὰς

2179 3969 2273 4030 σάς
2335 3965 2639 4039 ὑπολήψεις
2695 3969 2729 4036 ἡ
2789 3966 3081 4039 πρόσταξις
3154 3966 3395 4039 γέγονεν,
3453 3962 3579 4019 ἀλλ’
3629 3961 3725 4018 ’ἕνα
3784 3986 3838 4018 τι

2175 4057 2330 4132 γνοίη
2391 4055 2536 4131 παρά
2589 4061 2684 4110 σοῦ
2734 4059 2843 4110 τῶν
2901 4053 3074 4110 ἐκεῖσε
3122 4052 3598 4128 ἀπορῤητοτέρων.
3644 4052 3721 4104 Τά
3783 4050 3841 4106 δὲ

2178 4145 2474 4222 φαινόμενά
2531 4165 2615 4199 σοι
2673 4144 2973 4219 παράσημα
3028 4147 3234 4216 σημεῖα
3281 4137 3475 4219 ἔφησεν
3526 4143 3665 4194 εἶναι
3721 4145 3837 4194 τῶν

2178 4233 2230 4289 ἐν
2282 4237 2350 4307 τῇ
2406 4237 2560 4308 ψυχῇ
2617 4235 2982 4308 παρασήμων,
3043 4232 3186 4308 φημὶ
3264 4227 3331 4297 δὴ
3407 4235 3509 4297 τῆς
3579 4229 3715 4301 πρὸς
3782 4228 3835 4280 σὲ

2174 4324 2409 4398 καθαρᾶς
2460 4320 2768 4388 διαθέσεως,
2823 4327 2927 4389 τῆς
2999 4317 3299 4396 άδελφικῆς
3376 4317 3680 4390 εὐμενείας,
3731 4324 3832 4385 τῆς

2177 4411 2254 4475 εἷς
2307 4412 2369 4466 τὸ
2422 4411 2552 4465 αὐτὸ
2600 4408 2817 4483 θέλημα
2863 4409 3165 4483 συμπνοίας
3214 4428 3274 4462 τε
3338 4407 3428 4461 καὶ
3478 4405 3831 4475 συννεύσεως,

2175 4500 2263 4574 ἀφ’
2319 4501 2391 4554 ὧν
2449 4498 2774 4571 κινούμενος
2831 4496 2881 4552 ἐν
2965 4497 3261 4573 προθύροις
3339 4516 3396 4548 σε
3448 4498 3548 4548 τοῦ
3601 4493 3834 4568 κράτους

2176 4587 2366 4659 ἔστησε
2395 4607 2408 4620 ·
2442 4587 2533 4643 καὶ
2581 4588 2649 4643 τά
2696 4585 2908 4663 μεγάλα
2957 4587 3045 4640 διά
3087 4589 3196 4640 τῶν
3247 4584 3584 4660 μικροτέρων
3627 4582 3831 4657 E75191-

2172 4679 2448 4750 κτήρισεν.

482 4764 541 4820 Si
571 4765 754 4838 igitur
783 4765 1079 4822 sincerum
1115 4783 1209 4824 me
1241 4769 1496 4824 amicum
1527 4771 1766 4839 reputas
1797 4770 1854 4822 et
1880 4766 2062 4822 veris-

2245 4767 2304 4822 Εἰ
2356 4764 2448 4821 οὖν
2522 4764 2882 4839 ἀνυπόκριτόν
2947 4785 3013 4837 με
3072 4763 3230 4840 φίλον
3289 4756 3696 4833 ὑπολαμϐάνεις
3743 4760 3836 4814 καὶ

410 4853 654 4923 simum,
688 4860 745 4911 et
775 4855 1042 4928 apprime
1092 4859 1210 4912 scis
1261 4873 1353 4912 me
1406 4857 1581 4912 ﬁdem
1630 4873 1746 4912 non
1800 4856 2073 4912 fraudare

409 4960 516 4999 nec
548 4944 897 5014 amicitiam,
930 4945 1106 5001 talem
1141 4946 1243 5001 tibi
1294 4946 1535 5003 fratrem
1583 4946 1828 5017 conjice,
1879 4943 2073 5018 qualis

411 5049 716 5105 nunquam
749 5033 901 5090 alius
937 5036 1116 5090 frater
1144 5035 1204 5089 in
1237 5035 1497 5090 amicitia
1527 5040 1583 5090 et
1613 5036 1846 5092 sincera
1872 5033 2074 5090 volun-

408 5127 532 5179 tate
562 5124 693 5179 fuit.

487 5214 734 5269 Omnem
770 5211 954 5285 igitur
983 5212 1178 5270 luctus
1219 5215 1567 5285 prietextum
1618 5230 1686 5268 ex
1735 5212 1930 5268 animo
1974 5227 2072 5266 ex-

414 5300 663 5372 pellens,
694 5301 930 5358 dulcem
956 5319 1123 5375 spem
1153 5302 1414 5374 concipe;
1462 5307 1520 5358 et
1568 5302 1796 5357 conﬁde
1844 5301 1904 5356 in
1957 5302 2073 5355 fra-

412 5392 565 5444 trem
596 5395 762 5446 tuum
795 5397 854 5448 et
883 5393 1216 5448 dominum.
1249 5392 1315 5446 Et
1345 5392 1392 5447 si
1427 5391 1568 5463 quid
1605 5392 1820 5462 saepius
1871 5394 2075 5444 contra

415 5476 780 5535 voluntatem
813 5481 1043 5547 accidit,
1069 5481 1125 5534 id
1160 5485 1370 5552 reputa
1399 5496 1467 5534 ex
1496 5477 1790 5551 imperiali
1823 5475 2074 5532 admini-

425 5566 728 5633 stratione,
764 5573 820 5622 et
850 5568 1047 5638 potius
1077 5568 1176 5624 Dei
1211 5567 1574 5640 providentia
1603 5565 1927 5638 provenire.
1968 5563 2076 5618 Per

421 5660 588 5711 tuum
620 5672 854 5712 sacrum
888 5662 1083 5728 caput,
1113 5656 1417 5713 felicitates
1463 5655 1734 5712 maxime:
1782 5654 2073 5727 guberna-

2182 4853 2569 4925 ἀληθέστατον,
2625 4853 2714 4909 καὶ
2792 4848 3034 4929 ἀκριϐῶς
3091 4849 3239 4914 οἶδας
3307 4851 3381 4912 ὡς
3436 4850 3500 4904 οὐ
3557 4846 3834 4922 ψεύδομαι

2181 4944 2361 4999 πίστιν
2391 4941 2516 4998 οὐδέ
2546 4941 3020 5019 φιλίαν,τοιο“ὖτόν
3052 4963 3136 4995 σοι
3156 4941 3248 4995 τὸν
3281 4936 3514 5016 ἀδελφὸν
3549 4937 3833 5006 ἐπίστασο,

2183 5034 2371 5088 ὁποῖον
2408 5033 2508 5087 οὐκ
2539 5030 2710 5095 ἄλλος
2736 5029 2946 5106 ἐγένετο
2977 5029 3053 5092 εἷς
3086 5027 3268 5108 φιλίαν
3303 5024 3536 5104 ἀδελφὸς
3559 5024 3652 5080 καὶ
3687 5025 3840 5099 ἀκριο

2183 5115 2444 5191 ϐεστάτην
2475 5118 2732 5177 διάθεσιν.
2863 5120 2874 5129 ’

2255 5213 2433 5262 Πᾶσαν
2494 5204 2585 5262 οὖν
2663 5206 2845 5276 λύπης
2916 5205 3168 5261 ὑπόθεσιν
3221 5199 3516 5259 ἀποϐαλὼν
3561 5209 3666 5270 τῆς
3737 5205 3842 5275 ψυ-

2183 5303 2316 5372 χῆς,
2371 5294 2652 5370 γλυκείαις
2712 5292 2895 5350 ἐλπίσι
2956 5294 3166 5363 σύνεσο,
3223 5293 3314 5347 καὶ
3371 5290 3551 5367 θάρρει
3611 5290 3704 5344 ἐπὶ
3761 5296 3848 5362 τῷ

2183 5382 2405 5462 ἀδελφῷ
2458 5384 2548 5438 καὶ
2607 5381 2858 5458 δεσπότῃ.
2901 5381 3006 5438 Κᾶν
3051 5382 3106 5437 εἷ’
3152 5383 3204 5436 τί
3255 5403 3338 5435 σοι
3395 5379 3674 5441 πολλάκις
3731 5384 3844 5433 τῶν

2185 5468 2508 5544 ἀϐουλήτων
2542 5471 2852 5548 συμπίπτῃ,
2886 5470 3206 5546 οἰκονομίαν
3249 5473 3409 5524 τοῦτο
3457 5466 3624 5543 δέχου
3685 5469 3848 5543 βασι-

2185 5559 2351 5632 λικήν
2405 5562 2495 5616 καὶ
2557 5561 2794 5634 μάλιστα
2851 5565 2986 5616 Θεοῦ
3035 5559 3316 5636 πρόνοιαν.
3371 5558 3456 5624 Νὴ
3506 5558 3609 5625 τήν
3687 5559 3844 5630 ἱεράν

2184 5671 2279 5705 σου
2302 5651 2405 5727 γὰρ
2435 5649 2701 5728 κεφαλὴν,
2734 5650 2790 5704 αὶ
2821 5649 3069 5724 μέγισται
3119 5652 3225 5703 τῶν
3269 5646 3536 5720 εὐτυχιῶν
3595 5641 3850 5721 ἀκυϐέρο
