3970 6218
201 354 356 414 “35
1648 343 2157 405 FRAGMENTA.
3453 361 3606 422 μεθ

200 503 355 555 νητοι
391 479 640 556 μείνασαι
667 478 798 540 τοὺς
845 478 1213 550 κεκτημένους
1264 474 1538 540 πολλάκις
1582 496 1768 530 κατάπι

2040 491 2128 531 me
2159 476 2452 533 destitutae
2482 478 2697 550 sepius
2729 496 3102 551 possessores
3150 502 3291 542 suos
3338 489 3398 544 in
3448 508 3608 550 mare

198 573 425 643 τίζουσι.
460 574 549 624 Δεῖ
602 568 702 644 γὰρ
768 569 903 639 ἡμῖν
954 571 1069 627 τοῖς
1121 565 1173 620 ἐν
1221 570 1299 637 τῷ
1350 565 1455 638 βίῳ
1487 563 1766 640 εὐροοῦσι·

2040 570 2261 636 ergunt.
2295 566 2456 638 Opus
2488 571 2576 622 est
2605 569 2761 624 enim
2796 571 2963 626 nobis
2994 572 3052 627 in
3084 574 3202 629 vita
3231 575 3476 635 feliciter
3505 583 3608 637 de-

205 658 528 737 φερομένοις
587 655 894 718 ἀπταίστως
968 654 1057 709 καὶ
1114 652 1348 729 χαλινοῦ
1399 653 1545 714 τινὸς
1600 651 1771 727 κατέχ

2041 653 2243 710 ntibus
2273 659 2330 710 et
2359 655 2487 711 sine
2520 656 2842 713 offensione
2890 662 3264 720 currentibus
3310 666 3471 723 freno
3502 670 3609 724 ali-

199 771 294 812 τος
324 750 416 810 τὰς
446 744 684 820 ἀλόγους
723 743 898 818 ὁρμὰς
928 744 1015 797 καὶ
1046 744 1147 811 τὴν
1199 741 1479 817 λεωφόρον
1533 741 1667 795 ἰὲναι
1727 763 1765 795 π

2040 761 2082 798 [ο
2115 750 2312 800 motus
2345 761 2554 817 pravos
2601 746 2899 804 detinente
2928 753 2986 805 et
3013 752 3106 807 via
3135 757 3435 811 communi
3486 776 3608 815 am-

203 837 476 898 δεύοντος.

1970 832 2173 888 bulare
2205 835 2471 890 docente.

276 930 362 983 ’Ev
423 924 642 986 τούτοις
694 925 784 978 οὗν
835 944 928 997 μοι
984 921 1298 1000 φιλοσοφῶν
1343 920 1556 997 φαίνου,
1587 917 1676 973 καὶ
1721 918 1844 978 ἅπαξ

2043 922 2103 976 In
2136 921 2230 978 his
2260 923 2435 993 igitur
2485 924 2631 979 mihi
2678 925 3084 1000 philosophari
3130 932 3405 1006 videaris,
3437 940 3495 992 et
3523 955 3611 994 se-

201 1018 392 1072 σαυτὸν
448 1015 704 1091 στηρίξας
763 1012 845 1068 ἐπ’
904 1010 1181 1090 ἄσφαλοῦς
1255 1007 1550 1087 κρηπῖδος,
1605 1015 1706 1077 τῆς
1761 1030 1769 1039 ·

2048 1010 2085 1066 31
2119 1028 2184 1066 ac
2210 1016 2265 1067 te
2288 1012 2349 1067 in
2378 1016 2505 1068 tuta
2534 1014 2663 1070 basi
2694 1014 3121 1087 obﬁrmaveris,
3157 1021 3527 1095 imperatoris
3560 1032 3616 1083 et

208 1105 478 1183 βασιλέως
534 1102 624 1157 καί
684 1100 922 1180 ἀδελφοῦ
977 1102 1115 1176 πρὸς
1171 1100 1229 1154 σὲ
1278 1096 1588 1167 διαθέσεως,
1620 1096 1776 1171 ἆκῦμς

2048 1099 2170 1154 ιιι-18
2201 1099 2260 1156 in
2289 1104 2346 1156 te
2374 1101 2786 1172 voluntate,ne
2820 1109 3369 1179 supervenientibus
3401 1116 3616 1187 cogita-

197 1217 295 1257 τος
322 1189 409 1249 ἔσο
438 1198 558 1255 τοῖς
591 1192 923 1265 ἐμπίπτουσι
957 1190 1274 1266 λογισμοῖς.

1972 1188 2237 1244 tionibus
2268 1206 2529 1261 unquam
2564 1192 2910 1250 molesteris.

204 1377 607 1405 m2

1379 1512 1985 1604 MICHAELIS
2045 1515 2446 1604 PSELLI

1720 1707 2116 1748 FRAGMENTUM

716 1853 808 1910 EX
836 1849 1195 1909 ORATIONE
1231 1847 1541 1905 NONDUM
1580 1846 1791 1902 EDITA
1831 1845 1924 1901 AD
1964 1845 2527 1905 CONSTANTINUM
2568 1849 3101 1912 MONOMACHUM.

864 2008 1053 2083 (Apud
1088 2011 1336 2064 Leonem
1366 2003 1644 2061 Allatium
1678 2004 1752 2059 De
1781 2002 1997 2073 templis
2017 2002 2331 2061 ercorum
2362 2008 2786 2080 recentioribus,
2819 2026 2877 2082 p.
2914 2012 2967 2066 3.

285 2381 299 2394 .
338 2381 351 2393 .
388 2379 400 2392 .
439 2380 451 2392 .
488 2376 501 2390 .
536 2331 697 2390 Ἀλλ’
729 2333 792 2386 οὐ
836 2328 1009 2400 πάντη
1040 2329 1316 2407 τερφθήσῃ
1352 2330 1470 2386 τοῖς
1520 2322 1853 2402 ἀφθαλμοῖς,

2050 2325 2146 2381 Sed
2181 2342 2296 2382 non
2328 2330 2491 2383 omni
2520 2345 2588 2384 ex
2626 2334 2790 2402 parte
2822 2332 3223 2408 delectaberis,
3258 2355 3363 2394 nec
3396 2340 3455 2395 in
3486 2356 3618 2396 om-

206 2422 332 2480 οὐδ’
360 2423 442 2500 ἐφ’
490 2419 645 2484 ὅλοις
692 2417 1133 2495 προσμειδιάσας
1170 2437 1183 2449 ·
1231 2420 1347 2478 τοῖς
1409 2412 1709 2489 ὁρωμένοις
1756 2412 1774 2466 ἐ

2053 2415 2158 2470 bus
2187 2414 2525 2473 visibilibus
2558 2421 2878 2491 gaudebis;
2912 2424 3185 2481 excitabit
3213 2428 3370 2483 enim
3417 2434 3472 2484 te
3504 2446 3621 2487 me-

201 2519 361 2591 γιρεῖ
388 2513 492 2587 γάρ
524 2532 581 2565 σε
617 2510 783 2583 μέσης
812 2508 1003 2569 νυκτὸς
1034 2507 1062 2561 ὁ
1091 2503 1283 2561 κώδων
1335 2505 1363 2559 ὁ
1412 2504 1580 2578 ἱερὸς,
1610 2504 1703 2556 καὶ
1749 2523 1769 2557 1

2053 2520 2077 2557 9.
2099 2509 2266 2559 nocte
2296 2521 2527 2561 sacrum
2550 2507 3015 2569 tintinnabulum
3038 2518 3095 2570 et
3117 2516 3297 2572 sacris
3318 2517 3621 2577 incumbes

205 2602 381 2666 θείοις
407 2599 799 2672 ἐνστηλωθήσῃ
824 2595 1093 2673 ἐδάφεσιν.

784 2621 799 2664 λ
824 2595 1093 2673 ἐδάφεσιν.
1982 2591 2352 2663 pavimentis.

1177 2796 3625 2841 Μ

1579 2929 1969 2987 MICHAELIS
2010 2930 2257 2986 PSELLI

485 3094 566 3149 Ex
593 3090 770 3148 variis
799 3087 1102 3162 opusculis
1133 3085 1374 3143 ineditis
1405 3085 1733 3158 fragmenta
1761 3082 1832 3139 ab
1864 3082 2051 3139 Leone
2082 3082 2287 3138 Allatio
2317 3082 2729 3144 Dissertationi
2764 3090 2836 3147 de
2866 3091 3039 3148 Pselli
3073 3093 3314 3151 inserta.

1907 3264 1977 3276 .—

300 3416 586 3488 Epilaphii
609 3416 807 3470 matris
836 3416 1168 3485 fragmenta.
1200 3410 1345 3466 Vide
1376 3423 1558 3481 supra
1579 3406 1689 3463 col.
1713 3405 1837 3460 490.
1861 3434 1929 3445 -
1948 3406 2336 3476 Fragmentum
2362 3409 2546 3466 libelli
2563 3413 2630 3468 de
2652 3414 3093 3473 admirabilibus
3115 3417 3467 3474 lectionibus.
3492 3419 3625 3474 Vid.

225 3507 320 3565 col
355 3506 477 3562 491.
510 3536 579 3548 --
607 3506 945 3561 Prooemium
975 3503 1111 3559 libri
1136 3499 1491 3558 medicinalis
1535 3497 1606 3553 ad
1638 3496 2064 3551 Constantinum
2095 3496 2649 3570 Porphyrogenitum,
2682 3504 2829 3561 Vide
2870 3506 2978 3561 σοι,
3011 3508 3136 3563 523,
