3970 6218
379 404 3038 440 W

1364 595 2783 797 APPENDIX

582 921 848 1078 AD
977 920 1612 1080 ΟΡΕΒΑ
1749 920 2790 1082 MICHAELIS
2923 919 3575 1082 PSELLI

1662 1350 2492 1455 ANONYMI

979 1566 1140 1659 DE
1239 1564 2328 1678 ANTIQUITATIBUS
2424 1565 3173 1662 CPOLITANIS

1528 1759 1720 1814 LIBRI
1760 1760 1918 1815 SIVE
1959 1760 2233 1816 PARTES
2274 1760 2626 1824 QUATUOR.

1329 1913 1494 1983 (Ans.
1536 1914 1824 1980 BANDURI,
1874 1915 2175 1986 [mperium
2221 1914 2518 1976 Orientale,
2563 1917 2705 1969 tom.
2739 1913 2819 1984 Ι.)

439 2227 704 2282 Auctoris
734 2226 944 2280 harum
975 2225 1280 2296 Originum
1308 2224 1413 2280 ΟΡ.
1447 2240 1658 2280 nomen
1691 2224 2027 2297 ignoratur;
2064 2225 2164 2280 sed
2195 2225 2304 2279 sub
2335 2223 2531 2279 Alexio
2581 2223 2874 2279 Comneno
2934 2239 3068 2279 eum
3117 2223 3330 2280 vixisse
3377 2240 3449 2279 ex
3478 2225 3703 2281 iambis
3734 2225 3789 2281 in

372 2317 561 2371 fronte
592 2314 797 2385 positis
826 2314 1141 2385 Alexioque
1171 2315 1509 2386 imperatori
1543 2313 1900 2385 nuncupatis
1930 2312 2233 2384 arguitur;
2268 2329 2335 2366 ex
2367 2312 2583 2383 quibus
2616 2312 2792 2366 etiam
2825 2312 3169 2383 scriptorem
3195 2318 3464 2367 nostrum
3487 2314 3791 2368 exstitisse

371 2404 735 2474 professione
767 2402 1121 2457 monachum
1157 2401 1323 2457 facile
1354 2404 1671 2470 crederem,
1703 2403 1845 2456 dum
1877 2401 1956 2456 ibi
1985 2400 2248 2454 Alexium
2301 2400 2570 2470 pluribus
2615 2398 2817 2454 laudat
2845 2417 2878 2454 a
2911 2400 3314 2455 munificentia
3342 2405 3400 2456 et
3431 2400 3795 2456 liberalitate

367 2493 426 2549 in
462 2493 781 2548 monachos
811 2493 910 2563 (α).
945 2492 1244 2547 Trecentis
1276 2492 1454 2562 igitur
1485 2498 1540 2546 et
1570 2492 1999 2562 quinquaginta
2031 2490 2262 2545 circiter
2293 2489 2461 2544 annis
2492 2489 2778 2544 Codinum
2812 2493 2977 2544 aetate
3007 2491 3207 2561 praeit;
3239 2490 3338 2560 qui
3371 2490 3579 2560 procul
3612 2491 3790 2545 dubio

368 2583 646 2654 pleraque
677 2599 744 2636 ex
776 2585 976 2634 nostro
1008 2580 1291 2650 scriptore
1321 2581 1538 2647 hausit;
1573 2581 1631 2634 in
1666 2580 1870 2634 multis
1897 2596 2030 2634 vero
2062 2580 2132 2634 ab
2204 2596 2269 2634 eo
2294 2580 2604 2648 discrepat;
2632 2595 2822 2650 neque
2853 2579 2910 2633 in
2938 2579 3321 2634 describenda
3344 2579 3487 2634 urbe
3512 2582 3793 2635 eumdem

371 2672 632 2727 ordinem
666 2673 877 2723 servat.
913 2668 1174 2723 Codinus
1205 2669 1422 2739 quippe
1456 2668 1615 2723 nullo
1640 2669 1845 2724 ordine
1874 2673 2102 2723 servato
2134 2669 2298 2723 urbis
2327 2669 2429 2722 CP.
2463 2668 2710 2722 aedificia
2739 2672 3024 2733 recenset,
3055 2668 3234 2722 situm
3268 2685 3380 2722 non
3417 2669 3730 2739 assignat;
3767 2684 3794 2721 e

372 2759 660 2815 contrario
691 2773 825 2811 vero
854 2758 1194 2827 Anonymus
1227 2762 1424 2811 noster
1454 2759 1658 2811 urbem
1694 2762 1811 2811 tres
1843 2757 1901 2810 in
1938 2761 2131 2828 partes
2166 2756 2545 2810 distributum
2597 2756 2798 2811 ordine
2841 2755 3151 2823 describit;
3202 2762 3258 2810 et
3302 2757 3495 2828 primo
3550 2758 3793 2827 quidem

367 2848 516 2902 libro
578 2846 826 2917 primam
889 2845 1049 2898 urbis
1099 2849 1325 2915 partem
1375 2848 1472 2916 qui
1525 2845 1842 2917 incipiebat
1894 2863 1927 2900 a
1980 2845 2195 2916 palatio
2244 2845 2504 2911 Cbalces,
2537 2851 2594 2900 et
2625 2863 2657 2900 a
2690 2845 2871 2900 millio
2904 2863 3092 2917 usque
3123 2847 3193 2900 ad
3236 2852 3464 2917 portam
3500 2849 3792 2914 Auream;

371 2937 520 2993 libro
553 2935 809 2990 secundo
841 2933 1080 2988 alteram
1114 2938 1338 3004 partem
1371 2951 1496 3005 quas
1537 2935 1854 3005 incipiebat
1882 2954 1914 2990 a
1941 2935 2374 3003 Tzicanisterio,
2427 2935 2789 3007 Hodegetriaa
2841 2935 3107 3000 ecclesia,
3155 2941 3212 2990 et
3256 2936 3568 3007 Manganis
3605 2953 3795 3007 usque

372 3028 442 3082 ad
478 3024 906 3088 Blanchernas;
941 3023 1091 3078 libro
1120 3024 1289 3079 tertio
1322 3028 1544 3094 partem
1577 3025 1829 3091 tertiam,
1856 3042 1984 3095 qua
2009 3025 2326 3095 incipiebat
2349 3026 2420 3080 ab
2453 3024 2636 3080 altera
2669 3028 2832 3095 parte
2863 3025 2921 3080 S.
2954 3025 3160 3095 Sergii,
3195 3029 3252 3080 et
3281 3024 3521 3097 palatiis
3543 3025 3798 3097 Sophia.

373 3115 467 3170 nis
502 3129 685 3184 usque
716 3115 784 3167 ad
820 3129 1021 3167 muros
1049 3112 1441 3167 occidentales
1486 3117 1828 3185 Magnarum
1880 3114 2208 3169 Portarum.
2245 3115 2384 3168 Item
2408 3115 2612 3168 eodem
2646 3114 2753 3169 hoc
2787 3112 2932 3169 libro
2967 3115 3086 3185 agit
3115 3115 3187 3169 de
3220 3115 3458 3186 palatiis
3490 3121 3552 3170 et
3583 3132 3796 3170 mona-

372 3206 567 3260 steriis
599 3203 957 3258 suburbanis
992 3220 1004 3257 :
1039 3204 1108 3257 de
1153 3203 1524 3258 monasteriis
1558 3203 1855 3268 Peraticis,
1892 3208 1949 3258 et
1978 3205 2048 3258 de
2079 3203 2456 3258 monasteriis
2487 3209 2653 3258 trans
2677 3204 2910 3258 fretum.
2935 3203 3104 3258 Libro
3137 3203 3390 3275 denique
3419 3211 3638 3275 quarto
3675 3205 3802 3276 agit

374 3297 717 3364 Anonymus
748 3296 949 3345 noster
981 3291 1052 3345 de
1082 3295 1379 3344 structura
1409 3290 1547 3344 mdis
1581 3291 1910 3360 Sophianas,
1944 3308 2070 3360 quas
2121 3291 2176 3344 in
2230 3290 2432 3345 multis
2465 3290 2695 3345 diversa
2724 3291 2795 3344 ab
2829 3291 3003 3344 editis
3054 3296 3315 3361 apparet.
3349 3291 3563 3347 Varias
3595 3298 3801 3347 autem

372 3382 650 3436 lectiones
683 3379 1017 3450 plerasque,
1051 3395 1178 3450 quae
1210 3379 1265 3432 in
1299 3377 1752 3434 Commentariis
1783 3379 2003 3433 nostris
2035 3378 2344 3444 habentur,
2376 3379 2829 3448 suppeditarunt
2883 3379 3061 3433 codex
3094 3379 3311 3451 Regius
3342 3396 3510 3434 num.
3567 3381 3805 3436 3058.3.

371 3471 567 3542 (quem
598 3472 653 3522 2.
682 3467 1049 3539 appellamus
1082 3468 1151 3521 ad
1186 3467 1577 3522 differentiam
1609 3466 1839 3522 Codicis
1869 3467 2026 3533 Regii
2060 3483 2221 3521 num.
2256 3468 2475 3521 3028.4.
2512 3482 2579 3521 ex
2628 3483 2742 3537 quo
2799 3472 3050 3537 quatuor
3081 3468 3300 3539 primos
3351 3470 3804 3540 Antiquitatum

373 3561 551 3627 libros
583 3556 1024 3628 exscripsimus,
1057 3561 1113 3610 et
1145 3572 1318 3627 quem
1353 3557 1392 3609 Ι.
1429 3559 1730 3624 vocamus)
1764 3561 1822 3610 et
1849 3557 2043 3611 Codex
2064 3556 2430 3611 Colbertinus
2454 3573 2617 3610 num.
2641 3556 2804 3611 3607.
2830 3555 3026 3628 Stylus
3050 3561 3243 3611 autem
3278 3559 3575 3628 Anonymi
3602 3560 3801 3614 nostri

373 3652 464 3702 est
493 3647 690 3701 varius
721 3649 779 3700 et
807 3643 1128 3713 inaequalis,
1163 3647 1360 3715 utpote
1392 3644 1490 3713 qui
1523 3660 1670 3714 opus
1702 3661 1901 3708 suum,
1928 3648 1990 3698 ut
2023 3644 2292 3708 arbitror,
2327 3660 2392 3698 cx
2424 3643 2670 3699 diversis
2715 3645 3102 3716 scriptoribus
3147 3645 3452 3716 Originum
3507 3663 3621 3701 seu
3683 3654 3806 3700 An-

368 3735 712 3805 tiquitatum
729 3732 1590 3803 Constantinopolitanarum,et
1610 3749 1677 3786 ex
1704 3732 1836 3786 allis
1858 3733 2274 3788 Cbronicorum
2302 3732 2686 3804 scriptoribus
2705 3732 2800 3803 qui
2825 3737 2958 3788 ante
2979 3732 3173 3804 ipsum
3200 3733 3812 3800 ﬂoruerunt,consar-

372 3824 589 3877 cinavit
612 3839 714 3892 pro
740 3838 896 3876 more
928 3826 1232 3876 auctorum
1265 3819 1425 3874 illius
1448 3820 1571 3875 aevi.
1598 3820 1872 3875 Hauserit
1893 3820 2075 3892 igitur
2097 3838 2163 3877 ex
2187 3823 2470 3893 opusculo
2505 3821 2775 3893 Hesychii
2820 3821 3053 3887 Milesii,
3078 3823 3233 3892 quod
3274 3822 3636 3878 inscribitur
3670 3824 3806 3896 Περὶ

370 3914 478 3963 τῶν
508 3910 773 3981 πατρίων,
806 3911 926 3963 sive
956 3911 1029 3963 De
1058 3908 1366 3976 originibus
1399 3909 1503 3962 ΟΡ.
1538 3913 1594 3962 et
1624 3925 1692 3963 ex
1723 3908 1902 3964 altero
1949 3910 2212 3979 ejusdem
2247 3911 2401 3964 tituli
2455 3915 2512 3965 et
2551 3911 2882 3982 argumenti
2915 3909 3221 3981 opusculo,
3254 3915 3492 3966 auctore
3526 3912 3809 3968 Christo-

373 4001 536 4068 doro,
574 3998 828 4053 Pasnisci
865 3997 1001 4063 filio,
1036 3997 1328 4068 Coptensi,
1364 4014 1537 4068 quem
1593 3999 1833 4054 laudant
1862 3999 2068 4054 Suidas
2099 4005 2154 4055 et
2186 3999 2441 4054 Eudocia
2471 4005 2739 4070 Augusta
2784 3999 2842 4053 in
2893 4001 3080 4068 Ioniis,
3115 4015 3288 4071 opere
3319 4016 3429 4054 ms.
3463 4017 3499 4053 a
3533 4003 3724 4057 nobis
3754 4003 3809 4054 in

373 4087 820 4142 Commentariis
850 4102 998 4156 saepe
1028 4085 1222 4140 citato.
1258 4086 1548 4141 Fortassis
1580 4091 1634 4141 et
1668 4104 1734 4141 ex
1765 4086 1895 4142 aliis
1927 4088 2188 4158 ejusdem
2223 4088 2553 4158 argumenti
2588 4088 3000 4158 scriptoribus,
3033 4087 3132 4158 qui
3164 4087 3423 4142 citantur
3455 4105 3493 4142 a
3527 4090 3815 4161 Porphy-

371 4178 637 4249 rogenito
669 4175 771 4230 lib.
807 4193 845 4230 η
877 4177 950 4231 De
978 4177 1142 4230 them.
1172 4192 1298 4246 cap.
1335 4177 1445 4229 12:
1485 4177 1758 4232 Praeterea
1810 4194 1878 4232 ex
1933 4182 2168 4233 auctore
2217 4177 2486 4232 Chronici
2536 4176 2931 4242 Alexandrini,
2984 4176 3357 4246 Theophane,
3409 4177 3694 4236 Cedreno
3748 4197 3810 4234 ac

371 4265 616 4336 reliquis
649 4264 908 4319 historiae
940 4263 1269 4334 Byzantines
1298 4263 1706 4335 scriptoribus.
1741 4266 2024 4320 Caeterum
2055 4281 2225 4321 voces
2259 4265 2682 4335 peculiares,ac
2715 4265 2956 4336 phrases
2989 4264 3203 4336 quibus
3225 4265 3412 4319 utitur
3441 4269 3810 4340 Anonymus

374 4359 594 4422 noster,
628 4353 685 4407 in
718 4352 1166 4407 Commentariis
1200 4353 1557 4407 adnotantur
1587 4353 1710 4408 suis
1744 4353 1885 4409 locis
1919 4359 1973 4409 et
2003 4353 2486 4425 explicantur(b).

439 4539 504 4596 (α)
540 4534 781 4601 casimiri
802 4535 1002 4601 Oudini
1035 4540 1364 4601 argumenta,
1400 4537 1593 4598 quibus
1624 4537 1750 4585 istas
1790 4538 2144 4601 Antiquitates
2174 4536 2418 4601 Michaeli
2441 4537 2607 4586 Psello
2639 4535 2910 4601 yindicare
2942 4536 3111 4601 yoluit
3135 4535 3195 4601 in
3229 4536 3365 4601 libro
3405 4537 3479 4585 De
3514 4539 3808 4601 scriptori-

379 4598 470 4646 bus
489 4597 851 4662 ecclesiasticis,
877 4600 1096 4662 tomtll,
1120 4597 1425 4662 admodum
1451 4601 1653 4649 incerta
1687 4614 1802 4649 esse
1834 4615 1896 4649 ac
1924 4597 2124 4649 lubrica
2153 4600 2344 4662 probat
2369 4601 2480 4662 ipse
2514 4599 2810 4648 Baudurius
2853 4597 2907 4647 in
2940 4599 3253 4648 Praefatione
3283 4600 3349 4648 ad
3383 4604 3497 4649 tom
3551 4602 3573 4648 1
3603 4597 3812 4650 Numit-

378 4663 571 4707 malum
602 4661 990 4719 imperatorum,
1019 4661 1175 4719 Paris,
1203 4662 1320 4708 1⁸718
1353 4662 1441 4708 fol.

439 4723 511 4781 (ὁ)
537 4722 706 4771 Adeat
735 4720 944 4790 Lector,
974 4723 1016 4769 si
1044 4723 1203 4790 lubet.
1235 4724 1409 4782 ipsum
1442 4722 1697 4790 Bandurii
1721 4737 1880 4790 opus;
1910 4723 2166 4790 his_enim
2198 4724 2609 4780 commentariis,
2633 4737 2792 4786 quam
2815 4737 2908 4787 per
2925 4729 3006 4774 est
3026 4723 3415 4785 diﬂ’usioribus,
3442 4738 3583 4775 nam
3612 4741 3718 4790 per
3740 4727 3818 4776 in-

377 4788 585 4848 tegrum
617 4785 865 4833 maxime:
885 4784 1071 4833 formae
1092 4784 1342 4835 volumen
1371 4784 1756 4848 exspiatantur,
1791 4785 1964 4835 locum
1985 4787 2109 4836 dare
2132 4800 2242 4835 non
2273 4801 2575 4849 possumus.
