4060 6214
252 355 412 415 1189

1284 338 1386 402 DE
1432 338 2098 410 ANTIQUITATIBUS
2146 329 2630 408 CPOLITANIS.

3505 350 3664 416 U90

1428 646 2494 809 ANONYMI

934 907 1098 1004 DE
1164 906 2191 1017 ANTIQUITATIBUS
2266 911 2989 1011 CPOLITANIS

1671 1107 1902 1167 LIBER
1955 1107 2251 1171 PRIMUS

628 1262 746 1335 Qui
773 1259 994 1340 incipit
1018 1277 1056 1319 a
1084 1256 1320 1337 palatio
1350 1255 1611 1319 Chalces
1641 1260 1703 1318 et
1733 1274 1771 1319 a
1801 1256 2117 1333 Milliario,
2150 1277 2225 1320 ac
2260 1260 2563 1341 pertingit
2591 1262 2673 1324 ad
2704 1268 2952 1344 portam
2988 1266 3287 1330 Auream.

443 1585 789 1645 INCIPIUNT
822 1584 961 1641 CUM
994 1584 1127 1638 Ι)Εο
1171 1582 1372 1639 URBIS
1409 1581 1728 1649 ANTIQUI-

973 1654 1207 1710 TATES.

264 1771 387 1833 Quo
418 1771 586 1839 pacto
618 1763 880 1821 occultos
909 1762 1152 1834 laqueos
1182 1760 1446 1831 evasisti,

260 1859 334 1914 Et
362 1872 553 1927 quaem
585 1854 883 1926 sapienter
910 1868 1009 1907 eos
1039 1851 1097 1905 in
1128 1849 1319 1905 lucem
1352 1847 1637 1904 eduxisti!

260 1944 389 2001 Nisi
418 1943 575 2000 enim
609 1942 734 2009 bos,
760 1940 874 1996 Deo
907 1940 1242 2009 adjuvante,
1273 1937 1659 2009 explorasses.

266 2041 392 2092 Non
424 2031 689 2089 hostium
719 2028 1101 2101 supercilium
1135 2027 1472 2098 dejecisses,
1506 2044 1538 2082 o
1570 2026 1909 2099 imperator.

264 2125 351 2180 Ad
385 2137 663 2195 suprema
690 2118 1037 2187 conscende,
1066 2116 1382 2171 virtutibus
1411 2120 1751 2183 coronatus;

269 2212 408 2268 Illas
446 2210 744 2280 enimjam
774 2207 914 2264 olim
944 2210 1138 2263 tecum
1172 2209 1503 2278 pugnantes
1536 2204 1788 2275 obtines,

266 2302 402 2357 Haec
433 2299 745 2372 prmvalida
773 2314 939 2352 arma
966 2295 1026 2351 in
1060 2294 1275 2367 praeliis
1306 2298 1523 2366 gestas,

266 2388 669 2457 Prudentiam,
703 2385 1127 2453 fortitudinem,
1160 2384 1628 2455 temperantiam.

263 2478 597 2544 Justitiam,
622 2478 868 2548 ipsaque
898 2492 1016 2530 una
1045 2475 1416 2545 coujunctas.

267 2568 368 2623 Dei
404 2568 682 2622 mandata
712 2580 975 2633 servans,
1024 2581 1055 2619 ο
1088 2564 1427 2635 imperator,

266 2658 632 2721 Mansuetus,
668 2652 931 2722 humilis,
966 2669 1031 2707 ac
1066 2650 1253 2707 facilis
1284 2668 1519 2707 accessu
1552 2667 1637 2719 es,

267 2746 677 2815 Omnibusque
705 2748 759 2797 te
792 2740 1099 2796 monachis
1129 2740 1412 2810 expandis

267 2840 499 2905 Eosque
531 2830 825 2903 supremis
857 2829 1199 2885 muneribus
1231 2828 1405 2883 ditas.

270 2927 461 2988 Quare
494 2927 549 2978 te
580 2920 851 2975 Christus
885 2918 1071 2991 magis
1105 2917 1412 2989 magisque
1442 2921 1803 2973 remunerat.

269 3014 425 3069 Dum
458 3016 512 3066 te
528 3010 798 3082 protegit,
822 3012 1132 3078 servatque
1154 3007 1212 3062 in
1236 3006 1451 3079 pugnis
1474 3022 1607 3061 cum
1622 3005 1912 3072 hostibus,

272 3108 357 3156 Ac
386 3117 485 3156 eos
517 3100 715 3155 dexter
743 3097 851 3152 tibi
883 3096 1116 3167 penitus
1140 3095 1199 3149 in
1228 3095 1423 3166 fugam
1449 3094 1639 3150 vertit.

271 3191 557 3246 Ceterum
582 3188 639 3242 in
673 3185 1016 3242 memoriam
1048 3188 1413 3256 perpetuam,
1445 3200 1476 3239 ο
1509 3183 1848 3255 imperator,

273 3282 537 3337 Tuorum
571 3282 921 3349 tropaeorum
954 3274 1117 3329 nullo
1149 3278 1410 3346 tempore
1441 3271 1776 3340 delendam,

271 3370 518 3433 Domus,
550 3364 786 3436 templa,
820 3368 1073 3427 statuas,
1106 3363 1578 3433 moeniorumque
1611 3360 1763 3416 situs

273 3456 557 3530 Byzantii,
591 3456 650 3510 in
683 3471 869 3509 unum
902 3457 1169 3508 accurate
1201 3451 1466 3521 collecta,

270 3546 399 3600 Tibi
436 3544 627 3600 Alexio
658 3544 955 3600 Comneno
985 3540 1324 3613 imperatori
1360 3541 1558 3595 offero.

1937 1581 2231 1648 ΑΑΡΧΕΙ
2291 1587 2420 1635 ΣΥΝ
2477 1587 2608 1662 ΘΕῼ
2658 1586 2821 1662 ΑΓΙῼ
2878 1586 2972 1642 TA
3037 1588 3293 1645 ΗΔΤΡΙΑ
3348 1592 3489 1647 ΤΗΣ
3546 1596 3672 1650 ΠΟ-

2739 1640 2945 1714 Atei.

2092 1758 2157 1812 Ὦ
2189 1763 2307 1823 πῶς
2340 1758 2612 1833 μετῆλθες
2641 1760 2738 1825 τὰς
2764 1760 3141 1837 κεκρυμμένας
3169 1767 3374 1841 πάγας,

2020 1848 2126 1901 Καὶ
2161 1852 2279 1912 πῶς
2306 1854 2485 1927 σοφῶς
2519 1848 2714 1926 ἤγαγες
2744 1850 2907 1913 αὐτὰς
2940 1852 3017 1914 εἷς
3048 1854 3217 1929 φάοςί

2023 1935 2083 1992 Εἰ
2122 1937 2197 2009 μὴ
2227 1938 2336 2012 γὰρ
2368 1937 2527 2000 αὐτὸς
2558 1937 2616 1993 ἐκ
2645 1943 2779 1995 Θεοῦ
2811 1940 3160 1999 ἐπεσκέπτου.

2023 2023 2136 2081 Οὐκ
2164 2022 2223 2079 ἃν
2255 2024 2503 2089 καθεῖλες
2535 2025 2809 2101 δυσμενῶν
2843 2029 3033 2109 ὀφρῦν,
3069 2030 3255 2105 μὲδον.

2024 2114 2202 2189 Χώρει
2233 2116 2349 2169 κατ’
2379 2114 2556 2191 ἄκρων
2590 2118 2802 2193 ἀρεταῖς
2834 2119 3159 2193 ἐστεμμένος
3195 2142 3208 2154 ο

2023 2203 2213 2277 Ἔχεις
2241 2204 2343 2279 γὰρ
2376 2205 2539 2266 αὐτὰς
2569 2207 2968 2283 συμμαχούσας
3000 2231 3083 2264 σοι
3114 2212 3310 2281 πάλαι,

2024 2291 2241 2347 ’Όπλον
2272 2295 2524 2363 κραταιὸν
2559 2292 2694 2357 εἶδες
2724 2295 2775 2351 ἐν
2814 2298 3022 2372 μάχαις
3066 2299 3319 2375 [φέριιν.]

2029 2380 2328 2453 Φρόνησιν,
2363 2380 2606 2458 ἀνδρείαν
2636 2405 2715 2453 τε,
2746 2383 2835 2439 καί
2870 2388 3251 2463 σωφροσύνην,

2028 2470 2409 2541 Δικαιοσύνην,
2442 2475 2861 2549 συνεζευγμένας
2892 2475 3115 2547 ταύτας,

2028 2562 2160 2612 Θεοῦ
2190 2557 2477 2634 φυλάττων
2513 2559 2759 2631 ἐντολὰς,
2794 2564 3159 2641 αὐτοκράτορ,

2029 2647 2230 2719 Πραῦς,
2260 2647 2535 2719 ταπεινός,
2565 2650 2652 2705 καὶ
2683 2652 2927 2726 γαληνὸς
2959 2658 3266 2730 τυγχάνεις,

2029 2742 2312 2808 Συμπᾶσιν
2340 2735 2541 2801 ἁπλοῖς
2573 2740 2767 2795 σαυτὸν
2801 2748 2921 2804 τοῖς
2958 2746 3345 2818 μονοτρόποις,

2028 2824 2134 2879 Καὶ
2166 2823 2552 2885 πλουτοποιεῖς
2584 2824 2812 2903 δωρεαῖς
2841 2831 3182 2905 ὑπερτάτως,

1949 2936 1997 3000 Β
2026 2915 2185 2976 ’Όθεν
2220 2934 2276 2966 σε
2307 2915 2544 2987 Χριστὸς
2575 2913 2950 2989 ἀνταμείϐεται
2981 2918 3149 2976 πλέον

2029 3007 2274 3070 Σκέπων,
2311 3000 2595 3076 φυλάττων
2631 3005 2681 3059 ἐν
2716 3005 2916 3070 πάλαις
2950 3009 3229 3081 ἐναντίων,

2029 3092 2090 3147 T’
2125 3089 2318 3151 αὐτοὺς
2349 3093 2637 3165 τροπώσας
2669 3091 2839 3165 δεξιὸς
2869 3096 3213 3174 ὁλοτρόπως.

2030 3181 2273 3252 Μνήμην
2309 3177 2503 3235 λοιπὸν
2535 3180 2803 3240 ἄπαυστον
2838 3185 2888 3239 ἐν
2928 3187 3053 3262 βίῳ,
3087 3188 3231 3260 ἄναξ,

2029 3271 2149 3327 Τῶν
2183 3274 2287 3323 σῶν
2319 3271 2617 3345 τροπαίων,
2654 3274 2728 3344 μὴ
2768 3282 3122 3350 μαρανθεῖσαν
3156 3274 3364 3355 χρόνῳ.

2032 3357 2254 3427 Οἴκους,
2286 3359 2465 3427 ναοὺς,
2502 3360 2707 3431 στήλας
2734 3384 2815 3435 τε,
2844 3366 2935 3419 καὶ
2965 3372 3170 3442 τειχῶν
3202 3370 3395 3440 θέσεις,

2031 3449 2124 3509 Ἐς
2151 3447 2205 3503 ἓν
2239 3449 2477 3522 συνάψας
2510 3446 2748 3525 ἀκριϐῶς
2784 3454 3095 3527 Βυζαντίου,

2034 3533 2264 3608 Ἀλεξίῳ
2300 3533 2515 3607 μὲδοντι
2549 3545 2819 3613 Κομνηνῷ
2849 3542 3017 3618 φέρω.

836 3671 922 3723 De
950 3668 1210 3739 Byzantii
1246 3665 1559 3737 conditore,
1607 3663 1775 3739 deque
1804 3661 2049 3735 ejusdem
2080 3662 2231 3719 urbis
2268 3678 2554 3721 murorum
2582 3667 2694 3723 situ
2730 3671 2895 3741 atque
2921 3671 3123 3739 forma.

346 3777 663 3833 Sciendum
694 3779 805 3839 est,
836 3772 1176 3846 Byzantium
1227 3772 1492 3845 Byzantis
1529 3772 1684 3844 regis
1717 3772 1920 3828 urbem

277 3867 484 3933 fuisse,
526 3866 697 3935 cujus
719 3863 936 3935 palatia
963 3862 1021 3916 in
1049 3860 1319 3933 Acropoli
1343 3867 1529 3917 erant.
1552 3861 1660 3917 Ubi
1685 3866 1742 3917 et
1767 3860 1924 3916 Jovis

275 3953 568 4026 templum
601 3952 742 4008 olim
775 3951 1061 4020 exstabat,
1093 3966 1161 4004 ex
1190 3965 1305 4021 quo
1330 3955 1651 4022 supersunt
1673 3964 1926 4004 marmo-

276 4047 363 4102 rei
398 4045 649 4102 fornices
701 4042 1043 4115 ingentibus
1073 4039 1205 4095 fulti
1234 4039 1565 4109 columnis;
1619 4040 1716 4095 ubi
1746 4039 1922 4095 etiam

274 4134 439 4192 Jovis
472 4151 537 4190 ac
568 4131 807 4189 Saturni
837 4132 1007 4204 signa
1038 4129 1406 4202 reperiuntur
1440 4146 1453 4184 :
1480 4128 1689 4201 priscis
1711 4129 1926 4201 quippe

278 4240 412 4279 mos
442 4227 567 4278 erat
595 4222 655 4276 in
689 4221 926 4276 urbium
959 4219 1193 4275 arcibus
1219 4235 1357 4274 suas
1395 4219 1601 4273 domos
1632 4216 1718 4273 vel
1761 4217 1923 4289 pala-

276 4311 366 4366 tia
391 4317 708 4366 exstruere.
736 4309 856 4365 Sub
878 4311 1130 4378 Byzante
1152 4306 1353 4378 igitur,
1388 4306 1470 4361 uti
1511 4305 1804 4376 hodieque
1836 4305 1926 4360 in-

277 4399 538 4470 cipiebat
568 4414 775 4452 murus
807 4414 841 4451 a
872 4351 1019 4451 tquri
1052 4351 1419 4466 Acrgpoleos,
1460 4399 1517 4450 et
1548 4351 1828 4466 pergebat
1857 4394 1930 4448 ad
1962 4351 2004 4418 Ο

277 4487 495 4544 turrim
531 4502 716 4556 usque
744 4484 983 4555 Eugenii
1007 4500 1020 4538 :
1048 4484 1183 4537 inde
1211 4483 1567 4537 ascendebat
1596 4483 1666 4537 ad
1710 4483 1929 4538 Strate-

278 4578 561 4649 gium,et
617 4572 1104 4645 progrediebatur
1133 4572 1205 4625 ad
1262 4570 1558 4626 Achilleas
1618 4572 1930 4626 Thermas.

280 4664 549 4719 Porticus
579 4678 715 4717 vero
769 4660 981 4716 Urbicii
1032 4661 1210 4725 dicta,
1262 4674 1389 4730 quas
1450 4660 1666 4715 ibidem
1718 4665 1934 4726 exstat,

278 4756 451 4823 porta
482 4750 776 4806 terrestris
834 4749 1284 4820 Byzantinorum
1320 4752 1463 4802 erat.
1498 4748 1641 4803 Hinc
1673 4748 1730 4803 in
1763 4749 1935 4804 Chal-

279 4842 546 4911 copratia
580 4838 859 4894 tendebat
891 4853 1118 4905 murus,
1150 4840 1206 4891 et
1235 4850 1423 4907 usque
1456 4837 1528 4891 ad
1571 4836 1932 4902 Milliarium,

294 4929 405 4984 ubi
436 4927 626 4985 altera
655 4931 780 4983 erat
838 4931 1008 4998 porta
1055 4925 1369 4982 terrestris.
1420 4926 1561 4981 Inde
1590 4926 1940 4998 procedebat

281 5019 355 5073 ad
384 5015 611 5073 tortiles
642 5014 949 5071 columnas
973 5012 1528 5085 szcalariorum,et
1552 5015 1940 5071 descendebat

283 5110 354 5165 ad
388 5109 605 5179 Tepos,
638 5110 695 5162 et
751 5122 959 5161 rursus
1011 5105 1357 5160 deﬂectebat
1413 5119 1515 5176 per
1562 5105 1854 5176 Mangana
1883 5107 1941 5159 et

280 5198 572 5256 Thermas
603 5195 981 5263 Aroadianas,
1013 5198 1188 5266 atque
1218 5194 1301 5249 ita
1329 5194 1567 5249 demum
1610 5194 1939 5249 reverteba-

281 5293 382 5343 tur
412 5287 472 5341 in
506 5284 862 5357 Acropolim.
896 5284 1079 5339 Totus
1112 5288 1307 5338 autem
1342 5299 1562 5338 munus
1603 5281 1809 5353 viginti
1846 5297 1937 5337 se-

280 5381 443 5447 ptem
476 5373 740 5429 turribus
768 5373 1098 5428 instructus
1128 5376 1272 5429 erat.
1309 5375 1440 5427 Huic
1471 5371 1655 5443 igitur
1682 5375 1809 5427 erat
1841 5386 1938 5425 ur-

283 5471 379 5527 bis
412 5470 608 5525 forma
637 5469 748 5526 sub
779 5468 1043 5540 Byzante.

2108 3770 2230 3844 Χρή
2286 3769 2567 3843 γινώσκειν
2628 3772 2711 3828 ὅτι
2762 3773 2825 3827 τὸ
2886 3776 3172 3844 Βυζάντιον
3219 3776 3386 3841 πόλις
3442 3781 3508 3849 ἦν
3567 3784 3685 3839 τοῦ.

2036 3855 2308 3925 Βύζαντος
2367 3859 2653 3932 βασιλέως,
2686 3862 2850 3937 οὗπερ
2899 3864 2967 3917 τὰ
3022 3862 3262 3920 παλάτια
3317 3867 3451 3936 ἦσαν
3511 3867 3564 3923 ἐν
3622 3872 3689 3942 τῇ

2038 3946 2389 4019 Ἀκροπόλει.
2444 3949 2504 4004 Ὀ
2564 3946 2621 4003 δὲ
2678 3948 2729 4004 ἐν
2791 3950 2925 4016 αὐτῆ
2986 3954 3114 4015 ναὸς
3167 3955 3383 4031 ὑπῆρχε
3430 3956 3691 4032 πρότερον

2036 4039 2132 4089 τοῦ
2192 4037 2338 4103 Διὸς,
2373 4035 2423 4109 ἐξ
2479 4039 2541 4091 οὗ
2601 4032 2718 4114 ἔχει
2774 4042 2870 4102 τὰς
2921 4044 3303 4119 μαρμαρίνους
3348 4044 3546 4120 ἀψίδας
3601 4046 3696 4109 τὰς

2037 4122 2263 4197 ὕπερθεν
2321 4130 2429 4179 τῶν
2493 4125 2749 4202 μεγάλων
2808 4129 3030 4199 κιόνων,
3088 4132 3139 4185 οἶ
3222 4133 3528 4209 ὑπάρχουσι
3598 4138 3694 4190 τοῦ

2042 4212 2165 4274 Διὸς
2221 4212 2309 4266 καὶ
2356 4218 2454 4267 τοῦ
2505 4215 2710 4290 Κρόνου
2755 4218 2809 4270 αἱ
2858 4217 3053 4286 στῆλαι
3093 4237 3104 4249 '
3157 4216 3228 4273 δι’
3258 4219 3330 4275 ὦν
3383 4219 3528 4296 ἔχειν
3578 4218 3697 4286 ἔθος

2038 4307 2155 4362 τοῖς
2201 4298 2462 4363 παλαιοῖς
2513 4302 2589 4363 εἷς
2635 4304 2732 4365 τὰς
2784 4304 3113 4378 ἀκροπόλεις
3163 4306 3363 4377 κτίζειν
3417 4310 3514 4371 τὰς
3572 4310 3692 4365 ἰαυ-

2038 4393 2146 4443 τῶν
2182 4389 2377 4458 οἷ’κίας,
2409 4388 2534 4459 ἤτοι
2566 4393 2633 4444 τὰ
2672 4390 2931 4450 παλάτια.
2967 4400 3209 4470 ’Ἡρχιτο
3265 4393 3321 4451 δὲ
3374 4398 3435 4452 τὸ
3485 4404 3694 4474 τεῖχος,

2040 4479 2179 4532 καθὰ
2235 4476 2324 4532 γαί
2378 4482 2486 4549 νῦν,
2548 4479 2635 4535 ἐπὶ
2701 4486 2796 4537 τοῦ
2852 4482 3122 4551 Βύζαντος
3175 4486 3282 4541 ἀπὸ
3336 4490 3432 4542 τοῦ
3489 4489 3697 4563 πύργου

2040 4573 2140 4635 τῆς
2183 4567 2594 4639 Ἀκροπόλεως,
2640 4569 2729 4623 καὶ
2786 4568 3048 4647 διήρχετο
3097 4572 3173 4635 εἷς
3221 4575 3314 4629 τὸν
3371 4580 3469 4631 τοῦ
3524 4578 3697 4653 Εὐγε-

2041 4654 2161 4711 νίου
2216 4654 2444 4729 πύργον,
2503 4657 2592 4710 καὶ
2655 4654 2901 4714 ἀνέϐαινε
2962 4662 3128 4736 μέχρι
3185 4663 3279 4716 τοῦ
3335 4670 3699 4741 Στρατηγίου,

2045 4743 2134 4797 καὶ
2194 4741 2401 4819 ἤρχετο
2456 4744 2535 4807 εἷς
2591 4747 2653 4800 τὸ
2710 4752 2805 4801 τοῦ
2864 4747 3177 4823 Ἀχιλλέως
3237 4748 3489 4829 λουτρόν.
3521 4756 3583 4811 Ἠ
3643 4753 3700 4810 δὶ

2047 4831 2216 4886 ἐκεῖσε
2270 4833 2419 4906 ἁψὶς,
2469 4836 2502 4903 ἡ
2564 4833 2839 4910 λεγομένη
2887 4842 2984 4891 τοῦ
3053 4835 3579 4919 Ούρϐικίου,πόρτα
3636 4844 3702 4913 ἦν

2049 4926 2280 4996 χερσαῖα
2333 4926 2440 4975 τῶν
2494 4923 2820 4997 Βυζαντίων,
2868 4926 2957 4981 καὶ
3010 4923 3285 4984 ἀνέϐαινεν
3329 4929 3407 4994 εἷς
3452 4932 3519 4986 τὰ
3555 4931 3703 4988 Χαλ-

2048 5014 2348 5082 κοπρατεῖα
2376 5010 2438 5064 τὸ
2465 5017 2652 5088 τεῖχος
2697 5009 2802 5077 ἕως
2843 5018 2942 5070 τοῦ
2986 5013 3283 5092 λεγομένου
3341 5017 3568 5075 Μιλίου.
3602 5022 3701 5077 Ἠν

2051 5095 2108 5152 δὲ
2152 5098 2367 5153 κάκεῖσε
2412 5098 2586 5175 πόρτα
2633 5106 2741 5156 τῶν
2793 5104 3096 5173 Βυζαντίων
3153 5111 3381 5181 χερσαῖα
3409 5124 3422 5138 ⁸
3476 5106 3567 5161 καὶ
3621 5104 3702 5160 δι-

2050 5188 2260 5260 ήρχετο
2306 5185 2381 5249 εἷς
2426 5187 2553 5250 τοὺς
2593 5187 2861 5253 πλεκτοὺς
2910 5192 3093 5256 κίονας
3134 5197 3241 5249 τῶν
3288 5191 3702 5268 Τζυκαλαρίων,

2050 5275 2136 5328 καὶ
2198 5270 2508 5330 κατέϐαινεν
2564 5277 2640 5339 εἷς
2697 5279 2935 5353 Τόπους,
2990 5280 3078 5335 καὶ
3156 5279 3473 5352 ἀπέκαμπτι
3535 5281 3702 5339 πάλιν

2053 5358 2142 5450 διὰ
2194 5366 2297 5415 τῶν
2361 5363 2666 5440 Μαγγάνων
2740 5369 2829 5422 καὶ
2889 5365 3277 5442 Ἀρκαδιανῶν,
3331 5369 3422 5425 καὶ
3481 5367 3703 5450 ἔφθασεν

2054 5447 2132 5513 εἷς
2159 5450 2258 5517 τὴν
2292 5452 2645 5527 Ἀκρόπολιν.
2680 5457 2812 5530 Εἶχε
2862 5454 2919 5511 δὶ
2973 5455 3216 5532 πύργους
3263 5458 3326 5513 τὸ
3357 5458 3487 5516 ὅλον
3519 5447 3709 5536 τεῖχος

2054 5538 2381 5597 εἴκοσιιπτά.
2417 5543 2519 5598 Καὶ
2548 5542 2774 5613 τοιαύτη
2813 5545 2905 5618 μὶν
2939 5545 3006 5614 ἧν
3055 5546 3090 5614 ἠ
3140 5544 3229 5601 ἐπὶ
3283 5552 3381 5603 τοῦ
3428 5550 3702 5620 Βύζαντος

2056 5646 2166 5701 σχη
2178 5630 2523 5707 ματογραφία
2550 5636 2650 5700 τῆς
2679 5630 2917 5694 πόλεως.
