4060 6214
420 255 570 314 1191
653 241 656 243 ‘

1377 249 1772 310 APPENDIX
1813 251 1914 309 AD
1963 248 2426 310 MICHAELEM
2468 250 2865 314 PSELLUM.

3675 260 3829 320 1192

430 387 493 442 Ἡ
530 382 588 439 δὲ
638 381 793 462 ὲτέρα
837 380 1337 463 σχηματογραφίαζ
1355 383 1416 450 ἣν
1464 380 1787 437 συντέθεικεν
1835 383 1862 436 6
1913 382 2046 457 μέγα

2190 382 2380 439 Altera
2440 385 2596 441 urbis
2642 402 2676 441 a
2725 387 3084 463 _Co_nstantino
3139 385 3330 463 usu
3373 389 3552 446 aliam
3596 394 3832 463 formam

1029 459 1450 516 Κωνσταντῖνος.

477 565 793 642 Προσέθηκε
821 563 1000 618 τοίνυν
1032 563 1094 616 τὸ
1125 567 1312 637 τεῖχος
1343 561 1447 616 ἀπὸ
1502 565 1599 615 τοῦ
1658 559 1919 633 Εὖγενίου
1973 558 2066 632 μὲ-

405 675 503 732 χρι
561 659 658 710 τοῦ
708 654 892 728 Ἀγίου
935 651 1250 717 Ἀντωνίου,
1284 650 1388 704 ἀπὸ
1449 648 1507 704 δὲ
1563 650 1670 704 τῶν
1713 649 1902 704 Τόπων
1959 646 2065 710 ’ἕως

401 753 506 814 τῆς
547 744 732 820 Ἀγίας
765 742 1032 798 Θεοτόκου
1081 747 1180 810 τῆς
1223 734 1471 808 Ῥάϐδου,
1511 740 1601 794 καὶ
1657 734 1934 794 ἀνέϐαινεν
1989 736 2067 800 εἷς

399 835 462 889 τὸ
509 833 872 904 Ἐξωκιόνιον,
923 831 1009 885 καὶ
1079 831 1140 884 τὸ
1211 833 1467 902 χερσαῖον
1531 833 1742 904 τεῖχος,
1803 827 1908 882 ἀπὸ
1969 831 2064 881 τοῦ

401 921 611 980 Μιλίου
642 943 654 956 ο
689 923 776 976 καὶ
814 918 1020 996 ἤρχετο
1057 919 1223 994 μέχρι
1257 925 1359 986 τῆς
1407 914 1644 980 παλαιᾶς
1703 917 1912 993 πόρτης
1967 921 2064 971 τοῦ

403 1009 754 1086 Προδρόμου,
787 1010 1003 1078 καὶτῆς
1040 1015 1211 1082 μονῆς
1241 1011 1338 1062 τοῦ
1370 1005 1494 1061 Δίου
1526 1008 1616 1061 καὶ
1657 1015 1754 1076 τῆς
1788 1006 2062 1079 Είκασίας,

397 1101 486 1155 καὶ
533 1099 796 1175 διήρχετο
852 1118 1015 1173 μιχρι
1070 1103 1168 1167 τῆς
1222 1098 1428 1165 Βώνου,
1471 1097 1559 1152 καὶ
1609 1095 1686 1158 εἷς
1728 1097 1819 1150 τὸν
1870 1099 2060 1172 ’Ἄγιον

395 1187 684 1259 Μανουήλ,
721 1182 901 1243 Σαϐἶελ
932 1188 1023 1242 καὶ
1056 1186 1312 1261 Ἰσμαῄλ,
1346 1185 1396 1240 ἐν
1427 1187 1472 1258 ᾦ
1515 1182 1670 1258 τόπῳ
1726 1183 2060 1261 ἆνῃρέθησαν

398 1280 548 1333 οὗτοι
597 1278 647 1333 οἱ
701 1278 848 1352 ἅγιοι
885 1297 897 1309 ·
932 1275 1024 1330 καὶ
1077 1273 1344 1350 διήρχετο
1396 1274 1471 1336 εἰς
1515 1276 1581 1329 τὰ
1623 1273 1941 1349 Ἀρματίου,
1972 1273 2062 1327 καὶ

403 1368 572 1442 μέχρι
603 1371 700 1422 τοῦ
729 1365 922 1441 Ἀγίου
951 1363 1267 1434 Ἀντωνίου,
1293 1364 1382 1418 καὶ
1415 1359 1656 1436 ἔκαμπτε
1689 1362 1766 1424 εἷς
1814 1362 1903 1418 τὸν
1961 1367 2063 1417 τοῦ

402 1455 681 1532 Εὖγενίου.
719 1458 980 1531 Διήρκεσε
1012 1451 1068 1508 δὲ
1096 1452 1159 1508 τὸ
1189 1458 1376 1528 τεῖχος
1410 1449 1500 1524 ἔτη
1546 1452 1688 1529 ρλβ’,
1723 1449 1852 1507 δέκα
1907 1453 2062 1527 βασι-

393 1542 531 1600 λέων
566 1543 1175 1621 αὖτοκρατορησάντων.
1211 1542 1359 1613 Αὕτη
1409 1546 1506 1597 τοῦ
1556 1539 1814 1618 Μεγάλου
1876 1543 2063 1597 Κωνσ-

395 1634 644 1689 ταντίνου
675 1635 709 1703 ἡ
743 1653 850 1708 σχη
865 1633 1230 1710 ματογραφία.

2704 457 2953 514 deductae
2991 458 3317 529 descriptio.

2250 563 2490 619 Addidit
2519 563 2700 636 igitur
2739 581 2978 620 murum
3026 565 3098 620 ab
3146 565 3389 636 Eugenii
3449 569 3596 624 turri
3648 572 3724 626 ad
3768 574 3828 629 S.

2173 651 2493 708 Antonium
2555 669 2763 726 usque,
2813 658 2872 709 et
2925 670 2958 708 a
3014 653 3193 725 Topis
3243 656 3314 710 ad
3375 657 3432 712 S.
3495 657 3596 714 Dei
3653 661 3826 716 Geui-

2173 740 2378 796 tricem
2414 741 2644 798 Rhabdi
2676 742 2929 810 dictam;
2966 759 3296 815 murusque
3344 748 3643 804 terrestris
3694 766 3824 820 pro-

2172 832 2378 884 tensus
2409 835 2498 885 est
2528 848 2562 886 a
2591 829 2864 886 Milliario
2890 832 2961 886 ad
2987 831 3425 900 Hexocionium,
3459 839 3518 890 et
3547 839 3825 910 pergebat

2175 919 2246 973 ad
2275 923 2526 974 veterem
2580 919 2965 976 Prtecursoris
3016 925 3268 992 portam,
3300 926 3357 976 et
3409 924 3481 979 ad
3532 931 3826 984 monaste-

2174 1007 2329 1062 rium
2361 1007 2448 1062 Dii
2469 1012 2525 1064 et
2551 1009 2748 1064 [casiae
2774 1026 2786 1064 :
2813 1009 2948 1064 inde
2971 1009 3250 1066 tendebat
3280 1026 3466 1083 usque
3496 1014 3570 1069 ad
3602 1015 3826 1072 Cister-

2174 1113 2311 1151 nam
2344 1097 2510 1168 Boni,
2541 1102 2598 1153 et
2619 1099 2691 1154 ad
2725 1098 2975 1154 Sanctoe
2998 1098 3255 1166 Manuel,
3280 1100 3452 1156 Sabel
3491 1119 3557 1157 ac
3588 1102 3823 1175 Iemael,

2173 1185 2273 1240 ubi
2305 1185 2416 1257 ipsi
2438 1187 2627 1242 sancti
2659 1187 2839 1243 occisi
2871 1187 3068 1243 fuere:
3104 1187 3242 1244 hinc
3291 1190 3568 1262 vergebat
3617 1193 3690 1247 ad
3743 1193 3828 1248 lo-

2173 1291 2304 1329 cum
2355 1276 2642 1331 Harmatii
2692 1279 3122 1348 nuncupatum;
3173 1281 3232 1332 et
3277 1278 3349 1333 ad
3401 1279 3461 1335 S.
3494 1281 3824 1338 Antonium

2174 1380 2378 1435 usque,
2413 1364 2873 1437 deflectebatque
2904 1366 2975 1421 ad
3021 1365 3266 1436 Eugenii
3299 1367 3529 1423 turrim.
3585 1369 3830 1426 Duravit

2174 1458 2370 1509 autem
2397 1453 2493 1508 hic
2527 1470 2736 1510 murus
2766 1471 2952 1510 annos
2999 1471 3213 1521 cxxxu,
3254 1455 3457 1512 decem
3501 1457 3826 1531 imperato-

2172 1559 2303 1597 rum
2336 1546 2619 1615 tempore.
2652 1543 2905 1610 Haacest
2937 1543 3103 1600 urbis
3136 1543 3324 1600 forma
3371 1546 3482 1601 sub
3532 1546 3825 1604 Constan-

2172 1629 2297 1685 tino
2328 1631 2560 1703 Magno.

518 1755 633 1823 Quo
662 1769 808 1810 anno
835 1754 965 1808 urbs
997 1750 1498 1822 Constantinopolis
1527 1758 1700 1822 capta
1729 1750 1805 1805 sit
1833 1750 2118 1820 mdiﬁcari,
2151 1765 2321 1821 quove
2338 1765 2523 1806 mense
2539 1750 2815 1806 celebrata
2837 1752 2952 1806 sint
2971 1750 3214 1823 ejusdem
3235 1752 3390 1809 urbis
3406 1754 3668 1810 enownia.

463 1863 595 1938 Χρή
659 1859 716 1916 δὲ
765 1859 964 1916 εὶδέναι
1017 1862 1122 1931 ὅτι,
1153 1861 1231 1932 τῷ
1278 1857 1814 1934 πεντακισχιλιοστῷ
1843 1857 2050 1913 ὀκτακοι

2245 1859 2557 1915 Sciendum
2597 1863 2708 1928 est,
2742 1877 2894 1917 anno
2918 1860 3124 1916 mundi
3156 1860 3473 1934 quinquies
3503 1861 3826 1920 millesimo

401 1955 602 2021 σιοστῷ
631 1970 938 2024 τριακοστῳ
968 1951 1207 2023 τετάρτῳ
1239 1947 1342 2003 ἔτει
1373 1952 1468 2002 τοῦ
1501 1949 1737 2022 κόσμου,
1764 1953 1842 2020 τῷ
1891 1948 2060 2024 τρίτῳ

401 2037 531 2109 μηνὶ
561 2044 662 2107 τῆς
701 2036 1155 2114 κρισκαιόεκάτης
1203 2037 1597 2110 ἐπινεμήσεως,
1632 2035 1684 2090 ἐν
1737 2036 1919 2112 ἡμέρᾳ
1973 2058 2058 2091 τε-

400 2126 569 2201 τάρτῃ
597 2132 694 2182 τοῦ
726 2123 1038 2202 Νοεμϐρίου
1074 2127 1266 2199 μηνὸς,
1299 2123 1452 2188 ὄντος
1509 2130 1604 2180 τοῦ
1661 2124 1826 2195 ἡλίου
1880 2125 1956 2187 εἷς
1995 2125 2056 2180 τὸ

395 2213 492 2270 τοῦ
550 2212 780 2288 Τοξότου
823 2213 1050 2286 ξώδιον·
1087 2215 1393 2291 ὡροσκόπει
1452 2215 1554 2292 γὰρ
1613 2220 1918 2291 Καρκῖνος⁰
1979 2220 2058 2288 τῷ

395 2304 600 2380 πρώτῳ
657 2298 761 2359 ἔτει
811 2311 910 2374 τῆς
971 2301 1356 2374 διακοσιοστῆς
1422 2299 1841 2376 ἑϐδομηκοστῆς
1894 2301 2057 2374 ἕκτης

394 2391 797 2466 Ὀλυμπιάδος,
846 2393 1111 2465 ἐπήξαντο
1155 2393 1282 2456 τοὺς
1333 2392 1619 2467 θεμελίους
1667 2398 1775 2448 τῶν
1821 2391 2055 2448 δυτικῖυν

387 2487 593 2558 τειχῶν
622 2490 723 2554 τῆς
756 2483 1388 2546 Κωνσταντινουπόλεως
1420 2502 1432 2515 ³
1465 2484 1548 2538 καὶ
1611 2483 1662 2538 ἐν
1720 2481 1870 2537 ἐννέα
1918 2483 2056 2556 μησὶ

389 2571 453 2626 τό
484 2593 542 2626 τε
573 2578 826 2649 χερσαῖον
879 2593 968 2628 και
1018 2572 1286 2648 παράλιον
1335 2578 1542 2648 τεῖχος,
1599 2573 1733 2644 μετὰ
1782 2571 2052 2627 πλείστων

395 2657 885 2734 οἰκοδομημάτων,
912 2666 1019 2716 τῶν
1073 2660 1125 2715 ἐν
1169 2665 1238 2734 τῇ
1289 2659 1448 2714 πόλει
1512 2657 1860 2732 δομηθέντων
1917 2661 2054 2714 ἀπα·

399 2749 697 2825 ρτίσαντες,
725 2754 794 2824 τῇ
846 2752 912 2804 ια’
942 2754 1037 2804 τοῦ
1096 2749 1278 2806 Μαΐου
1333 2749 1527 2822 μηνὸς,
1559 2749 1626 2804 τὰ
1679 2749 1916 2826 ἐγκαίνια
1954 2755 2055 2820 τῆς

395 2837 615 2901 πόλεως
671 2838 877 2917 γέγονε,
937 2837 1027 2894 καὶ
1112 2839 1531 2915 προσηγορεύθη
1616 2839 2052 2894 Κωνσταντινοῦ-

400 2926 586 2990 πολις.

2175 1948 2664 2020 octingentesimo
2724 1949 3020 2006 tricesimo
3080 1954 3328 2021 quarto,
3384 1950 3558 2007 tertio
3619 1967 3830 2008 mense

2172 2037 2632 2108 quartadecima:
2677 2037 3046 2103 Indiclionis,
3101 2037 3412 2095 Novembri
3456 2057 3679 2111 mense,
3726 2041 3827 2097 die

2170 2130 2397 2197 quarta,
2433 2142 2568 2182 cum
2619 2125 2707 2182 sol
2757 2127 2816 2182 in
2877 2125 3178 2199 Sagittarii
3236 2127 3406 2200 signo
3458 2133 3826 2196 versaretur,

2167 2215 2389 2271 Cancro
2418 2215 2868 2288 horoscopante,
2901 2216 3091 2288 primo
3143 2233 3299 2271 anno
3344 2234 3586 2273 ccnxxvx
3625 2217 3832 2290 Olym-

2167 2303 2383 2377 piadis,
2417 2305 2802 2361 fundamenta
2833 2300 3138 2361 murorum
3171 2305 3629 2362 occidentalium
3661 2307 3816 2363 Con-

2167 2393 2631 2466 stantinopoleos
2659 2395 2822 2466 jacta
2853 2395 3038 2451 fuisse
3074 2412 3088 2452 :
3121 2411 3375 2467 cumque
3405 2411 3614 2452 novem
3647 2413 3820 2453 men-

2163 2484 2348 2554 sibus,
2383 2484 2748 2540 maritimum
2778 2488 2837 2540 et
2865 2488 3200 2541 terrestrem
3224 2501 3489 2557 murum,
3515 2501 3653 2541 cum
3687 2487 3824 2543 aliis

2165 2573 2406 2629 urbanis
2426 2573 2685 2630 aediﬁciis
2717 2573 3132 2646 absolvissent,
3162 2576 3484 2633 undecemo
3515 2576 3675 2644 Maii,
3709 2593 3819 2632 en-

2165 2663 2346 2718 caenia
2375 2662 2538 2719 urbis
2568 2663 2858 2721 celebrata
2886 2681 3039 2732 esse,
3069 2665 3238 2738 eique
3269 2665 3814 2738 Constantinopolis

2164 2766 2375 2808 nomen
2414 2752 2790 2824 impositum.

387 3048 466 3102 De
495 3049 682 3104 statua
709 3046 1057 3104 Constantini
1083 3050 1151 3105 Μ.
1185 3066 1304 3120 quae
1333 3049 1422 3105 die
1441 3050 1594 3106 urbis
1613 3049 1800 3106 natali
1828 3051 1889 3106 in
1928 3046 2358 3120 Hippodromum
2399 3047 2786 3106 deducebatur.
2820 3049 2896 3104 De
2923 3050 2994 3105 iis
3023 3051 3122 3120 qui
3149 3064 3264 3105 una
3291 3064 3416 3104 cum
3446 3047 3815 3107 Constantino

715 3121 907 3176 urbem
962 3122 1065 3178 ΟΡ.
1092 3119 1483 3192 aediﬁcarunt;
1512 3139 1578 3178 ac
1609 3123 1680 3178 de
1717 3119 2015 3194 praecipuis
2033 3119 2302 3191 aediﬁciis
2338 3120 2405 3176 ab
2435 3121 2621 3177 eodem
2652 3123 2890 3193 Augusto
2919 3123 2980 3176 in
3003 3119 3138 3176 urbe
3162 3122 3443 3178 excitatis.

466 3223 589 3281 Ἐπὶ
636 3221 694 3279 δὲ
741 3229 809 3300 τῇ
855 3231 962 3281 τῶν
1017 3227 1293 3303 ἐγκαινίων
1348 3225 1529 3304 ἡμέρᾳ
1572 3227 1892 3303 προσέταξεν
1953 3225 2040 3282 ἐπὶ

2225 3226 2546 3285 Constituit
2573 3233 2772 3286 autem
2795 3232 2872 3285 ut
2902 3227 3293 3301 imposterum
3342 3229 3662 3300 quotannis
3715 3230 3815 3287 die

389 3312 516 3375 τοὺς
578 3311 768 3392 ἐφεξῆς
830 3316 1087 3390 χρόνους,
1141 3317 1239 3385 τὴν
1313 3316 1475 3372 αὐτοῦ
1530 3315 1739 3388 στήλην
1795 3318 2038 3392 ὁρᾶσθαι,

393 3402 526 3475 μετᾶ
606 3409 705 3472 τῆς
791 3402 1098 3478 εἶθισμένης
1179 3409 1369 3480 τιμῆς,
1424 3407 1672 3462 Ἱππικοῦ
1748 3406 2040 3482 ἀγομένου,

386 3495 503 3552 τοῖς
551 3493 687 3546 κατὰ
732 3493 918 3568 καιρὸν
976 3494 1380 3570 βασιλεύουσιν,
1423 3490 1592 3550 ὄντων
1639 3495 1728 3551 καὶ
1777 3499 1884 3550 τῶν
1942 3492 2039 3566 δη-

392 3584 597 3653 μοτῶν⁷
631 3583 718 3636 καὶ
782 3581 1105 3658 ἀνέρχεσθαι
1167 3585 1331 3661 μέχρι
1385 3589 1481 3639 τοῦ
1529 3584 1819 3659 στάματος.
1869 3588 2044 3640 Ταῦτα

388 3667 641 3742 ἐπράχθη
674 3673 752 3740 τῷ
805 3668 1095 3744 δωδεκάτῳ
1147 3670 1250 3727 ἔτει
1299 3680 1400 3742 τῆς
1466 3673 1738 3746 βασιλείας
1794 3677 1890 3728 τοῦ
1932 3679 2040 3728 Με-

389 3755 563 3832 γάλου
640 3759 1075 3827 Κωνσταντίνου,
1127 3761 1582 3835 συμπραττόντων
1643 3764 1728 3816 καὶ
1793 3759 2041 3817 συνευδο-

388 3843 628 3898 κούντων
675 3845 751 3907 εἷς
799 3848 900 3916 τήν
946 3846 1247 3921 οἰκοδομὴν
1292 3856 1392 3918 τῆς
1444 3852 1847 3927 Θεοφρουρήτου
1893 3853 2042 3907 Κων-

390 3933 936 3996 σταντινουπόλεως’
999 3935 1254 4014 Εὐφρατᾶ
1306 3935 1365 3992 τέ
1432 3959 1574 4014 φημι
1631 3943 1728 3993 τοῦ
1781 3959 2042 4015 παρακοι-

389 4019 649 4095 μωμένου
707 4024 796 4077 καὶ
852 4023 1172 4100 Οὐροικίου,
1227 4027 1314 4081 καὶ
1376 4024 1666 4101 Ὀλυϐρίου
1723 4033 1820 4084 τοῦ
1877 4050 2044 4106 πραι-

386 4110 633 4179 ποσίτου,
687 4109 968 4187 Ἰσιδώρου
1053 4114 1143 4168 καὶ
1215 4115 1573 4193 Εὖστοργίου,
1654 4117 1744 4172 καὶ
1811 4116 2039 4194 Μιχαὴλ

385 4196 911 4278 πρωτοδεστιαρίου,
971 4203 1299 4281 ἀμφοτέρων
1374 4206 1693 4282 πατρικίων,
1753 4207 1842 4261 καὶ
1900 4209 2044 4264 Ὀνο-

384 4290 609 4365 ταρσίου
641 4290 908 4367 ἐπάρχου,
941 4293 1119 4357 καθὼς
1166 4294 1470 4371 ἱστοροῦσιν
1521 4295 1552 4351 6'
1596 4317 1655 4351 τε
1705 4296 2042 4372 Εὐτυχιανὸς

385 4381 767 4454 γραμματικὸς
829 4381 856 4434 6
914 4390 1414 4458 προτοασηκρῆτις,
1475 4385 1566 4439 καὶ
1638 4386 1666 4439 6
1750 4387 2044 4461 συμπαρὼν

383 4471 463 4537 τῷ
514 4462 801 4542 παραϐάτῃ
857 4468 1144 4543 Ἰουλιανῷ
1205 4471 1255 4525 ἐν
1309 4472 1552 4547 Περσίδι,
1602 4474 1909 4548 Εὐτρόπιὸς
1963 4495 2044 4535 τις

386 4556 414 4609 6
493 4555 758 4631 σοφιστὴς
859 4558 950 4611 καὶ
1042 4557 1508 4639 ἐπιστολογράφος
1591 4564 1998 4619 Κωνσταντίνου
2028 4609 2040 4633 ,
2074 4603 2121 4668 D

386 4641 642 4668 m-.'.-.-\__
705 4645 722 4668 ι
797 4645 967 4668 ςικηγ
1039 4648 1053 4668 1
1184 4646 1287 4668 \\\
1379 4650 1392 4668 θ
1492 4652 1505 4668 ε
1603 4650 1626 4668 κ
1734 4651 1746 4668 ρ
2023 4655 2035 4668 ς

385 4641 642 4714 Τρωΐλος
701 4645 728 4697 6
790 4645 996 4722 ῥήτωρ,
1032 4648 1060 4701 6
1108 4646 1324 4713 πολλὰς
1368 4650 1544 4726 ἀρχὰς
1599 4650 1848 4715 διανύσας
1912 4655 2046 4725 μετὰ

388 4727 574 4800 δόξης,
633 4732 723 4786 καὶ
783 4732 1046 4809 Ἡσῦχιος
1099 4736 1125 4790 6
1179 4738 1548 4816 ταχυγράφος.
1609 4741 1772 4798 Οὗτοι
1849 4745 2042 4804 πάντες

391 4819 573 4881 θεαταὶ
630 4821 720 4875 καὶ
781 4822 1088 4897 συνίστορες
1140 4827 1392 4901 γεγόνασι
1453 4833 1558 4882 τῶν
1610 4830 1733 4884 τότε
1772 4832 2044 4906 πραχθέν·

383 4927 492 4961 των
553 4905 813 4984 ἀκριϐῶς.
850 4913 935 4966 Ἐν
989 4910 1045 4966 δὲ
1093 4918 1172 4986 τῷ
1223 4913 1515 4990 δωδεκάτῳ
1555 4913 1659 4973 ἔτει
1725 4905 1825 4988 τῆς
1883 4905 2044 4975 αὖτοῦ

391 4995 674 5072 βασιλείας
727 4998 1006 5071 ἐποίησεν,
1055 5001 1128 5064 ὠς
1190 5002 1425 5080 εἷ’ρηται,
1491 5005 1709 5080 μείζονα
1783 5010 1878 5078 τὴν
1939 5009 2046 5066 Βύ-

389 5089 579 5154 ζαντος
629 5084 794 5141 πόλιν
832 5105 844 5120 ·
900 5082 1075 5144 ἔκτισε
1132 5088 1188 5146 δὲ
1234 5093 1323 5146 καὶ
1379 5095 1447 5149 τὰ
1511 5095 1768 5169 παλάτια,
1818 5098 1884 5152 τὰ
1939 5098 2043 5152 ἀπό

381 5195 439 5229 τε
510 5182 609 5245 τῆς
686 5175 932 5249 Χαλκῆς,
989 5179 1078 5232 καὶ
1161 5185 1267 5235 τῶν
1330 5181 1705 5254 Ἐξκουόίτων,
1777 5186 1863 5241 καὶ
1935 5191 2040 5242 τῶν

389 5261 668 5336 Σχολῶν’
729 5265 819 5318 καὶ
878 5266 1002 5321 ναὸν
1063 5269 1343 5345 ἀνήγειρεν
1422 5273 1592 5327 ἐκεῖσε
1660 5279 1765 5328 τῶν
1843 5277 2042 5351 Ἀγίων

387 5349 762 5421 Ἀποστόλων,
793 5355 887 5408 καὶ
941 5355 1040 5424 τὴν
1095 5355 1257 5411 ϐόλον
1301 5365 1402 5428 τῆς
1438 5358 1840 5438 Ἑπταλύχνου,
1873 5349 1928 5432 ἡὴ
1956 5365 2044 5418 καὶ

396 5436 562 5513 μέχρι
608 5443 706 5493 τοῦ
751 5445 842 5494 νῦν
905 5445 1135 5512 σώζεται
1186 5442 1379 5500 ἔσωθεν
1432 5453 1540 5501 τῶν
1613 5448 1848 5524 Σχολῶν
1884 5469 1897 5482 ·
1956 5451 2043 5506 καὶ

381 5529 443 5582 τὸ
481 5522 874 5601 Τριϐουνάλιον
923 5533 1012 5587 καὶ
1063 5533 1127 5587 τὰ
1177 5536 1267 5587 νῦν
1333 5535 1710 5612 ὀνομαζόμενα
1762 5538 2022 5616 Νούμερα

2151 3316 2316 3372 urbis
2347 3317 2552 3390 natali,
2586 3322 2784 3376 statua
2814 3318 3003 3391 ipsius
3025 3334 3162 3374 cum
3185 3317 3355 3375 solito
3381 3318 3626 3390 honore,
3651 3318 3813 3377 ludis

2150 3408 2533 3481 circensibus,
2554 3409 2894 3482 imperatori
2915 3409 3250 3483 populoque
3271 3411 3341 3466 ad
3370 3409 3636 3466 tribunal
3658 3411 3808 3483 Hip-

2150 3498 2417 3570 podromi
2452 3500 2771 3570 spectanda
2791 3503 3234 3572 praponeretur.
3267 3499 3397 3554 Hac
3445 3499 3801 3556 duodecimo

2151 3601 2306 3640 anno
2337 3584 2568 3657 imperii
2602 3586 2971 3642 Constantini
3011 3585 3209 3660 Magni
3250 3587 3405 3643 facta
3435 3590 3595 3655 sunt,
3633 3587 3806 3658 adju-

2149 3673 2424 3731 vantibus
2468 3674 2531 3730 in
2587 3679 2886 3732 structura
2936 3674 3548 3748 Constantinopoleos,
3594 3674 3799 3733 divino

2151 3763 2424 3835 praesidio
2456 3763 2719 3833 munitae,
2777 3763 3077 3838 Euphrate
3126 3765 3481 3830 accubitore,
3539 3764 3803 3835 Urbicio,

2152 3855 2209 3906 et
2239 3850 2471 3921 Olybrio
2503 3852 2836 3924 prmposito,
2865 3852 3088 3909 Isidoro
3129 3856 3188 3908 et
3222 3851 3540 3924 Eustorgio,
3574 3867 3642 3907 ac
3690 3851 3802 3907 Mi-

2151 3939 2347 3996 chaele
2387 3941 2576 4013 primo
2611 3941 2904 4010 vestiario,
2937 3944 3188 4013 utroque
3222 3941 3488 4012 patricio,
3513 3944 3571 3997 et
3600 3941 3801 3996 llono-

2153 4029 2332 4085 tarsio
2361 4031 2671 4101 praefecto;
2715 4030 3215 4102 quemadmodum
3269 4029 3566 4086 memoria
3615 4031 3807 4085 tradi-

2152 4117 2368 4172 derunt
2441 4118 2841 4190 Eutychianus
2925 4117 3351 4190 grammaticus
3429 4134 3463 4172 ι
3551 4119 3808 4174 secretis

2152 4206 2403 4279 primus,
2439 4210 2496 4260 et
2525 4208 2842 4278 Eutropius
2893 4207 3136 4279 quidam
3197 4205 3489 4278 scpbista,
3546 4207 3650 4278 qui
3700 4207 3817 4262 fuit

2153 4294 2533 4351 Constantino
2583 4295 2655 4351 ab
2705 4295 2991 4368 epistolis,
3040 4311 3106 4350 ac
3154 4293 3390 4351 Juliano
3418 4297 3719 4367 Apostatae
3753 4295 3810 4350 in

2153 4383 2387 4440 Perside
2447 4401 2566 4440 una
2603 4384 2827 4455 adfuit;
2880 4384 3111 4440 Troilus
3157 4383 3380 4451 rethor,
3431 4384 3534 4455 qui
3587 4383 3810 4439 multos

2155 4473 2532 4545 magistratus
2553 4489 2688 4529 cum
2719 4473 2906 4546 gloria
2933 4475 3136 4545 gessit,
3171 4478 3230 4528 et
3269 4471 3597 4545 Hesychius
3638 4479 3812 4528 nota-

2153 4563 2296 4618 rius.
2321 4561 2390 4617 ΙΙί
2411 4579 2616 4619 omnes
2637 4566 2994 4635 spectatores
3014 4567 3070 4616 et
3093 4561 3349 4617 aceurati
3371 4566 3552 4618 testes
3575 4577 3809 4630 eorum,

2155 4669 2282 4723 quae
2339 4655 2480 4706 tunc
2538 4653 2692 4708 facta
2747 4655 2906 4719 sunt,
2966 4650 3335 4706 exstiterunt.
3385 4651 3552 4705 Anno
3603 4656 3807 4706 autem

2154 4740 2498 4796 duodecimo
2551 4740 2783 4813 imperii
2839 4738 2932 4795 sui
2984 4738 3310 4811 ampliavit,
3342 4742 3406 4793 ut
3435 4738 3663 4793 dictum
3696 4743 3808 4808 est,

2153 4829 2576 4886 Constantinus
2627 4829 2899 4902 Byzantis
2951 4829 3179 4896 urbem,
3229 4824 3664 4898 aediﬁcavitque
3713 4843 3814 4898 pa-

2154 4918 2315 4989 latia,
2348 4937 2382 4974 a
2412 4918 2643 4990 Cbalce,
2677 4920 2748 4975 ab
2780 4918 3105 4986 Excubitis,
3128 4922 3186 4974 et
3207 4934 3241 4974 a
3262 4914 3492 4974 Scholia
3515 4930 3531 4971 :
3556 4915 3812 4971 ibidem-

2154 5027 2268 5082 que
2289 5009 2390 5067 SS.
2415 5009 2832 5084 Apostolorum
2873 5009 3163 5082 templum
3217 5006 3525 5074 exstruxit,
3554 5011 3615 5062 et
3646 5009 3808 5078 Hep-

2152 5099 2411 5172 talychni
2443 5099 2694 5172 tholum,
2719 5100 2816 5171 qui
2845 5115 3033 5172 usque
3066 5098 3261 5155 adhuc
3286 5098 3445 5153 intus
3475 5096 3536 5152 in
3575 5094 3808 5152 Scholia

2155 5194 2456 5246 servatur:
2484 5195 2762 5262 praeterea
2789 5189 3070 5257 tribunal,
3099 5193 3157 5245 et
3187 5204 3314 5260 qua
3346 5201 3502 5242 nunc
3540 5184 3808 5240 Numera

2155 5278 2527 5351 appellantur
2556 5295 2804 5352 quasque
2833 5279 3093 5351 ejusdem
3120 5275 3323 5350 palatii
3357 5279 3500 5332 sunt
3524 5273 3810 5346 :insuper

2154 5368 2520 5440 undeviginti
2550 5369 2855 5437 Accubita,
2894 5374 2951 5424 et
2976 5366 3355 5440 Stepsimum,
3383 5362 3804 5436 templumque

2153 5459 2211 5511 S.
2269 5457 2570 5527 Stephani,
2627 5474 2744 5530 quo
2775 5457 3046 5513 cubiculo
3096 5456 3343 5512 hiberno
3374 5458 3648 5524 tempore
3680 5458 3803 5508 ute-

2155 5545 2346 5601 batur.
2407 5547 2704 5603 Exstruxit
2733 5563 2970 5618 quoque
3003 5546 3417 5618 Magnauram,
3463 5549 3523 5598 et
3567 5540 3805 5599 Domini
