4060 6214
276 334 442 394 1193

1411 334 1776 397 ΑΝΟΝῩΜῙ
1819 334 2404 405 ANTIQUITATES
2450 338 2574 398 ΟΡ.

3542 342 3699 407 1194

268 465 361 519 καὶ
393 483 525 519 αυτα
578 463 656 527 εἷς
701 466 771 519 τὰ
819 463 955 521 αὐτὰ
1001 463 1263 539 παλάτια,
1314 467 1402 521 καὶ
1446 466 1515 522 τὰ
1561 462 1914 521 ἐννεακαίδεκα

2048 468 2360 540 templum,
2390 469 2683 526 [Erarium
2714 469 2855 527 item
2913 472 3219 544 publicum
3270 476 3327 530 et
3384 474 3700 547 privatum,

271 548 624 623 Ἀκκοόϐιτα,
683 555 770 608 καὶ
848 555 910 609 τὸ
972 556 1270 628 Στὲψιμον,
1328 556 1417 610 καὶ
1475 556 1565 610 τὸν
1637 555 1765 609 ναὸν
1841 555 1936 607 τοῦ

273 642 465 715 Ἀγίου
526 643 823 720 Στεφάνου,
885 644 1047 718 ὅνπερ
1134 644 1250 720 εἶχε
1299 645 1617 719 χειμονικὸν
1675 647 1931 699 κοιτῶνα.

274 733 559 807 Ἀνήγειρε
640 730 697 787 δὲ
767 732 855 787 καὶ
923 736 1023 800 τὴν
1102 733 1455 809 Μαγναόραν,
1508 732 1598 787 καὶ
1669 734 1768 801 τήν
1841 732 1934 785 τοῦ

278 824 475 894 Κυρίου
558 820 894 891 ἐκκλησίαν,
946 822 1037 876 καὶ
1107 824 1364 890 Γενικὸν,
1418 822 1507 877 καὶ
1579 822 1638 875 τὸ
1702 819 1932 893 Ἰδικὸν,

276 911 366 963 καὶ
426 910 489 963 τὸ
544 911 880 985 Βεστιάριον,
913 911 1003 965 καὶ
1038 912 1128 965 τὸν
1163 906 1481 982 Καϐαλλᾶν,
1516 911 1602 965 καὶ
1635 913 1694 964 τὸ
1730 910 1932 983 Σίγμα,

273 998 367 1052 καὶ
431 999 494 1053 τὸ
554 1001 773 1069 Ὠατον,
832 1000 893 1053 τὸ
951 1001 1088 1073 πρὸς
1142 1002 1243 1069 τὴν
1316 999 1449 1054 Νέαν
1521 1000 1790 1071 κείμενον,
1846 999 1933 1052 καὶ

280 1089 446 1163 μέχρι
477 1094 580 1157 τῆς
612 1088 1030 1161 ὀνομαζομένης
1065 1086 1304 1163 Σιδηρᾶς
1336 1088 1567 1161 πόρτης,
1598 1090 1686 1143 καὶ
1740 1089 1807 1143 τὰ
1837 1108 1934 1141 πα-

276 1175 439 1231 λάτια
474 1178 642 1251 μέχρι
692 1180 791 1231 τοῦ
852 1175 1126 1251 Γερανίου,
1156 1178 1246 1232 καὶ
1302 1179 1364 1232 τὸ
1398 1172 1809 1252 Χρυσόκλαϐον,
1840 1176 1929 1229 καὶ

275 1266 340 1319 τὸ
375 1265 517 1339 μέγα
547 1263 777 1340 λουτρὸν
831 1270 929 1321 τοῦ
986 1266 1345 1339 Οἱκονομίου,
1382 1268 1444 1321 τὸ
1502 1265 1807 1334 πλησιάζον
1858 1265 1932 1325 εἷς

269 1356 335 1409 τὸ
382 1356 862 1431 Τζυκανιστήριον,
896 1351 1025 1431 ἔχον
1061 1356 1282 1425 ἐνθήκας
1325 1355 1477 1426 ἑπτὰ,
1510 1354 1597 1409 καὶ
1643 1356 1801 1416 στοὰς
1838 1356 1926 1430 ιβ’·

268 1445 358 1499 καὶ
411 1438 697 1517 κόλυμϐον
769 1444 1032 1521 εὐμεγέθη
1094 1443 1353 1515 ἔνζωδον·
1400 1444 1489 1499 καὶ
1543 1446 1598 1498 αἱ
1654 1445 1747 1515 μὲν
1799 1444 1931 1499 ἔπτὰ

273 1532 525 1603 ἐνθῆκαι,
588 1532 665 1595 εἷς
717 1533 1021 1605 ἀνάμνησιν
1080 1539 1187 1589 τῶν
1240 1535 1278 1603 ζ’
1325 1532 1617 1604 πλανητῶν
1668 1533 1928 1609 ἀστέρων

268 1623 325 1676 αἱ
384 1620 442 1677 δὲ
503 1623 573 1697 ιβ’
604 1622 759 1677 στοαὶ
817 1627 926 1677 τῶν
992 1624 1061 1698 ιβ’
1097 1628 1283 1695 μηνῶν
1322 1624 1418 1684 τὰς
1472 1624 1688 1697 κράσεις
1714 1620 1925 1693 Ἱσαζον,

271 1710 406 1784 ὅπερ
462 1709 553 1765 οὖν
613 1712 755 1779 ἧπτε
817 1713 985 1785 μέχρι
1042 1716 1139 1765 τοῦ
1192 1710 1459 1787 βασιλέως
1522 1715 1696 1785 Κυροῦ
1754 1718 1925 1782 Νικη-

272 1800 444 1878 φόρου
498 1804 595 1854 τοῦ
657 1806 853 1855 Φωκᾶο
890 1801 917 1854 ὀ
978 1797 1035 1855 δὲ
1090 1798 1380 1855 κατέλυσεο
1414 1800 1669 1870 Ἰωάννης
1728 1800 1924 1872 Τζιμί-

280 1909 435 1959 σκης,
467 1888 556 1943 καὶ
617 1888 677 1944 ἐκ
729 1896 829 1958 τῆς
884 1889 1081 1944 τούτου
1139 1888 1277 1960 ὕλης
1329 1884 1502 1944 ἔκτισε
1548 1890 1647 1958 τὴν
1683 1888 1930 1959 Χαλκήν,

272 1976 401 2042 ἔνθα
443 1977 532 2033 καὶ
583 1977 778 2052 ἐτάφη.
832 1977 1178 2051 Βουλόμενος
1234 1976 1290 2033 δὲ
1345 1980 1545 2048 κτίζειν
1604 1978 1692 2033 καὶ
1753 1981 1924 2033 Ἱππι-

267 2068 364 2122 κὸν
397 2068 532 2122 κατᾶ
566 2067 799 2141 μίμησιν
832 2074 933 2137 τῆς
962 2068 1205 2141 Ῥώμης,
1241 2068 1360 2143 εὗρε
1387 2068 1449 2123 τὸ
1497 2072 1596 2122 τοῦ
1655 2062 1925 2143 Σεϐήρου,

274 2156 365 2211 καὶ
424 2155 808 2231 ἀνεπλήρωσεν
864 2156 1017 2226 αὐτὸ,
1075 2155 1240 2233 ἤγουν
1288 2158 1352 2211 τὸ
1432 2155 1487 2211 ἓν
1570 2156 1733 2231 μέρος
1816 2162 1922 2212 τῶν

273 2242 579 2321 βαθμίδων,
614 2245 701 2301 καὶ
759 2249 867 2299 τῶν
915 2244 1010 2301 δύο
1067 2247 1402 2321 περιπάτων,
1432 2245 1523 2301 καὶ
1578 2246 1922 2320 καγκὲλλων,

268 2334 363 2389 καὶ
418 2332 578 2388 αὺτὸν
633 2335 724 2390 τὸν
780 2332 1211 2411 Σφενδῶνα,καί
1267 2334 1395 2397 τοὺς
1452 2343 1802 2411 καμπτῆρας,
1835 2335 1924 2391 καὶ

265 2424 397 2486 τοὺς
456 2421 685 2496 δήμους.
720 2427 897 2479 Πάντα
950 2421 1007 2478 δὶ
1062 2425 1128 2478 τὰ
1180 2424 1654 2500 χαλκουργήματα
1710 2425 1801 2479 καὶ
1858 2425 1924 2480 τὰ

266 2513 429 2583 ξόανα
490 2511 548 2567 ἐκ
604 2509 878 2589 διαφόρων
957 2517 1099 2567 ναῶν
1184 2515 1271 2567 καὶ
1350 2512 1563 2569 πόλεων
1643 2513 1920 2589 ἀθροίσας,

263 2596 478 2667 ἔστησεν
541 2601 675 2656 αὐτὰ
731 2602 807 2664 εἰς
865 2603 1075 2674 κόσμον
1133 2608 1233 2671 τῆς
1288 2602 1531 2664 πόλεως·
1568 2602 1778 2675 ὁμοίως
1830 2604 1920 2657 καὶ

258 2690 390 2751 τοὺς
444 2689 627 2752 κίονας
715 2695 812 2745 τοῦ
870 2692 1207 2765 περιπάτου·
1272 2690 1514 2746 ἐπάτωσε
1582 2689 1638 2746 δὲ
1694 2691 1919 2753 τούτους

266 2779 405 2852 μετᾶ
482 2786 804 2855 συγκοπῆς,
880 2780 970 2834 καὶ
1052 2778 1356 2835 ἐπετέλεσεν
1444 2779 1572 2834 αὐτὸ
1606 2824 1624 2850 ,
1700 2784 1915 2856 πρῶτον

261 2869 500 2937 ποιήσας
531 2867 619 2922 καὶ
651 2868 876 2922 ἱππικὸν
930 2868 1131 2941 ἀγῶνα.
1166 2868 1225 2923 Ὁ
1273 2864 1329 2921 δὶ
1374 2862 1516 2941 ἔχων
1576 2866 1703 2928 τοὺς
1770 2866 1917 2940 ὀρνι-

260 2956 412 3020 θίους
463 2954 633 3021 πόδας
684 2955 835 3032 ἤχθη
890 2955 997 3011 ἀπὸ
1062 2963 1161 3026 τῆς
1231 2955 1481 3030 μεγάλης
1527 2956 1913 3030 Ἀντιοχείας·

2046 556 2424 622 Vestiarium,
2456 560 2753 615 Caballam
2788 566 2847 615 et
2875 561 3073 633 Sigma
3105 579 3171 617 ac
3196 562 3407 618 Oatum
3441 565 3704 635 proxime

2046 646 2351 701 ecclesiam
2386 647 2627 717 Novam,
2654 653 2711 703 et
2742 653 2946 704 caatera
2978 667 3161 720 usque
3193 653 3264 706 ad
3298 656 3527 718 portam
3568 655 3700 709 Fer-

2046 751 2227 801 ream,
2251 740 2309 790 et
2339 736 2559 806 palatia
2580 737 2649 790 ad
2684 737 3001 793 Geranium
3053 755 3238 809 usque
3265 758 3277 795 :
3302 744 3431 795 tum
3451 742 3701 814 Chryso-

2044 824 2271 878 clavum
2289 825 2635 880 etbalneum
2672 843 2952 898 magnum
2982 829 3340 895 OEconomii,
3369 831 3698 899 proximum

2043 913 2487 984 szcanisterio,
2544 916 2697 985 quod
2730 922 2957 987 septem
3002 919 3369 988 receptacula
3417 919 3693 989 habebat,

2041 1008 2098 1056 et
2127 1002 2432 1057 duodecim
2476 1005 2762 1073 porticus,
2822 1010 2880 1059 et
2927 1005 3360 1076 amplissimam
3404 1008 3691 1078 piscinam

2044 1090 2246 1161 ﬁguris
2276 1091 2579 1147 variatam.
2612 1097 2680 1146 Et
2738 1099 2965 1164 septem
3029 1095 3267 1164 quidem
3325 1097 3696 1168 receptacula

2040 1179 2098 1233 in
2142 1181 2485 1234 memoriam
2517 1187 2741 1252 septem
2777 1182 3185 1253 planetarum:
3220 1184 3528 1240 duodecim
3561 1203 3693 1241 vero

2044 1269 2322 1338 porticus,
2342 1270 2649 1325 duodecim
2673 1272 2966 1326 mensium
2993 1277 3463 1344 temperamenta
3500 1292 3691 1344 aequa-

2042 1358 2389 1428 bant;quod
2438 1360 2757 1429 permansit
2807 1378 2994 1431 usque
3024 1362 3093 1415 ad
3128 1369 3394 1432 tempora
3453 1362 3679 1418 domini

2040 1447 2409 1515 imperatoris
2440 1447 2750 1519 Nicephori
2781 1449 3000 1503 Phocea.
3031 1449 3291 1505 Joannes
3321 1466 3456 1505 vero
3506 1451 3679 1506 Zimi-

2039 1551 2167 1590 sces
2227 1535 2370 1590 illud
2430 1537 2655 1604 evertit,
2708 1542 2764 1592 et
2821 1554 2889 1592 ex
2941 1539 3071 1609 ipsa
3133 1539 3378 1594 materia
3436 1539 3687 1595 Chalcen

2038 1624 2315 1685 condidit,
2350 1625 2407 1678 in
2443 1642 2558 1695 qua
2583 1630 2639 1680 et
2669 1628 2938 1697 sepultus
2969 1633 3077 1682 est.
3110 1631 3395 1682 Caeterum
3447 1629 3689 1699 cupiens

2036 1712 2213 1767 etiam
2270 1713 2689 1769 Constantinus
2755 1715 2982 1770 Circum
3062 1718 3134 1771 ad
3194 1717 3382 1772 instar
3443 1716 3688 1773 Romani

2037 1801 2538 1870 aediﬁcare,.eum,
2588 1819 2763 1874 quem
2812 1804 3057 1860 Severus
3094 1806 3504 1876 imperfectum
3553 1805 3684 1860 reli-

2040 1896 2268 1961 querat,
2294 1890 2420 1961 ipse
2453 1891 2739 1952 absolvit;
2773 1908 2948 1948 unam
2984 1909 3194 1964 nempe
3216 1894 3508 1964 graduum
3547 1910 3683 1964 par-

2034 1983 2174 2046 tem,
2208 1996 2273 2035 ac
2305 1981 2553 2035 duarum
2585 1981 2914 2051 porticuum
2950 1987 3009 2037 et
3062 1981 3481 2050 cancellorum,
3534 1999 3683 2054 pra:-

2035 2072 2190 2123 terea
2237 2068 2431 2139 ipsum
2511 2069 2936 2141 sphendonem,
2984 2071 3169 2127 ﬂexus
3228 2087 3332 2127 seu
3391 2074 3579 2127 metas
3624 2075 3683 2127 et

1996 2157 2351 2212 factionum
2422 2159 2611 2214 sedes.
2671 2160 2879 2215 Omnia
2920 2166 3117 2215 autem
3178 2178 3336 2217 aenea
3385 2161 3555 2232 signa
3614 2177 3681 2216 ac

2032 2245 2351 2301 simulacra
2381 2264 2449 2301 ex
2477 2247 2653 2302 variis
2683 2248 2920 2319 templis
2947 2253 3004 2303 et
3047 2249 3382 2305 civitatibus
3440 2248 3685 2305 collecta

2033 2336 2104 2390 ad
2136 2340 2410 2391 ornatum
2443 2337 2608 2391 urbis
2658 2338 2875 2393 erexit:
2938 2337 3212 2393 similiter
3268 2343 3326 2393 et
3374 2337 3683 2393 columnas

2033 2424 2381 2491 ambulacri,
2415 2442 2562 2495 quas
2593 2427 2809 2482 crustis
2836 2427 3082 2495 ornavit,
3117 2443 3182 2482 ac
3214 2427 3369 2483 edito
3420 2427 3683 2499 primum

2031 2514 2285 2585 equestri
2318 2515 2653 2581 certamine,
2688 2532 2834 2585 Opus
2886 2516 3146 2586 perfecit.
3204 2517 3420 2571 Verum
3482 2520 3682 2571 statua

2030 2618 2157 2674 quaa
2190 2604 2366 2673 pedes
2401 2602 2587 2659 alatos
2618 2604 2813 2672 habet,
2848 2604 3043 2660 delata
3085 2605 3196 2660 fuit
3242 2622 3273 2660 ο
3312 2622 3529 2677 magna
3556 2610 3678 2659 An-

2028 2691 2266 2761 tiochia,
2300 2697 2357 2747 et
2386 2692 2849 2763 Bellerophontis
2872 2698 2984 2759 est,
3045 2693 3148 2765 qui
3189 2694 3306 2749 illic
3355 2694 3677 2750 colebatur.

2028 2782 2311 2837 Caterum
2346 2782 2416 2837 de
2434 2781 2677 2854 reliquis
2699 2782 2929 2852 statuis,
2957 2791 3102 2854 quot
3126 2787 3182 2839 et
3203 2782 3407 2851 quales
3430 2800 3509 2838 eae
3530 2783 3678 2850 sint,

2027 2875 2083 2925 et
2112 2871 2268 2925 unde
2299 2871 2574 2942 quislibet
2603 2872 2844 2937 venerit,
2868 2877 2925 2926 et
2955 2888 3136 2943 quare
3169 2873 3387 2928 fuerint
3443 2875 3671 2936 erectaa,

2028 2963 2321 3029 postremo
2346 2960 2598 3014 breviter
2628 2960 2915 3015 dicemus.

259 3040 380 3100 ἔστι
412 3043 468 3101 δὶ
499 3048 526 3101 6
556 3043 1035 3121 Βελλεροφόντης
1075 3044 1165 3100 καὶ
1193 3045 1363 3100 ἐκεῖσε
1393 3039 1645 3100 ἐσέϐοντο
1678 3045 1854 3100 αὐτόν.
1889 3046 2097 3101 Ὂποσα
2129 3042 2187 3100 δὲ
2228 3047 2317 3100 καί
2348 3044 2492 3101 ἄλλα
2523 3044 2834 3121 ἀγάλματα,
2867 3046 2955 3101 καὶ
3008 3047 3157 3102 ἅτινό
3214 3047 3339 3115 εἷ’σι,
3372 3048 3461 3102 καὶ
3510 3045 3667 3101 πόθεν

253 3134 451 3204 ἥκασιν
482 3131 729 3202 ἕκαστον,
761 3134 850 3189 καὶ
883 3131 1025 3188 διατί
1056 3132 1464 3205 ἐστηλώθησαν,
1498 3131 1728 3208 ἔσχατον
1764 3132 2117 3209 λεπτομερῶς
2150 3132 2401 3207 ἐροῦμεν.

256 3299 339 3350 De
368 3296 613 3366 quatuor,
636 3294 895 3349 Romanis
918 3293 1221 3366 magistris,
1255 3301 1307 3348 et
1324 3298 1451 3366 octo
1479 3293 1760 3366 patriciis,
1793 3308 1923 3363 quos
1944 3294 2111 3349 Roma
2144 3292 2669 3366 Constantinopolim
2717 3293 2907 3366 eduxit
2959 3294 3352 3366 Constantinus
3392 3294 3660 3361 Magnus;

363 3364 508 3421 aede
536 3365 787 3435 adiﬁciis
817 3366 885 3421 ab
916 3365 1110 3421 iisdem
1140 3366 1199 3420 in
1230 3364 1421 3420 eadem
1452 3365 1589 3420 urbe
1609 3366 1720 3422 ΟΡ.
1762 3366 2057 3422 excitatis:
2088 3380 2301 3421 necnon
2332 3365 2406 3421 de
2427 3365 2681 3437 Scythica
2715 3364 3060 3420 Constantini
3085 3366 3151 3419 Μ.
3185 3364 3552 3435 expeditione-

327 3513 560 3570 Μέλλων
613 3512 704 3569 οὖν
766 3516 793 3569 6
851 3513 1024 3590 Μέγας
1085 3520 1484 3578 Κωνσταντῖνος
1526 3514 1748 3583 οἰκῆσαι
1808 3515 1907 3583 τὴν

2090 3520 2230 3571 Cum
2263 3515 2444 3587 igitur
2475 3517 2680 3573 urbem
2711 3533 2881 3573 suam
2941 3515 3191 3572 habitari
3243 3515 3667 3571 Constantinus

253 3603 415 3659 πόλιν
476 3604 662 3672 αὐτοῦ,
728 3601 941 3675 μᾶλλον
1021 3600 1077 3658 δὲ
1148 3602 1276 3664 τοὺς
1331 3604 1638 3676 Ῥωμαίους
1705 3602 1779 3664 εἰς
1846 3603 1909 3657 τὸ

253 3692 545 3761 Βυζάντιον
630 3698 1034 3767 κατακρατῆσαι
1064 3737 1078 3761 ,
1139 3687 1329 3747 ἔλαϐεν
1408 3692 1459 3763 ἐξ
1545 3693 1723 3746 αὐτῶν
1798 3696 1904 3746 τῶν

242 3772 530 3854 Ῥωμαίων
614 3782 682 3835 τὰ
763 3779 970 3836 τούτων
1067 3778 1406 3849 ὃακτυλίδα,
1482 3781 1598 3841 ἐνὸς
1681 3778 1905 3835 ἑκάστου

244 3868 424 3941 ἰδίως,
457 3871 548 3925 καὶ
599 3867 913 3925 ἀπέστειλεν
974 3869 1173 3932 αὐτοὺς
1230 3870 1304 3931 είς
1361 3870 1451 3925 τὸν
1520 3866 1747 3945 βασιλέα
1796 3874 1901 3923 τῶν

242 3963 465 4035 Περσῶν
528 3954 775 4034 Σάϐαρον
810 3976 823 3991 ⁶
888 3958 939 4029 ἐξ
994 3960 1067 4013 ὧν
1121 3960 1173 4012 οἱ
1227 3960 1322 4032 μὲν
1375 3958 1627 4033 τέσσαρες
1681 3958 1905 4033 ἐτύγχα-

240 4069 332 4103 νον
400 4049 707 4123 μάγιστροιο
742 4049 1011 4120 Ῥωμαῖοι
1067 4045 1124 4101 δὲ
1171 4046 1199 4102 ὅ
1246 4069 1305 4101 τε
1354 4045 1551 4119 Ἀδὰμ.
1607 4048 1634 4101 6
1684 4048 1902 4118 Πρωτά-

240 4158 384 4199 σιος.
442 4138 471 4191 ὁ
521 4135 837 4209 Φιλόξενος,
889 4136 976 4191 καὶ
1041 4137 1069 4191 6
1130 4132 1439 4209 Σκόμϐρος,
1473 4136 1561 4189 καὶ
1624 4136 1900 4210 πατρίκιοι

237 4226 411 4290 ὀκτὼ,
440 4226 468 4281 6
518 4220 755 4300 Πρόϐος,
788 4226 817 4280 6
866 4230 1156 4298 Δομνῖνος,
1190 4223 1525 4286 Σαλούστιος
1557 4226 1584 4279 6
1634 4219 1898 4299 ἔπαρχος,

236 4312 524 4374 Μόδεστος
582 4314 670 4368 καὶ
741 4314 769 4368 6
828 4308 1132 4384 Εὔϐουλος,
1164 4316 1191 4369 6
1246 4319 1486 4388 Δαρεῖος,
1521 4315 1548 4367 6
1599 4317 1837 4387 Μαῦρος,
1871 4314 1899 4366 6

235 4400 503 4463 Ῥοδανός
538 4422 550 4434 ·
610 4400 804 4463 οἷ’τινες
876 4402 1360 4474 ἐξαπεστάλησαν,
1426 4402 1560 4475 μετὰ
1637 4401 1898 4457 πλείστου

238 4495 477 4567 στρατοῦ
535 4494 859 4561 ποιήσαντες
950 4491 1001 4547 ἐν
1087 4489 1302 4565 Περσίδι
1389 4498 1564 4564 μῆνας
1617 4498 1701 4560 ις’,
1754 4493 1780 4546 6
1842 4490 1899 4546 δὲ

239 4580 433 4655 Μέγας
481 4584 883 4643 Κωνσταντῖνος
933 4580 1265 4643 ἀποστείλας
1316 4580 1390 4641 εἰς
1421 4581 1640 4653 Ῥώμην
1699 4579 1899 4636 ἀνελά-

240 4666 370 4724 ϐετο
428 4669 522 4730 τὰς
580 4674 837 4742 γυναῖκας
890 4669 1103 4723 αὐτῶν·
1140 4670 1192 4723 οἱ
1258 4667 1314 4724 δὶ
1371 4669 1653 4731 σταλέντες
1705 4668 1897 4741 ἐκεῖσε,

240 4758 531 4821 ἐθεάσαντο
586 4758 677 4811 καὶ
735 4757 862 4821 τοὺς
916 4757 1119 4821 τόπους
1192 4758 1304 4819 ἑνὸς
1361 4757 1607 4827 ἑκάστου,
1664 4763 1769 4813 ποῦ
1841 4779 1899 4813 τε

238 4852 448 4902 κεῖνται
506 4846 595 4901 καὶ
657 4847 843 4911 Smne“
898 4847 1079 4920 ἑτέρας
1136 4845 1222 4900 ἐπὶ
1273 4846 1401 4909 τοὺς
1460 4846 1742 4922 αἰγιαλοὺς
1800 4854 1899 4916 τῆς

241 4936 543 5006 Θαλάσσης,
593 4934 765 4997 ἄλλας
853 4934 940 4990 ἐπὶ
1022 4934 1151 4996 τοὺς
1241 4934 1502 5011 ἠπείρους
1587 4936 1893 4997 ὡσαύτωςο

146 5019 159 5023 ’
240 5025 532 5080 ἐθεάσαντο
563 5022 740 5079 δὲκαὶ
787 5025 883 5086 τὰς
926 5023 1172 5093 ἀνόδους,
1205 5026 1259 5079 αἳ
1310 5025 1445 5093 ἦσαν
1493 5022 1896 5099 κοχλιοειδεῖς’

235 5113 333 5168 καὶ
366 5108 624 5174 λαϐόντες
656 5114 751 5174 τὰς
786 5112 1051 5190 φαμιλίας
1082 5118 1188 5167 τῶν
1238 5114 1445 5168 τούτων
1494 5112 1898 5187 συγκλητικῶν,

234 5201 479 5271 ἀνῆλθον
514 5200 602 5256 ἐπὶ
632 5202 694 5255 τὸ
718 5202 1033 5270 Βυζάντιον,
1057 5202 1146 5256 καὶ
1178 5199 1389 5257 ἔκτισαν
1419 5201 1585 5274 ὅμοια
1613 5201 1899 5273 κτίσματα,

235 5292 333 5345 καὶ
396 5289 650 5345 ἐκάθισαν
704 5289 874 5344 ἐκεῖσε
917 5290 1013 5351 τὰς
1074 5289 1341 5367 φαμιλίας
1389 5291 1587 5347 αὐτῶν.
1622 5288 1903 5350 Ἐλθόντες

260 5379 361 5434 οὖν
420 5378 479 5433 ἐκ
540 5376 802 5454 Περσίδος
865 5379 999 5449 μετὰ
1056 5378 1209 5447 νίκης
1272 5379 1536 5452 μεγάλης,
1584 5374 1910 5433 ἀνελάϐοντο

240 5469 340 5523 καὶ
397 5468 575 5522 πάκτα
632 5466 956 5539 κεντηνάριᾶ
1005 5467 1123 5537 τξε’.
1178 5465 1425 5539 Ἐδὲξατο
1486 5467 1576 5522 οὗν
1628 5467 1819 5527 αὐτοὺς
1878 5469 1906 5521 6

247 5555 513 5632 βασιλεὺς
592 5556 860 5627 ἀσμὲνως,
949 5555 1040 5609 καὶ
1123 5558 1359 5625 ποιήσας
1441 5557 1705 5631 εὐωχίαν,
1763 5558 1905 5611 εἶπεν

247 5647 445 5707 αὐτοῖς
479 5664 493 5677 ·
555 5645 750 5702 Θάλετε
805 5642 1061 5710 ἀπελθεῖν
1148 5644 1225 5709 εἷς
1279 5644 1541 5721 Ῥώμην;
1602 5643 1909 5720 δοκιμάζων

576 5778 844 5840 Panos.
892 5777 1006 5839 Gs.
1049 5775 1290 5839 CXXII.

2020 3605 2288 3678 Magnus,
2350 3607 2468 3662 imo
2527 3607 2725 3678 potius
2798 3610 3091 3661 Romanos
3144 3605 3404 3678 Byzantii
3462 3604 3665 3660 sedem

2018 3694 2248 3766 imperii
2292 3695 2505 3750 habere
2557 3694 2749 3764 vellet,
2810 3696 3101 3765 cujusque
3152 3694 3362 3749 horum
3415 3692 3667 3748 annulos

2018 3784 2259 3856 accepit,
2293 3784 2570 3856 misitque
2599 3783 2761 3854 ipsos
2787 3788 2992 3839 contra
3022 3788 3299 3855 Saporem
3353 3782 3663 3837 Persarum

2015 3888 2235 3944 regem,
2269 3889 2519 3943 quorum
2553 3878 2806 3942 quatuor
2834 3871 3096 3941 magistri
3129 3874 3330 3926 erant:
3394 3869 3659 3937 Romani,

2014 3960 2279 4016 videlicet
2307 3962 2512 4026 Adam,
2548 3961 2870 4028 Protasius,
2900 3960 3270 4022 Pbiloxenus,
3303 3959 3657 4027 Scombrus;

2013 4054 2141 4104 octo
2192 4065 2325 4105 vero
2382 4049 2632 4121 patricii,
2722 4050 2944 4104 Probus
3002 4065 3232 4118 nempe,
3303 4048 3653 4115 Domninus,

2082 4138 2375 4194 Salustius
2408 4139 2730 4208 praefectus,
2755 4138 3077 4196 Modestus.
3110 4136 3397 4205 Eubulus,
3446 4136 3659 4191 Darius

2011 4230 2244 4281 Maurus
2277 4243 2341 4281 ac
2376 4227 2714 4290 Rhodanus,
2750 4227 2850 4296 qui
2902 4241 3035 4279 cum
3082 4225 3421 4295 ingentibus
3474 4223 3657 4292 copiis

2010 4317 2068 4369 in
2127 4315 2552 4385 expeditionem
2583 4314 2775 4382 missi,
2809 4315 2865 4367 in
2904 4313 3138 4367 Perside
3164 4311 3459 4366 sexdecim
3492 4326 3658 4365 men-

2009 4421 2103 4460 ses
2135 4404 2481 4460 commorati
2507 4410 2665 4457 sunt.
2694 4406 2920 4458 Interea
2942 4400 3361 4455 Constantinus
3382 4404 3657 4471 Magnus,

2011 4493 2208 4548 missis
2265 4493 2505 4547 Romam
2558 4492 2779 4563 legatis,
2815 4507 3014 4547 eorum
3067 4505 3275 4545 uxores
3318 4488 3646 4545 accersivit.

2008 4586 2293 4639 Caeterum
2324 4580 2496 4651 legati
2528 4580 2732 4637 sedulo
2783 4582 3171 4635 observarunt
3226 4577 3420 4634 locum
3448 4576 3660 4632 situm-

2010 4687 2121 4742 que
2153 4670 2474 4741 cujusque;
2502 4686 2598 4725 eas
2630 4668 2899 4724 videlicet
2943 4668 3150 4723 domos
3184 4684 3309 4738 quae
3368 4667 3440 4722 ad
3499 4683 3663 4722 oram

2011 4760 2189 4814 maris
2216 4762 2406 4825 erant,
2434 4763 2491 4813 et
2514 4775 2613 4813 eas
2639 4774 2764 4828 quae
2793 4758 2864 4812 ad
2896 4757 3296 4811 continentem
3325 4774 3337 4823 ;
3398 4754 3662 4825 itemque

2009 4847 2390 4918 contemplati
2436 4852 2575 4901 sunt
2621 4846 2811 4901 scalas
2869 4863 2996 4916 quae
3027 4851 3194 4900 erant
3249 4843 3520 4899 cochleae.
3559 4852 3660 4898 As‘

2010 4936 2266 5007 sumptis
2301 4936 2478 5005 igitur
2537 4934 2779 4991 familiis
2810 4934 3018 4990 horum
3049 4937 3413 4999 senatorum,
3438 4931 3662 5004 Byzan-

2010 5026 2155 5080 tium
2188 5024 2507 5091 redierunt,
2544 5024 2739 5093 ibique
2790 5022 2971 5078 simili
3005 5025 3194 5078 l'orma
3246 5022 3490 5076 aaditlcia
3520 5037 3663 5074 con-

2013 5118 2375 5180 struxerunt,
2419 5129 2745 5183 eorumque
2794 5112 3039 5168 familiis
3083 5112 3373 5166 dederunt
3419 5108 3657 5162 inhabi-

2012 5203 2213 5259 tanda.
2254 5203 2398 5257 Cum
2432 5202 2632 5274 itaque
2663 5203 2918 5274 acceptis
2943 5200 3221 5257 trecentis
3273 5202 3330 5252 et
3360 5194 3666 5265 sexaginta

2015 5292 2275 5361 quinque
2328 5291 2678 5346 centenariis
2746 5290 2976 5355 tributi,
3036 5304 3065 5341 e
3117 5284 3352 5340 Perside
3418 5283 3666 5340 victores

2016 5381 2349 5447 rediissent,
2381 5379 2699 5450 imperator
2744 5396 2841 5435 eos
2897 5377 3105 5431 lubens
3165 5372 3410 5443 excepit,
3470 5389 3535 5428 ac
3594 5374 3666 5429 ad

2017 5468 2347 5526 convivium
2434 5468 2731 5536 admissis,
2794 5464 3133 5537 explorandi
3192 5463 3404 5533 gratia,
3476 5463 3671 5535 inquit

2021 5560 2172 5615 illis:
2214 5581 2235 5608 α
2302 5558 2600 5629 Numquid
2679 5555 2893 5611 abituri
2971 5551 3113 5606 estis
3159 5552 3401 5608 Romam
3446 5551 3525 5605 ι’»
3559 5552 3669 5606 Re-

2025 5649 2387 5720 sponderunt
2438 5646 2544 5715 illi,
2579 5666 2608 5696 «
2674 5643 2839 5700 Haud
2905 5645 3039 5698 ante
3096 5641 3245 5700 duos
3311 5656 3544 5698 menses
3601 5654 3668 5698 eo

3269 5772 3347 5833 38
