4060 6214
399 318 403 325 ’
457 326 612 393 {193

1413 318 1814 382 APPENDIX
1857 320 1960 377 AD
2007 317 2468 379 MICHAELEM
2515 319 2910 384 PSELLUM.

3718 329 3870 389 “96

452 478 810 523 reversuros.
842 481 871 513 »
906 461 1057 516 Tum
1086 459 1427 531 imperator,
1469 473 1493 503 α
1551 455 1823 525 Vespere,
1882 452 2097 524 inquit,

2220 447 2428 512 αὐτούς.
2460 452 2528 508 Οἱ
2556 449 2613 507 δὲ
2643 450 2843 531 ἔφησαν
2880 458 2956 529 μή
2988 459 3271 516 κατελθεῖν
3306 463 3469 536 μέχρι
3503 458 3600 516 δύο
3653 464 3836 533 μηνῶν
3856 479 3869 492 ·

454 554 605 611 dabo
632 550 800 608 vobis
832 550 985 605 aedes
1014 552 1264 604 vestras.
1302 567 1331 595 ››
1369 546 1728 614 Praeceperat
1786 540 1943 596 enim
1996 540 2106 596 Eu-

454 642 651 716 phrati
684 638 1007 697 accubitori
1039 653 1167 703 suo,
1200 635 1301 706 qui
1360 633 1779 706 imperatorem
1828 630 2108 687 Christia-

459 748 604 788 num
661 730 896 796 fecerat,
954 730 1021 781 ut
1077 723 1403 795 unicuique
1476 737 1645 777 suam
1706 720 1947 775 domum
1978 719 2108 776 red-

456 822 619 878 deret
647 834 783 874 cum
816 815 1063 871 familia.
1100 813 1189 869 llli
1246 812 1427 885 igitur
1483 814 1549 865 ut
1604 810 1877 865 viderunt
1931 809 2106 877 ostia,

457 909 603 967 atria
632 912 689 963 et
714 905 900 962 scalas
930 903 1055 977 pari
1089 903 1208 959 situ
1267 901 1482 973 posita,
1542 914 1883 955 mensuram
1942 900 2106 962 item,

452 1000 703 1055 formam
734 1011 801 1050 ac
832 992 1228 1061 altitudinem,
1259 989 1615 1062 penitusque
1664 989 1940 1044 universa
1993 991 2108 1043 Ro-

452 1086 646 1144 manis
677 1083 916 1151 similia,
952 1081 1240 1155 putabant
1271 1096 1333 1136 se
1394 1097 1495 1152 per
1550 1078 1923 1151 phantasiam
1981 1093 2109 1133 esse

452 1177 688 1234 Rome:
769 1172 870 1228 ubi
924 1187 1057 1228 vero
1113 1174 1171 1225 et
1228 1167 1485 1224 familias
1541 1185 1679 1224 suas
1737 1168 2108 1239 invenerunt,

450 1266 831 1336 Obstupuere.
867 1261 979 1317 Sed
1013 1264 1333 1332 postquam
1381 1275 1481 1314 eas
1533 1258 1994 1329 interrogarunt,
2054 1262 2110 1313 et

452 1353 538 1410 uti
596 1370 689 1409 res
749 1355 912 1423 gesta
970 1354 1147 1420 esset,
1209 1352 1479 1404 accurate
1536 1348 1921 1417 edidicerunt,
1979 1351 2106 1403 tum

452 1444 691 1499 demum
726 1439 1125 1508 crediderunt,
1168 1455 1283 1493 non
1317 1454 1446 1493 esse
1473 1437 1847 1508 phantasiam
1905 1452 2106 1492 verum

449 1530 823 1604 imperatoris
853 1528 1254 1600 prudentiam,
1286 1527 1385 1598 qui
1416 1526 1506 1582 vel
1528 1526 1740 1582 invitos
1764 1526 2105 1599 Byzantium

448 1621 780 1678 inhabitare
810 1617 1116 1687 coegisset.
1180 1616 1327 1671 Loca
1380 1619 1581 1673 autem
1639 1632 1708 1671 ex
1766 1616 2105 1674 nominibus

448 1712 714 1783 ipsorum
746 1706 1126 1763 denominata
1155 1709 1314 1762 sunt.

520 1903 877 1962 Philoxenus
909 1903 1226 1958 cisternam
1259 1902 1607 1959 construxit.

523 1994 750 2050 Probus
809 1991 1195 2048 Praecursoris
1256 1992 1522 2048 condidit
1578 1991 1889 2063 templum,
1950 1997 2105 2066 quod

454 2082 877 2141 Constantinus
946 2079 1285 2137 Caballinus
1336 2081 1396 2137 in
1456 2080 1726 2137 fabrilem
1786 2082 2105 2155 ofﬁcinam,

456 2173 623 2230 Probi
654 2172 829 2229 hodie
853 2168 1090 2240 dictam,
1123 2171 1391 2226 mutavit.

527 2262 859 2319 Domninus
889 2264 1084 2317 autem
1109 2260 1169 2315 in
1187 2264 1378 2315 tractu
1402 2258 1690 2315 Mauriani
1713 2261 1955 2318 domum
1974 2264 2101 2319 aedi-

450 2353 669 2422 ﬁcavit,
698 2352 759 2407 in
793 2367 908 2423 quo
940 2348 1313 2405 inhabitabat
1342 2349 1709 2422 Agricolaus.

516 2440 728 2499 Darius
758 2440 1030 2496 excitavit
1061 2439 1240 2494 aedem
1270 2438 1557 2494 Canatisze
1592 2440 1791 2495 uxoris
1825 2440 2032 2498 Scleri.

513 2536 755 2589 Maurus
788 2530 971 2584 aedem
1002 2526 1310 2583 exetruixit
1337 2526 1592 2582 Bellonae
1621 2528 1863 2583 dictam.

514 2618 834 2675 Rhodanus
867 2615 1131 2672 condidit
1172 2616 1351 2670 aedem
1403 2632 1633 2671 sacram
1693 2616 1953 2689 Deiparae
2000 2635 2099 2675 co-

440 2707 847 2783 gnominatam
879 2702 935 2758 ἐν
969 2702 1222 2775 οὐρανοῖς
1251 2720 1354 2759 seu
1387 2704 1446 2760 in
1480 2704 1637 2760 caelis
1666 2723 1679 2773 ;
1713 2721 1844 2776 quae
1875 2711 1959 2762 est
1978 2707 2099 2764 Ma-

443 2813 652 2854 mensa.

514 2883 834 2941 Sallustius
873 2883 1117 2939 domum
1177 2882 1506 2953 aadifi‘cavit,
1563 2900 1689 2955 quae
1751 2886 2097 2960 Condomyti

445 2973 798 3048 appellatur.

517 3064 816 3120 Modestus
827 3062 1010 3118 isdem
1027 3062 1356 3117 construxit
1374 3061 1443 3117 ad
1461 3062 1559 3118 SE.
1578 3063 1913 3135 Apostolos,
1930 3064 2098 3121 Lam-

445 3153 943 3227 prinuncupatam
961 3168 1111 3223 ;quie
1129 3151 1452 3207 etiamnum
1470 3152 1624 3207 idem
1643 3168 1855 3208 nomen
1872 3153 2098 3210 retinet.

511 3349 779 3407 Eubulus
810 3348 924 3405 tria
952 3347 1216 3403 condidit
1248 3346 1399 3403 atria
1440 3358 1494 3403 et
1527 3353 1782 3420 quatuor
1812 3349 2096 3420 porticus,

440 3440 670 3497 scilicet
715 3438 913 3494 tholos
970 3436 1351 3509 enchoregos,
1411 3453 1445 3492 a
1491 3436 1709 3509 palatio
1763 3439 1835 3493 ad
1893 3454 2095 3495 muros

439 3546 631 3603 usque
659 3530 1006 3596 terrestres;
1042 3542 1291 3597 quarum
1318 3542 1434 3581 una
1466 3525 1787 3599 incipiebat
1817 3544 1850 3582 a
1880 3528 2093 3600 szca~

439 3619 705 3687 nisterio,
766 3615 1097 3688 Manganis,
1156 3613 1450 3687 Acropoli,
1504 3618 1561 3670 et
1605 3619 1766 3671 turre
1824 3616 2094 3687 Eugenii,

439 3711 497 3763 et
526 3705 891 3779 pertingebat
920 3704 991 3758 ad
1036 3703 1096 3759 S.
1152 3703 1471 3758 Antonium
1539 3720 1763 3775 usque:
1824 3704 2005 3759 altera
2064 3722 2097 3760 a

440 3795 703 3866 Daphne,
780 3791 1195 3863 Sophianoque
1256 3795 1452 3863 portu,
1511 3796 1568 3846 et
1616 3791 2097 3862 progrediebatur

444 3899 632 3954 usque
663 3882 733 3937 ad
792 3879 1096 3936 ecclesiam
1157 3879 1260 3934 Dei
1319 3879 1631 3934 Genitricis
1692 3886 2092 3952 nuncupatam

445 3970 778 4026 Rhahdum.
815 3966 1071 4038 Reliquae
1100 3983 1235 4022 vero
1265 3967 1392 4021 duae
1453 3968 1711 4039 porticus
1770 3986 1802 4025 a
1860 3969 2090 4036 Chalce,

446 4058 606 4116 Milio
641 4063 699 4114 et
753 4058 897 4113 Foro
951 4057 1021 4110 ad
1081 4056 1343 4111 Taurum
1394 4072 1602 4127 usque,
1663 4062 1721 4113 et
1773 4059 1982 4115 Bovem
2040 4064 2097 4114 et

446 4146 820 4207 Exocionium
844 4146 1040 4218 ipsum
1071 4146 1410 4202 tendebant.
1446 4146 1636 4218 Supra
1694 4147 1953 4219 porticus
1987 4165 2093 4204 au-

441 4243 560 4297 tem
591 4237 934 4295 ambulacra
964 4238 1149 4304 erant,
1181 4234 1375 4306 lapide
1425 4236 1711 4308 quadrato
1773 4240 1980 4304 strata,
2040 4242 2096 4293 et

441 4332 647 4386 statuae
697 4342 865 4382 aeneae
922 4324 1247 4379 innumerae
1305 4323 1377 4378 ad
1427 4327 1842 4380 ornamentum
1904 4325 2091 4383 urbis.

438 4419 725 4476 Praeterea
753 4413 1024 4470 officinas
1056 4412 1328 4469 Ierrarias
1362 4413 1644 4482 condidit,
1705 4418 1763 4469 et
1810 4416 2095 4486 aquaedu-

440 4512 568 4562 ctus
601 4522 670 4560 ex
714 4504 988 4575 Bulgaria
1044 4502 1105 4557 in
1162 4503 1386 4557 urbem.
1448 4502 1606 4557 Fecit
1644 4502 1820 4558 etiam
1863 4503 2091 4561 cloacas

2221 540 2249 594 ὁ
2300 537 2357 594 δὲ
2412 538 2668 616 βασιλεὺς
2726 542 2849 623 ἔφη·
2910 548 3117 623 ’Λπόψε
3176 548 3291 626 ἔχω
3354 549 3538 605 δοῦναι
3594 549 3723 622 ὑμῖν
3778 548 3873 610 τὰς

2220 628 2399 691 οἷ’κίας
2460 631 2633 703 ὑμῶν.
2666 634 2977 707 Προστάξας
3033 637 3124 693 οὖν
3158 640 3416 716 Εὐφράτῃ
3474 644 3555 712 τῷ
3610 659 3872 707 παρακοι-

2224 719 2464 793 μωμένῳ
2496 720 2661 775 αὐτοῦ
2687 723 2837 786 ὅστις
2893 726 2983 780 καὶ
3042 726 3267 799 ἐποίησε
3322 729 3414 782 τὸν
3462 727 3689 803 βασιλέα
3743 733 3871 801 Χρι-

2220 808 2453 876 στιανὸν,
2514 808 2806 866 ἀποδοῦναι
2881 814 2957 868 ἑνὶ
3016 815 3221 890 ἑκάστῳ
3286 817 3491 872 τούτων
3569 818 3660 871 τὸν
3729 817 3869 870 οἷκον

2220 895 2384 951 αὐτοῦ
2420 900 2554 970 μετὰ
2583 900 2800 973 ὀψικίου
2842 902 3031 963 αὐτοῦ.
3067 908 3132 963 Οἱ
3183 905 3265 980 δὶ,
3296 907 3369 969 ὡς
3413 904 3553 961 εἶδον
3593 904 3724 967 τοὺς
3773 927 3872 959 π’)-

2220 985 2418 1057 λῶνας,
2462 988 2552 1042 καὶ
2601 990 2697 1051 τὰς
2745 990 2934 1061 αὐλὰς,
2971 994 3060 1048 καὶ
3109 998 3207 1058 τὰς
3258 993 3490 1057 ἀνόδους
3548 995 3876 1068 ὁμοίως,τᾶ

2224 1074 2391 1150 μέτρα
2451 1073 2529 1145 δὲ,
2557 1077 2646 1131 καὶ
2700 1081 2767 1133 τὰ
2820 1084 3105 1156 σχήματα,
3146 1084 3235 1139 καὶ
3266 1085 3335 1140 τὰ
3392 1083 3523 1158 ὕψη,
3556 1085 3648 1138 καὶ
3702 1085 3875 1137 πάντα

2221 1164 2411 1229 ἁπλῶς
2451 1168 2539 1220 οἷα
2595 1168 2663 1221 τὰ
2719 1167 2770 1223 ἐν
2820 1174 2888 1245 τῇ
2921 1170 3344 1249 Ῥώμῃ,ἓδοξαν
3399 1173 3534 1228 εἶναι
3581 1173 3632 1227 ἐν
3687 1194 3878 1248 φαντα-

2220 1253 2306 1324 σίᾳ
2366 1253 2444 1318 είς
2486 1256 2585 1324 τήν
2617 1258 2855 1330 Ῥώμην.
2895 1260 3159 1336 Εὐρόντες
3216 1260 3273 1317 δὲ
3323 1263 3412 1317 καὶ
3462 1260 3559 1327 τὰς
3608 1260 3879 1339 φαμιλίας

2218 1342 2391 1397 αὐτῶν
2429 1390 2442 1415 ,
2510 1343 2883 1421 ἐξεπλάγησαν
2923 1394 2935 1406 .
3004 1351 3408 1427 Ἐρωτήσαντες
3494 1350 3549 1407 ἢ
3629 1351 3828 1414 ταύτας
3858 1396 3874 1425 ,

2215 1432 2305 1487 καὶ
2370 1434 2627 1506 μαθόντες
2684 1432 2971 1513 ἀκριϐῶς,
3026 1440 3151 1495 τότε
3225 1439 3573 1512 ἇπίστευσαν,
3632 1441 3709 1505 ὡς
3782 1444 3878 1497 οὐκ

2216 1519 2327 1576 ἔστι
2386 1525 2689 1600 φάντασμα,
2741 1526 2887 1583 ἀλλὰ
2960 1529 3222 1606 φρόνησις
3288 1535 3384 1585 τοῦ
3442 1527 3733 1606 βασιλέως,
3795 1531 3875 1586 δτι

2215 1610 2304 1665 καὶ
2363 1608 2584 1675 ἄκοντας
2642 1615 2841 1677 αὐτοὺς
2895 1615 2946 1671 ἰν
3007 1623 3088 1691 τῷ
3144 1620 3417 1693 Βυζαντίῳ
3461 1619 3750 1689 ἐνώκησεν.
3785 1622 3881 1675 Ἐκ

2216 1696 2273 1754 δὶ
2326 1704 2433 1756 τῶν
2498 1701 2783 1776 ὀνομάτων
2855 1704 3029 1762 αὐτῶν
3104 1706 3392 1785 εἰλήφασιν
3454 1709 3504 1763 οἱ
3563 1710 3722 1762 τόποι
3782 1711 3878 1772 τὰς

2136 1829 2183 1894 Β
2212 1792 2608 1868 προσηγορίας.

2286 1900 2345 1955 Ὁ
2377 1897 2669 1970 Φιλόξενος
2701 1896 2877 1956 ἔκτισε
2906 1902 3232 1980 κινστὲρναν.

2287 1987 2343 2041 Ὃ
2404 1984 2617 2063 Πρόϐος
2670 1990 2920 2065 ἀνήγειρε
2975 1993 3068 2047 τὸν
3141 1994 3264 2047 ναὸν
3343 1998 3439 2048 τοῦ
3513 1991 3870 2070 Προδρόμου,

2217 2073 2379 2152 ὅνπερ
2426 2073 2730 2143 Καϐαλῖνος
2775 2078 3031 2151 ἐποίησεν
3083 2079 3420 2158 ἐργοδόσιον,
3451 2084 3512 2138 τὸ
3572 2083 3871 2158 λεγόμενον

2212 2169 2301 2219 νῦν
2336 2162 2574 2241 Πρόϐου.

2283 2257 2342 2312 '0
2375 2254 2432 2310 δὲ
2489 2262 2763 2330 Δομνῖνος
2818 2247 3024 2315 ἔκτισεν
3078 2265 3227 2315 οἷκον
3288 2262 3364 2323 εἷς
3410 2263 3477 2316 τὰ
3534 2264 3875 2337 Μαυριανοῦ,

2214 2341 2378 2420 ὅνπερ
2411 2345 2554 2421 εἶχεν
2584 2347 2612 2401 ὁ
2645 2347 3036 2424 Ἀγρικόλαος.

2283 2435 2345 2491 Ὀ
2405 2441 2626 2511 Δαρεῖος
2679 2433 2855 2491 ἔκτισε
2908 2440 3001 2493 τὸν
3062 2438 3208 2493 οἶκον
3249 2446 3347 2509 τῆς
3413 2439 3723 2511 Κανατίσης
3779 2446 3875 2497 τοῦ

2215 2520 2499 2599 Σκληροᾶ

2281 2612 2341 2669 Ὀ
2372 2613 2595 2687 Μαῦρος
2637 2607 2809 2669 ἔκτισε
2839 2616 2929 2669 τὸν
2965 2614 3214 2683 οἶκον,’ὀς
3243 2615 3488 2673 καλεῖται
3519 2622 3618 2672 τοῦ
3640 2615 3871 2674 Βελονὶ.

2282 2698 2625 2764 ὈῬοδανὸς
2684 2696 2859 2758 ἔκτισε
2914 2704 3008 2759 τὸν
3068 2705 3238 2778 οἶκον,
3272 2706 3332 2769 ὃς
3387 2703 3635 2761 καλεῖται
3696 2706 3766 2761 1i
3818 2706 3867 2760 ἑν

2212 2785 2481 2863 οὐρανοῖς⁸
2517 2787 2626 2845 ἔστι
2661 2788 2718 2846 δὲ
2745 2799 2844 2863 τῆς
2876 2793 3162 2866 Μαμὲνης.

2280 2878 2339 2935 Ὀ
2401 2876 2737 2942 Σαλούστιος
2798 2877 2999 2936 ἔκτισεν
3078 2881 3249 2953 οἶκον,
3305 2882 3364 2945 ὃς
3446 2880 3698 2939 καλεῖται
3774 2887 3870 2937 τοῦ

2210 2962 2582 3039 Κονδομύτου.

2278 3054 2335 3107 Ὀ
2394 3052 2669 3118 Μόδεστος
2757 3051 2959 3112 ἔκτισιν
3051 3058 3196 3113 οἶκον
3284 3057 3363 3121 εἰς
3439 3058 3567 3121 τοὺς
3645 3060 3872 3135 Ἀγίους

2210 3141 2600 3213 Ἀποστόλους,
2630 3145 2722 3202 τὸν
2757 3144 3057 3223 λεγόμενον
3087 3151 3182 3202 τοῦ
3232 3152 3522 3224 Ααμπροῦ,
3566 3148 3753 3213 καθὼς
3782 3149 3875 3204 καὶ

2210 3235 2299 3285 νῦν
2332 3230 2601 3288 καλεῖται.

2275 3341 2335 3396 Ὁ
2368 3335 2651 3404 Εὔϐουλος
2681 3338 2857 3398 ἔκτισε
2904 3349 3052 3418 τρεῖς
3096 3341 3384 3405 πυλῶνας·
3421 3340 3598 3399 ἔκτισε
3654 3342 3717 3399 δὶ
3774 3345 3872 3399 καὶ

2202 3426 2463 3505 τᾶσσαραε
2523 3425 2798 3502 ἰμϐόλους
2854 3432 2959 3486 ἀπὸ
3014 3437 3112 3487 τοῦ
3172 3432 3450 3490 Παλατίου
3530 3432 3698 3509 μέχρι
3760 3439 3875 3489 τῶν

2204 3516 2474 3593 χερσαίων
2528 3523 2752 3595 τειχῶν,
2794 3519 3138 3597 ὲγχορήγους
3186 3521 3406 3585 θόλους·
3439 3522 3513 3575 ὧν
3562 3523 3591 3576 ὁ
3637 3522 3716 3583 εἷς
3767 3520 3881 3597 ἤρ-

2205 3625 2334 3681 χετο
2389 3608 2494 3662 ἀπὸ
2551 3612 2649 3662 τοῦ
2706 3609 3198 3684 Τζυκανιστηρίου,
3228 3609 3320 3664 καὶ
3376 3614 3481 3664 τῶν
3538 3610 3881 3686 Manciam»,

2203 3696 2293 3750 καὶ
2348 3703 2448 3768 τῆς
2482 3697 2888 3772 Ἀκροπόλεως,
2920 3699 3010 3755 καὶ
3067 3703 3164 3755 τοῦ
3221 3698 3505 3775 Εὐγενίου,
3551 3699 3642 3753 καὶ
3706 3697 3878 3776 διήρ-

2204 3806 2336 3860 χετο
2420 3786 2589 3863 μέχρι
2669 3792 2767 3842 τοῦ
2834 3789 3023 3865 ’Λγίου
3081 3789 3399 3845 Ἀντωνίου.
3458 3790 3519 3846 Ὀ
3579 3786 3627 3843 δ’
3678 3786 3879 3866 ’ἔτερος

2203 3871 2411 3950 ἤρχετο
2469 3876 2574 3930 ἀπὸ
2635 3883 2870 3954 Δαφνῆς,
2921 3877 3010 3931 καὶ
3068 3883 3176 3932 τῶν
3235 3882 3476 3955 Σοφιῶν,
3538 3878 3708 3953 μέχρι
3766 3886 3877 3949 τῆς

2206 3958 2439 4017 Ράὸδου³
2476 3966 2526 4019 οἱ
2577 3962 2623 4019 δ’
2654 3962 2831 4042 ἕτεροι
2877 3964 2973 4021 δύο
3003 3961 3234 4039 ἔμϐολοι
3297 3968 3401 4021 ἀπὸ
3457 3972 3557 4035 τῆς
3613 3966 3876 4037 Χαλκῆς,

2200 4052 2303 4107 ·καὶ
2332 4057 2429 4108 τοῦ
2477 4052 2702 4124 Μιλίου,
2734 4054 2823 4108 καὶ
2866 4058 2963 4109 τοῦ
3008 4056 3212 4129 Φόρου,
3258 4056 3423 4131 μίχρι
3472 4058 3570 4110 τοῦ
3621 4055 3873 4130 Ταύρου,

2201 4142 2291 4195 καὶ
2336 4146 2434 4196 τοῦ
2480 4143 2637 4213 Βοὸς,
2671 4144 2760 4198 καὶ
2810 4148 2907 4198 τοῦ
2939 4142 3284 4214 Ἐξωκιονίου
3317 4143 3501 4200 αὐτοῦ.
3536 4142 3762 4200 Ἐπάνω
3812 4144 3874 4200 δὲ

2200 4235 2308 4285 τῶν
2364 4227 2619 4304 ἐμϐόΛων
2667 4233 2953 4310 περίπατοι
3001 4233 3286 4289 πλακωτοὶ
3341 4231 3566 4303 λίθινοι,
3600 4233 3691 4287 καὶ
3740 4240 3871 4303 στῆ-

2204 4318 2293 4375 λαι
2352 4320 2557 4396 χαλκαῖ
2617 4320 2853 4396 ἄπειροι,
2913 4321 2991 4385 εἷς
3042 4320 3402 4395 διακόσμησιν
3462 4329 3562 4391 τῆς
3624 4322 3865 4383 πόλεως.

2202 4409 2413 4465 Ἔκτισε
2470 4406 2526 4464 δὲ
2573 4411 2661 4464 καὶ
2708 4409 2839 4473 τοὺς
2895 4408 3179 4484 μυδρῶνας
3227 4410 3315 4465 καὶ
3365 4410 3636 4486 ἀγωγοὺς,
3670 4409 3748 4465 δι’
3793 4414 3862 4469 ὧν

2200 4499 2261 4552 τὸ
2295 4496 2442 4574 ὕδωρ
2474 4497 2753 4578 ἐκφέρεται
2805 4500 2909 4555 ἀπὸ
2961 4499 3327 4576 Βουλγαρίας.
3359 4500 3623 4570 Ἐποίησε
3670 4498 3733 4555 Si
3778 4502 3864 4555 καὶ

440 4595 798 4665 enchoregas
820 4593 1025 4647 subter
1073 4591 1406 4646 universam
1436 4591 1640 4647 urbem
1701 4596 2093 4664 transeuntes,

2220 4587 2328 4649 τοὺς
2372 4584 2643 4663 καράϐους
2700 4588 3045 4666 ἐγχορήγους
3106 4588 3191 4644 ἐπὶ
3255 4595 3427 4644 πᾶσαν
3482 4592 3584 4659 τήν
3673 4589 3865 4659 πόλιν,

440 4685 744 4755 aequantes
766 4678 1159 4751 profunditate
1216 4678 1587 4735 altitudinem
1638 4679 1992 4751 porticuum,
2024 4700 2097 4739 ne

441 4788 510 4829 ex
539 4771 741 4827 faetore
773 4768 908 4823 inde
940 4765 1315 4839 proveniente
1348 4767 1537 4822 morbi
1560 4767 1967 4840 gignerentur,
1993 4772 2094 4827 sed

443 4860 636 4919 omnis
666 4858 868 4915 foetida
896 4855 1172 4913 colluvies
1205 4872 1310 4928 per
1358 4873 1456 4912 eas
1488 4855 1548 4911 in
1592 4874 1752 4914 mare
1789 4858 2092 4916 deﬂueret.

441 4951 574 5007 Haec
606 4950 807 5022 igitur,
842 4951 907 5003 ut
935 4946 1159 5003 dictum
1192 4949 1300 5014 est,
1335 4946 1406 5001 ab
1466 4946 1698 5003 Urbicio
1757 4948 2091 5020 praeposito,

442 5039 719 5098 Sallustio
753 5038 1041 5111 praefecto,
1071 5035 1415 5107 caeterisque
1473 5037 1707 5092 condita
1756 5042 1913 5093 sunt.
1976 5041 2094 5093 Im-

440 5135 674 5203 perator
703 5132 899 5185 autem
934 5124 1222 5182 sexcentis
1253 5124 1381 5180 auri
1421 5126 1771 5182 centenariis
1828 5128 1899 5182 ad
1960 5145 2091 5200 por-

437 5222 612 5292 ticus,
637 5218 1018 5292 aquaeductus
1050 5218 1107 5270 et
1147 5231 1349 5271 muros
1407 5217 1798 5271 exstruendos
1848 5217 2090 5284 relictis,

436 5310 563 5381 ipse
594 5310 873 5365 adversus
926 5305 1173 5379 Scythas
1232 5305 1551 5360 exercitum
1593 5306 1815 5374 eduxit,
1874 5309 2090 5380 quibus

436 5398 795 5469 subjugatis,
872 5396 1048 5451 urbes
1128 5393 1394 5450 condidit
1470 5393 1900 5464 Persthlaham,
1991 5398 2086 5453 Di-

434 5490 641 5552 stram,
693 5485 1029 5542 Pliscubam
1117 5487 1173 5538 et
1224 5482 1647 5538 Constantiam.
1710 5483 1840 5540 Haec
1898 5486 2086 5557 spatio

434 5577 688 5633 duorum
739 5590 1030 5631 annorum
1090 5576 1148 5629 et
1201 5570 1466 5639 dimidio,
1530 5576 1771 5627 curante
1828 5575 2083 5646 Hermia,

330 5648 333 5653 v
442 5666 727 5723 aedificata
758 5666 938 5721 fuere.
976 5667 1256 5718 Preierea
1306 5661 1589 5717 exstruxit
1644 5664 1851 5731 aedem,
1909 5663 2083 5736 vulgo

2209 4681 2384 4755 βαθεῖς
2430 4686 2508 4753 τῷ
2553 4680 2672 4756 ὕψει
2728 4680 2852 4737 ὅσον
2899 4686 3006 4736 τῶν
3062 4677 3341 4756 ἐμϐόλων,
3376 4679 3464 4737 διὰ
3491 4682 3552 4737 τὸ
3608 4684 3686 4755 μὴ
3736 4685 3865 4738 εἶναι

2205 4766 2469 4824 δυσωδίαν
2516 4771 2658 4840 τινὰ,
2706 4771 2796 4825 καὶ
2854 4770 3201 4842 ἐνσκήπτωσι
3254 4770 3403 4825 νόσοι
3458 4768 3700 4843 πολλαὶ,
3764 4772 3863 4827 ἀλλ

2205 4858 2279 4920 εἷς
2306 4858 2368 4913 τὸ
2395 4860 2556 4934 βάθος
2589 4856 2899 4935 διᾶρχεσθαι
2948 4860 3043 4921 τὰς
3095 4855 3355 4921 δυσώδεις
3403 4858 3559 4930 ὕλας,
3592 4861 3685 4913 καὶ
3748 4881 3861 4915 κατ·

2204 4946 2455 5023 ἐρχισθαι
2511 4948 2586 5010 εἷς
2644 4949 2745 5017 τὴν
2804 4947 3097 5013 θάλασσαν.
3155 4953 3335 5004 Ταῦτα
3384 4945 3439 5003 δὶ
3516 4946 3861 5019 ἐκτίσθησαν,

2203 5036 2276 5098 ὡς
2340 5034 2570 5110 εἷ’ρηται,
2616 5038 2765 5111 παρὰ
2832 5032 3140 5111 Οὗρϐικίου
3183 5042 3282 5092 τοῦ
3338 5036 3731 5113 πραιποσίτου,
3782 5036 3859 5092 καὶ

2204 5124 2543 5179 Σαλουστίου
2613 5124 2880 5201 ἐπάρχου,
2924 5126 3015 5181 καὶ
3085 5130 3193 5181 τῶν
3244 5126 3480 5195 λοιπῶν,
3539 5126 3861 5181 καταλιπὼν

2201 5216 2382 5279 αὐτοῖς
2450 5218 2773 5292 κεντηνάρια
2848 5217 3080 5293 χρυσίου
3155 5217 3424 5290 ἑξακόσια,
3486 5216 3561 5272 εἷς
3624 5239 3685 5273 τε
3742 5218 3869 5278 τοὺς

2200 5301 2494 5378 ἐμϐόλους,
2542 5307 2668 5368 τοὺς
2716 5306 2992 5382 ἀγωγοὺς,
3042 5307 3131 5362 καὶ
3177 5306 3243 5360 τὰ
3280 5307 3439 5382 τείχη
3470 5325 3483 5338 ·
3539 5304 3755 5371 ἔκιῖνος
3806 5304 3867 5360 δί

2198 5394 2407 5466 ἐκίνησε
2463 5395 2599 5450 κατὰ
2657 5400 2903 5463 Σκυθῶν,
2930 5396 3018 5450 καὶ
3079 5394 3366 5465 ὑποτάξας,
3412 5394 3635 5467 αὐτοὺς,
3688 5393 3865 5451 ἔκτισε

2196 5483 2387 5547 πόλεις
2446 5484 2618 5540 ἆκεῖσε
2670 5486 2770 5555 τὴν
2844 5480 3219 5562 Περσθλάόαν,
3276 5484 3369 5538 καὶ
3442 5486 3544 5554 τὴν
3607 5487 3861 5557 Δίστραν,

2194 5574 2283 5629 καὶ
2337 5576 2435 5643 τήν
2496 5569 2869 5643 ΙΙλισκοόϐαν,
2928 5574 3017 5629 καὶ
3075 5576 3177 5645 τὴν
3228 5573 3624 5632 Κωνσταντίαν.
3681 5579 3873 5631 Ταῦτι

2194 5662 2506 5735 ἐκτίσθησαν
2594 5664 2669 5727 εἷς
2739 5664 2975 5739 χρόνους
3050 5661 3145 5720 δύο
3217 5663 3392 5739 ἥμισυ
3468 5663 3575 5719 ἀπὸ
3673 5672 3877 5742 φωνῆς
