4060 6214
299 248 459 347 1197

1417 284 1784 348 ANONYMI
1829 281 2417 356 ANTIQUITATES
2462 282 2583 344 GP.

3558 288 3718 353 H98

295 415 576 491 Ἑρμείου.
630 421 868 489 "Ex-ttae,
924 414 983 472 δὲ
1032 417 1120 472 καὶ
1152 419 1218 472 τὰ
1250 415 1572 491 Ἀρματίου,
1613 416 1664 471 ἐν
1696 417 1742 489 ᾦ
1767 418 1866 487 τήν
1895 437 1938 471 τε

2064 415 2280 470 dictam
2311 413 2622 482 Harmatii,
2649 414 2709 471 in
2743 431 2860 488 qua
2887 420 3107 474 cortem
3139 418 3356 491 posuit,
3388 435 3720 494 currusque

288 505 492 582 κόρτην
565 502 747 576 ἔπηξε,
813 505 903 561 καὶ
978 505 1044 560 τὰ
1118 506 1333 582 ἅρματα
1406 507 1611 570 τέθεικε
1678 506 1811 580 μετᾶ
1886 506 1948 560 τὸ

293 593 553 667 ὑποτάξαι
607 595 737 657 τοὺς
796 593 1166 665 Βυζοντίους.
1226 597 1320 657 Εἲς
1380 594 1436 651 δὲ
1491 597 1554 651 τὸ
1611 591 1787 668 ὄνομα
1840 598 1947 649 τῶν

286 688 454 760 τριῶν
503 683 667 739 αὐτοῦ
712 684 844 739 υἱῶν
899 683 1075 740 ἔκτισε
1122 687 1188 740 τὰ
1219 683 1486 754 Παλάτια,
1519 685 1585 740 τὰ
1635 684 1951 757 καλούμενα

290 773 792 843 Κωνσταντινιανᾶ,
872 773 965 829 καὶ
1047 776 1114 829 τὰ
1198 774 1467 850 λεγόμενα
1552 776 1621 830 τὰ
1697 778 1945 831 Κῶνστα.

289 866 462 935 "Ec-:1;
492 860 550 918 δὲ
578 864 666 919 καὶ
699 864 727 918 6
760 864 908 926 οἶκος
936 868 1033 919 τοῦ
1065 859 1382 933 Τουϐάκης,
1403 864 1493 918 καὶ
1517 869 1613 918 τοῦ
1647 859 1946 937 Ἰϐηρίτζη,

291 950 440 1015 ὅστις
470 950 714 1008 καλεῖται
745 956 841 1007 τοῦ
872 953 1293 1030 Ἀκροπολίτου.
1322 952 1462 1017 Τοὺς
1492 950 1549 1008 δὲ
1577 952 1853 1021 ναοὺς,καῖ
1883 952 1951 1006 τὰ

290 1040 464 1097 λοιπὰ
494 1041 591 1097 ὅσα
644 1042 927 1116 ἀνήγειρεν
986 1043 1013 1096 6
1048 1041 1234 1117 Μέγας
1273 1047 1698 1114 Κωνσταντῖνος,
1726 1040 1947 1117 ὕστερον

284 1128 367 1194 εἷς
391 1132 459 1187 τὰ
489 1131 617 1208 Περῖ
637 1129 945 1205 κτισμάτων
970 1129 1230 1207 ἐροῦμεν,

2065 503 2296 571 locavit,
2357 520 2488 559 cum
2542 504 2889 576 Byzantinos
2938 506 3340 579 subjugasset.
3389 510 3436 564 A
3485 512 3721 567 nomine

2061 597 2256 649 autem
2328 593 2509 648 trium
2544 594 2796 650 ﬁliorum
2830 595 3094 651 condidit
3122 596 3360 668 palatia,
3393 614 3522 669 quae
3569 599 3718 656 Con-

2062 682 2427 739 stantiniana
2456 687 2513 739 et
2544 683 2879 740 Constantis
2910 692 3351 756 nuncupantur.
3384 690 3739 745 Construxit‘

2060 774 2198 829 item
2232 773 2475 828 domum
2505 774 2772 841 Tubacae,
2792 777 2850 829 et
2878 774 3156 843 Iberitzse,
3176 775 3523 848 Acropolita:
3550 793 3721 834 voca-

2062 863 2499 919 tam.Caterum
2532 863 2604 919 de
2629 862 2868 936 templis
2898 867 2956 919 et
2985 863 3252 935 reliquis,
3276 881 3402 937 qua
3432 870 3721 923 Constan-

2059 952 2223 1008 tinus
2251 955 2500 1023 Magnus
2530 951 2859 1021 aediﬁcavit,
2894 956 3098 1025 postea
3126 952 3184 1009 in
3217 952 3367 1012 libro
3414 956 3490 1012 De
3532 955 3719 1025 adiﬁ-

2058 1042 2163 1097 ciis
2191 1040 2404 1097 dicturi
2437 1056 2665 1097 sumus.

286 1296 365 1351 De
392 1296 559 1353 terra
586 1298 762 1365 motu,
792 1310 898 1367 quo
927 1295 1078 1351 muri
1105 1297 1260 1352 urbis
1293 1295 1395 1350 GP.
1446 1295 1545 1349 sub
1598 1292 1887 1420 Theodosii;
1924 1292 2153 1420 laniari.
2191 1292 2371 1418 (ἕνενεί
2413 1294 2663 1363 fuerunt,
2714 1292 2769 1347 et
2815 1292 3078 1364 quomodo
3126 1293 3196 1350 ab
3244 1293 3430 1352 eodem
3478 1296 3718 1366 Augusto

1774 1380 1863 1420 ms
1889 1380 2027 1420 aura
2056 1380 2075 1418 z
2102 1379 2188 1419 sm
2222 1404 2235 1418 .

1774 1379 2075 1421 instaurat:
2102 1379 2235 1419 διπι.

352 1490 411 1543 '0
460 1486 517 1545 δὲ
560 1490 777 1565 Μικρὸς
824 1487 1113 1552 Θεοδόσιος
1167 1489 1243 1554 εἷς
1288 1490 1378 1544 τὸν
1428 1489 1675 1563 πέμπτον
1738 1486 1938 1564 χρόνον

280 1584 385 1648 τῆς
443 1574 608 1633 αὐτοῦ
660 1576 970 1653 βασιλείας,
1032 1582 1257 1653 σεισμοῦ
1315 1578 1628 1655 γεγονότος,
1690 1577 1781 1633 καὶ
1832 1581 1940 1631 τῶν

276 1671 482 1743 τειχῶν
541 1666 988 1723 καταπιπτόντων
1026 1713 1040 1737 ,
1100 1667 1187 1723 διὰ
1242 1669 1304 1723 τὸ
1361 1666 1488 1730 τοὺς
1568 1664 1943 1741 Ἀμαληκίτας

277 1754 406 1819 τοὺς
469 1757 922 1833 Χατζιντζαρίους
981 1756 1199 1827 οἰκῆσαι
1260 1757 1311 1813 ἐν
1340 1762 1408 1832 τῇ
1440 1755 1624 1826 πόλει,
1654 1757 1744 1811 καὶ
1781 1755 1945 1832 βλασ-

276 1852 533 1924 φημῆσαι
594 1844 843 1924 σφοδρῶς
875 1846 950 1909 sic;
975 1848 1038 1902 τὸ
1070 1848 1393 1923 Τρισάγιον,
1448 1849 1691 1918 ποιήσας
1725 1847 1751 1900 6
1782 1844 1943 1908 αὐτὸς

2122 1486 2488 1543 Theodosius
2537 1501 2673 1543 vero
2731 1486 2945 1543 Junior
2991 1488 3200 1561 quinto
3252 1489 3487 1563 imperii
3536 1508 3714 1561 anno,

2054 1591 2187 1631 cum
2212 1579 2380 1632 terrae
2404 1578 2568 1631 motu
2593 1575 2747 1631 muri
2779 1575 3235 1650 collaberentur,
3266 1595 3333 1635 eo
3358 1581 3515 1653 quod
3544 1583 3718 1638 Ama-

2052 1664 2240 1721 lecitaa
2295 1664 2707 1721 Chatzintzarii
2756 1664 2817 1720 in
2871 1666 3016 1723 urbe
3073 1666 3426 1738 habitarent,
3478 1674 3535 1725 et
3590 1671 3715 1727 bla-

2053 1754 2302 1827 sphema
2345 1754 2503 1810 dicta
2551 1754 2612 1810 in
2636 1754 2976 1826 Trisagium
3013 1756 3401 1826 effunderent,
3434 1775 3636 1831 preces
3658 1765 3716 1817 et

2054 1844 2517 1917 supplicationes
2575 1845 2636 1901 in
2697 1846 2917 1919 Campo
2985 1847 3328 1904 Tribunalis
3397 1866 3516 1906 una
3580 1866 3711 1908 cum

283 1922 540 2012 βασιλεὺς
614 1922 819 1991 ἱκεσίαν
887 1936 975 1991 καὶ
1050 1934 1207 2005 λιτῆν
1266 1922 1347 2000 εἰς
1402 1938 1494 1992 τὸν
1561 1935 1786 2008 Κάμπον
1844 1939 1938 1990 τοῦ

2055 1934 2393 2007 patriarcha
2423 1935 2626 1991 Proclo
2660 1951 2726 1991 ac
2753 1936 3028 1993 universo
3060 1937 3275 2011 populo
3306 1938 3567 1996 instituit
3598 1956 3613 1996 :
3646 1958 3714 1996 ac

278 2019 678 2099 Τριϐουναλίου
741 2025 875 2099 μετὰ
947 2022 1043 2080 τοῦ
1100 2025 1446 2102 πατριᾶρχου
1522 2024 1773 2102 Πρόκλου
1847 2024 1937 2080 καὶ

270 2114 477 2176 Εαντὸς
530 2118 625 2168 τοῦ
679 2111 842 2169 λαοῦο
901 2116 990 2169 καὶ
1041 2115 1138 2187 τὸ,
1193 2115 1356 2190 Κύριε
1403 2114 1653 2185 ἐλέησον,
1704 2113 1939 2190 κραζόν-

272 2204 410 2258 τῶν·
458 2202 535 2258 ἔτι
590 2204 808 2259 πάντων
870 2204 1123 2280 ὁρώντων
1168 2206 1396 2280 ἡρπάγη
1441 2201 1660 2260 παιδίον
1713 2204 1789 2267 εἰς
1842 2204 1935 2258 τὸν

275 2291 431 2366 ἀέρα,
483 2293 573 2347 καὶ
632 2290 865 2362 ἤκουσεν
924 2293 1176 2370 ἀγγέλων
1228 2291 1621 2369 μελῳδούντων
1685 2293 1774 2349 καὶ
1825 2293 1932 2366 ὑμ-

275 2381 541 2438 νούντων.
602 2383 791 2458 ’Δγιος
847 2384 875 2437 6
928 2384 1079 2451 Θεὸς,
1135 2381 1288 2457 ἅγιος
1347 2382 1776 2460 ἷσχυρὸς,ὁίγιος
1805 2380 1933 2447 ἀθά-

276 2491 465 2538 νατος,
530 2468 754 2542 ἐλᾶησον
807 2474 976 2545 ἡμᾶς.
1035 2474 1149 2530 Τοῦ
1205 2470 1424 2528 παιδίου
1474 2472 1857 2540 κατελθόντος,
1907 2474 1934 2527 6

277 2559 415 2621 λαὸς
466 2558 732 2634 ἐμελῴδει
791 2558 984 2631 οὕτως,
1035 2561 1124 2617 καὶ
1174 2561 1300 2633 ἔστη
1354 2563 1382 2617 6
1438 2562 1680 2637 σεισμός.
1716 2565 1815 2617 Καὶ
1848 2560 1937 2617 διὰ

272 2652 448 2703 ταῦτα
498 2648 715 2720 ἐξέωσεν
776 2651 804 2705 6
856 2650 1111 2725 βασιλεὺς
1184 2652 1388 2714 πάντας
1440 2652 1567 2715 τοὺς
1625 2651 1933 2729 αἱρετικοὺς

276 2736 342 2792 ἐκ
392 2740 491 2807 τῆς
548 2738 785 2809 πόλεως,
848 2740 937 2794 καὶ
995 2740 1061 2795 τὰ
1127 2739 1289 2817 τείχη
1358 2736 1602 2811 ἐξέϐαλεν
1681 2741 1787 2797 ἀπὸ
1838 2745 1934 2796 τοῦ

276 2827 635 2898 Ἐξωκιονίου
688 2831 853 2904 μέχρι
905 2835 1005 2899 τῆς
1062 2830 1317 2906 χρυσίας’
1371 2830 1419 2905 ἐξ
1472 2831 1538 2885 οὗ
1578 2832 1666 2887 καὶ
1724 2830 1932 2902 στήλην

280 2915 451 2972 αὐτοῦ
500 2915 715 2988 ἴστήσεν
780 2912 997 2973 ὄπισθεν
1062 2922 1168 2973 τῶν
1213 2917 1552 2998 ἐλεράντων·
1604 2919 1695 2975 καὶ
1755 2915 1935 2975 ἀνεϐί-

278 3001 413 3060 ϐασε
479 3007 571 3061 καὶ
645 3007 705 3061 τὸ
775 3006 1042 3082 παράλιον
1112 3012 1337 3083 τεῖχος,
1398 3009 1502 3064 ἀπὸ
1555 3012 1652 3079 τῆς
1709 3006 1934 3065 Ῥαύδου

282 3093 454 3171 μέχρι
509 3099 610 3165 τῆς
661 3095 927 3169 Χρυσίας,
979 3098 1082 3151 άπὸ
1128 3101 1225 3152 τοῦ
1281 3099 1465 3175 Ἀγίου
1525 3099 1817 3156 Ἀντωνίου
1871 3098 1939 3154 τὰ

272 3186 583 3259 Ἀρματίου
633 3186 800 3262 μέχρι
848 3183 1182 3261 Βλαχερνῶν
1212 3188 1301 3242 καὶ
1345 3190 1510 3263 μέχρι
1540 3191 1641 3259 τῆς
1673 3188 1933 3263 Χρυσίας.

2054 2025 2197 2079 dum
2247 2026 2417 2097 Kyrie
2472 2027 2681 2081 elez'son
2736 2031 3068 2098 cantarent,
3114 2027 3397 2101 puerulus
3445 2029 3710 2101 quidam,

2051 2116 2281 2172 cunctis
2339 2116 2697 2187 videntibus,
2762 2116 2823 2171 in
2881 2133 3074 2174 aerem
3147 2119 3426 2192 abreptus
3491 2120 3716 2179 audivit

2051 2205 2291 2278 angelos
2350 2209 2628 2262 canentes
2687 2222 2699 2261 :
2751 2206 2987 2262 Sanctus
3043 2209 3207 2280 Deus,
3255 2214 3479 2267 sanctus
3530 2210 3713 2283 fortis,

2045 2302 2266 2352 sanctus
2296 2294 2664 2361 immortalis,
2697 2310 2960 2353 mzserere
2992 2297 3152 2353 nobis
3202 2314 3216 2354 :
3269 2314 3450 2371 puero
3497 2299 3714 2357 iterum

2050 2386 2110 2440 in
2166 2388 2385 2441 terram
2435 2383 2721 2453 demisso,
2742 2412 2747 2416 -
2770 2384 3026 2457 populus
3058 2386 3130 2442 ad
3161 2388 3437 2444 eumdem
3468 2388 3713 2447 modum

2045 2473 2282 2541 cecinit,
2314 2472 2632 2545 desilitque
2660 2477 2826 2529 terrae
2874 2477 3073 2532 motus
3124 2489 3139 2531 :
3193 2481 3553 2551 quapropter
3599 2478 3712 2535 im-

2046 2566 2277 2636 perator
2298 2580 2504 2619 omnes
2544 2562 2855 2620 haereticos
2876 2579 2946 2619 ex
2969 2564 3115 2621 urbe
3155 2566 3347 2638 ejecit,
3383 2583 3705 2639 murosque

2047 2654 2119 2709 ab
2169 2652 2479 2709 Exocionio
2524 2653 2595 2708 ad
2630 2656 2861 2724 portam
2894 2654 3139 2709 Auream
3174 2670 3389 2733 usque,
3411 2656 3658 2727 protulit
3687 2678 3702 2718 :

2047 2761 2229 2816 quare
2257 2744 2435 2800 etiam
2461 2761 2611 2818 pone
2634 2744 2982 2816 elephantos
3012 2745 3187 2802 isthic
3224 2745 3538 2804 collocatos
3583 2751 3705 2805 sta-

2047 2838 2209 2889 tuam
2243 2850 2414 2890 suam
2437 2833 2637 2890 erexit.
2672 2833 2960 2890 Prwterea
2991 2838 3046 2891 et
3070 2851 3309 2892 murum
3341 2837 3706 2894 maritimum

2047 2940 2081 2978 ει
2115 2922 2353 2979 Rhahdo
2387 2924 2460 2979 ad
2496 2927 2727 2994 portam
2755 2925 3009 2979 Auream
3040 2925 3322 2995 extendit,
3372 2928 3430 2982 et
3478 2942 3513 2982 a
3560 2927 3706 2983 San-

2048 3014 2141 3067 cto
2168 3011 2443 3078 Antonio,
2479 3011 2765 3067 Harmatii
2793 3012 2968 3080 dicto,
3004 3029 3192 3085 usque
3223 3014 3294 3069 ad
3325 3013 3705 3084 Blachernas,
3806 3012 3809 3019 “

2046 3104 2103 3156 et
2134 3100 2206 3155 ad
2240 3104 2468 3172 portam
2491 3105 2910 3157 Auream.Duae
2942 3108 3137 3159 autem
3169 3103 3453 3160 factiones
3485 3104 3707 3177 populi,

2048 3189 2119 3244 ab
2174 3190 2303 3261 ipso
2361 3189 2718 3262 imperatore
2773 3190 3100 3247 Theodosio
3152 3191 3204 3248 ei
3250 3192 3333 3248 rei
3382 3192 3704 3261 destinata,

272 3274 346 3331 Οἱ
378 3270 437 3328 δὶ
486 3269 581 3329 δύο
628 3272 796 3349 δῆμοι
848 3272 1057 3331 ἔκτισαν
1111 3276 1181 3331 τὰ
1230 3274 1391 3352 τείχη
1443 3278 1569 3352 παρ’
1618 3277 1781 3332 αὐτοῦ
1840 3282 1937 3332 τοῦ

2055 3295 2256 3336 muros
2288 3279 2435 3337 istos
2465 3279 2877 3347 condiderunt,
2911 3278 2997 3335 uti
3026 3279 3087 3335 in
3136 3279 3288 3338 libro
3337 3282 3412 3338 De
3456 3282 3711 3353 aediﬁcii:

279 3363 553 3439 βασιλέως
611 3362 898 3420 Θεοδοσίου
957 3364 1283 3441 ὀρισθέντις,
1331 3366 1512 3428 καθὼς
1553 3366 1631 3429 εἷς
1685 3368 1751 3422 τὰ
1802 3367 1932 3442 Περὶ

274 3453 593 3527 κτισμάτων
628 3452 878 3530 ἐροῦμεν.

741 3545 877 3619 Ηερὶ
901 3547 999 3599 τοῦ
1030 3542 1472 3619 Αὖγουστιῶνος.

348 3635 426 3705 Τῇ
485 3630 708 3707 πέμπτῃ
763 3637 861 3687 τοῦ
917 3628 1259 3710 Ὀκτωϐρίου
1338 3635 1512 3707 μηνὸς
1568 3634 1825 3713 ἐχόρευον
1884 3636 1937 3690 οἱ

280 3718 639 3797 ρεγεονάρχαι
670 3720 722 3775 ἐν
779 3722 860 3794 τῷ
917 3720 1215 3795 Γουστείῳ,
1264 3719 1430 3797 ἤγουν
1487 3727 1567 3796 τῷ
1610 3724 1935 3799 ὀψοπωΛίῳ,

276 3808 355 3871 εἷς
404 3810 503 3877 τήν
568 3811 736 3883 τιμὴν
786 3815 883 3865 τοῦ
930 3811 1065 3865 κατὰ
1131 3811 1222 3865 τὸν
1277 3813 1463 3887 καιρὸν
1525 3812 1727 3869 ἐκεῖνον
1787 3816 1936 3888 βασι-

276 3896 557 3959 λευόντος⁸
618 3899 676 3953 ὃν
729 3899 779 3954 οἱ
841 3896 1053 3954 ἰδιῶται
1112 3899 1493 3974 Αὐγουστιωνα
1541 3901 1825 3972 ἐκάλεσαν,
1883 3903 1935 3959 ἐν

272 3985 320 4060 ᾧ
348 3987 441 4041 καὶ
474 3987 681 4058 στήλην
705 3981 896 4058 ἔστησε
927 3994 1328 4051 Κωνσταντῖνος
1373 3996 1474 4060 τῆς
1510 3992 1717 4066 μητρὸς
1748 3992 1932 4046 αὐτοῦ·

273 4072 364 4131 διὸ
417 4076 506 4131 καὶ
558 4075 877 4149 ἐπωνόμασε
924 4077 1015 4132 τὸ)
1066 4077 1233 4133 τόπον
1286 4078 1700 4154 Δύγουστιῶνα,
1748 4082 1935 4156 ἅτερον

276 4164 605 4220 Γουστείονα
634 4164 891 4242 λέγομεν.

274 4272 408 4348 Περὶ
450 4277 546 4327 τοῦ
600 4273 770 4350 αὐτοῦ
827 4272 1284 4350 Αὐγουσπιῶ-νος·
1354 4273 1499 4350 διατί
1562 4281 1791 4350 σφαῖραν
1844 4275 1936 4330 καὶ

530 4347 759 4420 σταυρὸν
791 4344 1002 4423 κρατῶν
1034 4346 1114 4424 ἐφ’
1144 4345 1319 4402 ’ίππου
1350 4344 1682 4418 ἐστήλωται.

350 4451 413 4507 Ὁ
443 4451 625 4528 Μέγας
684 4451 1062 4515 Ἰουστινιανὸς
1113 4453 1301 4514 κτίσας
1351 4452 1450 4521 τὴν
1496 4452 1683 4527 Ἁγίαν
1734 4451 1934 4530 Σοφίαν

273 4539 510 4611 ἐκάθηρε
565 4540 663 4609 τήν
722 4538 894 4609 αὐλὴν
929 4583 943 4610 ,
1016 4541 1106 4596 καὶ
1186 4541 1552 4617 ἐμαρμάρωσι
1614 4540 1815 4611 ταύτην
1873 4542 1936 4596 τὸ

273 4627 541 4732 πρότερον
594 4629 767 4732 οῦσαη
807 4634 1144 4732 Ιὶουστεῖον,ι
1173 4630 1257 4732 ὡς.
1308 4626 1540 4732 εἷίρηταὲ
1597 4627 1765 4732 ἤγουν
1801 4631 1937 4732 ὀιξο-
1968 4668 2015 4732 D

272 4715 514 4775 πώλιον.
559 4718 651 4773 Διὸ
682 4719 771 4773 καὶ
824 4716 1015 4790 ἔστησε
1060 4720 1149 4774 καὶ
1198 4719 1295 4789 τήν
1350 4717 1539 4774 ἐαυτοῦ
1583 4717 1793 4791 στήλην
1845 4714 1936 4797 ἔφ-

279 4827 445 4862 ιππον
499 4806 587 4862 ἐπὶ
615 4813 712 4863 τοῦ
742 4809 948 4870 κίονος·
1001 4809 1088 4863 καὶ
1141 4812 1210 4882 τῇ
1249 4808 1342 4882 μὲν
1378 4810 1630 4886 ἀριστερᾷ
1669 4810 1815 4885 χειρὶ
1846 4806 1937 4882 φε-

279 4916 359 4970 ρει
394 4902 641 4975 σφαῖραν,
693 4898 925 4973 σταυροῦ
968 4896 1354 4974 ἐμπεπηγότος
1405 4896 1455 4951 ἐν
1486 4897 1662 4972 αὐτῇ·
1719 4900 1801 4953 ὅτι
1852 4895 1942 4952 διὰ

275 4992 379 5054 τῆς
429 4985 505 5048 εἷς
558 4987 785 5063 σταυρὸν
838 4986 1072 5051 πίστεως
1109 4989 1209 5056 τῆς
1256 4993 1361 5061 γῆς
1414 4986 1626 5058 ἀπάσης
1678 4986 1943 5063 ἐγκρατὴς

278 5074 488 5152 γέγονε.
537 5081 750 5151 Σφαῖρα
816 5077 912 5150 μὲν
961 5078 1065 5153 γὰρ
1110 5079 1144 5146 ἡ
1197 5084 1294 5152 γῆ,
1345 5074 1434 5131 διὰ
1488 5077 1548 5131 τὸ
1598 5074 1939 5154 σφαιροειδὲς

278 5168 377 5219 τοῦ
426 5164 596 5234 αὐτῆς
648 5168 959 5241 σχήματος⁹
1011 5167 1193 5229 πίστις
1246 5163 1303 5220 δὲ
1332 5167 1358 5220 6
1391 5167 1618 5240 σταυρὸς
1650 5164 1738 5220 διὰ
1762 5165 1853 5219 τὸν
1887 5165 1938 5219 ἐν

280 5253 434 5325 αὖτῷ
491 5252 922 5328 προσηλωθὲντα
969 5255 1129 5330 σαρκὶ
1187 5256 1354 5310 Θεόνσ
1414 5255 1512 5323 τὴν
1567 5252 1738 5324 δεξιάν
1780 5259 1943 5328 χεῖρα

275 5341 672 5417 ἐνατεταμένην
739 5341 971 5420 ἔχουσαν
1044 5344 1180 5399 κατά
1242 5343 1547 5413 ἀνατολὰς,
1612 5343 1696 5398 καὶ
1760 5346 1942 5397 στάσιν

277 5437 390 5487 τῶν
454 5435 675 5510 Περσῶν
735 5434 1137 5508 σημαίνουσαν,
1192 5432 1280 5488 καὶ
1336 5434 1411 5507 μὴ
1472 5428 1802 5507 μεταϐαίνειν
1856 5432 1943 5489 ἐπὶ

284 5529 387 5592 τῆς
443 5524 759 5598 Ῥωμαϊκῆς
826 5527 966 5601 γῆς,
1030 5521 1119 5580 διὰ
1174 5530 1274 5596 τῆς
1331 5522 1635 5586 ἀνατάσεως
1700 5523 1790 5579 καὶ
1839 5524 1944 5580 ἀπ-

283 5612 470 5676 ώσεως
541 5619 641 5685 τῆς
711 5614 902 5693 χειρὸς
960 5615 1144 5693 βοῶν’
1212 5619 1409 5686 Στῆτε,
1462 5613 1685 5690 Πέρσαι,
1728 5613 1818 5670 καὶ
1867 5616 1942 5691 μή

2050 3372 2339 3427 dicemus.

2640 3549 2715 3604 De
2742 3548 3101 3620 Augustione.

2117 3633 2332 3700 Quinta
2360 3634 2457 3691 die
2490 3634 2711 3691 mensis
2744 3635 3033 3704 Octobris,
3086 3637 3345 3710 praefecti
3392 3637 3702 3711 regionum

2047 3724 2293 3782 urbisin
2321 3724 2560 3791 Gusteo,
2608 3741 2714 3781 seu
2766 3725 2889 3780 foro
2934 3725 3178 3795 cibario,
3228 3727 3473 3784 choreas
3521 3728 3703 3785 duce-

2047 3814 2192 3871 bant
2224 3814 2281 3868 in
2312 3814 2595 3870 honorem
2622 3814 2997 3887 imperatoris
3027 3814 3192 3871 illius
3220 3816 3706 3889 temporis;quem

2045 3903 2239 3959 locum
2272 3902 2480 3975 vulgus
2509 3903 2933 3975 Augustiouem
2966 3903 3223 3975 appellat
3252 3920 3266 3961 :
3293 3919 3409 3976 quo
3440 3904 3613 3962 etiam
3642 3905 3706 3962 in

2048 3992 2174 4048 loco
2199 4009 2318 4046 suae
2336 3990 2558 4059 ,matris
2581 3997 2845 4047 statuam
2869 3991 3296 4049 Constantinus
3325 3993 3509 4049 erexit
3540 4009 3554 4048 :
3589 4009 3709 4065 qua

2047 4082 2119 4135 de
2150 4096 2209 4135 re
2243 4079 2435 4135 locum
2468 4077 2640 4134 illum
2675 4081 3052 4151 Augustiona
3070 4082 3315 4152 vocavit;
3350 4098 3528 4156 quem
3560 4080 3706 4139 alias

2046 4169 2389 4225 Gustionem
2423 4167 2815 4239 appellamus.

2047 4278 2121 4331 De
2150 4276 2329 4332 eodem
2362 4274 2728 4343 Augustione.
2759 4277 2946 4344 Quare
2968 4278 3237 4349 equestri:
3261 4282 3454 4335 statua
3479 4278 3705 4349 globum

2447 4349 2497 4401 et
2524 4362 2744 4403 crucem
2777 4351 2967 4403 tenens
2993 4355 3173 4403 erecta
3200 4349 3296 4403 sit.

2117 4454 2261 4508 Cum
2293 4452 2671 4507 Justinianus
2700 4456 2946 4525 Magnus
2990 4452 3278 4524 templum
3321 4453 3544 4511 Sancta
3596 4453 3707 4511 So-

2047 4542 2197 4616 phias
2228 4541 2596 4611 aedificasset,
2629 4542 2976 4615 expurgavit
2996 4539 3173 4598 etiam
3205 4558 3425 4614 aream,
3456 4559 3707 4618 eamque

2049 4631 2442 4688 marmoribus
2501 4631 2817 4700 exornavit,
2878 4647 3012 4687 cum
3061 4635 3233 4688 antea
3281 4632 3590 4703 Gusteum,
3641 4636 3710 4691 ut

2050 4723 2272 4778 dictum
2306 4725 2414 4787 est,
2449 4735 2550 4777 seu
2600 4721 2793 4776 forum
2843 4720 3133 4777 cibarium
3184 4726 3342 4779 esset
3393 4738 3407 4778 :
3455 4723 3709 4796 ideoque

2050 4817 2313 4869 statuam
2345 4827 2512 4867 suam
2545 4815 2874 4883 equestrem
2925 4811 3006 4867 ibi
3058 4811 3345 4868 columnae
3396 4812 3705 4887 imposuit,

2051 4920 2178 4975 quae
2230 4901 2473 4959 sinistra
2520 4915 2700 4956 manu
2751 4899 2991 4974 globum
3040 4904 3224 4971 tenet,
3274 4903 3371 4959 cui
3414 4920 3556 4960 crux
3604 4921 3706 4961 su-

2052 4991 2335 5064 perinﬁxa
2364 4993 2475 5059 est,
2525 4988 2801 5061 quoniam
2853 4990 2926 5046 ob
2966 4989 3142 5046 ﬁdem
3185 4990 3247 5047 in
3296 5008 3529 5049 crucem
3576 4993 3708 5049 uni-

2052 5080 2201 5137 versi
2250 5084 2539 5135 terrarum
2591 5079 2752 5135 orbis
2800 5078 3117 5152 imperium
3152 5081 3401 5153 adeptus
3431 5085 3541 5137 est.
3573 5081 3705 5137 Glo-

2050 5171 2163 5225 bus
2191 5167 2348 5225 enim
2378 5171 2596 5224 terram
2629 5167 3022 5241 significat,ob
3055 5169 3184 5239 ejus
3218 5169 3413 5241 figurae
3445 5169 3709 5225 rotundi-

2052 5261 2267 5324 tatem;
2303 5257 2477 5313 fidem
2510 5273 2647 5313 vero
2681 5275 2844 5317 crux.
2894 5257 3033 5331 quia
3080 5257 3235 5312 Deus
3282 5257 3342 5311 in
3394 5271 3571 5312 carne
3618 5256 3704 5313 illi

2053 5348 2165 5403 fuit
2195 5347 2424 5415 afﬁxus;
2451 5348 2747 5404 dexteram
2779 5352 2977 5404 autem
3011 5362 3251 5402 manum
3278 5362 3484 5402 versus
3513 5346 3706 5404 orien-

2052 5441 2171 5494 tem
2230 5440 2530 5493 extensam
2589 5437 2784 5506 habet,
2844 5437 3160 5493 Persarum
3223 5435 3553 5509 irruptione
3610 5437 3705 5494 in-

2054 5543 2266 5599 nuens,
2299 5542 2517 5600 eosque
2544 5525 2882 5585 extensione
2911 5528 2967 5583 et
2997 5522 3260 5598 (repulsu
3310 5543 3523 5585 manus
3575 5544 3709 5602 pro-

2054 5616 2277 5675 vincias
2307 5617 2601 5675 Romanos
2634 5617 2905 5674 invadere
2947 5618 3171 5689 vetans,
3220 5615 3315 5677 his
3363 5615 3533 5691 quasi
3576 5633 3708 5677 ver-
