4060 6214
462 336 618 398 1199

1416 329 1810 390 ΛΡΡΕΝΟΙΧ
1852 330 1955 386 AD
2002 327 2462 388 MICHAELEM
2508 324 2901 387 PSELLUM.

3720 328 3876 389 ιεοο

461 468 556 523 bis
603 481 621 524 :
670 466 855 531 State,
905 467 1114 529 Perse,
1172 478 1279 518 nec
1335 459 1580 516 ulterius
1637 459 2102 532 progredimini:

2226 456 2415 529 πρόσω
2468 462 2723 531 χωρεῖτε’
2794 455 2856 509 οὐ
2903 456 3014 529 γὰρ
3073 453 3304 509 συνοίσει
3339 457 3489 527 ὑμῖν,
3521 458 3629 513 Τὸν
3661 456 3753 512 οὖν
3782 460 3876 513 αὐ-

461 571 652 628 neque
681 554 839 610 enim
869 553 1156 608 conducet
1191 551 1380 606 vobis.
1423 554 1626 604 Fertur
1666 551 1864 619 itaque
1910 548 2107 619 ipsum

459 644 861 702 Justinianum
893 643 964 697 de
995 642 1170 696 rebus
1200 657 1235 694 a
1276 638 1555 693 Belisario
1610 638 1792 709 gestis
1840 637 2108 692 inﬂatum

459 735 659 788 animo
690 733 892 787 fuisse.
928 730 1025 784 Hic
1054 728 1255 798 itaque
1288 726 1599 782 Belisarius
1650 732 1856 781 contra
1903 727 2110 781 Persas

460 829 521 879 et
540 821 798 893 reliquas
818 819 1071 876 Orientis
1094 818 1363 871 nationes
1386 816 1457 871 ab
1481 817 1831 887 imperatore
1857 814 2109 885 legatus,

460 927 596 967 cum
626 924 831 965 omnes
860 905 1232 975 debellasset,
1257 906 1329 960 ad
1362 905 1825 975 Oppugnandum
1859 904 2110 959 Gelime-

461 1015 584 1055 rem
616 998 835 1053 missus
865 996 978 1050 fuit
998 995 1069 1048 ad
1104 994 1517 1048 Mauritaniam
1551 1010 1564 1049 ε
1599 992 1733 1048 istic
1766 994 2110 1047 observante

457 1092 515 1143 et
542 1089 936 1143 commeatum
967 1083 1397 1138 intercludente
1427 1082 1715 1151 Pharano,
1741 1082 1799 1136 in
1834 1097 2109 1152 magnam

457 1175 734 1232 frumenti
766 1173 1072 1245 penuriam
1107 1173 1407 1241 conjectus
1436 1180 1524 1226 est
1548 1171 1842 1238 Gelimer;
1874 1171 2014 1239 quia
2048 1170 2107 1223 in

457 1262 807 1320 Mauritania
865 1263 1228 1317 frumentum
1299 1276 1412 1315 non
1469 1260 1705 1325 seritur,
1767 1260 1868 1315 sed
1929 1260 2110 1314 coctis

455 1352 634 1425 olyris
662 1357 1001 1407 vescuntur.
1033 1350 1181 1404 Tum
1209 1348 1307 1403 ille
1337 1349 1538 1403 missis
1589 1347 1800 1403 litteris
1853 1347 2111 1418 postulat

452 1443 524 1497 ab
549 1441 923 1511 imperatore,
957 1445 1021 1492 ut
1050 1438 1161 1492 sibi
1194 1453 1428 1508 panem,
1462 1437 1771 1508 spongiam
1816 1442 1873 1491 et
1920 1436 2108 1490 citha-

450 1547 575 1585 ram
608 1529 991 1585 transmittat.
1038 1527 1295 1597 Stupens
1340 1526 1520 1596 igitur
1567 1526 1886 1595 imperator
1935 1542 1968 1579 a
2017 1530 2109 1579 ta-

451 1619 694 1674 bellario
755 1616 1112 1683 sciscitatur,
1165 1632 1270 1671 cur
1324 1614 1437 1670 ista
1495 1619 1733 1686 peteret.
1784 1614 2110 1685 Respondit

449 1707 549 1763 ille
581 1723 595 1762 :
630 1707 848 1761 Panem
881 1704 1273 1775 scilicet,quia
1300 1704 1497 1759 cibum
1526 1703 2105 1775 expetit;spongiam,

2218 546 2309 599 τὸν
2362 544 2735 602 Ἰουστινιανὸν
2782 542 2998 619 λέγεται
3052 542 3351 618 ἐπαρθῆναι
3400 551 3516 607 τοῖς
3568 551 3668 600 τοῦ
3721 547 3877 603 Βελι-

2221 634 2409 708 σαρίου
2455 633 2825 708 εὐτυχήμασιν
2863 675 2875 689 .
2924 630 3095 693 Οὗτος
3148 629 3238 685 οὖν
3296 631 3512 696 σταλεὶς
3570 635 3707 688 κατὰ
3772 641 3874 689 τῶν

2221 727 2439 794 Περσῶν
2472 722 2559 776 καὶ
2589 727 2697 776 τῶν
2742 721 2949 777 λοιπῶν
2996 726 3104 775 τῶν
3134 723 3232 789 τῆς
3266 722 3571 792 Ἀνατολῆς
3602 726 3755 799 παρὰ
3783 730 3876 778 τοῦ

2225 810 2535 885 βασιλέως,
2581 812 2672 864 καὶ
2725 811 2928 871 πάντας
2976 812 3577 886 κατατροπωσάμενος,
3632 813 3727 866 καὶ
3786 820 3877 867 Γε-

2222 899 2419 975 λίμερα
2465 907 2732 974 κρατῆσαι
2798 898 3109 954 ἀπέστειλεν
3163 899 3320 955 αὐτὸν
3370 900 3449 961 εἷς
3506 902 3875 972 Μαυρουσίαν,

2219 987 2389 1043 ἆκεῖσε
2435 994 2718 1062 τηρεῖσθαι
2759 988 2864 1043 ύπὸ
2918 992 3014 1043 τοῦ
3064 993 3241 1062 Φαρᾶ,
3294 988 3352 1049 ὃς
3386 988 3461 1051 εἷς
3494 988 3740 1064 μεγάλην
3794 989 3871 1045 ἔν-

2220 1075 2363 1131 δειαν
2424 1076 2588 1150 ἄρτου
2640 1078 2884 1152 γεγονὼς
2938 1075 3027 1131 διὰ
3073 1078 3135 1131 τὸ
3185 1079 3260 1148 μὴ
3324 1076 3375 1132 ἐν
3448 1082 3528 1149 τῷ
3576 1079 3731 1151 τόπῳ
3779 1087 3873 1149 τῆς

2221 1165 2565 1240 Μαυρουσίας
2596 1172 2743 1220 σῖτον
2792 1168 3167 1241 γεωργεῖσθαι,
3219 1165 3346 1221 ἀλλ’
3394 1167 3549 1242 ἑφθὸν
3604 1168 3702 1231 τὰς
3745 1168 3871 1223 ὀλύ-

2220 1274 2315 1327 ρας
2366 1256 2647 1322 σιτεῖσθαι,
2699 1252 2895 1331 ἔγραψε
2940 1259 3020 1326 τῷ
3068 1252 3283 1328 βασιλεῖ
3326 1254 3533 1310 στεῖλαι
3585 1257 3732 1328 αύτῷ
3778 1259 3875 1332 ἆρ-

2216 1364 2308 1397 τον
2357 1342 2445 1397 καὶ
2495 1342 2731 1418 σπόγγον
2787 1343 2877 1397 καὶ
2916 1344 3165 1417 κιθάραν.
3216 1344 3278 1399 Ὁ
3332 1342 3389 1397 δὲ
3444 1343 3740 1418 ἂκπλαγεὶς
3785 1344 3872 1401 ἐπὶ

2216 1432 2454 1502 τούτοις,
2506 1430 2670 1505 ἤρετο
2714 1433 2805 1486 τὸν
2859 1430 3149 1487 ἐπιστολέα
3196 1431 3349 1494 τίνος
3398 1432 3558 1507 χάριν
3592 1433 3758 1488 ταῦτά
3811 1456 3874 1509 γε

2219 1520 2484 1590 ἐπιζητεῖ.
2543 1522 2643 1576 Καὶ
2693 1521 2917 1591 ἐξεῖπεν,
2970 1520 3052 1575 ὅτι
3102 1519 3258 1595 ἄρτον
3313 1522 3432 1593 μὶν,
3485 1520 3573 1576 διὰ
3614 1524 3678 1578 τὸ
3709 1523 3872 1577 αὐτὸν

2219 1608 2497 1681 ἐπιθυμεῖν
2548 1630 2605 1663 τε
2655 1608 2743 1663 καὶ
2792 1614 3005 1686 φαγεῖν·
3042 1607 3300 1683 σπόγγον,
3349 1606 3525 1663 διὰτὸ
3568 1609 3750 1665 λούειν
3809 1611 3873 1665 τὸ

2218 1697 2353 1752 ἅπαν
2387 1697 2551 1752 αὐτοῦ
2600 1702 2761 1769 σῶμα
2814 1699 2914 1751 ὑπὸ
2970 1701 3076 1751 τῶν
3132 1694 3401 1771 δακρύων·
3458 1700 3556 1765 τὴν
3609 1697 3665 1752 δὲ
3714 1702 3876 1762 κιθάο

453 1802 519 1851 ut
547 1812 761 1867 corpus
790 1798 979 1850 totum
1011 1793 1287 1865 lacrymis
1316 1792 1515 1848 abluat
1548 1810 1561 1847 :
1595 1792 1903 1860 citharam,
1940 1796 2003 1845 ut
2046 1793 2102 1845 in

2220 1807 2335 1861 ραν,
2400 1784 2491 1841 διὰ
2549 1787 2611 1840 τὸ
2659 1788 3089 1862 παραμυθεῖσθαι
3136 1787 3311 1857 ἑαυτῷ
3357 1792 3477 1849 ταῖς
3526 1794 3871 1865 συμφοραῖς.

453 1884 889 1940 calamitatibus
941 1883 1052 1939 sibi
1098 1883 1306 1938 solatio
1356 1882 1450 1937 sit.
1504 1882 1670 1937 Tunc
1719 1881 2106 1937 admiratione

453 1972 819 2045 stupefactus
852 1973 1171 2043 imperator
1212 1972 1510 2042 postulata
1540 1970 1703 2026 misit
1754 1986 1766 2025 ε
1803 1969 1931 2025 ideo
1981 1986 2103 2025 ere-

451 2066 584 2117 ctus
631 2061 827 2117 animo
872 2060 1250 2116 Justinianus
1298 2066 1634 2131 equestrem
1682 2057 1793 2114 sibi
1848 2061 2104 2114 statuam

453 2150 740 2208 columna
770 2150 1073 2222 imposuit.
1119 2150 1232 2205 Sed
1281 2154 1486 2221 postea
1535 2148 1755 2204 invidia
1806 2153 2000 2204 motus
2045 2148 2105 2203 in

452 2238 936 2296 strenuissimum
1001 2239 1211 2294 ducem
1285 2237 1651 2305 Belisarium,
1723 2237 1838 2309 ipsi
1906 2235 2106 2293 oculos

451 2326 673 2397 eﬂodit,
696 2327 1000 2398 jussitque
1038 2327 1239 2382 sedere
1288 2342 1424 2382 eum
1473 2327 1544 2382 ad
1597 2326 1766 2383 Lauri
1816 2330 2107 2381 monaste-

451 2416 769 2485 rium,dato
800 2416 1037 2471 vasculo
1070 2420 1345 2481 testaceo,
1377 2420 1441 2470 ut
1471 2415 1572 2487 qui
1602 2414 1735 2470 illac
1765 2413 2103 2481 transirent,

455 2502 695 2560 obolum
726 2503 786 2559 in
817 2503 963 2559 illud
997 2504 1376 2574 conjicerent.
1916 2519 1920 2522 ’

630 2615 713 2666 De
739 2613 939 2666 statuis
967 2627 1086 2680 qua:
1117 2612 1176 2664 in
1207 2610 1403 2666 Chalce
1431 2614 1633 2667 erectae
1659 2612 1932 2665 visuntur.

526 2706 590 2755 In
623 2698 834 2755 Chalce
864 2700 1148 2770 proxime,
1199 2700 1367 2770 quasi
1418 2704 1555 2754 ante
1601 2699 1800 2769 palatii
1846 2700 2107 2755 ambula-

456 2804 645 2853 crum,
678 2785 908 2858 inclytaa
936 2786 1257 2842 Pulcherim
1286 2792 1477 2843 erecta
1507 2792 1597 2843 est
1621 2793 1819 2843 statua
1870 2805 1882 2843 :
1931 2789 2105 2843 Zeno-

456 2876 551 2931 nis
578 2875 718 2930 ilem
750 2880 806 2930 et
834 2874 1119 2931 Ariadnes
1153 2890 1166 2931 :
1203 2874 1417 2931 ibidem
1472 2882 1747 2946 prmterea
1794 2878 1919 2932 aliis
1975 2878 2105 2933 duas

457 2964 759 3037 pedestres
791 2967 1023 3019 exstant
1052 2981 1231 3035 super
1279 2964 1615 3020 columnam
1659 2965 1952 3034 exiguam,
2002 2965 2103 3021 Se-

456 3052 635 3107 cundi
694 3051 1026 3123 philosophi
1091 3052 1363 3107 distichis
1432 3058 1668 3108 ornatis.
1728 3055 1809 3109 Ex
1860 3055 2103 3111 adverso

457 3158 631 3197 arcus
659 3142 924 3211 ejusdem
955 3140 1196 3197 Chalces
1234 3142 1507 3198 visuntur
1553 3144 1746 3214 capita
1792 3144 1908 3198 duo
1957 3142 2099 3199 Gor-
2133 3183 2175 3249 α

460 3245 668 3249 μμμ
765 3228 906 3249 ,,,,,
990 3227 1256 3249 munit;
1344 3245 1404 3249 _-
1482 3245 1613 3249 μω-
1694 3230 1932 3249 ,ι,---ι-
2022 3230 2096 3249 ne

454 3245 701 3301 gonum,
765 3228 910 3284 facie
990 3227 1281 3298 muliebri,
1341 3245 1409 3283 ac
1478 3245 1619 3284 auro
1687 3230 1961 3284 obducta.
2022 3230 2097 3285 Ex

451 3317 672 3388 templo
715 3321 913 3372 autem
966 3316 1159 3372 Dianas
1212 3316 1474 3387 Ephesiis
1522 3321 1651 3371 octo
1681 3321 1884 3371 statuas
1917 3315 2103 3372 allata:

452 3405 710 3475 fuerunt,
746 3422 998 3477 quarum
1031 3412 1283 3478 quatuor
1321 3405 1379 3460 in
1412 3406 1654 3477 palatio,
1705 3407 1860 3477 quod
1903 3412 1993 3461 est
2042 3405 2104 3461 in

454 3495 689 3567 regione
716 3494 915 3561 Tauri,
949 3494 1245 3549 collocatae
1277 3500 1438 3562 sunt,
1472 3494 1840 3551 Constantini
1871 3510 2102 3567 nempe,

448 3581 898 3651 Juliani,uxoris
929 3598 995 3637 ac
1026 3583 1223 3637 fratris
1253 3584 1381 3653 ejus
1410 3584 1563 3641 Galli
1596 3601 1608 3639 :
1635 3584 1876 3654 reliquas
1907 3589 2101 3639 autem

454 3676 711 3743 quatuor
770 3670 975 3741 posita
1032 3676 1172 3725 sunt
1214 3670 1273 3724 in
1320 3671 1563 3727 sinistra
1620 3678 1784 3742 parte
1843 3672 2101 3728 Chalces.

454 3758 674 3815 Ibidem
708 3762 765 3813 et
792 3774 931 3814 crux
964 3775 998 3812 a
1025 3757 1362 3814 Justiniano
1395 3761 1585 3830 posita
1624 3760 1754 3828 fuit,
1804 3767 1861 3816 et
1906 3767 2105 3817 statua

450 3847 722 3904 inaurata
777 3845 1056 3917 leisarii,
1106 3852 1164 3903 et
1206 3851 1399 3903 statua
1446 3849 1659 3904 Tiberii
1695 3850 1937 3906 Thracis
1969 3850 2103 3906 Gib-

452 3937 600 4004 bosi,
651 3940 709 3991 et
745 3936 961 3991 Justini
1022 3937 1193 4008 primi
1248 3939 1437 3994 forma
1497 3938 1844 4007 macilenta;
1896 3944 2104 3996 statuae

450 4023 592 4080 item
624 4026 753 4096 ejus
784 4028 1166 4098 cognatorum
1199 4032 1444 4098 septem,
1495 4028 1620 4083 aliae
1672 4044 1740 4083 ex
1790 4045 2099 4095 marmore,

453 4113 580 4169 alias
611 4131 678 4172 ex
706 4132 816 4172 aare
848 4117 1031 4171 factas.
1066 4116 1349 4171 Presterea
1379 4117 1527 4171 duos
1562 4117 1692 4172 illos
1744 4134 1946 4188 equos,
2001 4119 2101 4189 qui

452 4220 632 4275 supra
660 4207 997 4276 Gorgonum
1029 4204 1224 4276 capita
1252 4204 1310 4259 in
1345 4210 1480 4259 ante
1528 4205 1685 4260 dicto
1732 4223 1869 4261 arcu
1922 4212 2100 4275 stant,

446 4290 820 4345 Justinianus
874 4291 1096 4346 Sancta:
1154 4291 1379 4362 Sophiae
1436 4292 1725 4357 conditor,
1784 4308 1852 4347 ex
1910 4294 2100 4348 Diana;

447 4378 752 4449 Ephesints
782 4378 999 4450 templo
1034 4378 1176 4435 illuc
1202 4380 1526 4446 transtulit,
1560 4386 1617 4435 et
1646 4398 1826 4452 supra
1873 4381 2100 4437 colum-

448 4482 587 4521 nam
620 4467 821 4533 erexit,
857 4484 928 4521 ne
958 4468 1092 4538 equi
1147 4468 1583 4539 pulchritudine
1631 4470 1887 4541 impares
1939 4470 2101 4526 vide-

2215 1876 2277 1932 Ὁ
2344 1873 2401 1930 δὲ
2472 1874 2725 1950 βασιλεὺς
2782 1874 3073 1949 ἐκπλαγεὶς
3132 1875 3221 1929 καὶ
3281 1875 3597 1947 θαυμάσας,
3659 1874 3875 1933 ἔστειλε

2212 1966 2391 2036 τούτῳ
2455 1966 2523 2019 τὰ
2591 1965 2898 2034 αἰτηθέντα.
2959 1964 3055 2018 Διὰ
3114 1968 3281 2018 ταῦτα
3338 1966 3429 2018 οὖν
3489 1967 3873 2028 Ἰουστινιανὸς

2215 2053 2467 2128 ἐπαρθεὶς
2522 2052 2602 2130 ἐφ’
2654 2052 2823 2108 ’ίππον
2886 2054 3068 2108 ἑαυτὸν
3118 2051 3334 2123 ἔστησεν
3395 2054 3481 2108 ἐπὶ
3527 2055 3745 2116 κίονος·
3811 2058 3874 2117 ’ὸς

2216 2143 2433 2216 ὕστερον
2485 2144 2757 2221 φθονήσας
2818 2140 2894 2214 τῷ
2950 2142 3165 2217 ῥηθέντι
3226 2143 3717 2218 στρατηγικωτάτῳ
3766 2147 3874 2201 Βε-

2217 2228 2466 2305 λισαρίῳ,
2520 2230 2745 2307 ἐξώρυξε
2800 2230 2996 2286 τούτου
3024 2230 3151 2292 τοὺς
3188 2230 3523 2309 ὀφθαλμοὺς,
3556 2232 3646 2286 καὶ
3704 2254 3876 2305 προσ-

2215 2320 2362 2390 έταξε
2388 2324 2584 2375 τοῦτον
2634 2327 2957 2389 καθεσθῆναι
2993 2319 3071 2381 εἷς
3100 2320 3168 2375 τὰ
3197 2319 3431 2395 Λαύρου,
3465 2321 3555 2375 καὶ
3588 2319 3875 2376 ἐπιδοῦναι

2213 2409 2361 2481 αὐτῷ
2414 2414 2601 2474 σκεῦος
2646 2410 2983 2486 ὀστράκινον,
3029 2410 3118 2464 καὶ
3169 2410 3504 2487 ἐπιρῥίπτειν
3536 2412 3694 2485 αὐτῷ
3747 2413 3874 2475 τοὺς

2216 2497 2585 2573 δερχομᾶνους
2620 2494 2848 2555 ὀϐολόν.

2356 2607 2484 2681 Περὶ
2514 2611 2622 2661 τῶν
2653 2607 2870 2676 στηλῶν
2904 2606 2981 2669 εἷς
3012 2609 3110 2675 τὴν
3143 2606 3362 2675 Χαλκήν
3396 2607 3727 2681 ἱσταμένων.

2284 2696 2407 2750 ⁸Ὀτι
2440 2695 2489 2748 ἐν
2522 2699 2590 2768 τῇ
2638 2699 2828 2769 Χαλκῇ
2880 2695 3140 2767 πλησίον,
3205 2695 3543 2771 Ηουλχερίας
3598 2705 3702 2768 τῆς
3757 2699 3858 2753 ἀοι-

2214 2780 2416 2854 δίμου,
2472 2784 2548 2844 ὡς
2605 2785 2741 2857 πρὸς
2793 2785 2885 2837 τὸν
2941 2785 3232 2857 περίπατον
3291 2789 3390 2838 τοῦ
3448 2783 3727 2840 παλατίου
3786 2788 3856 2839 ἁν-

2212 2872 2415 2946 ηγέρθη
2477 2870 2655 2942 στήλη
2716 2871 2849 2942 αὕτη
2888 2893 2898 2903 ·
2960 2873 3215 2934 ὡσαύτως
3292 2874 3379 2928 καὶ
3455 2873 3717 2947 Ἀριάδνη
3775 2874 3847 2928 καί

2213 2961 2423 3029 Ζήνων.
2482 2966 2745 3014 Ἱστανται
2804 2959 2893 3014 καὶ
2941 2958 3115 3033 ἕτεραι
3172 2958 3270 3015 δύο
3326 2961 3522 3030 στῆλαι
3558 2964 3717 3032 πεζαὶ
3773 2962 3850 3017 ἐπὶ

2211 3049 2390 3110 κίονος
2439 3047 2691 3123 βραχέως
2726 3091 2740 3117 ,
2792 3048 3001 3123 ἂλεγεῖα
3059 3047 3283 3123 ἔχουσαι
3340 3050 3643 3106 Σεκούνδου
3708 3052 3860 3126 φίλος

2213 3136 2415 3214 σόφου·
2467 3136 2718 3212 ἀντικρὺς
2780 3135 2836 3192 δὲ
2884 3145 2985 3205 τῆς
3034 3138 3259 3207 Χαλκῆς
3307 3136 3500 3211 ἀψίδος
3546 3146 3867 3213 Γοργονοει-

2216 3222 2325 3287 δεῖς
2374 3224 2604 3302 κεφαλαὶ
2670 3223 2765 3280 δύο
2814 3221 3194 3305 χρυσὲμϐαςροι
3243 3233 3556 3301 γυνακεῖαι’
3610 3226 3865 3303 ἤχθησαν

2215 3312 2279 3369 δα
2304 3315 2407 3369 ἀπὸ
2464 3316 2692 3392 Ἐφέσου
2740 3313 2799 3369 ἐκ
2844 3318 2941 3369 τοῦ
2989 3320 3118 3369 ναοῦ
3149 3319 3246 3380 τῆς
3299 3313 3617 3391 ’Λρτέμιδος
3668 3319 3871 3389 στῆλαι

2216 3402 2379 3457 ὀκτώο
2442 3403 2530 3457 καὶ
2563 3404 2617 3457 αἱ
2673 3404 2767 3475 μὶν
2798 3404 3050 3477 τέσσαρες
3096 3403 3147 3458 ἂν
3206 3409 3324 3467 τοῖς
3364 3409 3459 3458 τοῦ
3504 3405 3727 3480 Ταύρου
3786 3409 3877 3479 μὲ-

2216 3511 2382 3563 ρεσιν,
2437 3489 2489 3545 ἐν
2543 3497 2660 3552 τοῖς
2690 3490 2979 3553 παλατίοις
3028 3494 3519 3566 προεπεπήγεισαν,
3582 3496 3881 3550 Κωνσταν-

2212 3580 2401 3650 τίνου,
2449 3581 2539 3635 καὶ
2593 3579 2933 3649 Ἰουλιανοῦ,
2984 3592 3071 3636 και
3121 3587 3219 3649 τῆς
3267 3584 3517 3655 γυναικὸς
3553 3628 3568 3652 ,
3618 3585 3709 3637 καὶ
3774 3585 3878 3639 τοῦ

2214 3667 2450 3745 ἀδελφοῦ
2512 3668 2672 3723 αὐτοῦ
2723 3668 2965 3725 Γάλλου·
3001 3670 3054 3723 αἱ
3100 3668 3158 3724 δὶ
3186 3671 3435 3742 τέσσαρες
3484 3670 3536 3725 ἐν
3590 3678 3711 3733 τοῖς
3769 3681 3879 3742 τῆς

2212 3754 2434 3822 Χαλκῆς
2494 3756 2795 3829 εὐωνύμοις
2847 3759 3093 3832 μέρεσιν,
3157 3754 3280 3813 ἔνθα
3327 3760 3415 3813 καὶ
3474 3761 3705 3830 σταυρὸς
3764 3762 3877 3815 ὑπὸ

2212 3846 2594 3901 ,Ιουστινιανοῦ
2671 3845 2971 3921 ἐπεπήγει,
3048 3848 3137 3900 καὶ
3213 3846 3387 3916 στήλη
3466 3843 3875 3926 χρυσέμϐαςος

2212 3933 2535 4007 Βελισαρίου
2588 3934 2677 3988 καὶ
2726 3930 2973 4010 Τιϐερίου
3030 3939 3127 3989 τοῦ
3177 3932 3569 4005 Κουρτοειδοῦς
3627 3941 3876 4012 Θρᾳκὸς,

2210 4024 2298 4077 καὶ
2346 4028 2443 4078 τοῦ
2490 4023 2778 4079 Ἰουστίνου
2828 4028 2924 4077 τοῦ
2957 4027 3178 4097 πρώτου
3213 4021 3553 4092 λεπτοειδὴς,
3606 4027 3698 4080 καὶ
3763 4033 3872 4083 τῶν

2214 4116 2483 4186 συγγενῶν
2534 4110 2697 4166 αὐτοῦ
2746 4110 2944 4181 στῆλαι
2995 4113 3168 4180 ὶπτά,
3228 4112 3282 4167 αἱ
3334 4113 3431 4185 μὶν
3480 4114 3588 4168 ἀπὸ
3643 4119 3873 4191 puppi-

2212 4221 2344 4275 ρων,
2414 4200 2465 4253 αἱ
2516 4196 2573 4253 δὲ
2621 4198 2846 4274 χαλκαῖ.
2910 4201 3006 4255 Καὶ
3062 4202 3113 4254 οἱ
3164 4197 3260 4255 δύο
3305 4199 3466 4255 ’ίπποι
3519 4200 3703 4257 ἐπάνω
3765 4211 3867 4259 τῶν

2211 4285 2577 4365 Γοργονειδῶν
2630 4290 2904 4362 ἱστάμεννι
2946 4288 2997 4343 ἐν
3047 4293 3114 4362 τῇ
3164 4287 3338 4362 ἀψίδι,
3370 4290 3458 4344 καὶ
3492 4292 3644 4345 οὗτοι
3672 4292 3739 4347 ἐκ
3778 4303 3869 4361 τῆς

2210 4376 2530 4451 ’Λρτέμιδος
2580 4378 2684 4432 ἀπὸ
2735 4379 2959 4456 Ἐφέσου
3010 4376 3261 4452 ἤχθησαν
3314 4380 3415 4433 ὑπὸ
3476 4381 3864 4438 Ἰουστινιανοῦ

2207 4470 2304 4519 τοῦ
2334 4467 2611 4528 κτίσαντος
2642 4468 2742 4535 τήν
2774 4467 2961 4541 Ἀγίαν
2996 4466 3221 4543 Σοφίαν·
3254 4470 3341 4522 καὶ
3368 4467 3681 4538 ἐστήλωσεν
3713 4473 3863 4531 uiti.

447 4558 651 4609 rentur
683 4570 696 4609 :
730 4559 786 4609 et
816 4571 1047 4611 crucem
1077 4556 1296 4611 ibidem
1328 4557 1547 4627 posuit,
1584 4562 1647 4613 ut
1694 4559 1923 4613 firmius
1973 4564 2098 4615 sta-

2215 4552 2301 4609 διὰ
2329 4556 2389 4608 τὸ
2425 4556 2499 4627 μή
2532 4552 2858 4625 ἀντιζηλοῦν
2908 4554 3175 4625 ἀλλήλων
3204 4555 3330 4617 τοὺς
3369 4555 3598 4619 ἵππους
3654 4561 3865 4631 opm-fee:

447 4646 558 4697 ret.
589 4641 812 4698 Ibidem
846 4644 1064 4714 pariter
1094 4644 1343 4714 ingentis
1378 4644 1551 4700 molis
1596 4663 1743 4702 aerea
1797 4646 2098 4702 Maximini

446 4733 643 4786 statua
669 4732 857 4802 posita
873 4732 1387 4801 cernitur,necnon
1412 4739 1622 4791 statuas
1646 4737 1830 4792 totius
1862 4736 2099 4793 familiae

445 4819 757 4875 Theodosii
790 4836 947 4876 nunc
976 4820 1155 4876 etiam
1187 4828 1527 4892 supersunt.

959 4929 1034 4982 De
1061 4930 1266 4983 statuis
1295 4929 1581 4985 Mauricii.

510 5012 573 5068 In
620 5012 830 5069 Chalce
882 5014 1154 5071 visuntur
1209 5017 1386 5072 etiam
1445 5023 1653 5073 statum
1716 5018 1980 5075 Mauricii
2029 5036 2095 5075 ac

438 5102 658 5172 uxoris,
712 5102 1156 5175 liberorumque
1213 5108 1364 5175 ejus,
1416 5108 1488 5161 ab
1537 5108 1738 5163 eodem
1786 5109 2094 5178 Mauricio,

437 5192 713 5248 manibus
739 5193 1018 5262 extensis,
1050 5210 1231 5265 supra
1260 5195 1476 5250 Christi
1506 5195 1826 5267 imaginem
1857 5203 2093 5266 erectas;

434 5279 675 5350 reliqum
706 5296 841 5336 vero
893 5285 1099 5337 statuas
1144 5282 1263 5338 illic
1306 5284 1620 5349 collocata,
1672 5302 1741 5340 ex
1788 5290 1941 5341 terra
1992 5290 2094 5343 At-

433 5368 552 5423 tica
581 5368 845 5424 deductas
879 5375 1019 5425 sunt
1052 5387 1064 5425 :
1101 5371 1251 5427 inter
1276 5389 1423 5442 quas
1454 5389 1573 5427 una
1624 5379 1714 5428 est
1753 5373 2091 5446 phi1030phi

435 5455 769 5526 cujusdam,
830 5464 895 5513 ut
965 5462 1144 5514 tradit
1219 5461 1514 5531 Ligurius.
1572 5460 1883 5531 Postquam
1954 5479 2087 5519 vero

434 5543 755 5600 Mauricius
788 5562 821 5602 a
852 5546 1042 5603 Phoca
1087 5552 1335 5618 tyranno
1383 5549 1726 5604 interiectus
1779 5552 1908 5617 fuit,
1962 5552 2086 5609 dia-

434 5643 616 5690 conus
647 5634 889 5707 quidam
922 5637 1159 5692 nomine
1188 5640 1427 5707 Acatus,
1462 5654 1615 5693 unus
1656 5655 1723 5694 ex
1775 5641 2084 5696 sectatori-

2206 4643 2295 4697 καὶ
2326 4643 2416 4696 τὸν
2452 4644 2675 4716 σταυρὸν
2708 4640 2796 4697 διὰ
2825 4643 2885 4697 τὸ
2910 4640 3143 4717 ἓδραῖοψ
3201 4644 3287 4698 καὶ
3322 4645 3636 4717 Μαξιμίνου
3682 4648 3861 4718 στήλη

2206 4730 2391 4807 χαλκῆ
2426 4731 2476 4785 ἐν
2506 4730 2686 4793 αὐτοῖς
2739 4730 2955 4786 ἵσταται
3011 4732 3310 4807 βαρυτάτη,
3364 4730 3488 4788 ἔνθα
3538 4739 3635 4789 νῦν
3682 4739 3775 4791 καὶ
3804 4739 3862 4790 τὸ

2202 4818 2357 4895 γένος
2390 4821 2525 4875 ἅπαν
2557 4817 2842 4875 Θεοδοσίου
2877 4821 3130 4895 ὑπάρχει.

2523 4923 2651 4999 Περὶ
2684 4929 2788 4979 τῶν
2826 4923 3041 4994 στηλῶν
3081 4929 3179 4979 τοῦ
3220 4929 3546 5001 Μαυριχίου.

2274 5013 2378 5069 Καὶ
2417 5019 2509 5068 τοῦ
2557 5014 2880 5088 Μαυρικίου,
2925 5016 3013 5067 καὶ
3063 5020 3166 5082 τῆς
3214 5018 3469 5089 γυναικὸς
3528 5018 3723 5089 αὐτοῦ,
3780 5024 3861 5075 καὶ

2201 5107 2307 5156 τῶν
2357 5102 2577 5157 τίκνων.
2631 5104 2721 5159 Ἐν
2756 5102 2856 5176 γὰρ
2905 5106 2971 5174 τῇ
3014 5103 3206 5175 Χαλκῇ
3244 5101 3492 5160 ἵστανται
3529 5107 3581 5160 αἱ
3617 5114 3867 5163 τοιαῦται

2202 5189 2400 5259 στῆλαι
2456 5195 2552 5244 τοῦ
2602 5189 2949 5265 Μαυρικίου,
3004 5188 3207 5255 ἄνωθεν
3254 5198 3353 5259 τῆς
3405 5190 3737 5268 θεανδρικῆς
3798 5197 3873 5250 εἰ-

2199 5279 2357 5340 κόνος
2411 5283 2507 5333 τοῦ
2558 5282 2736 5348 Ἰησοῦ
2790 5279 2876 5333 ὑπ’
2947 5279 3111 5333 αὐτοῦ
3169 5288 3711 5351 κατασκευασθεῖσαι,
3778 5286 3869 5337 διιί

2200 5368 2541 5441 ἐκτεταμέναι
2588 5374 2704 5429 ταῖς
2757 5366 2967 5443 χερσίν.
3020 5369 3087 5425 Αἱ
3134 5366 3191 5422 δὲ
3234 5367 3424 5423 λοιπαὶ
3482 5369 3541 5424 ἐκ
3589 5374 3695 5440 τῆς
3756 5379 3871 5427 τῶν

2196 5458 2503 5527 Ἀθηναίων
2558 5456 2719 5526 ἥκασι
2781 5465 2924 5531 γῆς’
2999 5456 3301 5536 φιλοσόφου
3360 5454 3418 5512 δά
3477 5480 3642 5535 φασιν
3703 5463 3867 5527 εἶναι,

2196 5548 2269 5609 ὡς
2318 5546 2467 5622 λὲγει
2516 5547 2606 5601 καὶ
2666 5547 2694 5599 ὁ
2750 5547 3032 5621 Λιγύριος.
3087 5547 3236 5605 Μετὰ
3281 5546 3344 5601 τὸ
3389 5555 3663 5624 σφαγῆναι
3712 5556 3873 5625 παρὰ

2195 5640 2290 5691 τοῦ
2318 5636 2580 5712 τυράννου
2613 5639 2781 5691 Φωκᾶ
2813 5636 3137 5711 Μαυρίκιον,
3185 5638 3264 5700 εἷς
3308 5657 3392 5700 τις
3443 5634 3697 5703 διάκονος
3746 5645 3867 5695 τῶν
