4060 6214
220 354 369 412 1201

1349 358 1706 418 ANONYMI
1754 355 2336 427 ANTIQUITATES
2383 358 2502 416 CP.

3479 356 3636 415 1203

221 485 475 553 μαθητῶν
538 483 812 559 Εὖτυχίου
863 491 960 540 τοῦ
1021 488 1293 561 αἱρετικοῦ
1349 489 1575 561 ὀνόματι
1615 492 1864 557 ”Ακατος,

1986 490 2096 544 bus
2156 489 2430 559 Eutychis
2491 488 2765 553 haeretici,
2826 487 3030 542 videns
3088 487 3267 543 victos
3325 487 3637 560 magistros

219 569 351 624 ἰδὼν
416 574 748 641 ἡττηθέντας
818 575 947 636 τοὺς
1024 578 1145 651 περῖ
1223 578 1387 632 αύτοῦ
1458 575 1863 643 διδασκάλους,

214 660 463 723 κακεῖνος
524 660 854 735 ἀποδράσας,
894 662 1163 721 κατέλαϐε
1210 669 1438 742 κάστρον
1498 689 1548 721 τι
1597 666 1869 737 καλούμε-

214 770 305 801 νον
363 752 695 819 Σεραπίωνα’
728 758 890 808 τοῦτο
924 752 981 808 δὲ
1011 755 1298 831 ἐτύγχανεν
1351 757 1408 810 ὅν
1449 756 1499 811 ἕν
1557 761 1665 811 τῶν
1724 754 1871 829 παρὰ

220 841 451 912 Πέρσαις
555 840 804 916 ῥηγίων.
884 846 1227 916 Καταμηνύει
1305 844 1361 900 δὲ
1447 846 1711 919 Περιττίῳ
1790 849 1869 915 τῷ

216 932 555 1005 (φρουράρχῳ
610 932 676 985 τὰ
721 939 821 999 τῆς
876 933 1143 996 ἀσθενείας
1204 939 1311 989 τῶν
1368 936 1417 989 ἐν
1452 916 1882 1005 τῇΠΧαλκηδόνί

213 1018 533 1087 οἰκούντων,
595 1022 872 1093 προσθεὶς,
920 1020 1002 1076 ὅτι
1064 1025 1175 1093 ἁμα
1234 1029 1314 1095 τῷ
1342 1018 1663 1079 καταλαϐεῖν
1710 1022 1866 1076 αὐτὸν

210 1106 444 1167 τούτους
491 1109 891 1182 χειρώσεσθαι,
942 1110 1031 1164 καὶ
1084 1108 1221 1181 δῆτα
1272 1112 1500 1185 ἀμενητὶ
1547 1111 1868 1187 στρατεύσας

212 1196 243 1248 6
315 1195 499 1267 ῥηθεὶς
565 1198 817 1271 Πέρσης,
876 1200 966 1253 καὶ
1024 1199 1168 1275 ἔχων
1233 1203 1574 1276 στρατιωτῶν
1635 1196 1871 1272 ἐϐδομή-

208 1305 379 1338 κοντα
433 1283 718 1359 χιλιάδας,
777 1283 1186 1359 καταλαμὸάνει
1248 1292 1348 1359 τήν
1410 1287 1753 1359 Χαλκηδόνα
1817 1289 1869 1341 οὶ

212 1370 273 1426 δε
333 1374 501 1443 μόλις
563 1371 789 1449 ξ’σχυσαν
821 1373 1098 1451 διαφυγεῖν
1161 1378 1235 1438 εἷς
1290 1376 1867 1435 Κωνσταν-εινούπολιν

214 1462 351 1534 μετὰ
405 1466 514 1515 τῶν
569 1464 766 1535 τιμίων
824 1463 1095 1537 λειψάνων
1155 1474 1256 1536 τῆς
1316 1468 1475 1542 ἁγίας
1531 1466 1818 1544 Εὖφημίας
1850 1509 1864 1532 ,

214 1550 350 1622 ὑπὲρ
406 1551 473 1618 ἧς
522 1552 585 1606 τὸ
632 1551 800 1607 πλέον
861 1552 1185 1623 ἐσπούδαζεν
1246 1558 1273 1610 6
1332 1554 1608 1629 προδότης
1664 1555 1754 1608 καὶ
1786 1555 1872 1608 ἀν-

217 1639 359 1713 ίερος
408 1640 663 1709 νΑκατος,
713 1640 888 1701 θέλων
945 1643 1142 1715 ἀμῦναι
1200 1644 1392 1712 αὐτὴν,
1454 1642 1591 1698 διότι
1622 1643 1749 1704 τοὺς
1782 1644 1870 1697 αἱ·

216 1728 413 1801 ρέσεως
446 1726 619 1781 αὐτῶν
670 1728 875 1801 τόμους
933 1732 1294 1807 κατῄσχυνεν,
1352 1733 1464 1803 ἅμα
1496 1731 1576 1799 δὲ,
1607 1733 1698 1785 καὶ
1731 1727 1869 1785 διότι

211 1815 278 1869 οὐ
337 1819 695 1891 συνεχωρήθη
756 1817 1024 1893 Εύτύχιον
1088 1822 1180 1874 τὸν
1242 1822 1420 1894 ἀτυχῆ
1480 1822 1580 1889 τὴν
1610 1820 1868 1889 τοιαύτην

211 1904 508 1979 εὐτυχῆσαι
563 1905 905 1978 μητρόπολιν
945 1948 957 1962 .
1018 1906 1459 1979 Λεηλατήσαντες
1513 1906 1570 1963 δὲ
1625 1908 1748 1963 τότε
1804 1908 1870 1964 τὰ

213 1992 388 2047 ἐκεῖσε
434 1992 605 2048 πάντα
655 1996 705 2047 οἳ
768 1996 989 2068 Πέρσαι,
1045 1992 1240 2051 ἔλαϐον
1290 1999 1377 2051 καὶ
1420 1998 1482 2052 τὸ
1526 1999 1868 2073 χρυσέγκαυ-

214 2101 338 2134 στον
392 2078 609 2155 ἄγαλμα
636 2086 733 2136 τοῦ
780 2082 971 2138 Ἡλίου
1019 2086 1169 2155 θεοῦ,
1215 2090 1310 2139 τοῦ
1361 2084 1664 2160 λεγομένου
1724 2085 1866 2159 Κρό-

211 2189 328 2236 νου,
378 2170 468 2223 καὶ
525 2170 806 2245 ἀπήγαγον
867 2171 943 2235 εἷς
992 2174 1216 2247 Περσίαν
1248 2217 1263 2244 ,
1324 2174 1413 2228 καὶ
1469 2174 1730 2247 ἐτίμησαν
1791 2176 1867 2237 ὡς

209 2258 355 2313 θεόν.

528 2348 657 2421 Περὶ
698 2354 793 2403 τοῦ
824 2352 943 2410 πῶς
974 2348 1183 2421 ἐκλήθη
1220 2348 1551 2426 Αὔγουστος.

279 2437 336 2488 Ὀ
390 2434 694 2511 Αὔγουστος
756 2439 782 2491 6
836 2439 1148 2500 Ὀκταούϊος
1208 2440 1497 2513 Αὐγούστῳ
1533 2440 1665 2513 μηνὶ
1725 2442 1865 2496 ὑπά-

203 2545 382 2595 τευσε,
438 2527 524 2579 καὶ
598 2525 849 2599 ἐτίμησεν
908 2528 1090 2593 αὐτὸν,
1156 2528 1430 2598 Σεξτίλιον
1489 2530 1550 2583 16
1599 2531 1862 2605 πρότερον

204 2612 523 2686 λεγόμενον,
578 2615 666 2668 καὶ
720 2614 999 2688 ὠνόμασεν
1032 2616 1193 2672 αὐτὸν
1250 2616 1573 2692 Αὔγουστον·
1619 2618 1670 2672 ἐν
1716 2620 1866 2691 αὐτῷ

203 2699 265 2755 δὲ
323 2701 640 2772 ἐτελεύτησε
697 2707 775 2775 τῷ
837 2705 969 2776 μηνὶ
1020 2710 1099 2776 τῷ
1157 2708 1220 2768 ιθ’
1280 2705 1478 2779 ἡμίρᾳ.
1536 2708 1628 2779 Τῴ
1668 2704 1725 2761 δέ
1761 2714 1863 2762 Σε-

204 2787 496 2865 πτεμϐρίῳ
558 2792 686 2863 μηνῖ
740 2791 1003 2866 ἐγεννήθη
1058 2794 1136 2856 εἷς
1189 2796 1283 2856 τὰς
1326 2797 1427 2871 κγ’,
1478 2796 1565 2850 καὶ
1627 2795 1861 2866 ἐνίκησεν

207 2880 521 2945 Ἀντώνιον,
555 2883 641 2934 καὶ
703 2881 904 2955 ἤρξατο
954 2890 1053 2951 τῆς
1107 2884 1433 2959 μοναρχίας,
1467 2886 1556 2938 καὶ
1608 2884 1859 2956 ἐτίμησεν

204 2968 365 3022 αὐτὸν
414 2968 657 3043 ἄρχοντα
688 2968 1067 3040 Ἰνδικτιὼνος,
1102 2969 1223 3037 ἤτοι
1272 2973 1447 3047 ἀρχὴν
1485 2974 1709 3047 χρόνου·
1745 2975 1863 3036 ὅθεν

208 3053 582 3133 Σεπτέμϐριος
612 3059 917 3131 τετίμηται.

495 3255 620 3328 Περὶ
649 3259 755 3309 τῶν
778 3255 1081 3330 Νουμέρων
1110 3257 1197 3310 καὶ
1228 3264 1327 3325 τῆς
1362 3256 1602 3325 Χαλκῆς.

272 3343 347 3395 Τὰ
377 3342 635 3416 Νούμερα
664 3344 754 3397 καὶ
783 3346 881 3413 τήν
914 3344 1140 3413 Χαλκήν
1171 3346 1198 3399 6
1231 3345 1405 3421 Μέγας
1457 3350 1859 3406 Κωνσταντῖνος

201 3425 401 3483 ἕκτην
432 3430 523 3483 καὶ
555 3428 643 3485 διὰ
672 3433 733 3486 τὸ
783 3433 913 3487 εἶναι
942 3432 1097 3507 ἀργὰ,
1135 3432 1387 3504 ἐποίησεν
1419 3434 1553 3488 αὐτᾶ
1610 3433 1858 3510 φυλακὴν

206 3518 234 3570 6
266 3518 611 3593 Ἡράκλειος,
642 3522 729 3574 καὶ
756 3522 1072 3591 οἱκαθεξῆς.

205 3714 337 3789 Περέ
396 3722 497 3784 τῆς
554 3716 773 3790 χαλκῆς
833 3716 1064 3809 στήλης,
1130 3722 1229 3783 τῆς
1284 3717 1575 3790 ἶσταμένης
1629 3715 1703 3778 εἷς
1758 3717 1859 3785 τὴν

927 3806 1133 3857 π’)Λην.

280 3876 400 3930 ’Ότι
451 3876 501 3929 ἓν
537 3875 808 3951 λεγομένῃ
860 3875 1054 3951 Χαλκῇ
1111 3876 1285 3951 στήλῃ
1345 3876 1529 3952 χαλκὴ
1590 3876 1679 3946 ἦν,
1739 3874 1862 3945 ἥτις

202 3962 332 4032 ἔστη
387 3964 531 4037 παρὰ
588 3970 685 4019 τοῦ
744 3967 1001 4041 Μεγάλου
1056 3966 1481 4035 Κωνσταντίνου,
1530 3970 1625 4019 τοῦ
1664 3965 1860 4037 Κυρίου

202 4054 370 4125 ἡμῶν
403 4055 585 4123 Ἰησοῦ
636 4056 871 4129 Χριστοῦ
919 4056 1195 4131 τυγχάνει.
1246 4056 1307 4112 Ὁ
1338 4052 1395 4109 δὲ
1428 4056 1575 4109 Λὲων
1606 4055 1632 4107 6
1681 4061 1859 4128 πατῆρ

199 4148 302 4196 τοῦ
377 4140 684 4199 Καϐαλίνου
756 4144 955 4216 ταύτην
1036 4148 1362 4220 κατήγαγεν’
1420 4147 1454 4215 ἡ
1518 4142 1575 4200 δὶ
1624 4151 1714 4200 νῦν
1774 4143 1863 4199 διὰ

200 4230 464 4309 ψηφίδων
499 4234 748 4306 ὁρωμένη
785 4234 965 4301 εἰκὼν,
1002 4233 1258 4295 ὡσαύτως
1291 4234 1455 4290 ἐστίν.
1492 4235 1858 4308 Ἀνιστορήθη

201 4320 263 4375 δὲ
294 4322 442 4394 παρὰ
473 4322 712 4396 Εἰρήνης
739 4325 839 4390 τῆς
867 4322 1174 4393 Ἀθηναίας,
1203 4322 1255 4393 ἐξ
1305 4322 1371 4391 ἧς
1418 4325 1551 4398 γυνή
1601 4322 1863 4398 αἱμορρο-

199 4414 336 4462 οῦσα
370 4409 515 4479 ἰάθη·
549 4412 637 4465 καί
669 4409 824 4482 ἕτερα
851 4412 941 4465 οὗν
976 4409 1161 4466 πολλὰ
1208 4410 1455 4483 θαύματα
1507 4409 1860 4466 ἐπετελοῦντο

200 4496 281 4558 εἷς
306 4497 371 4551 τὸ
402 4493 575 4570 ὄνομα
601 4504 698 4553 τοῦ
729 4501 990 4574 Χριστοῦ.

1980 594 2140 641 suos,
2176 584 2233 633 et
2277 578 2404 648 ipse
2455 578 2711 649 profugit
2763 578 2832 631 ad
2885 575 3195 631 castellum
3248 581 3633 647 cognomento

1980 667 2338 737 Serapionis,
2374 668 2528 738 quod
2564 666 2741 721 situm
2776 671 2902 720 erat
2931 664 2990 719 in
3024 664 3261 736 regione
3303 664 3633 736 Persarum,

1980 762 2154 825 atque
2184 757 2385 811 statim
2440 755 2677 811 Periltio
2727 754 3000 827 praefecto
3052 752 3411 824 praasidiario
3444 754 3637 826 signi-

1982 844 2177 899 ﬁcavit
2206 843 2570 899 debilitatem
2616 844 2831 898 civium
2877 841 3461 908 Chalcedonensium,
3494 842 3637 898 sub-

1975 935 2236 1005 jungens
2286 935 2549 1006 insuper,
2584 935 2779 1005 ipsum
2834 934 3024 1005 primo
3056 933 3279 1004 impetu
3330 933 3499 989 facile
3537 950 3637 991 eos

1982 1026 2303 1095 subjugare
2361 1040 2555 1095 posse.
2604 1025 2791 1089 Quare
2849 1023 3223 1095 supradictus
3278 1023 3453 1078 Persa
3509 1021 3637 1078 sine

1982 1129 2147 1167 mora
2206 1130 2267 1167 se
2325 1130 2457 1167 cum
2516 1112 2892 1184 septuaginta
2929 1110 3193 1167 millibus
3250 1110 3510 1167 militum
3570 1111 3631 1167 in

1978 1204 2131 1257 viam
2182 1203 2363 1269 dedit,
2396 1207 2673 1272 tantaque
2720 1201 3016 1257 celeritate
3058 1200 3274 1255 invasit
3315 1199 3635 1256 Chalcedo-

1982 1307 2138 1350 nem.
2173 1296 2237 1344 ut
2268 1290 2494 1346 civibus
2533 1290 2628 1345 vix
2677 1290 2822 1345 satis
2874 1289 3306 1360 relinqueretur
3350 1289 3635 1360 temporis

1980 1380 2048 1434 ad
2105 1380 2581 1434 transferendum
2642 1378 2924 1449 reliquias
3006 1381 3223 1432 sanctae
3299 1376 3634 1449 Euphemim

1981 1467 2576 1538 Constantinopolim,
2608 1485 2640 1522 a
2674 1467 2889 1537 quibus
2946 1465 3239 1535 imprimis
3284 1466 3505 1537 impius
3536 1464 3636 1522 ille

1984 1556 2251 1627 proditor
2300 1560 2516 1612 Aeatus
2576 1555 2765 1610 ultum
2828 1554 2912 1610 ire
2971 1554 3288 1610 festinabat
3345 1554 3634 1611 haereseos

1984 1645 2360 1715 Eutychianaa
2409 1644 2645 1715 scriptis
2674 1645 2902 1699 illatam
2944 1643 3356 1715 ignominiam,
3390 1648 3447 1697 et
3476 1643 3633 1714 quod

1984 1734 2343 1788 int'ortunato
2375 1732 2619 1805 Eutychi
2670 1732 2844 1787 istam
2900 1731 3273 1803 metropolim
3316 1732 3635 1786 concedere

1984 1824 2314 1877 noluerant.
2349 1822 2506 1876 Inter
2554 1826 2763 1876 caetera
2806 1837 2933 1891 quae
2964 1824 3105 1875 tunc
3133 1820 3416 1890 temporis
3444 1820 3631 1875 Persae

1981 1914 2295 1983 praedando
2346 1912 2743 1977 abstulerunt,
2799 1911 2913 1965 fuit
2944 1926 3178 1981 quoque
3204 1926 3449 1964 aureum
3482 1909 3628 1964 illud

1977 2008 2035 2057 et
2064 2006 2343 2057 encausto
2374 2001 2738 2057 elaboratum
2767 2000 3004 2072 signum
3033 1998 3207 2067 Solis,
3228 1998 3625 2070 cognominati

1976 2091 2173 2158 Croni,
2227 2091 2382 2161 quod
2416 2090 2474 2145 in
2522 2090 2823 2145 Persidem
2868 2090 3186 2144 deductum
3237 2104 3342 2161 pro
3390 2088 3498 2144 deo
3529 2103 3628 2143 co—

1974 2179 2155 2235 luere.

2188 2358 2296 2413 Cur
2325 2359 2599 2428 Augustus
2626 2358 2830 2413 mensis
2858 2358 2939 2412 sic
2968 2355 3282 2427 appellatus
3307 2357 3414 2427 ωε.

2044 2448 2345 2518 Augustus
2372 2446 2647 2501 Octavius
2685 2462 2885 2501 mense
2910 2448 3173 2516 Augusto
3200 2444 3456 2517 primum
3487 2461 3631 2500 con-

1974 2534 2237 2589 sulatum
2270 2534 2450 2589 iniit:
2486 2550 2603 2605 qua
2651 2534 2723 2589 de
2771 2550 2952 2589 causa
2999 2533 3158 2588 hunc
3207 2548 3495 2603 mensem,
3526 2531 3630 2604 qui

1972 2622 2203 2677 Sextilis
2253 2628 2425 2677 antea
2471 2624 2811 2685 vocabatur,
2856 2638 2991 2676 cum
3042 2622 3103 2675 in
3156 2621 3377 2677 honore
3425 2620 3630 2676 haberi

1975 2711 2167 2773 vellet,
2204 2716 2539 2781 Augustum
2596 2711 2977 2781 nuncupavit.
3011 2710 3226 2765 Eodem
3278 2725 3501 2774 mense,
3534 2707 3631 2763 die

1974 2800 2411 2856 undevicesima
2441 2803 2687 2854 mortem
2745 2798 2909 2854 obiit.
2946 2798 3046 2853 Die
3097 2803 3294 2854 autem
3349 2797 3631 2853 vicesima

1971 2889 2145 2944 tertia
2214 2888 2581 2959 Septembris
2640 2896 2814 2943 natus
2871 2894 2981 2951 est,
3040 2889 3366 2957 eodemque
3426 2902 3628 2941 mense

1976 2978 2221 3032 Antonio
2253 2978 2479 3032 devicto
2526 2975 2688 3032 solus
2734 2977 3047 3046 imperium
3099 2976 3380 3042 obtinuit,
3413 2975 3626 3030 idcirco

1968 3067 2189 3124 dictum
2255 3081 2519 3120 mensem
2576 3066 2978 3134 Septembrem
3031 3065 3250 3119 honore
3292 3063 3509 3133 affecit,
3569 3067 3627 3118 et

1970 3161 2033 3210 ut
2065 3154 2312 3210 Indictio
2342 3156 2414 3209 ab
2444 3171 2511 3209 eo
2542 3153 2780 3208 initium
2814 3157 3074 3207 sumeret
3105 3152 3336 3207 statuit.

2450 3262 2522 3315 De
2552 3261 2801 3315 Numeri:
2828 3263 2879 3314 et
2912 3258 3137 3313 Chalce.

2041 3350 2295 3405 Numera
2326 3353 2382 3405 et
2412 3348 2657 3404 Chalcen
2708 3346 3132 3404 Constantinus
3159 3347 3410 3418 Magnus
3438 3343 3625 3400 aediﬁ-

1972 3440 2121 3495 cavit
2155 3458 2167 3495 :
2202 3440 2299 3495 sed
2336 3437 2613 3509 quoniam
2667 3435 2812 3490 nulli
2849 3436 2980 3490 usui
3036 3438 3225 3502 erant,
3282 3434 3413 3490 ideo
3441 3437 3625 3488 Hera-

1970 3527 2098 3583 clus
2130 3532 2185 3582 et
2241 3525 2450 3596 reliqui
2502 3525 2779 3595 deinceps
2829 3524 3213 3595 imperatores
3242 3539 3312 3578 ea
3338 3521 3400 3577 in
3431 3536 3624 3577 carce-

1971 3631 2093 3670 rem
2126 3616 2453 3670 mutarunt.

2184 3722 2256 3775 De
2285 3728 2470 3776 statua
2497 3735 2657 3777 enea
2687 3734 2813 3792 quae
2845 3720 2900 3773 in
2928 3725 3091 3790 porta
3119 3718 3239 3774 sita
3263 3720 3403 3773 crat.

2042 3884 2103 3937 In
2136 3880 2345 3936 Cbalce
2393 3883 2587 3936 statua
2617 3895 2773 3934 (enea
2803 3882 2948 3941 erat,
2985 3894 3163 3951 quam
3199 3875 3622 3933 Constantinus

1970 3975 2214 4042 Magnus
2261 3970 2465 4035 erexit,
2493 3968 2744 4038 efﬁgiem
2807 3967 3033 4022 Domini
3068 3966 3255 4022 nostri
3284 3965 3425 4021 Jesu
3456 3962 3621 4019 Chri-

1971 4060 2043 4115 sti
2100 4064 2567 4130 reprsesentans:
2604 4058 2754 4112 hanc
2803 4073 2938 4111 vero
2988 4056 3098 4111 Leo
3147 4054 3431 4111 Caballini
3460 4058 3627 4126 pater

1970 4148 2194 4204 evertit.
2228 4150 2361 4212 Qum
2411 4150 2607 4199 autem
2640 4144 2860 4199 Christi
2890 4143 3083 4215 imago
3128 4143 3301 4199 hodie
3330 4141 3451 4197 illic
3482 4141 3623 4197 visi-

1972 4241 2069 4289 tur
2123 4233 2340 4288 musivi
2398 4232 2615 4304 operis,
2676 4233 2747 4286 ab
2809 4234 2974 4285 Irene
3026 4230 3373 4284 Atheniensi
3430 4228 3626 4299 posita

1971 4328 2060 4379 est
2093 4341 2105 4377 :
2141 4324 2310 4392 cujus
2339 4320 2614 4393 imaginis
2645 4335 2753 4391 0pc
2786 4318 3246 4373 haemorrhoissa
3275 4320 3480 4371 curata
3510 4322 3623 4385 est,

1973 4411 2274 4482 multaque
2306 4410 2417 4465 alia
2450 4410 2507 4463 in
2537 4409 2773 4463 nomine
2804 4406 3019 4463 Christi
3067 4406 3224 4462 edita
3272 4408 3416 4461 sunt
3444 4404 3620 4461 mira-
3652 4398 3655 4399 ⁷

1972 4500 2125 4555 cula.

478 4644 589 4698 Cur
618 4644 810 4699 urbem
834 4643 1163 4712 describens,
1195 4660 1315 4700 eam
1345 4648 1460 4700 tres
1490 4646 1551 4700 in
1578 4649 1759 4715 partes
1786 4645 2033 4715 dividat,
2062 4651 2115 4699 et
2145 4659 2179 4696 a
2207 4658 2445 4713 quonam
2475 4643 2592 4696 loco
2620 4640 2879 4712 qualibet
2905 4654 3037 4711 pars
3068 4637 3319 4710 incipiat.

279 4764 473 4821 Ἰστέον
525 4768 638 4835 οὖν,
688 4762 771 4820 ὅτι
821 4764 1109 4841 δυσεύρετα
1155 4762 1284 4821 ὄντα
1312 4768 1377 4821 τὰ
1404 4772 1628 4822 τοιαῦτα
1660 4766 1749 4822 διὰ
1794 4768 1856 4824 τὸ

2037 4767 2354 4823 Sciendum
2408 4766 2589 4838 igitur
2635 4769 2744 4831 est,
2801 4766 2944 4830 haec,
2995 4779 3130 4819 cum
3182 4778 3332 4835 aegre
3382 4763 3622 4836 reperiri

204 4855 583 4929 συγκεχυμένα
626 4856 784 4924 εἶναι,
855 4853 1080 4930 διῃσὲθη
1136 4855 1211 4917 εἲς
1256 4856 1378 4931 τρία
1426 4858 1587 4931 μέρη.
1643 4857 1739 4913 Καὶ
1796 4858 1859 4912 τὸ

205 4943 306 5015 μὶν
336 4948 553 5015 πρῶτον
608 4945 834 5017 ἄρχεται
885 4944 990 4997 ἀπὸ
1028 4947 1125 4998 τοῦ
1158 4943 1423 4999 παλατίου
1472 4951 1570 5014 τῆς
1618 4944 1860 5015 Χαλκῆς,

196 5032 289 5086 καὶ
337 5037 436 5086 τοῦ
486 5030 689 5089 Μιλίου
744 5031 911 5107 μέχρι
960 5038 1057 5101 τῆς
1108 5033 1380 5107 Χρυσίας·
1445 5035 1507 5089 τὸ
1570 5033 1627 5089 δέ
1676 5031 1857 5108 ἕτερον

198 5121 310 5175 ἀπὸ
378 5124 475 5174 τοῦ
540 5120 1030 5195 Τζυγκανιστηρίου
1064 5164 1079 5192 ,
1136 5128 1236 5190 τῆς
1295 5120 1698 5197 Ὁδηγητρίας,
1754 5126 1863 5176 τῶν

196 5208 527 5283 Μαγγάνων,
598 5208 764 5285 μέχρι
808 5208 1167 5285 Βλαχερνῶν·
1223 5212 1285 5264 τὸ
1344 5208 1401 5264 δὶ
1456 5212 1637 5284 τρίτον
1701 5210 1863 5282 μέρος

193 5300 308 5353 ἀπὸ
360 5303 459 5352 τοῦ
491 5300 676 5372 ἐτέρου
731 5300 952 5374 μερους,
1003 5302 1100 5353 τοῦ
1134 5297 1319 5371 Ἀγίου
1372 5299 1605 5373 Σεργίου
1636 5300 1858 5353 καὶτῶν

197 5392 451 5464 Σοφιῶν.
505 5389 599 5441 Καὶ
650 5389 676 5442 ὁ
719 5387 1058 5460 βουλόμενος
1090 5388 1260 5461 εὑρεῖν
1295 5410 1371 5459 τι,
1400 5388 1461 5443 οὐ
1495 5385 1858 5462 δυσχεραίνει,

197 5475 332 5531 ἀλλ’
363 5475 561 5537 εὐθέως
596 5475 810 5547 εὑρήσει
839 5476 903 5531 16
936 5475 1291 5547 ζητούμενον,

488 5564 617 5639 Περὶ
649 5564 714 5619 τὰ
743 5562 982 5619 παλάτια
1008 5568 1106 5619 τοῦ
1154 5563 1577 5626 Βουκολέοντος.

277 5654 357 5709 Τὰ
409 5651 650 5709 παλάτια
703 5658 800 5710 τοῦ
875 5651 1275 5715 Βουκολέοντος
1312 5698 1327 5724 ,
1378 5655 1446 5708 τὰ
1510 5651 1712 5709 ἄνωθεν
1764 5657 1862 5708 τοῦ

1971 4861 2233 4930 possent,
2292 4860 2491 4927 utpote
2551 4855 2813 4917 confusa,
2876 4854 2934 4908 in
2997 4862 3113 4907 tres
3183 4856 3377 4924 partes
3435 4852 3625 4908 divisa

1974 4948 2155 5001 fuisse
2178 4965 2191 5013 ;
2223 4961 2472 5016 quarum
2499 4944 2689 5015 prima
2712 4943 3029 5014 incipiebat
3056 4959 3089 4997 a
3112 4942 3332 5014 palatio
3354 4940 3619 5010 Chalces,

1970 5039 2027 5089 et
2051 5052 2085 5089 a
2116 5033 2409 5095 Milliario,
2446 5049 2629 5103 usque
2659 5034 2728 5087 ad
2787 5036 3010 5102 portam
3054 5033 3343 5098 Auream;
3377 5030 3560 5086 altera
3588 5045 3624 5084 a

1971 5123 2454 5190 Tzincanisterio,
2490 5121 2851 5192 Hodegetriaz
2898 5121 3162 5185 ecclesia,
3194 5125 3249 5174 et
3292 5117 3623 5190 Manganis,

1973 5229 2162 5282 usque
2209 5212 2279 5267 ad
2332 5211 2769 5276 Blanchernas;
2817 5212 2988 5265 tertia
3037 5211 3273 5263 demum
3320 5207 3395 5261 ab
3442 5205 3627 5260 altera.

1972 5308 2154 5370 parte,
2191 5299 2418 5355 scilicet
2440 5300 2511 5355 ab
2552 5300 2671 5354 (ede
2694 5300 2751 5355 S.
2775 5299 2980 5368 Sergii,
3006 5303 3063 5351 et
3096 5302 3263 5367 portu
3308 5294 3622 5365 Sophiano.

1972 5390 2057 5444 Ita
2091 5393 2155 5445 ut
2186 5388 2285 5459 qui
2340 5388 2563 5460 aliquid
2620 5388 2881 5442 iuvenire
2930 5385 3193 5452 voluerit,
3231 5400 3347 5440 non
3379 5383 3622 5454 laboret,

1972 5478 2073 5532 sed
2108 5477 2311 5532 statim
2345 5477 2597 5548 reperiat
2627 5476 2783 5547 quod
2808 5473 3035 5544 quaerit.

2436 5568 2508 5621 De
2536 5567 2776 5636 palatii:
2818 5562 3157 5618 Bucoleonis.

2044 5654 2263 5713 Palatia
2292 5654 2639 5712 Bucoleonis
2663 5654 3021 5722 nuncupata,
3048 5666 3176 5723 qua
3208 5649 3397 5708 muris
3416 5648 3619 5705 immi-
