4060 6214
383 384 539 450 1103

1328 381 1723 444 APPENDIX
1768 383 1870 443 AD
1916 380 2379 444 MICHAELEM
2424 383 2813 447 PSELLUM.

3642 380 3799 442 1204

380 521 539 590 nent,
574 516 939 574 Theodosius
980 516 1188 574 Junior
1236 515 1517 573 condidit.
1561 514 1895 570 Marcianus
1926 529 2033 568 au-

2154 512 2367 587 τείχους
2398 507 2731 588 παριξίϐαλε
2756 510 3043 577 Θεοδόσιος
3077 515 3106 568 ὁ
3138 513 3367 586 Μικρός.
3427 514 3485 570 Ὀ
3540 508 3602 567 δὲ
3648 517 3798 586 Μαρε-

379 608 502 663 tem
529 605 851 663 triclinium
880 607 1183 673 exstruxit,
1213 605 1367 678 quod
1392 602 1740 660 Triclinium
1771 609 2029 659 Aureum

382 693 735 767 appellatur.

868 786 945 841 De
968 785 1181 857 palatio
1210 784 1537 854 Quaesieris.

450 871 673 931 Palatia
715 873 1031 940 Quaestoris
1077 874 1151 929 ad
1201 873 1668 945 Hippcdromum
1699 869 2035 928 Constanti-

379 977 493 1020 nus
524 961 775 1035 Magnus
798 962 1152 1019 construxit.

1021 1073 1104 1125 De
1130 1070 1382 1142 Daphne.

450 1157 814 1215 Suburbium
844 1158 1117 1231 Daphnes
1149 1158 1234 1215 sic
1265 1158 1487 1213 dictum
1521 1161 1629 1227 est,
1650 1157 1807 1229 quod
1841 1158 2037 1211 statua

384 1245 467 1302 ibi
497 1245 786 1303 collocata
814 1256 988 1318 esset,
1021 1265 1149 1320 quae
1181 1248 1427 1319 Daphne
1456 1246 1880 1319 appellabatur.
1905 1248 2038 1315 Ipsa

381 1338 574 1392 autem
610 1335 798 1393 Roma
844 1336 1039 1393 delata
1088 1338 1222 1404 fuit,
1253 1341 1310 1393 et
1362 1336 1485 1393 illic
1535 1335 1841 1392 oraculum
1890 1336 2034 1389 erat.

381 1426 668 1483 Caeterum
700 1443 902 1483 mense
930 1428 1210 1483 Januario
1243 1428 1476 1484 laureas
1524 1442 1768 1483 coronas
1797 1426 1879 1481 ibi
1911 1439 2038 1478 ma—

382 1512 663 1585 gistratus
692 1515 1080 1588 accipiebant.

956 1610 1033 1661 De
1060 1606 1446 1678 Hippodroma.

455 1690 893 1764 Hippodromus
925 1709 995 1748 ex
1016 1710 1082 1749 eo
1128 1711 1343 1750 nomen
1378 1694 1553 1749 habet
1580 1694 1735 1763 quod
1769 1710 1802 1747 a
1831 1698 2036 1749 sancto

383 1778 768 1837 Constantino
826 1798 1016 1854 usque
1067 1783 1139 1838 ad
1200 1787 1427 1839 Irenem
1479 1781 1895 1837 Atheniensem
1954 1782 2033 1836 ibi

2143 605 2327 664 κιανὸς
2386 601 2609 672 ἐποίησε
2678 600 3000 677 Τρίκλινον,
3080 604 3139 665 ὃς
3193 601 3440 658 καλεῖται
3499 600 3795 677 Χρυσοτρὶ-

2144 689 2360 754 κλινος.

2634 780 2764 857 Περὶ
2806 786 2903 837 τοῦ
2934 782 3310 859 Κοιαίστορος.

2150 908 2156 912 ‹
2216 870 2290 922 Τὰ
2317 868 2558 925 παλάτια
2586 870 2936 945 Κοιαίστορος
2964 876 3060 927 τοῦ
3094 872 3341 929 Ἰππικοῦ
3370 869 3400 925 ό
3445 870 3616 945 μέγας
3644 876 3801 925 Κων-

2147 963 2421 1020 σταντῖνος
2455 960 2728 1034 ἀνήγειρε.

2706 1068 2836 1142 Περὶ
2863 1075 2962 1137 τῆς
2994 1069 3225 1144 Δάφνης.

2216 1155 2396 1231 Δάφνη
2455 1154 2512 1209 δὲ
2563 1152 2770 1226 ἐκλήθη
2833 1153 2922 1210 διὰ
2971 1158 3033 1211 τὸ
3074 1156 3323 1212 ἵστασθαι
3363 1155 3534 1211 ἐκεῖσε
3584 1153 3797 1225 στήλην

2146 1238 2323 1316 ὄνομα
2374 1245 2636 1320 φέρουσαν
2697 1245 2952 1320 Δάφνης,
3003 1246 3127 1316 ἥτις
3172 1244 3324 1322 ἤχθη
3386 1245 3489 1300 ἀπὸ
3546 1245 3797 1316 Ῥώμης,

2147 1335 2284 1388 ὅπου
2313 1333 2401 1388 καὶ
2437 1339 2681 1406 μαντεῖον
2716 1336 2803 1404 ἦν·
2839 1334 3013 1391 ἐκεῖσε
3040 1337 3140 1412 γὰρ
3187 1336 3279 1390 καὶ
3317 1334 3445 1397 τοὺς
3505 1332 3799 1411 πιράνους

2147 1429 2243 1492 τῆς
2274 1419 2499 1501 διάφνης
2531 1425 2584 1478 οἱ
2614 1424 2876 1500 ἄρχοντες
2907 1420 3217 1497 ἒλάμϐανον
3244 1425 3378 1480 κατὰ
3430 1425 3520 1478 τὸν
3556 1423 3799 1478 Ἰανουά-

2149 1532 2263 1587 ριον
2300 1515 2464 1585 μῆνα.

2609 1605 2737 1679 Περὶ
2784 1608 2882 1659 τοῦ
2939 1601 3332 1678 Ἰπποδρόμου.

2216 1695 2278 1750 Ὀ
2309 1690 2366 1747 δὲ
2421 1691 2787 1767 Ἱππόδρομος
2835 1693 3069 1765 ἐκλήθη,
3130 1692 3270 1749 διότι
3330 1691 3436 1746 ἀπὸ
3490 1695 3589 1746 τοῦ
3638 1689 3801 1763 ἁγίου

2147 1781 2549 1837 Κωνσταντίνου
2579 1779 2684 1844 ἕως
2714 1790 2813 1852 τῆς
2846 1784 3085 1857 Εἰρήνης
3134 1790 3235 1851 τῆς
3283 1780 3575 1852 Ἀθηναίας
3626 1779 3803 1835 ἐκεῖσε

382 1869 657 1941 privatim
707 1870 1094 1942 imperatores
1142 1889 1351 1928 currus
1404 1871 1715 1944 agitarent.
1749 1871 2031 1927 Caeterum

2154 1868 2383 1926 muSiav
2416 1870 2505 1925 ἐπὶ
2534 1869 2775 1946 ἅρματος
2804 1868 3029 1948 ἔτρεχον
3062 1873 3114 1926 οἱ
3150 1872 3417 1947 βασιλεῖς.
3449 1872 3509 1927 Ὀ
3544 1867 3601 1924 δὲ
3629 1870 3802 1926 Ἰοοσο

383 1956 759 2016 Justinianus
788 1960 1140 2017 Lausiacum
1176 1960 1505 2017 aedificavit.

851 2069 925 2125 De
954 2071 1208 2125 Fortune
1251 2070 1573 2125 simulacro.

458 2154 852 2213 Simulacrum
887 2158 1344 2230 Fortunae,quod
1376 2162 1561 2214 Roma
1591 2174 1624 2213 a
1653 2157 2037 2213 Constantino

385 2247 595 2317 Magno
626 2246 932 2302 advectum
988 2247 1119 2319 fuit,
1152 2249 1463 2320 stabatque
1510 2263 1690 2320 supra
1720 2247 1919 2319 palatii
1954 2264 2041 2302 ar-

387 2350 546 2405 cum,
577 2334 897 2393 Mauricius
928 2337 1222 2394 contrivit.

993 2520 1074 2571 De
1110 2516 1429 2587 Magnaura.

454 2606 660 2659 Fertur
704 2603 1085 2659 Anastasium
1149 2605 1444 2674 Dicorum,
1477 2620 1611 2660 cum
1672 2603 1732 2658 in
1781 2602 2038 2659 triclinio

384 2690 757 2747 Constantini
788 2691 1004 2763 Magni,
1039 2692 1362 2765 Magnaura
1414 2691 1590 2763 dicto,
1624 2707 1776 2746 anno
1806 2690 2037 2764 imperii

385 2778 479 2835 sui
510 2777 785 2835 vicesimo
834 2779 1104 2851 septimo,
1136 2797 1338 2836 mense
1367 2785 1576 2853 quarto
1616 2779 2037 2849 deambularet,

386 2867 723 2941 fulguribus
752 2873 811 2925 et
857 2869 1136 2926 tonitruis
1167 2870 1321 2926 circa
1351 2869 1637 2941 palatium
1673 2869 1867 2939 editis,
1902 2886 2037 2925 cum

387 2958 745 3014 consternati
777 2974 984 3014 omnes
1015 2958 1169 3015 ultro
1215 2958 1478 3032 citroque
1511 2960 1798 3032 fugerent,
1831 2959 1903 3015 ad
1934 2976 2040 3014 cu-

386 3045 651 3103 biculum
709 3047 947 3120 aliquod
1006 3050 1078 3104 ab
1137 3065 1199 3105 sc
1256 3049 1610 3104 aedificatum
1682 3049 2037 3121 confugisse,

385 3140 564 3208 atque
592 3135 673 3192 ibi
705 3136 793 3192 ira
823 3136 924 3193 Dei
955 3136 1370 3208 interceptum,
1404 3143 1703 3208 mortuum
1736 3142 2035 3210 repertum

2145 1961 2383 2023 τινιανὸς
2413 1957 2589 2015 ἔκτισε
2615 1960 2706 2014 τὸν
2742 1959 3066 2017 Ααυσιακόν.

2779 2066 2908 2141 Περὶ
2956 2065 3163 2142 Τύχης.

2218 2157 2281 2213 Ἣ
2332 2153 2390 2210 δὶ
2434 2155 2578 2232 τύχη
2622 2156 2685 2211 τὸ
2734 2154 2956 2232 ἄγαλμα
3008 2153 3152 2231 ἤχθη
3198 2156 3343 2231 παρὰ
3394 2159 3493 2210 τοῦ
3542 2151 3805 2228 Μεγάλου

2148 2244 2553 2300 Κωνσταντίνου
2604 2246 2709 2300 ἀπὸ
2764 2246 3007 2318 Ῥώμης,
3060 2243 3192 2320 ὅπερ
3234 2242 3414 2299 ἵστατο
3465 2241 3643 2298 ἐπάνω
3699 2243 3806 2308 τῆς

2149 2333 2338 2409 ἁψίδος
2386 2339 2483 2390 τοῦ
2531 2333 2824 2404 παλατίου,
2875 2336 2904 2390 ὁ
2936 2332 2994 2390 δὶ
3028 2332 3285 2410 βασιλεὺς
3317 2332 3620 2409 Μαυρίκιος
3651 2330 3807 2385 συνέο

2146 2427 2334 2501 τριψεν
2377 2424 2528 2482 αὐτό.

2720 2513 2847 2588 Περὶ
2880 2512 3221 2588 Μαγναύρας.

2221 2602 2440 2676 Λέγεται
2494 2600 2608 2668 οὖν,
2658 2600 2743 2655 ὅτι
2803 2602 2830 2654 ὁ
2873 2600 3165 2675 Τρίκλινος
3197 2604 3292 2654 τοῦ
3333 2596 3589 2671 Μεγάλου
3650 2604 3805 2651 Κων-

2149 2688 2429 2745 σταντίνου
2482 2691 2516 2758 ἡ
2580 2691 2894 2765 Μαγναῦρα,
2928 2692 3355 2764 περιπατοῦντος
3388 2686 3440 2741 ἐν
3471 2685 3612 2761 αὐτῇ
3670 2706 3803 2741 ποτε

2146 2778 2495 2837 Ἀναστασίου
2544 2781 2643 2832 τοῦ
2697 2773 2952 2854 Δικόρου,
3003 2783 3081 2850 τῷ
3128 2779 3207 2846 κζ’
3251 2777 3353 2846 τῆς
3420 2775 3586 2830 αὐτοῦ
3650 2776 3800 2850 βασι-

2149 2869 2321 2942 λείας,
2379 2867 2467 2922 καὶ
2535 2865 2779 2942 τιτάρτῳ
2844 2866 2999 2940 μηνὶ,
3073 2866 3293 2942 βρονταὶ
3370 2864 3461 2919 καὶ
3532 2863 3805 2941 ἀστραπαὶ

2145 2957 2393 3035 γεγόνασι
2452 2955 2588 3029 πρὸς
2645 2956 2707 3009 τὸ
2760 2954 3046 3011 παλάτιον·
3099 2955 3311 3010 πάντων
3344 2951 3401 3009 δὲ
3449 2951 3804 3027 ἀδημονούνο

2143 3069 2275 3114 των,
2329 3047 2415 3101 καὶ
2469 3044 2773 3123 φευγόντων
2819 3045 2924 3099 ἀπὸ
2970 3044 3143 3099 τόπου
3187 3044 3262 3105 εἷς
3291 3043 3603 3111 τόπον,καὶ
3635 3041 3805 3096 αὐτοῦ

2147 3133 2205 3191 δὲ
2233 3140 2328 3190 τοῦ
2358 3133 2624 3210 βασιλέως
2662 3132 2957 3210 φεύγοντος
3006 3133 3057 3187 ἐν
3115 3132 3191 3187 ἑνὶ
3245 3137 3352 3185 τῶν
3402 3129 3806 3196 κοιτωνίσκων,

381 3240 532 3281 esse.
564 3228 817 3281 Narrant
859 3230 1079 3294 autem,
1131 3242 1288 3293 eum,
1339 3243 1474 3282 cum
1525 3228 1582 3281 in
1639 3226 1883 3282 ecclesia
1936 3226 2035 3281 SS.

2154 3227 2223 3280 ὧν
2275 3224 2470 3292 ἔκτισε,
2510 3223 2597 3277 καὶ
2630 3217 2829 3292 κατέϐη
2862 3221 3091 3290 ἆκεῖσεή
3125 3222 3264 3296 ὀργὴ
3306 3224 3402 3275 τοῦ
3446 3224 3606 3286 Θεοῦ,
3666 3220 3809 3273 ὥστε

379 3313 796 3386 Apostolorum
819 3315 1086 3388 sepultus
1118 3314 1633 3388 fuisset,postridie
1661 3316 2038 3382 exclamasse,

383 3401 766 3471 Miseremini,
820 3405 1203 3474 miseremini,
1237 3409 1294 3461 et
1324 3406 1563 3476 aperite.
1608 3404 2037 3477 Respondenti-

381 3491 494 3548 bus
523 3509 656 3550 vero
705 3495 1073 3562 custodibus,
1099 3496 1224 3566 jam
1277 3494 1456 3549 alium
1511 3494 1822 3565 imperare,
1856 3492 2036 3558 Nihil,

378 3580 595 3652 inquit,
648 3599 791 3638 curo
826 3600 838 3639 :
872 3583 933 3637 in
969 3583 1393 3639 monasterium
1445 3599 1537 3638 me
1587 3583 1881 3649 abducite,
1912 3598 2037 3637 me-

383 3685 499 3739 que
553 3670 909 3726 monachum
972 3671 1161 3726 facite.
1197 3671 1284 3726 [lli
1342 3688 1476 3726 vero
1537 3670 1617 3726 ibi
1675 3671 2041 3742 reliquerunt

382 3772 541 3812 eum.
575 3758 793 3813 Ferunt
824 3764 1019 3814 autem
1054 3759 1355 3832 aliquanto
1387 3764 1521 3831 post
1550 3764 1812 3829 tempore
1841 3758 2036 3829 sepul-

382 3860 550 3899 crum
597 3847 726 3915 ejus
773 3852 1047 3917 apertum
1102 3848 1307 3917 fuisse,
1357 3848 1782 3919 inventumque
1837 3847 2035 3919 ipsum

383 3932 624 3996 brachia
653 3950 764 3989 sua
792 3939 848 3989 et
879 3934 1097 4008 caligas
1130 3952 1281 4008 quas
1310 3936 1578 4008 gestabat
1611 3937 2037 4004 comedentem,

381 4019 503 4078 alta
550 4036 687 4078 voce
733 4022 1039 4096 clamasse,
1073 4024 1116 4081 0
1149 4025 1341 4091 Mana,
1393 4042 1536 4081 aura
1587 4042 1801 4096 pereo:
1860 4042 2037 4097 quam

380 4126 583 4167 vocem
615 4127 892 4184 excepere
941 4113 1183 4185 quidam
1216 4130 1284 4170 ex
1315 4115 1653 4170 domesticis
1687 4115 1833 4170 suis.
1870 4115 2033 4171 Ideo-

381 4216 494 4272 que
523 4198 849 4257 triclinium
881 4203 1010 4274 ejus
1038 4203 1381 4276 Magnaura,
1414 4221 1447 4260 ο
1473 4208 1643 4261 Mana
1673 4208 1731 4261 et
1772 4205 1844 4261 ab
1884 4204 2037 4276 igni-

380 4294 444 4347 ta
473 4307 640 4362 aura,
670 4296 945 4348 vocatum
977 4296 1086 4349 est.

579 4469 652 4524 De
678 4470 880 4542 tempto
910 4470 1231 4540 Saluatoris,
1260 4473 1401 4545 quod
1424 4477 1504 4529 est
1534 4475 1593 4528 in
1626 4472 1844 4530 Chalce.

453 4555 760 4629 Templum
789 4559 1108 4618 Salvatcris
1156 4561 1215 4617 in
1266 4562 1485 4618 Chalce
1516 4562 1785 4619 excitavit
1826 4563 2037 4618 Roma-

2150 3311 2437 3391 αἰφνιδίως
2493 3311 2774 3385 εὑρεθῆναι
2829 3310 3038 3386 νεκρόν.
3089 3308 3228 3366 Φασί
3259 3306 3317 3364 δὲ
3346 3308 3503 3363 αὐτὸν
3563 3307 3705 3380 μετὰ
3745 3308 3812 3360 τὸ

2147 3407 2377 3477 ταφῆναι
2439 3401 2514 3462 εἷς
2571 3398 2699 3463 τοὺς
2747 3400 2965 3475 Ἀγίους
3017 3394 3426 3465 Ἀποστόλους,
3488 3395 3814 3469 μεθημὲραν

2154 3493 2305 3565 βοᾷν·
2394 3488 2691 3559 Ελεήσατι,
2786 3487 3063 3559 ἐλεήσατε,
3146 3486 3237 3542 Ῠαὶ
3324 3486 3594 3556 ἀνοίξατε.
3683 3488 3809 3538 Τῶν

2154 3577 2553 3652 μνημοραλίων
2615 3574 2671 3631 δὲ
2721 3575 2984 3632 εἰπόντων
3018 3577 3102 3630 ’ὁτι
3132 3572 3302 3636 ἄλλος
3338 3572 3638 3650 βασιλεύει,
3672 3566 3807 3650 ἔφη·

2148 3667 2309 3723 Οὐδέν
2332 3689 2425 3741 μοι
2485 3665 2660 3739 μέλει,
2714 3666 2789 3727 είς
2857 3668 3215 3741 μοναστήριον
3281 3663 3505 3739 ὑπάγετὲ
3564 3683 3653 3737 με,
3712 3660 3810 3715 καὶ

2146 3759 2412 3827 ποιήσατε
2473 3776 2539 3828 με
2602 3754 2867 3830 μοναχόν.
2909 3755 2971 3809 Ol.
3032 3752 3088 3810 δὶ
3141 3751 3319 3808 εἴασαν
3353 3752 3537 3809 αὐτόν.
3572 3750 3809 3825 Λέγεται

2152 3847 2283 3922 μετά
2327 3867 2449 3901 τινα
2504 3846 2704 3922 χρόνον
2757 3845 2819 3899 τὸ
2877 3852 3067 3919 μνῆμα
3123 3844 3290 3900 αὐνοῦ
3323 3843 3660 3919 ἀνοιγῆναι,
3711 3842 3805 3895 καὶ

2148 3937 2429 4014 εὑρεθῆναι
2461 3936 2620 3990 αὐτὸν
2646 3934 2887 4013 φαγόντα
2915 3934 3042 3997 τοὺς
3072 3934 3366 4010 βραχίονας
3398 3933 3585 4003 αύτοῦ,
3613 3931 3707 3986 καὶ
3737 3932 3812 3985 τὰ

2146 4026 2403 4101 καλήγια,
2436 4023 2468 4079 ἃ
2498 4024 2697 4102 ἐφόρει’
2728 4022 2915 4100 ἔκραξε
2946 4021 3003 4078 δὲ
3046 4022 3319 4098 μεγάλως·
3372 4025 3437 4077 Ὦ
3482 4022 3665 4089 Μάνα,
3701 4020 3813 4075 ὑπὸ

2144 4123 2245 4185 τῆς
2276 4113 2438 4189 αὔρας
2471 4112 2811 4186 ἀπόλλυμαι.
2846 4119 2955 4182 Τῆς
2996 4109 3054 4167 δὲ
3082 4118 3267 4190 φωνῆς
3308 4109 3508 4179 ταύτης
3559 4107 3808 4178 ἤκουσάν

2145 4226 2285 4268 τινες
2307 4208 2415 4258 τῶν
2474 4203 2769 4277 ἀνθρώπων
2827 4202 3013 4271 αὐτοῦ,
3046 4198 3259 4257 καὶδιά
3295 4204 3456 4256 τοῦτο
3505 4197 3723 4270 ἐκλήθη
3776 4200 3805 4252 ὁ

2040 4350 2044 4354 Α
2144 4292 2431 4370 Τρίκλινος
2462 4291 2626 4347 αὐτοῦ
2675 4293 2988 4368 Μαγναῦρα,
3027 4290 3135 4346 ἀπὸ
3162 4295 3272 4346 τῶν
3312 4288 3466 4346 Μάνα
3513 4289 3607 4344 καὶ
3668 4286 3806 4361 αὖρα

2144 4388 2241 4438 τοῦ
2269 4381 2460 4457 πυρός.

2504 4471 2634 4546 Περὶ
2665 4470 2755 4524 τὸν
2792 4473 3027 4544 Σωτῆρα
3066 4476 3168 4538 τῆς
3198 4466 3439 4539 Χαλκῆς.

2217 4561 2320 4617 Τὸν
2377 4557 2433 4614 δὲ
2492 4566 2723 4633 Σωτῆρα
2779 4557 2856 4621 εἷς
2911 4560 3012 4626 τὴν
3070 4557 3296 4626 Χαλκήν
3356 4559 3612 4632 ἀνήγειρε
3667 4557 3801 4610 Ῥω.

384 4661 498 4700 nus
528 4644 744 4717 senior,
777 4648 968 4718 altari,
1008 4666 1124 4722 quo
1174 4655 1342 4722 pacto
1368 4652 1492 4722 jam
1544 4650 1770 4719 visitur,
1806 4652 2035 4707 duabus

2154 4650 2315 4723 μανὸς
2372 4650 2400 4703 ὁ
2449 4646 2619 4724 γέρων
2671 4647 2773 4702 ὑπὸ
2801 4646 3098 4724 στυρακίων
3158 4650 3366 4721 μικρῶν
3425 4642 3544 4714 δύο,
3580 4645 3655 4705 ὡς
3684 4642 3797 4699 ἔστι

384 4731 714 4790 columellis
754 4734 1045 4792 instructo
1081 4756 1094 4793 :
1131 4738 1420 4795 institutis
1476 4739 1691 4794 ibidem
1727 4739 2034 4796 duodecim

382 4819 631 4880 clericis.
678 4826 935 4880 Joannes
973 4842 1107 4904 vero
1153 4828 1426 4884 Zimisces
1478 4829 1669 4898 ipsum
1724 4828 2035 4883 dilatatum

379 4915 438 4966 et
468 4913 708 4968 auctum
740 4928 883 4968 auro
928 4919 986 4970 et
1016 4919 1258 4987 argento
1308 4917 1628 4985 exornavit,
1677 4933 1743 4972 ac
1797 4916 2038 4989 triginta

374 5010 478 5056 sex
525 4999 768 5058 clericos
813 5005 1158 5075 constituit;
1193 5006 1412 5078 quibus
1457 5007 1773 5063 destinavit
1802 5006 2035 5078 pensio-

377 5105 482 5147 nes
512 5092 569 5147 et
594 5106 880 5163 annonas,
912 5092 1288 5167 singulisque
1340 5095 1703 5152 numismata
1742 5096 1984 5169 triginta
2018 5112 2030 5150 :

373 5195 543 5236 sacra
573 5184 771 5237 autem
803 5198 965 5251 vasa,
1005 5199 1272 5255 coronas,
1306 5190 1558 5257 sceptra,
1590 5184 2032 5254 discos,cande-

374 5267 563 5340 labra,
597 5273 786 5327 vestes
816 5274 875 5326 et
919 5271 1270 5329 indumenta
1319 5273 1718 5345 imperatoria,
1753 5290 1882 5344 quae
1912 5272 2032 5330 sin-

376 5355 569 5427 gulari
593 5358 728 5428 jure
760 5359 1123 5430 possidebat,
1156 5362 1374 5434 templo
1424 5361 1683 5418 donavit.
1718 5360 2033 5416 Similiter-

378 5460 492 5515 que
546 5444 875 5504 immobilia
935 5449 1089 5506 bona
1140 5467 1249 5506 sua
1307 5450 1421 5522 ipsi
1481 5449 1863 5505 consecravit.
1910 5452 2032 5515 Quo

380 5532 557 5589 etiam
589 5550 659 5589 ex
701 5534 911 5592 bellica
934 5539 1302 5610 expeditione
1343 5538 1554 5594 detulit
1580 5554 1807 5594 sacram
1841 5537 2033 5592 cruci-

381 5620 480 5677 ﬁxi
518 5621 735 5678 Christi
775 5623 1155 5698 Berytensem
1195 5626 1533 5700 imaginem,
1562 5630 1621 5685 et
1645 5631 1848 5684 sancta
1876 5623 2034 5683 Chri-

382 5709 458 5764 sti
479 5715 536 5766 et
562 5708 666 5767 Dei
697 5712 885 5770 nostri
932 5714 1223 5787 sandalia,
1249 5715 1310 5774 in
1342 5714 1515 5776 theca
1558 5732 1702 5775 auro
1729 5720 1788 5774 et
1815 5715 2030 5790 pretio-

2147 4738 2496 4817 φαινόμενον,
2544 4737 2607 4791 τὸ
2640 4739 3044 4811 θυσιαστήριον,
3095 4737 3327 4807 ποιήσας
3356 4736 3445 4790 καὶ
3493 4734 3802 4810 κληρικοὸς

2149 4828 2305 4903 ιβ’.Ὀ
2337 4823 2393 4881 δὲ
2424 4825 2678 4895 Ἰωάννης
2711 4826 2739 4880 ὁ
2762 4826 3074 4898 Τζιμίσκης
3105 4822 3369 4879 ἐπλάτυνε
3397 4824 3487 4878 καὶ
3518 4823 3800 4899 ἀνήγειρεν

2146 4916 2309 4971 αὑτὸν
2367 4913 2644 4979 καλλύνας
2706 4914 2765 4969 ἐκ
2821 4915 3056 4991 χρυσίου
3111 4913 3201 4969 καὶ
3257 4912 3497 4988 ἀόγύρου
3553 4911 3798 4967 πολλοῦ·

2145 5004 2370 5076 ἐποίησε
2400 5002 2458 5059 δὲ
2482 5003 2573 5059 καὶ
2602 5002 2905 5080 κληρικους
2949 5002 3050 5071 λς’,
3078 5001 3248 5066 τιθεὶς
3284 5000 3466 5062 αὐτοῖς
3493 5001 3583 5056 καὶ
3632 5001 3801 5077 ῥογας

2144 5094 2233 5150 καὶ
2265 5094 2515 5161 ἀννόνας,
2561 5092 2651 5147 καὶ
2681 5091 2782 5146 ἀνὰ
2815 5089 3171 5165 νομισμάτων
3218 5090 3287 5146 λ’⁶
3330 5090 3398 5144 τὰ
3426 5086 3483 5144 δὲ
3514 5089 3656 5165 ἱερὰ,
3713 5088 3803 5144 καὶ

2143 5184 2209 5238 τὰ
2266 5182 2569 5256 στέμματα,
2619 5181 2712 5235 καὶ
2767 5182 2835 5236 τὰ
2889 5188 3161 5256 σκῆπτρα,
3219 5178 3308 5235 καὶ
3360 5179 3487 5240 τοὺς
3544 5176 3794 5247 δίσκους,

2142 5273 2232 5328 καὶ
2275 5272 2370 5334 τὰς
2430 5268 2685 5345 λυχνίας,
2743 5270 2834 5325 καὶ
2884 5271 2981 5332 τὰς
3031 5269 3281 5340 ἐσθῆτας,
3313 5266 3401 5324 καί
3430 5270 3500 5324 τα
3528 5266 3713 5343 ἄμφια
3740 5268 3805 5323 τὰ

2146 5360 2423 5438 βασιλικὰ,
2482 5357 2762 5430 ἷδιόκτητα
2819 5357 2984 5415 αὐτοῦ
3041 5355 3193 5430 ὄντα,
3239 5359 3610 5434 ἀπεχαρίσατο
3662 5358 3799 5431 πρὸς

2140 5451 2231 5506 τὸν
2286 5451 2433 5506 ναόν*
2487 5447 2745 5509 ὡσαύτως
2796 5448 2889 5502 καὶ
2937 5447 3005 5502 τὰ
3051 5446 3277 5516 ἀκίνητα
3334 5447 3500 5501 αὑτοῦ
3542 5448 3797 5517 κτήματα

2142 5541 2477 5615 ἐπεκύρωσεν
2526 5536 2695 5609 αὐτῷ,
2746 5535 2797 5593 ἰν
2843 5537 2888 5609 ᾧ
2945 5536 3052 5590 ἀπὸ
3100 5538 3197 5590 τοῦ
3241 5531 3512 5605 ταξειδίου
3570 5534 3793 5610 ἐφέρετο

2138 5630 2238 5698 τὴν
2268 5626 2452 5701 τιμίαν
2509 5625 2691 5681 εἰκόνα
2716 5632 2816 5695 τῆς
2864 5624 3021 5701 ἁγίας
3067 5622 3422 5699 σταυρώσεως
3459 5629 3562 5693 τῆς
3620 5623 3674 5678 ὲν
3724 5624 3793 5695 τῇ

2138 5717 2389 5791 Βηρυτῷ,
2439 5715 2529 5771 καὶ
2557 5713 2625 5770 τὰ
2664 5716 2790 5790 ἅγια
2819 5711 3083 5770 σανδάλια
3111 5716 3210 5768 τοῦ
3252 5714 3488 5787 Χριστοῦ
3515 5711 3608 5767 καὶ
3658 5714 3794 5766 Θεοῦ
