3970 6218
172 339 325 399 1205

1302 326 1666 391 ANONYMI
1712 326 2295 398 ANTIQUITATES
2340 330 2457 391 ΟΡ.

3430 333 3590 396 1206

165 472 328 542 ἡμῶν
359 466 411 522 ἐν
444 463 724 528 ποικιλοις
755 484 1033 541 χρυσεοις,
1066 461 1156 517 καὶ
1185 459 1275 516 διὰ
1304 460 1470 515 λίθων
1498 454 1804 533 κιϐουρίοις

1988 477 2021 514 .s
2051 460 2271 533 lapillis
2302 469 2527 519 ornata.
2561 464 2716 519 Fecit
2740 465 2877 520 item
2912 465 2992 520 ibi
3033 464 3367 537 sepulcrum
3410 481 3589 523 suum

164 558 448 628 Ἐποίησεν
483 554 573 610 οὖν
607 555 698 609 καὶ
736 555 798 609 τὸ
852 555 1039 608 ἑαυτοῦ
1092 558 1283 625 μνῆμα
1338 548 1508 605 ἐκεῖσε
1567 549 1806 623 ὁλόχρυ-

1988 555 2109 605 tum
2167 567 2235 607 ex
2308 571 2450 609 auro
2523 554 2868 625 conﬂatum,
2928 554 2990 611 in
3063 571 3179 627 quo
3238 560 3294 610 et
3350 556 3588 627 positus

162 669 253 701 σον
287 645 422 719 μετὰ
450 644 794 721 χυμεύσεως,
825 641 877 697 ἐν
906 643 951 715 ᾧ
976 640 1066 695 καὶ
1099 640 1275 712 ἐτάθη.

165 753 295 829 Περὶ
387 756 495 807 τῶν
592 750 811 821 στηλῶν
910 752 1022 829 τῷν
1125 746 1424 820 ἱσταμὲνων
1522 744 1630 800 ἄνω
1718 747 1815 799 τοῦ

877 819 1099 876 Μιλίου.

232 918 322 972 ’Ev
381 912 439 968 δὲ
508 915 577 987 τῇ
626 910 848 987 καμάρᾳ
892 914 989 965 τοῦ
1038 907 1240 971 Μιλίου
1289 906 1485 977 στῆλαι
1537 910 1817 964 Κωνσταν-

156 1005 311 1058 τίνου
365 1001 451 1057 καὶ
500 999 727 1072 Ἐλᾶνης
784 999 935 1055 εἰσίν.
993 1000 1154 1061 Ἔνθα
1205 996 1293 1051 καὶ
1348 997 1573 1073 σταυρὸς
1628 997 1816 1069 ὁρᾶται

159 1094 297 1166 πρὸς
342 1088 614 1159 ἀνατολὴν
674 1088 1075 1164 βασταζόμενος
1136 1087 1223 1141 ὑπ’
1282 1086 1481 1141 αὐτῶν
1550 1085 1708 1158 μέσον
1762 1082 1819 1139 δὲ

164 1187 259 1237 τοῦ
293 1182 580 1255 σταυροῦὴ
612 1178 764 1255 Τύχη
793 1186 893 1248 τῆς
940 1175 1177 1243 πόλεως,
1219 1174 1350 1251 ὅπερ
1401 1175 1510 1230 ἐστὶ
1558 1177 1817 1245 κατήνιον

158 1271 521 1344 κλειδὸμινον
562 1268 653 1324 καὶ
707 1266 1185 1343 ἒστοιχειωμὲνον,
1239 1270 1337 1320 τοῦ
1388 1264 1585 1326 παντὸς
1645 1260 1821 1327 εἷ’δους

156 1360 491 1430 ἀνελλιπῶς,
522 1358 611 1414 καὶ
640 1357 795 1428 νίκην
824 1357 961 1412 κατὰ
1020 1360 1232 1411 παντων
1288 1359 1395 1411 τῶν
1449 1354 1613 1408 ἐθνῶν
1660 1354 1821 1428 φὶρον

157 1455 255 1505 τοῦ
295 1451 489 1522 μηκέτι
522 1447 755 1524 ῗσχύειν,
787 1448 822 1517 ἢ
879 1445 1235 1521 προσεγγίσαι
1267 1445 1301 1515 ἢ
1351 1446 1693 1518 προσψαῦσαι
1749 1444 1819 1514 τῇ

160 1536 324 1594 πὸλει
351 1542 540 1610 ταῦτα,
573 1536 719 1593 ἀλλὰ
775 1535 965 1612 πόῤῥω
1015 1533 1333 1610 ἀπέχεσθαι,
1364 1532 1455 1588 καὶ
1508 1533 1822 1587 ὑπονοστεῖν

162 1630 237 1691 ὡς
298 1628 610 1701 ήπωμὲνα.
646 1628 733 1683 Ἐν
775 1626 927 1698 αὖτῷ
972 1622 1030 1679 δὲ
1077 1628 1156 1697 τῷ
1193 1622 1378 1696 Μιλίῳ
1409 1622 1604 1693 στῆλαι
1632 1619 1821 1675 ’ίσταν-

164 1740 249 1773 ται
300 1723 473 1792 τρεῖς,
506 1715 709 1795 Σοφίας
761 1722 861 1785 τῆς
908 1712 1162 1791 γυναικὸς
1193 1712 1486 1768 Ἰουστίνου
1532 1714 1631 1766 τοῦ
1683 1718 1821 1784 Θρᾳ-

162 1808 281 1877 κὸς,
340 1805 429 1862 καὶ
470 1799 733 1880 ’Δραϐίας
786 1811 886 1874 τῆς
943 1802 1211 1878 θυγατρὸς
1267 1801 1467 1871 αὐτῶν,
1524 1799 1615 1855 καὶ
1668 1798 1821 1875 ξελι-
1852 1834 1900 1899 Β

159 1918 258 1968 νης
292 1898 513 1971 ἀνεψιᾶς
542 1894 735 1951 αὐτῶν.

506 1985 636 2059 Περὶ
665 1991 769 2054 τῆς
804 1982 1016 2053 στήλης
1044 1984 1140 2037 τοῦ
1171 1979 1480 2038 Θεοδοσίου.

231 2077 322 2133 Ἐν
361 2079 441 2147 τῷ
476 2074 763 2150 λεγομένῳ
795 2072 986 2144 Μιλιῳ
1035 2069 1323 2127 Θεοδοσίου
1376 2069 1553 2140 στήλη
1605 2066 1821 2124 ’ίσταται

160 2166 241 2243 ἆρ’
268 2163 448 2220 ’ίππου
479 2162 716 2239 χαλκοῦ,
750 2162 841 2217 καὶ
870 2163 921 2216 ἐν
953 2164 1022 2235 τῇ
1073 2161 1219 2235 χειρὶ
1265 2159 1428 2214 αὐτοῦ
1480 2157 1658 2231 μῆλον
1695 2179 1823 2234 κρα-

160 2256 409 2320 τοῦντος,
439 2252 501 2319 ἣν
530 2249 819 2325 ἀναγείρας
852 2248 1132 2322 σιτηρὲσια
1158 2246 1344 2302 πολλὰ
1389 2244 1590 2301 δέδωκε
1615 2252 1732 2306 τοῖς
1766 2244 1817 2300 ἰν

160 2344 228 2414 τῇ
252 2340 437 2395 πόλει.
476 2340 542 2397 Οἱ
589 2337 645 2394 δὲ
674 2338 869 2405 κίονες,
902 2339 990 2392 καί
1050 2338 1101 2391 οἱ
1154 2334 1458 2404 ποδίοσκοι,
1491 2335 1580 2390 καὶ
1631 2336 1681 2390 οἱ
1710 2339 1817 2390 τῶν

163 2428 569 2503 Ἀρτοπωλιων
629 2427 837 2501 ὁμοίως
885 2426 974 2481 καὶ
1047 2430 1154 2480 τῶν
1223 2423 1669 2499 Τζυκκαλαρίων,
1729 2425 1816 2480 καὶ

160 2525 263 2585 τῆς
307 2515 533 2585 Χαλκῆς
592 2511 809 2591 ἔχουσιν
867 2514 1105 2589 ἱστορίας
1157 2511 1392 2582 πολλὰς,
1449 2513 1509 2575 ’ἀς
1583 2515 1610 2568 ὁ
1660 2512 1821 2577 αὐτὸς

160 2606 441 2667 καλλύνας
472 2604 807 2681 ἐχρύσωσεν.

561 2784 689 2857 Περὶ
718 2787 815 2838 τοῦ
844 2786 976 2837 ναοῦ
1004 2786 1100 2836 τοῦ
1131 2780 1425 2856 Θεολόγου.

235 2876 439 2936 Φωκὰς
468 2875 495 2929 ὁ
528 2873 782 2947 τύραννος
818 2870 1019 2926 ἔκτισεν
1051 2870 1109 2925 ἐκ
1161 2871 1373 2946 βάθρων
1414 2870 1503 2924 τὸν
1554 2870 1679 2925 ναὸν
1722 2876 1819 2926 τοῦ

162 2965 331 3041 άγίου
365 2970 534 3019 Φωκᾶ
558 2962 609 3018 ἐν
641 2969 722 3035 τῷ
754 2960 960 3034 Μιλίῳ,
989 2962 1157 3034 μήπω
1190 2959 1282 3014 οὖν
1317 2960 1602 3038 ὀροφώσας
1631 2956 1817 3016 αὐτόν’

163 3055 345 3110 ἐκεῖσε
394 3053 495 3128 γὰρ
553 3052 620 3121 ἦν
667 3054 702 3121 ἡ
753 3048 973 3124 ἄλλαγή
1032 3053 1138 3103 τῶν
1197 3047 1526 3125 κο-βτοῦρων,
1585 3050 1700 3104 καθ’
1759 3049 1815 3103 ’ὸν

156 3144 334 3199 τόπον
391 3143 766 3212 ἠντξοκόπησε
820 3142 887 3194 τὰ
942 3139 1229 3215 κὸντουρα,
1289 3140 1376 3195 ὅτε
1421 3139 1511 3194 καὶ
1573 3137 1818 3216 μαγκλα-

1929 644 2040 698 est.

2165 756 2241 809 De
2269 756 2468 810 statuis
2496 768 2621 826 quae
2649 757 2781 809 sunt
2806 770 2975 826 super
3002 754 3353 811 Mitliarium.

2003 917 2065 969 ln
2098 916 2323 971 tornice
2354 914 2607 972 Miniarii
2639 915 3001 971 Constantini
3026 932 3091 971 ac
3114 915 3341 971 Helenae
3379 916 3585 972 statuas

1926 1004 2255 1074 eriguntur.
2294 1006 2515 1060 Ibidem
2548 1005 2725 1060 etiam
2760 1006 2829 1060 ad
2865 1004 3149 1060 orientem
3182 1003 3394 1060 visitur
3420 1020 3583 1069 crux,

1929 1108 2101 1162 quam
2138 1093 2249 1165 ipsi
2283 1098 2537 1165 gestant.
2576 1094 2640 1147 In
2672 1092 2864 1149 medio
2895 1097 3091 1149 autem
3124 1091 3313 1149 crucis
3337 1096 3428 1149 est
3469 1093 3586 1149 for-

1928 1186 2073 1237 tuna
2123 1182 2305 1252 urbis,
2357 1182 2581 1237 scilicet
2637 1186 2841 1237 catena
2891 1182 3092 1239 clausa
3140 1185 3315 1254 atque
3362 1180 3589 1254 magice

1929 1276 2293 1341 consecrata,
2326 1272 2485 1328 omni
2520 1272 2841 1343 ﬁgurarum
2894 1288 3103 1344 genere
3155 1272 3468 1339 instructa,
3525 1273 3590 1327 ut

1932 1360 2070 1415 urbs
2103 1361 2371 1416 omnium
2404 1360 2670 1432 gentium
2701 1362 2907 1417 victrix
2938 1366 3111 1427 esset,
3137 1364 3193 1417 et
3221 1362 3295 1417 ab
3326 1360 3589 1417 hostium

1932 1448 2378 1506 incursionibus
2422 1450 2627 1517 libera,
2676 1450 2757 1504 ita
2806 1455 2871 1505 ut
2915 1468 3042 1506 eam
3096 1467 3202 1507 nec
3246 1450 3428 1517 adire,
3481 1466 3585 1504 nec

1931 1536 2137 1593 laedere
2168 1542 2430 1610 possent,
2483 1540 2582 1594 scd
2636 1539 2835 1594 statim
2890 1539 3061 1611 quasi
3101 1539 3285 1606 victas,
3335 1543 3585 1594 retroce-

1931 1630 2154 1685 derent.
2190 1633 2251 1685 In
2284 1631 2486 1686 eodem
2513 1629 2783 1685 Milliario
2816 1629 3018 1701 positas
3063 1629 3335 1685 visuntur
3377 1633 3583 1684 statues

1930 1723 2073 1775 tres.
2152 1718 2382 1790 Sophim
2442 1718 2685 1775 scilicet
2754 1718 2954 1773 uxoris
3010 1717 3246 1789 {Justini
3317 1717 3583 1785 Thracis,

1929 1807 2153 1864 Arabiae
2213 1807 2332 1863 ﬂlio
2385 1824 2608 1873 eorum,
2680 1824 2746 1863 ac
2809 1807 3152 1864 eorumdem
3214 1806 3408 1879 neptis
3472 1807 3581 1863 He-

1930 1897 2093 1954 lenm.

2447 1988 2520 2042 De
2546 1990 2729 2042 statua
2760 1986 3062 2042 Theodosii.

2000 2075 2063 2130 In
2097 2074 2251 2131 dicto
2281 2074 2552 2131 Milliario
2583 2074 2866 2131 collocata
2913 2080 3003 2131 est
3050 2079 3247 2130 statua
3292 2073 3584 2146 equestris

1928 2164 2237 2220 Theodosii
2270 2180 2339 2220 ex
2368 2180 2501 2234 aere,
2532 2181 2713 2220 manu
2745 2180 2989 2237 pomum
3022 2163 3299 2232 tenentis;
3319 2162 3377 2218 in
3409 2164 3582 2234 cujus

1929 2254 2295 2310 dedicatione
2352 2270 2643 2310 annonam
2717 2252 3116 2325 largissimam
3186 2251 3400 2325 populo
3458 2252 3585 2323 ipse

1929 2342 2253 2399 distribuit.
2312 2342 2610 2399 Columnas
2670 2347 2867 2398 autem
2927 2359 3054 2414 quae
3114 2340 3232 2396 illic
3287 2342 3583 2407 visuntur,

1929 2448 2064 2487 cum
2097 2432 2223 2488 suis
2255 2432 2453 2503 spiris,
2486 2432 2823 2504 pariterque
2854 2431 2965 2486 ille
3004 2431 3064 2487 in
3110 2430 3432 2503 Artopoliis
3480 2446 3583 2501 po-

1931 2522 2075 2591 sitae,
2110 2539 2336 2577 necnon
2367 2522 2492 2577 alios
2524 2521 2996 2594 szcalariorum
3028 2524 3087 2577 et
3118 2537 3245 2593 qum
3275 2520 3337 2575 in
3377 2518 3585 2575 Chalce

1930 2614 2179 2681 exstant,
2214 2609 2434 2665 multas
2464 2610 2766 2665 continent
2816 2608 3092 2666 historias
3141 2625 3290 2680 quas
3337 2607 3462 2680 ipse
3509 2606 3584 2663 ad

1930 2703 2203 2755 ornatum
2236 2698 2547 2755 inauravit.

2453 2789 2525 2844 De
2550 2789 2745 2858 templo
2776 2788 3050 2856 Theologi.

1999 2877 2223 2933 Phocus
2254 2880 2540 2950 tyrannus
2572 2876 2857 2949 templum
2892 2876 3089 2931 Sancti
3120 2875 3316 2931 Pbocze
3362 2892 3395 2930 a
3447 2875 3582 2930 fun-

1929 2966 2222 3021 damentis
2254 2966 2539 3021 exstruxit
2568 2965 2628 3019 in
2662 2964 2949 3031 Milliario,
2984 2964 3083 3018 sed
3116 2965 3339 3035 absque
3369 2979 3579 3019 conca-

1930 3055 2269 3110 meratione.
2297 3055 2442 3109 Nam
2469 3053 2588 3108 illic
2618 3058 2743 3109 erat
2773 3052 3023 3108 mutatio
3054 3068 3338 3123 equorum
3370 3068 3580 3108 cursus

1937 3143 2301 3216 publici,quo
2320 3142 2378 3197 in
2406 3143 2530 3197 loco
2554 3159 2760 3197 nervos
2781 3157 3069 3213 equorum
3096 3141 3325 3207 incidit,
3359 3141 3607 3213 quando

162 3230 317 3293 ϐίοις
348 3203 548 3310 ἐτῦιρθη
584 3203 728 3305 παρά
766 3228 1069 3305 Μαυρικίου
1126 3203 1227 3284 τοῦ
1285 3203 1582 3305 βασιλέως,
1608 3203 1806 3303 τολμή·

1988 3234 2014 3287 b
2072 3232 2423 3304 imperatore
2483 3229 2763 3286 Mauricio
2822 3230 3029 3285 baculo
3104 3247 3422 3302 percussus
3489 3235 3600 3297 est,

163 3342 367 3385 σαντος
420 3326 517 3376 τοῦ
564 3320 731 3375 αὐτοῦ
778 3324 947 3373 Φωκᾶ
985 3317 1036 3373 ἐν
1088 3322 1169 3391 τῷ
1213 3319 1392 3392 κὸντῳ
1436 3319 1599 3374 αὐτοῦ
1656 3340 1828 3395 προσ-

167 3410 336 3480 δῆσαι
387 3411 449 3465 τὸ
505 3408 808 3479 πιττάκιον,
843 3406 976 3483 ὅπερ
1039 3407 1144 3462 ἀπὸ
1202 3402 1612 3484 Λογγοϐαρδίας
1659 3406 1830 3463 ἐλθὼν

169 3499 356 3576 ἔφερε,
409 3504 507 3554 τοῦ
578 3501 807 3573 στρατοῦ
884 3496 1085 3560 ἆκιῖθεν
1158 3495 1581 3559 ἀποστείλαντος
1640 3502 1829 3552 τοῦτον

171 3586 265 3643 διὰ
316 3591 416 3657 τήν
462 3587 625 3663 ῥόγαν
676 3587 874 3643 αὐτῶν.
921 3586 1025 3642 Καὶ
1081 3584 1374 3660 ἐγκαλέσας
1418 3586 1470 3641 ἰν
1516 3585 1831 3661 ἡμέρᾳἹπ-

172 3675 515 3750 ποδρομίου,
548 3678 630 3731 ὅτι
693 3675 850 3737 οὗτος
906 3674 1080 3750 εὑρὼν
1116 3670 1298 3730 ἄδειαν
1349 3674 1436 3730 καῖ
1489 3670 1827 3749 ἀναλαϐόμε-

170 3787 269 3827 νος
329 3765 395 3819 τὰ
442 3764 709 3838 κόντουρα
765 3763 1095 3837 ὑπεχώρησε
1128 3782 1139 3794 ·
1192 3762 1258 3817 τὰ
1311 3761 1367 3818 δὶ
1414 3765 1832 3838 καταλειφθέντα

171 3854 449 3924 ἀντζίσας,
476 3851 743 3922 κατῆλθεν
777 3848 882 3915 ἕως
931 3845 1340 3927 Λογγοϐαρδίαν
1398 3849 1473 3907 ἔτι
1531 3855 1626 3914 τὰς
1680 3851 1827 3924 πλη-

162 3948 268 4019 γάς
316 3942 483 4019 ῧχωψ
519 3941 609 3998 διὰ
654 3946 816 3997 τοῦτο
863 3940 963 4017 γὰρ
1003 3942 1352 4016 προετιμήθη
1387 3941 1461 4004 εἷς
1508 3942 1607 4009 τήν
1672 3943 1830 4018 βασι-

162 4032 327 4088 λείαν
384 4034 530 4108 παρᾶ
584 4036 682 4087 τοῦ
742 4034 992 4105 στρατοῦ.
1023 4031 1173 4087 Μετὰ
1230 4030 1414 4085 οὖντὸ
1447 4028 1686 4085 ἀνελθεῖν
1740 4031 1830 4086 καὶ

165 4120 521 4197 βασιλεῦσαι,
578 4116 797 4190 ἔστησεν
868 4119 979 4173 ἐκεῖ
1046 4116 1140 4174 δύο
1213 4118 1419 4182 ’ίππους
1504 4119 1831 4195 κοντούρους

162 4209 731 4282 ἠντζωκοπημὲνους,
782 4208 872 4263 καὶ
925 4207 1148 4283 βωμοὺς
1200 4206 1440 4272 λιθίνους
1484 4207 1833 4283 τετραδικοὺς

162 4299 435 4375 σύνεγγυς
502 4303 599 4354 τοῦ
654 4297 835 4373 Ἀγίου
911 4301 1115 4364 Φωκᾶ,
1174 4297 1231 4350 ’ὸν
1310 4296 1469 4361 αὐτὸς
1551 4297 1826 4372 ἀνήγειρε,

163 4390 431 4444 Διίππιον
480 4388 645 4443 αὐτὸν
687 4387 996 4459 ὀνομάσας·
1051 4384 1221 4441 ἐκεῖσε
1276 4386 1377 4461 γάρ
1433 4386 1523 4440 καὶ
1570 4386 1827 4463 τὲσσαρας

159 4480 386 4542 εῗκὸνας
464 4477 523 4532 ἐκ
606 4472 859 4554 ψηφίδων
954 4478 1213 4550 χρυσῶν,
1262 4474 1665 4530 Κωνσταντίνου
1738 4474 1827 4530 καὶ

1942 3326 2245 3395 propterea
2279 3321 2432 3392 quod
2466 3319 2792 3391 epistolam,
2846 3335 3022 3390 quam
3069 3335 3139 3374 ex
3192 3319 3601 3391 Longobardis

1946 3412 2016 3467 ab
2050 3411 2306 3466 exercitu
2339 3407 2617 3480 stipendii
2652 3408 2890 3479 petendi
2919 3425 3098 3463 causa
3128 3407 3371 3475 missus,
3399 3407 3604 3464 aﬂ'ere-

1940 3500 2064 3570 bat,
2098 3499 2310 3554 lancea:
2359 3498 2598 3571 alligare
2645 3514 2825 3552 ausus
2874 3501 3048 3553 esset.
3104 3501 3414 3569 Postquam
3461 3514 3599 3554 vero
3678 3511 3689 3522 '

1940 3590 2034 3645 die
2085 3588 2461 3661 Hippodromi
2515 3590 2873 3659 conquestus
2920 3592 3096 3656 esset,
3151 3590 3392 3658 accepta
3439 3588 3600 3643 rede-

1942 3677 2085 3734 undi
2118 3677 2411 3748 facultate,
2446 3677 2714 3733 adductis
2748 3676 2913 3747 equis
2943 3676 3236 3732 discessit.
3270 3677 3348 3732 Iis
3398 3680 3595 3732 autem

1941 3767 2039 3839 qui
2072 3768 2291 3822 residui
2322 3772 2487 3823 erant
2527 3766 2837 3833 enervatis,
2887 3766 2946 3820 in
2996 3764 3466 3837 Longobardiam
3494 3781 3597 3821 ve-

1944 3857 2051 3927 nit,
2084 3872 2217 3912 cum
2252 3856 2442 3912 adhuc
2475 3856 2785 3928 plagarum
2833 3855 3051 3911 vibices
3102 3859 3428 3922 manerent,
3480 3871 3599 3927 qua

1942 3947 2015 4003 de
2062 3962 2243 4003 causa
2290 3948 2362 4002 ab
2411 3946 2666 4001 exercitu
2722 3946 2793 4000 ad
2838 3944 3156 4017 imperium
3205 3948 3440 4000 evectus
3484 3947 3594 3999 est.

1940 4039 2143 4106 Itaque
2191 4052 2459 4090 reversus
2508 4039 2564 4089 et
2612 4034 2862 4106 imperio
2915 4034 3156 4106 potitus,
3212 4032 3363 4090 duos
3410 4050 3595 4106 equos

1939 4128 2245 4181 enervatos
2277 4123 2357 4178 ibi
2396 4123 2722 4188 constituit,
2773 4140 3024 4194 arasque
3057 4122 3395 4193 [quadratas
3443 4122 3594 4194 lapi-

1939 4214 2079 4269 deas
2111 4230 2288 4285 prope
2318 4212 2603 4284 templum
2635 4216 2690 4267 S.
2726 4212 2929 4267 Phocea
2962 4229 2995 4266 a
3042 4228 3105 4267 se
3153 4212 3480 4277 conditum,
3535 4216 3594 4267 et

1938 4298 2130 4355 locum
2156 4298 2454 4370 Diippium
2477 4298 3052 4354 nominavit.1bidem
3076 4314 3307 4368 quoque
3337 4302 3592 4368 quatuor

1940 4387 2227 4460 imagines
2253 4386 2619 4443 Constantini
2654 4391 2713 4443 et
2742 4386 2968 4443 Helenae
3001 4404 3069 4442 ex
3098 4386 3293 4442 aureis
3331 4386 3590 4443 tessellis

1939 4478 2207 4533 confecit.
2241 4480 2523 4533 Caeterum
2557 4477 2858 4531 Heraclius
2907 4476 3006 4531 ubi
3055 4476 3116 4531 in
3172 4477 3377 4533 urbem
3433 4477 3594 4533 venit

154 4567 391 4637 Ἑλένης
476 4565 785 4641 ἱστόρησεν.
845 4566 905 4621 Ὀ
966 4560 1023 4618 δὲ
1089 4562 1407 4639 Ἡράκλειος
1470 4561 1686 4634 ἐλθὼν,
1736 4586 1802 4620 κα

1988 4586 1993 4622 μ
2020 4566 2333 4638 imperium
2368 4565 2652 4637 suscepit,
2686 4568 2743 4620 et
2771 4564 3025 4620 Phocam
3058 4564 3351 4621 ulciscens
3373 4565 3434 4620 in
3464 4565 3589 4622 foro

163 4659 475 4734 κρατήσας,
528 4656 621 4710 καὶ
675 4655 766 4709 τὸν
823 4654 1020 4708 Φωκὰν
1079 4654 1421 4729 τιμωρήσας,
1471 4652 1561 4707 καὶ
1625 4651 1823 4716 καύσας

156 4747 213 4803 ἓν
249 4751 325 4820 τῇ
367 4752 463 4801 τοῦ
512 4745 647 4806 Βοὸς
687 4745 881 4818 ἀγορᾷ,
914 4742 1139 4815 ἐτίμησε
1174 4742 1266 4797 τὸν
1307 4742 1456 4811 ναὸν,
1488 4743 1579 4797 καὶ
1630 4742 1826 4799 σκεπά-

159 4859 266 4899 σας
300 4835 458 4890 αὐτὸν
491 4833 581 4889 καὶ
627 4832 999 4906 μετονομάσας
1034 4830 1111 4893 εἰς
1149 4832 1211 4887 τὸ
1258 4835 1353 4887 τοῦ
1394 4831 1544 4907 ἁγίου
1590 4831 1825 4888 ἀποστό-

156 4926 272 4981 λου
306 4926 396 4980 καὶ
430 4922 817 4999 εὐαγγελιστοῦ
846 4922 1098 4979 Ἰωάννου
1122 4925 1217 4976 τοῦ
1244 4919 1521 4999 Θεολόγου
1556 4918 1753 4997 ὄνομα.

350 5041 480 5117 Περί
510 5043 608 5094 τοῦ
639 5037 796 5113 ἁγίου
827 5034 1118 5113 Θεοδώρου
1148 5041 1247 5092 τοῦ
1280 5036 1626 5115 Σφωρακίου.

229 5141 342 5194 Τὸν
390 5139 545 5213 ἅγιον
592 5134 871 5210 Θεόδωρόν
937 5135 1029 5189 τὸν
1100 5134 1445 5213 Σφωρακίου,
1500 5136 1823 5213 Σφωράκιος

150 5228 451 5301 πατρίκιος
486 5224 688 5282 ἔκτισεν
721 5225 772 5279 ἂν
802 5229 920 5285 τοῖς
954 5222 1179 5299 χρόνοις
1212 5222 1500 5297 Ἀρκαδίου
1549 5226 1637 5279 καὶ
1689 5232 1825 5280 Θεο-

152 5318 356 5374 δοσίου
401 5318 520 5371 υἱοῦ
568 5316 755 5370 αὐτοῦ.
806 5316 1025 5371 Ἕκτισε
1072 5311 1129 5368 δὲ
1177 5310 1273 5369 ἕνα
1310 5315 1465 5369 πισὸν
1499 5316 1695 5389 μέρους
1724 5320 1823 5384 τῆς

150 5406 463 5474 ἐκκλησίας
535 5409 643 5460 τῶν
716 5400 1176 5479 κατηχουμὲνων,
1234 5404 1324 5457 καὶ
1413 5404 1638 5467 ἀπέθετο
1709 5424 1825 5458 κεν-

146 5495 399 5570 τηνάρια
451 5494 682 5570 χρυσίου
730 5493 857 5567 τρία
890 5513 903 5525 ·
936 5491 1026 5546 καὶ
1083 5490 1366 5567 παρῆλθον
1429 5492 1621 5568 χρόνοι
1656 5491 1775 5567 ρλγ¹
1807 5510 1821 5526 ⁸

148 5588 210 5644 ἐν
272 5586 377 5661 γὰρ
426 5591 541 5645 τοῖς
590 5584 815 5659 χρόνοις
854 5586 951 5636 τοῦ
1007 5582 1313 5657 Μαυρικίου
1357 5581 1624 5651 ἐπεκαύθη
1663 5582 1825 5658 μέρος

146 5699 206 5733 τι
240 5678 349 5732 τοῦ
377 5678 508 5732 ναοῦ
538 5674 628 5728 καὶ
659 5668 1064 5745 ἀνῳκοδομήθη
1096 5672 1245 5746 παρ’,
1288 5668 1473 5741 αὐτοῦ,
1504 5671 1691 5732 κτίσας
1736 5668 1825 5727 καί

1934 4655 2103 4712 Bovis
2134 4654 2391 4711 ﬂammis
2424 4654 2669 4723 exussit,
2701 4653 2989 4726 templum
3024 4652 3171 4709 illud
3205 4654 3452 4725 ornavit,
3505 4660 3590 4712 te-

1934 4748 2143 4817 ctoque
2172 4744 2420 4815 cperuit,
2454 4747 2510 4799 et
2540 4748 2898 4800 commutato
2931 4744 3187 4813 nomine,
3219 4749 3424 4801 sancto
3455 4762 3592 4819 apo-

1934 4833 2082 4889 stolo
2112 4837 2170 4890 et
2200 4831 2566 4906 evangelista
2608 4832 2823 4888 Joanni
2875 4832 3223 4905 cognomine
3272 4832 3588 4908 Theologo,

1934 4922 2166 4979 dicavit.

2209 5040 2282 5093 De
2308 5040 2493 5094 sancto
2530 5037 2797 5094 Theodoro
2826 5036 3121 5108 Sphoracii
3146 5038 3332 5095 dicto."

2007 5136 2289 5191 Sanctum
2366 5134 2736 5189 Theodorum
2824 5133 3125 5203 Spboracii
3199 5133 3583 5204 appellatum,

1934 5225 2292 5297 Sphoracius
2324 5224 2609 5295 patricius
2642 5220 2926 5286 condidit,
2960 5220 3323 5292 temporibus
3354 5221 3587 5276 Arcadii

1935 5332 2002 5372 ac
2054 5314 2159 5369 ﬁlii
2216 5316 2345 5386 ejus
2404 5314 2737 5369 Theodosii.
2797 5310 3091 5366 Exstruxit
3147 5310 3285 5364 item
3346 5310 3581 5383 pinsum

1934 5421 2121 5461 unum
2162 5404 2219 5459 in
2267 5404 2369 5459 illa
2419 5409 2579 5476 parte
2635 5400 2890 5457 ecclesiae
2946 5415 3075 5469 qua:
3133 5399 3585 5459 catechumeno-

1937 5510 2067 5549 rum
2119 5498 2226 5561 est,
2275 5510 2341 5549 ac
2386 5493 2511 5547 auri
2564 5488 2896 5547 centenaria
2945 5487 3059 5542 tria
3115 5486 3233 5542 illic
3291 5490 3587 5563 deposuit.

1934 5583 2164 5654 Elapsis
2194 5587 2391 5639 autem
2425 5580 2597 5637 annis
2627 5583 2865 5635 centum
2899 5576 3139 5649 triginta
3167 5578 3589 5652 tribus,templi

1936 5689 2074 5745 pars
2106 5673 2376 5744 quaedam
2406 5671 2517 5727 sub
2550 5666 2833 5726 Mauricio
2864 5665 3270 5739 conﬂagravit,
3301 5672 3359 5723 et
3387 5668 3459 5725 ab
3491 5684 3587 5724 eo-
