4060 6214
371 323 400 381 1
412 321 528 382 207

1319 318 1717 380 APPENDIX
1759 321 1861 378 AD
1908 317 2370 381 MICHAELEM
2418 320 2804 385 PSELLUM.

3639 322 3792 383 i208

377 452 511 506 dem
537 454 869 506 restaurata
890 453 999 516 est;
1021 467 1133 521 qua
1156 450 1473 506 oratorium
1509 466 1738 521 quoque
1769 450 1827 504 S.
1861 450 2026 510 Geor_

2147 449 2431 523 ιύκτήριον
2463 455 2565 505 τοῦ
2599 451 2782 526 Ἀγίου
2814 453 3109 527 Γεωργίου.
3146 452 3269 507 Ἐπὶ
3310 448 3368 505 δὶ
3396 454 3497 515 τῆς
3533 449 3799 524 αὐτοκρα-

373 542 452 613 gii
485 540 789 597 exstruxit.
829 545 1157 612 Imperante
1193 550 1383 596 autem
1421 543 1607 596 Leone
1640 541 1832 595 Basilii
1888 539 2028 610 tilio,

376 632 683 686 Romanus
716 631 959 701 quidam
995 631 1199 685 orandi
1244 648 1422 685 causa
1469 630 1690 701 templa
1740 630 1905 685 urbis
1951 630 2035 683 in-

373 722 596 786 visens,
686 720 1098 776 animadvertit
1183 718 1395 773 litteris
1483 719 1704 773 Latinis
1784 719 2028 773 incisum

376 809 633 881 lapidem
690 810 747 863 in
807 809 977 878 pinso
1032 825 1043 861 :
1099 808 1312 873 quibus
1371 808 1639 876 perlectis
1701 807 2034 878 imperatori

377 914 590 955 aurum
612 897 1023 953 absconditum
1049 896 1346 951 indicavit.
1385 897 1491 962 Qui
1514 914 1646 951 cum
1673 914 1737 951 eo
1780 896 2037 951 misisset

377 1004 444 1043 ac
476 985 811 1057 depositum
844 986 1189 1053 accepisset,
1223 986 1419 1055 ipsum
1474 986 1531 1039 in
1585 986 1846 1040 ordinem
1901 986 2035 1039 illu-

379 1078 589 1133 strium
616 1075 994 1147 allegit,datis
1019 1075 1132 1145 ipsi
1156 1077 1213 1130 in
1240 1078 1569 1132 mercedem
1604 1078 1843 1147 triginta
1872 1078 2036 1133 libris

381 1170 624 1221 monetae
654 1166 917 1235 signatas.
954 1165 1237 1220 Excitavit
1287 1165 1425 1221 item
1478 1168 1634 1221 idem
1684 1168 2035 1238 Sphoracius

382 1254 773 1309 Prtecursoris
811 1260 1091 1322 statuam,
1121 1272 1249 1324 quae
1274 1254 1332 1309 in
1364 1257 1585 1311 concha
1616 1257 1818 1327 templi
1844 1242 2037 1313 Sancti

376 1341 721 1398 Theudorici
754 1348 947 1397 erecta
977 1349 1085 1397 est.

1030 1434 1104 1487 De
1138 1434 1428 1502 Octagono.

450 1521 847 1576 Tetradisium
884 1521 1247 1592 Octagonum
1276 1529 1363 1577 est
1414 1522 1580 1588 illud,
1640 1525 1695 1577 in
1748 1540 1863 1593 quo
1908 1527 2035 1578 octo

375 1614 545 1664 erant
605 1609 891 1680 porticus,
952 1609 1071 1663 sive
1130 1610 1255 1664 loca
1315 1618 1740 1665 concamerata.
1804 1610 1923 1664 Illic
1984 1622 2035 1664 et

377 1698 643 1752 doctores
667 1698 931 1753 omnium
952 1700 1328 1753 scientiarum
1346 1702 2035 1769 commorabantur,quos

379 1802 612 1856 semper
634 1786 1022 1859 imperatores
1046 1789 1102 1843 in
1126 1788 1437 1843 consilium
1463 1790 2033 1858 adhibebant,neque

381 1875 703 1946 quidquam
734 1876 861 1930 sine
908 1876 1026 1931 illis
1085 1878 1354 1947 agebant.
1409 1877 1485 1931 Ex
1527 1877 1734 1932 horum
1787 1893 2030 1931 numero

381 1963 715 2033 patriarcha
745 1967 795 2018 et
832 1965 1084 2033 episcopi
1116 1965 1481 2020 creabantur.
1527 1966 1790 2020 Proxime
1834 1971 2029 2020 autem

379 2051 685 2106 basilicam
717 2057 859 2117 erat,
897 2054 1246 2124 duravitque
1279 2055 1741 2124 quadringentos
1781 2059 1837 2108 et
1888 2071 2027 2124 qua-

376 2140 704 2195 tuordecim
739 2157 925 2195 annos
960 2158 1151 2214 usque
1185 2142 1255 2197 ad
1310 2142 1599 2197 decimum
1650 2159 1870 2198 annum
1922 2143 2029 2196 im-

376 2229 520 2297 perii
554 2228 755 2285 Leonis
810 2232 1017 2299 Isauri,
1068 2231 1257 2303 patris
1307 2230 1678 2287 Constantini
1725 2229 2029 2287 Caballini.

378 2314 479 2372 Hic
510 2318 667 2373 enim
700 2318 892 2374 divina
924 2320 1187 2391 privatus
1219 2321 1427 2393 gratia,
1465 2325 1638 2391 atque
1676 2337 1742 2375 ea
1796 2320 2031 2391 penitus

374 2404 682 2478 spoliatus,
716 2424 848 2462 cum
887 2410 1158 2464 monachi
1196 2410 1407 2465 stolido
1438 2410 1566 2480 ejus
1615 2409 1887 2464 instituto
1938 2421 2029 2463 as'

372 2497 577 2551 sentiri
631 2496 873 2565 nollent,
930 2498 1114 2552 iratus
1166 2503 1465 2552 sarmenta
1502 2498 1789 2569 lignaque
1839 2497 2031 2569 colligi

365 2584 571 2653 jussit,
600 2586 1050 2656 combussitque
1084 2588 1399 2641 aedilicium
1440 2586 1681 2657 illud,ac
1713 2586 2029 2653 sexdecim,

371 2672 472 2743 qui
502 2672 623 2728 illic
658 2678 843 2741 erant,
880 2674 1221 2729 monachos.

1057 2783 1128 2835 De
1158 2782 1350 2836 Lauso.

440 2865 725 2922 Lausiaca
757 2867 969 2923 domus
999 2874 1122 2923 erat
1156 2870 1329 2924 Lausi
1364 2869 1589 2941 patricii
1622 2875 1679 2925 et
1711 2871 2025 2941 praepositi,

374 2954 475 3025 qui
508 2954 724 3010 multos
754 2958 939 3026 gessit
968 2956 1749 3030 magistratus,magnosque
1781 2961 2027 3029 adeptus

373 3047 463 3097 est
494 3042 767 3110 honores,
819 3044 929 3098 sub
979 3046 1230 3100 Arcadio
1274 3046 1586 3101 Theodosii
1640 3047 1835 3118 Magni
1884 3046 2023 3101 ﬁlio.

374 3130 686 3186 Exornavit
717 3137 911 3187 autem
948 3133 1115 3189 istam
1152 3136 1392 3189 domum
1427 3135 1601 3189 variis
1634 3136 2025 3205 pretiosisque

368 3219 691 3276 columellis
721 3227 777 3275 et
835 3224 1254 3279 marmoribus.
1306 3223 1589 3279 Caeterum
1646 3224 1767 3279 haec
1813 3225 2024 3279 domus

368 3326 485 3363 una
513 3313 633 3364 erat
666 3326 733 3364 ex
764 3309 1069 3365 duodecim
1106 3312 1474 3367 Constantini
1528 3313 1745 3383 Magni,
1799 3313 1854 3366 in
1905 3328 2022 3383 qua

304 3468 311 3475 ο
368 3397 579 3469 aquilae
628 3398 891 3469 lapideae,
946 3408 1001 3453 et.
1054 3400 1282 3470 phialae,
1334 3405 1390 3455 et
1461 3402 1699 3472 gradus,
1751 3406 1807 3455 et
1854 3401 2025 3456 bases

368 3487 683 3555 quadratae,
719 3488 788 3542 ad
824 3494 1096 3542 ornatum
1132 3490 1295 3544 urbis
1328 3496 1487 3543 stant
1517 3491 1587 3543 ad
1638 3490 1787 3545 hanc
1838 3506 2026 3560 usque

364 3574 542 3630 diem.
619 3576 884 3630 Proxime
960 3583 1155 3631 autem
1222 3578 1473 3633 Milliarii
1551 3595 1750 3633 arcum
1828 3584 2022 3633 exsta-

373 3664 473 3718 bat
530 3668 727 3719 statua
796 3666 1087 3735 equestris
1146 3667 1383 3737 Trajani
1444 3672 1501 3721 et
1557 3668 1867 3723 Theodosii
1922 3669 2023 3722 Ju-

371 3751 574 3808 nioris.

1064 3844 1138 3898 De
1171 3847 1326 3899 Foro.

439 3928 651 3983 Forum
704 3930 773 3985 ad
822 3930 1033 3985 Oceani
1062 3931 1469 3995 :imitationem
1519 3933 1787 3991 circulari
1838 3936 2024 3991 forma

366 4016 667 4072 conditum
703 4019 830 4073 fuit.
866 4018 1088 4075 Ibidem
1123 4020 1489 4092 horologium
1524 4040 1772 4095 aeneum,
1823 4024 2021 4096 Cyzico

362 4106 710 4173 deductum,
754 4106 1102 4163 collocatum
1134 4115 1278 4164 erat.

484 4195 560 4250 De
588 4198 791 4251 statuis
820 4198 880 4251 in
911 4214 1045 4253 arcu
1072 4213 1304 4255 camerae
1335 4202 1464 4256 Fari
1488 4202 1895 4260 exsz'stentibus.

434 4372 500 4427 In
533 4389 670 4428 arcu
703 4390 945 4430 camerae
977 4376 1105 4432 Fori
1152 4378 1353 4448 positae
1398 4378 1676 4434 visuntur
1724 4382 1851 4435 dua:
1897 4386 2021 4437 sta-

360 4462 727 4529 tuaa,Helenee
751 4464 975 4520 scilicet
1000 4473 1057 4521 et
1083 4468 1541 4533 Constantini,et
1573 4469 1629 4522 in
1664 4486 1863 4524 earum
1900 4487 2018 4525 me-

2140 538 2324 613 τορίας
2359 539 2585 601 Λέοντος
2616 538 2711 594 τοῦ
2741 541 2861 594 υἱοῦ
2916 538 3202 597 Βασιλείου
3250 539 3491 602 ἀνελθὼν
3525 540 3799 611 Ῥωμαῖός

2142 647 2225 687 τις
2281 632 2379 680 τοῦ
2438 625 2682 700 εὔξασθαι
2741 628 2817 692 εἷς
2869 628 2997 692 τοὺς
3053 628 3214 692 ναοὺς
3269 635 3369 697 τῆς
3421 626 3661 695 πόλεως,
3695 624 3802 681 εἶδε

2142 716 2387 788 Ῥωμαῖα
2416 720 2714 790 γράμματα
2746 718 2930 773 λίθινα
2959 718 3139 775 ἐπάνω
3179 722 3275 773 τοῦ
3328 721 3539 787 πινσοῦ,
3573 716 3663 771 καὶ
3706 713 3802 770 δύο

2144 827 2301 875 ναμιν
2337 807 2514 861 αὐτῶν
2546 808 2703 879 γνοὺς
2743 807 3003 884 ἐγνώρισε
3030 812 3110 879 τῷ
3162 805 3379 880 βασιλεῖ
3428 809 3617 861 Λέοντι
3674 807 3802 877 περὶ

2146 895 2375 966 χρυσίου
2422 896 2591 965 τινὸς,
2641 896 2729 950 καὶ
2780 894 3116 967 στείλαντος,
3149 896 3237 951 καὶ
3283 890 3805 966 ἀναλαμϐανομένου

2144 988 2328 1049 ταῦτα,
2376 984 2625 1054 ἐποίησεν
2677 986 2838 1039 αὐτὸν
2882 985 3280 1058 Ἰλλούστριον,
3333 982 3460 1045 δοὺς
3512 981 3658 1054 αὐτῷ
3713 982 3801 1036 καῖ

2146 1071 2404 1146 χάραγμα
2459 1072 2645 1147 λίτρας
2678 1074 2744 1131 λ’.
2776 1076 3056 1149 Ἀνήγειρε
3107 1072 3165 1127 δὲ
3213 1075 3240 1128 ὁ
3278 1072 3438 1133 αὐτὸς
3482 1072 3806 1147 Σφωράκιος

2144 1162 2233 1214 καὶ
2265 1162 2355 1215 τὸν
2390 1159 2737 1237 Ιιρόδρομον,
2767 1164 2859 1217 τὸν
2889 1164 2964 1224 εἷς
2997 1165 3095 1232 τήν
3121 1163 3332 1238 κόγχην
3378 1166 3476 1215 τοῦ
3526 1165 3658 1214 ναοῦ
3706 1165 3804 1214 τοῦ

2146 1249 2328 1325 Ἀγίου
2362 1248 2645 1324 Θεοδώρου
2676 1251 3030 1326 τυγχάνοντα.

2632 1428 2760 1501 Περί
2797 1434 2892 1484 τοῦ
2935 1430 3301 1503 Ὀκταγώνου.

2215 1517 2284 1569 Τὸ
2344 1514 2401 1571 δὶ
2457 1516 2796 1591 Τετραὸίσιον
2853 1518 3165 1592 ὀκτάγωνόν
3216 1516 3359 1572 ἔστιν
3405 1516 3483 1578 εἲς
3530 1514 3806 1570 δῖσταντο

2146 1606 2293 1659 στοαὶ
2344 1605 2507 1674 ὀκτὼ,
2536 1606 2709 1680 ἤγουν
2768 1605 3149 1681 καμαροειδεῖς
3200 1608 3381 1673 τόποι,
3414 1605 3503 1660 καὶ
3548 1602 3807 1659 διδάσκα-

2147 1694 2234 1749 λοι
2267 1694 2435 1749 ἐκεῖσε
2462 1695 2760 1770 ἐτύγχανον
2813 1696 3235 1769 οἶκουμενικῶν,
3268 1695 3357 1749 καὶ
3403 1695 3454 1748 οἱ
3497 1694 3630 1748 κατὰ
3678 1715 3805 1747 και-

2066 1822 2112 1886 Β
2146 1783 2272 1856 ρους
2337 1784 2579 1858 βασιλεῖς
2624 1791 2742 1845 τοῖς
2787 1784 2957 1839 ἰκεῖσε
3014 1782 3367 1843 διδασκάλοις
3414 1778 3798 1849 ἐϐουλεύοντο,

2216 1872 2228 1886 .
2306 1870 2375 1886 η.
2470 1870 2490 1886 ,ι
2895 1873 2907 1886 .
3042 1874 3055 1886 .
3106 1878 3131 1886 -
3231 1872 3277 1886 η
3346 1874 3373 1886 -
3506 1872 3516 1886 ,
3776 1872 3792 1886 ς

2142 1872 2230 1926 καὶ
2265 1870 2415 1927 οὐδὲν
2467 1870 2725 1946 ἔπραττον
2766 1873 2941 1948 χωρὶς
2996 1872 3278 1942 minim,“
3334 1874 3407 1925 ὧν
3461 1872 3648 1947 γέγονε
3705 1872 3795 1925 καὶ

2143 1963 2493 2037 πατριάρχης
2542 1961 2630 2016 καὶ
2686 1962 2990 2018 ἐπίσκοποι.
3035 1962 3274 2031 Πλησίον
3325 1959 3381 2015 δὶ
3420 1968 3519 2029 τῆς
3582 1958 3800 2035 βασιλι-

2140 2054 2241 2115 κῆς
2287 2051 2374 2119 ἦν,
2407 2052 2495 2104 καὶ
2547 2048 2825 2125 διήρκεσεν
2887 2047 2981 2121 ἔτη
3042 2048 3163 2121 υιδ’,
3202 2050 3365 2125 μέχρι
3416 2054 3512 2104 τοῦ
3564 2047 3796 2103 δεκάτου

2142 2138 2345 2213 χρόνου
2403 2139 2635 2201 Λέοντος
2691 2144 2785 2193 τοῦ
2854 2143 3202 2215 Συρογενοῦς,
3262 2142 3357 2193 τοῦ
3426 2139 3630 2211 πατρὸς
3696 2142 3797 2191 τοῦ

2142 2222 2468 2284 Καϐαλίνου.
2517 2229 2872 2301 Περι-τραπεὶς
2934 2225 2991 2282 δὲ
3038 2231 3137 2292 τῆς
3198 2226 3343 2287 θείας
3401 2227 3656 2300 χάριτος,
3705 2226 3797 2279 καὶ

2140 2316 2339 2386 ταύτης
2366 2316 2693 2392 γυμνωθεὶς,
2728 2314 2815 2371 διὰ
2854 2318 2916 2371 τὸ
2960 2317 3037 2389 μὴ
3083 2321 3463 2392 συγκοινωνεῖν
3511 2314 3641 2375 τοὺς
3696 2336 3799 2385 μο-

2140 2404 2339 2480 ναχοὺς
2367 2409 2436 2477 τῇ
2472 2406 2670 2477 ματαίᾳ
2703 2407 2866 2460 αὐτοῦ
2908 2405 3168 2475 ἐνστάσει,
3202 2407 3376 2476 θυμοῦ
3426 2400 3483 2457 δί
3530 2400 3803 2472 πλησθεὶς

2140 2494 2228 2548 καὶ
2314 2494 2555 2569 φρύγανα
2637 2497 2935 2567 προστάξας
3022 2494 3375 2567 ἀθροισθῆναι
3458 2492 3547 2546 καὶ
3640 2490 3798 2562 ξύλα,

2139 2584 2460 2637 κατέκαυσεν
2517 2582 2731 2647 αὐτοὺς,
2789 2584 2877 2637 καὶ
2936 2582 3060 2644 τοὺς
3120 2582 3287 2636 ἐκεῖσε
3343 2577 3500 2641 ὄντας
3561 2577 3688 2633 δέκα
3745 2578 3798 2647 ἓξ

2144 2671 2441 2746 μοναχούς.

2690 2778 2817 2850 Περὶ
2854 2782 2951 2832 τοῦ
2992 2778 3226 2833 Λαύσου.

2210 2868 2293 2923 Τὰ
2327 2864 2383 2921 δὲ
2417 2866 2628 2921 Λαύσου
2660 2868 2805 2928 οἶκος
2834 2868 2901 2935 ἧν
2934 2866 3147 2921 Λαύσου
3186 2866 3478 2939 πατρικίου
3504 2864 3594 2917 καὶ
3627 2883 3795 2935 πραι-

2137 2955 2386 3022 ποσίτου,
2423 2958 2568 3017 ὅστις
2619 2955 2792 3030 ἀρχάς
2832 2954 3047 3017 πολλὰς
3091 2956 3177 3009 καὶ
3231 2952 3385 3024 δόξας
3435 2951 3686 3021 διήνυσεν
3740 2950 3791 3006 ἓν

2134 3050 2251 3106 τοῖς
2284 3046 2509 3119 χρόνοις
2542 3042 2830 3119 Ἀρκαδίου
2859 3049 2957 3099 τοῦ
2987 3046 3107 3099 υἱοῦ
3136 3048 3233 3099 τοῦ
3282 3039 3541 3116 Μεγάλου
3586 3038 3797 3096 Θεοδο-

2138 3132 2276 3189 σίου.
2314 3134 2617 3205 Ἐκόσμησε
2649 3131 2705 3187 δί
2736 3133 2894 3188 αὐτὸν
2926 3131 3014 3187 διὰ
3043 3131 3313 3188 ποικίλων
3348 3131 3437 3185 καὶ
3468 3126 3795 3185 πολυτελῶν

2140 3227 2351 3294 μικρῶν
2382 3222 2577 3277 κιόνων
2632 3222 2721 3277 καὶ
2770 3223 3090 3297 μαρμάρων.
3124 3224 3185 3278 Ὁ
3236 3218 3293 3275 δὲ
3343 3223 3596 3280 τοιοῦτος
3644 3218 3799 3278 οἶκος

2135 3309 2195 3364 ἐκ
2223 3314 2327 3364 τῶν
2359 3308 2569 3365 δώδεκα
2600 3309 2764 3365 οἶόιων
2797 3310 3057 3387 ἐτύγχανε
3098 3315 3195 3365 τοῦ
3226 3308 3482 3384 Μεγάλου
3515 3312 3799 3364 Κωνστανο

2131 3400 2305 3464 τίνου,
2339 3398 2391 3453 ἂν
2425 3402 2469 3471 ᾧ
2500 3401 2588 3453 καὶ
2619 3400 2766 3455 ἀετοὶ
2800 3400 3023 3471 λίθινοι,
3054 3400 3141 3454 καὶ
3183 3399 3395 3477 φιάλαι,
3426 3398 3514 3452 καὶ
3565 3396 3797 3472 βαθμοὶ,

2133 3488 2222 3541 καὶ
2272 3488 2453 3561 βωμοὶ
2508 3490 2860 3563 τετράγωνοι,
2895 3488 2971 3552 εἰς
3018 3486 3377 3560 διακόσμησιν
3420 3489 3520 3550 τῆς
3569 3484 3795 3545 πόλεως

2134 3575 2414 3648 ἱστάμεναι
2449 3574 2615 3651 μέχρι
2664 3584 2765 3646 τῆς
2812 3580 3073 3650 σήμερον.
3110 3574 3355 3647 Πλησίον
3404 3573 3461 3630 δε
3514 3582 3613 3643 τῆς
3667 3574 3799 3647 ἀψί-

2135 3662 2225 3718 δος
2254 3669 2349 3718 τοῦ
2384 3662 2586 3720 Μιλίου
2629 3664 2805 3736 στήλη
2858 3661 3092 3743 ἔφιππος
3146 3664 3327 3719 ἵστατο
3373 3666 3647 3738 Τραϊανοῦ
3697 3664 3789 3717 καὶ

2134 3750 2425 3807 Θεοδοσίου
2454 3757 2551 3807 τοῦ
2584 3755 2819 3827 Μικροῦ.

2704 3842 2833 3917 Περὶ
2871 3847 2968 3897 τοῦ
3010 3842 3213 3918 Φόρου.

2203 3932 2264 3987 Ὀ
2292 3927 2347 3984 δὲ
2381 3931 2558 4005 Φόρος
2593 3930 2669 3993 εἷς
2705 3931 2941 4003 μίμησιν
2984 3935 3082 3986 τοῦ
3114 3933 3367 3985 Ὠκεανοῦ
3420 3928 3636 3998 ἐκτίσθη
3686 3950 3791 3981 κυ-

2131 4017 2422 4087 κλοειδήςο
2477 4020 2564 4073 καὶ
2624 4018 2931 4095 ὡρολόγιον
2990 4019 3158 4075 ἰκεῖσε
3208 4021 3274 4088 ἦν
3326 4016 3593 4094 χαλκοῦν,
3654 4016 3795 4092 ὅπερ

2134 4106 2315 4184 ἔφερεν
2349 4108 2455 4162 ἀπὸ
2487 4108 2738 4176 Κυζίκου.

2134 4198 2262 4272 Περὶ
2314 4202 2422 4251 τῶν
2474 4200 2694 4268 στηλῶν
2736 4202 2845 4252 τῶν
2894 4198 3197 4270 ἱσταμένων
3260 4196 3311 4252 ἐν
3362 4200 3430 4269 τῇ
3484 4191 3641 4267 ἆψίδι
3690 4201 3798 4263 τῆς

2640 4287 2888 4360 καμάρας
2925 4285 3023 4341 τοῦ
3064 4286 3267 4355 Φόρου.

2201 4378 2321 4429 Ὅτι
2352 4374 2403 4429 ἐν
2453 4379 2521 4448 τῇ
2574 4373 2727 4449 ἀψίδι
2776 4383 2875 4445 τῆς
2916 4377 3167 4451 καμάρας
3211 4380 3308 4430 τοῦ
3362 4373 3537 4449 Φόροι.
3606 4372 3799 4428 ἴστανυ

2129 4485 2215 4517 ται
2250 4461 2343 4518 δύο
2395 4463 2590 4533 στῆλαι
2622 4463 2845 4535 Ἑλένης
2893 4465 2982 4518 καὶ
3029 4464 3459 4529 Κωνσταντίνου,
3489 4463 3582 4516 καὶ
3630 4483 3793 4515 σταυ-

364 4549 462 4603 dio
491 4566 656 4612 crux,
683 4551 775 4604 cui
809 4554 1156 4624 inscriptum
1211 4563 1301 4609 est
1334 4573 1345 4610 :
1383 4556 1530 4613 Unus
1578 4557 1831 4623 Sanctus,
1882 4576 2024 4613 unus

2147 4554 2223 4616 >ὸς
2284 4554 2442 4625 μέσον
2494 4553 2673 4607 αὐτῶν
2729 4553 2967 4629 γράφων.
3028 4555 3119 4615 Εἷς
3194 4555 3365 4629 ἅγιος,
3424 4551 3499 4614 είς
3570 4550 3791 4623 Κύριος,

366 4638 652 4704 Dominus,
683 4640 837 4693 Iesus
871 4641 1113 4696 Christus
1140 4648 1199 4696 in
1229 4645 1409 4711 gloria
1443 4646 1537 4699 Dei
1567 4647 1777 4709 Patris,
1829 4650 2016 4703 Amen.
2048 4659 2051 4663 '

366 4725 583 4781 Ibidem
644 4726 867 4797 pariter
925 4735 1157 4787 exstant
1210 4732 1337 4787 dua:
1397 4734 1739 4803 angelorum
1811 4740 2019 4791 statua:

371 4813 559 4871 alatae.

519 4922 594 4976 De
622 4936 785 4977 cruce
815 4924 874 4978 in
901 4926 1352 4993 septentrionalis
1380 4936 1539 4997 parte
1567 4928 1857 4985 collocata.

436 5010 497 5063 In
531 5011 973 5080 septentrionali
1003 5018 1164 5083 parte
1197 5015 1322 5069 Fori
1357 5018 1621 5072 exstabat
1650 5035 1809 5086 crux,
1834 5019 2022 5074 instar

366 5095 527 5153 illius
559 5114 735 5171 quam
791 5099 1215 5157 Constantinus
1266 5104 1513 5175 Magnus
1559 5106 1615 5160 in
1662 5107 1805 5162 ccelo
1854 5107 2018 5175 vidit,

361 5203 505 5243 auro
550 5188 889 5255 obductam,
943 5188 1256 5246 habentem
1310 5194 1367 5246 in
1418 5196 1884 5251 extremitatibus
1934 5213 2018 5250 ro-

358 5276 561 5330 tundis
620 5276 867 5333 malum.
934 5278 1075 5333 Hinc
1131 5279 1268 5335 inde
1326 5286 1448 5336 tam
1507 5283 1631 5351 ipse
1680 5300 1855 5353 quam
1912 5285 2016 5339 ﬁlii

362 5362 492 5432 ejus
550 5380 690 5419 auro
746 5366 981 5422 obducti
1045 5369 1114 5423 ad
1177 5369 1287 5423 hoc
1345 5386 1533 5441 usque
1594 5376 1827 5443 tempus
1892 5390 2015 5429 cer-

367 5453 614 5505 nuntur.

570 5540 648 5595 De
669 5539 885 5597 duabus
911 5545 1164 5601 crucibus
1193 5560 1320 5618 quae
1345 5547 1609 5615 depositae
1634 5556 1809 5604 erant.

439 5625 503 5681 In
533 5626 798 5685 inferiori
827 5636 992 5701 parte
1043 5633 1332 5691 columnae
1379 5634 1508 5693 Fori
1556 5636 1830 5709 deposita
1873 5642 2013 5696 sunt

2130 4646 2337 4713 Ἰησοῦς
2398 4642 2628 4717 Χριστὸς
2685 4641 2762 4703 εἲς
2843 4640 2997 4713 δόξαν
3080 4647 3214 4697 Θεοῦ
3291 4640 3521 4715 Πατρὸς.
3587 4641 3792 4711 Ἀμήν.

2130 4732 2236 4786 Καὶ
2271 4728 2365 4785 δύο
2396 4728 2765 4806 ταχυδρόμων
2798 4731 3008 4803 ὁμοίως
3043 4730 3238 4796 στῆλαι
3271 4734 3587 4804 πτερωτῶν.

2283 4926 2411 4998 Περὶ
2450 4931 2548 4981 τοῦ
2589 4930 2821 5002 σταυροῦ
2858 4930 2955 4981 τοῦ
2997 4925 3047 4981 ἐν
3087 4930 3167 4997 τῷ
3210 4925 3409 5001 βορείῳ
3454 4930 3630 4997 μερει.

2204 5019 2322 5068 Ὅτι
2373 5013 2460 5069 ἐπὶ
2519 5017 2583 5069 τὸ
2644 5014 2857 5089 βόρειον
2937 5014 3101 5089 μέρος
3171 5017 3269 5068 τοῦ
3348 5013 3534 5087 Φόρου
3598 5011 3796 5067 ἳστατο

2129 5104 2355 5179 σταυρὸς
2415 5104 2489 5165 ὡς
2556 5102 2689 5158 εἶδεν
2758 5104 2915 5159 αὐτὸν
2972 5107 3368 5164 Κωνσταντῖνος
3429 5103 3456 5156 ὁ
3502 5104 3685 5177 Μέγας
3739 5101 3794 5157 ἐν

2128 5198 2206 5265 τῷ
2256 5193 2469 5266 οὐρανῷ
2538 5189 2932 5269 χρυσέμϐαφον
2990 5193 3081 5248 καὶ
3141 5191 3193 5247 ἐν
3248 5198 3367 5252 τοῖς
3418 5191 3802 5265 ἀκρωτηρίοις

2129 5279 2496 5357 στρογγύλοις
2532 5281 2735 5353 μῆλον.
2769 5284 2959 5339 Ἔνθεν
2984 5283 3075 5339 καὶ
3107 5280 3215 5337 υἱοὶ
3257 5280 3420 5335 αὐτοῦ
3446 5281 3800 5354 καθορῶνται

2127 5365 2508 5446 χρυσὲμϐαφοι
2545 5370 2711 5446 μέχρι
2743 5368 2839 5425 τοῦ
2864 5375 2977 5426 νῦνο

2329 5551 2457 5626 Περὶ
2490 5554 2600 5605 τῶν
2628 5546 2725 5604 δύο
2758 5554 3000 5626 σταυρῶν
3031 5554 3140 5605 τῶν
3176 5547 3571 5624 κεχωσμένων.

2194 5640 2311 5695 Ὅτι
2372 5639 2613 5704 κάτωθεν
2663 5642 2761 5694 τοῦ
2818 5638 2996 5701 κίονος
3049 5642 3150 5694 τοῦ
3208 5636 3392 5713 Φόρου
3430 5634 3790 5711 κεχωσμένοι
