4060 6214
320 360 475 421 1209

1451 358 1809 422 ANONYMI
1852 360 2439 433 ANTIQUITA'I‘ES
2484 362 2603 422 ΟΡ.

3566 361 3724 421 1210

298 488 435 547 εἰσὶν
468 489 616 543 οὗτοι
669 490 720 543 οἱ
752 486 847 544 δύο
879 491 1123 563 σταυροὶ,
1155 490 1244 545 καὶ
1272 488 1336 545 τὸ
1381 489 1554 565 βίκιον
1602 493 1700 544 106
1752 490 1947 566 μύρου,

2069 494 2193 549 duae
2220 493 2334 549 illis
2363 511 2587 562 cruces,
2613 502 2671 550 et
2701 494 2974 549 urceolus
3005 493 3221 549 vitreus
3260 493 3567 565 unguenti,
3601 510 3715 564 quo

304 576 352 649 ᾧ
407 575 673 651 ἠλείψατο
733 578 760 633 ὁ
819 580 1053 650 Ἰησοῦς,
1113 579 1203 633 καὶ
1286 576 1478 633 πολλά
1552 578 1953 655 σημειοφορικά

302 664 459 740 ἕτερα
481 668 696 730 τιθέντα
730 668 824 739 μὲν
857 668 1007 742 παρά
1059 671 1154 722 106
1212 667 1469 742 Μεγάλου
1526 666 1950 737 Κωνσταντίνου,

296 754 692 831 ἀσφαλισθέντα
724 754 781 810 δὲ
805 758 951 830 παρά
978 761 1075 811 τοῦ
1107 755 1359 833 Μεγάλου
1389 753 1701 813 Θεοδοσίου.

722 863 851 938 Περὶ
881 868 977 918 106
1008 861 1251 938 ἅρματος
1283 862 1503 920 Ἠλίου.

366 956 484 1007 Ὀτι
532 953 596 1007 τὸ
645 954 792 1025 ἅρμα
824 951 1016 1009 Ἡλίου
1067 953 1120 1007 ἐν
1170 954 1415 1028 τέτρασιν
1461 951 1658 1015 ’ίπποις
1707 951 1955 1025 πυρίνοις

297 1040 616 1113 ἱπταμένοις
646 1042 792 1115 παρὰ
822 1038 917 1095 δύο
962 1041 1179 1111 στηλῶν
1212 1039 1442 1096 ἔκπαλαι
1477 1042 1724 1117 ὑπῆρχεν
1771 1040 1822 1095 ἐν
1877 1045 1954 1111 τῷ

295 1129 479 1205 ὡρείῳ
508 1127 713 1202 Μιλίῳ.
748 1131 913 1193 Ἔνθα
958 1128 1273 1201 εύὼημίσθη
1323 1136 1730 1191 Κωνσταντῖνος
1776 1128 1827 1183 ὲν
1873 1134 1954 1199 τῷ

294 1226 509 1287 νικῆσαι
568 1218 852 1287 Ἀζώτιον.
906 1220 1232 1293 Κατενεχθὲν
1305 1216 1361 1273 δὲ
1427 1219 1489 1274 τὸ
1557 1218 1703 1293 ἅρμα
1770 1218 1820 1274 ἰν
1880 1222 1956 1289 τῷ

293 1306 694 1381 Ὶπποδρομίῳ,
727 1304 1209 1385 δορυφορούμενον
1243 1306 1528 1378 στηλίδιον
1583 1308 1775 1381 μικρὸν
1825 1327 1955 1360 κατ-

295 1398 591 1467 εσκευάσθη
668 1399 816 1471 παρά
895 1396 1301 1451 Κωνσταντίνου
1378 1396 1480 1450 ὑπὸ
1537 1394 1729 1452 Ἡλίου
1802 1394 1958 1477 φερός

296 1507 488 1557 μενον,
518 1484 677 1560 Τύχη
739 1492 840 1554 τῆς
900 1484 1116 1546 πόλεως
1169 1484 1247 1547 εἷς
1294 1485 1357 1539 τὸ
1406 1484 1582 1558 στάμα
1632 1484 1824 1556 εἰσῄει,
1866 1482 1955 1537 ποιι

297 1574 631 1651 στεφανωθὶν
692 1574 862 1648 ἐξῄει⁴
899 1572 1106 1637 ἐτίθετο
1152 1570 1209 1627 δὲ
1257 1572 1308 1627 ἐν
1358 1578 1438 1645 τῷ
1492 1573 1707 1645 Σενάτῳ
1755 1574 1956 1646 ἒορτῶν

297 1661 564 1717 ἐπιουσῶν
590 1662 681 1717 καὶ
714 1661 965 1736 γενεσίων
992 1669 1093 1730 τῆς
1132 1660 1350 1723 πόλεως
1396 1661 1742 1734 τελουμένων
1771 1681 1783 1693 ⁸
1818 1659 1957 1716 διότι

302 1750 357 1807 δὲ
388 1751 473 1806 ἐπὶ
509 1751 753 1829 κεφαλῆς
805 1753 1030 1826 σταυρὸν
1085 1750 1254 1825 εἶχεν,
1288 1751 1345 1805 ’ὀν
1400 1751 1628 1825 ἐχάραξε
1679 1755 1956 1807 Κωνσταν-

2061 582 2342 638 inunctus
2374 584 2483 638 fuit
2511 584 2772 650 Jesus,et
2804 582 2991 639 multa
3017 582 3130 638 alia
3160 582 3665 654 admiranda,quaa
3684 601 3718 637 a

2060 673 2450 727 Constantino
2479 676 2688 747 Magno
2718 672 2799 727 ibi
2840 672 3149 737 collocata,
3205 671 3575 727 Theodosius
3604 675 3721 728 Ma-

2064 777 2214 831 gnus
2246 761 2474 817 firmius
2505 762 2829 818 consistere
2858 763 3015 818 iecit.

2662 870 2732 924 De
2760 884 2932 923 curru
2959 867 3127 923 Solis.

2138 958 2201 1011 ln
2235 973 2411 1011 aureo
2440 957 2713 1013 Milliario
2735 959 2864 1026 jam
2910 958 3047 1012 inde
3077 959 3151 1012 ab
3200 956 3461 1028 antiquis
3491 960 3717 1028 tempo-

2066 1041 2231 1097 ribus
2260 1058 2471 1098 currus
2493 1042 2638 1098 solis
2660 1044 2928 1098 trahente
2949 1043 3235 1114 quadriga
3258 1059 3545 1113 equorum
3567 1031 3723 1114 ignei

2065 1129 2277 1185 coloris
2301 1132 2470 1202 quasi
2502 1130 2829 1186 volantium
2861 1148 2894 1186 a
2923 1132 3156 1187 duabus
3176 1130 3470 1187 columnis
3495 1131 3721 1187 viseba-

2066 1224 2204 1274 tur:
2241 1219 2338 1273 ubi
2362 1220 2786 1276 Constantinus
2821 1226 3129 1291 postquam
3170 1221 3437 1275 Azotium
3483 1219 3721 1289 vicerat,

2067 1308 2278 1363 laustis
2326 1309 2853 1365 acclamationibus
2900 1314 3181 1381 exceptus
3228 1315 3336 1365 est.
3384 1308 3491 1364 Ubi
3523 1313 3720 1364 autem

2068 1412 2277 1451 currus
2307 1396 2406 1451 ille
2436 1398 2495 1451 in
2530 1398 2995 1470 Hippodromum
3045 1398 3331 1452 deductus
3379 1397 3511 1467 fuit,
3546 1413 3722 1469 parva

2068 1489 2268 1540 statua
2297 1486 2588 1541 fortunam
2644 1486 2809 1541 urbis
2850 1487 3107 1542 referens
3138 1486 3208 1540 ab
3255 1485 3385 1557 ipso
3432 1488 3721 1541 Constan-

2068 1572 2192 1629 tino
2223 1575 2486 1629 confecta
2514 1579 2625 1644 est,
2670 1591 2798 1646 quae
2830 1592 2864 1630 a
2913 1574 3036 1631 sole
3082 1578 3308 1646 gestata
3355 1574 3428 1630 ad
3460 1573 3720 1629 tribunal

2071 1662 2451 1732 llippodromi
2482 1663 2829 1729 ducebatur,
2864 1663 3119 1734 indeque
3158 1668 3436 1718 coronata
3483 1661 3717 1718 exibat:

2073 1750 2401 1821 ponebatur
2432 1756 2628 1806 autem
2662 1753 2720 1806 in
2772 1757 2980 1807 senatu
3028 1768 3164 1807 cum
3211 1750 3517 1807 celebritas
3546 1751 3719 1805 Nata-

300 1846 488 1902 τῖνος.
546 1840 846 1901 Ἰουλιανὸς
931 1840 1062 1894 αὐτὸ
1138 1839 1322 1915 βόθρῳ
1404 1841 1735 1915 κατέχωσιν.
1796 1841 1951 1903 Ἔνθα

2069 1837 2212 1893 lium
2243 1840 2406 1895 urbis
2434 1840 2791 1896 immineret.
2832 1841 2979 1904 Quia
3025 1857 3160 1897 vero
3191 1840 3369 1912 capiti
3425 1842 3555 1911 ejus
3587 1856 3719 1896 cru-

305 1936 527 2002 ’Ἂρειος
588 1930 676 1983 τὸν
728 1926 984 2002 ἔγθιστον
1034 1930 1259 1982 θάνατον
1312 1928 1417 1983 ἀπὸ
1458 1933 1558 1993 τῆς
1590 1928 1835 2000 καμάρας
1862 1934 1951 1982 106

2070 1943 2196 1982 cem
2228 1927 2482 1999 insculpi
2513 1929 2935 1985 Constantinus
2964 1929 3567 1996 curaverat,.lulianus
3588 1945 3718 1985 eam

310 2018 494 2091 Φόρου
545 2021 642 2072 τοῦ
703 2017 938 2072 Σινάτου
991 2014 1291 2083 ἀπέδωκεν,
1324 2022 1431 2072 ποῦ
1478 2018 1564 2072 καὶ
1601 2019 1652 2071 οἱ
1682 2018 1957 2093 παρερχό-

2068 2016 2127 2071 in
2160 2018 2382 2073 ioveam
2413 2018 2625 2089 conjici
2649 2019 2834 2089 jussit
2863 2036 2877 2075 :
2914 2019 3013 2075 ubi
3041 2020 3218 2074 Arius
3248 2019 3308 2074 in
3340 2035 3572 2074 camera
3589 2017 3722 2074 Fori

311 2106 461 2178 μὲνοι
521 2106 653 2181 οὖρα
706 2109 796 2160 καί
854 2108 1031 2181 κόπρα
1087 2105 1295 2167 ἰτίθουν
1366 2104 1513 2178 αὐτῷ
1575 2110 1656 2178 τῷ
1722 2106 1951 2181 ἐχθίστῳ

2069 2112 2308 2162 senatus
2337 2107 2696 2163 teterrimam
2748 2113 2996 2164 mortem
3046 2108 3195 2163 obiit
3244 2125 3258 2163 :
3305 2112 3483 2179 atque
3512 2123 3579 2163 eo
3606 2105 3719 2162 loci

311 2194 532 2269 Ἀρείῳ.

858 2373 985 2448 Περὶ
1016 2377 1112 2428 τοῦ
1146 2373 1401 2428 Σενάτου.

371 2464 492 2514 ’Ότι
522 2462 583 2514 τὸ
616 2460 868 2529 Σινάτον,
900 2464 977 2525 ὼς
1006 2462 1057 2516 οἱ
1102 2463 1195 2534 μὶν
1248 2461 1523 2537 λέγουσιν,
1566 2460 1616 2531 ἐξ
1665 2460 1841 2536 ἀρχῆς
1887 2461 1953 2529 ἦν

299 2551 409 2605 τῶν
463 2547 817 2605 κωδικέλλων
878 2548 1293 2625 φυλακτήριον·
1354 2549 1524 2605 ἐκεῖσε
1579 2550 1681 2625 γὰρ
1730 2550 1782 2603 οἱ
1842 2551 1951 2607 Πα-

297 2639 501 2713 τρίκιοι
533 2634 841 2710 ἰλάμϐανον
892 2637 1188 2707 αύτοὺς,ἰν
1245 2640 1290 2711 ᾧ
1346 2659 1405 2695 τε
1462 2638 1550 2693 καὶ
1605 2636 1951 2713 Καλλίστρα-

298 2748 393 2789 τος
450 2732 667 2803 πρῶτον
719 2729 819 2797 τήν
882 2728 1029 2798 ἀξίαν
1082 2733 1181 2783 τοῦ
1240 2729 1443 2783 ὑπάτου
1491 2726 1663 2782 ἐκεῖσε
1716 2725 1951 2798 ἰδίξατο,

299 2821 401 2871 106
435 2813 615 2889 δήμου
648 2818 960 2892 κράξαντος,
994 2815 1408 2891 Καλλίστρατος
1442 2815 1677 2890 εὐτυχής
1723 2815 1813 2871 καὶ
1873 2814 1951 2877 εἷς

298 2903 444 2960 ἄλλο
504 2906 801 2980 προκόψει·
859 2908 887 2961 ὁ
947 2904 1005 2961 δὶ
1062 2903 1323 2984 φοϐηθεὶς
1380 2906 1686 2981 προσὲφυγε
1741 2909 1808 2979 τῇ
1864 2904 1949 2959 ἰκ-

294 2993 521 3065 κλησίᾳ.
582 3000 986 3056 Κωνσταντῐνος
1045 2991 1102 3048 δὲ
1157 2992 1471 3067 ἐξωμόσατο
1542 2995 1617 3065 μὴ
1697 2991 1951 3062 ἀδικῆσαι

296 3082 483 3139 αὐτόν.
535 3084 595 3140 Ὀ
652 3081 709 3137 δὶ
770 3084 844 3157 μή
914 3082 1285 3158 ἀνασχόμενος
1344 3082 1734 3157 ἐχειροτονήθη
1784 3102 1951 3158 πρεσ-

294 3166 541 3246 6ύτερος,
574 3172 686 3227 εἶτα
724 3171 1043 3235 ἐπίσκοπος.

296 3276 430 3351 Περὶ
478 3282 576 3333 106
623 3279 865 3343 τεθέντος
918 3278 1218 3421 ποιχὲίου,
1249 3278 1336 3333 καὶ
1368 3282 1466 3333 106
1496 3277 1700 3351 Φόρου,
1732 3278 1823 3332 καὶ
1852 3284 1949 3347 τῆς

1004 3371 1064 3404 στ
1148 3371 1239 3419 ης.

1004 3371 1239 3419 στηΛης.

374 3439 617 3503 Κάτωθεν
652 3435 709 3493 δὲ
737 3443 835 3493 106
872 3438 1054 3503 κίονος
1082 3443 1180 3494 106
1229 3438 1414 3511 Φόρου
1456 3436 1610 3509 ἐτέθη
1662 3438 1752 3494 καὶ
1802 3436 1951 3493 Παλ-

295 3525 489 3581 λάδιον
541 3529 839 3604 στοιχεὶον,
872 3528 960 3583 καὶ
1003 3525 1158 3601 ἕτερα
1204 3525 1392 3583 πολλὰ
1438 3529 1860 3603 σημειοφορικά.
1889 3528 1952 3584 Ὀ

293 3612 359 3669 δὶ
404 3614 607 3679 κύκλος
654 3621 751 3671 106
801 3616 982 3691 Φόρου
1026 3615 1117 3672 ἐπὶ
1156 3622 1221 3672 τὸ
1271 3612 1386 3671 ἴσον
1442 3623 1541 3686 τῆς
1596 3614 1794 3678 ποδὲας
1853 3617 1950 3687 τῆς

291 3703 501 3779 κόρτης
546 3709 642 3760 106
690 3703 947 3779 Μεγάλου
983 3704 1411 3773 Κωνσταντίνου,
1443 3706 1504 3774 ἣν
1552 3704 1709 3767 αὐτὸς
1757 3700 1948 3779 ἔπηξεν

293 3791 390 3846 ὅτε
447 3792 673 3857 ἀνῆλθεν
730 3794 836 3848 ἀπὸ
884 3795 1121 3867 Ῥώμης.
1155 3795 1223 3852 Οἱ
1285 3791 1341 3849 δὲ
1398 3792 1493 3849 δύο
1548 3791 1948 3869 σιγματοειδεῖς

291 3875 536 3952 ἔμϐολοι
566 3881 861 3958 ἐτύγχανον
894 3884 1017 3938 τότε
1048 3881 1274 3938 σταῦλοι
1306 3880 1547 3960 γύρωθεν
1582 3888 1679 3939 106
1725 3883 1946 3959 κόρτης.

288 3970 359 4027 Ὁ
412 3967 471 4024 δὲ
526 3966 893 4047 περίϐλεπτος
951 3972 1106 4035 οὗτος
1163 3972 1322 4039 κίων,
1377 3971 1466 4026 καὶ
1519 3974 1554 4041 ἡ
1615 3973 1793 4044 στήλη
1851 3975 1949 4027 106

290 4057 679 4129 Ἀπόλλωνος,
734 4056 846 4116 ἔστι
899 4066 996 4116 τοῦ
1062 4059 1315 4136 Μεγάλου
1400 4062 1832 4129 Κωνσταντίνου,
1890 4062 1951 4129 ἣν

288 4142 518 4217 ἔστησεν
553 4149 708 4210 οὗτος
742 4146 895 4221 δίκην
941 4147 1131 4219 ἡλίου,
1160 4149 1329 4213 τιθεὶς
1380 4148 1430 4205 ἐν
1480 4153 1549 4223 τῇ
1596 4147 1808 4227 κεφαλῇ
1856 4148 1950 4203 αὖ·

284 4239 394 4291 τοῦ
449 4238 575 4301 τοὺς
631 4237 805 4307 ἥλους
855 4238 916 4294 ἐκ
960 4243 1068 4294 τῶν
1113 4243 1210 4293 106
1240 4239 1476 4315 Χριστοῦ
1509 4236 1665 4309 δίκην
1699 4237 1949 4307 ἀκτίνων,

288 4325 372 4385 ὡς
403 4324 567 4394 ἥλιος
594 4332 712 4391 τοῖς
741 4328 998 4390 πολίταις
1031 4325 1354 4402 ἕκλάμπων.

286 4431 429 4506 Περὶ
458 4438 566 4487 τῶν
596 4433 857 4522 τεθίντων
881 4434 1143 4525 ’ἡνιόχων
1194 4433 1246 4521 ἂν
1296 4438 1375 4525 τ’ζρ
1418 4435 1657 4507 Σινάτῳ,
1688 4434 1777 4489 καὶ
1825 4434 1951 4510 περὶ

720 4511 827 4561 τῶν
864 4508 893 4560 ι’
914 4506 1150 4584 κοφίνων
1178 4511 1285 4562 τῶν
1318 4506 1519 4581 ἄρτων.

2067 2196 2168 2265 qui
2214 2196 2591 2265 prmteribant
2636 2198 2868 2253 urinam
2930 2203 2987 2252 et
3036 2202 3295 2254 stercora
3341 2196 3717 2252 odiosissimo

2064 2285 2203 2339 Ario
2224 2284 2615 2355 deponebant.

2722 2375 2794 2430 De
2823 2373 3050 2429 Senatu.

2134 2463 2197 2516 In
2227 2462 2468 2530 Senatu,
2501 2467 2564 2517 ut
2594 2462 2839 2533 quidam
2868 2462 3133 2529 tradunt,
3167 2461 3423 2519 codicilli
3452 2461 3713 2534 antiqui-

2062 2553 2161 2605 tus
2192 2552 2682 2607 asservabantur:
2721 2552 2801 2606 ibi
2832 2552 2991 2607 enim
3042 2550 3277 2607 Patricii
3324 2568 3425 2607 eos
3471 2550 3717 2622 accipie-

2061 2638 2224 2706 bant,
2259 2638 2355 2695 ubi
2388 2638 2757 2695 Callistratus
2797 2639 3051 2710 primum
3102 2640 3449 2710 dignitatem
3497 2655 3713 2694 consu-

2060 2727 2241 2784 larem
2282 2729 2563 2801 suscepit,
2614 2728 2977 2785 acclamante
3018 2729 3234 2801 populo
3277 2747 3290 2784 :
3341 2727 3714 2785 Callistratus

2064 2822 2296 2875 fortuna
2327 2820 2555 2874 favente
2581 2818 2825 2890 insuper
2849 2818 2921 2874 ad
2971 2818 3131 2875 aliud
3184 2817 3538 2890 provehetur
3569 2834 3583 2873 :
3618 2816 3716 2872 ille

2062 2923 2195 2963 vero
2225 2907 2572 2979 perterritus
2602 2909 2674 2964 ad
2706 2908 3013 2964 ecclesiam
3048 2909 3331 2981 confugit,
3360 2912 3417 2962 et
3446 2905 3715 2979 quamvis

2060 2995 2483 3052 Constantinus
2506 2997 2737 3067 juraret
2766 3013 2828 3052 se
2861 2997 3084 3053 nullam
3122 2997 3174 3053 ei
3204 2998 3481 3067 injuriam
3514 2995 3711 3051 illatu-

2062 3103 2212 3158 rum,
2246 3092 2440 3143 tamen
2473 3087 2569 3143 ille
2602 3088 2800 3143 minus
2831 3089 3041 3158 ﬁdens,
3094 3088 3351 3160 primum
3386 3088 3713 3159 presbyter,

2062 3176 2273 3233 deinde
2302 3176 2616 3247 episcopus
2644 3181 2877 3233 creatus
2908 3182 3016 3233 est.

2220 3283 2296 3337 De
2322 3282 2577 3339 Palladio
2604 3282 2866 3354 deposito,
2897 3283 2964 3339 de
2994 3288 3135 3341 Foro
3165 3293 3217 3340 et
3247 3283 3311 3340 de
3338 3287 3550 3339 statua.

2127 3441 2341 3496 Subter
2369 3439 2502 3497 Fori
2531 3440 2870 3498 columnam
2894 3441 3246 3510 Palladium,
3294 3446 3351 3498 et
3381 3440 3568 3497 multa
3599 3440 3716 3497 alia

2059 3530 2411 3586 admiranda
2454 3531 2644 3601 posita
2691 3531 2952 3587 fuerunt.
3016 3531 3311 3586 Circuitus
3361 3535 3557 3585 autem
3605 3530 3713 3586 fori

2059 3624 2261 3675 tantus
2289 3622 2399 3685 est,
2431 3623 2691 3689 quantus
2720 3619 2829 3675 fuit
2854 3620 3117 3676 ambitus
3167 3619 3401 3676 tentorii
3433 3619 3714 3675 Constan-

2058 3706 2165 3761 tini
2193 3706 2407 3779 Magni,
2435 3708 2590 3779 quod
2623 3708 2806 3763 Roma
2848 3708 3190 3781 Byzantium
3248 3707 3488 3764 veniens
3540 3707 3713 3764 isthic

2057 3796 2281 3852 ﬁxerat.
2331 3794 2467 3851 Dum
2519 3802 2717 3852 autem
2783 3795 2899 3853 illas
2962 3797 3379 3853 semirotundrs
3450 3798 3712 3869 porticus

2058 3889 2201 3941 tunc
2230 3884 2513 3957 temporis
2544 3884 2781 3942 stabula
2810 3892 3000 3956 erant,
3029 3886 3184 3943 circa
3214 3887 3557 3943 tentorium.
3587 3886 3735 3942 Cee-‘

2059 3978 2250 4030 terum
2299 3973 2550 4047 insignis
2602 3974 2703 4031 illa
2752 3975 3031 4032 columna
3079 3980 3138 4031 et
3182 3980 3380 4032 statua
3423 3974 3712 4048 Apollinis

2057 4068 2147 4119 est
2176 4063 2545 4120 Constantini
2580 4064 2798 4136 Magni,
2831 4082 3009 4137 quam
3042 4065 3169 4136 ipse
3198 4065 3387 4122 instar
3416 4064 3562 4121 solis
3592 4080 3711 4121 ere-

2061 4153 2165 4221 xit,
2209 4151 2405 4208 inﬁxis
2452 4153 2630 4224 capiti
2680 4155 2829 4224 ejus,
2898 4154 3197 4210 radiorum
3265 4152 3476 4224 instar,
3530 4153 3712 4209 clavis

2060 4240 2352 4312 passionis
2406 4241 2643 4312 Christi,
2678 4248 2743 4297 ut
2794 4241 2969 4297 veluti
3016 4240 3103 4297 sol
3154 4241 3381 4299 civibus
3428 4240 3554 4297 suis
3582 4241 3708 4296 elu-

2059 4337 2232 4387 ceret.

2059 4438 2133 4493 De
2159 4439 2353 4493 statuis
2378 4439 2862 4508 aurigarum,quts
2886 4440 2947 4493 in
2971 4438 3185 4493 Senatu
3216 4437 3501 4496 collocata
3529 4444 3712 4507 erant,

2340 4524 2405 4564 ac
2429 4508 2496 4565 de
2525 4508 2709 4564 decem
2746 4510 3124 4580 reliquiarum
3153 4510 3424 4582 cophim's.

373 4594 458 4650 Ἐν
516 4593 572 4649 δὲ
613 4600 692 4667 τῷ
726 4595 943 4668 Σενάτῳ
974 4595 1306 4667 ἀπετὲθησαν
1340 4597 1393 4650 οἱ
1432 4594 1654 4670 ἡνίοχοι
1693 4593 1743 4648 ἐν
1798 4596 1941 4665 ζευξ-

2132 4598 2196 4651 In
2246 4597 2466 4653 Senatu
2515 4602 2722 4653 erectae
2773 4604 2913 4653 sunt
2961 4598 3301 4670 aurigarum
3350 4598 3712 4654 Circensium

292 4678 489 4742 ίπποις
534 4680 587 4735 ἐν
639 4687 718 4754 τῷ
761 4683 1145 4759 ἀστρονομικῷ
1193 4682 1430 4759 ὀργάνῳ,
1460 4678 1587 4737 ἵνθα
1631 4688 1731 4751 τῆς
1760 4682 1949 4754 ’Δρτὲ-

286 4768 459 4846 μιδος
490 4770 581 4825 καὶ
610 4778 709 4841 τῆς
742 4770 1068 4849 Ἀφροδίτης
1095 4771 1311 4828 ’ἱσταται
1366 4768 1570 4842 στήλη,
1598 4769 1649 4826 ἐν
1695 4776 1779 4832 αἷς
1828 4792 1949 4825 σκυ-

276 4856 488 4921 τάλαις
542 4858 951 4938 ἀπεκεφαλίσθη
1013 4862 1117 4917 ὑπὸ
1167 4863 1458 4936 Ἀρειανῶν
1505 4857 1794 4934 Ἀρκάδιος
1850 4861 1949 4933 ἀρ·

281 4945 614 5024 χιδιάκονος
668 4953 768 5016 τῆς
797 4950 980 5025 Ἀγίας
1034 4951 1397 5025 Εῗρήνης.οἱ
1455 4949 1511 5005 δὶ
1566 4947 1695 5005 δέκα
1736 4950 1947 5027 κόφινοι

276 5041 401 5093 τῶν
462 5039 932 5114 περισσευμάτων,
966 5037 1092 5095 δέκα
1151 5038 1244 5110 ἔτη
1306 5039 1360 5095 ἐν
1415 5043 1493 5111 τῷ
1543 5038 1798 5111 παλατίῳ
1852 5041 1948 5093 106

280 5130 529 5182 Σινάτου
577 5129 917 5184 κατὲκειντο³
954 5130 1091 5203 μετά
1148 5126 1206 5186 δὶ
1254 5133 1423 5185 ταῦτα
1470 5127 1572 5184 ὑπὸ
1628 5128 1728 5197 τήν
1795 5127 1946 5203 βάσιν

275 5220 389 5273 τοῦ
418 5215 604 5281 κίονος
633 5219 1084 5294 κατεχώσθησαν.
1154 5280 1161 5287 ,

2060 4691 2267 4741 statuas
2297 4685 2357 4742 in
2390 4702 2610 4758 organo
2639 4687 3059 4755 astronomico,
3094 4687 3195 4742 ubi
3226 4688 3402 4745 etiam
3435 4687 3633 4744 Dianas
3656 4692 3716 4744 et

2061 4774 2295 4831 Veneris
2324 4779 2563 4831 statuas:
2598 4775 2670 4830 ad
2704 4792 2850 4847 quas
2876 4777 3162 4833 Arcadius
3182 4776 3635 4833 archidiaconus
3652 4777 3709 4832 S.

2058 4866 2241 4921 Irenas
2269 4865 2341 4921 ab
2374 4864 2613 4921 Arianis
2644 4864 2847 4937 ﬂagris
2875 4866 3106 4923 occisus
3127 4872 3234 4924 est.
3269 4867 3479 4923 Decem
3512 4871 3711 4923 autem

2059 4953 2297 5024 cophini
2326 4953 2711 5025 reliquiarum
2742 4955 2943 5011 decem
2977 4956 3147 5012 annis
3189 4956 3251 5011 in
3282 4955 3499 5029 palatio
3531 4956 3712 5011 Sena-

2058 5046 2155 5098 tus
2176 5042 2495 5112 jacuerunt
2522 5060 2535 5112 ;
2569 5047 2774 5115 postea
2800 5061 2935 5101 vero
2966 5046 3039 5102 ad
3071 5044 3261 5102 basim
3283 5045 3569 5101 columnae
3588 5045 3708 5098 suf-

2058 5129 2200 5187 fossi
2231 5131 2414 5188 fuere.

962 5367 1041 5419 De
1070 5364 1271 5419 statuis
1299 5375 1428 5434 quas
1456 5361 1591 5417 olim
1623 5362 1685 5416 in
1712 5376 1924 5430 magna
1950 5364 2178 5419 ecclesia
2204 5368 2382 5422 Santa
2401 5368 2605 5439 Sophia
2634 5369 2832 5424 eredas
2858 5370 3041 5421 erant.

368 5488 457 5545 ’Ev
499 5485 557 5543 at
602 5491 672 5562 τῇ
727 5486 936 5564 μεγάλῃ
993 5486 1274 5560 ἐκκλησίᾳ,
1303 5490 1372 5561 τῇ
1420 5489 1509 5541 νῦν
1565 5485 1945 5563 ὀνομαζομένῃ

277 5581 320 5648 ἡ
354 5582 355 5585 “
388 5575 546 5653 Ἀγία
599 5577 800 5656 Σοφία,
859 5579 1059 5648 στῆλαι
1109 5575 1327 5633 ’ίσταντο
1394 5579 1528 5646 υκζ¹,
1587 5576 1644 5630 αὶ
1697 5573 1947 5639 πλείονες

274 5662 507 5725 τούτων
558 5662 885 5741 Ἑλληνικαὶ
947 5666 1234 5743 ὑπῆρχον·
1285 5660 1482 5727 αἵτινες
1530 5663 1591 5721 ἐκ
1650 5667 1759 5720 τῶν
1813 5661 1951 5723 πολ-

2130 5490 2192 5548 In
2226 5509 2440 5566 magna
2464 5494 2730 5564 ecclesia,
2765 5509 2891 5565 qua:
2933 5492 3059 5562 jam
3113 5488 3447 5561 appellatur
3499 5494 3712 5547 Sancta

2060 5580 2279 5653 Sophia
2306 5587 2509 5640 erecta
2533 5587 2707 5640 erant
2746 5580 3190 5655 quadringentis
3231 5579 3440 5653 viginti
3483 5584 3708 5652 septem

2058 5671 2301 5739 statuas,
2368 5686 2620 5741 quarum
2710 5668 3002 5742 pleraque
3093 5666 3301 5725 Grece
3374 5670 3573 5736 erant;
3641 5681 3710 5722 ex
