3970 6218
292 332 442 392 1211

1258 338 1656 397 APPENDIX
1706 339 1809 395 AD
1854 335 2318 397 MICHAELEM
2359 335 2753 398 PSELLUM.

3549 332 3704 392 1ἳ12

292 480 544 534 quarum
590 482 832 522 numero
881 467 1005 522 istae
1054 472 1222 523 erant
1296 468 1455 524 Jovis
1518 469 1764 535 scilicet,
1814 469 1943 524 Cari
1974 474 2025 537 Α
2058 466 2159 522 λῶι

2144 487 2169 519 ν
2213 468 2489 543 ὑπῆρχον,
2517 471 2615 522 τοῦ
2664 488 2723 523 τε
2781 465 2926 534 Διὸς,
2958 464 3049 520 καὶ
3109 461 3285 539 Κάρου
3332 465 3431 519 τοῦ
3486 461 3710 535 πατρὸς,

295 554 499 626 patris,
551 554 915 626 Diocletiani,
966 558 1274 612 duodecim
1339 557 1643 629 signorum
1694 557 1944 628 Zodiaci,

286 643 482 710 Lunae,
532 644 795 701 Veneris.
851 646 1083 701 Arcturi
1130 644 1340 701 sideris
1407 646 1641 701 duabus
1697 646 1944 702 Persicis

286 732 579 789 columnis
632 733 788 799 fulti,
840 734 958 789 Poli
1012 734 1322 805 Australis,
1364 751 1429 790 ac
1475 736 1795 791 sacerdotis
1836 735 1945 789 Mi-

288 839 481 879 nervae
512 822 783 879 habentis
816 841 849 878 a
894 822 1075 879 latere
1133 824 1345 881 Iridem
1397 826 1525 880 sine
1574 824 1949 896 philosophia

286 912 730 968 vaticinantem.
802 912 1273 969 Christianorum
1342 914 1482 969 item
1553 920 1781 970 statuas
1830 930 1946 969 non

290 1016 509 1071 paucas
559 1001 857 1056 exstitisse
908 1004 1124 1069 ferunt,
1177 1019 1245 1058 ex
1296 1003 1507 1058 multis
1564 1020 1701 1059 vero
1753 1019 1949 1075 paucae

292 1090 703 1145 enumerandis
736 1095 899 1156 sunt,
930 1090 1300 1148 Constantini
1335 1093 1558 1164 Magni,
1590 1091 1948 1161 Constantis,

295 1178 465 1246 Galli,
519 1179 855 1247 Theodosii,
924 1181 1170 1249 Juliani,
1241 1182 1544 1238 Theodosii
1604 1182 1844 1238 alterius
1893 1184 1951 1236 et

291 1267 522 1321 Arcadii
554 1267 658 1322 ﬁlii
692 1270 844 1340 ejus,
878 1286 943 1325 ac
991 1270 1334 1342 Serapionis
1379 1271 1639 1327 consulis
1671 1287 1685 1326 :
1722 1272 1949 1326 Helenae

293 1356 432 1411 item
466 1356 673 1412 matris
717 1359 1089 1414 Constantini
1145 1364 1258 1415 tres
1311 1377 1325 1418 :
1377 1378 1495 1416 una
1545 1360 1950 1433 porphyretica

292 1446 631 1517 margaritis
663 1447 985 1503 distincta:
1022 1449 1205 1504 altera
1232 1466 1299 1505 ex
1350 1449 1608 1506 tessellis
1657 1449 1951 1521 argenteis

294 1552 471 1606 super
518 1536 856 1592 columnam
907 1555 1114 1593 aeream
1178 1555 1191 1592 :
1243 1540 1414 1595 tertia
1480 1556 1616 1595 vero
1673 1540 1948 1606 eburnea,

298 1640 475 1695 quam
526 1625 722 1697 posuit
768 1627 992 1698 Cyprus
1042 1628 1259 1683 rhetor.
1325 1628 1551 1691 Quibus
1598 1644 1699 1699 per
1748 1626 1949 1682 urbem

300 1713 582 1785 dispersis
611 1715 988 1771 Justinianus
1019 1716 1133 1771 ﬁde
1164 1722 1222 1772 et
1251 1718 1448 1772 studio
1507 1716 1692 1773 multo
1722 1732 1951 1788 permo-

298 1806 417 1872 tus,
450 1803 886 1874 amplissimum
919 1804 1204 1877 templum
1255 1805 1545 1862 excitavit.
1594 1806 1650 1861 Si
1683 1806 1785 1877 qui
1818 1821 1952 1861 vero

301 1891 513 1947 horum
547 1894 741 1964 periti,
776 1894 981 1950 urbem
1014 1894 1355 1966 explorandi
1380 1912 1560 1965 causa
1587 1898 1952 1967 percurrent,

301 1997 417 2037 non
450 1998 667 2053 paucas
698 1998 901 2039 earum
934 1984 1243 2057 reperient.

320 2272 397 2322 De
453 2270 650 2324 statuis
709 2284 833 2340 qum
881 2271 1167 2394 collocata?!
1213 2280 1374 2327 erant
1438 2272 1497 2325 in
1552 2271 1780 2327 dextera
1834 2267 1961 2324 Fari

1041 2358 1143 2394 var
1171 2356 1217 2394 ε.

1037 2356 1217 2412 parte.

382 2430 443 2483 In
480 2428 715 2483 dextera
750 2430 872 2483 Fori
907 2435 1068 2501 parte
1112 2432 1183 2485 ad
1233 2431 1514 2487 orientem
1561 2436 1765 2487 statum
1814 2433 1959 2487 duo-

311 2516 497 2571 decim
532 2532 602 2572 ex
654 2534 943 2573 marmore
996 2519 1401 2591 porphyretico
1446 2522 1775 2589 exstabant,
1826 2520 1961 2576 toti-

309 2606 563 2677 demque
591 2606 821 2662 Sirenes
853 2623 994 2661 auro
1026 2608 1312 2677 obductae,
1345 2625 1493 2679 quas
1533 2610 1746 2681 vulgus
1776 2625 1960 2681 equos

308 2693 568 2750 marinos
600 2699 786 2750 vocat.
820 2696 988 2752 Nunc
1020 2700 1215 2752 autem
1245 2702 1469 2768 septem
1509 2699 1793 2754 duntaxat
1822 2715 1962 2755 con-

308 2782 703 2854 spiciuntur:
764 2800 1015 2854 quarum
1088 2793 1201 2841 tres
1267 2787 1422 2857 apud
1485 2789 1541 2842 S.
1609 2788 1959 2844 Mamantem

306 2871 510 2943 positas
567 2876 726 2927 sunt.
780 2873 1006 2929 Caetera;
1082 2878 1291 2930 statuis
1367 2875 1693 2932 etiamnum
1755 2893 1960 2949 super-

305 2964 465 3015 sunt.

2055 554 2143 609 xui
2176 554 2592 625 Διοκλητιανοῦ,
2628 556 2719 610 καὶ
2747 556 2813 610 τὰ
2844 552 3054 609 δώδεκα
3088 550 3277 623 ζώόια,
3310 551 3345 621 ἦ
3377 572 3436 607 τε
3497 550 3713 620 Σελήνη

2055 647 2143 701 καὶ
2195 650 2230 716 ἠ
2295 646 2621 726 Ἀφροδίτη,
2680 649 2774 702 καὶ
2830 649 2858 701 6
2917 644 3248 720 Ἀρκτοῦρος
3328 645 3527 717 ἀστὴρ,
3576 645 3719 717 παρὰ

2058 734 2154 790 δύο
2214 743 2489 811 Περσικῶν
2547 735 2768 807 στηλῶν
2834 736 3259 811 βασταζόμενος,
3293 734 3384 789 καὶ
3444 735 3471 787 6
3522 734 3720 793 Νότιος

2057 824 2261 895 Πόλος,
2313 826 2401 881 καὶ
2454 830 2488 895 ἡ
2540 826 2710 902 ἱέρεια
2754 833 2855 895 τῆς
2884 828 3140 894 Ἀθηνᾶς,
3174 825 3281 879 ἀπὸ
3327 828 3425 879 τοῦ
3478 822 3719 894 πλευροῦ

2054 916 2152 983 τὴν
2199 917 2330 991 Ἰριν
2384 914 2742 993 ἀφιλοσόφους
2814 914 3176 988 μαντεύουσαν
3235 911 3459 988 ἔχουσα.
3511 913 3609 968 Ἐκ
3662 908 3719 965 δὶ

2055 1008 2162 1059 τῶν
2222 1009 2561 1079 Χριστιανῶν
2634 1004 2733 1059 οὐκ
2811 1004 2992 1079 ὀλίγαι
3078 1004 3202 1077 μὲν.
3248 1002 3325 1065 ὡς
3387 1001 3579 1055 εἷπον·
3630 1000 3719 1054 καὶ

2060 1092 2177 1148 δέον
2234 1094 2293 1148 ἐκ
2347 1097 2454 1149 τῶν
2509 1092 2738 1149 πολλῶν
2801 1092 2989 1169 ὀλίγας
3050 1093 3259 1148 εἰπεῖν·
3320 1089 3719 1145 Κωνσταντίνου

2056 1189 2153 1238 τοῦ
2208 1183 2488 1258 Μεγάλου,
2530 1184 2619 1238 xui
2679 1184 3055 1253 Κώνσταντος,
3105 1181 3193 1236 xui
3249 1177 3488 1251 Γάλλου,
3520 1176 3717 1233 Θεοδο-

2061 1274 2179 1327 σίου
2230 1294 2288 1326 τε
2338 1273 2429 1327 καὶ
2490 1270 2817 1341 Ἰουὶιιανοῦ,
2873 1272 2964 1327 καὶ
3020 1268 3318 1327 Θεοδοσίου
3359 1274 3457 1324 τοῦ
3510 1268 3718 1343 ἑτέρου,

2059 1361 2148 1415 καὶ
2208 1360 2497 1435 Ἀρκαδίου
2550 1362 2673 1416 υἱοῦ
2726 1360 2890 1416 αὐτοῦ
2925 1406 2939 1430 ,
2999 1360 3089 1415 καὶ
3169 1359 3504 1432 Σεραπίονος
3583 1357 3718 1412 ὑπά-

2058 1472 2176 1521 του,
2236 1449 2325 1505 καὶ
2383 1449 2608 1519 Ἑλένης
2670 1451 2876 1521 μητρὸς
2958 1447 3360 1507 Κωνσταντίνου
3428 1452 3621 1523 τρεῖς·
3683 1449 3718 1515 ἡ

2064 1541 2158 1612 μὶν
2194 1540 2294 1611 μία
2350 1538 2605 1615 πορφύρα
2663 1535 2752 1592 διὰ
2813 1537 3147 1613 μαργάρων·
3211 1539 3247 1605 ἡ
3311 1533 3369 1590 δὲ
3427 1535 3582 1609 ὶτέρα
3634 1532 3723 1587 διὰ

2060 1626 2312 1706 ψηφίδων
2377 1629 2621 1703 ἀργυρῶν
2664 1626 2715 1681 ἐν
2774 1631 2855 1699 τῷ
2912 1625 3114 1702 ’χαλκῷ
3166 1627 3331 1695 κίονι,
3362 1624 3453 1677 καὶ
3503 1625 3540 1691 ἡ
3574 1621 3721 1691 ἄλλη

2062 1714 2445 1795 ὶλεφαντώδης
2522 1716 2743 1791 Κύπρου
2820 1715 3053 1792 ῥήτορος
3112 1712 3610 1790 προσενέγκαντος·
3664 1711 3725 1772 ἃς

2062 1807 2441 1867 Ἰουστινιανὸς
2498 1805 2721 1879 μερίσας
2776 1802 2828 1858 ἐν
2891 1808 2958 1877 τῇ
3030 1802 3191 1859 πόλει
3266 1803 3390 1857 ναὸν
3472 1805 3724 1875 μὲγιτσον

2062 1896 2317 1971 ἀνήγειρε
2375 1895 2509 1967 μετά
2567 1895 2802 1955 πίστεως
2859 1894 2949 1948 καὶ
3006 1893 3180 1957 πόθου
3237 1890 3455 1947 πολλοῦ
3489 1909 3503 1922 ·
3554 1891 3607 1944 οἱ
3672 1887 3729 1944 δὶ

2062 1984 2450 2059 πεπειράμενοι
2543 1988 2651 2037 τῶν
2749 1982 3168 2057 προειρημίνων
3205 2022 3220 2049 ,
3296 1980 3727 2055 περιερχόμενοι

2061 2076 2159 2144 τὴν
2218 2072 2420 2141 πόλιν,
2480 2073 2570 2127 xui
2632 2076 2918 2142 ζητοῦντες
2978 2070 3182 2142 αὐτὰς,
3242 2069 3563 2143 εὑρήσουσιν
3626 2068 3731 2121 οὒκ

2067 2163 2278 2238 ὀλίγας.

2068 2269 2197 2347 Περὶ
2239 2274 2347 2324 τῶν
2399 2266 2612 2341 στηλῶν
2662 2273 2770 2324 τῶν
2792 2267 3130 2347 ῌὶσταμὲνων
3162 2264 3214 2321 ἐν
3242 2270 3320 2337 τῷ
3363 2262 3523 2336 δεξιῷ
3571 2263 3732 2338 μέρει

2723 2345 2821 2395 τοῦ
2854 2340 3058 2414 Φόρου.

2142 2436 2226 2485 Ἐν
2279 2426 2337 2484 δὲ
2382 2434 2461 2501 τῷ
2507 2428 2666 2502 δεξιῷ
2700 2428 2851 2505 μὲρει
2879 2432 2975 2483 τοῦ
3032 2428 3214 2502 Φόρου
3269 2429 3367 2480 τοῦ
3423 2423 3730 2491 ἀνατολῆς,

2072 2518 2311 2592 ἐδέξαντο
2370 2516 2573 2588 στήλας
2630 2523 2911 2595 πορφυρᾶς
2974 2514 3065 2571 διὰ
3124 2516 3424 2590 μαρμάρων
3487 2515 3579 2587 ιβ’,
3637 2514 3730 2567 καὶ

2072 2615 2324 2683 σειρῆνας
2381 2605 2611 2676 δώδεκα,
2672 2605 2889 2668 ἅστινας
2974 2606 3025 2660 οἱ
3111 2603 3315 2659 πολλοὶ
3378 2602 3577 2663 ἵππους
3635 2614 3731 2665 θα-

2072 2697 2325 2760 λασσίους
2383 2696 2615 2753 καλοῦσι
2647 2715 2660 2729 ·
2717 2689 3099 2771 χρυσέμϐαφοι
3154 2691 3210 2748 δὶ
3264 2693 3420 2761 ἦσαν.
3490 2691 3613 2746 Ἐπὶ
3678 2689 3735 2745 δὲ

2070 2790 2231 2861 ἡμῶν
2261 2787 2394 2842 ἒπτὰ
2431 2787 2589 2860 μόναι
2646 2787 3007 2859 καθορῶνται·
3048 2783 3143 2844 τὰς
3206 2779 3264 2836 δὶ
3316 2787 3464 2857 τρεῖς
3518 2780 3569 2852 ἐξ
3631 2780 3731 2833 αὖ·

2067 2882 2177 2932 τῶν
2224 2876 2274 2932 ἰν
2328 2881 2445 2939 τοῖς
2499 2873 2821 2949 τοῦ”Αγίου
2876 2878 3166 2946 Μάμαντος
3230 2869 3445 2945 μὶρεσιν
3505 2866 3733 2936 ἔθηκαν,

2068 2968 2157 3021 xui
2186 2967 2241 3021 ui
2274 2964 2466 3020 λοιπαὶ
2499 2962 2698 3033 στῆλαι
2731 2964 3022 3031 σώζονται.

899 3069 974 3124 De
1002 3070 1301 3127 simulacro
1327 3084 1474 3128 aereo
1504 3073 1757 3129 Fortuna:
1784 3073 1958 3145 urbis,
1991 3075 2130 3146 quod
2160 3076 2218 3129 in
2248 3075 2509 3131 orientali
2542 3074 2672 3130 Fari
2700 3088 2835 3128 arcu
2862 3070 3130 3126 exstabat.

382 3168 640 3223 Fortuna
673 3168 836 3224 urbis
866 3186 1025 3225 aenea
1054 3186 1187 3225 cum
1221 3170 1484 3243 calyptra
1529 3173 1720 3244 posita
1749 3177 1873 3229 erat
1901 3174 1959 3229 in
1992 3175 2035 3241 C

306 3255 575 3312 orientali
624 3274 760 3312 arcu
803 3257 934 3325 fori,
974 3260 1147 3330 cujus
1191 3276 1426 3329 manus,
1493 3266 1557 3317 ut
1613 3262 1798 3328 aiunt,
1850 3263 1955 3317 Mi-

306 3345 470 3401 chael
521 3346 840 3419 Rhangabe
906 3348 1200 3418 amputari
1262 3350 1460 3420 jussit,
1527 3365 1599 3405 ne
1678 3351 1958 3407 factiones

306 3434 506 3508 populi
554 3441 759 3493 contra
804 3436 1190 3509 imperatores
1241 3438 1548 3512 quidpiam
1602 3438 1793 3496 moliri
1827 3455 1960 3511 pos-

309 3528 458 3580 sent.

306 3632 382 3686 De
434 3648 593 3689 cruce
655 3632 809 3704 cujus
868 3635 1160 3705 inscriptio
1216 3640 1318 3706 est,
1389 3635 1649 3705 Sanctus,
1718 3640 1961 3707 sanctus,

1015 3714 1255 3761 sanctus.

376 3789 690 3844 Sciendum
722 3794 834 3857 est,
867 3807 1127 3858 crucem,
1175 3792 1235 3846 in
1285 3791 1454 3861 cujus
1487 3792 1679 3848 medio
1728 3792 1963 3865 legitur,

305 3882 572 3947 Sanctus,
606 3882 870 3949 sanctus,
904 3884 1168 3950 sanctus,
1202 3897 1236 3936 a
1267 3880 1513 3952 prmside
1558 3882 1682 3936 Feri
1731 3882 1964 3938 dedica-

307 3970 429 4019 tam
464 3980 593 4021 esse
626 3982 639 4019 :
675 3966 777 4021 ubi
805 3968 984 4022 etiam
1016 3970 1266 4025 duorum
1308 3969 1652 4041 angelorum
1684 3975 1741 4026 et
1776 3971 1966 4043 ipsius

309 4054 681 4110 Constantini
723 4060 780 4111 et
826 4055 1054 4114 Helenae
1105 4062 1333 4127 statuae,
1386 4076 1419 4113 a
1469 4060 1689 4117 dextris
1738 4065 1795 4116 et
1820 4060 1966 4116 sini-

312 4142 449 4198 stris
498 4150 893 4201 asservantur.
947 4152 1011 4203 In
1061 4147 1332 4204 orientali
1404 4152 1599 4204 autem
1648 4166 1783 4206 arcu
1838 4150 1964 4206 Feri

314 4231 806 4306 Constantiniani,
840 4252 982 4292 crux
1011 4241 1101 4293 est
1129 4241 1370 4310 argento
1420 4239 1696 4307 obducta,
1746 4239 1968 4296 habens

314 4322 374 4376 in
403 4324 879 4381 extremitatibus
910 4328 1181 4383 rotundis
1231 4327 1477 4395 malum,
1519 4345 1697 4401 quam
1747 4329 1966 4385 ibidem

313 4409 738 4469 Constantinus
768 4417 971 4485 erexit,
1004 4432 1119 4488 qua
1150 4417 1339 4473 forma
1388 4416 1551 4471 illam
1596 4418 1656 4471 in
1707 4418 1850 4473 caelo
1879 4417 1969 4471 vi-

311 4500 503 4554 derat.
535 4500 579 4554 li
611 4518 744 4557 vero
776 4502 877 4574 qui
908 4504 1164 4560 inaurati
1194 4504 1662 4577 conspiciuntur,
1705 4506 1810 4561 ﬁlii
1840 4506 1968 4578 ejus
2000 4542 2047 4607 Β

311 4591 473 4644 sunt.
506 4588 765 4660 Itemque
790 4592 849 4645 in
882 4592 1141 4649 sinistris
1172 4595 1440 4665 partibus
1465 4593 1747 4651 terribilis
1779 4594 1971 4667 posita

310 4679 435 4732 erat
466 4675 795 4748 elephantis
843 4684 1058 4752 statua,
1108 4699 1287 4755 pr0pe
1336 4683 1653 4740 maximam
1689 4686 1968 4754 statuam,

312 4765 410 4820 ubi
446 4765 712 4821 mirabile
744 4769 1143 4840 spectaculum
1173 4772 1406 4828 accidit.
1431 4773 1576 4828 Nam
1607 4777 1776 4829 terra:
1806 4777 1968 4828 motu

310 4855 480 4920 facto,
504 4854 741 4927 elephas
774 4857 1069 4930 collapsus
1101 4864 1211 4933 est,
1245 4878 1310 4917 ac
1364 4879 1520 4917 unus
1570 4862 1969 4934 posteriorum

312 4944 440 5014 ejus
468 4946 680 5016 pedum
713 4947 1005 5005 eﬂ'ractus.
1053 4950 1314 5006 Praefecti
1348 4967 1480 5007 vero
1513 4952 1798 5023 Taxeotaa,
1822 4968 1970 5023 quos

313 5034 493 5089 moris
522 5039 644 5090 erat
674 5036 867 5092 forum
900 5040 1217 5108 custodire,
1268 5045 1643 5097 accurrentes
1691 5041 1969 5113 elephan-

308 5127 427 5179 tem
460 5131 788 5194 erexerunt,
821 5145 887 5183 ac
918 5131 1180 5201 corporis
1212 5130 1455 5186 humani
1486 5130 1699 5203 integri
1724 5136 1970 5201 utraque

308 5229 444 5269 ossa
475 5214 849 5286 invenerunt,
884 5222 941 5273 et
966 5217 1241 5274 tabellam
1276 5218 1371 5273 cui
1419 5218 1767 5291 inscriptum
1795 5225 1921 5277 erat
1952 5246 1967 5277 :

310 5303 349 5355 Α
410 5304 610 5357 Venere
659 5306 871 5376 virgine
923 5315 1111 5363 sancta
1152 5323 1222 5362 ne
1267 5312 1487 5363 mortua
1535 5308 1753 5379 quidem
1781 5312 1968 5382 sejun-

308 5406 427 5459 gor.
465 5393 779 5449 Praefectus
812 5401 1008 5452 autem
1041 5396 1278 5469 signum
1310 5395 1457 5451 illud
1500 5397 1702 5453 aerario
1734 5399 1969 5470 publico

313 5478 517 5534 intulit
563 5480 625 5535 in
673 5499 950 5542 nummos
997 5485 1408 5558 redigendum.
1456 5484 1666 5542 Przster
1699 5488 1970 5559 superius

315 5574 661 5640 memorata,
713 5572 1012 5631 visebatur
1057 5590 1294 5647 porcus,
1362 5574 1766 5632 multitudinis
1820 5581 1969 5634 stre-

312 5658 502 5728 pitum
557 5659 872 5735 denotans,
930 5670 987 5719 et
1062 5661 1325 5734 proxime
1400 5665 1559 5722 nuda
1619 5668 1836 5736 statua,
1892 5666 1971 5722 si-

2144 3172 2204 3228 Ἡ
2262 3168 2319 3225 δὶ
2376 3170 2532 3244 Τύχη
2588 3176 2687 3238 τῆς
2747 3166 2962 3231 πόλεως
3023 3166 3210 3243 χαλκή
3267 3167 3402 3240 μετᾶ
3458 3162 3732 3238 μοδιόΑου

2060 3258 2250 3315 ’ίστατο
2308 3259 2359 3313 ἐν
2417 3263 2485 3332 τῇ
2545 3257 2846 3331 ἀνατολικῇ
2899 3254 3074 3332 ἀψίδι,
3107 3252 3447 3333 ἣν,ἔφησαν.
3485 3252 3728 3328 Μιχαὴλ

2069 3351 2097 3405 6
2156 3344 2420 3424 Ῥαγγαϐὶ
2472 3352 2962 3423 χειροκοπηθῆναι,
2999 3343 3089 3400 διὰ
3137 3346 3199 3399 τὸ
3261 3346 3336 3417 μὴ
3399 3342 3611 3418 ἰσχύειν
3661 3341 3732 3397 τὰ

2074 3436 2349 3511 δημοτικὰ
2385 3437 2521 3513 μέρη
2553 3436 2687 3491 κατά
2714 3439 2823 3490 τῶν
2854 3433 3185 3509 ἀνακτόρων.

2072 3634 2205 3703 Ηερὶ
2260 3639 2358 3690 τοῦ
2437 3637 2667 3707 σταυροῦ
2726 3635 2842 3757 τοῖιἐῖ
2895 3633 3222 3709 γράφοντος·
3281 3631 3500 3704 ⁰Αγιος,
3562 3630 3743 3703 ἇγιος,

2844 3724 2980 3757 νιος.

2844 3724 2980 3777 γιος.

2147 3796 2360 3863 Ἰστέον,
2394 3794 2476 3849 δτι
2512 3794 2539 3848 6
2572 3793 2798 3869 σταυρὸς
2825 3792 2852 3847 ὑ
2883 3784 3311 3865 μεσοσυλλαεῶν
3341 3787 3431 3843 καὶ
3462 3788 3738 3862 ἀναγινω-

2075 3884 2360 3958 σκόμενος,
2390 3886 2599 3959 Ἃγιος,
2644 3883 2813 3958 ἅγιος,
2858 3884 3035 3956 ἅγιος,
3078 3880 3225 3953 παρὰ
3262 3882 3359 3933 τοῦ
3408 3898 3739 3953 πρωτοστα-

2073 3978 2297 4035 τοῦντος
2327 3976 2406 4044 τῷ
2453 3971 2619 4045 Φόρῳ
2668 3969 3028 4047 ἀνηγορεύθη·
3064 3966 3208 4030 ἔνθεν
3267 3966 3355 4021 καὶ
3412 3963 3509 4020 δύο
3562 3987 3743 4041 ταχυ-

2078 4061 2325 4139 δρόμων,
2362 4062 2450 4116 καὶ
2506 4059 2673 4114 αὐτοῦ
2729 4064 2827 4114 τοῦ
2877 4057 3307 4128 Κωνσταντίνου,
3358 4056 3449 4110 καὶ
3508 4054 3750 4124 ’Βλὲνης

2075 4150 2136 4205 ἐκ
2165 4147 2353 4221 δεξιῶν
2385 4150 2473 4204 καὶ
2526 4147 2577 4219 ἐξ
2631 4147 2926 4220 εὐωνύμων
2967 4148 3236 4215 σώζονται
3280 4143 3498 4213 στῆλαι.
3532 4143 3628 4205 Εἲς
3689 4141 3751 4197 δὲ

2073 4241 2173 4309 τὴν
2236 4236 2564 4305 ἀνατολικὴν
2623 4233 2789 4310 ἀψίδα
2838 4239 2935 4289 τοῦ
2996 4236 3493 4289 Κωνσταννινιακοῦ
3554 4234 3749 4307 Φόρου

2078 4329 2305 4401 σταυρὸς
2372 4322 2885 4402 ἀργυρὲμπλαστος,
2935 4324 3021 4378 καὶ
3083 4322 3135 4377 ἐν
3192 4322 3309 4385 τοῖς
3371 4322 3752 4396 ἀκρωτηρίοις

2078 4415 2435 4493 στρογγύλοις
2470 4414 2672 4488 μῆλον,
2707 4414 2757 4469 ἐν
2793 4411 2939 4485 αύτῷ
2986 4417 3066 4483 τῷ
3114 4411 3268 4483 τόπῳ
3322 4411 3595 4486 ἀνηγιρθη
3638 4411 3749 4465 ὑπὸ

2078 4504 2502 4577 Κωνσταντίνου,
2564 4505 2638 4565 ὡς
2706 4502 2958 4567 ἐθεάσατο
3029 4498 3186 4555 αὺτὸν
3248 4497 3302 4553 ἐν
3359 4503 3439 4571 τῷ
3496 4500 3748 4573 οὐρανῷ.

2078 4596 2144 4655 Oi
2204 4593 2261 4649 δὲ
2314 4588 2696 4671 χρυσὲμϐαφοι
2754 4591 2864 4646 υἱοὶ
2918 4590 3084 4645 αὐτοῦ
3139 4588 3242 4643 είσι
3292 4589 3383 4642 καὶ
3443 4586 3749 4661 ἐλέφαντος

2076 4684 2253 4756 στήλη
2302 4681 2492 4739 είστοιτο
2549 4678 2756 4761 φοϐερᾶ
2785 4680 2839 4735 ἐν
2868 4686 2987 4743 τοῖς
3018 4677 3321 4752 εὐωνύμοις
3350 4679 3536 4752 μέρεσι
3592 4674 3749 4745 πλη-

2078 4774 2194 4829 σίον
2241 4776 2341 4839 τῆς
2417 4771 2659 4850 μεγάλης
2738 4768 2995 4842 στήλης·
3061 4766 3185 4832 ἔνθα
3258 4766 3347 4822 καί
3429 4763 3745 4843 παράδοξον

2078 4861 2349 4917 ίδείκνυτο
2398 4860 2589 4935 θέαμα·
2627 4863 2854 4933 σεισμοῦ
2910 4859 3012 4935 γὰρ
3071 4858 3367 4933 γενομένου
3426 4856 3517 4911 καὶ
3578 4854 3753 4916 αὐτὸς

2078 4951 2352 5020 πέπτωκε,
2386 4956 2480 5005 καῖ
2538 4947 2795 5006 ἀπώλετο
2853 4947 2945 5002 τὸν
3002 4943 3097 5000 ἵνα
3153 4942 3297 5001 πόδα
3352 4945 3445 4999 τὸν
3501 4940 3756 5013 ὄπισθεν,

2081 5042 2131 5096 οἱ
2166 5038 2222 5095 δὲ
2253 5044 2348 5095 τοῦ
2379 5039 2626 5115 ἐπάρχου
2650 5039 2910 5110 ταξεῶται
2943 5032 3082 5109 (ἔθος
3110 5033 3211 5109 γὰρ
3241 5034 3335 5088 τὸν
3386 5032 3570 5108 Φόρον
3615 5020 3756 5107 παρ’

2079 5130 2252 5185 αὐτῶν
2353 5126 2739 5207 φυλάττεσθαι)
2826 5122 3253 5200 συνδραμοῦντες
3330 5119 3557 5197 ἤγειραν
3636 5122 3740 5176 τὸν

2080 5218 2364 5297 ἐλέφαντα,
2397 5216 2487 5272 καὶ
2543 5218 2694 5288 εὗρον
2756 5213 2953 5269 ἔσωθεν
3011 5211 3173 5267 αὐτοῦ
3222 5214 3291 5267 τὰ
3346 5210 3477 5266 ὀστᾶ
3527 5211 3751 5283 ἀνθρώο

2079 5328 2183 5363 που
2215 5305 2494 5385 ἀμφότερα
2518 5307 2652 5360 ὅλου
2682 5307 2779 5359 τοῦ
2811 5304 3084 5375 σώματος,
3116 5300 3207 5355 καὶ
3251 5299 3440 5371 πυξίον
3508 5302 3744 5372 μικρὸν,

2080 5397 2141 5450 οὗ
2199 5394 2249 5451 ἐν
2307 5399 2377 5470 τῇ
2443 5393 2655 5474 κεφαλῇ
2733 5390 3006 5469 ἔγραψεν·
3069 5386 3398 5468 Ἀφροδίτης
3471 5390 3757 5463 παρθὲνου

2080 5484 2226 5561 ῗερᾶς
2304 5482 2431 5540 ούδὶ
2491 5487 2724 5549 θανοῦσα
2781 5480 3116 5558 χωρίζομαι.
3173 5482 3343 5553 Ὅπερ
3405 5480 3433 5533 6
3487 5475 3746 5552 ὕπαρχος

2076 5577 2156 5648 τῷ
2186 5571 2443 5647 δημοσίῳ
2499 5574 2833 5650 προσέθηκεν
2889 5568 2964 5631 εἰς
3010 5567 3229 5642 νουμία.
3262 5569 3397 5630 Τοῖς
3438 5564 3750 5643 προανιδε-

2085 5659 2385 5735 δηλωκόσι,
2417 5662 2508 5719 καὶ
2560 5665 2760 5739 χοῖρος
2809 5658 3001 5716 ’ίστατο
3044 5656 3332 5732 σημαίνων
3360 5659 3461 5728 τήν
3493 5656 3747 5734 κραυγὴν
