4060 6214
332 390 492 450 1213

1466 387 1828 452 ANONYMI
1876 368 2460 457 ANTIQUITATES
2505 385 2623 447 cp.

3596 389 3752 448 1214

329 527 431 590 τῆς
488 518 844 595 πανηγύρεως
878 538 890 552 ⁶
939 519 1028 574 καὶ
1085 520 1264 595 γυμνὴ
1327 517 1582 580 ὡσαύτως
1645 515 1822 589 στήλη
1885 537 1981 585 ση-

2101 516 2385 588 gniﬁcans
2419 515 2848 588 impudentiam
2890 533 3091 572 corum
3145 517 3246 588 qui
3279 523 3483 573 emunt
3524 523 3583 575 et
3612 537 3752 576 ven-

339 609 600 683 μαίνουσα
654 609 714 662 τὸ
773 607 1128 684 ἀναίσχυντον
1188 611 1296 662 τῶν
1354 629 1412 662 τε
1469 602 1839 683 ἀγοραζόντων
1897 604 1984 658 καὶ

336 696 672 754 πωλούντων
687 740 698 752 .

339 808 466 879 Περὶ
524 811 621 860 τοῦ
681 806 1064 880 Συστηματίου
1100 850 1113 873 ,
1176 809 1273 880 τοῦ
1350 806 1401 859 ἐν
1459 809 1540 877 τῷ
1598 805 1764 880 Φόρῳ
1828 803 1987 876 μέσον

1007 878 1324 950 ἱσταμένου.

412 965 790 1038 Συστημάτιον
870 963 927 1019 δὲ
990 967 1150 1038 μέσον
1211 971 1307 1021 τοῦ
1368 966 1551 1038 Φόρου
1606 961 1838 1034 ἔνζωδον
1902 962 1988 1018 ἐπὶ

336 1056 533 1111 κιόνων
584 1054 890 1127 ἱστάμενον,
921 1055 1012 1110 καὶ
1071 1054 1122 1109 ἐν
1172 1055 1316 1128 αὐτῷ
1357 1053 1563 1126 δηλοῦν
1604 1055 1698 1116 τὰς
1753 1053 1992 1126 ἱστορίας

331 1150 440 1198 τῶν
493 1143 811 1216 μελλόντων
872 1142 1120 1218 ἐσχάτως
1174 1144 1410 1219 γίνεσθαι
1473 1142 1557 1198 ἐπὶ
1591 1142 1759 1214 ταύτᾳ
1788 1146 1857 1215 τῇ
1890 1141 1992 1196 πό-

339 1231 424 1287 λει
458 1253 470 1266 ·
520 1234 572 1287 οἱ
633 1230 689 1286 δὲ
754 1229 1086 1302 στηλωτικοὶ
1146 1237 1252 1287 τῶν
1313 1230 1766 1305 ἀποτελεσμάτων
1825 1235 1989 1284 ταῦτα

335 1326 510 1377 πάντα
568 1322 828 1376 συνίασιν.
884 1320 1196 1390 Ἑστήλωσε
1250 1318 1307 1376 δὲ
1336 1321 1472 1375 αὐτὰ
1519 1319 1891 1381 Ἀπολλώνιος
1958 1321 1986 1373 6

340 1410 572 1472 Τυανεὺς
603 1409 974 1484 παρακληθεὶς
1004 1409 1148 1484 παρὰ
1179 1408 1582 1464 Κωνσταντίνου
1607 1413 1702 1462 τοῦ
1736 1409 1989 1483 Μεγάλου

332 1501 422 1556 καί
455 1499 713 1563 εἰσελθὼν
748 1498 1099 1573 ἐστοιχείωσε
1127 1499 1193 1553 τὰ
1224 1499 1461 1572 ὀνόματα
1498 1506 1597 1569 τῆς
1651 1498 1987 1573 ἐπικρατείας

329 1588 435 1652 ἓως
462 1590 656 1651 τέλους
692 1588 924 1645 αἰώνων.

336 1698 464 1770 Περὶ
495 1701 594 1752 τοῦ
624 1700 739 1756 πῶς
771 1694 946 1770 ἔκτισε
991 1697 1090 1770 τήν
1122 1692 1429 1770 πόλινηὸτε
1469 1693 1659 1770 ἐξῆλθε
1693 1695 1826 1767 μετᾶ
1879 1699 1986 1748 τῶν

698 1769 1030 1843 μεγιστάνων
1065 1767 1116 1820 ἐν
1147 1772 1226 1838 τῷ
1257 1767 1423 1842 Φόρῳ
1455 1764 1631 1836 πεζός.

405 1859 527 1914 ’Ὁτι
588 1854 809 1928 μέλλων
841 1856 1017 1910 κτίσαι
1045 1857 1143 1924 τήν
1181 1855 1341 1911 πόλιν
1373 1857 1399 1909 6
1457 1857 1642 1931 Μέγας
1697 1862 1989 1910 Κωνσταν-

330 1953 503 2014 τῖνος,
549 1948 641 2000 καὶ
673 1944 910 2022 ὀφείλων
958 1945 1120 2015 πῆξαι
1181 1946 1242 2000 τὸ
1275 1943 1549 2018 θεμέλιον,
1610 1944 1698 1999 καὶ
1756 1942 1985 2017 κατεμέ-

332 2057 526 2112 τρησεν
587 2035 795 2105 αὐτην,
871 2035 1034 2103 πεζὸς
1090 2033 1321 2104 ἐξελθὼν
1378 2035 1510 2106 μετὰ
1565 2039 1672 2089 τῶν
1735 2035 1985 2111 μεγιστά-

331 2147 435 2179 των
487 2124 672 2192 αὐτοῦ,
705 2123 793 2178 καὶ
854 2120 1026 2177 ἐλθὼν
1084 2123 1158 2184 εἰς
1210 2123 1300 2177 τὸν
1336 2123 1538 2197 ψόρον,
1572 2125 1720 2178 εἶπον
1754 2123 1898 2194 αὐτῷ
1934 2123 1985 2176 oi.

332 2211 614 2289 ἄρχοντες
680 2214 832 2268 Ποίει
892 2212 1050 2274 τέλος
1100 2217 1196 2266 τοῦ
1250 2212 1490 2288 τείχους,
1525 2210 1776 2270 δέσποτα.
1813 2213 1985 2266 Ἐκεῖ-

336 2325 425 2364 νος
485 2301 541 2357 δὶ
594 2299 718 2379 ἔφη’
779 2302 920 2376 Οὐχὶ
967 2301 1070 2363 ἕως
1124 2299 1185 2356 οὗ
1254 2306 1352 2375 στῇ
1412 2303 1438 2356 ὁ
1487 2301 1806 2376 προᾶὖωγός
1857 2322 1986 2373 μου,

335 2391 509 2446 ἐκεῖσε
567 2390 872 2466 πληρώσω.
934 2391 1113 2452 Μόνος
1141 2391 1240 2466 γὰρ
1290 2390 1446 2454 οὗτος
1492 2390 1634 2466 ἑώρα
1674 2392 1762 2445 τὸν
1823 2388 1984 2466 ἄγγε-

335 2479 454 2536 λον.
515 2477 797 2543 Ἀπελθὼν
827 2476 882 2533 δὶ
917 2480 1082 2555 μέχρι
1137 2484 1233 2533 τοῦ
1283 2479 1628 2550 Ἑξωκιονίου
1657 2479 1817 2548 πεζὸς
1854 2477 1986 2552 μετᾶ

337 2571 516 2640 πάσης
547 2574 648 2642 τῇς
709 2568 1048 2644 συγκλήτου,
1108 2568 1279 2624 ἐκεῖσε
1311 2567 1366 2624 δὲ
1425 2567 1553 2624 ἰδὼν
1605 2571 1696 2624 τὸν
1759 2567 1986 2644 ἄγγελον

333 2660 437 2728 τήν
497 2659 768 2735 ῥομφαίαν
823 2657 986 2712 αὐτοῦ
1041 2660 1288 2730 πήξαντα
1322 2701 1335 2725 ,
1401 2657 1492 2712 καὶ
1555 2659 1825 2731 μηνύοντα
1879 2654 1982 2719 ἕως

334 2749 444 2803 ἐκεῖ
502 2752 694 2822 στῇναι
753 2747 935 2816 αὐτὸν,
990 2747 1080 2802 καὶ
1139 2745 1227 2802 διὰ
1281 2752 1442 2802 τοῦτο
1499 2746 1688 2820 ἔπηξεν
1757 2746 1870 2802 ἐκεῖ
1921 2747 1983 2801 τὸ

332 2842 544 2910 τεῖχος·

797 2926 923 3000 Περὶ
975 2929 1070 2978 τοῦ
1116 2923 1519 3000 ’Λρτοπωλίου.

400 3035 490 3088 Ἐν
524 3029 579 3086 δὲ
607 3037 727 3094 τοῖς
790 3031 1183 3102 Ἀρτοπωλίοις
1242 3033 1470 3107 κυνάρια
1532 3026 1750 3102 ἔστησεν
1812 3029 1986 3086 εἷειοσε

327 3128 618 3198 περιφερῆ,
662 3120 750 3174 καὶ
776 3125 1012 3188 ταῶνας,
1037 3121 1125 3175 καὶ
1186 3120 1392 3191 ἀετοὺς,
1449 3121 1537 3175 καὶ
1599 3120 1835 3190 λεαίνας,
1895 3120 1984 3174 καί

329 3215 497 3284 κριῶν
556 3212 724 3285 κάρας
760 3255 773 3278 ,
845 3210 934 3264 καὶ
995 3215 1309 3283 στρουθῶν,
1368 3211 1459 3263 καὶ
1517 3211 1772 3284 κορώνης
1806 3253 1818 3277 ,
1892 3211 1980 3264 καὶ

327 3299 608 3374 τρυγόνος,
666 3299 755 3354 καὶ
810 3298 1008 3374 γαλῆς,
1067 3301 1157 3353 καὶ
1210 3297 1523 3371 δαμάλεως,
1583 3299 1671 3354 καὶ
1715 3299 1981 3375 Γοργόνας

331 3386 449 3460 δύο,
483 3390 608 3461 μίαν
646 3391 738 3461 μὲν
809 3387 868 3443 ἐκ
923 3386 1134 3458 δεξιῶν,
1167 3389 1251 3442 καὶ
1316 3387 1497 3462 ἑτέραν
1560 3387 1611 3458 ἐξ
1670 3387 1984 3460 εὐωνύμων,

327 3484 444 3532 κατ’
501 3477 626 3551 ύψιν
657 3477 957 3555 ἀμφότεραι
1013 3476 1334 3552 βλέπουσαι,
1389 3478 1494 3531 ἀπὸ
1548 3478 1848 3552 μαρμάρων
1898 3476 1988 3552 ἐγ-

331 3565 731 3641 γεγλυμμέναι,
781 3567 870 3620 καὶ
927 3566 1136 3641 χοίρων
1179 3565 1398 3640 ἀγέλας.
1458 3569 1696 3623 Ἰσταντο
1729 3563 1786 3620 δὶ
1820 3567 1986 3642 μέχρι

334 3657 610 3724 Ζήνωνος.
673 3653 918 3725 Γαληνὸς
949 3653 1006 3710 δέ
1031 3676 1112 3716 τις
1147 3655 1330 3731 ἰατρὸς
1362 3655 1450 3709 καὶ
1480 3654 1780 3734 φιλόσοφος
1816 3655 1984 3730 ὑπάρ-

325 3765 466 3820 χων,
519 3744 689 3799 ἐκεῖσε
745 3746 1076 3820 παραιωθεὶς
1129 3746 1224 3806 τάς
1287 3746 1550 3820 Γοργόνας
1598 3743 1776 3821 ἔλεγεν
1835 3745 1987 3819 ἱερο-

334 3833 598 3910 γλυφικά,
631 3833 718 3886 καὶ
771 3832 1136 3908 ἀστρονομικᾶ
1164 3837 1270 3887 τῶν
1326 3831 1666 3905 μελλόντων,
1726 3830 1988 3903 δηλώσασ

332 3922 427 3982 τὰς
462 3921 703 3997 ἱστορίας
755 3924 924 3983 πάσας
979 3921 1069 3976 σὺν
1115 3927 1229 3983 τοῖς
1295 3921 1522 3994 ὀνόμασι
1578 3922 1984 3978 Κωνσταντίνου

325 4015 427 4064 τοῦ
488 4007 747 4084 Μεγάλου
804 4010 1154 4071 τυπώσαντος
1201 4012 1387 4066 ταῦτα.
1449 4012 1558 4066 Τοῦ
1617 4007 1675 4064 δὲ
1732 4010 1984 4080 Γαληνοῦ

327 4099 417 4154 ἐπὶ
480 4097 747 4154 πλείστων
809 4100 1214 4174 συγνάσαντος,
1275 4099 1364 4152 καὶ
1420 4105 1536 4161 τοῖς
1597 4099 1985 4174 ἀναγνώσμασι

325 4188 676 4263 προσχόντος
711 4229 724 4254 ,
794 4188 859 4241 τά
942 4187 1217 4260 μέλλοντα
1270 4183 1579 4260 συμϐαίνειν
1638 4193 1716 4260 τῷ
1775 4190 1983 4258 Ζήνωνι

325 4278 477 4351 παρὰ
554 4275 791 4351 Βηρίνης
868 4275 1113 4338 εἷ’πόντος
1168 4277 1256 4331 καὶ
1323 4277 1694 4353 γελάσαντος·
1770 4275 1983 4334 Καλλί-

328 4365 558 4440 στρατός
618 4386 700 4428 τις
760 4366 1017 4443 συρφετὸς
1045 4366 1302 4440 κάπημος
1357 4370 1426 4440 τῇ
1458 4368 1652 4442 τέχνῃ,
1708 4367 1840 4440 μετὰ
1885 4368 1986 4436 τὴν

327 4452 593 4509 ἐπάνοδον
643 4457 892 4525 Ζήνωνος
919 4496 932 4523 ,
968 4449 1254 4510 διαϐάλλει
1285 4455 1376 4509 τὸν
1413 4453 1680 4524 Γαληνόνο
1719 4456 1746 4509 ὁ
1781 4452 1836 4510 δὲ
1879 4457 1984 4525 Ζή-

323 4566 437 4598 νων
467 4549 656 4598 τοῦτον
692 4545 972 4618 ἀνῃρήκει,
1002 4545 1131 4618 ὅπερ
1167 4541 1419 4618 λέγουσιν
1454 4543 1586 4598 εἶναι
1617 4543 1840 4615 ἀληθές·
1891 4545 1980 4598 καὶ

2102 606 2267 660 dunt

2325 802 2396 856 De
2424 817 2689 874 compage
2719 817 2842 874 quae
2868 805 3047 858 stabat
3077 804 3137 857 in
3167 802 3342 859 medio
3371 805 3513 860 Fari.

2175 961 2236 1016 In
2271 961 2464 1017 medio
2498 961 2626 1018 Fori
2660 978 2973 1035 compages
3024 964 3295 1034 quaedam
3324 963 3506 1020 variis
3539 965 3754 1020 distin-

2102 1056 2195 1105 cta
2226 1050 2454 1122 figuris,
2485 1050 2897 1122 columnisque
2945 1051 3092 1106 tulta
3140 1052 3458 1123 visebatur,
3493 1071 3619 1125 qua;
3654 1071 3748 1110 res

2103 1139 2230 1194 urbi
2280 1138 2597 1211 aliquando
2649 1144 2955 1195 eventuras
3004 1139 3302 1196 indicabat
3344 1159 3357 1196 :
3400 1143 3501 1213 qui
3551 1148 3750 1199 autem

2103 1226 2620 1298 apotelesmaticen
2691 1231 2985 1298 exercent,
3044 1228 3166 1284 haec
3233 1229 3433 1284 omnia
3499 1237 3739 1290 norunt.

2101 1317 2381 1372 Caeterum
2434 1316 2554 1372 haec
2582 1316 2928 1387 Apollonius
2959 1317 3228 1389 Tyaneus
3257 1318 3461 1387 erexit,
3495 1320 3747 1375 accersi-

2099 1411 2194 1462 tus
2251 1423 2284 1461 a
2341 1406 2726 1462 Constantino
2795 1406 3027 1477 Magno,
3087 1407 3277 1478 iisque
3336 1408 3574 1464 nomina
3643 1409 3754 1464 im-

2101 1499 2438 1567 peratorum
2499 1510 2686 1568 usque
2744 1496 2816 1550 ad
2884 1495 3230 1551 sisculorum
3287 1497 3462 1554 finem
3521 1498 3752 1554 inscul-

2101 1584 2238 1655 psit.

2102 1691 2380 1759 Quomodo
2412 1692 2600 1766 urbem
2651 1691 2966 1766 aediﬁcavit,
3000 1692 3223 1766 quando
3269 1709 3380 1748 una
3410 1710 3534 1750 cum
3563 1710 3756 1766 procc-

2525 1764 2682 1819 ribus
2711 1765 2911 1818 Forum
2939 1764 3105 1836 pedes
3133 1765 3295 1820 adiit.

2171 1853 2315 1908 Cum
2344 1851 2515 1907 vellet
2537 1852 2740 1909 urbem
2771 1853 3019 1908 condere
3034 1853 3457 1910 Constantinus
3481 1855 3752 1927 Magnus,

2098 1959 2162 1999 ac
2195 1944 2580 2000 fundamenta
2619 1945 2837 2016 jacere,
2874 1961 3117 2001 mensus
3149 1949 3240 2002 est
3269 1945 3486 2018 ipsam,
3518 1960 3754 2016 unaque

2096 2050 2230 2088 cum
2261 2034 2602 2105 proceribus
2636 2033 2760 2089 suis
2809 2035 2987 2105 pedes
3036 2034 3195 2102 exiit,
3230 2039 3405 2108 atque
3436 2035 3508 2091 ad
3542 2036 3751 2091 Forum

2096 2122 2401 2194 processit,
2463 2139 2578 2195 quo
2639 2123 2738 2178 ubi
2789 2131 3130 2195 perventum
3179 2124 3310 2196 fuit,
3366 2124 3649 2197 inquiunt
3696 2123 3751 2180 ei

2095 2227 2382 2282 proceres,
2417 2212 2542 2281 Hic,
2575 2211 2832 2279 domine,
2860 2228 3029 2268 muro
3060 2217 3251 2268 statue
3281 2213 3624 2270 terminum.
3647 2211 3752 2268 Ille

2092 2316 2228 2356 vero
2259 2300 2562 2372 respondit
2592 2317 2605 2356 :
2639 2301 2792 2370 Non,
2843 2301 2958 2357 nisi
2990 2303 3041 2356 is
3072 2303 3174 2373 qui
3206 2317 3300 2357 me
3332 2303 3604 2372 praecedit
3633 2303 3749 2356 du-

2093 2394 2220 2444 ctor
2248 2390 2593 2446 constiterit.
2631 2391 2806 2446 finem
2842 2390 3071 2446 faciam.
3097 2391 3271 2446 Solus
3299 2391 3457 2446 enim
3487 2391 3616 2466 ipse
3641 2407 3744 2446 an-

2093 2479 2287 2550 gelum
2318 2479 2572 2536 videbat.
2618 2481 2969 2554 Progressus
3019 2481 3203 2554 igitur
3252 2483 3429 2553 pedes
3460 2499 3595 2538 cum
3626 2485 3748 2537 toto

2096 2573 2300 2623 senatu
2352 2585 2542 2640 usque
2591 2570 2662 2625 ad
2708 2569 3108 2641 Exocionium,
3138 2570 3286 2626 vidit
3333 2570 3414 2626 ibi
3447 2570 3747 2644 angelum,

2095 2657 2284 2713 deﬁxa
2311 2657 2371 2713 in
2423 2663 2641 2714 terram
2691 2659 3046 2731 rbompbaa,
3081 2659 3353 2716 stationis
3403 2660 3637 2716 initium
3669 2661 3754 2716 la-

2096 2762 2222 2802 cere
2275 2763 2287 2802 :
2340 2763 2523 2820 quare
2565 2748 2691 2819 ipse
2739 2764 2972 2820 quoque
3024 2749 3107 2804 ibi
3156 2748 3442 2817 substitit,
3474 2752 3533 2804 et
3572 2749 3750 2804 ﬁnem

2097 2851 2267 2892 muro
2299 2837 2528 2892 statuit.

2719 2933 2796 2982 De
2824 2928 3120 2999 Artopolz‘o.

2169 3036 2230 3089 In
2261 3033 2583 3105 Artopoliis
2637 3033 2879 3089 catellos
2935 3034 3140 3106 viginti
3201 3033 3647 3106 circumposuit,
3699 3037 3757 3088 et

2096 3139 2373 3194 pavones,
2409 3123 2659 3194 aquilas,
2696 3123 2927 3189 leaenas,
2955 3123 3203 3178 arietum
3236 3123 3452 3194 capita,
3478 3127 3536 3178 et
3558 3138 3754 3194 passe-

2096 3228 2251 3278 rum,
2285 3211 2536 3266 cornicis
2568 3212 2728 3279 item,
2760 3211 3034 3280 turturis,
3069 3210 3198 3267 felis
3239 3216 3296 3267 et
3325 3211 3574 3282 bucula,
3604 3211 3753 3266 Gor-

2097 3317 2277 3373 gones
2307 3301 2475 3367 duas,
2500 3299 2677 3354 aliam
2709 3317 2743 3354 a
2773 3299 3263 3372 dextris,aliam}a
3287 3299 3570 3369 sinistris,
3605 3299 3752 3356 facie

2097 3389 2208 3445 sibi
2242 3388 2490 3443 invicem
2531 3388 2810 3443 obversas
2839 3403 2906 3442 ex
2938 3387 3334 3442 marmoribus
3367 3385 3654 3458 culptas,
3687 3401 3754 3440 ac

2095 3479 2331 3534 demum
2377 3493 2689 3549 porcorum
2739 3491 2966 3548 greges.
3000 3475 3388 3530 Perstiterunt
3417 3479 3616 3531 autem
3649 3491 3756 3530 us-

2097 3583 2210 3640 que
2239 3567 2309 3622 ad
2363 3567 2674 3622 Zenonem.
2727 3564 3012 3620 Caeterum
3045 3563 3303 3622 Galenus
3352 3564 3594 3636 quidam
3630 3579 3751 3619 me-

2094 3655 2262 3711 dicus
2291 3659 2347 3711 et
2377 3652 2767 3726 philosophus
2797 3651 2946 3709 istac
2992 3657 3202 3725 praeter
3229 3656 3530 3725 Gorgonas
3561 3659 3754 3709 trans-

2094 3743 2243 3815 iens,
2290 3742 2731 3816 bieroglyphica
2780 3757 2910 3798 esse
2957 3742 3122 3813 dixit,
3153 3741 3349 3813 iisque
3394 3742 3747 3797 astronomi-

2095 3849 2229 3888 cum
2297 3831 2479 3887 tuturi
2559 3829 2911 3903 praesagium
3001 3830 3312 3900 contineri,
3388 3834 3446 3886 et
3509 3834 3755 3887 cunctas

2095 3922 2410 3978 declaravit
2463 3919 2744 3977 historias
2803 3937 2936 3976 cum
2988 3921 3331 3976 nominibus
3381 3919 3751 3977 Constantini

2095 4011 2311 4083 Magni,
2343 4010 2440 4081 qui
2472 4010 2574 4066 illa
2597 4010 2924 4067 efﬁnxerat.
2952 4011 3098 4067 Cum
3132 4014 3326 4066 autem
3351 4009 3474 4066 haec
3495 4009 3755 4065 Galenus

2091 4102 2457 4174 frequentius
2495 4105 2849 4170 enarrasset,
2901 4105 2959 4158 et
2990 4101 3226 4158 lectioni
3277 4118 3480 4158 eorum
3513 4101 3752 4157 insiste-

2095 4196 2202 4257 ret,
2264 4207 2449 4262 eaque
2509 4207 2635 4261 qua:
2689 4190 2902 4244 Zenoni
2965 4190 3186 4244 Verina
3244 4207 3420 4262 opera
3475 4194 3756 4246 eventura

2093 4283 2282 4349 erant,
2315 4277 2706 4350 praedixisset,
2733 4282 2788 4332 et
2822 4279 2879 4331 in
2916 4278 3101 4331 risum
3135 4281 3582 4349 prorumperet;
3617 4275 3746 4332 Cal-

2094 4368 2361 4423 listratus
2420 4366 2660 4437 quidam
2720 4365 2893 4421 homo
2955 4365 3125 4420 nihili
3182 4366 3282 4436 qui
3331 4364 3754 4438 cauponariam

2095 4457 2423 4522 exercebat,
2456 4460 2589 4527 post
2617 4454 2866 4510 Zenonis
2896 4454 3152 4510 reditum
3187 4453 3476 4511 Galenum
3513 4471 3753 4512 accusa-

2094 4546 2196 4614 vit,
2228 4547 2378 4601 Zeno
2413 4549 2610 4601 autem
2644 4544 2840 4616 ipsum
2866 4544 3198 4600 interfecit:
3228 4545 3384 4616 quod
3415 4546 3591 4601 etiam
3624 4560 3758 4600 vere

324 4634 435 4708 γαρ
467 4633 522 4687 αἱ
546 4632 735 4708 ἀγέλαι
765 4634 870 4686 τῶν
908 4631 1120 4707 χοίρων
1163 4629 1517 4708 διερχόμεναι
1559 4631 1733 4688 ἐκεῖσε
1783 4633 1858 4695 είς
1891 4633 1981 4688 τὸν

2101 4635 2411 4707 contigisse
2440 4635 2660 4691 dicunt.
2705 4633 2955 4704 Ideoque
2986 4650 3300 4706 porcorum
3330 4649 3535 4708 greges
3565 4633 3756 4690 isthac

326 4721 748 4796 Ἀρτοτυριανὸν
767 4721 932 4776 τόπον
969 4720 1130 4794 μέσον
1156 4727 1256 4791 τῆς
1287 4723 1554 4796 καμάρας,
1604 4722 1720 4776 ὅθεν
1766 4721 1983 4797 ἀνέρχε-

323 4832 440 4878 ται,
469 4809 716 4865 ’ίστανται
748 4810 912 4877 ἐνεοὶ,
957 4810 1048 4864 καὶ
1083 4811 1146 4864 ού
1175 4807 1421 4865 δᾶνανται
1459 4810 1851 4886 παρέρχεσθαι,
1893 4812 1982 4866 ὅτε

327 4902 385 4954 οἱ
417 4897 730 4975 χοιροδέται
757 4899 810 4952 o't
840 4897 1070 4960 τούτους
1103 4897 1441 4971 ἐλαύνοντες,
1482 4899 1692 4973 τύψωσι
1732 4899 1980 4971 τούτους,

321 4989 418 5043 καὶ
447 4989 568 5044 τότε
628 4988 970 5061 μεθίστανται
997 5007 1010 5020 °
1063 4989 1226 5058 ἡνίκα
1268 4990 1371 5064 γὰρ
1416 4991 1570 5064 ψυχῇ
1603 4992 1740 5063 αἷμα
1772 4989 1985 5065 ὀλίγον,

325 5079 542 5153 ἀθρόως
575 5078 720 5153 όρμᾷ
751 5079 785 5148 ἡ
819 5075 1009 5152 ἀγέλη.

497 5256 744 5334 Περὶτοῦ
776 5255 1028 5332 σταυρίου
1056 5255 1153 5313 τοῦ
1183 5255 1476 5333 ἱδρυμένου
1509 5259 1595 5314 ἐπὶ
1620 5258 1820 5322 κίονος.

403 5366 480 5422 Τὸ
511 5363 567 5419 δὶ
606 5363 854 5438 σταυρίον
883 5364 944 5418 τὸ
1000 5361 1284 5437 ἶ’δρύμενον
1349 5365 1435 5420 ἐπὶ
1489 5366 1671 5428 κίονος
1739 5363 1978 5436 πλησίον

316 5459 436 5509 τῶν
483 5453 872 5527 Ἀρτοπωλίων
927 5451 979 5506 ἐν
1033 5456 1102 5526 τῇ
1153 5452 1506 5529 λιθοστρώτῳ
1536 5453 1678 5529 αὐλῇ
1712 5455 1979 5530 ἀνηγέρθη

315 5543 475 5617 παρὰ
520 5541 918 5597 Κωνσταντίνου
979 5546 1074 5596 τοῦ
1139 5542 1394 5620 Μεγάλου
1429 5586 1443 5613 ,
1505 5543 1593 5598 ὅτε
1673 5543 1886 5615 ἐκτίσθη
1945 5547 1980 5616 ἡ

314 5631 523 5694 πόλις.
573 5633 663 5695 Εἰς
715 5629 773 5686 δὶ
827 5633 891 5687 τὸ
949 5630 1180 5688 παλαιὸν
1235 5632 1424 5712 ἔφερον
1485 5633 1655 5690 δκιῖσε
1703 5632 1830 5697 τοὺς
1884 5631 1981 5690 ’ίπ-

315 5742 468 5789 πους
494 5723 758 5801 δκατέρων
816 5726 926 5781 τῶν
987 5727 1164 5802 μερῶν
1207 5723 1453 5800 ⁴ἡνίοχοι,
1501 5723 1590 5780 καὶ
1648 5723 1981 5806 εὖφημίζον-

2090 4728 2468 4781 transeuntes
2497 4724 2568 4779 ad
2597 4723 3041 4793 Artotyrianum
3092 4722 3288 4780 locum
3319 4723 3380 4779 in
3411 4723 3606 4781 medio
3637 4723 3752 4780 for-

2091 4814 2240 4870 nicis
2272 4815 2424 4869 unde
2457 4812 2816 4880 ascenditur,
2843 4813 3012 4884 quasi
3047 4812 3272 4886 stupidi
3300 4814 3638 4870 consistunt
3658 4828 3754 4868 ne-

2093 4920 2207 4976 que
2266 4903 2422 4959 ultra
2470 4902 2741 4975 progredi
2789 4907 3041 4974 possunt
3084 4920 3098 4959 :
3153 4905 3338 4960 donec
3396 4921 3432 4960 a
3487 4901 3754 4959 subulcis

2091 4993 2400 5063 verberati,
2477 5007 2744 5064 gressum
2817 4996 3053 5048 movent
3113 5011 3126 5049 :
3185 4993 3387 5049 statim
3463 4991 3619 5047 enim
3686 5006 3753 5046 ac

2095 5082 2402 5157 paululum
2462 5080 2772 5154 sanguinis
2827 5080 3040 5152 efﬂuit,
3089 5098 3226 5138 cum
3276 5082 3500 5154 impetu
3550 5095 3754 5152 proce-

2095 5175 2265 5229 dunt.
3100 5193 3118 5200 '-

2409 5261 2483 5317 De
2512 5276 2673 5316 cruce
2702 5275 2871 5331 supra
2900 5259 3220 5315 columnam
3248 5265 3445 5313 erecta.

2169 5376 2408 5426 Crucem
2441 5366 2781 5424 collocatam
2817 5383 2999 5439 supra
3027 5363 3362 5420 columnam
3395 5367 3633 5436 propter
3653 5365 3753 5420 Ar-

2097 5458 2318 5531 topolia
2360 5457 2421 5512 in
2457 5455 2605 5512 atrio
2634 5455 2934 5528 lapidibus
2986 5457 3165 5510 strato
3197 5453 3379 5508 erexit
3423 5453 3751 5510 Constanti-

2095 5567 2208 5606 nus
2234 5549 2504 5620 Magnus,
2529 5545 2764 5617 quando
2799 5544 3003 5598 urbem
3036 5541 3318 5598 condidit.
3351 5545 3623 5616 Antiquis
3647 5560 3750 5599 au-

2089 5625 2206 5696 tem
2238 5635 2601 5708 temporibus
2633 5633 2944 5703 utriusque
2968 5629 3238 5688 factionis
3298 5633 3513 5706 aurigas
3564 5649 3749 5704 equos

2087 5726 2170 5784 ibi
2191 5725 2577 5799 agitabant,et
2599 5721 2987 5779 acclamantes
3009 5720 3264 5793 aiebant,
3292 5721 3485 5781 Cruci:
3497 5724 3750 5796 polentia
