3970 6218
296 315 450 376 1215

1270 317 1662 381 APPENDIX
1707 320 1810 379 AD
1859 316 2329 380 MICHAELEM
2370 320 2763 383 PSELLUM.

3547 324 3701 383 1216

288 448 448 500 nobis
493 444 817 516 opituletur.
871 446 1088 501 ibidem
1143 450 1360 518 pariter
1408 451 1716 506 exstabant
1760 455 1933 521 portae
1964 455 2057 517 Α·

2110 471 2134 511 ς
2180 444 2387 525 ἔλεγον·
2450 454 2554 504 Τοῦ
2612 455 2843 521 σταυροῦ
2903 454 2938 521 ἡ
3000 449 3231 525 δύναμις
3290 453 3475 527 βοηθῇ
3523 456 3697 525 ἡμῖν.

289 550 462 590 anew
502 539 754 605 quatuor
800 551 903 605 pro
935 539 1189 606 quatuor
1238 537 1609 604 factionibus,
1660 538 1940 593 totidem-

291 642 403 697 que
434 626 488 680 in
520 626 720 681 orbem
762 625 1045 695 porticus,
1078 642 1141 681 ac
1192 628 1465 698 pleraque
1497 628 1610 683 alia
1640 629 1939 683 admiran-

194 746 199 753 ι
290 715 400 784 da;
436 730 565 786 quae
597 715 667 769 ad
718 713 1107 784 Theophilum
1160 732 1348 787 usque
1394 733 1729 787 pervenere,
1762 734 1794 771 α
1824 732 1939 787 quo

288 804 544 875 primum
577 803 740 857 locus
772 800 869 857 ille
901 800 1072 856 vallis
1106 801 1376 873 planctus
1423 810 1799 877 nuncupatus
1830 808 1939 874 est,

289 909 356 948 ac
388 892 679 963 mancipia
721 908 754 946 a
804 890 1271 962 negotiatoribus
1318 895 1609 965 ejusmodi
1644 892 1815 949 isthic
1842 910 1941 949 ve-

288 1003 431 1043 num
464 985 708 1058 proponi
734 984 938 1054 jussit.

783 1073 859 1126 De
892 1072 1101 1127 Toxara
1134 1076 1194 1128 ut
1221 1084 1435 1129 vocant.

357 1169 577 1219 Toxara
605 1164 817 1217 domus
865 1167 990 1216 erat
1034 1162 1265 1217 Toxaraa
1318 1162 1698 1229 Manclavitze,
1749 1164 1851 1234 qui
1880 1162 1939 1217 in

286 1252 507 1324 templo
555 1252 610 1306 S.
646 1250 960 1306 Mamantis
1005 1250 1350 1307 Michaelem
1401 1252 1811 1324 imperatorem
1851 1251 1941 1307 in-

284 1341 529 1398 terfecit.

502 1430 576 1484 De
603 1428 827 1484 ecclesia
859 1427 951 1483 SS.
988 1428 1364 1497 Quadraginta
1394 1434 1725 1501 martyrum.

359 1517 526 1572 Edes
558 1517 658 1572 SS.
708 1517 1103 1588 Quadraginta
1154 1523 1474 1590 martyrum
1525 1522 1691 1573 antea
1733 1521 1943 1589 praeto-

286 1606 437 1661 rium
470 1605 786 1661 exstiterat.
838 1605 1108 1661 Tiberius
1158 1622 1289 1661 vero
1339 1606 1532 1660 Thrax
1579 1622 1713 1661 cum
1765 1620 1943 1659 uxore

287 1693 613 1761 Anastasis,
652 1694 880 1749 eductis
912 1693 1047 1749 hinc
1103 1695 1203 1765 qui
1236 1710 1466 1750 carcere
1502 1694 1943 1760 detinebantur,

2050 537 2254 592 ’Exsior
2313 535 2370 592 δὲ
2419 536 2638 594 ’ίσταντο
2696 540 2785 593 καὶ
2816 540 2985 595 πύλαι
3019 540 3230 616 χαλκαῖ
3284 541 3537 615 τέσσαρες
3594 549 3701 596 τῶν

2047 628 2320 698 τεσσάρων
2377 631 2577 702 μερῶν,
2637 628 2726 682 καὶ
2785 629 3073 702 περίπατοι
3129 630 3379 705 τέσσαρες
3435 632 3703 707 γύρωθεν,

2049 716 2135 768 καὶ
2173 718 2578 793 σημειοφορικά
2616 716 2823 785 πολλὰ,
2879 719 2968 772 καὶ
3030 716 3318 794 διῆρκεσαν
3372 720 3539 795 μέχρι
3594 726 3700 775 τῶν

2051 804 2347 881 Θεοφίλου·
2396 802 2578 860 ἔκτοτε
2610 803 2666 859 δὲ
2699 806 2905 876 ἐκλήθη
2936 805 3131 869 κοιλὰς
3162 808 3531 881 κλαυθμῶνος
3578 806 3704 883 παρ’

2052 895 2239 966 αὐτοῦ,
2271 894 2359 948 καὶ
2391 897 2797 971 προσετάγησαν
2834 897 2885 950 οἱ
2933 904 3357 973 σωματοπρᾶται
3412 899 3584 953 ἐκεῖσε
3616 921 3704 952 πι-

2050 984 2306 1057 πράσκειν
2339 984 2404 1037 τὰ
2434 982 2677 1038 οἰκετικὰ
2705 984 2992 1057 πρόσωπα.

2474 1072 2548 1126 Τὰ
2586 1071 2855 1146 λεγόμενα
2891 1079 2988 1129 τοῦ
3038 1078 3271 1148 Τοξαρᾶ.

2121 1164 2193 1215 Τὰ
2248 1162 2453 1236 Τοξαρᾰ
2504 1161 2655 1223 οἶκος
2712 1162 2778 1231 ἦν
2838 1164 3055 1237 Τοξαρᾶ
3116 1158 3543 1238 Μαγκλαόίτου,
3606 1169 3704 1217 τοῦ

2050 1249 2331 1312 ἀνελόντος
2387 1249 2617 1326 Μιχαὴλ
2646 1252 2739 1305 τὸν
2788 1248 3013 1325 βασιλέα
3072 1252 3146 1314 εἷς
3193 1255 3282 1306 τὸν
3332 1256 3528 1328 ’Ἃγιον
3582 1254 3704 1310 Μά-

2055 1358 2246 1409 μαντα.

2559 1427 2688 1501 Περὶ
2717 1431 2821 1480 τῶν
2854 1427 3056 1501 Ἀγίων
3088 1429 3171 1482 Μ’.

2125 1516 2191 1571 Οἱ
2221 1518 2405 1588 ’Ἅγιοι
2436 1514 2840 1589 Τεσσαράκοντα
2870 1517 3133 1589 πρότερον
3164 1517 3418 1591 ὑπῆρχον
3468 1520 3709 1591 πραιτώ-

2053 1605 2255 1676 ριον.Ὀ
2289 1601 2346 1657 δὲ
2376 1598 2627 1673 Τιϐέριος
2654 1604 2681 1657 6
2715 1603 2849 1675 Θρᾲξ
2884 1604 2973 1657 σὺν
2998 1608 3066 1677 τῇ
3087 1606 3297 1677 γυναικὶ
3323 1606 3488 1660 αὐτοῦ
3513 1609 3709 1661 ’Λνσσ-

2050 1694 2209 1763 τασίᾳ
2236 1691 2361 1752 τοὺς
2393 1689 2647 1764 δεσμίους
2683 1690 2928 1762 ἐξεώσας,
2961 1695 3051 1748 καὶ
3082 1692 3173 1747 τὸν
3216 1695 3383 1749 τόπον
3435 1694 3708 1762 ἀνακαθη-

283 1782 410 1838 Ιοοο
443 1782 605 1854 prius
656 1787 901 1854 purgato
951 1799 1015 1836 ac
1069 1782 1357 1851 dimenso,
1410 1798 1478 1837 ex
1528 1798 1713 1853 eoque
1742 1781 1941 1852 ejectis
1976 1807 2057 1879 Βι

2108 1802 2163 1847 ις,
2194 1780 2282 1835 καὶ
2316 1778 2699 1854 διαμετρήσας,
2732 1782 2819 1853 καὶ
2850 1783 2948 1850 τὴν
2983 1781 3120 1850 ὕλην
3155 1782 3577 1855 ὲναποθὲμενος,
3615 1786 3707 1836 καὶ

288 1871 573 1937 materiis,
608 1871 992 1927 fundamenta
1023 1873 1089 1926 ad
1146 1876 1401 1943 quatuor
1456 1871 1687 1926 cubitos
1717 1870 1938 1925 eduxit.

286 1960 521 2016 Tiberio
553 1964 748 2015 autem
792 1960 912 2015 vita
963 1961 1182 2026 functo,
1234 1960 1555 2015 Mauricius
1606 1960 1734 2029 ejus
1765 1974 1942 2031 gener

285 2048 532 2120 imperio
565 2049 809 2121 potitus,
848 2050 1032 2105 edem
1081 2065 1309 2105 sacram
1363 2048 1631 2113 absolvit,
1680 2064 1746 2103 ac
1774 2047 1941 2103 dedi-

287 2138 405 2192 cari
436 2139 679 2193 curavit.

448 2246 521 2299 De
548 2249 734 2300 sancto
766 2245 1036 2300 Theodoro
1065 2245 1387 2314 cognomine
1416 2244 1779 2300 Carbonaria.

358 2334 554 2389 Sancti
612 2333 898 2389 Theodori
980 2334 1265 2406 templum
1328 2333 1588 2389 Hilarion
1658 2332 1941 2404 patricius

285 2423 492 2479 Leonis
526 2422 753 2478 Macelm
786 2424 1151 2495 temporibus
1182 2424 1473 2479 excitavit.

872 2531 946 2585 De
974 2530 1351 2586 Anemodulio.

355 2618 817 2674 Anemodulium
853 2618 925 2673 ab
961 2619 1149 2690 impio
1178 2617 1489 2673 Heliodoro
1520 2624 1776 2674 erectum
1812 2616 1941 2685 fuit,

288 2712 549 2777 tempore
581 2707 792 2761 Leonis
822 2706 1006 2761 Isauri
1045 2723 1058 2761 :
1093 2708 1341 2777 ipsemet
1370 2706 1679 2762 duodecim
1705 2723 1938 2778 quoque

285 2794 451 2867 signa
480 2799 785 2849 ventorum
818 2795 1111 2850 excitavit.
1166 2796 1429 2859 Quatuor
1456 2810 1589 2850 vero
1619 2794 1939 2851 simulacra

285 2900 444 2939 aenea
473 2883 720 2955 grandia
752 2883 1067 2955 Dyrrachio
1098 2883 1291 2939 delata
1322 2885 1501 2940 fuere.
1534 2885 1710 2940 Erant
1742 2888 1936 2940 autem

282 2973 404 3028 base
437 2972 668 3027 mulieri
699 2972 931 3028 cuidam
961 2972 1148 3027 viduae
1181 2989 1285 3045 pro
1317 2973 1472 3039 dote,
1500 2975 1571 3028 ab
1605 2973 1799 3028 nescio
1822 2989 1934 3043 quo

282 3059 503 3132 templo
547 3064 827 3117 extracta.
875 3066 1158 3117 Caeterum
1210 3061 1320 3117 hoc
1370 3061 1513 3117 scite
1562 3076 1628 3115 ac
1659 3060 1938 3117 omnibus

2052 1864 2296 1923 ἐκϐαλὼν
2323 1870 2384 1922 τὸ
2404 1868 2931 1943 γῶμα,ἐθεμελί‹υσε
2963 1871 3130 1946 μέχρι
3164 1876 3366 1947 πηχῶν
3398 1875 3704 1945 τεσσάρων.

2047 1957 2483 2027 Τελευτήσαντος
2552 1955 2609 2012 δὲ
2665 1962 2762 2012 τοῦ
2818 1953 3097 2034 Τιϐερίου,
3159 1962 3187 2014 6
3234 1956 3479 2034 γαμϐρὸς
3537 1960 3706 2014 αὐτοῦ

2049 2045 2349 2120 Μαυρίκιος
2379 2048 2650 2120 κρατήσας
2699 2045 3055 2121 ἀνεπλήρωσε
3102 2049 3194 2102 τὸν
3240 2050 3389 2112 ναὸν,
3444 2050 3535 2103 καὶ
3588 2048 3706 2103 ἐνε-

2047 2137 2172 2209 θρον
2184 2134 2321 2190 ίασεν
2354 2134 2513 2189 αὐτόν
2524 2176 2537 2191 .

2219 2241 2345 2316 Περῖ
2374 2246 2472 2296 τοῦ
2501 2241 2684 2317 Ἀγίου
2716 2240 3002 2317 Θεοδώρου
3033 2244 3098 2297 τὰ
3128 2238 3526 2319 Καρϐουνάρια.

2117 2330 2222 2385 Τὸν
2278 2326 2335 2384 δὲ
2363 2332 2547 2405 Ἅγιον
2576 2326 2855 2403 Θεόδωρον
2887 2326 3088 2385 ἔκτισεν
3120 2331 3369 2407 Ἱλαρίων
3411 2334 3704 2408 πατρίκιος

2047 2417 2099 2473 ἐν
2133 2423 2250 2480 τοῖς
2279 2418 2501 2493 χρόνοις
2529 2419 2756 2480 Λέοντος
2784 2422 2881 2473 τοῦ
2914 2417 3189 2474 Μακὲλου.

2494 2525 2620 2601 Περὶ
2660 2522 2757 2580 τοῦ
2799 2523 3249 2599 Ἀνεμοδουλίου,

2118 2616 2193 2671 Τὸ
2225 2612 2281 2669 δὲ
2309 2611 2732 2687 Ἀνεμοδούλιον
2795 2614 3081 2685 ἐστηλώθη
3118 2616 3261 2689 παρὰ
3297 2620 3394 2670 τοῦ
3425 2614 3707 2671 Ἡλιοδώο

2048 2724 2143 2778 ρου
2171 2708 2268 2757 τοῦ
2301 2697 2611 2772 δυσσεϐοῦς,
2646 2701 2698 2757 ἂν
2729 2708 2848 2766 τοῖς
2876 2703 3103 2778 χρόνοις
3139 2703 3366 2764 Δὲοντος
3392 2710 3496 2759 τοῦ
3528 2712 3707 2777 Συρο-

2043 2793 2321 2869 γενοῦς,’ὀς
2351 2792 2439 2845 καὶ
2466 2789 2743 2862 ἔστήλωσε
2767 2792 2895 2853 τοὺς
2930 2792 2998 2866 ιβ’
3028 2792 3364 2864 ἀνέμους,Τὰ
3389 2791 3446 2847 δὶ
3476 2793 3711 2869 τέσσαρα

2044 2880 2537 2957 χαλκουργεύματα
2564 2881 2632 2933 τὰ
2664 2879 2881 2953 μεγάλα
2910 2876 3159 2955 ἤχθησαν
3195 2880 3299 2934 ἀπὸ
3327 2886 3427 2935 τοῦ
3467 2884 3709 2955 κάπρου

2045 2968 2365 3047 Δυρραχίου·
2401 2968 2535 3044 Εἶχε
2568 2966 2625 3023 δὲ
2656 2970 2792 3023 αὐτὰ
2822 2971 2956 3045 γυνή
2988 2970 3138 3044 χήρα
3174 2969 3250 3031 εἷς
3282 2976 3487 3045 προῖκα
3538 2970 3708 3038 αὐτῆς

2043 3059 2150 3113 ἀπὸ
2178 3061 2308 3112 ναοῦ
2336 3078 2505 3119 τινος.
2538 3057 2686 3112 Μετὰ
2715 3056 2934 3127 πολλῆς
2968 3055 3025 3111 δὶ
3056 3056 3371 3132 ἐπιστήμης
3389 3058 3483 3113 καὶ
3516 3059 3710 3135 ἀστρο-

285 3149 658 3205 astronomia:
718 3151 981 3206 numeris
1038 3150 1375 3207 absolutum
1428 3150 1670 3223 perfecit
1716 3150 1928 3220 (Heliov
1964 3170 2057 3253 Ci

2112 3146 2237 3220 μίας
2268 3145 2438 3202 ἐποίει
2465 3150 2649 3203 τοῦτο.

282 3238 510 3310 dorus).

877 3329 951 3385 De
982 3330 1115 3384 Foro
1146 3328 1330 3384 Tauri.

354 3419 417 3472 In
451 3418 595 3474 Foro
625 3416 796 3473 Tauri
828 3421 946 3473 stat
989 3416 1303 3473 Theodosii
1332 3417 1524 3489 Magni
1557 3420 1770 3473 statua.
1807 3418 1937 3474 Fuit

282 3509 479 3561 autem
511 3505 782 3578 primitus
812 3510 1106 3578 argentea,
1142 3511 1199 3562 et
1243 3506 1314 3561 ad
1348 3522 1474 3561 eam
1506 3505 1682 3578 legati
1713 3512 1936 3563 extera-

282 3610 412 3649 rum
445 3594 707 3666 gentium
741 3594 1198 3666 excipiebantur.
1225 3594 1458 3650 Exstitit
1486 3595 1660 3649 etiam
1696 3595 1775 3648 ibi
1797 3594 1937 3651 olim

281 3682 565 3754 palatium
621 3687 679 3738 et
735 3684 1167 3739 xenodochium
1248 3684 1671 3753 Romanorum,
1734 3700 1938 3741 versus

282 3770 477 3826 locum
506 3788 680 3843 quem
733 3770 1087 3827 Alonitzium
1132 3776 1360 3826 vocant.
1404 3772 1594 3843 Super
1638 3771 1936 3843 ingentem

284 3858 621 3914 columnam
679 3860 869 3915 stabat
915 3859 1281 3915 Theodosius
1335 3875 1348 3914 :
1400 3858 1561 3914 illius
1620 3876 1752 3915 vero
1811 3860 1936 3927 ﬁlii,

289 3946 575 4002 llonorius
608 3947 846 4019 quidem
892 3947 951 4002 in
997 3946 1227 4019 lapideo
1259 3947 1479 4003 fornice
1507 3947 1797 4014 orientali,
1829 3954 1938 4005 Ar-

286 4035 490 4091 cadius
520 4040 714 4091 autem
749 4035 809 4090 in
848 4034 1080 4108 lapideo
1135 4035 1349 4091 fornice
1378 4035 1744 4104 occidentali,
1777 4042 1939 4093 uter-

290 4142 403 4197 que
433 4140 613 4197 super
641 4125 909 4198 ingentes
940 4126 1257 4198 quadratas
1286 4124 1612 4181 columnas.
1639 4125 1703 4180 In
1746 4127 1939 4183 medio

2616 3322 2745 3396 Περί
2773 3329 2869 3379 τοῦ
2901 3325 3143 3397 Ταύρου.

2117 3416 2240 3471 Ὅτι
2266 3411 2318 3467 ἐν
2375 3417 2454 3483 τῷ
2500 3412 2693 3488 Ταύρῳ
2742 3412 2918 3485 στήλη
2952 3418 3047 3468 τοῦ
3099 3411 3348 3489 Μεγάλου
3409 3412 3714 3469 Θεοδοσίου

2041 3502 2277 3558 ’ίσταταιο
2328 3504 2393 3570 ἦν
2441 3499 2499 3557 δὲ
2556 3501 2748 3573 πρώην
2786 3502 3010 3578 ἀργρρᾶ,
3066 3498 3185 3557 ἔνθα
3238 3501 3367 3564 τοὺς
3430 3503 3543 3558 ἀπὸ
3600 3510 3710 3559 τῶν

2048 3591 2210 3647 ἐθνῶν
2265 3590 2500 3659 ἥκοντας
2549 3588 2767 3665 ἐδέχετο
2794 3590 2963 3646 ἐκεῖσε
3028 3591 3245 3666 ὑπῆρχε
3277 3588 3335 3645 δὲ
3366 3592 3564 3666 πρώην
3599 3614 3711 3647 πα-

2048 3681 2256 3748 λάτιον,
2308 3681 2394 3734 καὶ
2430 3677 2769 3755 ξενοδοχεῖον
2801 3685 2905 3735 τῶν
2955 3682 3264 3753 Ῥωμαίων,
3298 3680 3372 3741 εἷς
3402 3681 3467 3734 τὸ
3498 3682 3712 3736 καλού-

2053 3791 2206 3844 μενον
2259 3767 2514 3839 δηλονότι
2574 3767 2948 3838 Ἀλωνίτζιον.
3004 3770 3217 3825 Ἐπάνω
3250 3766 3307 3823 δὲ
3334 3773 3433 3822 τοῦ
3462 3770 3712 3844 μεγάλου

2048 3859 2228 3921 κιόνος
2295 3857 2599 3927 ἐστήλωται
2658 3855 2983 3920 Θεοδόσιος·
3032 3859 3082 3911 οἱ
3144 3855 3202 3912 δὶ
3259 3856 3368 3912 υἱοὶ
3428 3858 3622 3928 αὐτοῦ,
3681 3861 3712 3914 6

2051 3950 2144 4022 μὶν
2202 3947 2481 4021 Ὁνώριος,
2545 3946 2724 4001 ἰπάνω
2780 3954 2879 4015 τῆς
2934 3946 3145 4016 λιθίνης
3176 3945 3370 4019 ἀψίδος
3428 3954 3533 4016 τῆς
3567 3950 3713 4021 πρὸς

2049 4035 2277 4109 δυσμᾴς·
2342 4036 2369 4091 ὁ
2428 4032 2486 4090 δὲ
2532 4034 2821 4109 Ἀρκάδιος
2853 4034 2903 4089 ἐν
2930 4039 2998 4099 τῆ
3031 4036 3165 4109 πρὸς
3213 4032 3488 4104 ἀνατολὴν
3524 4034 3717 4110 λιθίνῃ

2049 4123 2224 4200 άψίδι·
2276 4124 2500 4199 ὕπερθεν
2535 4121 2592 4179 δὲ
2639 4128 2745 4179 τῶν
2781 4119 3162 4199 περιϐλέπτων
3208 4124 3463 4198 μεγάλων
3508 4126 3717 4180 κιόνων

287 4214 416 4270 Fori
448 4215 595 4271 atrio
627 4219 717 4270 est
746 4218 943 4271 statua
973 4214 1292 4287 equestris,
1325 4230 1498 4285 quam
1528 4214 1767 4286 quidam
1797 4219 1937 4272 Jesu
2046 4236 2057 4251 ι

2108 4219 2155 4269 5v
2204 4211 2578 4289 τετραδισίων,
2630 4212 2804 4269 Μέσον
2862 4220 2961 4281 τῆς
2992 4212 3167 4282 αὐλῆς
3194 4211 3305 4267 ἐστι
3346 4207 3589 4287 ἔφιππος
3654 4216 3713 4269 ὃν

289 4304 463 4373 Nave,
495 4303 594 4361 alii
643 4303 1107 4376 Bellerophontis
1153 4319 1284 4359 esse
1314 4303 1536 4359 volunt.
1585 4302 1777 4360 Allata
1801 4322 1938 4362 vero
2049 4325 2057 4356 ι

2154 4303 2249 4376 μὶν
2301 4301 2546 4376 λέγουσιν
2602 4302 2810 4372 Ἰησοῦν
2860 4302 2951 4357 τὸν
3010 4306 3189 4371 Ναυῆ,
3247 4298 3423 4375 ἕτεροι
3475 4300 3557 4372 δὶ,
3618 4305 3713 4359 τὸν

284 4392 397 4447 fuit
426 4410 495 4448 ex
543 4409 757 4466 magna
801 4392 1127 4449 Antiochia.
1179 4392 1461 4448 Caeterum
1507 4393 1669 4448 basis
1704 4392 1939 4466 lapidea
2049 4394 2057 4449 l

2108 4389 2521 4469 ελλεροφόντην⁸
2580 4389 2731 4467 ἤχθη
2793 4388 2851 4445 δὲ
2908 4390 3013 4445 ἀπὸ
3070 4396 3169 4459 τῆς
3208 4390 3459 4463 μεγάλης
3493 4394 3715 4448 Ἀντιο-

286 4481 682 4551 quadrilatera
708 4481 999 4554 equestris
1051 4480 1213 4537 illius
1240 4485 1447 4536 statua
1498 4480 1675 4537 habet
1718 4482 1935 4538 inscul-
1966 4542 2012 4556 ἢ
2047 4501 2057 4556 ;

2108 4480 2225 4543 ιίας.
2275 4481 2345 4534 Τὸ
2376 4477 2434 4535 δε
2488 4479 2887 4556 τετράπλευρον
2947 4483 3042 4534 τοῦ
3102 4478 3339 4556 ἐφίππου
3378 4479 3441 4533 τὸ
3492 4479 3716 4551 λιθόξε-

286 4542 416 4641 ptas
474 4542 775 4625 historias.
813 4570 1139 4626 Russorum
1196 4570 1296 4641 qui
1346 4569 1682 4626 novissimis
1729 4542 2057 4628 diebusDi

2108 4542 2197 4625 ‘ovr
2240 4568 2356 4644 ἔχει
2444 4542 2892 4645 ἐγγεγραμμένας
2952 4542 3195 4642 ἱστορίας
3264 4572 3371 4622 τῶν
3453 4542 3711 4645 ἰσχάτίυς

286 4660 489 4713 urbem
521 4658 803 4713 vastaturi
836 4662 995 4729 sunt,
1029 4658 1199 4729 cujus
1234 4658 1317 4714 rei
1338 4657 1827 4731 impedimentum
1851 4664 1941 4716 est
2051 4684 2057 4733 ι

2108 4657 2367 4715 ιλλόντων
2418 4659 2554 4722 Ῥῶς
2608 4660 2829 4733 πορθεῖν
2890 4659 2988 4727 τήν
3021 4655 3186 4723 αὐτὴν
3247 4655 3432 4725 πόλιν,
3494 4659 3586 4712 καὶ
3643 4660 3710 4714 τὸ

283 4763 565 4819 perquam
615 4747 930 4803 minimum
984 4745 1127 4802 illud
1182 4746 1442 4818 signum,
1476 4748 1631 4819 quod
1678 4748 1938 4805 vinctum
2047 4748 2057 4804 ί

2108 4746 2334 4817 ιπόδιον,
2393 4745 2525 4821 ὅπερ
2584 4744 2983 4823 ἀνθρωποειδὲς
3044 4744 3451 4821 χαλκούργημα
3524 4748 3709 4823 βραχὺ

281 4853 346 4891 ac
378 4836 751 4907 genuﬂexum
780 4835 897 4891 illic
931 4836 1188 4908 positum
1220 4836 1449 4891 visitur.
1477 4836 1764 4893 Praeterea
1793 4854 1938 4910 quo-

282 4940 393 4995 que
424 4940 525 4996 pes
557 4923 735 4980 la-vus
764 4924 980 4997 ;magni
1023 4924 1179 4995 equi,
1212 4926 1364 4995 quod
1398 4924 1456 4980 in
1489 4941 1556 4981 eo
1585 4924 1935 4999 inscriptum

2046 4837 2348 4911 παντελῶς,
2398 4837 2489 4891 καὶ
2548 4835 2831 4910 δεδεμένον
2892 4834 3211 4911 γονυκλινὶς
3267 4829 3421 4908 ἔχει·
3478 4838 3509 4891 6
3565 4837 3708 4899 ποὺς

2049 4926 2335 4999 εὐώνυμος
2370 4930 2469 4981 τοῦ
2512 4924 2688 4981 ’ίππου
2745 4930 2845 4981 τοῦ
2903 4922 3143 5000 μεγάλου
3190 4923 3280 4977 καὶ
3312 4925 3472 4987 αὐτὸς
3505 4929 3712 4999 σημαί-

282 5018 391 5079 est,
452 5014 887 5086 praesigniﬁcat.
948 5012 1230 5069 Similiter
1286 5019 1343 5069 et
1402 5029 1615 5086 magna
1664 5014 1941 5072 columna
2046 5039 2057 5063 π

2112 5038 2147 5086 ι,
2209 5014 2291 5070 ὅτι
2342 5013 2511 5070 ἆκεῖσε
2566 5015 3003 5091 ἐγγεγραμμένον
3064 5012 3228 5071 ἐστίν.
3282 5014 3561 5078 Ὡσαύτως
3611 5019 3708 5071 καὶ

282 5117 555 5168 concava,
599 5108 656 5158 et
702 5101 1065 5173 Xer010phus
1117 5099 1358 5157 ultimos
1408 5102 1570 5157 urbis
1618 5118 1792 5158 casus
1843 5120 1939 5159 ex-

282 5191 784 5264 pugnationesque
814 5193 1254 5263 repraesentant.

885 5371 962 5427 De
987 5369 1327 5425 Diaconissa.

354 5455 674 5513 Ecclesiam
705 5458 1058 5515 Diaconisssa
1090 5455 1354 5513 condidit
1382 5456 1658 5528 Cyriacus
1688 5458 1935 5529 patriar-

282 5542 392 5599 cha
426 5549 685 5618 tempore
732 5547 997 5603 Mauricii
1045 5544 1420 5619 imperatoris
1469 5546 1789 5618 compatris
1818 5548 1935 5605 sui.

288 5631 375 5690 Ita
423 5652 555 5693 vero
601 5642 940 5710 nuncupata
987 5636 1120 5703 fuit,
1164 5634 1321 5707 quod
1365 5633 1703 5708 patriarcha
1745 5635 1937 5697 adhuc

2047 5105 2075 5159 6
2101 5108 2304 5182 κοῦφος
2331 5103 2465 5159 κίων
2501 5105 2528 5159 6
2563 5105 2751 5179 μὲγας,
2781 5102 2871 5157 καὶ
2904 5104 2931 5157 ὁ
2971 5102 3304 5180 Ξηρόλοφος
3362 5100 3555 5177 ἔχουσι
3610 5105 3710 5166 τάς

2046 5193 2280 5271 ἆσχάτας
2337 5191 2577 5268 ἱστορίας
2635 5199 2735 5262 τῆς
2790 5190 3006 5253 πόλεως
3041 5235 3054 5259 ,
3133 5190 3222 5245 καὶ
3297 5191 3392 5255 τὰς
3465 5193 3707 5257 ἁλώσεις

2048 5282 2377 5360 ἑνιστόρους.

2544 5370 2676 5446 Περὶ
2707 5376 2808 5440 τῆς
2838 5368 3214 5439 Διακονίσσης.

2115 5460 2192 5515 Τὰ
2256 5456 2315 5515 δὲ
2373 5458 2727 5530 Διακονίσσης
2787 5458 2961 5515 ἔκτισε
3021 5459 3290 5533 Κυριακὸς
3342 5464 3703 5537 πατριάρχης

2045 5547 2098 5605 ιν
2148 5554 2267 5613 τοῖς
2322 5549 2549 5626 χρόνοις
2605 5548 2911 5621 Μαυρικίου
2946 5544 3214 5623 βασιλέως
3270 5552 3368 5602 τοῦ
3408 5550 3701 5606 συντεκνου

2048 5637 2233 5700 αὐτοῦ.
2292 5634 2538 5713 Ἐκλήθη
2600 5635 2659 5694 δὶ
2722 5638 2797 5701 ὡς
2826 5637 2931 5694 ἀπὸ
2958 5640 3058 5693 τοῦ
3077 5636 3168 5692 τὸν
3193 5638 3543 5715 πατριάρχην
3576 5637 3694 5696 διά-
