4060 6214
315 357 465 413 1217

1439 352 1804 413 ΑΝΟΝῩΜΙ
1849 352 2428 423 ANTIOUITA’I‘ES
2475 351 2587 411 CP.

3564 348 3723 411 1218

310 505 465 539 κονον
521 484 837 558 ὑπάρχοντα
896 483 1061 538 οἷ’κεῖν
1122 482 1319 545 έκεῖςε·
1354 480 1501 537 ἄλλά
1554 483 1640 536 καὶ
1675 483 1710 551 ἡ
1744 477 1952 554 ἀδελφὴ

2074 484 2357 538 diaconus
2383 482 2464 537 ibi
2496 481 2810 550 habitaret,
2851 486 2907 538 et
2951 498 3116 538 soror
3161 482 3289 553 ejus
3319 480 3533 538 ibidem
3565 486 3722 539 esset

308 578 401 627 106
431 572 776 648 πατριάρχου
809 570 1121 627 διακόνισσα
1146 574 1235 641 ἦν.

888 680 973 735 Τὰ
1014 681 1373 755 Κουράτορος.

381 770 459 824 Τὰ
509 768 849 843 Κουράτορος
900 767 1214 837 ἐκτίσθησαν
1267 768 1319 822 ἐν
1364 773 1480 829 τοῖς
1524 765 1750 842 χρόνοις
1803 765 1962 840 Βηρί-

312 879 407 927 νης
464 864 565 925 τῆς
617 857 891 933 γυναικὸς,
946 856 1182 931 λέγεται,
1215 858 1310 911 106
1370 853 1741 928 Λεομακέλου.
1778 854 1874 908 Καὶ
1935 854 1963 908 ὁ

310 945 589 1019 κουράτωρ
622 944 786 999 αὐτοῦ
836 945 1153 1018 παρίσταται
1214 946 1290 1007 είς
1339 944 1598 1017 ὁμοίωμα
1645 947 1741 997 106
1791 944 1963 1020 τάφου

308 1039 401 1089 106
435 1034 652 1109 Κυρίου.

786 1122 919 1198 Ηερὶ
958 1128 1056 1177 106
1088 1120 1486 1198 Φιλαδελφίου.

376 1210 447 1267 Τὸ
494 1209 551 1266 δὲ
598 1209 943 1284 καλούμενον
987 1209 1382 1289 Φιλαδέλφιον,
1417 1210 1526 1265 υἱοί
1574 1211 1678 1264 εἰσι
1720 1213 1816 1264 τοῦ
1862 1214 1967 1264 Με-

305 1297 478 1375 γάλου
524 1300 891 1356 Κωνταντίου.
960 1302 1090 1358 ’Ότε
1147 1298 1203 1355 δὲ
1260 1299 1604 1370 ἐτελεύτησεν
1660 1300 1839 1365 οὗτος,
1868 1302 1965 1352 106

307 1390 651 1443 Κωνταντίου
681 1385 835 1451 ὄντος
870 1390 921 1444 έν
952 1395 1071 1451 τοῖς
1102 1397 1201 1459 τῆς
1236 1388 1535 1454 Ἀνατολῆς
1585 1388 1791 1463 μέρεσι,
1823 1388 1967 1443 Κών-

312 1499 533 1539 σταντος
590 1478 695 1532 ἀπὸ
750 1477 962 1542 Δύσεως
1019 1478 1105 1532 καὶ
1161 1476 1378 1533 Γάλλου
1427 1475 1743 1553 έρχομένων
1798 1478 1964 1547 συνή-

311 1579 519 1646 φθησαν
576 1566 768 1635 ἐκεῖσε,
799 1569 886 1621 καὶ
949 1569 1279 1637 ἀσπάζονται
1340 1565 1648 1637 ἀλλήλους.
1708 1566 1829 1641 Οὐχ
1880 1565 1964 1620 ὅτι

310 1656 420 1710 έκεῖ
480 1657 851 1730 συνήφθησαν,
911 1655 1057 1711 ἀλλὰ
1123 1659 1223 1721 τῆς
1280 1657 1515 1725 ὑπαντῆς
1564 1655 1737 1710 αὐτῶν
1796 1654 1966 1708 έκεῖσε

310 1744 812 1815 ἀναστηλωθείσης.
867 1746 954 1806 Ὠς
1010 1742 1249 1818 δεύτεροί
1309 1766 1489 1822 φασιν,
1544 1746 1627 1799 δτι
1678 1744 1742 1798 τὸ
1794 1742 1965 1798 Φιλαι-

2070 572 2423 627 diaconissa.

2491 678 2563 732 De
2596 678 2796 747 templo
2825 680 3109 734 Curatoris
3138 677 3302 733 dicto.

2144 765 2449 837 Templum
2486 768 2833 836 cognomine
2861 767 3157 821 Curatoris
3207 767 3509 821 conditum
3542 767 3723 823 fuisse

2076 854 2257 908 fertur
2286 861 2547 925 tempore
2586 854 2804 909 Verinae
2857 855 3055 910 uxoris
3088 856 3294 911 Leonis
3330 855 3557 910 Macelas
3585 873 3598 923 ;
3627 871 3724 910 cu-

2065 944 2168 1013 jus
2200 948 2433 998 curator
2452 943 2683 1014 prefuit
2711 948 3020 998 structura:
3054 947 3119 998 ut
3148 944 3218 998 ad
3252 944 3438 999 instar
3467 944 3722 1015 sepulcri

2072 1030 2286 1087 Christi
2321 1032 2501 1087 fieret.

2631 1128 2710 1178 De
2743 1122 3159 1193 Philadelphia.

2144 1210 2207 1267 Id
2238 1211 2392 1282 quod
2424 1210 2899 1283 Philadelpbium
2952 1210 3302 1281 appellatur.
3337 1214 3541 1266 statue
3587 1213 3727 1266 sunt

2044 1297 2327 1370 ﬁliorum
2359 1299 2732 1356 Constantini
2759 1298 2975 1371 Magni.
3009 1300 3326 1370 Postquam
3359 1299 3516 1356 enim
3538 1299 3665 1370 ipse
3697 1315 3727 1355 e

2072 1388 2215 1445 vivis
2245 1391 2513 1457 excessit,
2548 1392 2927 1445 Constantius
2957 1407 3093 1446 cum
3126 1391 3183 1445 in
3218 1392 3487 1461 partibus
3516 1390 3726 1445 Orien-

2073 1476 2149 1533 tis
2187 1482 2362 1547 esset,
2413 1482 2701 1537 Constans
2750 1496 2884 1535 vero
2917 1496 3033 1534 una
3088 1496 3221 1535 cum
3254 1479 3414 1534 Gallo
3464 1479 3536 1535 ab
3570 1478 3727 1534 Occi-

2074 1564 2243 1621 dente
2289 1568 2568 1636 venisset,
2604 1567 2712 1622 boc
2742 1568 2801 1622 in
2845 1568 2970 1623 loco
3022 1568 3321 1637 conjuncti
3369 1583 3432 1622 se
3460 1568 3723 1636 ,imicem

2073 1652 2496 1710 salutaverunt.
2549 1656 2671 1712 Non
2704 1656 2859 1711 enim
2908 1656 2987 1711 ita
3033 1660 3410 1727 nuncupatur
3454 1656 3609 1727 quod
3644 1655 3726 1711 ibi

2072 1744 2470 1812 convenerint,
2494 1745 2595 1801 sed
2629 1746 2908 1816 quoniam
2945 1745 3119 1817 primi
3149 1762 3351 1800 eorum
3375 1762 3726 1817 congressus

304 1831 528 1911 δέλφιον
587 1832 638 1887 έν
701 1832 747 1905 ᾧ
801 1831 909 1886 ἐστι
970 1832 1286 1909 βορρείοθεν
1328 1830 1563 1907 ἀψίδιον,
1595 1831 1959 1908 προτείχισμα

2074 1832 2311 1905 signum
2342 1831 2517 1890 isthic
2546 1837 2803 1889 erectum
2828 1834 3055 1889 est.Alii
3085 1850 3219 1889 vero
3246 1838 3504 1900 narrant,
3532 1833 3718 1889 Phila-

300 1922 390 1994 ἦν,
422 1922 513 1976 καὶ
572 1925 747 1996 πόρτα
806 1926 1037 1998 χερσαῖα
1092 1926 1201 1975 τῶν
1263 1920 1514 1977 παλαιῶν
1574 1923 1677 1977 ὑπὸ
1735 1922 1960 1998 Κάρπου

302 2013 810 2067 κατασκευασθεῖσα.
847 2012 991 2065 Ἐκεῖ
1033 2008 1123 2065 οὖν
1151 2009 1340 2066 ἵστατο
1388 2014 1423 2081 ἡ
1463 2010 1639 2081 στήλη
1699 2014 1796 2066 τοῦ
1850 2010 1959 2065 Φό-

304 2120 423 2175 ρου,
456 2101 517 2168 ἣν
560 2099 635 2161 εἷς
676 2098 953 2174 καρούχαν
987 2098 1216 2175 ἤνεγκαν
1262 2100 1368 2153 ἀπὸ
1416 2104 1512 2153 106
1562 2096 1958 2175 Φιλαδελφίου.

300 2191 386 2253 Ὠς
416 2186 477 2242 δὲ
531 2189 558 2243 ὁ
599 2188 1020 2262 Διακρινόμενος
1076 2188 1250 2264 λέγει,
1284 2189 1394 2243 ἀπὰ
1449 2192 1549 2254 τῆς
1610 2188 1959 2263 Μαγναύρας,

302 2280 335 2347 ἡ
370 2278 422 2332 έν
470 2281 552 2349 τῷ
608 2277 775 2353 Φόρῳ
831 2282 1045 2341 τεθεῖσα
1096 2277 1299 2348 στήλη,
1334 2280 1369 2347 ἡ
1412 2275 1627 2340 πολλὰς
1682 2273 1961 2349 ὑμνῳδίας

302 2365 569 2439 δεξαμένη
618 2366 693 2428 είς
736 2366 912 2441 τύχην
955 2369 1053 2436 τῆς
1120 2365 1335 2431 πόλεως
1388 2368 1767 2442 προσεκυνήθη
1817 2365 1963 2442 παρὰ

305 2456 545 2523 πάντων,
578 2455 854 2527 ὑψωθεῖσα
884 2452 935 2508 έν
970 2459 1050 2527 τῷ
1097 2454 1257 2525 κίονι,
1287 2458 1384 2509 τοῦ
1442 2452 1629 2528 ἱερέως
1682 2454 1817 2526 μετὰ
1858 2460 1957 2523 τῆς

306 2545 473 2613 λιτῆς
531 2542 953 2614 παρεστηκότος,
1015 2542 1101 2597 καὶ
1173 2544 1306 2616 μετᾶ
1360 2550 1622 2619 κραυγῆς,
1680 2545 1742 2597 τὸ
1793 2542 1962 2618 Κύριε

305 2631 536 2704 ἐλέησον
598 2631 1247 2707 βοῶντοςιέκατοντάκις
1281 2677 1296 2701 ,
1355 2633 1445 2686 καί
1513 2630 1713 2695 ἄνωθεν
1792 2630 1961 2686 ἐκεῖσε

306 2722 393 2777 ἐπὶ
457 2722 556 2790 τήν
615 2719 857 2798 κεφαλὴν
914 2726 1012 2776 106
1077 2720 1259 2783 κίονος
1333 2718 1520 2782 πολλὰ
1604 2718 1957 2791 έτελέσθησαν

305 2810 589 2884 Θαυμαστὰ
630 2809 719 2863 καὶ
770 2807 1067 2881 παράδοξα,
1108 2812 1195 2864 καὶ
1255 2812 1554 2886 πανήγυρις
1609 2809 1732 2885 περὶ
1762 2809 1959 2864 τούτου

304 2902 497 2977 γέγονε
574 2900 1152 2973 τεσσαρακονθήμερος
1188 2942 1201 2965 ,
1257 2898 1345 2953 καὶ
1426 2899 1704 2968 σιτηρέσια
1772 2895 1961 2952 πολλὰ

307 2990 553 3047 έδίδοντο
582 2989 727 3065 παρὰ
765 2986 861 3043 106
898 2987 1187 3063 βασιλέως.
1220 2992 1296 3062 Τῇ
1346 2986 1404 3043 δὲ
1462 2987 1715 3060 έπαόριον
1774 2986 1963 3063 γέγονε

304 3083 365 3137 τὸ
443 3078 713 3153 γενέθλιον
797 3084 895 3146 τῆς
972 3076 1189 3141 πόλεως
1226 3122 1239 3145 ,
1298 3078 1387 3132 καὶ
1476 3078 1610 3153 μέγα
1682 3074 1963 3151 ’ἱπποδρό-

306 3170 429 3243 μίον
468 3188 481 3202 ⁸
546 3167 635 3222 ὅτε
690 3168 778 3221 καὶ
836 3168 871 3235 ή
932 3166 1097 3229 πόλις
1158 3169 1554 3241 μετωνομάσθη
1626 3172 1958 3221 Κωνσταντι·

301 3256 587 3318 νούπολις.

309 3367 439 3443 Περῖ
517 3374 661 3443 τοῦμ
690 3367 955 3443 ὄντοςηέν
1013 3366 1157 3435 αὺτῷ
1231 3366 1462 3443 σταυροῦ
1486 3405 1498 3428 ,
1525 3382 1661 3443 ῌκαι.
1700 3366 1805 3443 τῶν
1848 3357 1957 3443 ,δύο

376 3431 509 3494 υἱῶν
568 3440 665 3497 106
725 3438 976 3517 Μεγάλου
1031 3431 1454 3506 Κωνσταντίνου,
1484 3437 1592 3487 τῶν
1644 3432 1731 3487 ἐπὶ
1765 3431 1959 3507 θρόνου

368 3514 743 3585 καθεζομένων
755 3556 766 3568 .

375 3618 485 3674 Τὸν
520 3616 577 3672 δὶ
608 3619 683 3682 εἰς
710 3619 771 3673 τὸ
805 3613 1177 3692 Φιλαδέλφιον
1222 3608 1349 3666 ὄντα
1396 3610 1623 3684 σταυρὸν
1673 3610 1957 3680 ἀνέστησεν

305 3706 332 3759 ὁ
392 3708 573 3781 Μέγας
640 3711 1043 3765 Κωνσταντῖνος
1115 3701 1201 3756 ἐπὶ
1278 3700 1481 3769 κίονος,
1540 3701 1961 3775 κεχρυσωμένον

304 3791 390 3849 διὰ
452 3795 620 3858 λίθων
676 3798 763 3850 καὶ
833 3792 1189 3858 ὁέλων,κατὰ
1239 3790 1329 3844 τὸν
1386 3786 1708 3862 σταυροειδῆ
1765 3787 1959 3858 τύπον,

302 3883 359 3938 ’ὸν
413 3881 551 3938 εἶδεν
594 3884 645 3939 έν
698 3888 777 3955 τῷ
829 3884 1062 3958 οὐρανῷ,
1094 3879 1184 3934 καὶ
1242 3881 1337 3932 106
1379 3876 1560 3940 κίονος
1614 3874 1814 3930 έκείνου
1864 3880 1961 3931 106

303 3977 611 4049 πορφυροῦ.
675 3972 932 4041 Ἐποίησε
990 3967 1193 4039 στήλας
1246 3972 1352 4021 τῶν
1424 3967 1554 4019 υἱῶν
1626 3963 1811 4035 αὐτοῦ,
1869 3964 1958 4019 καὶ

306 4062 645 4117 ἀνετύπωσεν
701 4062 786 4117 έπὶ
842 4061 1034 4135 θρόνου
1091 4058 1434 4126 καθέζεσθαι·
1486 4053 1711 4124 έποίησε
1768 4050 1824 4107 δὶ
1870 4052 1960 4108 καὶ

303 4150 395 4204 τὸν
453 4150 609 4203 κίονα
667 4149 869 4204 ἐκεῖνον
939 4147 1181 4220 ἱστορίας
1250 4144 1525 4219 περιέχειν
1603 4143 1700 4203 τὰς
1754 4141 1961 4196 τούτων

303 4236 574 4307 ένζώδους
605 4281 618 4307 ,
675 4240 761 4293 καὶ
836 4238 1133 4313 γράμματα
1216 4236 1466 4305 Ῥωμαῖα
1539 4236 1647 4285 τῶν
1713 4230 1959 4306 έσχάτως

306 4328 625 4399 μελλόντων
686 4328 947 4402 γίνεσθαι.
993 4330 1237 4381 Ἲσταντο
1297 4320 1353 4377 δὶ
1405 4319 1657 4395 ἀντικρὺς
1704 4324 1812 4373 τῶν
1863 4316 1960 4374 δύο

302 4418 435 4471 υἱῶν
486 4417 675 4482 αὐτοῦ,
708 4420 813 4470 τῶν
870 4415 957 4469 ἐπὶ
1018 4414 1233 4489 θρόνοις
1283 4410 1681 4483 καθεζομένων,
1713 4409 1799 4462 καὶ
1850 4412 1958 4463 τῶν

301 4504 495 4561 ἄλλων
525 4510 631 4559 τῶν
664 4505 869 4573 ἀσπαζο
880 4505 1053 4576 μένων
1064 4548 1076 4561 .

726 4611 852 4685 Περὶ
884 4611 946 4663 τὸ
976 4604 1277 4684 λεγόμενον
1300 4602 1527 4662 Μόδιον.

371 4704 498 4759 ’Ότι
555 4700 616 4754 τὸ
667 4698 959 4774 λεγόμενον
1011 4694 1245 4763 Μόδιον,
1270 4693 1577 4769 ὡρολόγιον
1634 4692 1726 4762 ἦν,
1781 4690 1953 4767 ἤγουν

297 4790 359 4845 τὸ
414 4787 614 4861 ἔξαμον
672 4792 769 4843 106
829 4784 1044 4859 μοδίου.
1096 4787 1334 4843 Ἶσυεαται
1391 4787 1551 4837 τοῦτο
1623 4781 1802 4836 έπάνω
1856 4788 1958 4851 τῆς

294 4879 546 4953 καμάρας
616 4880 714 4946 τῆς
790 4880 900 4930 τῶν
958 4877 1393 4949 Ἀμαστριανῶν,
1456 4870 1615 4944 μέσον
1686 4874 1794 4925 τῶν
1858 4868 1953 4924 δύο

294 4972 499 5043 χειρῶν
602 4964 1139 5020 κατασκευασθέντων
1251 4962 1354 5016 ὑπὸ
1458 4956 1949 5015 Οὐαλεντινιανοῦο

301 5053 389 5109 διὰ
444 5059 608 5109 τοῦτο
666 5053 757 5106 καὶ
816 5052 916 5118 τήν
977 5051 1187 5123 Λαμίαν
1230 5050 1361 5104 εἶναι
1393 5048 1551 5122 ἐγγὺς
1581 5046 1765 5103 αὐτοῦ.
1797 5053 1952 5101 Ὑπο-

298 5144 449 5198 κάτω
510 5140 567 5197 δὶ
613 5141 663 5196 έν
713 5145 793 5213 τῷ
847 5139 1109 5212 εἶ’)κήματι
1145 5142 1245 5193 τῶν
1276 5142 1478 5213 χειρῶν
1511 5135 1745 5211 ἱστορίαι
1778 5134 1910 5189 είσίν
1940 5153 1953 5167 ⁸

300 5234 352 5287 οἱ
414 5230 474 5287 δε
530 5229 920 5304 πεπειραμένοι
982 5229 1301 5303 εὑρήσουσιν
1358 5224 1541 5285 αὐτάς.
1599 5227 1844 5299 ’Ὠρισται
1899 5221 1956 5278 δὶ

292 5323 354 5375 τὸ
419 5317 613 5393 μόδιον
689 5317 1003 5390 κούμουλον
1062 5314 1500 5389 πιπράσκεσθαι·
1562 5313 1638 5374 εἷς
1706 5309 1763 5366 δὲ
1844 5316 1952 5367 τῶν

295 5410 556 5485 ἐμπόρων
616 5408 858 5482 πέπρακέ
910 5426 1017 5461 τινι
1071 5406 1222 5460 σίτου
1296 5402 1479 5480 ῥίγλον
1538 5402 1629 5456 τὸν
1711 5398 1902 5473 μόδιον
1939 5422 1952 5435 ·

296 5500 461 5573 γνοὺς
523 5495 581 5551 δὶ
635 5500 796 5551 10610
848 5496 875 5549 6
935 5492 1209 5570 βασιλεὺς,
1242 5488 1405 5567 ἔκοψε
1459 5490 1553 5553 τὰς
1623 5487 1717 5544 δύο
1764 5495 1953 5565 χεῖρας

296 5588 484 5654 αὐτοῦ,
544 5586 633 5641 καὶ
708 5585 1081 5654 ἀνεστήλωσεν
1144 5583 1389 5655 ὁρᾶσθαι,
1452 5579 1658 5654 ὁμοίως
1716 5578 1804 5633 καὶ
1860 5580 1952 5635 τὸν

294 5673 513 5750 μόδιον,
544 5675 604 5737 ὃς
637 5673 1006 5749 έχρημάτισεν
1040 5671 1365 5747 ὡρολόγιον.

2070 1920 2396 1992 delphium,
2432 1922 2534 1978 ubi
2567 1921 2843 1992 parvulus
2875 1924 2947 1977 ab
2973 1922 3263 1994 Aquilone
3292 1922 3502 1977 visitur
3520 1939 3717 1992 arcus,

2070 2010 2390 2083 antiquitus
2436 2013 2949 2085 propugnaculum
3001 2012 3204 2082 fuisse,
3235 2017 3581 2084 portamque
3609 2018 3727 2068 ter-

2070 2103 2313 2155 restrem
2346 2100 2653 2172 antiquam
2685 2118 2719 2156 a
2747 2102 2891 2157 Caro
2922 2106 3307 2156 exstructam.
3329 2101 3449 2157 Hoc
3472 2101 3726 2173 igiturin

2068 2187 2193 2243 loco
2218 2189 2414 2244 stabat
2443 2190 2584 2245 olim
2616 2189 2723 2245 fori
2757 2193 2974 2257 statua,
3007 2206 3135 2261 qua
3163 2207 3338 2245 curru
3373 2190 3509 2246 inde
3537 2190 3729 2247 fuerat

2069 2281 2391 2347 exportata.
2427 2278 2501 2334 Ut
2527 2284 2723 2334 autem
2756 2278 3047 2334 Hmsitans
3079 2280 3280 2349 tradit,
3326 2296 3359 2334 a
3408 2284 3727 2351 Magnaura

2070 2364 2264 2419 delata
2295 2366 2404 2420 fuit
2434 2370 2629 2421 statua
2671 2367 2726 2420 in
2764 2367 2908 2421 Foro
2959 2366 3172 2438 posita,
3206 2383 3333 2439 qua:
3365 2365 3568 2422 multis
3600 2366 3726 2422 lau-

2070 2452 2245 2509 dibus
2291 2455 2600 2523 celebrata,
2635 2460 2698 2510 ut
2747 2455 2981 2511 fortuna
3028 2456 3194 2511 urbis
3242 2456 3600 2511 adorabatur
3652 2457 3725 2511 ab

2071 2541 2370 2607 omnibus,
2423 2542 2708 2598 columna
2760 2542 3057 2614 imposita,
3093 2544 3395 2598 sacerdote
3443 2546 3726 2614 praesente

2070 2645 2204 2683 cum
2236 2629 2668 2701 supplicatione
2712 2635 2769 2685 et
2800 2631 3019 2686 centies
3051 2630 3363 2700 clamante,
3396 2632 3563 2701 Kyrie
3590 2631 3725 2685 elei-

2068 2732 2187 2783 εοη,
2221 2734 2286 2772 ac
2317 2734 2497 2790 supra
2542 2718 2871 2790 capitulum
2902 2718 3033 2790 ejus
3063 2718 3347 2774 columnae
3378 2718 3727 2774 admiranda

2070 2806 2335 2877 quaedam
2389 2812 2446 2861 et
2494 2809 2786 2879 stupenda
2835 2808 2992 2864 edita
3042 2808 3299 2872 fuerunt,
3350 2805 3725 2879 solemneque

2071 2890 2284 2950 festum
2316 2900 2468 2951 totos
2517 2897 2911 2969 quadraginta
2959 2898 3085 2953 dies
3135 2900 3331 2951 actum
3381 2897 3513 2964 fuit,
3547 2902 3723 2968 atque

2070 2983 2196 3054 ipse
2225 2984 2546 3055 imperator
2575 2986 2871 3057 copiosam
2921 3002 3213 3041 annonam
3246 2985 3569 3041 distribuit.
3603 2986 3724 3041 Ca3-

2069 3077 2259 3126 terum
2292 3072 2574 3143 postridie
2604 3073 2834 3129 Natalia
2864 3074 3029 3129 urbis
3060 3073 3350 3130 celebrata
3379 3080 3540 3141 sunt,
3566 3090 3725 3147 mag-

2070 3160 2249 3231 nique
2278 3161 2578 3218 Circenses
2609 3164 2745 3226 acti.
2778 3180 2844 3219 ac
2877 3164 3017 3219 urbs
3047 3179 3114 3219 eo
3146 3163 3274 3235 ipso
3305 3163 3399 3219 die
3430 3163 3722 3235 appellata

2071 3251 2181 3306 fuit
2209 3252 2774 3323 Constantinopolis.

2068 3359 2141 3413 De
2167 3374 2325 3431 cruce
2355 3361 2411 3413 in
2445 3358 2846 3431 Philadelphia
2874 3361 3165 3426 collocata,
3199 3378 3264 3415 ac
3286 3361 3500 3417 duabus
3528 3364 3725 3417 statuis

2206 3430 2454 3499 ﬁliorum
2485 3430 2828 3487 Constantini
2856 3433 2924 3487 Ill.
2956 3431 3159 3487 throno
3194 3433 3578 3487 insidentibus.

2138 3606 2380 3662 Crucem
2413 3624 2554 3663 auro
2585 3608 2895 3664 obductam
2948 3609 3199 3679 gemmis
3240 3608 3518 3680 vitrisque
3546 3626 3725 3665 orna-

2068 3701 2211 3765 tam,
2245 3713 2372 3767 quaa
2421 3697 2479 3751 in
2537 3694 2942 3768 Philadelphia
2992 3697 3253 3753 cernitur
3279 3697 3567 3754 columnae
3604 3699 3721 3754 im-

2070 3787 2278 3859 posita,
2347 3786 2767 3843 Constantinus
2825 3786 3075 3859 Magnus
3142 3787 3342 3859 erexit,
3402 3789 3472 3844 ad
3533 3789 3725 3845 crucis

2068 3892 2245 3947 quam
2277 3874 2336 3930 in
2368 3876 2511 3931 caelo
2543 3875 2770 3931 viderat
2796 3881 2854 3932 et
2886 3875 3175 3932 columna
3208 3876 3369 3933 illius
3401 3878 3723 3950 porphyre-

2068 3968 2195 4021 ticaa
2250 3967 2519 4021 formam.
2578 3969 2814 4021 Statuas
2871 3968 3091 4039 pariter
3145 3966 3287 4022 ﬁliis
3343 3968 3470 4022 suis
3523 3968 3726 4038 posuit

2067 4055 2276 4110 throno
2324 4053 2692 4111 insidentes:
2727 4056 2865 4110 item
2918 4056 3255 4112 columnam
3312 4054 3472 4110 illam
3530 4055 3724 4111 hiero-

2069 4143 2357 4216 glyphicis
2418 4143 2573 4198 notis
2632 4144 3034 4216 Romanisque
3092 4143 3301 4199 litteris
3354 4143 3728 4215 inscriptam,

2068 4250 2194 4305 quas
2225 4248 2420 4287 rerum
2445 4232 2765 4287 novissima
2796 4232 3094 4299 exhibent,
3115 4232 3409 4287 excitavit.
3435 4233 3723 4288 Caeterum

2069 4336 2098 4375 e
2133 4319 2367 4390 regione
2400 4318 2656 4373 ﬁliorum
2688 4319 3055 4375 Constantini
3088 4318 3297 4388 Magni.
3332 4319 3433 4390 qui
3472 4320 3528 4373 in
3562 4319 3723 4374 thro-

2067 4410 2159 4464 nis
2201 4408 2425 4477 sedent,
2460 4409 2697 4463 stabant
2749 4414 2952 4464 statuae
2995 4425 3192 4464 eorum
3244 4409 3343 4480 qui
3377 4425 3441 4464 se
3471 4408 3719 4464 invicem

2067 4496 2524 4569 amplectuntur.

2745 4609 2817 4662 De
2848 4607 3039 4663 Medio.

2136 4695 2397 4751 Medium
2431 4696 2582 4766 quod
2615 4699 2848 4763 vocant,
2886 4694 3257 4768 horologium
3291 4702 3434 4766 erat,
3466 4697 3552 4753 vel
3585 4716 3722 4753 exa-

2066 4801 2197 4840 men
2231 4784 2410 4839 modii
2456 4783 2809 4839 collocatum
2862 4801 3043 4856 supra
3086 4787 3593 4843 Amastrianorum
3627 4805 3723 4842 ar-

2066 4872 2402 4942 cum,inter
2433 4873 2580 4928 duas
2630 4889 2844 4928 manus
2889 4889 2921 4927 a
2952 4873 3360 4931 Valentiniano
3414 4879 3720 4932 construc-

2064 4966 2235 5027 tum;
2284 4976 2463 5031 quare
2505 4960 2642 5015 huic
2694 4961 3027 5033 proximum
3080 4968 3171 5019 est
3200 4964 3432 5033 signum
3486 4963 3718 5021 Lamias.

2066 5050 2221 5105 Infra
2252 5055 2442 5103 autem
2469 5050 2525 5103 in
2549 5048 2844 5105 volumine
2867 5068 3150 5107 manuum
3176 5052 3433 5107 historiae
3459 5053 3721 5123 incripta

2066 5142 2225 5201 sunt,
2258 5155 2402 5208 quas
2437 5137 2591 5193 facili
2618 5139 2846 5211 negotio
2869 5140 3038 5212 periti
3072 5142 3412 5211 percipient.
3438 5140 3720 5195 Caeterum

2066 5226 2193 5299 lege
2225 5225 2516 5281 sancitum
2560 5227 2695 5291 fuit,
2730 5232 2792 5283 ut
2832 5228 3064 5283 modius
3114 5228 3411 5283 cumulate
3444 5228 3721 5283 vendere-

2067 5320 2182 5369 tur.
2220 5315 2505 5369 Mercator
2536 5330 2666 5371 vero
2698 5317 2939 5388 quidam
2992 5322 3194 5371 contra
3228 5316 3486 5371 edictum
3523 5317 3593 5371 ad
3630 5332 3723 5371 re-

2065 5403 2267 5476 gulam
2319 5402 2494 5459 alicui
2552 5406 2837 5461 vendidit.
2890 5406 3048 5469 Quod
3105 5406 3202 5460 ubi
3262 5406 3586 5480 imperator
3634 5423 3722 5462 re-

2065 5492 2253 5559 scivit,
2315 5508 2525 5548 manus
2582 5492 2667 5548 illi
2728 5494 3021 5563 amputari
3074 5495 3278 5567 jussit,
3332 5514 3545 5571 easque
3604 5515 3723 5554 una

2065 5579 2296 5653 publice
2328 5581 2470 5654 erigi
2504 5582 2729 5638 curavit
2759 5596 2891 5637 cum
2950 5582 3167 5652 modio,
3200 5587 3299 5660 qui
3334 5591 3453 5641 erat
3486 5586 3719 5643 horolo-

2062 5686 2255 5742 gium.
