4060 6214
383 251 533 312 1219

819 381 893 436 De
921 381 1119 438 eodem
1149 381 1321 436 Modio
1349 381 1583 436 clarius.

448 469 702 526 Manaim
737 470 1045 542 prefectus
1077 470 1335 525 militum
1368 486 1503 524 cum
1551 468 1796 540 Scythas
1839 466 2032 522 debel-

379 559 580 627 lasset,
615 563 874 616 statuam
925 559 1139 614 meruit
1190 560 1258 614 ad
1306 558 1675 630 horologium
1709 562 1774 612 ut
1805 561 2034 623 vocant,

381 649 482 704 ubi
527 647 814 704 columnae
862 653 1042 714 stant,
1089 653 1147 702 et
1196 664 1366 702 arcus
1415 652 1538 702 erat
1590 653 1723 702 ante
1769 647 2032 711 domum,

383 758 511 814 quae
569 746 950 812 nuncupatur
1000 740 1217 796 Crateri
1255 757 1266 794 :
1304 739 1518 794 Ibidem
1569 743 1757 794 exstat
1806 738 2032 792 Modius

382 846 580 886 aeneus
607 846 707 886 seu
741 829 1109 902 horologium
1142 844 1207 884 ac
1256 830 1382 884 dua:
1418 846 1628 884 manus
1660 845 1816 883 aereae
1850 827 2031 883 hastae

375 919 585 976 inﬁxae.
623 925 816 990 Neque
847 917 957 974 hoc
989 917 1220 974 silentio
1270 919 1740 990 praetereundum
1770 920 1876 985 est,
1911 916 2034 971 Mo-

377 1009 541 1065 dium
573 1010 684 1064 sub
713 1008 1124 1064 Valentiniano
1147 1012 1437 1064 statutum
1468 1008 1680 1077 fuisse;
1703 1013 1844 1064 tunc
1875 1007 2031 1063 enim

376 1099 636 1171 primum
697 1097 880 1154 modii
957 1113 1102 1154 usus
1185 1097 1850 1171 Constantinopolitauis
1906 1111 2035 1152 esse

372 1187 566 1260 coepit.
598 1191 788 1259 Atque
818 1187 948 1244 ideo
980 1203 1115 1243 cum
1147 1188 1376 1260 argenti
1408 1188 1665 1260 pretium
1700 1186 2035 1244 constituis-

368 1280 476 1349 set,
509 1281 856 1350 argenteum
885 1278 973 1347 [ab
1007 1278 1173 1334 initio
1221 1277 1512 1334 numisma
1542 1293 1890 1350 percussum
1923 1280 2031 1347 est,

369 1371 436 1422 ut
464 1367 775 1439 perspicue
831 1367 1089 1424 declarat
1137 1368 1561 1424 Theodoretus.
1595 1367 1874 1424 Caeterum
1909 1383 2032 1421 ma-

369 1473 481 1512 nus
514 1473 672 1512 areae
704 1455 922 1513 idcirco
955 1461 1093 1512 tunc
1148 1474 1328 1529 supra
1379 1457 1640 1512 modium
1674 1459 1874 1529 positae
1909 1456 2030 1510 fue-

367 1563 453 1617 re,
483 1546 640 1617 quod
672 1563 806 1601 cum
851 1545 1170 1618 imperator
1198 1546 1324 1618 lege
1357 1547 1669 1614 sanxisset,
1706 1550 1770 1602 ut
1800 1543 2031 1600 modius

366 1634 648 1690 frumenti
680 1634 979 1690 cumulate
1029 1635 1400 1706 venderetur,
1433 1650 1623 1705 neque
1667 1632 1873 1689 edictis
1905 1631 2029 1687 suis

1348 249 1750 310 APPENDIX
1791 248 1894 308 AD
1939 248 2400 338 MICHAELEM
2444 203 2836 314 PSELlLUM.

2066 385 2115 447 Α

3647 255 3676 315 1
3686 255 3800 314 220

2557 379 2686 454 Περὶ
2717 377 2813 434 τοῦ
2843 381 3011 436 αὐτοῦ
3040 385 3382 461 σαφέστερον.

2218 468 2441 542 Μαναῖ’μ
2489 470 2792 544 στρατηγὸς
2841 472 2975 543 μετὰ
3017 472 3079 526 τὸ
3129 477 3342 542 νικῆσαι
3405 475 3614 539 Σκύθας
3669 476 3802 529 κατὰ

2145 556 2364 629 κράτος,
2398 555 2574 634 στήλῃ
2633 559 2842 628 ἠξιώθη
2896 563 3196 633 τιμηθῆναι
3254 562 3305 616 ἐν
3352 569 3429 636 τῷ
3471 563 3799 636 καλουμένῳ

2145 647 2359 720 Ὠρείῳ.
2411 649 2574 711 Ἔνθα
2622 646 2864 703 ’ίστανται
2923 650 3098 712 κίονες
3156 653 3241 706 καὶ
3319 653 3444 727 ἁψὶς
3517 655 3582 721 ἦν
3663 656 3800 729 πρὸς

2142 735 2234 789 τὸν
2296 736 2442 791 οἶκον
2495 737 2586 792 τὸν
2650 734 2941 813 λεγόμενον
3016 743 3291 817 Κρατεροῦ
3325 760 3336 771 ·

2142 821 2232 875 καὶ
2263 822 2290 876 ὁ
2323 822 2534 898 χαλκὸς
2568 822 2799 897 Μόδιος,
2832 827 2923 880 καὶ
2961 827 3023 880 τὸ
3070 833 3298 903 Ὡρεῖον,
3325 829 3414 883 καὶ
3468 828 3564 884 δύο
3610 837 3797 906 χεῖρες

2142 917 2352 987 χαΛκαῖ
2405 912 2489 967 ἐπὶ
2551 914 2800 971 ἀκόντου.
2833 917 2936 971 Τὸν
2995 914 3050 970 δὲ
3101 915 3309 974 Μόδιον
3372 917 3487 974 δὲον
3547 919 3656 975 ἐστὶ
3718 924 3797 992 μή

2141 999 2516 1076 παραδραμεῖν
2549 1005 2721 1077 ἡμᾶς,
2751 1005 2832 1059 ὅτι
2884 1003 2972 1060 ἐπὶ
3020 1004 3467 1063 Οὐαλεντινιανοῦ
3520 1007 3798 1078 ἐτυπώθη.

2141 1090 2278 1147 Τότε
2327 1093 2426 1168 γὰρ
2485 1091 2575 1146 καὶ
2634 1093 2882 1169 ἀρχηγὸν
2942 1092 3155 1152 Μοδίου
3201 1101 3311 1152 τῶν
3359 1096 3410 1152 ἐν
3463 1105 3801 1154 Κωνσταντι-

2141 1179 2401 1237 νουπόλιι
2450 1182 2744 1238 οἰκούντων
2800 1184 3166 1261 ἀνηρευνήθη.
3217 1187 3316 1242 Διὸ.
3361 1191 3521 1243 τοῦτο
3561 1193 3660 1243 τοῦ
3708 1190 3801 1264 ἀρ-

2142 1275 2311 1344 γυροῦ
2366 1271 2736 1345 τυπώσαντες,
2795 1271 3026 1350 ἄργυρος
3087 1273 3143 1330 δὲ
3215 1275 3467 1348 ἐτυπώθη
3539 1278 3800 1354 ἀπαρχήν

2141 1359 2202 1412 τὸ
2231 1353 2497 1433 νόμισμα.
2529 1365 2708 1416 Τοῦτο
2741 1359 2798 1416 δὲ
2825 1363 2916 1418 καὶ
2967 1360 3320 1439 Θεοδώρητος
3369 1364 3618 1445 διασαφεῖ
3663 1353 3798 1441 1p:-

2141 1447 2382 1524 νότερον.
2434 1451 2502 1506 Αἱ
2554 1447 2610 1505 δὲ
2657 1450 2867 1526 χαλκαῖ
2910 1459 3093 1529 χεῖρες
3136 1451 3317 1509 ἔκτοτε
3379 1455 3578 1511 ἄνωθεν
3621 1476 3797 1532 προσ-

2143 1538 2496 1607 ετυπώθησαν
2531 1558 2544 1571 ⁶
2595 1543 2696 1593 τοῦ
2758 1539 3027 1616 βασιλέως
3084 1544 3145 1598 τὸ
3214 1543 3526 1617 κοόμουλον
3585 1543 3797 1602 Μόδιον

3399 741 3518 797 ἔνθα
3581 742 3797 797 ’ἵσταται

2139 1629 2625 1701 νομοθετήσαντος,
2660 1631 2749 1684 καὶ
2803 1638 2878 1704 μὴ
2927 1631 3166 1707 ἀντερεῖν
3207 1639 3322 1697 τοῖς
3377 1634 3542 1688 αὐτοῦ
3599 1635 3797 1709 νόμοις

367 1723 651 1780 obsistere
695 1739 1059 1796 quemquam
1112 1723 1304 1792 vellet,
1339 1724 1603 1795 quidam,
1637 1722 1851 1796 spretis
1881 1721 2019 1793 legi-

2140 1717 2575 1792 προστάξαντος,
2637 1721 2716 1781 εἷς
2777 1722 2839 1775 ἐκ
2896 1721 3104 1776 τούτων
3165 1720 3408 1798 παριδὼν
3464 1726 3564 1792 τήν
3623 1726 3797 1799 πρόσ-

363 1812 498 1880 bus,
531 1828 666 1868 cum
699 1813 771 1869 ad
803 1813 1064 1884 regulam
1095 1813 1481 1882 vendidisset,
1515 1829 1729 1868 manus
1753 1810 2026 1884 perdidit.

360 1901 525 1958 Unde
557 1919 767 1958 manus
815 1901 926 1956 illa:
970 1907 1232 1975 utrasque
1280 1908 1400 1958 tam
1433 1901 1815 1958 vendentium
1850 1917 2028 1972 quam

365 1991 688 2047 ementium
735 1992 1048 2048 eﬁ‘ormataa
1100 1997 1260 2062 sunt,
1312 1996 1376 2048 ut
1403 1991 1718 2047 cumulatis
1749 1991 2023 2047 frumenti

365 2080 582 2137 modiis
638 2085 962 2138 uterentur.
1013 2082 1234 2138 Ibidem
1287 2099 1466 2155 snpra
1516 2099 1717 2137 arcum
1760 2081 2024 2151 ejusdem

363 2169 759 2226 Valentiniani
794 2174 993 2226 statua
1022 2171 1390 2243 erigebatur,
1424 2188 1666 2228 examen
1687 2170 1758 2237 in
1790 2171 2025 2225 dextera

358 2262 590 2315 tenens.
622 2260 708 2315 Ad
746 2264 974 2332 pactam
996 2277 1128 2316 vero
1154 2259 1460 2332 pecuniam
1493 2261 1832 2317 solvendam
1867 2258 2023 2315 abla-

357 2353 420 2405 ta
452 2353 559 2420 est,
593 2349 733 2420 quia
764 2354 1038 2422 argentea
1068 2353 1212 2404 erat.

950 2459 1026 2512 De
1053 2457 1421 2514 Amastriano.

434 2547 496 2608 In
529 2545 638 2602 hoc
670 2545 794 2602 loco
841 2548 1212 2602 Amastriano
1263 2548 1418 2601 dicto
1450 2546 1652 2618 positae
1697 2552 2020 2602 cernuntur

359 2632 504 2690 solis
531 2635 588 2688 in
622 2651 797 2689 curru
849 2650 1200 2701 marmoreo,
1234 2639 1290 2690 et
1323 2633 1584 2690 Herculis
1616 2634 2016 2692 recumbentis

357 2726 569 2780 statua:
604 2740 617 2778 :
652 2723 791 2779 item
825 2724 1155 2780 testudines
1185 2740 1318 2778 cum
1354 2723 1577 2791 avibus,
1612 2724 2016 2795 draconesque

358 2810 720 2883 quindecim,
753 2816 810 2866 et
839 2815 1034 2867 statua
1083 2828 1414 2867 marmorea
1445 2811 1669 2867 domini
1701 2811 2012 2884 cujusdam

359 2917 429 2956 ex
457 2901 858 2976 Paphlagonia
904 2903 1166 2972 advecta,
1216 2908 1390 2975 atque
1422 2902 1603 2959 altera
1633 2907 1832 2959 statua
1862 2903 2014 2958 servi

356 3005 425 3046 ex
453 2993 826 3050 Amastriana
874 2992 1109 3064 regione
1157 2992 1412 3064 oriundi,
1465 2993 1634 3048 urina
1673 2996 1730 3047 et
1759 2997 2014 3048 stercore

357 3080 586 3138 obruta.
639 3086 920 3139 Ceterum
973 3088 1222 3154 utraque
1271 3086 1466 3138 statua
1515 3083 1718 3138 eodem
1776 3083 1836 3136 in
1883 3081 2009 3138 loco

352 3171 720 3228 daemonibus
749 3177 941 3229 erecta
988 3172 1118 3227 fuit.
1169 3171 1392 3228 Ibidem
1425 3171 1873 3228 columellarum
1919 3189 2010 3228 or-

351 3264 694 3318 namentum
794 3263 983 3318 forma
1073 3261 1479 3318 semirotunda
1553 3267 1812 3318 erectum
1901 3265 2010 3317 est.

351 3349 438 3404 Ibi
496 3349 653 3406 enim
709 3350 1006 3408 daemones
1085 3368 1368 3424 apparere
1427 3367 1581 3424 saepe
1641 3351 2012 3408 animadver-

349 3455 488 3495 sum
516 3442 628 3496 est.

1041 3534 1120 3587 De
1149 3531 1308 3586 Bove.

422 3621 485 3673 In
536 3619 662 3675 loco
711 3622 1049 3691 nuncupata
1101 3620 1250 3676 Bove
1289 3621 1585 3674 exstructa
1629 3621 1760 3674 erat
1810 3618 2014 3674 fornax

343 3707 601 3780 ingentis
643 3708 838 3778 molis,
891 3707 1098 3763 bubuli
1148 3708 1356 3780 capitis
1388 3708 1634 3780 ﬁguram
1683 3723 1918 3778 gerens,
1953 3707 2010 3761 in

343 3813 462 3866 qua
490 3801 548 3851 et
578 3795 825 3852 maleﬁci
859 3797 1149 3868 supplicio
1192 3797 1640 3863 efﬁciebantur;
1694 3795 1795 3851 ubi
1830 3796 2010 3851 etiam

340 3883 617 3940 Julianus
661 3883 873 3940 multos
923 3887 1115 3957 specie
1165 3886 1460 3940 variorum
1512 3885 1804 3940 scelerum
1853 3900 2010 3940 com-

344 3971 554 4028 bussit.
582 3973 1058 4044 Repraesentabat
1087 3979 1284 4029 autem
1317 3973 1416 4028 illa
1449 3974 1652 4028 fornax
1687 3974 1852 4030 bovis
1871 3974 2012 4044 ﬁgu-

347 4078 497 4128 ram,
549 4066 789 4134 eratque
841 4062 1099 4118 maxima
1143 4062 1316 4130 visu;
1369 4063 1439 4117 ad
1495 4063 1668 4134 cujus
1714 4062 2013 4135 exemplar

347 4151 560 4210 similis
591 4154 695 4210 bos
737 4154 795 4208 in
845 4153 1051 4210 Neorio
1095 4158 1429 4212 exstructus
1477 4158 1584 4210 est.
1637 4155 1870 4226 Integra
1903 4172 2011 4210 au-

347 4246 466 4299 tem
501 4243 702 4299 fornax
745 4244 1076 4316 permansit
1128 4261 1316 4316 usque
1345 4245 1415 4299 ad
1460 4243 1733 4299 Phocam.
1767 4245 1850 4300 Ab
1892 4244 2004 4298 He-

347 4332 527 4388 raclio
559 4350 729 4404 porro
781 4335 840 4389 in
893 4334 1036 4391 foles
1083 4335 1334 4391 conflata
1380 4338 1488 4390 est.
1546 4338 1608 4390 In
1638 4335 1843 4390 eodem
1879 4333 2011 4388 loco

345 4437 515 4476 areus
547 4423 722 4477 erecti
753 4428 940 4492 erant,
984 4423 1210 4479 similes
1261 4423 1400 4490 illis,
1435 4424 1534 4496 qui
1567 4423 1627 4477 in
1674 4422 2011 4494 Xerolopbo

2136 1810 2306 1879 ταξιν,
2356 1808 2445 1862 καὶ
2507 1806 2698 1883 ῥίγλον
2758 1809 3044 1882 πωλήσας,
3095 1813 3192 1874 τὰς
3233 1819 3422 1889 χεῖρας
3477 1813 3797 1869 ἀπώλεσεν·

2139 1896 2258 1960 ὅθεν
2316 1898 2405 1951 καὶ
2467 1897 2818 1969 ἐτυπώθησαν
2879 1902 2934 1954 αἱ
2989 1907 3171 1978 χεῖρες
3228 1908 3343 1964 τοῖς
3421 1898 3796 1976 λαμϐάνουσι,

2135 1986 2225 2040 καὶ
2281 1993 2398 2048 τοῖς
2460 1984 2699 2042 διδοῦσιν
2756 1989 3080 2064 ἀμφότεραι,
3119 1993 3251 2064 μετὰ
3305 1997 3416 2046 τῶν
3468 1993 3792 2068 σιτηρεσίων

2135 2075 2421 2148 κοόμουλα
2481 2073 2720 2131 δίδοσθαι
2781 2079 2846 2132 τὰ
2906 2077 3088 2152 μόδια.
3136 2083 3302 2137 Ἔνθα
3354 2083 3443 2136 καὶ
3502 2085 3536 2152 ἡ
3596 2083 3799 2138 τούτου

2135 2163 2310 2235 στήλη
2357 2163 2547 2220 τίιττατο
2602 2165 2678 2228 εἷς
2731 2168 2832 2235 τήν
2888 2167 3075 2243 ἀψίδα,
3127 2165 3323 2244 ἔξαιμον
3387 2171 3439 2226 ἐν
3507 2176 3577 2246 τῇ
3649 2170 3799 2243 δεξιᾷ

2132 2253 2279 2329 χειρῖ
2332 2255 2657 2330 κατέχουσα.
2715 2257 2965 2334 Ἡρπάγη
3032 2257 3091 2313 δὲ
3150 2259 3228 2322 εἷς
3304 2263 3507 2316 πάκτον
3575 2259 3668 2316 διὰ
3730 2263 3795 2316 τὸ

2131 2343 2364 2419 ἀργυρᾶν
2395 2345 2708 2420 τυγχάνειν.

2592 2453 2721 2529 Περῖ
2751 2458 2846 2508 τοῦ
2877 2455 3299 2531 Ἀμαστριανοῦ.

2197 2543 2286 2598 Ἐν
2335 2545 2415 2613 τῷ
2465 2540 2619 2614 τόπῳ
2666 2546 2762 2596 τοῦ
2795 2544 3221 2620 Ἀμαστριανοῦ,
3253 2544 3414 2616 ἥλιος
3462 2545 3679 2602 ’ίσταται
3737 2548 3788 2603 ἐν

2129 2631 2302 2704 αὐτῷ,
2385 2629 2465 2709 ἐφ’
2551 2632 2794 2706 ἅρματος
2885 2634 3232 2711 μαρμαρίνου
3309 2634 3640 2707 στηλωθείς,
3701 2639 3790 2692 καὶ

2125 2717 2403 2795 Ἡρακλῆς
2433 2720 2802 2794 ἀνακείμενος,
2840 2723 2930 2776 καὶ
2960 2723 3203 2799 χελῶναι
3235 2724 3403 2780 ἐκεῖσε
3457 2727 3592 2799 μετὰ
3642 2727 3789 2803 ὀρνί-

2124 2809 2252 2880 θων,
2284 2810 2373 2862 καὶ
2423 2806 2706 2885 δράκαιναι
2743 2817 2820 2881 ια’,
2869 2811 2958 2865 καὶ
3007 2812 3346 2888 μαρμάρινος
3399 2814 3574 2885 στήλη
3626 2816 3780 2870 ἰστα-

2127 2895 2286 2970 μένη,
2343 2899 2568 2973 ἀχθεῖσα
2625 2898 2732 2953 ἀπὸ
2793 2901 2984 2976 χώρας
3061 2901 3447 2979 Παφλαγονίας
3515 2901 3781 2958 δεσπότου

2121 2987 2290 3056 τινὸς,
2348 2987 2435 3040 καὶ
2490 2989 2646 3063 ὶυέρα
2691 2988 3019 3064 κεχωσμὲνη
3074 2990 3124 3046 ἰν
3165 2993 3236 3063 τῇ
3282 2991 3493 3066 κόπρῳ,
3523 2994 3613 3046 καὶ
3670 3000 3789 3054 τοῖς

2126 3074 2333 3152 οὔροις,
2366 3073 2566 3131 δούλου
2621 3081 2717 3132 τοῦ
2774 3077 2832 3132 ἐκ
2884 3079 3073 3153 χώρας
3130 3079 3512 3157 Ἀμάστριδος.
3577 3083 3784 3137 Ἐκεῖσε

2127 3163 2185 3220 δὲ
2216 3165 2267 3220 ἐν
2301 3164 2447 3236 αὐτῷ
2494 3167 2572 3238 τῷ
2621 3166 2773 3240 τόπῳ
2812 3166 3064 3239 ἐτυπώθη
3125 3175 3242 3232 τοῖς
3298 3167 3545 3243 δαίμοσιν
3607 3171 3789 3246 ἀμφό-

2120 3276 2268 3332 τερα.
2338 3255 2445 3312 Καὶ
2504 3255 2858 3328 ἀνιστηλώθη
2925 3257 3121 3313 ἐκεῖθεν
3203 3259 3294 3313 καὶ
3378 3257 3787 3333 καλλωπισμὸς

2123 3345 2345 3399 κιονίων
2415 3344 2815 3420 σιγματοειδῶς
2881 3348 3298 3423 ἀνεγερθὲντων.
3360 3349 3640 3424 Ἐγένοντο
3729 3348 3788 3405 δὲ

2123 3433 2295 3489 ἐκεῖσε
2326 3431 2601 3508 δαιμόνων
2637 3435 2938 3491 ἐπιστασίαι
2970 3435 3206 3494 πολλαί.

2723 3525 2855 3602 Περῖ
2884 3531 2981 3581 τοῦ
3011 3527 3169 3589 Βοός.

2196 3613 2287 3676 Εἰς
2321 3610 2378 3668 δὶ
2405 3615 2497 3668 τὸν
2527 3613 2866 3687 καλούμενον
2926 3619 3066 3671 Βοῦν
3105 3615 3335 3688 κάμινος
3380 3618 3448 3686 ἦν
3495 3619 3785 3694 παμμεγὲ-

2123 3705 2222 3772 θης
2282 3702 2594 3776 ἆκτισμὲνη,
2655 3704 2786 3780 βοὸς
2845 3701 3050 3779 ἔχουσα
3098 3705 3364 3783 κεφαλὴν,
3399 3706 3522 3770 ἔνθα
3573 3707 3663 3761 καὶ
3728 3709 3787 3760 οἱ

2124 3798 2422 3868 κακοῦργοι
2474 3792 2882 3869 ἐτιμωροῦντο,
2935 3793 3072 3849 ὅπου
3148 3797 3236 3850 καὶ
3288 3790 3589 3858 Ἰουλιανὸς
3644 3817 3788 3872 προ-

2125 3883 2279 3960 φάσει
2334 3879 2637 3937 καταδίκων
2692 3881 2940 3946 πολλοὺς
2997 3883 3048 3938 ἂν
3103 3885 3251 3957 αὖτῷ
3306 3886 3646 3942 κατέκαυσεν.
3681 3888 3788 3942 Ἦν

2124 3968 2182 4025 δὲ
2235 3974 2269 4040 ἡ
2320 3972 2550 4044 κάμινος
2614 3972 2741 4047 βοὸς
2792 3971 2963 4036 τόπος
3016 3976 3532 4050 παμμεγεθεστάτου
3583 3976 3791 4047 θεάμαι

2120 4081 2236 4128 τος,
2272 4061 2332 4114 οῦ
2389 4059 2526 4115 κατᾶ
2579 4060 2813 4133 μίμησιν
2869 4062 2959 4116 καὶ
2994 4061 3044 4116 ἰν
3077 4067 3155 4134 τῷ
3187 4063 3417 4138 Νεωρίῳ
3473 4064 3605 4138 βοῦς
3661 4063 3790 4118 ἐτυ-

2124 4150 2308 4220 πώθη.
2341 4151 2438 4206 Ἠν
2475 4146 2531 4204 δὲ
2560 4152 2594 4220 ἡ
2655 4151 2888 4223 κάμινος
2937 4148 3041 4212 ἕως
3095 4156 3284 4208 Φωκᾶ.
3316 4153 3442 4207 Ὑπὸ
3502 4149 3560 4206 δὲ
3611 4154 3790 4227 Ἦρα-

2125 4237 2313 4294 κλείου
2366 4237 2644 4314 ἐχωνεόθη
2708 4235 2862 4315 λόγῳ
2941 4239 3176 4318 φόΛεων.
3239 4243 3324 4298 Ἑν
3385 4241 3532 4313 αὐτῷ
3593 4239 3650 4296 δὲ
3706 4247 3794 4313 τῷ

2123 4328 2279 4400 τόπῳ
2309 4325 2496 4402 ἀψίδες
2529 4327 2719 4401 ὅμοιαι
2747 4333 2827 4402 τῷ
2857 4330 3195 4408 Ξηρολόφῳ,
3226 4327 3450 4406 ἔχουσαι
3492 4329 3792 4405 ἀγάλματα

2124 4415 2330 4490 πολλὰ,
2362 4417 2452 4470 καὶ
2479 4417 2722 4493 ἱστορίας
2751 4417 2983 4481 λιθίνας.
3015 4420 3084 4476 Οἱ
3117 4417 3171 4475 δὶ
3202 4417 3555 4495 διερχόμενοι
3613 4421 3792 4494 εὑρή-

348 4512 712 4580 spectantur,
745 4515 804 4566 et
833 4487 1133 4568 continent
1181 4487 1496 4568 simulacra
1523 4516 1579 4568 et
1611 4487 2010 4568 historias-la-

2140 4487 2442 4562 νουσιν-οὐκ
2471 4487 2658 4582 ὀλίγα.

348 4597 586 4668 pidibus
616 4598 963 4671 insculptas.
997 4602 1102 4667 Qui
1137 4619 1269 4658 vero
1316 4601 1505 4658 istbac
1535 4601 2013 4678 pertransibunt,

349 4702 465 4742 non
499 4703 687 4760 pauca
713 4689 1028 4760 reperient.

936 4779 1011 4834 De
1038 4780 1196 4834 Petri
1224 4783 1422 4835 tractu.

419 4866 482 4921 In
515 4865 669 4921 Petri
701 4869 888 4922 tractu
942 4869 1154 4924 domus
1203 4873 1329 4925 erat
1369 4868 1521 4924 Petri
1572 4869 1802 4942 patricii
1835 4869 2014 4925 Justi-

348 4953 509 5010 niani
543 4954 737 5027 Magni
780 4960 1066 5028 tempore.
1111 4957 1212 5013 Ille
1261 4973 1394 5014 vero
1425 4957 1598 5015 etiam
1631 4957 1922 5030 templum
1957 4963 2014 5014 et

343 5044 745 5116 gerocomium
779 5045 1064 5102 condidit.

955 5140 1033 5191 De
1063 5136 1390 5192 Exocz‘om'o.

413 5224 617 5276 Statua
647 5221 706 5276 in
749 5223 1064 5280 Exocionio
1115 5240 1292 5295 super
1342 5222 1676 5279 columnam
1713 5222 2006 5295 exiguam,

345 5309 817 5379 Septentrionem
848 5329 1074 5384 versus,
1108 5317 1299 5368 erecta
1331 5312 1460 5382 fuit,
1487 5329 1612 5383 quae
1636 5314 2007 5375 Constantini

349 5397 454 5453 ﬁlii
488 5399 709 5468 Irenes,
739 5407 1130 5474 cognomento
1163 5401 1326 5470 Caci,
1359 5406 1503 5457 erat.

1024 5510 1094 5564 De
1123 5507 1338 5566 eodem.

419 5592 797 5654 Exocionium
849 5598 1140 5656 terrestris
1188 5613 1394 5656 murus
1443 5601 1588 5668 erat,
1641 5613 1813 5671 quem
1857 5600 2005 5664 Gon-

2752 4775 2882 4850 Ιῐερὶ
2921 4773 3146 4850 Πᾶτρου.

2194 4865 2277 4921 Τὰ
2335 4863 2539 4939 Πέτρου
2599 4864 2744 4926 οἶκος
2806 4864 2874 4932 ἦν
2941 4866 3147 4940 Πέτρου
3221 4864 3510 4941 πατρικίου
3559 4865 3611 4920 ἐν
3667 4871 3791 4929 τοῖς

2124 4952 2349 5029 χρόνοις
2407 4954 2788 5008 Ἰουστινιανοῦ
2852 4958 2948 5008 τοῦ
3026 4954 3325 5030 Μεγάλου·
3389 4955 3647 5031 ἀνήγειρε
3730 4954 3790 5010 δὲ

2121 5042 2211 5096 τόν
2243 5063 2300 5097 τε
2329 5043 2452 5097 ναὸν
2485 5042 2577 5097 καὶ
2603 5043 2665 5096 τὸ
2693 5048 3084 5118 γηροκομεῖον.

2541 5132 2671 5207 Περὶ
2702 5135 2808 5186 τῶν
2840 5135 2940 5186 τοῦ
2973 5133 3343 5203 Ἐξωκιονίου.

2189 5223 2250 5278 Ἣ
2306 5218 2362 5275 δὲ
2417 5219 2678 5294 ἱσταμένη
2741 5218 2919 5292 στήλη
2996 5221 3070 5284 εἰς
3143 5224 3206 5277 τὸ
3265 5221 3610 5292 Ἐξωκιόνιον
3693 5222 3786 5277 ἐπὶ

2127 5311 2378 5387 βραχέως
2434 5308 2640 5382 κίονος,
2698 5310 2837 5364 κατᾶ
2889 5310 2952 5364 τὸ
3021 5310 3241 5387 βόρῥιον
3303 5312 3490 5384 μέρος,
3556 5313 3785 5389 ὑπῆρχε

2123 5398 2526 5454 Κωνσταντίνου
2555 5403 2652 5454 τοῦ
2679 5397 2919 5478 Τυφλοῦ,
2952 5405 3048 5456 τοῦ
3080 5401 3200 5455 υἱοῦ
3229 5400 3492 5475 Εἰρήνης.

2697 5506 2827 5581 Περὶ
2857 5511 2954 5564 τοῦ
2987 5509 3175 5566 αὐτοῦ.

2187 5598 2258 5654 Τὸ
2291 5596 2347 5654 δὶ
2379 5598 2724 5673 Ἐξωκιόνιον
2768 5599 2833 5671 ἦν
2883 5604 3138 5675 χερσαῖον
3186 5604 3394 5674 τεῖχος,
3428 5595 3564 5674 ὅπερ
3630 5596 3778 5656 ἔκτι-
