3970 6218
260 302 411 363 1921

264 522 424 595 μέχρι
455 520 553 586 τῆς
602 516 879 592 βασιλείας
929 512 1217 569 Θεοδοσίου
1268 517 1365 567 τοῦ
1400 513 1632 584 Μικροῦ.
1668 512 1900 582 ’Έξωθεν

261 609 317 665 δί
352 608 533 663 ἵστατο
562 607 695 661 κίων
752 603 894 680 ἔχων
953 602 1162 674 στήλην
1210 606 1307 657 τοῦ
1358 601 1543 670 αὐτοῦ,
1590 600 1679 654 καὶ
1709 600 1905 654 τούτου

259 700 420 774 χάριν
455 698 668 771 Λέγεται
720 693 1070 763 Ἐξωκιόνον,
1122 690 1210 746 διὰ
1256 695 1350 745 τοῦ
1396 687 1497 761 ἔξω
1542 694 1638 744 τοῦ
1685 689 1905 764 τείχους

261 786 529 841 ἵστασθαι.
588 790 757 839 Ἦσαν
813 781 869 836 δὲ
908 781 1020 836 ἐκεῖ
1069 778 1267 849 στῆλαι
1312 776 1567 833 πολλαί·
1625 778 1908 850 συνέτριψε

260 874 315 930 δὲ
362 874 557 935 ταύτας
610 874 639 927 6
692 870 944 945 βασιλεὺς
996 868 1330 944 Μαυρίκιος,
1382 869 1503 923 Ὀτι
1556 866 1632 928 εἷς
1685 867 1911 929 τὰςνῦψ

262 963 570 1036 σωζομὲνας
600 960 783 1025 κίονας
826 960 1064 1013 ἵστανται
1120 960 1173 1013 αἱ
1228 958 1334 1013 ἀπὸ
1387 955 1621 1025 Κυζίκου
1654 953 1907 1011 ἐλθοῦσαι

262 1052 482 1123 στῆλαι.

764 1225 899 1303 Περὶ
927 1232 1024 1284 τοῦ
1054 1225 1415 1303 Ξηρολόφου.

336 1323 533 1392 Ἐντῷ
590 1318 932 1395 Ξηρολόφῳ,
986 1316 1178 1394 πρώην
1235 1315 1420 1390 Θέαμά
1460 1318 1601 1378 τινές
1660 1314 1913 1386 ἐκάλουν,

263 1409 316 1465 ὲν
378 1409 521 1480 αὖτῷ
576 1406 803 1484 κοχλίαι
866 1408 961 1474 ις’,
1028 1405 1118 1460 καὶ
1176 1405 1427 1466 σύνθετος
1478 1410 1765 1478 ’¹Αρτεμις,
1825 1404 1915 1458 καὶ

264 1498 418 1575 ἔτερα
474 1496 618 1552 ἄλλα
678 1497 755 1561 εἷς
811 1498 909 1557 τὰς
981 1492 1179 1569 ἀψίδας
1213 1516 1225 1529 ’
1306 1492 1535 1569 ἔσχατον
1591 1492 1648 1548 δὲ
1704 1492 1913 1563 ἐκλήθη

264 1588 447 1660 Φόρος
474 1584 847 1655 Θεοδοσιακὸς,
900 1586 988 1640 καὶ
1039 1588 1107 1654 ἦν
1161 1586 1329 1659 μέχρι
1378 1583 1785 1640 Κωνσταντίνου
1816 1589 1917 1639 τοῦ

268 1674 646 1752 Κοπρωνύμου
658 1718 670 1731 .

777 1853 881 1930 Ιερὶ
909 1856 1007 1908 τοῦ
1047 1850 1420 1927 Τετραπύλου.

344 1946 421 2001 Τὸ
453 1941 509 1999 δὶ
549 1942 847 2019 λέγόμενον
890 1939 1257 2017 Τέτράπυλον,
1311 1945 1533 2015 πρῶτον
1583 1937 1919 2016 Τετράόιλον

271 2032 517 2109 ἐλέγετο,
575 2032 708 2107 ὅπερ
762 2029 1041 2107 διήρκεσεν
1115 2027 1206 2101 ἔτη
1268 2030 1361 2105 ρξ’,
1424 2032 1592 2106 μέχρι
1650 2034 1917 2102 Ζήνωνος.

269 2124 373 2179 Ἦν
435 2120 492 2177 δὲ
547 2120 716 2176 ἐκεῖσε
774 2116 1146 2175 Κουϐούκλιον
1200 2118 1379 2174 ἐπάνω
1437 2116 1633 2175 κιόνων
1695 2121 1797 2175 ὑπὸ
1826 2123 1921 2174 τοῦ

270 2210 527 2287 Μεγάλου
583 2210 986 2265 Κωνσταντίνου
1046 2210 1279 2277 κτισθὲν,
1344 2211 1462 2264 καθ’
1511 2209 1777 2282 αμοίωσιν
1820 2217 1920 2279 τῆς

264 2301 513 2374 Ῥώμης.
571 2300 668 2354 Καὶ
726 2299 815 2354 ὅτε
873 2320 948 2361 εις
1002 2299 1265 2374 συγγενὴς
1328 2297 1619 2374 βασιλέως,
1671 2296 1706 2367 ἤ
1762 2299 1922 2361 αὐτὸς

272 2390 531 2457 ἀπέθανε,
583 2383 998 2465 παρελάμϐανεν
1068 2388 1101 2457 ἠ
1159 2388 1440 2464 Αὐγοῦστα
1484 2388 1574 2442 καὶ
1624 2388 1677 2442 οἱ
1727 2409 1918 2465 συγγε-

267 2482 381 2539 νεῖς
428 2482 524 2532 τοῦ
571 2481 861 2541 τεθνεῶτος
934 2475 1228 2552 βασιλέως,
1288 2497 1377 2531 και
1431 2475 1689 2551 ἐθρήνουν
1752 2476 1922 2531 ἐκεῖσε

267 2569 363 2622 τὸν
418 2566 784 2637 τελευήσαντα
834 2561 1030 2630 ἔσωθεν
1078 2570 1174 2620 τοῦ
1230 2560 1626 2638 Κουϐουκλίου,
1678 2565 1766 2619 καὶ
1819 2567 1920 2619 ἀπ-

270 2656 434 2711 ὲλυον
464 2656 530 2710 τὰ
564 2653 710 2731 βῆλα
739 2656 875 2731 πρὸς
918 2657 981 2709 τὸ
1034 2655 1108 2727 μὴ
1148 2654 1483 2730 είσέρχεσθαι
1528 2651 1563 2723 ἤ
1595 2653 1918 2709 κατωπτεύ-

270 2767 350 2800 ειν
404 2744 597 2806 αὐτούς
652 2765 792 2811 τινα,
846 2743 935 2799 καὶ
1006 2741 1246 2798 κατιδίαν
1319 2742 1612 2798 ἐκόπτοντο
1670 2743 1918 2820 οἲμωγας

273 2831 515 2911 σφοδρὰς
546 2833 635 2888 καὶ
682 2834 913 2908 Θρήνους
964 2832 1289 2905 ποιούμευοι
1340 2828 1443 2893 ἕως
1488 2832 1643 2907 ὡρῶν
1700 2832 1749 2903 ἐξ
1786 2854 1798 2866 ο
1833 2833 1921 2887 καὶ

273 2918 463 2978 ἔκτοτε
492 2917 797 2995 ἐλάμϐανον
832 2920 923 2977 τὸν
972 2921 1346 2997 ἀποιχόμενον
1384 2920 1549 2996 μέχρι
1581 2926 1687 2975 τῶν
1724 2922 1920 2997 Ἀγίων

274 3008 659 3081 ’Δποστόλων,
690 3012 775 3066 καὶ
810 3008 1063 3081 ἐκήδευον
1100 3010 1282 3067 αὐτόν.

349 3278 480 3353 Ηερὶ
511 3285 610 3349 τῆς
644 3277 938 3351 ίσταμένης
976 3278 1181 3348 πήκής
1210 3277 1284 3339 είς
1313 3276 1374 3331 τὸ
1408 3276 1605 3351 Σίγμα.

346 3369 411 3424 Ἥ
453 3364 509 3422 δέ
567 3368 832 3440 ἱσταμένη
892 3365 1068 3437 στήλη
1125 3366 1200 3429 εἷς
1248 3367 1309 3421 τὸ
1370 3367 1552 3441 Σίγμα
1609 3366 1696 3421 ἐπὶ
1746 3364 1927 3429 κίονος

279 3459 515 3533 ὑπάρχει
546 3453 836 3512 Θεοδοσίου
882 3460 980 3510 τοῦ
1025 3459 1259 3531 Μικροῢ,
1306 3459 1403 3509 τοῦ
1458 3456 1580 3509 υἱοῦ
1610 3454 1926 3531 ’Λρκαδίου,

274 3544 345 3615 ἦν
402 3545 650 3620 ἀνήγειρε
691 3542 1003 3622 Χρυσάφιος
1049 3542 1332 3619 εὐνοῦχος,
1385 3544 1412 3598 6
1460 3549 1707 3618 Τζουμᾶς
1750 3546 1777 3600 6
1824 3566 1928 3599 πα-

276 3632 723 3711 ρακοιμώμενος.

704 3739 831 3815 Περὶ
873 3742 969 3794 τοῦ
1003 3738 1190 3816 Ἀγίου
1218 3738 1512 3817 Στεφάνου.

352 3830 453 3884 Τὸν
488 3826 544 3884 δὲ
597 3832 787 3905 νΑγιον
850 3830 1143 3907 Στέφανον,
1198 3829 1288 3883 τὸν
1352 3825 1481 3885 ὄντα
1538 3829 1773 3898 πλησίον
1830 3834 1931 3885 τοῦ

282 3919 559 3995 Σίγματος
618 3920 644 3972 6
701 3918 869 3993 μέγας
930 3923 1327 3981 Κωνσταντῖνος
1387 3918 1693 3994 ἀνήγειρεν.
1752 3922 1808 3974 Ὀ
1876 3917 1933 3974 δὶ

281 4009 435 4063 Λέων
487 4008 514 4061 6
578 4008 831 4083 βασιλεὺς
908 4006 1130 4077 ἐποίησε
1199 4009 1413 4081 μικρὸν,
1485 4009 1576 4063 καὶ
1633 4010 1732 4077 τὴν
1792 4007 1929 4079 ὕλην

276 4104 453 4153 πᾶσαν
511 4101 618 4152 τῶν
672 4101 890 4173 χρυσῶν
969 4094 1202 4171 ἀψίδων,
1262 4095 1679 4153 πολυποικίλων
1743 4096 1931 4169 λίθων,

275 4188 370 4242 καὶ
430 4184 615 4249 κίονας
662 4185 886 4250 ἀπέθετο
946 4186 1022 4249 είς
1076 4186 1206 4248 τοὺς
1264 4173 1486 4261 Ἀγίους
1544 4186 1935 4257 Ἀποστόλους,

276 4277 369 4331 καὶ
429 4276 556 4330 ναὸν
616 4276 865 4350 ἀνήγειρε
943 4274 1069 4338 τοὺς
1154 4274 1365 4351 Ἀγίους
1439 4277 1667 4339 Ηάντας.
1727 4278 1935 4335 Ἐκεῖσε

278 4364 341 4421 δί
359 4370 535 4420 κεῖται
566 4364 654 4420 καὶ
686 4366 715 4420 6
747 4364 895 4427 ὅσιος
929 4364 1130 4425 Ἰσαάκ.

826 4471 955 4545 Περὶ
984 4475 1080 4525 τοῦ
1108 4469 1395 4527 Στουδίου.

1386 290 1753 354 ANONYMI
1798 290 2381 363 ANTIQUITATES
2423 293 2544 354 CP.

260 453 341 487 σεν
373 432 401 486 6
433 428 609 504 Μέγας
640 431 1050 490 Κωνσταντῖνος
1076 443 1089 457 '
1143 422 1392 499 διήρκεσε
1424 419 1481 477 δὶ
1527 422 1760 497 χρόνους
1794 417 1903 497 λβ’,
1936 422 1987 488 Α

3516 297 3538 353 1
3555 295 3672 356 222

2021 421 2314 478 stantinus
2365 422 2610 494 Magnus
2657 423 2967 479 aediﬁcavit
2999 440 3011 479 :
3044 424 3273 496 integer
3318 429 3513 481 autem
3547 442 3674 497 per-

2016 511 2250 567 duravit
2282 529 2467 567 annos
2522 511 2763 583 triginta
2816 513 2988 579 duos,
3021 514 3091 569 ad
3124 514 3439 585 imperium
3487 532 3672 587 usque

2016 600 2330 655 Theodosii
2388 600 2674 656 Junioris.
2730 602 2905 658 Extra
2954 618 3089 658 eum
3149 603 3340 658 stabat
3395 603 3672 660 columna

2018 705 2151 743 cum
2176 690 2441 759 ejusdem
2459 689 2825 745 Constantini
2852 696 3083 759 statua;
3120 692 3365 763 ideoque
3397 692 3559 748 locus
3587 694 3671 766 ip-

2020 794 2080 831 se
2112 777 2489 832 Exocionium
2525 779 2637 835 fuit
2666 779 3019 851 appellatus,
3055 782 3196 852 quia
3234 786 3396 837 extra
3433 798 3669 838 murum

2020 870 2162 921 erat.
2198 870 2481 922 Praeterea
2512 867 2631 923 illic
2662 874 2719 924 et
2748 868 2873 925 alite
2907 872 3106 926 multa:
3138 874 3350 928 statua:
3378 871 3669 928 collocatae

2020 959 2208 1021 erant,
2242 971 2390 1026 quas
2439 972 2646 1012 omnes
2676 958 2959 1029 confregit
3010 959 3348 1016 Mauricius.
3384 960 3669 1017 Craterum

2020 1042 2334 1115 columnis,
2362 1062 2487 1116 quas
2512 1046 2798 1103 hactenus
2830 1053 3173 1119 supersunt,
3208 1048 3499 1121 impositas
3534 1054 3673 1106 sunt

2023 1138 2225 1190 statuae
2257 1151 2327 1190 ex
2355 1136 2500 1193 urbe
2530 1136 2733 1209 Cyzico
2765 1142 3102 1209 exportata.

2637 1228 2711 1282 De
2740 1227 3057 1299 Xerotopho.

2098 1315 2162 1369 In
2194 1313 2542 1386 Xerolopho,
2575 1332 2752 1387 quem
2787 1316 2951 1388 prius
3000 1318 3283 1387 Theama,
3316 1334 3419 1375 seu
3452 1322 3678 1389 specta-

2025 1403 2224 1459 culum
2258 1404 2495 1475 quidam
2547 1405 2852 1474 vocabant,
2886 1406 3124 1462 stabant
3171 1406 3418 1461 cochleae
3467 1407 3676 1462 sexde-

2026 1493 2161 1563 cim,
2193 1497 2249 1548 et
2297 1492 2491 1547 Dianae
2523 1496 2719 1549 statua
2764 1496 3085 1567 composita
3133 1512 3198 1551 ac
3246 1494 3360 1551 alia
3410 1496 3677 1567 quaedam

2028 1598 2208 1653 super
2238 1598 2425 1637 arcus.
2465 1583 2729 1638 Tandem
2779 1600 2913 1639 vero
2964 1583 3296 1657 appellatus
3346 1589 3434 1641 est
3464 1585 3678 1640 Forum

2030 1672 2522 1741 Theodosiaoum,
2573 1672 2925 1745 duravitque
2968 1674 3042 1729 ad
3076 1674 3531 1730 Constantinum
3572 1678 3683 1730 Co-

1952 1792 2002 1859 B
2034 1777 2404 1833 pronymum.

2642 1852 2717 1906 De
2764 1852 3079 1923 Tetrapylo.

2103 1940 2164 1996 Id
2199 1939 2354 2011 quod
2389 1955 2544 1995 nunc
2574 1940 2949 2013 Tetrapylum
2983 1940 3369 2013 appellamus,
3388 1941 3555 2013 prius
3586 1943 3687 1998 Te-

2033 2028 2306 2083 travilum
2359 2029 2685 2098 dicebatur,
2720 2030 3069 2095 duravitque
3124 2047 3308 2085 annos
3358 2035 3594 2085 centum
3627 2035 3685 2086 et

2033 2118 2330 2187 sexaginta
2387 2134 2576 2188 usque
2634 2118 2704 2172 ad
2762 2117 3011 2173 Zenonis
3071 2118 3409 2190 imperium.
3462 2118 3685 2175 Ibidem

2034 2206 2375 2262 cubiculum
2433 2211 2558 2261 erat
2614 2206 2908 2261 columnis
2967 2206 3293 2275 suﬂ‘ultum,
3327 2224 3359 2261 a
3397 2208 3685 2263 Constan-

2032 2296 2155 2351 tino
2187 2296 2398 2367 Magno
2430 2298 2817 2363 exstructum,
2838 2296 2909 2351 ad
2943 2296 3191 2350 formam
3222 2294 3382 2350 illius
3414 2297 3569 2366 quod
3598 2299 3688 2352 est

2034 2385 2251 2440 Romae.
2280 2384 2350 2439 Et
2380 2384 2617 2456 quando
2650 2383 2867 2455 aliquis
2898 2399 2965 2441 ex
2998 2383 3451 2454 consanguineis
3500 2385 3686 2456 impe-

2032 2476 2265 2543 ratoris,
2295 2475 2384 2531 vel
2417 2474 2542 2547 ipse
2592 2474 2911 2547 imperator
2960 2475 3302 2545 decedebat,
3336 2475 3466 2547 ipsa
3494 2476 3687 2549 Augu-

2034 2571 2124 2620 sta
2156 2582 2273 2619 una
2318 2580 2453 2619 cum
2502 2564 2964 2635 consanguineis
3013 2564 3273 2619 defuncti
3312 2563 3686 2636 imperatoris

2035 2657 2346 2723 antequam
2393 2653 2571 2718 funus
2618 2652 2944 2717 efferretur,
2978 2652 3216 2725 lugebat
3265 2657 3566 2707 mortuum
3597 2651 3687 2706 in-

2033 2746 2122 2798 tra
2154 2741 2515 2808 cubiculum,
2549 2742 2823 2797 obductis
2853 2742 3020 2812 velis,
3055 2757 3125 2797 ne
3159 2741 3294 2813 quis
3325 2740 3550 2812 ingredi
3586 2745 3689 2797 aut

2035 2831 2186 2885 intro
2235 2831 2458 2903 spicere
2507 2834 2742 2903 posset;
2797 2831 2879 2886 ita
2928 2830 3201 2903 privatim
3249 2829 3330 2884 ibi
3384 2828 3685 2902 planctum

2036 2922 2307 2993 agebant,
2350 2938 2596 2994 magnos
2646 2921 2902 2993 gemitus
2951 2928 3127 2994 atque
3157 2922 3331 2978 fletus
3383 2938 3568 2992 usque
3616 2923 3689 2977 ad

2036 3027 2137 3066 sex
2165 3010 2446 3065 horarum
2478 3010 2737 3083 spatium
2770 3012 3029 3079 edentes,
3062 3011 3269 3066 exinde
3299 3011 3476 3066 funus
3509 3009 3689 3065 comi-

2036 3100 2314 3155 tabantur
2344 3100 2415 3154 ad
2446 3099 2733 3171 templum
2787 3101 2881 3156 SS.
2916 3100 3357 3172 Apostolorum,
3389 3116 3454 3156 ac
3482 3100 3563 3155 ibi
3594 3115 3689 3154 ca-

1958 3168 2000 3234 C
2040 3189 2214 3245 daver
2235 3168 2617 3260 sepeliebant.

2357 3282 2431 3337 De
2456 3286 2668 3337 statuta
2700 3295 2824 3352 qua?
2854 3283 2913 3336 in
2943 3282 3129 3351 Sigma
3162 3284 3365 3335 exstat.

2111 3369 2173 3421 In
2206 3367 2433 3438 porticu
2465 3367 2558 3422 cui
2614 3383 2825 3423 nomen
2874 3366 3075 3437 Sigma
3129 3365 3445 3421 Theodosii
3491 3368 3690 3422 statua

2036 3456 2317 3524 Junioris,
2374 3456 2473 3510 ﬁlii
2509 3455 2741 3511 Arcadii
2794 3454 3081 3511 columnas
3132 3455 3408 3527 imposita
3454 3453 3687 3523 visitur,

2040 3561 2216 3615 quam
2276 3544 2456 3601 erexit
2508 3544 2909 3617 Chrysaphius
2975 3543 3285 3601 eunuchus
3340 3542 3691 3616 cognomine

2040 3639 2275 3700 Zumas,
2310 3635 2629 3690 accubitor.

2565 3742 2637 3797 De
2665 3743 2851 3796 sancto
2878 3738 3175 3811 Stephano.

2114 3832 2311 3888 IEdem
2364 3835 2420 3885 S.
2462 3830 2745 3902 Stephani
2796 3846 2975 3903 prope
3024 3830 3226 3901 Sigma
3273 3829 3694 3887 Constantinus

2044 3922 2292 3993 Magnus
2341 3919 2647 3977 exstruxit.
2701 3923 3025 3992 Imperator
3054 3936 3188 3975 vero
3237 3921 3349 3976 Leo
3380 3921 3452 3976 ad
3504 3919 3693 3975 mino-

2044 4028 2167 4068 rem
2201 4014 2445 4068 formam
2478 4012 2725 4084 redegit,
2755 4028 3111 4083 omnemque
3142 4011 3449 4067 materiam
3492 4027 3560 4067 ex
3592 4026 3695 4064 au-

2044 4102 2159 4157 reis
2192 4103 2447 4157 arcubus
2477 4105 2535 4157 et
2563 4101 2709 4156 varii
2741 4100 2952 4157 coloris
2982 4100 3368 4172 lapidibus,et
3393 4099 3698 4157 columnas

2044 4192 2115 4247 ad
2148 4191 2247 4246 SS.
2282 4190 2589 4262 Apostolos
2621 4188 2951 4257 transtulit,
3003 4194 3061 4245 et
3088 4190 3374 4262 templum
3417 4188 3697 4244 Omnium

2045 4282 2391 4338 Sanctorum
2438 4280 2717 4335 condidit.
2768 4280 2993 4335 Ibidem
3044 4296 3181 4335 vero
3230 4279 3509 4351 depositae
3558 4280 3699 4333 sunt

2047 4370 2307 4442 reliquiae
2340 4371 2397 4425 S.
2434 4369 2657 4425 Isaacii.

2710 4477 2785 4531 De
2811 4474 3021 4533 Studia.

354 4563 434 4617 Τὰ
464 4558 522 4615 δὲ
554 4557 817 4615 Στουδίου
872 4526 1045 4614 ἔκτισε
1103 4558 1367 4623 Στούδιος
1411 4561 1696 4636 πατρίκιος
1736 4561 1787 4616 ἐν
1818 4570 1919 4619 τοῖα

2117 4566 2308 4623 Studii
2338 4526 3042 4622 monasterium
3075 4565 3359 4638 patricius
3390 4565 3698 4623 aediﬁcavit

282 4649 513 4727 χρόνοις
560 4654 657 4704 τοῦ
712 4647 1096 4722 ⁴λεομακὲλου,
1149 4648 1201 4703 ἐν
1262 4650 1309 4721 ᾧ
1365 4649 1749 4726 προσεκύρωσε
1804 4656 1940 4725 κτή-

289 4761 432 4814 ματα
461 4738 668 4809 πολλὰ,
699 4738 788 4794 καὶ
819 4742 1037 4813 πρῶτον
1073 4737 1348 4815 μοναχοὺς
1378 4738 1625 4810 ἐποίησε.

694 4918 824 4995 Περὶ
851 4921 948 4973 τοῦ
973 4916 1159 4993 Ἀγίου
1187 4916 1521 4991 Διομήδους,

355 5010 454 5063 Τὸν
488 5005 546 5063 δε
572 5010 766 5083 νΛγιον
800 5003 1084 5079 Διομηδήν
1134 5004 1341 5062 ἔκτισεν
1386 5009 1414 5062 6
1446 5008 1627 5084 Μέγας
1657 5016 1943 5067 Κωνσταν-

280 5104 435 5159 τῖνος
469 5115 483 5129 ·
518 5098 547 5152 6
606 5094 664 5151 δὲ
711 5094 995 5157 Βασίλειος
1043 5097 1076 5149 ἁ
1131 5094 1393 5152 Μακεδὼν
1424 5097 1680 5173 ἀνήγειρε
1722 5104 1946 5173 τοῦτον,

281 5187 376 5242 καὶ
439 5184 808 5254 ἐκαλλώπισε,
869 5185 958 5239 καὶ
1006 5185 1374 5261 ἀπεχαρίσατο
1423 5189 1677 5261 κτήματα
1735 5188 1943 5261 πολλὰ,

287 5275 381 5333 διὰ
401 5282 465 5333 τὸ
492 5279 590 5346 τὴν
623 5276 883 5333 ὀπτασίαν
914 5282 1017 5346 τῆς
1049 5271 1327 5341 ϐασιλείας
1352 5275 1526 5334 ἐκεῖσε
1558 5276 1712 5336 ἰδεῖν.

288 5476 419 5549 Περὶ
510 5479 617 5530 τῶν
701 5474 1050 5550 Ἐλεφάντων
1160 5476 1267 5550 τῶν
1344 5475 1645 5548 ἱσταμένων
1743 5474 1948 5534 ἄνωθεν

812 5546 914 5616 τῆς
942 5551 1163 5619 Χρυσῆς
1192 5546 1421 5623 πόρτης.

365 5637 435 5693 Αἱ
466 5633 524 5692 δὲ
550 5634 748 5707 στῆλαι
779 5638 884 5691 τῶν
944 5632 1289 5714 Ἐλεφάντων
1340 5638 1438 5708 τῆς
1483 5642 1707 5714 Χρυσῆς
1740 5638 1951 5715 πόρτης

2047 4664 2309 4730 tempore
2394 4656 2602 4711 Leonis
2680 4654 2931 4725 Macelas,
3004 4654 3394 4728 plurimisque
3492 4655 3700 4711 ditavit

2050 4745 2549 4821 possessionibus,
2601 4761 2665 4800 ao
2724 4746 2954 4817 primus
3012 4745 3092 4801 ibi
3154 4745 3474 4802 monachos
3531 4746 3701 4801 insti-

2049 4838 2181 4894 tuit.

2573 4926 2646 4980 De
2673 4934 2865 4979 sancto
2896 4924 3185 4980 Diomede.

2121 5015 2534 5071 Monasterium
2570 5014 2756 5069 sancti
2802 5014 3096 5069 Diomedis
3129 5013 3390 5069 condidit
3418 5012 3703 5067 Constan-

2052 5106 2214 5162 tinus
2259 5105 2543 5177 Magnus;
2578 5104 2831 5159 Basilius
2862 5120 2994 5159 vero
3046 5104 3278 5158 Macedo
3334 5100 3704 5163 restauravit,

2056 5193 2399 5266 ornavitque
2445 5210 2510 5248 ac
2542 5192 2751 5248 multis
2783 5190 3261 5265 possessionibus
3310 5186 3708 5258 locupletavit,

2056 5300 2122 5339 eo
2155 5284 2309 5355 quod
2345 5282 2466 5337 illic
2497 5281 2803 5337 oraculum
2858 5282 2929 5334 de
2962 5280 3158 5333 futuro
3191 5276 3438 5349 imperio
3469 5292 3711 5347 accepe-

2058 5377 2167 5428 rat.

2060 5479 2133 5535 De
2164 5476 2596 5551 Elephantorum
2624 5475 2823 5531 statui:
2857 5489 3039 5599 ..ἔαρι-α
3085 5480 3304 5545 portam
3346 5474 3583 5529 Auream
3608 5486 3709 5541 po-

2814 5562 2862 5599 ει
2893 5562 2962 5599 ιε.

2814 5562 2962 5601 ειιιε.

2814 5562 2840 5599 ε
2870 5562 2889 5599 ι
2949 5586 2962 5601 .

2135 5640 2352 5699 Statue
2383 5562 3038 5711 elephantorumtptci‘rta
3070 5637 3269 5691 Aureae
3295 5634 3545 5692 advecta
3571 5636 3713 5690 sunt
