4060 6214
380 295 535 356 1223

1338 291 1737 353 APPENDIX
1783 291 1886 350 AD
1932 289 2400 353 MICHAELEM
2442 291 2838 354 PSELLUM.

3639 298 3792 359 1224

373 426 620 482 Athenis
664 442 733 481 ex
779 423 997 496 templo
1044 424 1267 491 Martis,
1300 440 1332 477 a
1381 422 1707 479 Theodosio
1754 422 2007 489 Juniore1

2134 419 2389 497 ἤχθησαν
2423 421 2483 477 tu
2509 425 2607 477 τοῦ
2663 425 2793 477 ναοῦ
2842 424 2940 478 τοῦ
2990 425 3201 499 ’Ἄρεως
3233 423 3337 478 ἀπὸ
3375 424 3618 495 Ἀθηνῶν
3648 428 3794 501 παρὰ

373 517 474 589 qui
527 530 764 571 murum
820 517 1155 569 terrestrem
1192 514 1261 568 ad
1312 512 1666 568 Blachernas
1710 528 1895 582 usque
1924 528 2021 567 ex-

370 606 603 674 struxit,
662 604 816 659 intra
876 604 1181 676 sexaginta
1238 602 1465 658 dierum
1526 602 1806 673 spatium,
1849 619 2025 673 opera

368 698 618 752 duarum
655 692 970 748 factionum
1005 691 1228 763 populi,
1262 708 1388 762 quae
1430 690 1675 763 singulae
1728 693 1858 745 octo
1890 690 2023 746 mil-

368 785 447 840 lia
491 782 797 839 hominum
829 781 1227 836 continebant.
1275 780 1505 836 Venetas
1535 780 1773 851 quidem
1822 779 2021 835 factio-

372 874 465 929 nis
497 873 806 946 praefectus
856 874 980 925 erat
1010 868 1334 939 Magdalas,
1392 869 1645 924 Prasinm
1677 885 1810 924 vero
1842 869 2019 923 Char-

370 963 488 1019 sias
519 963 647 1033 ejus
679 959 894 1027 frater;
922 959 1292 1031 jungebatur
1342 962 1535 1014 autem
1568 964 1820 1031 utraque
1849 957 2023 1015 factio

368 1053 429 1108 in
460 1054 626 1123 porta
657 1050 814 1104 dicta
846 1048 1203 1118 Myriandra,
1230 1065 1357 1120 qure
1389 1046 1537 1104 alias
1566 1048 1894 1121 Polyandra
1927 1065 2023 1121 ap-

369 1138 717 1213 pellebatur,
753 1138 911 1209 quod
939 1137 1123 1192 ambae
1155 1137 1435 1192 factiones
1465 1137 1543 1192 ibi
1586 1136 2020 1208 copularentur.

368 1228 628 1299 Reliqua:
660 1243 792 1282 vero
833 1230 1062 1296 statum,
1117 1243 1244 1298 quae
1277 1226 1333 1281 in
1386 1230 1553 1298 porta
1599 1228 1788 1282 Aurea
1817 1226 2021 1283 visun-

365 1321 483 1387 tur,
518 1320 721 1373 erectae
773 1316 933 1372 fuere
967 1334 1000 1371 a
1028 1314 1239 1387 Vigilio
1284 1316 1473 1388 primo
1504 1333 1537 1371 a
1568 1316 1807 1371 secretis
1839 1319 1895 1372 et
1925 1334 2021 1372 as-

364 1411 675 1475 tronomo;
709 1422 825 1460 una
873 1421 1004 1461 cum
1058 1409 1254 1461 statua
1305 1406 1431 1475 ejus
1478 1405 1675 1460 uxoris
1725 1410 2021 1477 coronata,

361 1496 726 1553 extrinsecus
758 1498 970 1564 stante,
1006 1511 1137 1566 qua:
1172 1494 1334 1549 urbis
1366 1494 1615 1567 figuram
1649 1496 1844 1550 refert.
1875 1496 2019 1551 Prae-

361 1593 517 1642 terea
548 1584 822 1657 superius
876 1584 1242 1655 inferiusque
1288 1589 1429 1638 sunt
1479 1583 1594 1638 alia
1638 1585 1906 1655 quaedam
1942 1586 2017 1639 si-

361 1673 625 1730 mulacra
672 1690 802 1745 quas
833 1673 1040 1744 peritis
1096 1672 1513 1728 accuratiorem
1562 1671 1831 1727 notitiam
1883 1690 2021 1744 prae-

358 1763 498 1820 bere
528 1762 782 1835 possint.

2133 508 2423 565 Θεοδοσίου
2477 514 2574 565 τοῦ
2632 515 2863 587 Μικροῦ.
2923 515 3021 566 τοῦ
3073 513 3357 574 κτίσαντος
3407 514 3471 568 τὸ
3526 522 3783 590 χερσαῖον

2139 600 2327 675 τεῖχὸς
2391 598 2556 675 μέχρι
2605 604 2714 654 τῶν
2787 598 3109 675 Βλαχερνῶν
3146 618 3159 632 ⁶
3248 599 3379 674 ὅπερ
3439 600 3643 657 ἔκτισεν
3710 605 3788 667 εἰς

2132 688 2389 758 ἑξήκοντα
2444 687 2676 760 ἡμέρας,
2766 686 3006 763 ἐχόντων
3090 692 3197 742 τῶν
3280 686 3374 743 δύο
3444 696 3626 765 μερῶν
3678 698 3791 747 τῶν

2134 773 2199 847 δή
2211 799 2327 850 μων
2364 775 2462 831 ἀνὰ
2491 773 2751 852 χιλιάδας
2781 776 2948 846 ὀκτὼ,
2991 774 3161 831 ὅντων
3196 774 3492 853 δημάρχου
3524 778 3791 854 Μαγδαλᾶ

2136 866 2334 940 μέρους
2401 869 2507 919 τῶν
2564 869 2817 937 Βενετῶν,
2874 865 2961 919 καὶ
3025 867 3265 940 Χαρσίου
3322 864 3562 945 ἀδελφοῦ
3621 869 3790 923 αὐτοῦ

2136 954 2331 1029 μέρους
2377 958 2484 1009 τῶν
2535 954 2840 1027 Πρασίνωνο
2886 953 2974 1008 καὶ
3020 956 3207 1025 ἠνώθη
3269 953 3343 1017 εἴς
3382 957 3481 1024 τήν
3544 959 3790 1033 Μυρίαν-

2132 1042 2260 1120 δρον
2312 1043 2520 1120 πόρτήν
2586 1045 2686 1113 την
2746 1042 3089 1117 καλουμένην
3151 1043 3499 1121 Πολύανδρον
3536 1066 3549 1078 ·
3611 1046 3788 1112 οὕτως

2130 1134 2232 1209 γὰρ
2265 1132 2471 1205 ἐκλήθη
2508 1131 2597 1189 διὰ
2623 1133 2684 1188 τὸ
2733 1132 2801 1188 τὰ
2846 1132 3127 1209 ἀμφότερα
3189 1134 3328 1208 μέρη
3374 1134 3547 1190 ἐκεῖσε
3576 1135 3784 1207 ἐνωθῆ-

2130 1246 2234 1282 ναι.
2325 1225 2393 1280 Αἱ
2445 1221 2503 1279 δὲ
2574 1222 2765 1279 λοιπαὶ
2822 1223 3019 1295 στῆλαι
3084 1225 3140 1279 αἱ
3215 1226 3497 1297 ἱστάμεναι
3548 1226 3623 1288 εἷς
3680 1230 3784 1297 τήν

2130 1311 2367 1389 Χρυσίαν
2427 1310 2591 1383 ἤκασι
2688 1314 2833 1389 παρὰ
2912 1311 3184 1389 Βιγηλίου
3271 1318 3786 1389 πρωτοασηκρτςτου

2130 1402 2218 1458 καὶ
2267 1402 2632 1479 ἆστρονόμου,
2670 1403 2802 1477 μετᾶ
2857 1404 2946 1457 καὶ
2993 1410 3093 1473 τῆς
3142 1405 3396 1479 γυναικὸς
3440 1404 3603 1459 αὐτοῦ
3658 1408 3784 1476 στή-

2131 1491 2255 1562 λης,
2286 1498 2387 1562 τῆς
2417 1489 2607 1562 ἔξωθεν
2637 1493 2959 1565 ἱσταμένης,
3010 1492 3099 1547 καὶ
3137 1492 3479 1569 κατεχούσης
3526 1494 3619 1549 τὸν
3660 1496 3783 1550 στὲο

2131 1602 2290 1657 φανον
2350 1580 2427 1636 εἷς
2474 1580 2643 1637 τύπον
2691 1584 2791 1646 τῆς
2839 1579 3077 1643 πόλεως.
3132 1584 3369 1639 ’Ἀνωθεν
3420 1580 3477 1637 δὶ
3531 1585 3626 1637 καὶ
3682 1585 3781 1638 κά-

2127 1669 2297 1734 τωθέν
2358 1670 2459 1725 εἶσι
2516 1670 2606 1724 καὶ
2666 1667 2835 1725 λοιπᾶ
2891 1670 3075 1740 ξόανα,
3133 1672 3285 1726 ἅτινα
3341 1672 3600 1745 σημαίνει
3658 1678 3784 1735 τοῖς

2129 1760 2541 1835 πεπειραμένοις
2575 1754 2771 1835 ἀκριϐῆ
2804 1760 3024 1835 γνῶσιν.

1523 2072 2620 2238 ΑΝΟΝΥΜΙ

979 2380 1143 2476 DE
1231 2382 2319 2496 ANTIQUITATIBUS
2401 2381 3151 2479 CPOLITANIS

1729 2606 1958 2666 LIBER
1998 2605 2401 2668 SECUNDUS

519 2759 634 2831 Qui
666 2759 886 2840 incipit
915 2779 950 2821 a
978 2763 1463 2841 szcanisterio,
1494 2765 1892 2845 Hodegetriaa
1926 2764 2183 2827 ecclesia
2213 2772 2274 2827 et
2303 2765 2626 2844 Manganis
2656 2783 2727 2825 ac
2762 2764 3060 2843 pertingit
3092 2764 3168 2823 ad
3202 2762 3605 2823 Blacbernas.

350 3110 622 3168 ΙΝῙΤΙΙΙΜ
656 3112 999 3187 ΒΕΟΠΙΨΛΕ
1034 3114 1293 3187 PARTIS,
1332 3116 1466 3173 SEU
1518 3116 1603 3171 DE
1663 3116 2007 3173 TZYCANIS-

2191 3116 2380 3171 APXH
2409 3118 2533 3167 Tor
2581 3114 2952 3179 AETTEPOI‘,
2987 3114 3155 3170 HTOI
3182 3115 3337 3187 nam
3378 3116 3513 3170 Τοι-
3540 3116 3697 3170 Tzr-

819 3185 1026 3242 ramo
1065 3186 1150 3241 AC
1188 3187 1531 3260 RELIQUIS.

425 3288 603 3344 Portae
662 3304 821 3346 areae
870 3307 997 3363 quae
1057 3292 1114 3347 in
1173 3293 1543 3367 Tricymbalo
1590 3294 2002 3369 szcanislerii

353 3378 610 3449 stabant,
644 3396 676 3435 a
706 3378 923 3437 Basilio
973 3381 1325 3455 imperatore
1374 3399 1441 3439 ex
1498 3384 1824 3457 porticibus
1873 3385 2002 3441 Fori

352 3468 674 3541 nuncupati
732 3472 840 3523 τῶν
894 3468 1256 3548 Χαλιναρίων,
1304 3473 1361 3529 in
1419 3473 1724 3531 ecclesiam
1782 3474 2000 3531 Novam

354 3556 619 3612 deducta
674 3558 880 3614 fuere:
944 3560 1146 3631 positae
1204 3567 1399 3618 autem
1460 3563 1624 3635 prius
1683 3564 1912 3620 fuerant
1968 3582 2003 3620 a

349 3645 733 3701 Constantino
793 3648 1000 3721 Magno
1051 3667 1080 3703 e
1129 3651 1363 3723 regione
1420 3657 1690 3709 Senatus.
1729 3657 1860 3723 Has,
1911 3654 1999 3708 in-

349 3750 551 3804 quam,
585 3735 839 3791 Basilius
870 3741 1164 3794 exstructa
1192 3740 1346 3796 Nova
1373 3742 1635 3811 ecclesia,
1668 3747 2000 3813 exportatas

348 3823 543 3879 isthuc
576 3826 825 3881 advexit.

1027 3919 1097 3973 De
1128 3919 1314 3974 eodem

417 4002 917 4075 szcanisterium
978 4006 1242 4062 condidit
1298 4008 1668 4065 Theodosius
1724 4010 1934 4066 Junior
1984 4029 1997 4079 ;

343 4089 674 4146 Trullatum
708 4107 838 4148 vero
870 4094 1167 4149 stabulum
1221 4097 1474 4166 pretioso
1508 4114 1800 4153 marmore
1829 4114 1997 4154 exor-

342 4184 547 4236 natum
583 4181 808 4237 addidit
853 4182 1099 4240 Michael
1150 4185 1458 4257 Theophili
1514 4187 1713 4255 ﬁlius;
1748 4189 1998 4245 Basilius

340 4286 472 4325 vero
531 4270 762 4327 Macede
818 4272 1319 4344 'l‘zycanisterium
1378 4276 1701 4346 ampliavit.
1748 4277 1995 4333 Demum

340 4359 559 4414 nostris
606 4361 970 4433 temporibus
1001 4364 1430 4419 Constantinus
1482 4364 1675 4420 Ducas
1718 4382 1834 4437 praa
1866 4366 1995 4421 aliis

340 4446 616 4502 omnibus
675 4450 975 4517 adauxit;
1036 4468 1173 4507 nam
1255 4469 1534 4524 magnum
1616 4453 2063 4555 Triclinium,c

341 4534 793 4555 ηιμ-λ-,ψηη
884 4554 896 4555 ,
1010 4539 1064 4555 ..
1146 4539 1162 4555 .
1631 4546 1640 4555 .
1765 4544 1797 4555 .-

341 4534 803 4605 Hippodromum
838 4554 902 4592 ac
934 4539 1271 4595 cubiculum
1304 4557 1490 4596 unum
1522 4544 1825 4600 exstruxit.

704 4718 785 4768 De
810 4714 997 4771 eodem
1025 4718 1320 4786 peregrina
1347 4720 1626 4774 narratio.

415 4800 611 4857 Iconio
643 4801 836 4858 Persei
869 4806 923 4858 et
982 4806 1360 4860 Andromedae
1412 4807 1566 4879 regis
1606 4806 1738 4863 ﬁlia:
1792 4811 1998 4863 statim

342 4889 609 4945 deducta:
640 4896 800 4947 sunt.
836 4891 981 4959 Illic,
1016 4898 1081 4949 ut
1130 4895 1339 4950 fabula:
1392 4896 1725 4968 perhibent,
1759 4896 1999 4951 draconi

340 4979 400 5033 in
437 4977 697 5036 latibulis
734 4982 948 5052 agenti.
983 4999 1087 5054 pro
1135 4983 1369 5040 victima
1420 4986 1579 5055 virgo
1625 4987 1817 5042 offerri
1861 5003 1999 5041 con-

342 5073 636 5124 sueverat.
670 5074 811 5125 Cum
846 5074 1040 5125 autem
1078 5073 1452 5130 Andromeda
1478 5074 1728 5131 vinculis
1758 5075 2000 5131 astricta

345 5156 419 5212 ab
451 5174 517 5215 eo
547 5158 885 5215 devoranda
919 5165 1094 5225 esset,
1128 5161 1375 5218 Perseus
1425 5163 1570 5219 istac
1619 5164 1731 5218 iter
1774 5163 1999 5220 habens

344 5245 579 5303 ﬂentem
642 5248 918 5304 feminam
982 5250 1526 5324 sciscitatur:ipsa
1584 5269 1701 5309 rem
1761 5269 1995 5309 omnem

341 5336 650 5391 enarravit.
691 5336 793 5392 Ille
852 5342 1047 5393 autem
1109 5341 1461 5404 consistens,
1521 5358 1654 5395 cum
1715 5342 1997 5413 Gorgonis

339 5423 550 5496 capitis
591 5425 709 5480 vim
736 5427 862 5497 jam
912 5432 1188 5500 expertus
1219 5434 1396 5501 esset,
1428 5446 1599 5485 versa
1648 5434 1800 5485 retro
1852 5431 1998 5486 facie

339 5512 675 5569 lethiferum
703 5515 928 5571 vultum
957 5516 1163 5573 bellua:
1197 5518 1565 5574 monstravit.
1599 5518 1722 5582 Quo
1753 5535 1996 5591 conspe-

339 5606 432 5659 cto
460 5602 636 5661 draco
688 5604 1013 5664 exstinctus
1062 5610 1173 5664 est.
1219 5607 1472 5679 Ideoque
1503 5606 1667 5677 urbe,
1701 5610 1765 5663 ut
1796 5611 1998 5666 narrat

2374 3189 2850 3243 ΚΑΝΙΣΤΒΡΙΟΥ
2883 3188 2993 3241 ΚΑΙ
3023 3187 3163 3242 ΤΩΝ
3202 3186 3493 3242 ΚΟΙΠΩΝ.

2184 3294 2246 3351 Al
2295 3291 2502 3368 χαλκαὶ
2554 3288 2747 3364 πύλαι,
2788 3291 2842 3347 αἱ
2887 3290 3167 3362 ἴστάμεναι
3221 3289 3296 3352 είς
3364 3292 3461 3358 τήν
3516 3290 3771 3367 Τρικῦμο

2112 3375 2281 3435 ϐαλον
2353 3385 2450 3435 τοῦ
2522 3378 2998 3456 Τζυκανιστηρίου,
3076 3379 3221 3454 παρὰ
3296 3377 3586 3436 Βασιλείου
3667 3383 3769 3433 τοῦ

2112 3462 2380 3530 ϐασιλέως
2429 3468 2739 3542 ἐπήρθησαν
2796 3468 2903 3522 ἀπὸ
2958 3471 3066 3523 τῶν
3127 3462 3382 3540 ἐμϐόλων
3435 3471 3531 3521 τοῦ
3577 3467 3766 3542 Φόρου

2108 3562 2214 3613 τῶν
2258 3555 2594 3633 Χαλιναρίων
2630 3575 2643 3589 ο
2702 3556 2999 3627 έστᾶθησαν
3056 3554 3113 3612 δέ
3161 3558 3307 3629 παρᾶ
3352 3560 3447 3611 τοῦ
3496 3555 3764 3631 Μεγάλου

2110 3645 2515 3702 Κωνσταντηίνου
2573 3645 2793 3722 ἀντικρὺ
2841 3650 2937 3700 τοῦ
2984 3646 3217 3701 Σενάτου
3249 3666 3261 3678 ν
3319 3644 3503 3707 κτίσας
3550 3642 3607 3700 δέ
3655 3648 3759 3714 τήν

2110 3737 2268 3807 Νέαν,
2297 3734 2465 3809 έπῆρε
2493 3734 2690 3797 ταύτας
2721 3735 2811 3789 καὶ
2845 3734 3052 3809 ἀπῆγεν
3085 3734 3275 3790 ἐκεῖσε.

2691 3910 2825 3988 Περὶ
2859 3915 2957 3967 τοῦ
2988 3911 3170 3969 αὐτοῦ.

2176 4003 2250 4059 Τὸ
2284 4000 2341 4056 δὲ
2382 4003 2835 4077 Τζυκανιστήριον
2894 3999 3069 4057 ἔκτισε
3125 3999 3413 4064 Θεοδόσιος
3467 4003 3495 4057 ὁ
3529 4001 3765 4074 Μικρός.

2107 4091 2215 4147 Τὸν
2249 4087 2306 4144 δέ
2325 4089 2651 4165 Τρουλιιζτὸν
2681 4089 2911 4146 σταῦλον
2962 4087 3135 4145 ἔκτισε
3163 4089 3393 4166 Μιχαὴλ
3428 4090 3455 4144 ὁ
3487 4091 3606 4153 υἱὸς
3636 4097 3767 4145 Θεο-

2107 4179 2291 4255 φίλου,
2324 4178 2607 4252 κόσμήσας
2649 4178 2833 4249 αὐτὸν,
2884 4180 2971 4234 καὶ
3027 4181 3400 4254 μαρμαρώσας
3422 4178 3773 4240 πολυτελῶς.

2105 4270 2165 4326 Ὁ
2214 4266 2271 4323 δέ
2311 4268 2601 4330 Βασίλειος
2650 4269 2679 4321 ὁ
2731 4267 3001 4324 Μακεδὼν
3053 4264 3381 4345 παρεξέϐαλε
3438 4269 3502 4323 τὸ
3554 4273 3767 4337 Τζυκα-

2104 4359 2380 4432 νιστήριον
2438 4356 2529 4412 καὶ
2610 4353 2927 4414 ἐπλάτυνεν.
3005 4362 3091 4411 Ἐν
3170 4354 3227 4412 δὲ
3284 4361 3401 4419 τοῖς
3464 4356 3768 4429 ἡμετέροις

2105 4443 2332 4522 χρόνοις
2391 4444 2583 4501 πλεῖον
2654 4444 2859 4500 τούτων
2938 4443 3200 4501 έπλάτυνε
3271 4449 3674 4505 Κωνσναντῖνος
3739 4446 3770 4499 ὁ

2103 4537 2331 4600 Δοῦκας,
2388 4532 2571 4592 κτίσας
2626 4533 2714 4586 καὶ
2776 4531 2865 4586 τὸν
2929 4532 3095 4609 μέγαν
3153 4529 3467 4607 Τρίκλινον,
3499 4533 3595 4587 τὸν
3643 4533 3763 4589 Ἱπ-

2106 4619 2410 4697 πόδρομον,
2440 4621 2530 4675 καὶ
2550 4621 2639 4676 τὸν
2672 4616 2764 4676 ἕνα
2789 4616 3147 4677 κούϐουκλον.

2455 4708 2584 4784 Περὶ
2610 4713 2707 4764 τοῦ
2737 4709 2902 4765 αὐτοῦ
2950 4709 3229 4788 ἀφήλησις
3260 4709 3402 4781 ξένη.

2176 4802 2272 4857 Ἐκ
2319 4805 2418 4868 τῆς
2479 4797 2716 4855 Ἰκονίων
2795 4798 3014 4861 πόλεως
3084 4799 3330 4875 Περσέως
3390 4799 3610 4871 στῆλαι,
3668 4800 3763 4854 καὶ

2108 4884 2498 4964 Ἀνδρομέδης,
2557 4888 2818 4963 θυγατρὸς
2896 4886 3207 4964 βασιλικῆς,
3278 4887 3493 4958 ἤκασιν.
3554 4890 3644 4950 Ὠς
3706 4889 3763 4943 οἱ

2111 4975 2271 5050 μῦθοί
2329 4995 2478 5049 φασι,
2539 4972 2750 5030 ἐδίδουν
2807 4976 2989 5039 θυσίαν
3046 4981 3125 5048 τῷ
3179 4975 3350 5032 ἐκεῖσε
3397 4974 3763 5055 έμφολεύοντι

2109 5064 2575 5140 δράκοντι,κόρην
2628 5066 2893 5140 παρθένον
2928 5084 2941 5098 ·
2993 5064 3129 5136 αὕτη
3185 5067 3288 5143 γὰρ
3338 5070 3402 5136 ἦν
3436 5069 3469 5135 ἡ
3503 5068 3764 5137 συνήθεια

2104 5160 2183 5228 τῷ
2213 5153 2410 5227 θηρίῳ,
2446 5154 2534 5208 ὅτε
2563 5154 2653 5209 καὶ
2695 5152 3037 5230 Ἀνδρομέδα
3094 5152 3308 5210 δεθεῖσα
3358 5153 3561 5228 ἔμελλε
3614 5153 3765 5227 τῷδε

2111 5244 2246 5322 βορᾶ
2284 5243 2554 5317 γενέσθαι.
2612 5243 2674 5299 Ὁ
2731 5247 2861 5318 γοῦν
2912 5243 3146 5319 Περσεὺς
3204 5244 3377 5299 έκεῖσε
3424 5242 3598 5307 ἐλθὼν
3656 5245 3763 5299 1:5-

2106 5336 2251 5388 θιται
2280 5329 2582 5400 κλαιούσης
2628 5338 2732 5401 τῆς
2779 5332 3035 5407 γυναικός
3067 5352 3078 5365 ·
3132 5335 3166 5401 ἡ
3221 5330 3277 5388 δέ
3322 5334 3384 5387 τὸ
3429 5328 3642 5405 συμϐὰν
3677 5333 3767 5404 ἐξ·

2106 5423 2370 5497 ηγήσατο.
2403 5421 2514 5475 Τοῦ
2567 5417 2622 5475 δὲ
2677 5423 3021 5493 καθιστάτον,
3075 5421 3352 5498 Γοργόνης
3399 5420 3648 5495 κεφαλήν
3707 5422 3763 5477 ἐν

2104 5511 2264 5586 πείρᾳ
2311 5507 2663 5584 κατέχοντος,
2740 5512 3121 5588 ὀπισσοφανῶς
3188 5510 3461 5589 στραφεὶς,
3522 5508 3761 5566 δείκνυσι

2103 5605 2183 5676 τῷ
2213 5599 2393 5673 θηρίῳ
2415 5599 2478 5654 τὸ
2510 5595 2875 5675 δηλητήριον,
2926 5599 2991 5670 ἤν
3026 5597 3159 5656 ῒδὼν
3181 5600 3245 5656 τὸ
3276 5601 3463 5677 θηρίον
3498 5600 3762 5675 ἆπέψυξε,
