4060 6214
265 318 416 377 12ἳό

1391 317 1757 380 ANONYMI
1801 294 2384 391 ANTIQUITATES
2429 323 2547 384 CP.

3518 326 3547 385 1
3558 326 3677 386 226

262 447 353 502 καὶ
386 445 474 501 διὰ
501 452 663 503 τοῦτο
692 447 903 519 ἐκλήθη
963 452 999 519 ἡ
1058 450 1221 512 πόλις
1254 449 1399 524 παρὰ
1429 447 1758 525 Φιλοδώρου
1812 465 1908 505 Λο-

2028 454 2378 511 Philodorus
2436 454 2701 527 Logista,
2761 454 3024 511 Iconium
3086 460 3288 513 vocata
3342 461 3459 528 cst,
3518 459 3674 530 quod

258 536 443 612 γίστου
494 536 744 605 Ἰκόνιον,
776 534 865 591 διὰ
892 538 955 592 τὸ
982 538 1073 593 τὸν
1108 538 1309 612 Περσές
1361 535 1527 608 δεῖξαι
1579 539 1678 607 τὴν
1737 537 1919 593 εἰκόνα

260 626 431 680 ἐκεῖσε
485 632 586 695 τῆς
648 625 958 703 Γοργόνης.
1016 630 1114 683 Ἤν
1195 624 1251 681 δὶ
1304 632 1375 701 τῇ
1432 626 1591 682 πόλει
1650 626 1912 701 πρότερον

261 709 437 787 ὄνομα
470 720 724 770 Λαναεῖα·
777 714 961 770 ἔπειτα
1003 713 1254 787 ἐπλήσθη
1306 713 1635 792 θρηνῳδίας,
1684 716 1774 770 καὶ
1832 713 1919 769 οὕ-

257 824 366 864 τως
425 802 631 874 ἐκλήθη
684 811 916 877 Θρῆνος.
960 806 1124 859 ’Ἐνθα
1179 806 1269 859 καὶ
1319 804 1611 875 ἐτελειώθη
1665 806 1693 859 6
1751 804 1916 866 αὐτὸς

260 892 490 967 Περσεὺς
540 892 632 947 σὺν
662 895 734 965 τῇ
762 890 1121 967 Ἀνδρομέδῃ·
1178 893 1361 949 ἐπάνω
1394 891 1450 948 δὶ
1478 901 1580 962 τῆς
1609 891 1791 963 πύλης
1819 894 1919 961 τῆς

259 981 473 1037 πόλεως
506 981 796 1053 ἐστηλώθη
831 982 1132 1059 ἀμφότερα.
1182 983 1253 1039 At
1300 981 1357 1038 δὶ
1409 987 1653 1038 τοιαῦται
1716 981 1915 1051 στῆλαι

256 1069 446 1139 ἧκασιν
498 1069 585 1126 ἰπὶ
630 1070 1062 1138 Κωνσταντίνου,
1098 1072 1234 1144 μετὰ
1290 1072 1353 1125 τὸ
1388 1070 1754 1146 πληρωθῆναι
1813 1071 1915 1138 τὴν

255 1159 594 1234 ’Δντιοχέων
629 1157 947 1230 ἰκκλησίαν,
997 1159 1087 1214 καὶ
1120 1159 1171 1214 έν
1217 1164 1298 1232 τῷ
1341 1158 1568 1235 μεγάλῳ
1628 1166 1916 1213 Κωνσταν-

250 1247 399 1303 τίνου
455 1247 672 1323 λουτρῷ
743 1243 1011 1320 ἔστησαν,
1088 1247 1326 1316 πλησίον
1390 1252 1491 1303 τοῦ
1548 1254 1914 1318 Τζυκανιστη-

254 1337 397 1411 ρίου.

848 1425 980 1502 Περὶ
1010 1433 1109 1496 τῆς
1141 1427 1301 1488 Νέας.

319 1515 428 1583 Τὴν
455 1511 513 1569 δὲ
542 1513 682 1571 Νέαν
711 1512 908 1585 ἔκτισε,
940 1515 1029 1570 καὶ
1060 1519 1160 1570 τοῦ
1213 1515 1397 1587 Φόρου
1447 1517 1547 1584 τὴν
1596 1514 1915 1589 Ὑπεραγίαν

260 1603 546 1672 Θεοτόκον,
595 1603 779 1659 καὶτᾶ
825 1607 1037 1678 Τζήρου
1092 1604 1181 1659 καὶ
1236 1603 1327 1659 τὸν
1386 1607 1576 1677 ’Ἀγιον
1625 1599 1912 1675 Διομήδην

256 1691 547 1755 Βασίλειος
577 1694 605 1749 6
637 1691 919 1750 Μακεδών.

795 1800 924 1874 Περῖ
953 1802 1062 1855 τῶν
1109 1798 1378 1877 Ὀδηγῶν.

320 1890 445 1946 ’Ότι
499 1888 628 1950 τοὺς
678 1886 945 1963 Ὀδηγοὺς
1006 1885 1181 1944 ἔκτισε
1236 1887 1475 1963 Μιχαὴλ
1532 1890 1560 1943 6
1614 1888 1916 1963 ἀναιρεθεὶς

254 1977 355 2032 ὑπὸ
405 1976 716 2046 Βασιλείου,
750 1976 1013 2053 πρότερον
1065 1978 1213 2047 οἶκον
1267 1977 1601 2053 ὑπάρχοντα.
1666 1976 1769 2033 Καὶ
1825 1996 1915 2029 τυ-

250 2065 404 2142 φλῶν
436 2065 664 2122 πολλῶν
723 2070 792 2139 τῇ
825 2065 998 2121 ἐκεῖσε
1030 2062 1163 2140 οὔσῃ
1224 2069 1381 2140 πηγῇ
1439 2063 1776 2141 βλεψάντων,
1824 2078 1915 2131 καὶ

248 2155 443 2229 ἑτέρων
476 2154 710 2210 πολλῶν
755 2155 1044 2229 θαυμάτων
1093 2152 1421 2230 γεγονότων,
1481 2152 1690 2224 ἐκλήθη
1750 2150 1915 2223 Ὀδη-

246 2244 342 2318 γός
361 2287 375 2303 .

646 2423 776 2499 Περὶ
805 2427 902 2477 τοῦ
932 2422 1233 2496 Ζευξίππου
1260 2421 1515 2499 λουτροῦ.

314 2515 379 2570 Ὁ
430 2510 489 2567 δὲ
560 2511 859 2585 Ζεύξιππος
905 2513 968 2567 τὸ
1019 2511 1253 2588 λουτρὸν
1314 2512 1416 2566 ὑπὸ
1476 2507 1721 2586 Ζεϐήρου
1765 2531 1914 2567 κατε.

251 2603 543 2672 σκευάσθη,
594 2602 683 2656 καὶ
743 2600 1101 2677 έστοιχειώθη
1164 2602 1419 2665 ἅπτεσθαι
1460 2602 1593 2674 μετά
1639 2597 1916 2670 κανδήλας

252 2687 509 2759 ὑαλίνης,
539 2690 600 2744 τὸ
632 2687 689 2744 δὲ
718 2686 865 2766 ὕδωρ
892 2691 1026 2759 ζέειν
1075 2687 1351 2767 σφοδρῶς,
1401 2690 1491 2744 καὶ
1520 2690 1610 2744 τὸν
1644 2688 1773 2765 ἀέρα
1816 2692 1915 2744 τοῦ

253 2779 513 2854 λουτροῦ.
567 2776 878 2855 ’Δλόγιστοι
938 2776 995 2833 δέ
1047 2800 1191 2841 τινες
1249 2777 1496 2841 ἐλθόντες
1554 2779 1914 2855 κατέστρεψαν

254 2866 442 2923 τοῦτο·
479 2866 523 2921 ὦ
553 2873 652 2937 τῆς
688 2867 888 2941 ζημίας
916 2869 928 2923 !

359 2975 487 3049 Περὶ
520 2980 622 3044 τῆς
654 2975 949 3047 ἱσταμένης
979 2976 1189 3045 στήλης
1220 2976 1272 3029 έν
1303 2978 1382 3046 τῷ
1413 2972 1799 3049 ’Δρμαμέντῳ.

318 3065 381 3119 Ἢ
437 3060 494 3117 δὲ
541 3062 801 3135 ἱσταμένη
862 3062 1039 3133 στήλη
1102 3063 1153 3117 έν
1211 3068 1286 3135 τῷ
1345 3062 1707 3138 Ἀρμαμέντῳ
1739 3068 1910 3116 Φωκᾶ

2029 544 2273 599 Perseus
2305 544 2384 600 ibi
2418 544 2705 616 Gorgonis
2745 545 2913 601 icona
2947 547 3376 601 monstraverit.
3412 547 3674 603 Priscum

2026 648 2162 687 vero
2223 634 2386 688 urbis
2446 648 2658 688 nomen
2721 640 2843 689 erat
2907 635 3177 691 Danaeia.
3228 635 3487 707 Denique
3543 638 3680 707 quia

2027 722 2553 779 lamentationibus
2608 722 2828 794 repleta
2886 728 3028 793 erat,
3062 724 3334 779 Threnus
3379 726 3678 796 cognomi-

2028 816 2165 866 nata
2226 812 2351 867 fuit.
2397 812 2459 867 In
2522 814 2630 867 hac
2689 812 2834 867 urbe
2894 816 3143 868 Perseus
3197 816 3256 869 et
3311 813 3677 869 Andromeda

2026 900 2203 955 vitam
2260 906 2609 972 exegerunt,
2659 901 2817 956 unde
2874 901 3179 956 amborum
3231 904 3437 957 statua:
3496 906 3674 975 portis

2026 988 2187 1044 urbis
2247 988 2538 1060 impositae
2597 993 2758 1044 sunt.
2809 989 2907 1044 Ha:
2962 1006 3096 1045 vero
3144 994 3351 1045 statua;
3409 995 3675 1063 tempore

2025 1077 2389 1133 Constantini
2457 1078 2708 1133 advectae
2776 1082 2950 1145 sunt,
3023 1083 3333 1151 postquam
3400 1079 3675 1135 absoluta

2026 1165 2136 1221 fuit
2181 1165 2428 1222 ecclesia
2481 1166 3002 1232 Antiochenorum,
3051 1183 3117 1221 ac
3170 1167 3231 1222 in
3282 1183 3496 1240 magno
3544 1168 3676 1224 hal-

2024 1271 2133 1310 neo
2187 1255 2553 1311 Constantini
2609 1272 2788 1327 prope
2835 1254 3332 1328 szcanisterium
3380 1255 3673 1313 collocata:

2025 1349 2184 1399 sunt.

2583 1435 2659 1489 De
2686 1434 2919 1490 ecclesia
2946 1434 3115 1489 Nova.

2094 1521 2415 1577 Ecclesiam
2464 1522 2703 1589 Novam,
2736 1522 2921 1578 aedem
2970 1522 3369 1579 Sanctissimae
3421 1522 3677 1596 Deipara:

2022 1609 2084 1666 in
2136 1612 2298 1680 Foro,
2332 1610 2637 1667 ecclesiam
2687 1612 2746 1667 S.
2780 1611 3083 1669 Michaelis
3130 1612 3296 1668 Tzeri
3343 1612 3561 1669 dictam
3612 1630 3679 1669 ac

2021 1706 2080 1757 S.
2114 1700 2450 1756 Diomedem
2480 1700 2747 1756 condidit
2776 1700 3031 1756 Basilius
3064 1701 3319 1757 Macedo.

2168 1809 2241 1863 De
2282 1809 2509 1864 ecclesia
2539 1809 2787 1879 Πιέραν-«τ
2818 1808 3163 1877 Hodegorum
3193 1811 3533 1880 cognomine.

2096 1895 2402 1966 Templum
2461 1897 2521 1951 S.
2574 1896 2827 1968 Deiparaa
2879 1896 3248 1969 Hodegorum
3299 1897 3523 1953 dictum
3581 1915 3677 1955 ex-

2026 1986 2243 2041 struxit
2284 1984 2554 2056 Michael,
2592 2001 2763 2056 quem
2823 1984 3080 2041 Basilius
3129 1986 3440 2043 interfecit.
3490 1991 3681 2044 Antea

2024 2088 2158 2127 vero
2198 2073 2349 2128 aedes
2401 2073 2511 2128 fuit
2540 2073 2936 2145 complurium
2986 2090 3294 2142 cacorum,
3327 2075 3429 2147 qui
3460 2094 3493 2132 a
3521 2076 3680 2133 fonte

2024 2162 2153 2231 ejus
2185 2160 2295 2216 loci
2327 2160 2516 2216 visum
2549 2167 2906 2233 receperant,
2939 2167 2997 2218 et
3036 2163 3176 2234 quia
3205 2163 3320 2219 alia
3350 2164 3538 2220 multa
3568 2164 3678 2219 mi-

2026 2249 2224 2305 racula
2255 2249 2471 2305 ibidem
2513 2250 2667 2306 edita
2707 2255 2872 2319 sunt,
2905 2250 3035 2307 ideo
3068 2252 3341 2325 Hodegus
3371 2270 3677 2327 nuncupa-

2023 2342 2148 2393 tum
2182 2338 2310 2393 fuit.

2532 2428 2606 2482 De
2636 2429 2837 2484 Balnea
2867 2429 3156 2500 Zeuxippi.

2094 2516 2371 2588 Zeuxippi
2430 2515 2708 2571 balneum
2762 2521 3009 2572 Severus
3067 2517 3400 2587 aediﬁcavit,
3441 2522 3500 2573 et
3553 2522 3688 2575 arte

2023 2606 2277 2676 quadam
2314 2605 2393 2660 ita
2422 2604 2719 2673 instruxit,
2749 2609 2814 2659 ut
2843 2605 3044 2661 vitreis
3076 2605 3332 2661 lucernis
3362 2607 3678 2663 succende-

2022 2698 2183 2749 retur
2215 2712 2228 2749 :
2262 2710 2330 2749 ex
2359 2709 2542 2764 eoque
2575 2710 2729 2765 aqua
2770 2694 3194 2749 ferventissime
3224 2693 3516 2765 ebulliret,
3547 2711 3676 2750 aer-

2021 2798 2131 2851 que
2162 2780 2358 2837 balnei
2409 2780 2715 2837 caleﬁeret.
2750 2780 2813 2835 Id
2846 2785 3039 2837 autem
3093 2782 3293 2838 stolidi
3342 2784 3539 2839 nescio
3571 2782 3674 2855 qui

2020 2869 2319 2927 venientes
2350 2874 2716 2939 everterunt;
2751 2887 2783 2926 ο
2813 2870 3267 2926 detrimentum!

2183 2978 2258 3032 De
2286 2980 2467 3031 statua
2496 2990 2620 3045 qua
2651 2978 2709 3030 in
2739 2976 3089 3031 Armamenlo
3117 2978 3379 3033 collocata
3407 2983 3507 3034 est.

2089 3066 2296 3121 Statua
2339 3081 2466 3135 quae
2498 3064 2556 3118 in
2588 3066 2966 3119 Armamento
3005 3064 3217 3119 visitur
3247 3064 3451 3120 Phocae
3481 3069 3569 3120 est
3602 3080 3673 3121 ex

250 3156 347 3208 τοῦ
426 3152 761 3228 στρατιώτου
832 3151 920 3205 ἐπὶ
995 3156 1093 3205 τοῦ
1175 3150 1465 3227 βασιλέως,
1542 3152 1630 3205 καὶ
1709 3149 1761 3205 έν
1827 3154 1906 3223 τῷ

254 3235 377 3255 ’ραι
538 3237 561 3255 ν
753 3246 780 3255 .-
894 3240 921 3255 ﬁ
1020 3239 1040 3255 ⁸.
1094 3238 1105 3255 Ι
1271 3239 1284 3255 ο
1362 3244 1389 3253 ιι-
1558 3239 1571 3255 ι
1663 3239 1678 3255 \
1783 3237 1825 3255 οἵ

2028 3153 2209 3209 milite
2266 3152 2659 3224 imperatoris,
2711 3169 2888 3222 quam
2953 3152 3077 3223 ipse
3134 3152 3383 3225 septimo
3439 3153 3673 3226 imperii

250 3235 477 3313 ἑϐδόμῳ
536 3237 639 3295 ἔτει
714 3246 814 3309 τῆς
893 3238 1170 3314 βασιλείας
1227 3239 1393 3294 αὐτοῦ
1449 3239 1574 3313 περὶ
1624 3239 1687 3293 τὸ
1742 3237 1904 3302 τέλος

247 3326 566 3397 σπουδάζων
596 3328 884 3403 ἀναγαγεῖν
919 3328 1086 3397 αὐτὴν
1116 3326 1167 3382 ἐν
1195 3333 1274 3400 τῷ
1302 3330 1566 3382 κτισθέντι
1596 3327 1760 3395 κίονι,
1811 3329 1901 3382 καὶ

251 3420 389 3491 μετὰ
416 3419 478 3473 τὸ
508 3417 791 3494 ἀναγαγεῖν
845 3417 1012 3487 αὐτὴν
1078 3418 1146 3486 ιη’
1204 3416 1608 3493 περιελθουσῶν
1658 3419 1901 3491 ἡμερῶν,

248 3505 558 3582 κατηνέχθη
618 3511 717 3572 τῆς
771 3505 1071 3580 βασιλείας.
1124 3506 1261 3563 Τότε
1311 3503 1369 3560 δὶ
1397 3507 1465 3575 ἧν
1498 3507 1525 3560 6
1561 3507 1843 3576 Ὲυκεώτης
1874 3508 1901 3561 6

254 3592 431 3655 ὅσιος.

627 3681 763 3756 Περὶ
791 3685 897 3735 τῶν
930 3679 1283 3754 καλουμένων
1312 3682 1535 3738 Τόπων.

318 3772 390 3830 Οἱ
450 3769 508 3825 δὲ
568 3768 859 3846 λεγόμενοι
913 3771 1113 3839 Τόποι,
1170 3772 1223 3825 οἱ
1282 3770 1519 3840 πλησίον
1578 3775 1675 3825 τοῦ
1722 3770 1902 3845 Ἀγίου

244 3861 522 3936 Λαζάρου,
581 3856 669 3913 διὰ
715 3864 876 3914 τοῦτο
933 3857 1240 3929 ἐκλήθησαν
1293 3859 1483 3921 οὕτως’
1551 3856 1714 3914 ὁπότε
1771 3858 1904 3914 έπα-

246 3950 411 4019 νέστη
465 3946 791 4010 Βασιλίσκος
854 3945 1210 4024 δρουγγάριος
1274 3948 1365 4002 καὶ
1423 3949 1733 4023 πατρίκιος,
1792 3950 1903 4018 Ζήο

247 4059 384 4092 νωνι
443 4040 523 4108 τῷ
594 4034 809 4112 βασιλεῖ
841 4080 856 4105 ,
909 4034 1145 4112 δευτέρῳ
1201 4035 1306 4091 ἔτει
1358 4038 1448 4091 καὶ
1508 4034 1715 4109 δεκάτῳ
1771 4036 1903 4109 μηνὶ

246 4133 349 4195 τῆς
412 4124 694 4200 βασιλείας
749 4124 935 4197 αὐτοῦ,
994 4125 1082 4179 καὶ
1127 4123 1338 4195 ἐδίωξεν
1371 4124 1553 4198 αὐτὸν,
1602 4126 1688 4179 καὶ
1746 4123 1903 4199 ἐκρά-

244 4235 383 4283 τησε
433 4212 760 4275 Βασιλίσκος
808 4221 906 4283 τῆς
970 4212 1248 4289 βασιλείας
1300 4212 1392 4283 ἔτη
1443 4210 1558 4271 δύο,
1618 4210 1905 4287 Ὑποστρέ-

247 4306 354 4375 ψας
414 4299 471 4356 δὶ
506 4302 535 4355 6
593 4302 777 4371 Ζήνων
815 4303 950 4375 μετὰ
998 4300 1305 4363 δυναστείας
1364 4305 1591 4377 στρατοῦ
1648 4301 1753 4355 ἀπὸ
1806 4307 1907 4370 τῆς

250 4390 506 4466 μεγάλης
552 4392 899 4464 ’Δντιοχείας
944 4390 1033 4445 καὶ
1066 4389 1239 4453 ἐλθὼν
1276 4391 1410 4463 μετᾶ
1449 4396 1699 4465 ταραχῆς
1730 4388 1780 4443 έν
1834 4392 1904 4461 τῇ

248 4478 437 4533 πόλει·
498 4475 735 4553 προδοὺς
792 4478 1091 4554 Ἀρμάτιος
1143 4479 1235 4533 τὸν
1296 4479 1520 4555 στρατὸν
1549 4481 1647 4532 τοῦ
1680 4475 1904 4533 Βασιλί-

2018 3243 2111 3297 sui
2145 3259 2299 3297 anno
2330 3241 2613 3297 columnae
2646 3240 2871 3312 imponi
2904 3240 3167 3308 curavit;
3202 3240 3672 3296 duodevicesimo

2014 3335 2211 3387 autem
2245 3331 2339 3385 die
2369 3330 2440 3385 ab
2469 3333 2662 3385 erecta
2698 3332 2897 3384 statua
2930 3328 3173 3400 imperio
3220 3327 3475 3399 pellitur.
3495 3327 3670 3383 Vive-

2011 3421 2111 3476 hat
2141 3424 2280 3475 tunc
2312 3418 2593 3490 temporis
2628 3418 2685 3473 S.
2721 3417 3065 3473 Theodorus
3099 3417 3363 3489 Syceota.

2536 3684 2611 3738 De
2645 3684 2800 3751 Topi:
2830 3687 2892 3738 ut
2920 3688 3136 3740 vocant.

2085 3770 2227 3841 Topi
2270 3770 2532 3841 proxime
2579 3772 2638 3827 S.
2674 3770 2983 3838 Lazarum,
3014 3776 3324 3844 propterea
3373 3771 3458 3828 ita
3506 3789 3663 3829 nun-

2012 3858 2207 3932 cupati
2260 3865 2419 3931 sunt,
2452 3860 2608 3930 quod
2663 3876 2797 3915 curn
2848 3860 3168 3917 Basiliscus
3214 3861 3575 3933 drungarius
3607 3866 3665 3919 et

2013 3947 2298 4019 patricius
2355 3947 2665 4004 defecisset
2719 3949 2791 4004 ab
2851 3948 3205 4020 imperatore
3260 3951 3512 4021 Zenone,
3572 3950 3667 4022 ip-

2014 4051 2263 4107 sumque
2316 4036 2542 4092 decimo
2598 4053 2799 4093 mense
2857 4042 2992 4110 post
3048 4039 3375 4094 secundum
3436 4037 3669 4109 imperii

2014 4141 2233 4179 annum
2292 4124 2438 4179 solio
2498 4125 2893 4191 deturbasset,
2948 4126 3076 4197 ipse
3134 4126 3454 4183 Basiliscus
3502 4127 3669 4182 bien-

2015 4213 2179 4267 nium
2211 4212 2459 4283 imperio
2501 4214 2724 4285 potitus
2772 4218 2881 4269 est.
2915 4213 3018 4269 His
3070 4214 3289 4269 exactis
3332 4216 3483 4270 Zeno
3534 4231 3670 4270 cum

2014 4300 2353 4372 ingentibus
2419 4301 2601 4371 copiis
2659 4319 2693 4356 a
2762 4317 2979 4372 magna
3044 4301 3351 4357 Antiochia
3415 4301 3670 4368 rediens,

2013 4387 2585 4459 Constantinopolim
2648 4405 2780 4443 cum
2863 4389 3025 4443 omni
3098 4387 3307 4443 bellico
3386 4393 3673 4460 apparatu

2013 4475 2194 4532 venit.
2229 4482 2372 4531 Cum
2408 4480 2605 4531 autem
2635 4476 2937 4531 Armatius
2968 4476 3182 4531 Zenoni
3213 4478 3480 4544 studens,
3514 4492 3674 4533 exer-

250 4587 409 4638 σκου,
445 4570 660 4641 φρονῶν
690 4566 758 4621 τὰ
806 4570 903 4622 τοῦ
950 4569 1225 4638 Ζήνωνος,
1281 4564 1444 4642 ἓφυγε
1492 4568 1520 4621 6
1582 4566 1905 4628 Βασιλίσκος

2028 4565 2200 4621 :itum
2254 4564 2522 4620 Basilisci
2570 4564 2947 4636 prodidisset,
2994 4563 3315 4620 Basiliscus
3366 4582 3485 4621 una
3534 4582 3671 4621 cum

249 4657 350 4710 σὺν
400 4658 470 4729 τῇ
539 4656 752 4731 γυναικὶ
815 4655 904 4711 καὶ
976 4662 1092 4718 τοῖς
1147 4656 1353 4718 τέκνοις
1426 4655 1592 4710 αὖτοῦ
1676 4655 1750 4718 εἷς
1810 4657 1907 4725 τήν

251 4745 443 4819 Ἀγίαν
500 4746 741 4819 Εἰρήνην
780 4746 880 4812 τήν
939 4744 1215 4802 παλαιάν.
1272 4746 1331 4801 Ὁ
1389 4742 1447 4798 δὲ
1504 4746 1687 4814 Ζήνων
1747 4743 1912 4818 ὥρισε

249 4834 470 4908 γενέσθε
525 4835 692 4887 τόπον
771 4834 1055 4909 κριτηρίου
1090 4876 1103 4902 ,
1161 4833 1250 4888 καὶ
1321 4832 1544 4907 θρόνους
1610 4837 1705 4887 τοῦ
1762 4834 1911 4907 ἱεροῦ

245 4921 564 4998 καταλόγου
595 4966 610 4992 ,
668 4923 759 4976 καὶ
809 4928 909 4991 τῆς
972 4921 1284 4997 συγκλήτου
1319 4964 1332 4990 ,
1398 4921 1489 4976 καὶ
1546 4922 1908 4985 καθεσθέντων

244 5008 424 5065 ἐκεῖσε
508 5008 721 5064 πάντων
756 5051 772 5078 ,
851 5008 1165 5065 κατεδίκασε
1228 5010 1323 5065 τὸν
1399 5009 1743 5081 Βασιλίσκον,
1819 5025 1910 5080 καὶ

246 5097 501 5171 ἐξώρισεν
574 5097 734 5153 αὐτὸν
822 5098 899 5161 εἷς
971 5097 1181 5172 Λίμνας
1263 5099 1425 5174 γώρὰ
1526 5095 1909 5161 Καππαδοκίας

243 5182 454 5239 ἓσωθεν
516 5184 842 5242 καστελλίου
878 5231 892 5242 .
942 5192 1053 5256 Τῆς
1103 5185 1161 5241 δὶ
1208 5186 1370 5262 θύρας
1418 5188 1746 5263 σφραγείσης
1803 5188 1909 5242 ἀπὸ

249 5271 452 5347 λιμοῦ,
499 5276 587 5329 καὶ
622 5273 810 5349 δίψης,
852 5276 942 5330 καὶ
976 5274 1190 5351 ψύχους
1234 5272 1550 5347 παρέδωκαν
1582 5276 1676 5337 τὰς
1705 5276 1907 5330 ἑαυτῶν

247 5361 462 5437 ψυχάς.
518 5365 614 5418 Καὶ
692 5363 889 5419 τούτου
965 5363 1125 5440 χάριν
1205 5362 1514 5434 ἐκλήθησαν
1568 5362 1764 5428 Τόειιτοι⁹
1823 5360 1911 5417 διὰ

240 5451 381 5513 τοὺς
410 5453 763 5517 καθεσθέντας
786 5455 974 5527 κριτὰς
1022 5453 1195 5508 ἐκεῖσε
1223 5454 1310 5509 καὶ
1344 5454 1529 5526 ἱερεῖς.
1561 5454 1825 5530 ’Έφθανον
1855 5449 1911 5506 δὲ

245 5538 457 5595 ἐκεῖθεν
488 5543 557 5596 τὰ
584 5542 855 5616 κτίσματα
884 5546 992 5597 τῶν
1020 5541 1321 5617 Τρικλίνων
1353 5541 1500 5613 παρὰ
1525 5544 1621 5595 τοῦ
1652 5536 1909 5615 Μεγαλου

248 5630 602 5686 Κωνσταντίν
611 5653 674 5687 ου
703 5631 1003 5688 κτισθέντα.

585 5763 848 5823 ΡΑτιιοῑ..
901 5762 1012 5822 Gn.
1060 5759 1299 5821 CXXII.

2018 4670 2193 4709 uxore
2224 4658 2281 4709 et
2311 4653 2514 4708 liberis
2562 4653 2621 4707 in
2671 4650 2977 4707 ecclesiam
3027 4652 3329 4725 antiquam
3382 4653 3440 4709 S.
3477 4657 3674 4710 Irenes

2019 4744 2156 4814 fuga
2188 4759 2249 4797 se
2281 4742 2519 4813 recepit.
2552 4742 2701 4797 Zeno
2750 4744 2946 4796 autem
2986 4741 3170 4811 jussit
3200 4742 3325 4797 fieri
3359 4742 3487 4799 loca
3509 4743 3673 4813 judi-

2018 4831 2220 4899 ciaria,
2251 4836 2307 4886 et
2358 4832 2524 4887 sedes
2575 4830 2729 4885 clero
2776 4834 2832 4885 et
2880 4830 3144 4897 senatui;
3189 4847 3256 4886 ac
3313 4831 3415 4886 ubi
3468 4847 3673 4887 omnes

2018 4920 2449 4985 consedissent,
2481 4920 2894 4975 condemnavit
2935 4918 3307 4989 Basiliscum,
3340 4924 3398 4975 et
3427 4920 3488 4976 in
3520 4921 3672 4976 Lim-

2019 5027 2126 5065 nas
2177 5007 2373 5063 locum
2422 5007 2806 5080 Cappadociae
2857 5006 3137 5080 relegavit
3186 5013 3244 5064 et
3291 5007 3532 5065 castello
3580 5008 3672 5063 in-

2018 5095 2215 5166 clusit,
2248 5100 2423 5168 atque
2471 5095 2738 5152 obserato
2780 5096 2952 5165 ostio,
2985 5096 3069 5152 sic
3120 5096 3216 5151 illo
3265 5097 3440 5163 fame,
3474 5095 3573 5152 siti
3603 5111 3670 5151 ac

2018 5186 2234 5258 frigore
2264 5201 2385 5240 una
2414 5201 2548 5240 cum
2602 5202 2777 5241 uxore
2809 5202 2874 5240 ac
2914 5184 3116 5240 liberis
3164 5184 3487 5239 exstinctus
3519 5182 3670 5239 inte-

2019 5275 2135 5330 riit.
2169 5274 2251 5329 Ob
2284 5273 2443 5329 hunc
2491 5272 2673 5345 igitur
2704 5274 2976 5345 judicum
3006 5289 3070 5327 ac
3113 5272 3483 5327 sacerdotum
3530 5287 3669 5328 con-

2018 5380 2274 5429 sessum,
2327 5362 2489 5418 locus
2548 5361 2646 5419 ille
2690 5363 2986 5434 Toporum
3038 5375 3250 5415 nomen
3299 5362 3507 5416 nactus
3556 5366 3667 5419 est.

2015 5454 2095 5509 E0
2128 5468 2313 5525 usque
2336 5468 2468 5507 vero
2500 5450 2908 5523 pertingebant
2938 5446 3193 5503 triclinia
3223 5465 3256 5504 a
3285 5449 3669 5508 Constantino

2016 5545 2224 5615 Magno
2255 5544 2577 5597 exstructa.

3266 5754 3345 5813 39
