4060 6214
414 297 570 357 {997

957 430 1031 485 De
1056 430 1254 484 Sancto
1290 429 1522 484 Lazaro.

482 517 792 590 Templum
824 523 878 572 S.
918 518 1107 572 Lazari
1139 518 1449 573 fundatum
1480 518 1569 571 est
1611 533 1644 570 a
1686 514 1898 571 Basilio
1931 514 2054 569 Ma—

408 608 649 677 cedone,
684 608 838 674 quod
872 607 1081 662 deinde
1120 607 1229 661 Leo
1278 607 1405 675 ejus
1454 603 1612 659 ﬁlius
1660 604 1719 657 in
1772 604 2053 673 majorem

407 699 659 751 formam
690 696 941 761 reduxit,
977 693 1365 766 plurimisque
1396 692 1871 764 possessionibus
1902 692 2054 746 dita-

406 785 507 853 vit,
539 801 605 839 ac
637 784 1058 839 monasterium
1106 781 1511 838 cunuchorum
1563 781 1715 836 fecit.
1750 782 1825 836 Eo
1876 780 2053 835 etiam

406 891 473 929 ex
504 874 690 946 Cypro
722 871 997 943 reliquias
1030 873 1085 926 S.
1126 870 1334 940 Lazari,
1354 875 1410 926 et
1440 887 1509 925 ex
1538 870 1808 942 Bithynia
1839 873 2058 925 sanctae

407 962 601 1018 Marias
633 960 1058 1033 unguentiferae
1093 959 1418 1015 transtulit.

918 1229 994 1283 De
1023 1229 1231 1283 Sancto
1262 1228 1555 1283 Demetrio.

478 1317 676 1373 Sancti
706 1317 984 1373 Demetrii
1032 1317 1213 1371 aedem
1248 1333 1375 1387 quae
1428 1332 1606 1386 supra
1638 1331 1841 1370 muros
1872 1318 2064 1380 exstat

406 1408 626 1462 Bardas
693 1410 881 1460 Casar
946 1404 1286 1473 aediﬁcavit,
1341 1404 1665 1460 avunculus
1734 1403 2057 1469 Michaelis,

407 1511 579 1566 quem
612 1495 905 1550 interfecit
934 1494 1188 1550 Basilius
1233 1496 1386 1566 apud
1434 1494 1491 1549 Β.
1526 1494 1905 1560 Mamantem,
1930 1494 2057 1563 jam

407 1590 580 1641 antea
608 1585 735 1656 ipso
769 1584 1011 1651 Czesare,
1046 1585 1185 1639 dum
1227 1601 1342 1638 una
1372 1600 1506 1638 cum
1547 1582 1829 1638 Michaele
1858 1581 2055 1637 Orion-

401 1674 580 1730 talem
620 1674 1050 1745 expeditionem
1103 1674 1449 1745 susciperet,
1485 1671 1865 1728 membratim
1914 1688 2055 1728 con-

1372 296 1774 357 APPENDIX
1820 296 1922 354 AD
1966 292 2432 355 MlGHAELEM
2473 294 2869 356 PSELLUM.

2085 427 2141 494 Α

3667 297 3818 358 1328

2597 425 2725 500 Περὶ
2759 428 2857 480 τοῦ
2892 422 3079 503 ’Δγίου
3118 425 3390 501 Λαζάρου.

2235 514 2290 567 '0
2351 511 2408 568 δὶ
2474 516 2665 589 ’Ἄγιος
2722 512 2971 590 Λάζαρος
3044 513 3261 585 ἃκτίσθη
3338 516 3432 588 μὲν
3508 514 3659 592 παρὰ
3727 521 3819 572 τοῦ

2163 599 2494 672 Μακεδόνος,
2540 598 2763 677 ὕστερον
2815 600 2873 658 δὶ
2918 604 3065 677 παρὰ
3112 603 3343 671 Λέοντος
3372 608 3469 660 τοῦ
3503 606 3625 660 υίοῦ
3658 605 3819 661 αὐτοῦ

2164 689 2497 762 ἐπλατύνθη,
2549 692 3036 767 άποχαρισαμίνου
3068 691 3120 747 ἰν
3164 697 3247 766 τῷ
3272 693 3507 767 τοιούτῳ
3530 699 3646 766 ναῷ
3691 696 3823 765 nni,—

2168 800 2311 853 ματα
2340 779 2546 854 πολλὰ,
2577 782 2668 836 καὶ
2699 780 2776 845 εἲς
2823 780 3103 857 εὐνούχων
3140 783 3309 857 μονὴν
3336 783 3539 855 ταύτην
3587 786 3821 839 bona.

2165 868 2419 941 ἑστησεν.
2462 872 2659 948 Ἔφερε
2724 867 2782 926 εὶ
2830 870 2936 926 ἀπὸ
2985 870 3207 947 Κύπρου
3259 873 3350 928 καὶ
3402 872 3471 928 τὰ
3528 875 3659 949 ἅγια
3710 872 3822 929 λεία

2165 960 2307 1031 ψανα
2354 964 2450 1014 τοῦ
2520 960 2677 1034 ἁγίου
2747 961 2999 1036 Λαζάρου
3029 1002 3044 1031 ,
3100 961 3190 1031 καὶ
3247 961 3353 1018 ἀπὸ
3408 961 3654 1025 Βιθυνίας
3720 965 3823 1032 τῆς

2168 1046 2325 1122 ἁγίας
2384 1047 2590 1123 Μαρίας
2647 1056 2747 1120 τῆς
2811 1050 3130 1129 μυροφόρου
3162 1091 3176 1120 ,
3229 1051 3318 1106 καὶ
3374 1050 3591 1107 intacto
3651 1050 3825 1111 huic:

2167 1157 2354 1195 ταυτα.

2559 1227 2691 1302 Περὶ
2722 1232 2821 1283 τοῦ
2856 1228 3046 1303 Ἀγίου
3076 1230 3422 1304 Δημητρίου.

2240 1317 2345 1372 Τὸν
2381 1313 2438 1370 δὲ
2479 1317 2633 1391 ἅγιον
2692 1317 3008 1389 Δημήτριον
3054 1317 3145 1372 τὸν
3198 1314 3395 1381 ἄνωθεν
3448 1322 3546 1372 τοῦ
3599 1317 3825 1393 τείχους

2170 1398 2317 1476 ὄντα,
2376 1398 2550 1459 ἔκτισε
2589 1401 2797 1479 Βάρδας
2831 1406 2858 1459 6
2890 1410 3126 1481 Καῖσαρ,
3183 1407 3211 1459 6
3269 1407 3413 1468 Θεῖος
3462 1404 3558 1461 τοῦ
3617 1408 3828 1483 ἀναιρε-

2169 1494 2349 1556 θὲντος
2406 1491 2635 1569 Μιχαὴλ
2694 1495 2842 1569 παρὰ
2898 1494 3185 1550 Βασιλείου
3214 1495 3289 1556 εἷς
3342 1496 3436 1550 τὸν
3467 1498 3664 1571 υΔγιύν
3700 1498 3827 1553 Μά-

2171 1604 2363 1656 μαντα,
2395 1584 2484 1637 καὶ
2516 1583 2682 1637 αὐτοῦ
2711 1588 2807 1637 τοῦ
2850 1583 3120 1660 Καίσαρος
3149 1586 3551 1650 νατακοπέντος
3600 1582 3823 1659 ἔξωθεν,

2166 1670 2255 1727 ὅτε
2289 1672 2536 1745 μετάτοῦ
2566 1671 2799 1748 Μιχαὴλ
2835 1672 3159 1743 συνεξῆλθεν
3212 1675 3289 1736 εἱς
3334 1676 3433 1743 τὴν
3485 1674 3823 1749 ³Δνατολὴν,

346 1766 356 1773 ’
402 1766 522 1822 ciso
554 1767 614 1820 in
659 1771 976 1838 conspectu
1028 1765 1332 1822 Michaelis
1363 1782 1432 1821 ex
1462 1782 1662 1821 sorore
1710 1782 1818 1821 sua
1848 1764 2048 1835 geniti.

2169 1759 2407 1835 μεληδὸν
2442 1760 2671 1816 ἐνώπιον
2706 1761 2936 1837 Μιχαὴλ
2963 1767 3063 1827 τοῦ
3094 1764 3312 1836 ἀνεψιοῦ
3343 1763 3529 1820 αὐτοῦ.
3561 1762 3819 1841 Δδελφὸς

402 1853 607 1908 Frater
629 1810 846 1924 quipp;
875 1855 999 1908 erat
1017 1852 1230 1908 Bardas
1258 1851 1572 1907 Theodore
1601 1810 1901 1921 August;
1928 1866 2048 1920 quae

2169 1810 2401 1835 ,τη--.-ν-
2444 1810 2665 1816 nm----
2706 1810 2776 1825 ...τ
2828 1810 2936 1832 ην.
2975 1810 3063 1827 --τ
3095 1810 3181 1827 νγ-
3232 1810 3308 1818 --ν
3344 1810 3529 1820 ..-η--
3561 1810 3817 1841 --νη-τν-

2167 1850 2262 1926 γὰρ
2294 1849 2584 1926 ἑνόγχανεν
2612 1852 2639 1911 6
2673 1810 2881 1924 8696a:
2911 1858 3010 1922 τῆς
3034 1810 3352 1926 Αὐγοόστης
3379 1850 3686 1927 Θεοδώρας,
3715 1859 3824 1923 τῆς

401 1946 591 1997 mater
619 1945 742 1996 erat
771 1940 1096 1997 Michaelis.

799 2048 890 2103 De
916 2048 1114 2120 templo
1148 2047 1285 2103 Stiri
1312 2052 1646 2119 nuncupata.

472 2138 785 2211 Templum
808 2136 1309 2208 Archangelorum
1333 2136 1473 2192 Stiri
1494 2136 1736 2202 dictum,
1752 2153 1784 2190 a
1810 2135 2053 2192 muliere

405 2230 661 2301 quadam
703 2228 913 2297 sterili,
943 2245 1070 2300 quae
1120 2233 1244 2284 erat
1293 2228 1558 2300 patricia,
1593 2243 1915 2299 cognomen
1949 2227 2050 2282 ob-

402 2318 597 2385 tinuit,
649 2322 706 2373 et
760 2318 871 2374 fuit
923 2322 1187 2390 tempore
1245 2318 1455 2373 Leonis
1515 2316 1744 2373 Macelaa
1805 2332 2049 2388 parvum

404 2408 746 2464 oratorium.
778 2408 965 2479 Igitur
994 2426 1028 2464 a
1059 2408 1304 2464 muliere
1328 2424 1540 2464 nomen
1573 2408 1801 2475 habuit,
1824 2424 1857 2461 a
1880 2407 2051 2478 cujus

402 2497 565 2553 obitu
598 2515 632 2553 a
661 2497 1095 2570 septuagesimo
1128 2498 1329 2568 quinto
1379 2515 1533 2553 anno
1587 2514 1838 2568 magnus
1867 2496 2050 2551 Justi-

402 2588 616 2643 nianus
648 2604 874 2660 magnae
907 2587 1162 2643 ecclesiae
1194 2587 1461 2642 conditor
1490 2586 1569 2641 ibi
1599 2585 1885 2657 templum
1917 2585 2051 2641 aedi-

402 2676 617 2732 ﬁcavit.
655 2677 721 2731 At
748 2675 987 2748 templis
1017 2679 1184 2731 terrae
1219 2681 1379 2731 motu
1412 2674 1709 2748 collapsis,
1742 2673 1887 2728 illud
1920 2678 2052 2745 post

401 2782 589 2821 annos
621 2768 911 2821 trecentos
942 2768 1001 2820 et
1032 2764 1274 2837 triginta
1318 2768 1445 2820 octo
1476 2764 1776 2819 renovavit
1805 2762 2051 2819 Basilius

402 2855 661 2922 Macedo,
716 2854 815 2926 qui
865 2854 1108 2926 insuper
1156 2854 1413 2909 ablatam
1465 2871 1498 2909 a
1545 2853 1830 2925 Strategio
1883 2852 2050 2924 phia-

402 2944 520 3000 lam
552 2961 776 3000 anaeam
826 2944 966 2999 illuc
993 2944 1318 3000 transtulit.
1352 2945 1421 2999 Et
1458 2948 1600 2998 tunc
1649 2958 1915 2998 eversum
1963 2944 2053 2997 est

404 3034 642 3106 signum
673 3034 817 3089 illud
864 3033 1089 3105 magice
1138 3038 1566 3100 consecratum,
1618 3032 1963 3097 maximum,
1996 3034 2053 3085 et

405 3140 522 3195 pm
588 3123 811 3179 caeteris
877 3122 1304 3192 necessarium,
1364 3121 1637 3177 videlicet
1701 3119 2053 3191 Conopionis

2165 1939 2377 2015 μητρὸς
2408 1938 2573 1998 αὐτοῦ
2607 1937 2865 2013 Μιγαήλ.

2624 2044 2755 2119 Περὶ
2783 2050 2881 2102 τοῦ
2926 2044 3151 2121 Στείρου
3200 2051 3359 2104 ναοῦ.

2232 2138 2351 2189 Ὅτι
2379 2136 2408 2191 6
2441 2140 2663 2211 Στεῖρος
2692 2136 2820 2197 ναὸς
2865 2139 2974 2201 τῶν
3022 2134 3417 2212 ζΔρχιιιγγίλων
3470 2136 3579 2193 άπὸ
3606 2137 3831 2214 στείρας

2161 2224 2419 2299 γυναικὸς
2466 2218 2629 2278 ἔλαϐε
2674 2224 2775 2292 τὴν
2825 2224 3224 2299 προσηγορίαν,
3273 2224 3563 2301 πατρικίας
3622 2225 3822 2297 οὕσηςο

2160 2313 2250 2367 καὶ
2284 2312 2334 2367 ἐν
2365 2317 2486 2374 τοῖς
2518 2312 2744 2387 χρόνοις
2792 2312 3024 2375 Λέοντος
3071 2318 3168 2367 τοῦ
3221 2312 3478 2371 Μακὲλου
3530 2313 3827 2390 εὐκτήριον

2163 2401 2356 2477 μικρὸν
2408 2403 2493 2472 ἦν.
2530 2399 2668 2467 Ἀπὸ
2710 2397 2767 2455 δὶ
2810 2408 2913 2471 τῆς
2942 2402 3201 2478 γυναικὸς
3232 2401 3526 2475 ὠνομάσθη
3556 2405 3584 2457 6
3613 2403 3815 2472 τόπος,

2158 2490 2248 2545 καὶ
2296 2488 2724 2561 τελεοτησάσης,
2782 2487 3010 2560 διῆλθον
3062 2489 3257 2566 χρόνοι
3306 2493 3398 2562 σε’,
3452 2490 3542 2547 καὶ
3587 2491 3813 2564 ἐκτίσθη

2159 2580 2187 2634 6
2237 2580 2363 2641 ναὸς
2416 2579 2563 2655 παρὰ
2601 2581 2987 2637 Ἰουστιτιανοῦ
3040 2583 3139 2635 τοῦ
3196 2579 3496 2657 Μεγάλου,
3543 2585 3643 2637 toi
3689 2583 3819 2637 κτίς

2159 2688 2350 2744 στορος
2397 2674 2498 2737 τῆς
2551 2666 2817 2743 Μεγάλης
2875 2666 3187 2739 ἐκκλησίας.
3248 2670 3696 2742 Συμπωθὲπων
3755 2667 3819 2726 δὶ

2142 2761 2267 2813 τῶν
2295 2760 2437 2815 ναῶν
2475 2757 2579 2811 ὑπὸ
2625 2760 2722 2811 τοῦ
2771 2761 2997 2830 σεισμοῦ
3046 2759 3179 2830 μετᾶ
3229 2756 3465 2833 χρόνους
3510 2757 3657 2829 τλη’,
3720 2759 3819 2814 iu.-

2160 2846 2418 2901 εκαίνισεν
2469 2845 2631 2900 αὐτὸν
2679 2844 2963 2909 Βασίλειος
3013 2848 3041 2901 6
3086 2843 3371 2917 Μακεδὼν,
3421 2843 3569 2909 ὅστις
3625 2848 3714 2903 καὶ
3759 2848 3823 2905 ὶκ

2157 2938 2258 2989 τοῦ
2308 2934 2649 3010 Στρατηγίου
2694 2932 2826 3010 ἄρας
2869 2936 2968 3005 τὴν
3021 2934 3224 3013 φιάλην
3272 2937 3373 3007 τὴν
3428 2936 3673 3012 χαλκῆν,
3726 2937 3819 2991 τὲ-

2160 3035 2331 3088 θεικεν
2389 3022 2556 3099 αὐτὴν
2616 3024 2830 3094 ἐκεῖσε,
2887 3023 2977 3089 καὶ
3045 3029 3345 3093 τηνικαῦτα
3399 3023 3686 3099 παρελύθη
3747 3027 3815 3081 τὸ

2164 3110 2417 3187 μέγιστόν
2470 3132 2529 3175 τε
2572 3110 2662 3166 καὶ
2725 3110 3143 3186 ἀναγκαιότατον
3205 3117 3313 3179 τῶν
3372 3112 3424 3179 ἐν
3473 3117 3541 3186 τῇ
3598 3112 3763 3181 πόλει
3800 3156 3819 3183 ,

406 3229 544 3268 cum
577 3211 818 3282 muscis,
854 3212 1163 3280 culicibus,
1194 3211 1510 3283 pulicibus,
1556 3210 1887 3277 cimicibus,
1919 3226 2046 3281 qua:

2167 3197 2420 3271 δηλονότι
2450 3204 2546 3255 τοῦ
2572 3221 2631 3258 τε
2660 3201 3046 3272 Κωνωπίονος,
3077 3201 3167 3267 καὶ
3196 3205 3305 3269 τῷν
3341 3185 3535 3275 μυιῷν,
3562 3202 3651 3257 καὶ
3707 3208 3822 3269 τῖον

408 3302 480 3357 ab
514 3302 686 3357 annis
717 3302 989 3358 ducentis
1039 3301 1416 3373 septuaginta
1464 3299 1523 3355 in
1574 3299 1717 3355 urbe
1748 3315 1863 3354 non
1897 3314 2054 3353 com-

408 3395 751 3463 paruerunt.

1022 3481 1094 3535 De
1122 3480 1429 3550 Manganis.

472 3570 762 3642 Mangana
810 3568 1232 3623 Constantinus
1292 3568 1540 3639 Magnus
1589 3565 1896 3622 aediﬁcavit
1944 3582 2047 3638 pro

399 3657 651 3712 ofﬁcinis
684 3656 1099 3727 imperatoriis.
1137 3654 1302 3709 Dicta
1333 3660 1526 3709 autem
1568 3658 1707 3708 sunt
1738 3657 2045 3724 Mangana,

396 3746 550 3815 quod
580 3744 701 3799 illic
733 3744 991 3815 reposita
1023 3748 1221 3798 essent
1258 3744 1457 3799 omnia
1497 3742 1892 3797 instrumenta
1923 3740 2043 3796 bel-

389 3832 523 3904 ljca,
554 3836 611 3888 et
640 3832 895 3888 materiai
929 3832 1299 3902 mechanicas,
1332 3835 1390 3885 et
1419 3834 1739 3902 apparatus
1773 3846 2042 3886 necessa-

389 3920 513 3975 rius
542 3921 613 3975 ad
648 3921 1047 3993 oppugnanda
1077 3921 1314 3975 moenia.

1025 4027 1100 4081 De
1138 4026 1399 4097 Cynegio.

459 4119 523 4170 In
556 4115 750 4171 locum
800 4119 1204 4186 nuncupatum
1235 4114 1555 4186 Cynegium
1606 4114 1745 4170 olim
1785 4114 2039 4171 violenta

389 4208 576 4261 morte
607 4204 890 4278 perempti
934 4204 1418 4277 projiciebantur,
1453 4220 1637 4275 eoque
1668 4204 1725 4259 in
1759 4204 1883 4260 loco
1916 4208 2034 4260 sta-

386 4299 501 4350 tua:
535 4295 801 4368 quaedam
827 4293 1185 4349 visebantur.
1209 4293 1332 4347 Huc
1364 4292 1706 4349 Theodorus
1737 4294 2037 4365 Anagnos-

387 4386 477 4438 tes
508 4400 642 4439 cum
688 4382 946 4438 Himerio
975 4380 1342 4438 Chartulario
1392 4384 1706 4453 profectus,
1740 4382 1883 4437 vidit
1912 4386 2031 4437 sta-

2162 3287 2426 3362 ἐμπίδων,
2457 3288 2546 3347 καὶ
2577 3287 2829 3364 ψάλλων,
2857 3291 2948 3353 καὶ
2985 3289 3256 3361 κωρίὸῳν,
3288 3290 3551 3369 πρότερον
3581 3291 3823 3367 χρόνους

2163 3380 2237 3441 σο⁹
2272 3380 2348 3453 μὴ
2380 3374 2552 3439 ὄντων
2584 3376 2637 3437 ἐν
2668 3382 2739 3453 τῇ
2769 3376 2954 3441 πόλει.

2729 3468 2859 3543 Περὶ
2910 3470 3237 3545 Μαγγοινῷνς

2229 3557 2311 3613 Τὰ
2366 3554 2424 3611 δὶ
2480 3558 2740 3631 Μάγγανα
2804 3558 2832 3611 6
2900 3558 3080 3634 Μέγας
3158 3562 3560 3620 Κωνσταντῖνος
3631 3558 3817 3623 ἔκτισε

2154 3645 2305 3722 λόγῳ
2331 3651 2439 3701 τῶν
2496 3645 2797 3722 βασιλικῶν
2858 3644 3208 3726 ἕργοδοσίων.
3270 3645 3511 3718 Ἐκλήθη
3564 3645 3623 3702 δὶ
3654 3651 3814 3724 Μάγ-

2149 3756 2286 3810 γανα
2309 3733 2399 3791 διὰ
2447 3737 2509 3791 τὸ
2540 3736 2605 3791 τὰ
2639 3737 2895 3811 μάγγανα
2923 3735 3104 3808 πάσης
3132 3744 3234 3807 τῆς
3278 3736 3519 3807 πόλεως,
3566 3736 3657 3801 καῖ
3710 3738 3815 3802 τὰς

2152 3824 2461 3899 μηχανικὰς
2494 3823 2629 3888 ὕλας
2682 3824 2855 3885 ἐκεῖσε
2904 3825 3246 3899 ἀποκεῖσθαι,
3303 3826 3394 3885 καὶ
3440 3825 3508 3889 τὰ
3544 3827 3682 3901 πρὸς
3713 3828 3815 3897 τήν

2144 3913 2513 3989 τειχομαχίαν
2545 3913 2710 3985 σκεύη
2723 3958 2737 3972 .

2646 4023 2780 4097 Περὶ
2820 4025 2928 4077 τῶν
2978 4022 3292 4097 Κυνηγίων.

2216 4110 2306 4167 'E'c
2346 4108 2403 4164 δὲ
2456 4112 2537 4183 τῷ
2590 4111 2746 4184 τόπῳ
2803 4114 2882 4183 τῷ
2928 4105 3260 4184 καλουμῖνῳ
3315 4112 3593 4186 Κυνήγιον
3654 4110 3807 4187 655,5!-

2138 4219 2341 4254 πτοντο
2372 4204 2590 4273 πρῶτον
2632 4201 2684 4254 oi
2738 4199 3074 4276 βιοθάνατοι.
3123 4206 3289 4258 Ἦσαν
3335 4197 3392 4256 δι
3420 4220 3562 4262 τινες
3624 4199 3809 4256 ἰκεῖσι

2139 4287 2359 4353 στῆλαι.
2429 4286 2717 4352 Ἀπελθὼν
2775 4286 2833 4342 δὶ
2886 4287 3168 4365 Θεόδωρος
3217 4288 3599 4365 εΔναγνώστης
3680 4292 3809 4361 μετ’

2148 4377 2369 4452 Ιμερίου
2422 4376 2862 4453 Χαρτουλαρίου,
2922 4374 3055 4433 εἶδεν
3115 4378 3286 4441 ἐκεῖσε
3336 4375 3545 4449 στήλην
3595 4380 3802 4453 μικρὰν

387 4476 549 4526 tuam
582 4472 833 4543 brevem,
866 4472 969 4527 sed
999 4471 1164 4526 valde
1212 4471 1404 4525 latam.
1456 4470 1545 4525 Me
1587 4474 1805 4541 autem,
1838 4471 2034 4542 inquit

2172 4469 2216 4537 ᾦ
2273 4467 2458 4540 μήκει,
2517 4466 2608 4521 καὶ
2669 4457 2931 4522 πλατεῖαν
2992 4465 3148 4522 πάνυ.
3202 4468 3371 4539 Ἔμοῦ
3424 4456 3504 4537 δὲ,
3551 4467 3721 4543 φησὶν
3776 4468 3805 4520 6

385 4559 750 4629 Theodorus,
766 4559 1511 4631 admirante,interrogavit
1526 4559 1815 4614 Himerius
1840 4564 1897 4614 et
1916 4559 2038 4631 ipse

2167 4552 2445 4634 h66wpoc,
2504 4556 2907 4629 θαυμάζοντος,
2967 4554 3067 4635 ἔφη
3131 4557 3160 4610 6
3212 4556 3448 4631 Ἱμέριος
3495 4554 3589 4615 καὶ
3636 4554 3804 4617 αὐτὸς

387 4648 800 4720 mirabundus,
853 4649 1121 4719 quisnam
1173 4648 1490 4721 Cynegium
1549 4647 1849 4703 condidit?
1899 4652 2025 4704 tum

2168 4645 2451 4716 αυμάζων,
2532 4646 2724 4707 ’Ὁστις
2804 4646 2833 4700 6
2907 4644 3094 4708 κτίσας
3151 4646 3214 4700 τὸ
3273 4644 3542 4721 Κυνήγιόν
3603 4645 3803 4701 terris:

384 4753 486 4808 ego
521 4753 533 4791 :
567 4735 920 4792 Maximinus
968 4736 1272 4805 exstruxit,
1308 4737 1585 4792 Aristides
1622 4752 1755 4791 vero
1801 4737 2026 4791 dimen-

2167 4734 2305 4805 ὒμοῢ
2351 4730 2409 4786 δὲ
2459 4731 2741 4805 εἷ’πόντος,
2798 4734 3104 4807 Μαξιμῖνος
3145 4734 3173 4788 6
3222 4735 3434 4801 κτίσας,
3491 4736 3581 4787 καὶ
3643 4734 3804 4807 Ἀρι-

383 4842 487 4882 sus
516 4829 606 4882 est
638 4842 650 4879 :
685 4828 743 4881 et
774 4824 1043 4898 protinus
1075 4830 1271 4882 statua
1301 4824 1401 4880 illa
1431 4827 1672 4896 delapsa
1702 4824 2025 4881 Himerium

2167 4819 2350 4890 τείδης
2402 4821 2429 4875 6
2478 4823 2910 4897 καταμετρήσας,
2971 4822 3212 4899 παρευθῦ
3268 4827 3449 4877 πεσεῖν
3504 4822 3604 4890 τὴν
3662 4823 3800 4893 στή-

380 4913 692 4987 oppressit.
728 4914 873 4969 Mihi
903 4931 1036 4971 vero
1068 4931 1200 4970 cum
1247 4915 1317 4969 ad
1360 4915 1650 4986 templum
1682 4916 2025 4986 perterritus

2172 4931 2277 4982 ην,
2335 4908 2425 4964 καὶ
2495 4914 2719 4985 κροῦσαι
2776 4910 2870 4966 τὸν
2941 4912 3223 4988 Ἰμὲριον,
3280 4910 3371 4966 καὶ
3434 4910 3570 4984 μετὰ
3623 4914 3799 4966 ταῦτα

377 5003 685 5075 fugissem,
705 5006 763 5059 et
784 5004 938 5075 quod
964 5003 1270 5072 acciderat,
1292 5004 1648 5071 nuntiarem,
1668 5019 1838 5059 nemo
1861 5002 2023 5076 prius

2167 5003 2464 5055 ανατῶσαι.
2517 5000 2621 5055 Καὶ
2677 4994 3014 5075 φοϐηθὲντος
3066 5021 3193 5075 μου,
3244 5002 3334 5055 καὶ
3384 5000 3523 5076 πρὸς
3566 5000 3669 5067 τὴν
3711 4999 3801 5054 ὲκ.

379 5092 657 5162 credidit,
717 5109 895 5166 quam
961 5108 1083 5148 rem
1139 5093 1526 5164 jurejurando
1592 5093 2019 5149 confirmarem.

2168 5087 2361 5161 λησίαν
2413 5090 2680 5166 φυγόντος
2704 5089 2794 5144 καὶ
2825 5076 3301 5167 καταγγίλλοντος
3329 5090 3399 5144 τὰ
3447 5090 3793 5173 πραχθὲντα,

377 5179 617 5252 Aliquot
645 5180 827 5254 igitur
857 5197 923 5235 ex
953 5180 1235 5253 perempti
1261 5179 1522 5252 cognatis
1549 5183 1605 5234 et
1635 5179 2021 5235 familiaribus

2167 5177 2310 5240 ὖδείς
2372 5198 2465 5250 μοι
2518 5176 2824 5234 ὶπίστευσεν
2862 5222 2876 5251 ,
2950 5178 3057 5241 ’ἕως
3113 5177 3176 5233 ἂν
3236 5177 3420 5257 ερκοις
3478 5177 3611 5232 αὐτὸ
3669 5172 3797 5233 ἆίιὲ

375 5266 752 5340 imperatoris
802 5284 1032 5324 mecum
1079 5268 1151 5323 ad
1184 5267 1505 5341 Cynegium
1540 5272 1935 5339 perrexerunt,
1967 5272 2024 5324 et

2167 5266 2353 5324 αίωσα.
2413 5266 2475 5320 Οἱ
2536 5264 2628 5323 οὖν
2687 5268 2882 5323 οἰκεῖοι
2935 5273 3033 5324 τοῦ
3074 5266 3517 5338 τελευτήσαντος,
3577 5266 3673 5321 καὶ
3732 5266 3790 5321 ,ι

376 5359 694 5427 antequam
755 5358 824 5412 ad
882 5356 991 5414 viri
1051 5357 1297 5411 cadaver
1353 5355 1763 5423 accessissent,
1818 5360 2021 5411 statum

2175 5354 2281 5410 ίλοι
2337 5358 2434 5409 τοῦ
2507 5355 2775 5432 βασιλᾶως
2832 5356 2924 5411 σὺν
2982 5356 3108 5433 ἐμοὶ
3167 5355 3533 5432 ἰπορεόθησαν
3592 5356 3652 5411 δν
3704 5360 3793 5427 τῷ

368 5460 577 5498 casum
624 5444 895 5501 admirati
951 5450 1108 5501 sunt.
1144 5446 1427 5500 Caeterum
1477 5445 1732 5500 Joannes
1780 5445 2021 5515 quidam

2167 5444 2384 5521 [υνηγίῳ
2412 5444 2502 5499 καὶ
2559 5446 2664 5522 πρὸ
2719 5450 2817 5501 τοῦ
2874 5451 2954 5519 τῷ
2977 5447 3233 5522 πτώματι
3289 5449 3387 5501 τοῦ
3440 5442 3637 5520 ἀνδρὸς
3694 5443 3787 5521 ὄγ-

2132 5534 2303 5610 γίσαι,
2355 5535 2418 5589 τὸ
2475 5539 2675 5609 πτῶμα
2721 5542 2821 5606 τῆς
2879 5535 3090 5607 στήλης
3139 5534 3464 5609 ἐθαύμαζον.
3526 5535 3790 5605 Ἰωᾶννης

2136 5621 2193 5678 6t
2216 5644 2300 5687 τις
2358 5622 2657 5701 φιλόσοφός
2687 5646 2871 5702 φησιν,
2928 5626 3010 5682 ὅτι
3070 5626 3219 5701 εὗρεν
3276 5623 3381 5681 ὑπὸ
3425 5618 3630 5679 τούτου
3688 5618 3787 5679 τοῖ

373 5532 767 5604 philosophus
811 5534 977 5602 dixit,
1011 5551 1073 5590 se
1113 5532 1594 5605 deprehendisse,
1626 5532 1748 5587 fore
1779 5537 1845 5587 ut
1875 5551 2023 5605 prae-

371 5621 565 5677 clarus
616 5622 857 5693 quidam
904 5622 993 5677 vir
1032 5622 1144 5678 isto
1194 5622 1363 5693 signo
1412 5620 1863 5693 opprimeretur.
1902 5622 2025 5687 Quo
