4060 6214
398 323 549 385 1Ξ31

1025 452 1100 505 De
1124 450 1422 520 Slralegz’o.

460 539 775 599 Alexandri
824 539 1162 597 Macedonis
1213 544 1408 595 statua
1435 538 1493 592 in
1526 535 1818 609 Strategio
1866 551 2049 607 supra

391 648 669 705 magnam
738 631 1073 686 columnam
1144 633 1337 684 erecta
1396 626 1625 693 visitur,
1687 642 1816 697 quze
1883 626 2047 698 prius

391 719 733 793 Chrysopoli
784 719 1015 788 stabat;
1048 717 1204 789 quod
1238 716 1316 771 ibi
1366 714 1644 771 exercitui
1694 730 1801 770 suo
1831 714 2047 784 duplex

392 809 756 883 stipendium
787 824 903 863 uno
932 808 1139 863 eodem
1187 810 1448 878 tempore
1479 802 1821 876 erogaverit.
1857 803 2047 866 Quare

392 899 537 955 urbs
582 896 683 952 illa
712 914 746 952 a
778 894 1193 953 Macedonibus
1251 898 1591 965 nuncupata
1642 891 1754 947 fuit
1799 891 2045 964 Chryso-

391 987 566 1059 polis,
599 1003 632 1041 a
661 983 874 1057 populo
905 1000 1038 1039 vero
1071 981 1443 1055 strategium.
1477 981 1661 1037 Annis
1692 986 1888 1036 autem
1924 996 2047 1035 sex-

387 1076 576 1131 centis
625 1074 1016 1146 quadraginta
1047 1077 1105 1127 et
1135 1076 1287 1141 octo,
1333 1076 1644 1143 postquam
1696 1070 1819 1124 haec
1851 1074 2045 1124 statua

387 1163 729 1236 Chrysopoli
760 1172 955 1219 erecta
1003 1161 1116 1216 fuit
1171 1178 1203 1216 a
1251 1160 1441 1232 plebe,
1473 1157 2043 1230 Constantinopolim

383 1269 512 1309 eam
570 1251 959 1324 transportari
1017 1251 1241 1307 curavit
1281 1249 1706 1306 Constantinus
1762 1251 2041 1328 Magnus;

381 1341 704 1412 eodemque
733 1340 793 1395 in
824 1339 951 1396 loco
997 1344 1235 1412 propter
1268 1337 1573 1410 planitiem
1629 1336 1848 1392 milites
1880 1352 2044 1392 excr-

379 1430 495 1486 ceri
519 1428 807 1486 solebant.
836 1427 1224 1484 Monolithum
1248 1427 1469 1482 ibidem
1495 1424 1869 1494 collocatum,
1895 1425 2044 1497 frag.

379 1523 649 1575 mentum
700 1522 826 1574 erat
878 1516 1062 1584 illius,
1093 1517 1249 1587 quod
1283 1514 1342 1570 in
1377 1514 1780 1587 Hippodromo
1830 1517 2041 1581 exstat,

380 1606 648 1663 Delatum
701 1611 899 1661 autem
952 1609 1041 1661 est
1089 1604 1362 1674 Athenis,
1410 1604 1521 1659 sub
1569 1602 1897 1658 Theodosio
1938 1602 2042 1658 Ju-

380 1696 565 1765 niore,
595 1714 628 1751 a
660 1694 859 1751 l‘roclo
883 1694 1149 1765 patricio.
1175 1694 1387 1749 Eodem
1412 1692 1472 1747 in
1495 1692 1785 1764 Strategio
1813 1691 2040 1763 positus

1347 316 1742 377 APPENDIX
1789 317 1890 376 AD
1939 314 2400 376 MICHAELEM
2446 316 2833 380 PSELLUM.

2077 446 2133 513 Α
2656 445 2786 520 Περῖ
2815 449 2911 501 τοῦ
2944 447 3310 522 Στρατηγίου.

3667 324 3817 384 1232

2227 536 2346 588 Ὅτι
2400 532 2463 588 τὺ
2520 532 2860 607 καλούμενον
2923 538 3286 612 Στρατήγιον,
3339 540 3374 607 ἡ
3434 539 3613 611 στήλη
3677 540 3819 596 ἐστὶν

2157 619 2510 698 Ἀλεξάνδρου
2554 626 2654 677 τοῦ
2704 621 3044 692 Μακεδόνος,
3088 627 3123 695 ἡ
3170 625 3225 680 ιν
3267 630 3345 698 τῷ
3395 626 3620 704 μεγάλῳ
3675 630 3816 687 κίονι

2154 710 2442 785 ἱσταμένη,
2500 712 2590 767 καὶ
2642 711 2835 767 *ίστατο
2889 718 3111 787 πρῶτον
3170 713 3248 777 είς
3302 712 3677 791 Χρυσόπολιν,
3733 719 3814 775 ὅτι

2152 800 2245 854 τὸν
2278 800 2504 874 στρατὸν
2549 800 2715 856 αὐτοῦ
2746 800 2919 857 ἰκεῖσε
2966 800 3214 879 ἐρόγευσε
3258 800 3464 876 διπλῆν
3511 805 3682 882 ῥόγαν
3726 810 3814 863 τὸν

2152 885 2246 942 ἵνα
2276 889 2497 964 χρόνων
2532 887 2621 944 διὰ
2648 894 2809 945 τοῦτο
2842 889 3049 963 ἐκλήθη
3108 893 3172 947 τὸ
3218 889 3396 967 ὄνομα
3442 902 3543 964 τῆς
3596 897 3817 961 πόλεως

2154 978 2301 1054 παρὰ
2328 982 2434 1033 τῶν
2466 977 2790 1034 Μακεδόνων
2832 980 3200 1057 Χρυσόπολις.
3234 982 3312 1039 Τὸ
3363 980 3424 1037 δὶ
3473 988 3813 1063 Στρατήγιον

2154 1064 2449 1139 ὠνομάσθη
2499 1068 2646 1143 παρὰ
2690 1073 2787 1123 τοῦ
2830 1068 2989 1124 λαοῦ·
3023 1070 3327 1147 Ἀνηγὲρθη
3362 1072 3395 1141 ὴ
3430 1072 3607 1144 στήλη
3667 1076 3815 1149 παρὰ

2152 1159 2248 1210 τοῦ
2308 1153 2552 1225 πλήθους
2611 1161 2710 1212 τοῦ
2766 1156 2903 1213 λαοῦ
2964 1157 3062 1212 ἁνὰ
3112 1163 3220 1213 τῶν
3275 1159 3598 1235 χμη¹ὶτῶν.
3646 1164 3708 1221 Ὀ
3754 1160 3813 1220 δδ

2154 1243 2332 1318 Μέγας
2391 1246 2795 1308 Κωνσταντῖνος
2853 1241 3036 1325 ἔφερεν
3098 1246 3264 1317 αὐτὴν
3327 1247 3403 1311 εἷς
3463 1250 3558 1318 τὴν
3620 1251 3809 1309 πόλιν.

2155 1333 2361 1389 Ἐκεῖσε
2390 1330 2447 1388 δὶ
2492 1331 2962 1408 ἀπεδοκιμάζοντο
3009 1337 3060 1390 οἱ
3107 1341 3456 1412 στρατιῶται,
3490 1340 3573 1394 δτι
3617 1339 3809 1397 πεδίον

2152 1422 2219 1490 ἧν
2253 1422 2280 1476 ὁ
2311 1421 2497 1485 τόπος.
2531 1424 2609 1480 Τὸ
2668 1421 2726 1479 δὲ
2784 1425 3115 1495 Μονόλιθον,
3172 1426 3235 1480 τὸ
3290 1426 3579 1501 ἱστάμενον
3636 1428 3814 1487 ἐκεῖσε

2152 1510 2458 1585 ἁπόκομμα
2513 1516 2610 1568 τοῦ
2667 1513 2959 1587 ἱσταμένου
3016 1513 3094 1577 είς
3149 1515 3211 1569 τὸ
3267 1514 3655 1591 Ἱπποδρόμιον
3712 1520 3808 1589 ἧν.

2151 1600 2285 1655 Ἦκε
2340 1597 2398 1653 δὲ
2456 1600 2561 1655 ἀπὸ
2594 1602 2836 1672 Ἀθηνῶν
2891 1601 3040 1679 παρὰ
3102 1603 3355 1676 Ηρόκλου
3407 1607 3695 1680 πατρικίου
3750 1608 3806 1664 ἐν

2148 1692 2266 1749 τοῖς
2322 1690 2548 1762 χρόνοις
2604 1694 2701 1744 τοῦ
2760 1695 2958 1765 μικροῦ
3014 1689 3571 1751 Θεοδοσίου.Ἵσ-τατο
3622 1694 3679 1751 δὲ
3723 1697 3807 1760 είς

380 1790 506 1841 erat
552 1784 790 1857 Tripus,
825 1782 1277 1855 praeteritarum,
1312 1782 1690 1854 praesentium
1722 1786 1778 1837 et
1809 1781 2014 1837 futura

2147 1775 2238 1868 τόν
2273 1776 2433 1831 αὐτὸν
2464 1777 2633 1832 τόπον
2662 1778 2726 1833 τὸ
2769 1782 3131 1855 Στρατήγιον,
3161 1781 3250 1836 καὶ
3297 1783 3327 1836 6
3369 1784 3606 1859 Τρίπους
3652 1782 3804 1861 ἔχων

379 1890 512 1929 rum
546 1888 741 1928 rerum
791 1870 1062 1927 notitiam
1095 1871 1406 1927 continens
1440 1888 1454 1926 :
1488 1870 1625 1926 item
1658 1869 1833 1925 Polus
1876 1876 2028 1924 Aus-

377 1961 566 2032 tralis,
624 1958 682 2017 et
732 1961 964 2017 catinus
1020 1960 1371 2026 Tricaccabi,
1417 1960 1517 2031 qui
1569 1960 1727 2031 jacet
1783 1958 1841 2014 in
1898 1958 2027 2014 loco

375 2051 539 2123 szri
569 2051 755 2117 dicto;
803 2049 858 2106 is
911 2050 1067 2105 enim
1120 2066 1223 2122 pro
1272 2048 1509 2105 oraculo
1557 2052 1729 2105 erat:
1763 2048 2025 2119 proxime

373 2146 595 2207 autem,
629 2139 792 2196 urbis
837 2139 1098 2195 Fortuna
1127 2138 1451 2210 visebatur;
1483 2154 1610 2209 quae
1655 2138 1855 2193 omnia
1884 2142 2021 2193 Bar-

371 2230 478 2286 das
505 2228 701 2285 Caesar
737 2226 1037 2283 Michaelis
1086 2226 1436 2294 avunculus,
1469 2226 1684 2299 partim
1726 2224 1909 2281 alium
1962 2226 2021 2282 in

369 2318 564 2374 locum
595 2317 984 2389 transportari
1014 2316 1259 2387 curavit,
1293 2315 1508 2388 partim
1540 2315 1828 2385 confregit
1857 2331 2019 2371 com-

368 2408 719 2480 minuitque.

892 2498 968 2552 οε
992 2510 1165 2567 parvo
1196 2492 1490 2564 Strategio.

440 2587 503 2641 In
542 2600 718 2658 parvo
758 2584 1046 2656 Strategio
1097 2587 1287 2640 exstat
1336 2581 1545 2638 Leonis
1594 2581 1845 2637 Macella;
1894 2585 2017 2637 sta-

370 2678 498 2730 tua.

932 2763 1009 2817 De
1039 2759 1457 2832 Chalcopratiis.

278 2926 279 2929 η
440 2855 507 2908 In
551 2849 973 2923 Chalcopratiis
1024 2867 1057 2905 a
1103 2848 1489 2905 Constantino
1527 2848 1737 2921 Magno
1787 2848 2013 2906 habita-

369 2944 509 2998 runt
536 2939 747 3008 Judisi,
783 2955 970 2994 annos
1018 2942 1250 2994 centum
1302 2941 1361 2992 et
1408 2936 1649 3009 triginta
1676 2941 1845 3003 duos,
1877 2954 2011 2993 ven-

365 3030 697 3101 debantque
725 3028 806 3083 ibi
836 3030 1171 3083 aeramenta.
1203 3025 1569 3082 Theodosius
1600 3041 1732 3082 vero
1781 3027 2010 3093 Junior,

2142 1864 2209 1919 τὰ
2255 1866 2654 1942 παρῳχηκότα,
2698 1869 2765 1923 τὰ
2815 1868 3082 1925 ἐνεστῶτα
3128 1871 3217 1925 καὶ
3265 1871 3333 1926 τὰ
3383 1872 3680 1947 μίλλοντα,
3707 1876 3805 1931 καὶ

2137 1953 2165 2008 6
2196 1953 2376 2018 νότιος
2405 1953 2580 2017 πόλος
2606 1956 2697 2010 καὶ
2727 1959 2762 2026 ὴ
2805 1954 3005 2029 λεκᾶνη
3045 1957 3142 2013 τοῦ
3186 1957 3590 2035 Τρικακκὰὅου,
3623 1967 3659 2033 ἡ
3708 1985 3797 2020 τε-

2134 2043 2284 2098 θεῖσα
2310 2043 2387 2106 εἷς
2408 2045 2475 2098 τὰ
2501 2044 2727 2121 Τζόρου.
2760 2045 2853 2108 Εἰς
2884 2052 3131 2120 μαντεῖον
3160 2049 3228 2117 ἦν
3261 2050 3289 2104 6
3318 2049 3506 2115 τόπος.
3542 2050 3791 2123 Πλησίον

2134 2128 2192 2186 δὲ
2220 2130 2391 2187 ἐκεῖσε
2420 2132 2487 2202 ἦν
2528 2134 2618 2188 καὶ
2658 2136 2692 2204 ὴ
2742 2134 2901 2211 Τύχη
2945 2143 3046 2206 τῆς
3091 2136 3326 2200 πόλεως.
3360 2140 3423 2197 Ὀ
3471 2137 3531 2195 δὲ
3574 2140 3797 2217 Βὰρδας

2132 2220 2160 2274 6
2194 2226 2421 2297 Καῖσαρ,
2454 2224 2483 2278 6
2532 2228 2677 2287 θεῖος
2725 2224 2981 2301 Μιχαὴλ,
3034 2226 3315 2300 μετὲθηκε,
3349 2228 3439 2283 καὶ
3486 2230 3796 2306 παρέλυσεν

2130 2307 2284 2379 αὐτὰ,
2316 2310 2406 2366 καὶ
2438 2310 2740 2387 συνέτριψε.

2514 2491 2643 2567 Περὶ
2672 2496 2767 2547 τοῦ
2802 2497 2999 2569 μικροῦ
3032 2496 3394 2571 Στρατηγίου.

2196 2577 2257 2634 Ὀ
2287 2574 2345 2632 δὲ
2377 2580 2569 2655 μικρὸς
2600 2583 2943 2655 Στρατήγιος
2974 2582 3207 2659 ὑπάρχει
3255 2586 3433 2657 στήλη
3491 2592 3590 2643 τοῦ
3636 2598 3788 2645 Λεω-

2128 2664 2395 2739 μακίλου.

2564 2759 2692 2834 Περὶ
2725 2762 2832 2813 τῶν
2864 2758 3346 2838 Χαλκοπρατείων.

2192 2844 2311 2902 Ὂτι
2363 2845 2431 2900 τὰ
2472 2844 2786 2920 καλούμενα
2847 2847 3296 2926 Χαλκοπρατεῖα,
3356 2853 3624 2931 πρότερον
3673 2859 3783 2913 ἀπὸ

2120 2935 2222 2986 τοῦ
2298 2939 2702 2990 Κωνσταντινου
2765 2942 2863 2992 τοῦ
2927 2937 3184 3015 Μεγάλου
3246 2942 3496 2998 κατοικία
3552 2946 3621 3013 ἦν
3671 2951 3779 3001 τῶν

2122 3017 2424 3078 Ἰουδαίων.
2482 3025 2649 3080 Ἦσαν
2712 3022 2771 3079 Si
2826 3023 2998 3081 ἐκεῖσε
3056 3027 3293 3103 χρόνους
3350 3029 3474 3107 ρλβ’
3520 3034 3610 3087 καὶ
3658 3033 3777 3089 ἐπί-

362 3118 448 3174 eis
489 3118 625 3173 inde
670 3114 950 3189 expulsis,
980 3115 1173 3171 locum
1221 3114 1576 3188 rcpurgavit,
1609 3132 1674 3171 ac
1723 3116 2007 3188 templum

2132 3128 2360 3185 πρασκον
2389 3108 2562 3166 ἐκεῖσε
2587 3112 2653 3167 τὰ
2699 3112 3067 3189 χαλκώματα.
3102 3117 3162 3173 ’0
3210 3114 3268 3172 δὶ
3317 3120 3527 3195 Μικρὸς
3576 3120 3777 3177 Θεοδό-

360 3208 419 3264 S.
448 3208 709 3280 Deiparm
757 3205 1057 3273 condidit;
1089 3205 1241 3276 quod
1274 3209 1439 3260 terrae
1490 3209 1650 3260 motu
1682 3203 2006 3276 collapsum

358 3295 732 3353 reaedilicavit
757 3293 1054 3365 Justinus,
1077 3293 1174 3364 qui
1209 3309 1277 3348 ex
1297 3292 1646 3363 Curopalata
1673 3294 1891 3364 potitus
1920 3300 2009 3352 est

355 3385 624 3457 imperio,
664 3401 731 3441 ac
777 3383 1022 3455 insuper
1078 3381 1554 3454 possessionibus
1605 3381 2008 3440 immobilibus

356 3474 754 3548 locupletavit.

557 3657 634 3711 De
659 3668 814 3709 sacro
847 3650 1155 3707 Conditorio
1186 3649 1325 3720 quod
1352 3649 1554 3705 ibidem
1582 3651 1803 3707 visitur.

432 3745 677 3800 Sacrum
700 3738 1103 3797 Conditorium
1126 3738 1186 3792 in
1208 3735 1630 3808 Chalcopratiis
1650 3739 1921 3796 Justinus
1947 3747 2005 3798 et

361 3830 581 3904 Sophia
636 3828 1046 3894 condiderunt,
1097 3824 1384 3896 templum
1434 3824 1876 3884 reazdificantes.
1920 3830 2001 3886 lbi

357 3920 642 3976 lectorum
709 3916 900 3973 ofﬁcio
967 3913 1363 3985 fungebantur
1419 3912 1663 3969 Michael
1726 3916 2001 3990 Rangabe

353 4006 703 4080 CurOpalata
733 4008 1047 4075 antequam
1088 4000 1335 4073 imperio
1370 4000 1673 4073 potiretur,
1697 4008 1755 4059 et
1784 4005 2000 4064 Bardas

350 4099 562 4166 Caesar,
614 4092 912 4153 Michaelis
960 4089 1311 4157 avunculus,
1343 4095 1402 4146 et
1428 4090 1762 4164 complures
1811 4096 1996 4169 magi-

345 4187 454 4245 stri
503 4203 517 4243 :
569 4186 894 4256 eodemque
942 4182 1001 4236 in
1052 4180 1178 4236 loco
1228 4179 1492 4250 deposita
1540 4180 1701 4250 jacet
1746 4200 1888 4239 zona
1938 4190 1997 4241 et

2123 3217 2238 3260 σιος
2297 3197 2516 3269 ἆξίωσεν
2566 3199 2760 3264 αὐτοὺς
2817 3201 3040 3272 ἐκεῖθεν,
3091 3206 3182 3260 καὶ
3226 3206 3619 3283 ἁνακαθαρίσας
3680 3212 3774 3267 τὸν

2115 3284 2366 3342 τοιοῦτον
2419 3288 2609 3360 τόπον,
2643 3291 2771 3345 ναὸν
2826 3298 2926 3362 τῆς
2970 3296 3327 3367 Θεομήτορος
3358 3296 3632 3373 ἀνήγειρε,
3668 3301 3775 3356 ὑπὸ

2119 3381 2345 3450 σεισμοῦ
2374 3380 2766 3452 συμπτωθὺιτα
2804 3381 3097 3445 Ἰουστῖνος
3155 3385 3183 3438 ὁ
3240 3384 3345 3440 ἁπὸ
3402 3388 3774 3462 Κουροπαλὰ-

2114 3486 2220 3520 των
2275 3465 2435 3522 αὐτὸν
2496 3468 2768 3545 ἀνήγειρε,
2824 3470 2914 3525 καὶ
2967 3471 3199 3543 ἀκίνητα
3252 3476 3508 3548 κτήματα
3564 3476 3775 3534 itemi-

2114 3574 2275 3629 ρωσε.

2466 3646 2597 3723 Περὶ
2625 3650 2725 3713 τῆς
2758 3646 2811 3703 ἐν
2842 3647 2978 3723 αὐτῇ
3011 3649 3165 3726 ἁγίας
3209 3657 3405 3727 Σοροῢ.

2182 3733 2293 3801 Τὴν
2331 3729 2388 3788 δὲ
2436 3734 2584 3811 ἁγίαν
2637 3734 2810 3810 Σορὸν
2853 3736 2931 3800 εἰς
2976 3738 3045 3793 τὰ
3088 3737 3508 3818 Χαλκοπρατεῖα
3534 3744 3771 3803 Ἰουστῖ-

2109 3840 2197 3882 νος
2242 3822 2331 3876 καὶ
2384 3822 2556 3901 Σοφία
2604 3820 2797 3896 ἔκτισε,
2827 3826 2917 3881 καὶ
2963 3827 3055 3883 τὸν
3105 3829 3230 3884 ναὸν
3290 3829 3767 3906 ἀνοικοδομήσαν-

2108 3930 2213 3973 τες.
2269 3913 2475 3968 Ἑκεῖσε
2531 3914 2597 3983 ἦν
2685 3915 3069 3990 ἀναγινώσκων
3128 3918 3358 3993 Μιχαὴλ
3409 3922 3439 3976 6
3497 3920 3768 3999 Ῥαγγαόὶ

2106 4001 2196 4054 καὶ
2244 4000 2678 4076 Κουροπαλὰτης
2727 4005 2833 4080 πρὸ
2880 4009 2977 4059 τοῦ
3019 4005 3355 4081 βασιλεῦσαι,
3397 4010 3485 4065 καὶ
3547 4010 3766 4088 Βὰρδας

2107 4091 2135 4145 6
2189 4091 2335 4152 Θεῖος
2394 4090 2646 4167 Μιχαὴλ,
2680 4091 2771 4147 καὶ
2818 4092 3025 4149 πολλοὶ
3078 4093 3186 4149 τῶν
3248 4098 3589 4172 μαγίστρωνο
3623 4096 3767 4157 ὅπου

2105 4178 2191 4233 καὶ
2253 4180 2599 4267 ἀπόκειταιὴ
2650 4182 2794 4253 ζώνη
2853 4184 2941 4237 καὶ
3001 4184 3036 4253 ὴ
3095 4182 3259 4255 ἐσθὴς
3306 4193 3407 4256 τῆς
3468 4188 3769 4267 ὑπεραγίας

340 4276 518 4334 vestis
576 4272 964 4333 sanctissimas
1010 4268 1291 4341 Deiparas.
1344 4268 1653 4325 Maforium
1706 4276 1899 4328 autem
1933 4273 1991 4329 in

2132 4266 2390 4327 ιεοτόκου.
2420 4272 2491 4325 Τὸ
2522 4266 2579 4325 δὶ
2612 4271 2763 4345 ἅγιον
2798 4271 3065 4350 μαφόριον
3098 4278 3270 4329 κεῖται
3301 4272 3352 4329 ὲν
3390 4266 3765 4354 Βλαχέρναις.

235 4418 240 4425 .
340 4362 723 4422 Blanchernis
752 4362 1111 4417 asservatur.

881 4467 958 4522 De
984 4464 1186 4520 Sancto
1215 4464 1442 4522 Iacobo.

2525 4465 2653 4540 Περὶ
2682 4470 2781 4521 τοῦ
2811 4467 2997 4543 Ἁγίου
3030 4464 3312 4528 Ἰακώϐου.

407 4556 718 4629 Templum
746 4560 805 4613 Β.
837 4553 1038 4610 Jacobi
1090 4553 1245 4609 idem
1297 4553 1615 4624 imperator
1660 4552 1990 4639 aediﬁcavit,

2172 4553 2455 4630 Ἀνήγειρε
2509 4551 2567 4609 δὲ
2601 4534 2713 4609 ⁷κοιῖ
2786 4534 2899 4611 τὸν.
2938 4559 3133 4632 ’Ἅγιον
3188 4554 3447 4616 Ἰάκωϐον
3502 4562 3531 4616 6
3590 4563 3756 4628 αὐτὸς

334 4661 402 4700 ac
442 4645 501 4701 in
550 4661 715 4701 sacro
781 4641 1107 4699 conditorio
1175 4644 1516 4696 sanctorum
1574 4644 1981 4699 Innocentium

329 4734 613 4808 reliquias
644 4731 925 4804 reposuit,
960 4730 1101 4786 item
1134 4728 1426 4785 Simeonis
1457 4730 1814 4799 Theodochi,
1847 4748 1980 4804 pro-

325 4823 519 4894 phetae
572 4820 883 4890 Zacharias,
936 4822 994 4874 et
1039 4818 1243 4874 Jacobi
1294 4818 1492 4873 fratris
1539 4819 1780 4876 Christi.
1832 4822 1977 4877 Prae-

2098 4640 2375 4717 βασιλεὺς,
2428 4643 2517 4698 καὶ
2575 4644 2865 4715 κατέθηκεν
2927 4643 2979 4699 ἰν
3030 4649 3099 4721 τῇ
3181 4652 3341 4724 Σορῷ
3406 4655 3515 4705 τῶν
3578 4652 3751 4728 ἁγίων

2087 4730 2318 4801 Νηπίων
2385 4732 2451 4787 τὰ
2519 4730 2766 4807 λείψανα,
2820 4732 2910 4789 καὶ
2968 4738 3064 4789 τοῦ
3139 4735 3292 4812 ἁγίου
3352 4741 3583 4812 Συμεὼν
3648 4748 3749 4799 τοῦ

2087 4816 2387 4895 Θεοδόχου,
2446 4820 2536 4876 καὶ
2591 4826 2690 4877 τοῦ
2748 4822 2901 4896 ἁγίου
2959 4826 3247 4902 προφήτου
3300 4828 3594 4904 Ζαχαρίου,
3652 4832 3745 4887 καὶ

320 4914 484 4968 terea
513 4911 573 4968 in
603 4909 845 4967 sinistra
891 4911 1055 4979 parte
1096 4906 1250 4962 sacri
1285 4905 1595 4962 conditorii
1643 4914 1977 4966 asservatur

2132 4910 2178 4961 iii
2234 4909 2390 4982 ἁγίου
2424 4906 2691 4966 Ἰακώϐου
2750 4914 2849 4966 τοῦ
2902 4908 3256 4989 ἁδελφοθίου·
3288 4914 3379 4970 καὶ
3413 4914 3466 4970 ἂν
3513 4921 3584 4991 τῇ
3616 4918 3746 4994 ἁγίᾳ

319 5015 489 5057 coma
540 5005 599 5056 8.
658 4997 901 5057 Joannis
966 4995 1385 5063 Praecursoris;
1455 4996 1515 5050 in
1572 4996 1776 5053 dextra
1837 5015 1969 5055 vero

2132 5001 2266 5072 ορῷ,
2323 4996 2375 5053 ἰν
2446 4998 2713 5074 εὐωνύμῳ
2806 5000 2906 5074 μὶν
2990 5005 3086 5056 τοῦ
3145 5000 3299 5077 ἁγίου
3333 5005 3585 5062 Ἰωάννου
3642 5013 3743 5063 τοῦ

313 5094 482 5160 parte
511 5094 850 5147 sanctarum
894 5084 1211 5142 mulierum
1262 5084 1809 5157 unguentit‘erarum
1842 5104 1964 5145 cor-

310 5191 477 5248 pora.

950 5281 1025 5337 L‘e
1067 5280 1317 5335 basilica.

380 5370 446 5426 In
478 5388 545 5429 ea
572 5375 735 5445 parte
767 5370 956 5443 ipsius
986 5367 1243 5424 basilicae
1274 5383 1422 5439 pone
1453 5368 1789 5440 Miliarium,
1827 5386 1953 5441 quas

304 5472 481 5515 aureo
511 5459 774 5532 laqueari
797 5465 1000 5531 cperta
1029 5464 1136 5526 est,
1151 5457 1344 5511 stabat
1366 5458 1563 5511 statua
1581 5456 1767 5512 virilis
1788 5458 1953 5513 inau-

300 5551 451 5619 rata,
476 5548 576 5605 ubi
606 5549 785 5606 etiam
814 5546 1114 5604 visebatur
1153 5544 1436 5600 Examum
1478 5542 1730 5601 Heraclii
1759 5545 1948 5619 impe-

2075 5082 2403 5162 Προδρόμου
2432 5088 2526 5151 τὰς
2551 5088 2770 5166 τρίχας,
2801 5088 2855 5145 ἰν
2889 5087 3035 5161 δεξιᾷ
3065 5086 3125 5145 δὲ
3164 5096 3273 5147 τῶν
3324 5092 3491 5168 ἁγίων
3554 5117 3738 5173 μυρο-

2075 5172 2255 5250 φόρων
2287 5181 2586 5252 γυναικῶν.

2588 5285 2717 5362 Περὶ
2746 5292 2846 5357 τῆς
2870 5284 3194 5357 Βασιλικῆς.

2136 5369 2231 5433 Εἷς
2285 5368 2343 5426 δὲ
2388 5374 2477 5429 τὸν
2521 5382 2625 5446 τῆς
2656 5372 2955 5446 Βασιλικῆς
2986 5375 3346 5456 χρυσόροφων
3392 5379 3568 5437 ὀπίσω
3627 5391 3730 5441 τοῦ

2062 5458 2290 5531 Μιλίου,
2323 5461 2390 5531 ἧν
2437 5461 2811 5541 ἁνδροείκελον
2870 5461 3098 5541 ἄγαλμα
3144 5462 3561 5549 χρυσὲμϐαφον,
3598 5468 3727 5530 ἔνθα

2056 5550 2123 5637 ἦν
2178 5551 2243 5606 τὸ
2273 5553 2510 5628 Ἔξαμον
2540 5554 2867 5634 Ἡρακλείου
2928 5559 3028 5612 τοῦ
3086 5554 3378 5633 βασιλέως,
3403 5562 3496 5616 καὶ
3547 5584 3723 5637 γονυο

299 5635 534 5706 ratoris,
551 5652 618 5694 ac
637 5636 944 5709 genuﬂsxa
961 5631 1285 5691 Justiniani
1316 5633 1551 5704 tyranni
1579 5636 1795 5692 statua.
1818 5635 1943 5696 Illic

2132 5640 2241 5703 ινὶς
2273 5631 2657 5703 Ἰουστινιανοὸ
2710 5650 2809 5703 τοῦ
2857 5646 3140 5722 τυράννου.
3171 5647 3321 5705 Ἐκεῖ
3362 5631 3401 5706 >6
3448 5631 3721 5725 Τερδίλις
