  <div class='ocr_page' id='page_1' title='image "/cluster/home/n/w/nwhite01/storage/ocr_20150623/122/hvd.32044073502460/638.png"; bbox 0 0 4060 6214; ppageno 0'>
   <div class='ocr_carea' id='block_1_1' title="bbox 306 336 465 400">
    <p class='ocr_par' dir='ltr' id='par_1_1' title="bbox 306 336 465 400">
     <span class='ocr_line' id='line_1_1' title="bbox 306 336 465 400; baseline 0.025 -4"><span class='ocrx_word' id='word_1_1' title='bbox 306 337 337 396; x_wconf 81' lang='grc'><strong>1</strong></span> <span class='ocrx_word' id='word_1_2' title='bbox 349 336 465 400; x_wconf 78' lang='grc'><strong>233</strong></span> 
     </span>
    </p>
   </div>
   <div class='ocr_carea' id='block_1_2' title="bbox 1447 341 2602 415">
    <p class='ocr_par' dir='ltr' id='par_1_2' title="bbox 1447 341 2602 415">
     <span class='ocr_line' id='line_1_2' title="bbox 1447 341 2602 415; baseline 0.001 -13"><span class='ocrx_word' id='word_1_3' title='bbox 1447 341 1804 403; x_wconf 79' lang='lat' dir='ltr'><strong>ANONYMI</strong></span> <span class='ocrx_word' id='word_1_4' title='bbox 1850 342 2438 415; x_wconf 81' lang='lat' dir='ltr'><strong>ANTIOUlTATES</strong></span> <span class='ocrx_word' id='word_1_5' title='bbox 2484 344 2602 405; x_wconf 86' lang='lat' dir='ltr'><strong>GP.</strong></span> 
     </span>
    </p>
   </div>
   <div class='ocr_carea' id='block_1_3' title="bbox 3566 343 3723 403">
    <p class='ocr_par' dir='ltr' id='par_1_3' title="bbox 3566 343 3723 403">
     <span class='ocr_line' id='line_1_3' title="bbox 3566 343 3723 403; baseline -0.006 0"><span class='ocrx_word' id='word_1_6' title='bbox 3566 343 3723 403; x_wconf 73' lang='grc'><strong>1234</strong></span> 
     </span>
    </p>
   </div>
   <div class='ocr_carea' id='block_1_4' title="bbox 297 463 1945 550">
    <p class='ocr_par' dir='ltr' id='par_1_4' title="bbox 297 463 1945 550">
     <span class='ocr_line' id='line_1_4' title="bbox 297 463 1945 550; baseline 0.003 -29"><span class='ocrx_word' id='word_1_7' title='bbox 297 463 715 541; x_wconf 70' lang='grc' dir='ltr'>ἇδημηγὸρησεν</span> <span class='ocrx_word' id='word_1_8' title='bbox 751 486 765 502; x_wconf 71' lang='grc' dir='ltr'><strong>ο</strong></span> <span class='ocrx_word' id='word_1_9' title='bbox 809 466 861 522; x_wconf 67' lang='grc' dir='ltr'>ἰν</span> <span class='ocrx_word' id='word_1_10' title='bbox 913 471 996 532; x_wconf 83' lang='grc' dir='ltr'>οἷς</span> <span class='ocrx_word' id='word_1_11' title='bbox 1054 469 1249 550; x_wconf 66' lang='grc' dir='ltr'>ἐλέφας</span> <span class='ocrx_word' id='word_1_12' title='bbox 1330 470 1521 527; x_wconf 74' lang='grc' dir='ltr'>’ἵστατο</span> <span class='ocrx_word' id='word_1_13' title='bbox 1600 473 1945 547; x_wconf 67' lang='grc' dir='ltr'>παμμεγέθης</span> 
     </span>
    </p>
   </div>
   <div class='ocr_carea' id='block_1_5' title="bbox 2067 463 3719 550">
    <p class='ocr_par' dir='ltr' id='par_1_5' title="bbox 2067 474 3719 534">
     <span class='ocr_line' id='line_1_5' title="bbox 2067 474 3719 534; baseline 0.002 -4"><span class='ocrx_word' id='word_1_14' title='bbox 2067 479 2125 531; x_wconf 88' lang='lat' dir='ltr'><strong>et</strong></span> <span class='ocrx_word' id='word_1_15' title='bbox 2153 474 2416 532; x_wconf 87' lang='lat' dir='ltr'><strong>Terbelis</strong></span> <span class='ocrx_word' id='word_1_16' title='bbox 2462 476 2847 533; x_wconf 86' lang='lat' dir='ltr'><strong>concionatus</strong></span> <span class='ocrx_word' id='word_1_17' title='bbox 2895 480 3003 534; x_wconf 89' lang='lat' dir='ltr'><strong>est.</strong></span> <span class='ocrx_word' id='word_1_18' title='bbox 3038 476 3181 533; x_wconf 83' lang='lat' dir='ltr'><strong>Item</strong></span> <span class='ocrx_word' id='word_1_19' title='bbox 3231 476 3435 532; x_wconf 90' lang='lat' dir='ltr'><strong>eodem</strong></span> <span class='ocrx_word' id='word_1_20' title='bbox 3485 475 3544 532; x_wconf 91' lang='lat' dir='ltr'><strong>in</strong></span> <span class='ocrx_word' id='word_1_21' title='bbox 3592 475 3719 534; x_wconf 89' lang='lat' dir='ltr'><strong>loco</strong></span> 
     </span>
    </p>
   </div>
   <div class='ocr_carea' id='block_1_6' title="bbox 304 550 1956 637">
    <p class='ocr_par' dir='ltr' id='par_1_6' title="bbox 304 550 1956 637">
     <span class='ocr_line' id='line_1_6' title="bbox 304 550 1956 637; baseline 0.003 -26"><span class='ocrx_word' id='word_1_22' title='bbox 304 556 409 611; x_wconf 81' lang='grc' dir='ltr'><strong>ὑπὸ</strong></span> <span class='ocrx_word' id='word_1_23' title='bbox 482 550 734 634; x_wconf 78' lang='grc' dir='ltr'>Σεόήρου</span> <span class='ocrx_word' id='word_1_24' title='bbox 790 559 1307 634; x_wconf 74' lang='grc' dir='ltr'>κατεσκευασμίνος.</span> <span class='ocrx_word' id='word_1_25' title='bbox 1359 562 1525 637; x_wconf 87' lang='grc' dir='ltr'>Ὅρος</span> <span class='ocrx_word' id='word_1_26' title='bbox 1585 558 1642 616; x_wconf 79' lang='grc' dir='ltr'><strong>δὶ</strong></span> <span class='ocrx_word' id='word_1_27' title='bbox 1692 562 1760 631; x_wconf 81' lang='grc' dir='ltr'>ἦν</span> <span class='ocrx_word' id='word_1_28' title='bbox 1820 562 1956 637; x_wconf 86' lang='grc' dir='ltr'>πρὸς</span> 
     </span>
    </p>
   </div>
   <div class='ocr_carea' id='block_1_7' title="bbox 297 642 1954 728">
    <p class='ocr_par' dir='ltr' id='par_1_7' title="bbox 297 642 1954 728">
     <span class='ocr_line' id='line_1_7' title="bbox 297 642 1954 728; baseline 0.004 -30"><span class='ocrx_word' id='word_1_29' title='bbox 297 649 396 699; x_wconf 89' lang='grc' dir='ltr'><strong>τοῦ</strong></span> <span class='ocrx_word' id='word_1_30' title='bbox 460 645 659 721; x_wconf 69' lang='grc' dir='ltr'>μέρους</span> <span class='ocrx_word' id='word_1_31' title='bbox 685 650 796 701; x_wconf 81' lang='grc' dir='ltr'><strong>τῶν</strong></span> <span class='ocrx_word' id='word_1_32' title='bbox 826 642 1175 722; x_wconf 73' lang='grc' dir='ltr'>ἀναϐαθμῶν,</span> <span class='ocrx_word' id='word_1_33' title='bbox 1208 645 1336 714; x_wconf 68' lang='grc' dir='ltr'>ἔνθα</span> <span class='ocrx_word' id='word_1_34' title='bbox 1364 650 1430 719; x_wconf 85' lang='grc' dir='ltr'><strong>ἧν</strong></span> <span class='ocrx_word' id='word_1_35' title='bbox 1467 651 1558 705; x_wconf 78' lang='grc' dir='ltr'><strong>καὶ</strong></span> <span class='ocrx_word' id='word_1_36' title='bbox 1608 648 1790 726; x_wconf 83' lang='grc' dir='ltr'>σχολή</span> <span class='ocrx_word' id='word_1_37' title='bbox 1853 672 1954 728; x_wconf 76' lang='grc' dir='ltr'>φυ-</span> 
     </span>
    </p>
   </div>
   <div class='ocr_carea' id='block_1_8' title="bbox 300 731 1956 815">
    <p class='ocr_par' dir='ltr' id='par_1_8' title="bbox 300 731 1956 815">
     <span class='ocr_line' id='line_1_8' title="bbox 300 731 1956 815; baseline 0.005 -28"><span class='ocrx_word' id='word_1_38' title='bbox 300 731 609 789; x_wconf 82' lang='grc' dir='ltr'>λαττόντων</span> <span class='ocrx_word' id='word_1_39' title='bbox 641 736 739 805; x_wconf 77' lang='grc' dir='ltr'>τὴν</span> <span class='ocrx_word' id='word_1_40' title='bbox 772 735 956 792; x_wconf 86' lang='grc' dir='ltr'>πόλιν.</span> <span class='ocrx_word' id='word_1_41' title='bbox 992 739 1190 810; x_wconf 77' lang='grc' dir='ltr'>Ἔμενε</span> <span class='ocrx_word' id='word_1_42' title='bbox 1250 736 1307 793; x_wconf 69' lang='grc' dir='ltr'><strong>δὲ</strong></span> <span class='ocrx_word' id='word_1_43' title='bbox 1355 737 1526 794; x_wconf 78' lang='grc' dir='ltr'>ἐκεῖσε</span> <span class='ocrx_word' id='word_1_44' title='bbox 1582 739 1956 815; x_wconf 78' lang='grc' dir='ltr'><strong>ἀργυροκόπος</strong></span> 
     </span>
    </p>
   </div>
   <div class='ocr_carea' id='block_1_9' title="bbox 299 821 1954 901">
    <p class='ocr_par' dir='ltr' id='par_1_9' title="bbox 299 821 1954 901">
     <span class='ocr_line' id='line_1_9' title="bbox 299 821 1954 901; baseline 0.004 -24"><span class='ocrx_word' id='word_1_45' title='bbox 299 821 563 888; x_wconf 75' lang='grc' dir='ltr'>ἰναντίοις</span> <span class='ocrx_word' id='word_1_46' title='bbox 616 830 798 901; x_wconf 81' lang='grc' dir='ltr'>ζυγοῖς</span> <span class='ocrx_word' id='word_1_47' title='bbox 852 826 952 895; x_wconf 78' lang='grc' dir='ltr'><strong>τήν</strong></span> <span class='ocrx_word' id='word_1_48' title='bbox 1033 826 1228 901; x_wconf 88' lang='grc' dir='ltr'>πράσιν</span> <span class='ocrx_word' id='word_1_49' title='bbox 1304 827 1659 901; x_wconf 73' lang='grc' dir='ltr'>ποιούμενος,</span> <span class='ocrx_word' id='word_1_50' title='bbox 1710 830 1797 883; x_wconf 86' lang='grc' dir='ltr'>καὶ</span> <span class='ocrx_word' id='word_1_51' title='bbox 1856 833 1954 884; x_wconf 87' lang='grc' dir='ltr'><strong>τοῦ</strong></span> 
     </span>
    </p>
   </div>
   <div class='ocr_carea' id='block_1_10' title="bbox 299 911 1952 991">
    <p class='ocr_par' dir='ltr' id='par_1_10' title="bbox 299 911 1952 991">
     <span class='ocr_line' id='line_1_10' title="bbox 299 911 1952 991; baseline 0.004 -24"><span class='ocrx_word' id='word_1_52' title='bbox 299 911 607 985; x_wconf 70' lang='grc' dir='ltr'>οἰκήματος</span> <span class='ocrx_word' id='word_1_53' title='bbox 655 914 825 970; x_wconf 73' lang='grc' dir='ltr'>αὐτοῦ</span> <span class='ocrx_word' id='word_1_54' title='bbox 873 915 1276 991; x_wconf 69' lang='grc' dir='ltr'>πορθουμένου,</span> <span class='ocrx_word' id='word_1_55' title='bbox 1308 916 1526 987; x_wconf 73' lang='grc' dir='ltr'>ἠπείλει</span> <span class='ocrx_word' id='word_1_56' title='bbox 1565 922 1645 991; x_wconf 77' lang='grc' dir='ltr'>τῷ</span> <span class='ocrx_word' id='word_1_57' title='bbox 1690 918 1780 973; x_wconf 86' lang='grc' dir='ltr'><strong>τὸν</strong></span> <span class='ocrx_word' id='word_1_58' title='bbox 1829 915 1952 973; x_wconf 66' lang='grc' dir='ltr'>ἰλά-</span> 
     </span>
    </p>
   </div>
   <div class='ocr_carea' id='block_1_11' title="bbox 295 1001 1950 1083">
    <p class='ocr_par' dir='ltr' id='par_1_11' title="bbox 295 1001 1950 1083">
     <span class='ocr_line' id='line_1_11' title="bbox 295 1001 1950 1083; baseline 0.006 -28"><span class='ocrx_word' id='word_1_59' title='bbox 295 1022 467 1080; x_wconf 74' lang='grc' dir='ltr'>φαντα</span> <span class='ocrx_word' id='word_1_60' title='bbox 499 1001 821 1081; x_wconf 72' lang='grc' dir='ltr'>φυλάττοντι</span> <span class='ocrx_word' id='word_1_61' title='bbox 871 1004 1123 1078; x_wconf 82' lang='grc' dir='ltr'>θάνατον,</span> <span class='ocrx_word' id='word_1_62' title='bbox 1155 1005 1200 1061; x_wconf 85' lang='grc' dir='ltr'><strong>εί</strong></span> <span class='ocrx_word' id='word_1_63' title='bbox 1247 1007 1323 1080; x_wconf 81' lang='grc' dir='ltr'>μή</span> <span class='ocrx_word' id='word_1_64' title='bbox 1371 1011 1562 1062; x_wconf 89' lang='grc' dir='ltr'>τοῦτον</span> <span class='ocrx_word' id='word_1_65' title='bbox 1612 1010 1950 1083; x_wconf 72' lang='grc' dir='ltr'><strong>κρατήσειεν.</strong></span> 
     </span>
    </p>
   </div>
   <div class='ocr_carea' id='block_1_12' title="bbox 290 1089 1950 1173">
    <p class='ocr_par' dir='ltr' id='par_1_12' title="bbox 290 1089 1950 1173">
     <span class='ocr_line' id='line_1_12' title="bbox 290 1089 1950 1173; baseline 0.002 -24"><span class='ocrx_word' id='word_1_66' title='bbox 290 1092 354 1149; x_wconf 90' lang='grc' dir='ltr'>Ὁ</span> <span class='ocrx_word' id='word_1_67' title='bbox 384 1089 442 1147; x_wconf 77' lang='grc' dir='ltr'><strong>δὶ</strong></span> <span class='ocrx_word' id='word_1_68' title='bbox 491 1092 807 1166; x_wconf 80' lang='grc' dir='ltr'>θηροκόμος</span> <span class='ocrx_word' id='word_1_69' title='bbox 857 1094 960 1150; x_wconf 81' lang='grc' dir='ltr'>οὐκ</span> <span class='ocrx_word' id='word_1_70' title='bbox 1011 1092 1271 1163; x_wconf 69' lang='grc' dir='ltr'>ἰνεδίδου,</span> <span class='ocrx_word' id='word_1_71' title='bbox 1305 1096 1363 1150; x_wconf 88' lang='grc' dir='ltr'><strong>’ὀν</strong></span> <span class='ocrx_word' id='word_1_72' title='bbox 1415 1096 1676 1162; x_wconf 76' lang='grc' dir='ltr'>φονεύσας</span> <span class='ocrx_word' id='word_1_73' title='bbox 1728 1097 1756 1151; x_wconf 83' lang='grc' dir='ltr'>ὁ</span> <span class='ocrx_word' id='word_1_74' title='bbox 1797 1102 1950 1173; x_wconf 82' lang='grc' dir='ltr'>ζυγο-</span> 
     </span>
    </p>
   </div>
   <div class='ocr_carea' id='block_1_13' title="bbox 291 1178 1947 1261">
    <p class='ocr_par' dir='ltr' id='par_1_13' title="bbox 291 1178 1947 1261">
     <span class='ocr_line' id='line_1_13' title="bbox 291 1178 1947 1261; baseline 0.002 -26"><span class='ocrx_word' id='word_1_75' title='bbox 291 1178 546 1252; x_wconf 82' lang='grc' dir='ltr'>πλάστης</span> <span class='ocrx_word' id='word_1_76' title='bbox 607 1178 810 1238; x_wconf 79' lang='grc' dir='ltr'>δέδωκε</span> <span class='ocrx_word' id='word_1_77' title='bbox 860 1184 1025 1259; x_wconf 80' lang='grc' dir='ltr'>βοράν</span> <span class='ocrx_word' id='word_1_78' title='bbox 1069 1182 1151 1257; x_wconf 78' lang='grc' dir='ltr'><strong>τῷ</strong></span> <span class='ocrx_word' id='word_1_79' title='bbox 1203 1183 1480 1259; x_wconf 73' lang='grc' dir='ltr'>ἐλέφαντι.</span> <span class='ocrx_word' id='word_1_80' title='bbox 1525 1187 1595 1241; x_wconf 85' lang='grc' dir='ltr'><strong>Τὸ</strong></span> <span class='ocrx_word' id='word_1_81' title='bbox 1645 1184 1703 1242; x_wconf 73' lang='grc' dir='ltr'><strong>δὶ</strong></span> <span class='ocrx_word' id='word_1_82' title='bbox 1761 1186 1947 1261; x_wconf 77' lang='grc' dir='ltr'>θηρίον</span> 
     </span>
    </p>
   </div>
   <div class='ocr_carea' id='block_1_14' title="bbox 295 1269 1948 1352">
    <p class='ocr_par' dir='ltr' id='par_1_14' title="bbox 295 1269 1948 1352">
     <span class='ocr_line' id='line_1_14' title="bbox 295 1269 1948 1352; baseline 0.004 -29"><span class='ocrx_word' id='word_1_83' title='bbox 295 1269 583 1333; x_wconf 85' lang='grc' dir='ltr'>ἆτίθασσον</span> <span class='ocrx_word' id='word_1_84' title='bbox 618 1269 701 1342; x_wconf 76' lang='grc' dir='ltr'><strong>ὃν,</strong></span> <span class='ocrx_word' id='word_1_85' title='bbox 734 1272 823 1326; x_wconf 85' lang='grc' dir='ltr'><strong>καὶ</strong></span> <span class='ocrx_word' id='word_1_86' title='bbox 851 1273 1010 1327; x_wconf 77' lang='grc' dir='ltr'>αὑτὸν</span> <span class='ocrx_word' id='word_1_87' title='bbox 1043 1272 1245 1329; x_wconf 82' lang='grc' dir='ltr'>ἀνεῖλε·</span> <span class='ocrx_word' id='word_1_88' title='bbox 1279 1273 1367 1329; x_wconf 84' lang='grc' dir='ltr'><strong>καὶ</strong></span> <span class='ocrx_word' id='word_1_89' title='bbox 1413 1276 1442 1329; x_wconf 84' lang='grc' dir='ltr'>ὁ</span> <span class='ocrx_word' id='word_1_90' title='bbox 1488 1271 1732 1352; x_wconf 75' lang='grc' dir='ltr'>Σεϐἤρος</span> <span class='ocrx_word' id='word_1_91' title='bbox 1787 1275 1948 1331; x_wconf 75' lang='grc' dir='ltr'>ἀκού-</span> 
     </span>
    </p>
   </div>
   <div class='ocr_carea' id='block_1_15' title="bbox 292 1360 1949 1438">
    <p class='ocr_par' dir='ltr' id='par_1_15' title="bbox 292 1360 1949 1438">
     <span class='ocr_line' id='line_1_15' title="bbox 292 1360 1949 1438; baseline 0.005 -27"><span class='ocrx_word' id='word_1_92' title='bbox 292 1378 389 1419; x_wconf 78' lang='grc' dir='ltr'><strong>σας</strong></span> <span class='ocrx_word' id='word_1_93' title='bbox 418 1362 500 1431; x_wconf 76' lang='grc' dir='ltr'>τῷ</span> <span class='ocrx_word' id='word_1_94' title='bbox 530 1360 709 1435; x_wconf 86' lang='grc' dir='ltr'>θηρίῳ</span> <span class='ocrx_word' id='word_1_95' title='bbox 738 1360 925 1424; x_wconf 78' lang='grc' dir='ltr'>θυσίας</span> <span class='ocrx_word' id='word_1_96' title='bbox 958 1360 1205 1437; x_wconf 76' lang='grc' dir='ltr'><strong>ἤνεγκεν.</strong></span> <span class='ocrx_word' id='word_1_97' title='bbox 1239 1363 1328 1420; x_wconf 86' lang='grc' dir='ltr'>Ἐν</span> <span class='ocrx_word' id='word_1_98' title='bbox 1357 1363 1504 1436; x_wconf 80' lang='grc' dir='ltr'><strong>αὖτῷ</strong></span> <span class='ocrx_word' id='word_1_99' title='bbox 1558 1362 1616 1419; x_wconf 72' lang='grc' dir='ltr'><strong>δί</strong></span> <span class='ocrx_word' id='word_1_100' title='bbox 1667 1369 1749 1437; x_wconf 78' lang='grc' dir='ltr'>τῷ</span> <span class='ocrx_word' id='word_1_101' title='bbox 1793 1366 1949 1438; x_wconf 84' lang='grc' dir='ltr'>τόπῳ</span> 
     </span>
    </p>
   </div>
   <div class='ocr_carea' id='block_1_16' title="bbox 291 1446 1947 1527">
    <p class='ocr_par' dir='ltr' id='par_1_16' title="bbox 291 1446 1947 1527">
     <span class='ocr_line' id='line_1_16' title="bbox 291 1446 1947 1527; baseline 0.005 -27"><span class='ocrx_word' id='word_1_102' title='bbox 291 1446 562 1521; x_wconf 82' lang='grc' dir='ltr'>παρευθὺς</span> <span class='ocrx_word' id='word_1_103' title='bbox 626 1447 940 1520; x_wconf 79' lang='grc' dir='ltr'>ἀνετυπώθη</span> <span class='ocrx_word' id='word_1_104' title='bbox 990 1450 1053 1504; x_wconf 89' lang='grc' dir='ltr'><strong>τό</strong></span> <span class='ocrx_word' id='word_1_105' title='bbox 1103 1471 1162 1505; x_wconf 86' lang='grc' dir='ltr'><strong>τε</strong></span> <span class='ocrx_word' id='word_1_106' title='bbox 1212 1450 1399 1526; x_wconf 85' lang='grc' dir='ltr'>θηρίον</span> <span class='ocrx_word' id='word_1_107' title='bbox 1426 1453 1514 1507; x_wconf 77' lang='grc' dir='ltr'>καὶ</span> <span class='ocrx_word' id='word_1_108' title='bbox 1548 1454 1577 1507; x_wconf 85' lang='grc' dir='ltr'><strong>ὁ</strong></span> <span class='ocrx_word' id='word_1_109' title='bbox 1608 1452 1947 1527; x_wconf 83' lang='grc' dir='ltr'>θηροκόμος·</span> 
     </span>
    </p>
   </div>
   <div class='ocr_carea' id='block_1_17' title="bbox 289 1536 1945 1615">
    <p class='ocr_par' dir='ltr' id='par_1_17' title="bbox 289 1536 1945 1615">
     <span class='ocr_line' id='line_1_17' title="bbox 289 1536 1945 1615; baseline 0.004 -23"><span class='ocrx_word' id='word_1_110' title='bbox 289 1536 457 1599; x_wconf 80' lang='grc' dir='ltr'>Ἔνθα</span> <span class='ocrx_word' id='word_1_111' title='bbox 513 1536 603 1591; x_wconf 82' lang='grc' dir='ltr'><strong>καὶ</strong></span> <span class='ocrx_word' id='word_1_112' title='bbox 653 1536 935 1613; x_wconf 81' lang='grc' dir='ltr'>Ἡρακλῆς</span> <span class='ocrx_word' id='word_1_113' title='bbox 988 1537 1309 1615; x_wconf 78' lang='grc' dir='ltr'>ὶλατρεύθη,</span> <span class='ocrx_word' id='word_1_114' title='bbox 1343 1539 1561 1604; x_wconf 75' lang='grc' dir='ltr'>πολλὰς</span> <span class='ocrx_word' id='word_1_115' title='bbox 1620 1543 1803 1605; x_wconf 83' lang='grc' dir='ltr'>Θυσίας</span> <span class='ocrx_word' id='word_1_116' title='bbox 1860 1540 1945 1598; x_wconf 82' lang='grc' dir='ltr'><strong>δε-</strong></span> 
     </span>
    </p>
   </div>
   <div class='ocr_carea' id='block_1_18' title="bbox 288 1623 1948 1703">
    <p class='ocr_par' dir='ltr' id='par_1_18' title="bbox 288 1623 1948 1703">
     <span class='ocr_line' id='line_1_18' title="bbox 288 1623 1948 1703; baseline 0.007 -26"><span class='ocrx_word' id='word_1_117' title='bbox 288 1623 544 1697; x_wconf 79' lang='grc' dir='ltr'>ξάμενος,</span> <span class='ocrx_word' id='word_1_118' title='bbox 584 1626 643 1688; x_wconf 78' lang='grc' dir='ltr'>ὃς</span> <span class='ocrx_word' id='word_1_119' title='bbox 698 1625 751 1681; x_wconf 68' lang='grc' dir='ltr'>ἂν</span> <span class='ocrx_word' id='word_1_120' title='bbox 804 1631 887 1700; x_wconf 77' lang='grc' dir='ltr'>τῷ</span> <span class='ocrx_word' id='word_1_121' title='bbox 940 1625 1319 1703; x_wconf 83' lang='grc' dir='ltr'>Ἱπποδρομίῳ</span> <span class='ocrx_word' id='word_1_122' title='bbox 1377 1629 1654 1702; x_wconf 71' lang='grc' dir='ltr'>μετετέθη.</span> <span class='ocrx_word' id='word_1_123' title='bbox 1710 1632 1828 1686; x_wconf 81' lang='grc' dir='ltr'><strong>Ἐπὶ</strong></span> <span class='ocrx_word' id='word_1_124' title='bbox 1890 1630 1948 1689; x_wconf 82' lang='grc' dir='ltr'><strong>δὶ</strong></span> 
     </span>
    </p>
   </div>
   <div class='ocr_carea' id='block_1_19' title="bbox 285 1711 1946 1791">
    <p class='ocr_par' dir='ltr' id='par_1_19' title="bbox 285 1711 1946 1791">
     <span class='ocr_line' id='line_1_19' title="bbox 285 1711 1946 1791; baseline 0.004 -22"><span class='ocrx_word' id='word_1_125' title='bbox 285 1711 592 1769; x_wconf 85' lang='grc' dir='ltr'>Ἰουλιανοῦ</span> <span class='ocrx_word' id='word_1_126' title='bbox 653 1714 919 1771; x_wconf 84' lang='grc' dir='ltr'>ὑπατικοῦ</span> <span class='ocrx_word' id='word_1_127' title='bbox 976 1717 1082 1772; x_wconf 80' lang='grc' dir='ltr'>άπὸ</span> <span class='ocrx_word' id='word_1_128' title='bbox 1111 1717 1334 1791; x_wconf 87' lang='grc' dir='ltr'>Ῥώμης</span> <span class='ocrx_word' id='word_1_129' title='bbox 1361 1717 1525 1788; x_wconf 80' lang='grc' dir='ltr'>ἦλθεν</span> <span class='ocrx_word' id='word_1_130' title='bbox 1580 1720 1667 1775; x_wconf 80' lang='grc' dir='ltr'><strong>ἐπὶ</strong></span> <span class='ocrx_word' id='word_1_131' title='bbox 1723 1720 1786 1775; x_wconf 79' lang='grc' dir='ltr'><strong>τὸ</strong></span> <span class='ocrx_word' id='word_1_132' title='bbox 1842 1723 1946 1778; x_wconf 84' lang='grc' dir='ltr'>Βυ-</span> 
     </span>
    </p>
   </div>
   <div class='ocr_carea' id='block_1_20' title="bbox 292 1801 1496 1881">
    <p class='ocr_par' dir='ltr' id='par_1_20' title="bbox 292 1801 1496 1881">
     <span class='ocr_line' id='line_1_20' title="bbox 292 1801 1496 1881; baseline 0.004 -24"><span class='ocrx_word' id='word_1_133' title='bbox 292 1801 526 1872; x_wconf 84' lang='grc' dir='ltr'>ζάντιον·</span> <span class='ocrx_word' id='word_1_134' title='bbox 562 1801 799 1881; x_wconf 76' lang='grc' dir='ltr'>εΐσήχθη</span> <span class='ocrx_word' id='word_1_135' title='bbox 833 1802 891 1861; x_wconf 77' lang='grc' dir='ltr'><strong>δὶ</strong></span> <span class='ocrx_word' id='word_1_136' title='bbox 922 1805 1056 1881; x_wconf 74' lang='grc' dir='ltr'>μετὰ</span> <span class='ocrx_word' id='word_1_137' title='bbox 1086 1805 1303 1877; x_wconf 86' lang='grc' dir='ltr'>στηλῶν</span> <span class='ocrx_word' id='word_1_138' title='bbox 1348 1805 1496 1868; x_wconf 72' lang='grc' dir='ltr'>δέκα.</span> 
     </span>
    </p>
   </div>
   <div class='ocr_carea' id='block_1_21' title="bbox 444 2071 1781 2152">
    <p class='ocr_par' dir='ltr' id='par_1_21' title="bbox 444 2071 1781 2152">
     <span class='ocr_line' id='line_1_21' title="bbox 444 2071 1781 2152; baseline 0.004 -25"><span class='ocrx_word' id='word_1_139' title='bbox 444 2071 573 2148; x_wconf 80' lang='grc' dir='ltr'>Περὶ</span> <span class='ocrx_word' id='word_1_140' title='bbox 605 2071 673 2127; x_wconf 79' lang='grc' dir='ltr'>τὰ</span> <span class='ocrx_word' id='word_1_141' title='bbox 706 2073 1009 2149; x_wconf 88' lang='grc' dir='ltr'>Πατρικίας</span> <span class='ocrx_word' id='word_1_142' title='bbox 1038 2076 1137 2143; x_wconf 76' lang='grc' dir='ltr'><strong>τῆς</strong></span> <span class='ocrx_word' id='word_1_143' title='bbox 1171 2074 1466 2152; x_wconf 85' lang='grc' dir='ltr'>ὗπεραγίας</span> <span class='ocrx_word' id='word_1_144' title='bbox 1494 2074 1781 2135; x_wconf 83' lang='grc' dir='ltr'>Θεοτόκου.</span> 
     </span>
    </p>
   </div>
   <div class='ocr_carea' id='block_1_22' title="bbox 355 2161 1939 2242">
    <p class='ocr_par' dir='ltr' id='par_1_22' title="bbox 355 2161 1939 2242">
     <span class='ocr_line' id='line_1_22' title="bbox 355 2161 1939 2242; baseline 0.004 -27"><span class='ocrx_word' id='word_1_145' title='bbox 355 2161 452 2223; x_wconf 84' lang='grc' dir='ltr'><strong>Είς</strong></span> <span class='ocrx_word' id='word_1_146' title='bbox 488 2162 579 2216; x_wconf 86' lang='grc' dir='ltr'><strong>τὸν</strong></span> <span class='ocrx_word' id='word_1_147' title='bbox 630 2162 755 2217; x_wconf 86' lang='grc' dir='ltr'>ναὸν</span> <span class='ocrx_word' id='word_1_148' title='bbox 810 2169 913 2232; x_wconf 82' lang='grc' dir='ltr'><strong>τῆς</strong></span> <span class='ocrx_word' id='word_1_149' title='bbox 956 2164 1225 2219; x_wconf 81' lang='grc' dir='ltr'>Θεοτόκου</span> <span class='ocrx_word' id='word_1_150' title='bbox 1269 2165 1336 2219; x_wconf 77' lang='grc' dir='ltr'><strong>τὰ</strong></span> <span class='ocrx_word' id='word_1_151' title='bbox 1378 2164 1693 2242; x_wconf 79' lang='grc' dir='ltr'>Ηατρικίας,</span> <span class='ocrx_word' id='word_1_152' title='bbox 1721 2161 1939 2221; x_wconf 76' lang='grc' dir='ltr'>ὄπισθεν</span> 
     </span>
    </p>
   </div>
   <div class='ocr_carea' id='block_1_23' title="bbox 280 2250 1941 2330">
    <p class='ocr_par' dir='ltr' id='par_1_23' title="bbox 280 2250 1941 2330">
     <span class='ocr_line' id='line_1_23' title="bbox 280 2250 1941 2330; baseline 0.003 -25"><span class='ocrx_word' id='word_1_153' title='bbox 280 2258 383 2320; x_wconf 84' lang='grc' dir='ltr'><strong>τῆς</strong></span> <span class='ocrx_word' id='word_1_154' title='bbox 420 2250 576 2327; x_wconf 81' lang='grc' dir='ltr'>ἁγίας</span> <span class='ocrx_word' id='word_1_155' title='bbox 610 2250 832 2325; x_wconf 76' lang='grc' dir='ltr'>Σοφίας,</span> <span class='ocrx_word' id='word_1_156' title='bbox 866 2252 917 2306; x_wconf 77' lang='grc' dir='ltr'>οἱ</span> <span class='ocrx_word' id='word_1_157' title='bbox 952 2252 1197 2327; x_wconf 79' lang='grc' dir='ltr'>βασιλεῖς</span> <span class='ocrx_word' id='word_1_158' title='bbox 1224 2250 1469 2330; x_wconf 75' lang='grc' dir='ltr'>ἤρχοντο</span> <span class='ocrx_word' id='word_1_159' title='bbox 1502 2253 1589 2309; x_wconf 77' lang='grc' dir='ltr'>ἐπὶ</span> <span class='ocrx_word' id='word_1_160' title='bbox 1628 2259 1747 2317; x_wconf 82' lang='grc' dir='ltr'>ταῖς</span> <span class='ocrx_word' id='word_1_161' title='bbox 1776 2275 1941 2330; x_wconf 85' lang='grc' dir='ltr'>προε-</span> 
     </span>
    </p>
   </div>
   <div class='ocr_carea' id='block_1_24' title="bbox 279 2337 1939 2417">
    <p class='ocr_par' dir='ltr' id='par_1_24' title="bbox 279 2337 1939 2417">
     <span class='ocr_line' id='line_1_24' title="bbox 279 2337 1939 2417; baseline 0.004 -23"><span class='ocrx_word' id='word_1_162' title='bbox 279 2337 493 2394; x_wconf 74' lang='grc' dir='ltr'>λεύσεσι</span> <span class='ocrx_word' id='word_1_163' title='bbox 550 2340 684 2413; x_wconf 81' lang='grc' dir='ltr'>μετᾶ</span> <span class='ocrx_word' id='word_1_164' title='bbox 730 2345 838 2396; x_wconf 82' lang='grc' dir='ltr'>τῶν</span> <span class='ocrx_word' id='word_1_165' title='bbox 892 2338 1214 2412; x_wconf 68' lang='grc' dir='ltr'>δεσποινᾶΝ,</span> <span class='ocrx_word' id='word_1_166' title='bbox 1258 2343 1348 2397; x_wconf 73' lang='grc' dir='ltr'><strong>ὅτε</strong></span> <span class='ocrx_word' id='word_1_167' title='bbox 1396 2338 1637 2417; x_wconf 76' lang='grc' dir='ltr'>ἔμελλον</span> <span class='ocrx_word' id='word_1_168' title='bbox 1685 2344 1939 2409; x_wconf 80' lang='grc' dir='ltr'>ἀπελθεῖν</span> 
     </span>
    </p>
   </div>
   <div class='ocr_carea' id='block_1_25' title="bbox 279 2428 1940 2508">
    <p class='ocr_par' dir='ltr' id='par_1_25' title="bbox 279 2428 1940 2508">
     <span class='ocr_line' id='line_1_25' title="bbox 279 2428 1940 2508; baseline 0.003 -25"><span class='ocrx_word' id='word_1_169' title='bbox 279 2428 358 2490; x_wconf 76' lang='grc' dir='ltr'><strong>εἷς</strong></span> <span class='ocrx_word' id='word_1_170' title='bbox 389 2430 487 2497; x_wconf 81' lang='grc' dir='ltr'>τὴν</span> <span class='ocrx_word' id='word_1_171' title='bbox 549 2428 698 2504; x_wconf 81' lang='grc' dir='ltr'>ἁγίαν</span> <span class='ocrx_word' id='word_1_172' title='bbox 750 2430 977 2507; x_wconf 73' lang='grc' dir='ltr'>Σοφίαν*</span> <span class='ocrx_word' id='word_1_173' title='bbox 1008 2430 1157 2493; x_wconf 72' lang='grc' dir='ltr'>οἶκος</span> <span class='ocrx_word' id='word_1_174' title='bbox 1215 2430 1316 2508; x_wconf 80' lang='grc' dir='ltr'><strong>γὰρ</strong></span> <span class='ocrx_word' id='word_1_175' title='bbox 1375 2433 1441 2501; x_wconf 76' lang='grc' dir='ltr'><strong>ἦν</strong></span> <span class='ocrx_word' id='word_1_176' title='bbox 1493 2432 1666 2488; x_wconf 73' lang='grc' dir='ltr'>ἐκεῖσε</span> <span class='ocrx_word' id='word_1_177' title='bbox 1702 2433 1940 2497; x_wconf 80' lang='grc' dir='ltr'>κτισθεὶς</span> 
     </span>
    </p>
   </div>
   <div class='ocr_carea' id='block_1_26' title="bbox 278 2516 1939 2599">
    <p class='ocr_par' dir='ltr' id='par_1_26' title="bbox 278 2516 1939 2599">
     <span class='ocr_line' id='line_1_26' title="bbox 278 2516 1939 2599; baseline 0.003 -27"><span class='ocrx_word' id='word_1_178' title='bbox 278 2517 425 2592; x_wconf 79' lang='grc' dir='ltr'>παρᾶ</span> <span class='ocrx_word' id='word_1_179' title='bbox 480 2522 578 2573; x_wconf 88' lang='grc' dir='ltr'><strong>τοῦ</strong></span> <span class='ocrx_word' id='word_1_180' title='bbox 633 2516 889 2594; x_wconf 80' lang='grc' dir='ltr'>Μεγάλου</span> <span class='ocrx_word' id='word_1_181' title='bbox 949 2523 1473 2578; x_wconf 75' lang='grc' dir='ltr'>Κωνσταντίνου.Αἱ</span> <span class='ocrx_word' id='word_1_182' title='bbox 1530 2519 1586 2577; x_wconf 75' lang='grc' dir='ltr'><strong>δὲ</strong></span> <span class='ocrx_word' id='word_1_183' title='bbox 1637 2521 1939 2599; x_wconf 80' lang='grc' dir='ltr'>πατρίκιαι,</span> 
     </span>
    </p>
   </div>
   <div class='ocr_carea' id='block_1_27' title="bbox 278 2606 1937 2686">
    <p class='ocr_par' dir='ltr' id='par_1_27' title="bbox 278 2606 1937 2686">
     <span class='ocr_line' id='line_1_27' title="bbox 278 2606 1937 2686; baseline 0.004 -25"><span class='ocrx_word' id='word_1_184' title='bbox 278 2607 334 2662; x_wconf 68' lang='grc' dir='ltr'>αἱ</span> <span class='ocrx_word' id='word_1_185' title='bbox 396 2606 626 2680; x_wconf 80' lang='grc' dir='ltr'><strong>Ζωστιιὶ³</strong></span> <span class='ocrx_word' id='word_1_186' title='bbox 684 2608 818 2682; x_wconf 79' lang='grc' dir='ltr'>[καὶ]</span> <span class='ocrx_word' id='word_1_187' title='bbox 873 2608 925 2662; x_wconf 75' lang='grc' dir='ltr'>οἱ</span> <span class='ocrx_word' id='word_1_188' title='bbox 973 2609 1251 2684; x_wconf 87' lang='grc' dir='ltr'>πατρίκιοι</span> <span class='ocrx_word' id='word_1_189' title='bbox 1302 2609 1473 2665; x_wconf 75' lang='grc' dir='ltr'>ἐκεῖσε</span> <span class='ocrx_word' id='word_1_190' title='bbox 1527 2613 1937 2686; x_wconf 72' lang='grc' dir='ltr'>προσήρχοντο,</span> 
     </span>
    </p>
   </div>
   <div class='ocr_carea' id='block_1_28' title="bbox 277 2694 1938 2774">
    <p class='ocr_par' dir='ltr' id='par_1_28' title="bbox 277 2694 1938 2774">
     <span class='ocr_line' id='line_1_28' title="bbox 277 2694 1938 2774; baseline 0.003 -23"><span class='ocrx_word' id='word_1_191' title='bbox 277 2697 369 2751; x_wconf 83' lang='grc' dir='ltr'>καὶ</span> <span class='ocrx_word' id='word_1_192' title='bbox 404 2694 692 2765; x_wconf 73' lang='grc' dir='ltr'>ἤλλασσον</span> <span class='ocrx_word' id='word_1_193' title='bbox 723 2698 816 2752; x_wconf 87' lang='grc' dir='ltr'><strong>τὸν</strong></span> <span class='ocrx_word' id='word_1_194' title='bbox 853 2696 1079 2773; x_wconf 68' lang='grc' dir='ltr'>βασιλέα</span> <span class='ocrx_word' id='word_1_195' title='bbox 1108 2700 1195 2754; x_wconf 85' lang='grc' dir='ltr'><strong>καὶ</strong></span> <span class='ocrx_word' id='word_1_196' title='bbox 1228 2701 1328 2769; x_wconf 76' lang='grc' dir='ltr'>τὴν</span> <span class='ocrx_word' id='word_1_197' title='bbox 1356 2697 1640 2755; x_wconf 75' lang='grc' dir='ltr'>δέσποιναν</span> <span class='ocrx_word' id='word_1_198' title='bbox 1671 2701 1805 2774; x_wconf 77' lang='grc' dir='ltr'>μετά</span> <span class='ocrx_word' id='word_1_199' title='bbox 1849 2700 1938 2756; x_wconf 83' lang='grc' dir='ltr'><strong>καὶ</strong></span> 
     </span>
    </p>
   </div>
   <div class='ocr_carea' id='block_1_29' title="bbox 285 2785 825 2859">
    <p class='ocr_par' dir='ltr' id='par_1_29' title="bbox 285 2785 825 2859">
     <span class='ocr_line' id='line_1_29' title="bbox 285 2785 825 2859; baseline 0.007 -20"><span class='ocrx_word' id='word_1_200' title='bbox 285 2788 393 2839; x_wconf 80' lang='grc' dir='ltr'><strong>τῶν</strong></span> <span class='ocrx_word' id='word_1_201' title='bbox 427 2785 825 2859; x_wconf 87' lang='grc' dir='ltr'>πραιποσίτων.</span> 
     </span>
    </p>
   </div>
   <div class='ocr_carea' id='block_1_30' title="bbox 806 2876 1422 2950">
    <p class='ocr_par' dir='ltr' id='par_1_30' title="bbox 806 2876 1422 2950">
     <span class='ocr_line' id='line_1_30' title="bbox 806 2876 1422 2950; baseline 0.008 -20"><span class='ocrx_word' id='word_1_202' title='bbox 806 2876 936 2949; x_wconf 81' lang='grc' dir='ltr'>Περὶ</span> <span class='ocrx_word' id='word_1_203' title='bbox 964 2879 1062 2931; x_wconf 90' lang='grc' dir='ltr'><strong>τοῦ</strong></span> <span class='ocrx_word' id='word_1_204' title='bbox 1092 2876 1422 2950; x_wconf 84' lang='grc' dir='ltr'>Βοσπορίου.</span> 
     </span>
    </p>
   </div>
   <div class='ocr_carea' id='block_1_31' title="bbox 347 2962 1939 3040">
    <p class='ocr_par' dir='ltr' id='par_1_31' title="bbox 347 2962 1939 3040">
     <span class='ocr_line' id='line_1_31' title="bbox 347 2962 1939 3040; baseline 0.002 -21"><span class='ocrx_word' id='word_1_205' title='bbox 347 2964 472 3019; x_wconf 74' lang='grc' dir='ltr'>Ὀτι</span> <span class='ocrx_word' id='word_1_206' title='bbox 514 2962 578 3018; x_wconf 83' lang='grc' dir='ltr'>τὸ</span> <span class='ocrx_word' id='word_1_207' title='bbox 635 2964 966 3038; x_wconf 85' lang='grc' dir='ltr'>Βοσπόριον,</span> <span class='ocrx_word' id='word_1_208' title='bbox 1017 2966 1198 3027; x_wconf 82' lang='grc' dir='ltr'>καθώς</span> <span class='ocrx_word' id='word_1_209' title='bbox 1254 2987 1417 3040; x_wconf 71' lang='grc' dir='ltr'>φησιν</span> <span class='ocrx_word' id='word_1_210' title='bbox 1467 2963 1725 3037; x_wconf 67' lang='grc' dir='ltr'>Ἰωάννης</span> <span class='ocrx_word' id='word_1_211' title='bbox 1756 2967 1784 3021; x_wconf 83' lang='grc' dir='ltr'><strong>ὁ</strong></span> <span class='ocrx_word' id='word_1_212' title='bbox 1816 2968 1939 3024; x_wconf 86' lang='grc' dir='ltr'><strong>Ἀν-</strong></span> 
     </span>
    </p>
   </div>
   <div class='ocr_carea' id='block_1_32' title="bbox 275 3050 1937 3131">
    <p class='ocr_par' dir='ltr' id='par_1_32' title="bbox 275 3050 1937 3131">
     <span class='ocr_line' id='line_1_32' title="bbox 275 3050 1937 3131; baseline 0.003 -25"><span class='ocrx_word' id='word_1_213' title='bbox 275 3051 525 3127; x_wconf 80' lang='grc' dir='ltr'>τιοχεῦς,</span> <span class='ocrx_word' id='word_1_214' title='bbox 559 3050 649 3107; x_wconf 73' lang='grc' dir='ltr'><strong>ὅτε</strong></span> <span class='ocrx_word' id='word_1_215' title='bbox 679 3052 853 3122; x_wconf 77' lang='grc' dir='ltr'>Βύζας</span> <span class='ocrx_word' id='word_1_216' title='bbox 884 3051 1059 3109; x_wconf 71' lang='grc' dir='ltr'>ἔκτισε</span> <span class='ocrx_word' id='word_1_217' title='bbox 1084 3054 1147 3109; x_wconf 85' lang='grc' dir='ltr'>τὸ</span> <span class='ocrx_word' id='word_1_218' title='bbox 1178 3053 1494 3124; x_wconf 81' lang='grc' dir='ltr'>Βυζάντιον,</span> <span class='ocrx_word' id='word_1_219' title='bbox 1532 3056 1661 3131; x_wconf 88' lang='grc' dir='ltr'>βοῦν</span> <span class='ocrx_word' id='word_1_220' title='bbox 1694 3056 1937 3111; x_wconf 71' lang='grc' dir='ltr'>ἀπέστει-</span> 
     </span>
    </p>
   </div>
   <div class='ocr_carea' id='block_1_33' title="bbox 279 3139 1937 3220">
    <p class='ocr_par' dir='ltr' id='par_1_33' title="bbox 279 3139 1937 3220">
     <span class='ocr_line' id='line_1_33' title="bbox 279 3139 1937 3220; baseline 0.003 -25"><span class='ocrx_word' id='word_1_221' title='bbox 279 3139 370 3195; x_wconf 88' lang='grc' dir='ltr'><strong>λεν</strong></span> <span class='ocrx_word' id='word_1_222' title='bbox 406 3140 513 3195; x_wconf 85' lang='grc' dir='ltr'>ἀπὸ</span> <span class='ocrx_word' id='word_1_223' title='bbox 540 3145 637 3195; x_wconf 89' lang='grc' dir='ltr'><strong>τοῦ</strong></span> <span class='ocrx_word' id='word_1_224' title='bbox 678 3143 1049 3220; x_wconf 72' lang='grc' dir='ltr'>Προσφορίου,</span> <span class='ocrx_word' id='word_1_225' title='bbox 1080 3143 1171 3197; x_wconf 84' lang='grc' dir='ltr'><strong>καὶ</strong></span> <span class='ocrx_word' id='word_1_226' title='bbox 1220 3141 1464 3209; x_wconf 77' lang='grc' dir='ltr'>ἀπῆλθεν</span> <span class='ocrx_word' id='word_1_227' title='bbox 1514 3142 1590 3206; x_wconf 84' lang='grc' dir='ltr'><strong>εἰς</strong></span> <span class='ocrx_word' id='word_1_228' title='bbox 1649 3146 1937 3219; x_wconf 81' lang='grc' dir='ltr'>Χρυσόπο-</span> 
     </span>
    </p>
   </div>
   <div class='ocr_carea' id='block_1_34' title="bbox 2067 564 3719 639">
    <p class='ocr_par' dir='ltr' id='par_1_34' title="bbox 2067 564 3719 639">
     <span class='ocr_line' id='line_1_34' title="bbox 2067 564 3719 639; baseline 0.001 -20"><span class='ocrx_word' id='word_1_229' title='bbox 2067 568 2295 620; x_wconf 87' lang='lat' dir='ltr'><strong>erectus</strong></span> <span class='ocrx_word' id='word_1_230' title='bbox 2327 569 2453 621; x_wconf 88' lang='lat' dir='ltr'><strong>erat</strong></span> <span class='ocrx_word' id='word_1_231' title='bbox 2484 583 2517 622; x_wconf 90' lang='lat' dir='ltr'><strong>a</strong></span> <span class='ocrx_word' id='word_1_232' title='bbox 2545 566 2753 622; x_wconf 85' lang='lat' dir='ltr'><strong>Severo</strong></span> <span class='ocrx_word' id='word_1_233' title='bbox 2785 565 3024 639; x_wconf 84' lang='lat' dir='ltr'><strong>elephas</strong></span> <span class='ocrx_word' id='word_1_234' title='bbox 3069 564 3326 637; x_wconf 80' lang='lat' dir='ltr'><strong>ingentis</strong></span> <span class='ocrx_word' id='word_1_235' title='bbox 3359 565 3719 637; x_wconf 88' lang='lat' dir='ltr'><strong>magnitudi-</strong></span> 
     </span>
    </p>
   </div>
   <div class='ocr_carea' id='block_1_35' title="bbox 2067 653 3721 726">
    <p class='ocr_par' dir='ltr' id='par_1_35' title="bbox 2067 653 3721 726">
     <span class='ocr_line' id='line_1_35' title="bbox 2067 653 3721 726; baseline 0.002 -20"><span class='ocrx_word' id='word_1_236' title='bbox 2067 653 2179 708; x_wconf 90' lang='lat' dir='ltr'><strong>dis.</strong></span> <span class='ocrx_word' id='word_1_237' title='bbox 2214 654 2349 709; x_wconf 88' lang='lat' dir='ltr'><strong>Erat</strong></span> <span class='ocrx_word' id='word_1_238' title='bbox 2378 658 2573 710; x_wconf 90' lang='lat' dir='ltr'><strong>autem</strong></span> <span class='ocrx_word' id='word_1_239' title='bbox 2606 653 2771 710; x_wconf 91' lang='lat' dir='ltr'><strong>collis</strong></span> <span class='ocrx_word' id='word_1_240' title='bbox 2818 660 2952 710; x_wconf 86' lang='lat' dir='ltr'><strong>ante</strong></span> <span class='ocrx_word' id='word_1_241' title='bbox 3000 657 3223 726; x_wconf 86' lang='lat' dir='ltr'><strong>partem</strong></span> <span class='ocrx_word' id='word_1_242' title='bbox 3273 654 3587 725; x_wconf 90' lang='lat' dir='ltr'><strong>graduum,</strong></span> <span class='ocrx_word' id='word_1_243' title='bbox 3619 655 3721 710; x_wconf 87' lang='lat' dir='ltr'><strong>ubi</strong></span> 
     </span>
    </p>
   </div>
   <div class='ocr_carea' id='block_1_36' title="bbox 2065 741 3723 799">
    <p class='ocr_par' dir='ltr' id='par_1_36' title="bbox 2065 741 3723 799">
     <span class='ocr_line' id='line_1_36' title="bbox 2065 741 3723 799; baseline 0.001 -2"><span class='ocrx_word' id='word_1_244' title='bbox 2065 745 2122 797; x_wconf 89' lang='lat' dir='ltr'><strong>et</strong></span> <span class='ocrx_word' id='word_1_245' title='bbox 2173 741 2377 799; x_wconf 81' lang='lat' dir='ltr'><strong>schola</strong></span> <span class='ocrx_word' id='word_1_246' title='bbox 2425 743 2740 798; x_wconf 83' lang='lat' dir='ltr'><strong>custodum</strong></span> <span class='ocrx_word' id='word_1_247' title='bbox 2800 743 2964 798; x_wconf 82' lang='lat' dir='ltr'><strong>urbis</strong></span> <span class='ocrx_word' id='word_1_248' title='bbox 3024 743 3365 799; x_wconf 85' lang='lat' dir='ltr'><strong>excubabat.</strong></span> <span class='ocrx_word' id='word_1_249' title='bbox 3410 743 3723 799; x_wconf 86' lang='lat' dir='ltr'><strong>Habitabat</strong></span> 
     </span>
    </p>
   </div>
   <div class='ocr_carea' id='block_1_37' title="bbox 2066 830 3718 905">
    <p class='ocr_par' dir='ltr' id='par_1_37' title="bbox 2066 830 3718 905">
     <span class='ocr_line' id='line_1_37' title="bbox 2066 830 3718 905; baseline 0.001 -19"><span class='ocrx_word' id='word_1_250' title='bbox 2066 830 2241 887; x_wconf 89' lang='lat' dir='ltr'><strong>etiam</strong></span> <span class='ocrx_word' id='word_1_251' title='bbox 2274 832 2353 886; x_wconf 88' lang='lat' dir='ltr'><strong>ibi</strong></span> <span class='ocrx_word' id='word_1_252' title='bbox 2387 833 2757 905; x_wconf 90' lang='lat' dir='ltr'><strong>argentarius</strong></span> <span class='ocrx_word' id='word_1_253' title='bbox 2788 833 2888 904; x_wconf 88' lang='lat' dir='ltr'><strong>qui</strong></span> <span class='ocrx_word' id='word_1_254' title='bbox 2928 832 3197 888; x_wconf 80' lang='lat' dir='ltr'><strong>lancibus</strong></span> <span class='ocrx_word' id='word_1_255' title='bbox 3236 831 3456 905; x_wconf 86' lang='lat' dir='ltr'><strong>iniquis</strong></span> <span class='ocrx_word' id='word_1_256' title='bbox 3486 833 3545 887; x_wconf 91' lang='lat' dir='ltr'><strong>in</strong></span> <span class='ocrx_word' id='word_1_257' title='bbox 3577 848 3718 889; x_wconf 91' lang='lat' dir='ltr'><strong>ven-</strong></span> 
     </span>
    </p>
   </div>
   <div class='ocr_carea' id='block_1_38' title="bbox 2063 919 3719 993">
    <p class='ocr_par' dir='ltr' id='par_1_38' title="bbox 2063 919 3719 993">
     <span class='ocr_line' id='line_1_38' title="bbox 2063 919 3719 993; baseline 0.002 -19"><span class='ocrx_word' id='word_1_258' title='bbox 2063 919 2257 975; x_wconf 88' lang='lat' dir='ltr'><strong>dendo</strong></span> <span class='ocrx_word' id='word_1_259' title='bbox 2291 921 2595 986; x_wconf 73' lang='lat' dir='ltr'><strong>utebatur,</strong></span> <span class='ocrx_word' id='word_1_260' title='bbox 2621 922 2791 992; x_wconf 84' lang='lat' dir='ltr'><strong>cujus</strong></span> <span class='ocrx_word' id='word_1_261' title='bbox 2819 920 3058 976; x_wconf 83' lang='lat' dir='ltr'><strong>ofﬁcina</strong></span> <span class='ocrx_word' id='word_1_262' title='bbox 3101 938 3236 975; x_wconf 92' lang='lat' dir='ltr'><strong>cum</strong></span> <span class='ocrx_word' id='word_1_263' title='bbox 3285 921 3359 977; x_wconf 92' lang='lat' dir='ltr'><strong>ab</strong></span> <span class='ocrx_word' id='word_1_264' title='bbox 3407 920 3719 993; x_wconf 85' lang='lat' dir='ltr'><strong>elephanto</strong></span> 
     </span>
    </p>
   </div>
   <div class='ocr_carea' id='block_1_39' title="bbox 2065 1009 3717 1081">
    <p class='ocr_par' dir='ltr' id='par_1_39' title="bbox 2065 1009 3717 1081">
     <span class='ocr_line' id='line_1_39' title="bbox 2065 1009 3717 1081; baseline 0 -16"><span class='ocrx_word' id='word_1_265' title='bbox 2065 1009 2525 1078; x_wconf 76' lang='lat' dir='ltr'><strong>subverteretur,</strong></span> <span class='ocrx_word' id='word_1_266' title='bbox 2559 1015 2805 1065; x_wconf 89' lang='lat' dir='ltr'><strong>mortem</strong></span> <span class='ocrx_word' id='word_1_267' title='bbox 2861 1009 2956 1065; x_wconf 90' lang='lat' dir='ltr'><strong>ille</strong></span> <span class='ocrx_word' id='word_1_268' title='bbox 2990 1010 3406 1066; x_wconf 85' lang='lat' dir='ltr'><strong>interminatus</strong></span> <span class='ocrx_word' id='word_1_269' title='bbox 3453 1016 3544 1065; x_wconf 87' lang='lat' dir='ltr'><strong>est</strong></span> <span class='ocrx_word' id='word_1_270' title='bbox 3590 1010 3717 1081; x_wconf 88' lang='lat' dir='ltr'><strong>ejus</strong></span> 
     </span>
    </p>
   </div>
   <div class='ocr_carea' id='block_1_40' title="bbox 2063 1097 3715 1170">
    <p class='ocr_par' dir='ltr' id='par_1_40' title="bbox 2063 1097 3715 1170">
     <span class='ocr_line' id='line_1_40' title="bbox 2063 1097 3715 1170; baseline 0.001 -18"><span class='ocrx_word' id='word_1_271' title='bbox 2063 1098 2316 1164; x_wconf 88' lang='lat' dir='ltr'><strong>custodi,</strong></span> <span class='ocrx_word' id='word_1_272' title='bbox 2352 1098 2464 1153; x_wconf 88' lang='lat' dir='ltr'><strong>nisi</strong></span> <span class='ocrx_word' id='word_1_273' title='bbox 2500 1097 2756 1154; x_wconf 88' lang='lat' dir='ltr'><strong>belluam</strong></span> <span class='ocrx_word' id='word_1_274' title='bbox 2790 1098 3106 1155; x_wconf 84' lang='lat' dir='ltr'><strong>cohiberet.</strong></span> <span class='ocrx_word' id='word_1_275' title='bbox 3142 1098 3485 1170; x_wconf 82' lang='lat' dir='ltr'><strong>Magistrum</strong></span> <span class='ocrx_word' id='word_1_276' title='bbox 3519 1104 3715 1154; x_wconf 90' lang='lat' dir='ltr'><strong>autem</strong></span> 
     </span>
    </p>
   </div>
   <div class='ocr_carea' id='block_1_41' title="bbox 2061 1186 3716 1259">
    <p class='ocr_par' dir='ltr' id='par_1_41' title="bbox 2061 1186 3716 1259">
     <span class='ocr_line' id='line_1_41' title="bbox 2061 1186 3716 1259; baseline 0.001 -17"><span class='ocrx_word' id='word_1_277' title='bbox 2061 1186 2379 1259; x_wconf 86' lang='lat' dir='ltr'><strong>elephanti,</strong></span> <span class='ocrx_word' id='word_1_278' title='bbox 2401 1205 2535 1243; x_wconf 89' lang='lat' dir='ltr'><strong>cum</strong></span> <span class='ocrx_word' id='word_1_279' title='bbox 2568 1188 2758 1243; x_wconf 89' lang='lat' dir='ltr'><strong>minas</strong></span> <span class='ocrx_word' id='word_1_280' title='bbox 2782 1188 2969 1259; x_wconf 89' lang='lat' dir='ltr'><strong>ipsius</strong></span> <span class='ocrx_word' id='word_1_281' title='bbox 2994 1187 3400 1253; x_wconf 78' lang='lat' dir='ltr'><strong>ﬂoccifeceret,</strong></span> <span class='ocrx_word' id='word_1_282' title='bbox 3426 1187 3716 1244; x_wconf 76' lang='lat' dir='ltr'><strong>interfecit</strong></span> 
     </span>
    </p>
   </div>
   <div class='ocr_carea' id='block_1_42' title="bbox 2060 1276 3714 1349">
    <p class='ocr_par' dir='ltr' id='par_1_42' title="bbox 2060 1276 3714 1349">
     <span class='ocr_line' id='line_1_42' title="bbox 2060 1276 3714 1349; baseline -0.001 -17"><span class='ocrx_word' id='word_1_283' title='bbox 2060 1276 2247 1332; x_wconf 80' lang='lat' dir='ltr'><strong>falsus</strong></span> <span class='ocrx_word' id='word_1_284' title='bbox 2280 1276 2378 1333; x_wconf 89' lang='lat' dir='ltr'><strong>ille</strong></span> <span class='ocrx_word' id='word_1_285' title='bbox 2409 1277 2718 1349; x_wconf 90' lang='lat' dir='ltr'><strong>libripens,</strong></span> <span class='ocrx_word' id='word_1_286' title='bbox 2751 1282 2806 1333; x_wconf 90' lang='lat' dir='ltr'><strong>et</strong></span> <span class='ocrx_word' id='word_1_287' title='bbox 2837 1276 3149 1349; x_wconf 88' lang='lat' dir='ltr'><strong>elephanto</strong></span> <span class='ocrx_word' id='word_1_288' title='bbox 3178 1276 3575 1333; x_wconf 87' lang='lat' dir='ltr'><strong>devorandum</strong></span> <span class='ocrx_word' id='word_1_289' title='bbox 3608 1277 3714 1331; x_wconf 90' lang='lat' dir='ltr'><strong>ob-</strong></span> 
     </span>
    </p>
   </div>
   <div class='ocr_carea' id='block_1_43' title="bbox 2051 1365 3715 1437">
    <p class='ocr_par' dir='ltr' id='par_1_43' title="bbox 2051 1365 3715 1437">
     <span class='ocr_line' id='line_1_43' title="bbox 2051 1365 3715 1437; baseline -0.001 -15"><span class='ocrx_word' id='word_1_290' title='bbox 2051 1365 2215 1436; x_wconf 89' lang='lat' dir='ltr'><strong>jecit.</strong></span> <span class='ocrx_word' id='word_1_291' title='bbox 2248 1365 2452 1422; x_wconf 91' lang='lat' dir='ltr'><strong>Bellua</strong></span> <span class='ocrx_word' id='word_1_292' title='bbox 2475 1383 2606 1422; x_wconf 89' lang='lat' dir='ltr'><strong>vero</strong></span> <span class='ocrx_word' id='word_1_293' title='bbox 2638 1368 2886 1423; x_wconf 88' lang='lat' dir='ltr'><strong>necdum</strong></span> <span class='ocrx_word' id='word_1_294' title='bbox 2921 1366 3181 1421; x_wconf 88' lang='lat' dir='ltr'><strong>cicurata</strong></span> <span class='ocrx_word' id='word_1_295' title='bbox 3210 1365 3405 1437; x_wconf 89' lang='lat' dir='ltr'><strong>ipsum</strong></span> <span class='ocrx_word' id='word_1_296' title='bbox 3439 1381 3558 1420; x_wconf 89' lang='lat' dir='ltr'><strong>una</strong></span> <span class='ocrx_word' id='word_1_297' title='bbox 3586 1382 3715 1421; x_wconf 89' lang='lat' dir='ltr'><strong>sus-</strong></span> 
     </span>
    </p>
   </div>
   <div class='ocr_carea' id='block_1_44' title="bbox 2060 1452 3710 1525">
    <p class='ocr_par' dir='ltr' id='par_1_44' title="bbox 2060 1452 3710 1525">
     <span class='ocr_line' id='line_1_44' title="bbox 2060 1452 3710 1525; baseline 0 -16"><span class='ocrx_word' id='word_1_298' title='bbox 2060 1454 2216 1510; x_wconf 87' lang='lat' dir='ltr'><strong>tulit.</strong></span> <span class='ocrx_word' id='word_1_299' title='bbox 2250 1456 2411 1521; x_wconf 88' lang='lat' dir='ltr'><strong>Quod</strong></span> <span class='ocrx_word' id='word_1_300' title='bbox 2445 1455 2546 1510; x_wconf 89' lang='lat' dir='ltr'><strong>ubi</strong></span> <span class='ocrx_word' id='word_1_301' title='bbox 2578 1454 2812 1511; x_wconf 85' lang='lat' dir='ltr'><strong>rescivit</strong></span> <span class='ocrx_word' id='word_1_302' title='bbox 2855 1455 3101 1511; x_wconf 85' lang='lat' dir='ltr'><strong>Severus</strong></span> <span class='ocrx_word' id='word_1_303' title='bbox 3149 1452 3457 1525; x_wconf 87' lang='lat' dir='ltr'><strong>elephanto</strong></span> <span class='ocrx_word' id='word_1_304' title='bbox 3487 1453 3710 1509; x_wconf 79' lang='lat' dir='ltr'><strong>sacriﬁ-</strong></span> 
     </span>
    </p>
   </div>
   <div class='ocr_carea' id='block_1_45' title="bbox 2058 1541 3709 1615">
    <p class='ocr_par' dir='ltr' id='par_1_45' title="bbox 2058 1541 3709 1615">
     <span class='ocr_line' id='line_1_45' title="bbox 2058 1541 3709 1615; baseline -0.002 -16"><span class='ocrx_word' id='word_1_305' title='bbox 2058 1543 2233 1609; x_wconf 88' lang='lat' dir='ltr'><strong>cavit,</strong></span> <span class='ocrx_word' id='word_1_306' title='bbox 2264 1548 2320 1599; x_wconf 91' lang='lat' dir='ltr'><strong>et</strong></span> <span class='ocrx_word' id='word_1_307' title='bbox 2350 1544 2408 1599; x_wconf 93' lang='lat' dir='ltr'><strong>in</strong></span> <span class='ocrx_word' id='word_1_308' title='bbox 2442 1544 2644 1599; x_wconf 88' lang='lat' dir='ltr'><strong>eodem</strong></span> <span class='ocrx_word' id='word_1_309' title='bbox 2686 1544 2809 1599; x_wconf 93' lang='lat' dir='ltr'><strong>loco</strong></span> <span class='ocrx_word' id='word_1_310' title='bbox 2852 1542 3039 1615; x_wconf 89' lang='lat' dir='ltr'><strong>ipsius</strong></span> <span class='ocrx_word' id='word_1_311' title='bbox 3071 1541 3277 1598; x_wconf 66' lang='lat' dir='ltr'><strong>bellum</strong></span> <span class='ocrx_word' id='word_1_312' title='bbox 3308 1543 3553 1613; x_wconf 86' lang='lat' dir='ltr'><strong>ejusque</strong></span> <span class='ocrx_word' id='word_1_313' title='bbox 3584 1557 3709 1597; x_wconf 89' lang='lat' dir='ltr'><strong>ma-</strong></span> 
     </span>
    </p>
   </div>
   <div class='ocr_carea' id='block_1_46' title="bbox 2056 1629 3711 1703">
    <p class='ocr_par' dir='ltr' id='par_1_46' title="bbox 2056 1629 3711 1703">
     <span class='ocr_line' id='line_1_46' title="bbox 2056 1629 3711 1703; baseline 0 -17"><span class='ocrx_word' id='word_1_314' title='bbox 2056 1631 2226 1703; x_wconf 89' lang='lat' dir='ltr'><strong>gistri</strong></span> <span class='ocrx_word' id='word_1_315' title='bbox 2295 1636 2523 1687; x_wconf 88' lang='lat' dir='ltr'><strong>statuas</strong></span> <span class='ocrx_word' id='word_1_316' title='bbox 2581 1632 2781 1687; x_wconf 83' lang='lat' dir='ltr'><strong>erexit.</strong></span> <span class='ocrx_word' id='word_1_317' title='bbox 2839 1631 3062 1686; x_wconf 86' lang='lat' dir='ltr'><strong>Ibidem</strong></span> <span class='ocrx_word' id='word_1_318' title='bbox 3130 1646 3366 1702; x_wconf 89' lang='lat' dir='ltr'><strong>quoque</strong></span> <span class='ocrx_word' id='word_1_319' title='bbox 3431 1629 3711 1687; x_wconf 87' lang='lat' dir='ltr'><strong>Hercules</strong></span> 
     </span>
    </p>
   </div>
   <div class='ocr_carea' id='block_1_47' title="bbox 2057 1717 3709 1791">
    <p class='ocr_par' dir='ltr' id='par_1_47' title="bbox 2057 1717 3709 1791">
     <span class='ocr_line' id='line_1_47' title="bbox 2057 1717 3709 1791; baseline -0.001 -16"><span class='ocrx_word' id='word_1_320' title='bbox 2057 1718 2265 1775; x_wconf 89' lang='lat' dir='ltr'><strong>multis</strong></span> <span class='ocrx_word' id='word_1_321' title='bbox 2295 1720 2604 1776; x_wconf 77' lang='lat' dir='ltr'><strong>sacrificiis</strong></span> <span class='ocrx_word' id='word_1_322' title='bbox 2645 1718 2965 1787; x_wconf 82' lang='lat' dir='ltr'><strong>colebatur,</strong></span> <span class='ocrx_word' id='word_1_323' title='bbox 3000 1718 3100 1791; x_wconf 90' lang='lat' dir='ltr'><strong>qui</strong></span> <span class='ocrx_word' id='word_1_324' title='bbox 3132 1723 3337 1791; x_wconf 90' lang='lat' dir='ltr'><strong>postea</strong></span> <span class='ocrx_word' id='word_1_325' title='bbox 3380 1718 3440 1773; x_wconf 90' lang='lat' dir='ltr'><strong>in</strong></span> <span class='ocrx_word' id='word_1_326' title='bbox 3490 1717 3709 1791; x_wconf 89' lang='lat' dir='ltr'><strong>Hippo-</strong></span> 
     </span>
    </p>
   </div>
   <div class='ocr_carea' id='block_1_48' title="bbox 2055 1806 3709 1877">
    <p class='ocr_par' dir='ltr' id='par_1_48' title="bbox 2055 1806 3709 1877">
     <span class='ocr_line' id='line_1_48' title="bbox 2055 1806 3709 1877; baseline 0 -14"><span class='ocrx_word' id='word_1_327' title='bbox 2055 1808 2330 1864; x_wconf 88' lang='lat' dir='ltr'><strong>dromum</strong></span> <span class='ocrx_word' id='word_1_328' title='bbox 2392 1808 2712 1865; x_wconf 88' lang='lat' dir='ltr'><strong>translatus</strong></span> <span class='ocrx_word' id='word_1_329' title='bbox 2769 1813 2895 1877; x_wconf 86' lang='lat' dir='ltr'><strong>est;</strong></span> <span class='ocrx_word' id='word_1_330' title='bbox 2952 1806 3186 1864; x_wconf 85' lang='lat' dir='ltr'><strong>Juliano</strong></span> <span class='ocrx_word' id='word_1_331' title='bbox 3241 1806 3400 1863; x_wconf 89' lang='lat' dir='ltr'><strong>enim</strong></span> <span class='ocrx_word' id='word_1_332' title='bbox 3467 1807 3709 1863; x_wconf 87' lang='lat' dir='ltr'><strong>consule</strong></span> 
     </span>
    </p>
   </div>
   <div class='ocr_carea' id='block_1_49' title="bbox 2053 1895 3706 1969">
    <p class='ocr_par' dir='ltr' id='par_1_49' title="bbox 2053 1895 3706 1969">
     <span class='ocr_line' id='line_1_49' title="bbox 2053 1895 3706 1969; baseline -0.001 -16"><span class='ocrx_word' id='word_1_333' title='bbox 2053 1897 2240 1953; x_wconf 80' lang='lat' dir='ltr'><strong>Roma</strong></span> <span class='ocrx_word' id='word_1_334' title='bbox 2259 1897 2605 1969; x_wconf 80' lang='lat' dir='ltr'><strong>Byzantium</strong></span> <span class='ocrx_word' id='word_1_335' title='bbox 2628 1897 2905 1954; x_wconf 89' lang='lat' dir='ltr'><strong>advectus</strong></span> <span class='ocrx_word' id='word_1_336' title='bbox 2928 1895 3040 1952; x_wconf 80' lang='lat' dir='ltr'><strong>fuit</strong></span> <span class='ocrx_word' id='word_1_337' title='bbox 3055 1913 3173 1953; x_wconf 89' lang='lat' dir='ltr'><strong>una</strong></span> <span class='ocrx_word' id='word_1_338' title='bbox 3194 1913 3328 1953; x_wconf 87' lang='lat' dir='ltr'><strong>cum</strong></span> <span class='ocrx_word' id='word_1_339' title='bbox 3348 1895 3480 1953; x_wconf 90' lang='lat' dir='ltr'><strong>aliis</strong></span> <span class='ocrx_word' id='word_1_340' title='bbox 3505 1896 3706 1952; x_wconf 87' lang='lat' dir='ltr'><strong>decem</strong></span> 
     </span>
    </p>
   </div>
   <div class='ocr_carea' id='block_1_50' title="bbox 2052 1986 2289 2042">
    <p class='ocr_par' dir='ltr' id='par_1_50' title="bbox 2052 1986 2289 2042">
     <span class='ocr_line' id='line_1_50' title="bbox 2052 1986 2289 2042; baseline 0.004 -1"><span class='ocrx_word' id='word_1_341' title='bbox 2052 1986 2289 2042; x_wconf 87' lang='lat' dir='ltr'><strong>statuis.</strong></span> 
     </span>
    </p>
   </div>
   <div class='ocr_carea' id='block_1_51' title="bbox 2191 2075 3561 2149">
    <p class='ocr_par' dir='ltr' id='par_1_51' title="bbox 2191 2075 3561 2149">
     <span class='ocr_line' id='line_1_51' title="bbox 2191 2075 3561 2149; baseline 0 -19"><span class='ocrx_word' id='word_1_342' title='bbox 2191 2077 2265 2132; x_wconf 79' lang='lat' dir='ltr'><strong>De</strong></span> <span class='ocrx_word' id='word_1_343' title='bbox 2296 2076 2499 2148; x_wconf 79' lang='lat' dir='ltr'><strong>templo</strong></span> <span class='ocrx_word' id='word_1_344' title='bbox 2528 2075 2587 2133; x_wconf 90' lang='lat' dir='ltr'><strong>S.</strong></span> <span class='ocrx_word' id='word_1_345' title='bbox 2624 2078 2886 2149; x_wconf 71' lang='lat' dir='ltr'><strong>Deiparae</strong></span> <span class='ocrx_word' id='word_1_346' title='bbox 2929 2078 3194 2134; x_wconf 71' lang='lat' dir='ltr'><strong>Patriciae</strong></span> <span class='ocrx_word' id='word_1_347' title='bbox 3220 2082 3561 2147; x_wconf 73' lang='lat' dir='ltr'><strong>nuncupata.</strong></span> 
     </span>
    </p>
   </div>
   <div class='ocr_carea' id='block_1_52' title="bbox 2123 2163 3701 2239">
    <p class='ocr_par' dir='ltr' id='par_1_52' title="bbox 2123 2163 3701 2239">
     <span class='ocr_line' id='line_1_52' title="bbox 2123 2163 3701 2239; baseline 0 -20"><span class='ocrx_word' id='word_1_348' title='bbox 2123 2165 2185 2219; x_wconf 91' lang='lat' dir='ltr'><strong>In</strong></span> <span class='ocrx_word' id='word_1_349' title='bbox 2237 2164 2544 2221; x_wconf 90' lang='lat' dir='ltr'><strong>ecclesiam</strong></span> <span class='ocrx_word' id='word_1_350' title='bbox 2594 2166 2654 2222; x_wconf 89' lang='lat' dir='ltr'><strong>S.</strong></span> <span class='ocrx_word' id='word_1_351' title='bbox 2696 2166 2956 2239; x_wconf 69' lang='lat' dir='ltr'><strong>Deiparaa</strong></span> <span class='ocrx_word' id='word_1_352' title='bbox 3013 2165 3363 2239; x_wconf 87' lang='lat' dir='ltr'><strong>cognomine</strong></span> <span class='ocrx_word' id='word_1_353' title='bbox 3420 2163 3701 2230; x_wconf 69' lang='lat' dir='ltr'><strong>Patricia,</strong></span> 
     </span>
    </p>
   </div>
   <div class='ocr_carea' id='block_1_53' title="bbox 2050 2254 3700 2327">
    <p class='ocr_par' dir='ltr' id='par_1_53' title="bbox 2050 2254 3700 2327">
     <span class='ocr_line' id='line_1_53' title="bbox 2050 2254 3700 2327; baseline 0 -18"><span class='ocrx_word' id='word_1_354' title='bbox 2050 2269 2178 2325; x_wconf 69' lang='lat' dir='ltr'><strong>quae</strong></span> <span class='ocrx_word' id='word_1_355' title='bbox 2211 2258 2302 2311; x_wconf 87' lang='lat' dir='ltr'><strong>est</strong></span> <span class='ocrx_word' id='word_1_356' title='bbox 2330 2270 2481 2326; x_wconf 89' lang='lat' dir='ltr'><strong>pone</strong></span> <span class='ocrx_word' id='word_1_357' title='bbox 2513 2255 2573 2311; x_wconf 89' lang='lat' dir='ltr'><strong>S.</strong></span> <span class='ocrx_word' id='word_1_358' title='bbox 2604 2254 2834 2327; x_wconf 70' lang='lat' dir='ltr'><strong>Sophia:</strong></span> <span class='ocrx_word' id='word_1_359' title='bbox 2866 2254 3197 2321; x_wconf 87' lang='lat' dir='ltr'><strong>ecclesiam,</strong></span> <span class='ocrx_word' id='word_1_360' title='bbox 3229 2254 3612 2327; x_wconf 85' lang='lat' dir='ltr'><strong>imperatores</strong></span> <span class='ocrx_word' id='word_1_361' title='bbox 3641 2258 3700 2309; x_wconf 86' lang='lat' dir='ltr'><strong>et</strong></span> 
     </span>
    </p>
   </div>
   <div class='ocr_carea' id='block_1_54' title="bbox 2051 2342 3695 2415">
    <p class='ocr_par' dir='ltr' id='par_1_54' title="bbox 2051 2342 3695 2415">
     <span class='ocr_line' id='line_1_54' title="bbox 2051 2342 3695 2415; baseline -0.001 -18"><span class='ocrx_word' id='word_1_362' title='bbox 2051 2346 2313 2414; x_wconf 73' lang='lat' dir='ltr'><strong>augustas</strong></span> <span class='ocrx_word' id='word_1_363' title='bbox 2342 2342 2511 2398; x_wconf 90' lang='lat' dir='ltr'><strong>ibant</strong></span> <span class='ocrx_word' id='word_1_364' title='bbox 2553 2343 2999 2415; x_wconf 88' lang='lat' dir='ltr'><strong>processionum</strong></span> <span class='ocrx_word' id='word_1_365' title='bbox 3049 2359 3229 2399; x_wconf 88' lang='lat' dir='ltr'><strong>causa</strong></span> <span class='ocrx_word' id='word_1_366' title='bbox 3274 2358 3408 2397; x_wconf 89' lang='lat' dir='ltr'><strong>cum</strong></span> <span class='ocrx_word' id='word_1_367' title='bbox 3439 2342 3510 2397; x_wconf 90' lang='lat' dir='ltr'><strong>ad</strong></span> <span class='ocrx_word' id='word_1_368' title='bbox 3543 2342 3695 2397; x_wconf 89' lang='lat' dir='ltr'><strong>San-</strong></span> 
     </span>
    </p>
   </div>
   <div class='ocr_carea' id='block_1_55' title="bbox 2049 2430 3693 2503">
    <p class='ocr_par' dir='ltr' id='par_1_55' title="bbox 2049 2430 3693 2503">
     <span class='ocr_line' id='line_1_55' title="bbox 2049 2430 3693 2503; baseline -0.001 -18"><span class='ocrx_word' id='word_1_369' title='bbox 2049 2435 2201 2486; x_wconf 86' lang='lat' dir='ltr'><strong>ctam</strong></span> <span class='ocrx_word' id='word_1_370' title='bbox 2230 2431 2509 2503; x_wconf 85' lang='lat' dir='ltr'><strong>Sopbiam</strong></span> <span class='ocrx_word' id='word_1_371' title='bbox 2540 2431 2679 2487; x_wconf 87' lang='lat' dir='ltr'><strong>ituri</strong></span> <span class='ocrx_word' id='word_1_372' title='bbox 2702 2436 2925 2500; x_wconf 88' lang='lat' dir='ltr'><strong>essent;</strong></span> <span class='ocrx_word' id='word_1_373' title='bbox 2950 2431 3166 2487; x_wconf 90' lang='lat' dir='ltr'><strong>etenim</strong></span> <span class='ocrx_word' id='word_1_374' title='bbox 3198 2432 3409 2486; x_wconf 90' lang='lat' dir='ltr'><strong>domus</strong></span> <span class='ocrx_word' id='word_1_375' title='bbox 3435 2430 3516 2485; x_wconf 88' lang='lat' dir='ltr'><strong>ibi</strong></span> <span class='ocrx_word' id='word_1_376' title='bbox 3547 2433 3693 2501; x_wconf 88' lang='lat' dir='ltr'><strong>erat,</strong></span> 
     </span>
    </p>
   </div>
   <div class='ocr_carea' id='block_1_56' title="bbox 2049 2521 3703 2593">
    <p class='ocr_par' dir='ltr' id='par_1_56' title="bbox 2049 2521 3703 2593">
     <span class='ocr_line' id='line_1_56' title="bbox 2049 2521 3703 2593; baseline 0 -19"><span class='ocrx_word' id='word_1_377' title='bbox 2049 2535 2225 2591; x_wconf 88' lang='lat' dir='ltr'><strong>quam</strong></span> <span class='ocrx_word' id='word_1_378' title='bbox 2258 2521 2682 2576; x_wconf 89' lang='lat' dir='ltr'><strong>Constantinus</strong></span> <span class='ocrx_word' id='word_1_379' title='bbox 2711 2525 2956 2593; x_wconf 85' lang='lat' dir='ltr'><strong>Magnus</strong></span> <span class='ocrx_word' id='word_1_380' title='bbox 2987 2524 3372 2576; x_wconf 82' lang='lat' dir='ltr'><strong>exstruxerat.</strong></span> <span class='ocrx_word' id='word_1_381' title='bbox 3394 2522 3518 2574; x_wconf 84' lang='lat' dir='ltr'><strong>Huc</strong></span> <span class='ocrx_word' id='word_1_382' title='bbox 3545 2534 3703 2574; x_wconf 85' lang='lat' dir='ltr'><strong>acce-</strong></span> 
     </span>
    </p>
   </div>
   <div class='ocr_carea' id='block_1_57' title="bbox 2049 2607 3699 2682">
    <p class='ocr_par' dir='ltr' id='par_1_57' title="bbox 2049 2607 3699 2682">
     <span class='ocr_line' id='line_1_57' title="bbox 2049 2607 3699 2682; baseline 0 -19"><span class='ocrx_word' id='word_1_383' title='bbox 2049 2607 2268 2664; x_wconf 87' lang='lat' dir='ltr'><strong>debant</strong></span> <span class='ocrx_word' id='word_1_384' title='bbox 2315 2610 2594 2682; x_wconf 71' lang='lat' dir='ltr'><strong>patriciae,</strong></span> <span class='ocrx_word' id='word_1_385' title='bbox 2625 2610 2806 2666; x_wconf 73' lang='lat' dir='ltr'><strong>Zostzc</strong></span> <span class='ocrx_word' id='word_1_386' title='bbox 2838 2626 2904 2666; x_wconf 90' lang='lat' dir='ltr'><strong>ac</strong></span> <span class='ocrx_word' id='word_1_387' title='bbox 2936 2609 3165 2681; x_wconf 87' lang='lat' dir='ltr'><strong>patricii</strong></span> <span class='ocrx_word' id='word_1_388' title='bbox 3198 2625 3316 2664; x_wconf 91' lang='lat' dir='ltr'><strong>una</strong></span> <span class='ocrx_word' id='word_1_389' title='bbox 3365 2624 3498 2663; x_wconf 91' lang='lat' dir='ltr'><strong>cum</strong></span> <span class='ocrx_word' id='word_1_390' title='bbox 3550 2625 3699 2679; x_wconf 73' lang='lat' dir='ltr'><strong>prs:—</strong></span> 
     </span>
    </p>
   </div>
   <div class='ocr_carea' id='block_1_58' title="bbox 2048 2695 3704 2771">
    <p class='ocr_par' dir='ltr' id='par_1_58' title="bbox 2048 2695 3704 2771">
     <span class='ocr_line' id='line_1_58' title="bbox 2048 2695 3704 2771; baseline -0.001 -18"><span class='ocrx_word' id='word_1_391' title='bbox 2048 2697 2281 2768; x_wconf 86' lang='lat' dir='ltr'><strong>positis,</strong></span> <span class='ocrx_word' id='word_1_392' title='bbox 2314 2715 2379 2754; x_wconf 90' lang='lat' dir='ltr'><strong>ac</strong></span> <span class='ocrx_word' id='word_1_393' title='bbox 2414 2698 2750 2771; x_wconf 87' lang='lat' dir='ltr'><strong>imperatori</strong></span> <span class='ocrx_word' id='word_1_394' title='bbox 2783 2703 2839 2754; x_wconf 90' lang='lat' dir='ltr'><strong>et</strong></span> <span class='ocrx_word' id='word_1_395' title='bbox 2879 2701 3140 2769; x_wconf 67' lang='lat' dir='ltr'><strong>augustae</strong></span> <span class='ocrx_word' id='word_1_396' title='bbox 3172 2696 3488 2753; x_wconf 89' lang='lat' dir='ltr'><strong>mutatoria</strong></span> <span class='ocrx_word' id='word_1_397' title='bbox 3518 2695 3704 2768; x_wconf 86' lang='lat' dir='ltr'><strong>porri-</strong></span> 
     </span>
    </p>
   </div>
   <div class='ocr_carea' id='block_1_59' title="bbox 2048 2786 2285 2857">
    <p class='ocr_par' dir='ltr' id='par_1_59' title="bbox 2048 2786 2285 2857">
     <span class='ocr_line' id='line_1_59' title="bbox 2048 2786 2285 2857; baseline 0.008 -18"><span class='ocrx_word' id='word_1_398' title='bbox 2048 2786 2285 2857; x_wconf 88' lang='lat' dir='ltr'><strong>gebant.</strong></span> 
     </span>
    </p>
   </div>
   <div class='ocr_carea' id='block_1_60' title="bbox 2578 2878 3162 2948">
    <p class='ocr_par' dir='ltr' id='par_1_60' title="bbox 2578 2878 3162 2948">
     <span class='ocr_line' id='line_1_60' title="bbox 2578 2878 3162 2948; baseline -0.002 -16"><span class='ocrx_word' id='word_1_399' title='bbox 2578 2878 2655 2932; x_wconf 81' lang='lat' dir='ltr'><strong>De</strong></span> <span class='ocrx_word' id='word_1_400' title='bbox 2684 2878 2945 2948; x_wconf 73' lang='lat' dir='ltr'><strong>Bosporio</strong></span> <span class='ocrx_word' id='word_1_401' title='bbox 2972 2879 3162 2948; x_wconf 81' lang='lat' dir='ltr'><strong>portu.</strong></span> 
     </span>
    </p>
   </div>
   <div class='ocr_carea' id='block_1_61' title="bbox 2120 2962 3716 3037">
    <p class='ocr_par' dir='ltr' id='par_1_61' title="bbox 2120 2962 3716 3037">
     <span class='ocr_line' id='line_1_61' title="bbox 2120 2962 3716 3037; baseline 0 -20"><span class='ocrx_word' id='word_1_402' title='bbox 2120 2966 2441 3036; x_wconf 88' lang='lat' dir='ltr'><strong>Bosporius</strong></span> <span class='ocrx_word' id='word_1_403' title='bbox 2508 2970 2713 3037; x_wconf 83' lang='lat' dir='ltr'><strong>portus</strong></span> <span class='ocrx_word' id='word_1_404' title='bbox 2779 2966 2861 3019; x_wconf 80' lang='lat' dir='ltr'><strong>ita</strong></span> <span class='ocrx_word' id='word_1_405' title='bbox 2928 2967 3337 3036; x_wconf 87' lang='lat' dir='ltr'><strong>nuncupatur,</strong></span> <span class='ocrx_word' id='word_1_406' title='bbox 3396 2967 3462 3017; x_wconf 89' lang='lat' dir='ltr'><strong>ut</strong></span> <span class='ocrx_word' id='word_1_407' title='bbox 3516 2962 3716 3035; x_wconf 88' lang='lat' dir='ltr'><strong>inquit</strong></span> 
     </span>
    </p>
   </div>
   <div class='ocr_carea' id='block_1_62' title="bbox 2049 3050 3714 3126">
    <p class='ocr_par' dir='ltr' id='par_1_62' title="bbox 2049 3050 3714 3126">
     <span class='ocr_line' id='line_1_62' title="bbox 2049 3050 3714 3126; baseline -0.002 -18"><span class='ocrx_word' id='word_1_408' title='bbox 2049 3052 2306 3109; x_wconf 85' lang='lat' dir='ltr'><strong>Joannes</strong></span> <span class='ocrx_word' id='word_1_409' title='bbox 2354 3054 2772 3123; x_wconf 85' lang='lat' dir='ltr'><strong>Antiochenus,</strong></span> <span class='ocrx_word' id='word_1_410' title='bbox 2807 3054 2985 3126; x_wconf 86' lang='lat' dir='ltr'><strong>quod,</strong></span> <span class='ocrx_word' id='word_1_411' title='bbox 3020 3053 3258 3125; x_wconf 87' lang='lat' dir='ltr'><strong>quando</strong></span> <span class='ocrx_word' id='word_1_412' title='bbox 3289 3052 3471 3123; x_wconf 82' lang='lat' dir='ltr'><strong>Byzas</strong></span> <span class='ocrx_word' id='word_1_413' title='bbox 3513 3050 3714 3106; x_wconf 89' lang='lat' dir='ltr'><strong>condi-</strong></span> 
     </span>
    </p>
   </div>
   <div class='ocr_carea' id='block_1_63' title="bbox 2055 3137 3713 3215">
    <p class='ocr_par' dir='ltr' id='par_1_63' title="bbox 2055 3137 3713 3215">
     <span class='ocr_line' id='line_1_63' title="bbox 2055 3137 3713 3215; baseline -0.002 -19"><span class='ocrx_word' id='word_1_414' title='bbox 2055 3142 2141 3197; x_wconf 87' lang='lat' dir='ltr'><strong>dit</strong></span> <span class='ocrx_word' id='word_1_415' title='bbox 2188 3142 2552 3215; x_wconf 81' lang='lat' dir='ltr'><strong>Byzantium,</strong></span> <span class='ocrx_word' id='word_1_416' title='bbox 2587 3143 2791 3198; x_wconf 87' lang='lat' dir='ltr'><strong>bovem</strong></span> <span class='ocrx_word' id='word_1_417' title='bbox 2852 3140 3027 3196; x_wconf 80' lang='lat' dir='ltr'><strong>solvit</strong></span> <span class='ocrx_word' id='word_1_418' title='bbox 3082 3158 3115 3194; x_wconf 82' lang='lat' dir='ltr'><strong>a</strong></span> <span class='ocrx_word' id='word_1_419' title='bbox 3175 3140 3300 3195; x_wconf 92' lang='lat' dir='ltr'><strong>loco</strong></span> <span class='ocrx_word' id='word_1_420' title='bbox 3357 3137 3713 3212; x_wconf 88' lang='lat' dir='ltr'><strong>Prosphorio</strong></span> 
     </span>
    </p>
   </div>
   <div class='ocr_carea' id='block_1_64' title="bbox 280 3209 1945 3307">
    <p class='ocr_par' dir='ltr' id='par_1_64' title="bbox 280 3209 1943 3307">
     <span class='ocr_line' id='line_1_64' title="bbox 280 3209 1943 3307; baseline 0.003 -24"><span class='ocrx_word' id='word_1_421' title='bbox 280 3226 392 3298; x_wconf 83' lang='grc' dir='ltr'>λιν,</span> <span class='ocrx_word' id='word_1_422' title='bbox 448 3229 540 3284; x_wconf 83' lang='grc' dir='ltr'><strong>καὶ</strong></span> <span class='ocrx_word' id='word_1_423' title='bbox 596 3209 769 3291; x_wconf 66' lang='grc' dir='ltr'>οὕτως</span> <span class='ocrx_word' id='word_1_424' title='bbox 1114 3232 1434 3307; x_wconf 86' lang='grc' dir='ltr'>Βοσπόριον.</span> <span class='ocrx_word' id='word_1_425' title='bbox 1490 3235 1635 3287; x_wconf 84' lang='grc' dir='ltr'>Ἐκεῖ</span> <span class='ocrx_word' id='word_1_426' title='bbox 1690 3209 1747 3288; x_wconf 63' lang='grc' dir='ltr'>θὶ</span> <span class='ocrx_word' id='word_1_427' title='bbox 1804 3233 1943 3288; x_wconf 76' lang='grc' dir='ltr'>ἐπω-</span> 
     </span>
    </p>
   </div>
   <div class='ocr_carea' id='block_1_65' title="bbox 2067 3209 3719 3307">
    <p class='ocr_par' dir='ltr' id='par_1_65' title="bbox 2067 3209 3719 3302">
     <span class='ocr_line' id='line_1_65' title="bbox 2067 3209 3719 3302; baseline -0.001 -18"><span class='ocrx_word' id='word_1_428' title='bbox 2067 3209 2252 3300; x_wconf 55' lang='lat' dir='ltr'><strong>dicto;</strong></span> <span class='ocrx_word' id='word_1_429' title='bbox 2275 3232 2377 3302; x_wconf 88' lang='lat' dir='ltr'><strong>qui</strong></span> <span class='ocrx_word' id='word_1_430' title='bbox 2435 3230 2690 3285; x_wconf 88' lang='lat' dir='ltr'><strong>tranavit</strong></span> <span class='ocrx_word' id='word_1_431' title='bbox 2747 3227 3155 3301; x_wconf 77' lang='lat' dir='ltr'><strong>CbrySOpolim</strong></span> <span class='ocrx_word' id='word_1_432' title='bbox 3218 3244 3427 3298; x_wconf 81' lang='lat' dir='ltr'><strong>usque,</strong></span> <span class='ocrx_word' id='word_1_433' title='bbox 3478 3209 3536 3282; x_wconf 73' lang='lat' dir='ltr'><strong>et</strong></span> <span class='ocrx_word' id='word_1_434' title='bbox 3586 3226 3719 3282; x_wconf 91' lang='lat' dir='ltr'><strong>ideo</strong></span> 
     </span>
    </p>
   </div>
   <div class='ocr_carea' id='block_1_66' title="bbox 279 3314 1945 3399">
    <p class='ocr_par' dir='ltr' id='par_1_66' title="bbox 279 3316 1945 3399">
     <span class='ocr_line' id='line_1_66' title="bbox 279 3316 1945 3399; baseline 0.002 -26"><span class='ocrx_word' id='word_1_435' title='bbox 279 3316 479 3373; x_wconf 87' lang='grc' dir='ltr'>λοῦντο</span> <span class='ocrx_word' id='word_1_436' title='bbox 515 3318 568 3372; x_wconf 76' lang='grc' dir='ltr'>οἱ</span> <span class='ocrx_word' id='word_1_437' title='bbox 604 3318 727 3393; x_wconf 87' lang='grc' dir='ltr'>βόες</span> <span class='ocrx_word' id='word_1_438' title='bbox 755 3319 845 3374; x_wconf 83' lang='grc' dir='ltr'><strong>καὶ</strong></span> <span class='ocrx_word' id='word_1_439' title='bbox 897 3318 975 3382; x_wconf 78' lang='grc' dir='ltr'><strong>είς</strong></span> <span class='ocrx_word' id='word_1_440' title='bbox 1004 3320 1069 3375; x_wconf 84' lang='grc' dir='ltr'><strong>τὸ</strong></span> <span class='ocrx_word' id='word_1_441' title='bbox 1120 3319 1503 3396; x_wconf 74' lang='grc' dir='ltr'>σιγματοειδὶς</span> <span class='ocrx_word' id='word_1_442' title='bbox 1551 3328 1739 3396; x_wconf 82' lang='grc' dir='ltr'>τεῖχος</span> <span class='ocrx_word' id='word_1_443' title='bbox 1785 3324 1945 3399; x_wconf 74' lang='grc' dir='ltr'>μέχρι</span> 
     </span>
    </p>
   </div>
   <div class='ocr_carea' id='block_1_67' title="bbox 2067 3314 3719 3399">
    <p class='ocr_par' dir='ltr' id='par_1_67' title="bbox 2067 3314 3719 3391">
     <span class='ocr_line' id='line_1_67' title="bbox 2067 3314 3719 3391; baseline -0.003 -16"><span class='ocrx_word' id='word_1_444' title='bbox 2067 3319 2346 3391; x_wconf 70' lang='lat' dir='ltr'><strong>angustia:</strong></span> <span class='ocrx_word' id='word_1_445' title='bbox 2409 3318 2521 3373; x_wconf 71' lang='lat' dir='ltr'><strong>illa:</strong></span> <span class='ocrx_word' id='word_1_446' title='bbox 2574 3319 2752 3373; x_wconf 89' lang='lat' dir='ltr'><strong>maris</strong></span> <span class='ocrx_word' id='word_1_447' title='bbox 2800 3317 3146 3391; x_wconf 82' lang='lat' dir='ltr'><strong>Bosporium</strong></span> <span class='ocrx_word' id='word_1_448' title='bbox 3188 3315 3581 3388; x_wconf 87' lang='lat' dir='ltr'><strong>appellantur.</strong></span> <span class='ocrx_word' id='word_1_449' title='bbox 3632 3314 3719 3371; x_wconf 79' lang='lat' dir='ltr'><strong>Ibi</strong></span> 
     </span>
    </p>
   </div>
   <div class='ocr_carea' id='block_1_68' title="bbox 282 3403 1945 3488">
    <p class='ocr_par' dir='ltr' id='par_1_68' title="bbox 282 3406 1945 3488">
     <span class='ocr_line' id='line_1_68' title="bbox 282 3406 1945 3488; baseline 0.004 -28"><span class='ocrx_word' id='word_1_450' title='bbox 282 3410 380 3460; x_wconf 86' lang='grc' dir='ltr'><strong>τοῦ</strong></span> <span class='ocrx_word' id='word_1_451' title='bbox 436 3406 839 3483; x_wconf 74' lang='grc' dir='ltr'>Κοπρωνύμου.</span> <span class='ocrx_word' id='word_1_452' title='bbox 902 3410 1139 3472; x_wconf 86' lang='grc' dir='ltr'>Ἐκεῖνος</span> <span class='ocrx_word' id='word_1_453' title='bbox 1196 3410 1387 3485; x_wconf 82' lang='grc' dir='ltr'>ὥρισεν</span> <span class='ocrx_word' id='word_1_454' title='bbox 1449 3410 1525 3473; x_wconf 65' lang='grc' dir='ltr'>εἷς</span> <span class='ocrx_word' id='word_1_455' title='bbox 1590 3410 1682 3466; x_wconf 84' lang='grc' dir='ltr'>τὸν</span> <span class='ocrx_word' id='word_1_456' title='bbox 1735 3414 1945 3488; x_wconf 79' lang='grc' dir='ltr'>Ταῦρον</span> 
     </span>
    </p>
   </div>
   <div class='ocr_carea' id='block_1_69' title="bbox 2067 3403 3715 3488">
    <p class='ocr_par' dir='ltr' id='par_1_69' title="bbox 2067 3403 3715 3478">
     <span class='ocr_line' id='line_1_69' title="bbox 2067 3403 3715 3478; baseline -0.003 -15"><span class='ocrx_word' id='word_1_457' title='bbox 2067 3408 2217 3463; x_wconf 87' lang='lat' dir='ltr'><strong>enim</strong></span> <span class='ocrx_word' id='word_1_458' title='bbox 2247 3413 2304 3463; x_wconf 91' lang='lat' dir='ltr'><strong>et</strong></span> <span class='ocrx_word' id='word_1_459' title='bbox 2336 3408 2392 3463; x_wconf 90' lang='lat' dir='ltr'><strong>in</strong></span> <span class='ocrx_word' id='word_1_460' title='bbox 2426 3406 2528 3463; x_wconf 91' lang='lat' dir='ltr'><strong>illa</strong></span> <span class='ocrx_word' id='word_1_461' title='bbox 2559 3406 2713 3461; x_wconf 89' lang='lat' dir='ltr'><strong>muri</strong></span> <span class='ocrx_word' id='word_1_462' title='bbox 2745 3412 2909 3478; x_wconf 89' lang='lat' dir='ltr'><strong>parte</strong></span> <span class='ocrx_word' id='word_1_463' title='bbox 2943 3423 3069 3478; x_wconf 73' lang='lat' dir='ltr'><strong>quaa</strong></span> <span class='ocrx_word' id='word_1_464' title='bbox 3100 3410 3194 3461; x_wconf 89' lang='lat' dir='ltr'><strong>est</strong></span> <span class='ocrx_word' id='word_1_465' title='bbox 3237 3406 3308 3460; x_wconf 88' lang='lat' dir='ltr'><strong>ad</strong></span> <span class='ocrx_word' id='word_1_466' title='bbox 3352 3404 3600 3475; x_wconf 82' lang='lat' dir='ltr'><strong>figuram</strong></span> <span class='ocrx_word' id='word_1_467' title='bbox 3632 3403 3715 3460; x_wconf 86' lang='lat' dir='ltr'><strong>si-</strong></span> 
     </span>
    </p>
   </div>
   <div class='ocr_carea' id='block_1_70' title="bbox 284 3491 1945 3568">
    <p class='ocr_par' dir='ltr' id='par_1_70' title="bbox 284 3494 611 3554">
     <span class='ocr_line' id='line_1_70' title="bbox 284 3494 611 3554; baseline 0.012 -5"><span class='ocrx_word' id='word_1_468' title='bbox 284 3494 611 3554; x_wconf 78' lang='grc' dir='ltr'>πωλεῖσθαι.</span> 
     </span>
    </p>
   </div>
   <div class='ocr_carea' id='block_1_71' title="bbox 2067 3491 3713 3568">
    <p class='ocr_par' dir='ltr' id='par_1_71' title="bbox 2067 3491 3713 3568">
     <span class='ocr_line' id='line_1_71' title="bbox 2067 3491 3713 3568; baseline -0.002 -18"><span class='ocrx_word' id='word_1_469' title='bbox 2067 3513 2194 3568; x_wconf 83' lang='lat' dir='ltr'><strong>gma</strong></span> <span class='ocrx_word' id='word_1_470' title='bbox 2245 3499 2606 3564; x_wconf 82' lang='lat' dir='ltr'><strong>constructa,</strong></span> <span class='ocrx_word' id='word_1_471' title='bbox 2647 3495 2824 3550; x_wconf 79' lang='lat' dir='ltr'><strong>boves</strong></span> <span class='ocrx_word' id='word_1_472' title='bbox 2876 3495 3295 3559; x_wconf 84' lang='lat' dir='ltr'><strong>vendebantur,</strong></span> <span class='ocrx_word' id='word_1_473' title='bbox 3330 3492 3484 3565; x_wconf 91' lang='lat' dir='ltr'><strong>quod</strong></span> <span class='ocrx_word' id='word_1_474' title='bbox 3535 3491 3713 3547; x_wconf 90' lang='lat' dir='ltr'><strong>etiam</strong></span> 
     </span>
    </p>
   </div>
   <div class='ocr_carea' id='block_1_72' title="bbox 410 3763 1820 3845">
    <p class='ocr_par' dir='ltr' id='par_1_72' title="bbox 410 3763 1820 3845">
     <span class='ocr_line' id='line_1_72' title="bbox 410 3763 1820 3845; baseline 0.005 -26"><span class='ocrx_word' id='word_1_475' title='bbox 410 3763 543 3840; x_wconf 83' lang='grc' dir='ltr'>Περὶ</span> <span class='ocrx_word' id='word_1_476' title='bbox 574 3769 671 3821; x_wconf 88' lang='grc' dir='ltr'><strong>τοῦ</strong></span> <span class='ocrx_word' id='word_1_477' title='bbox 701 3765 892 3842; x_wconf 76' lang='grc' dir='ltr'>’Δγίου</span> <span class='ocrx_word' id='word_1_478' title='bbox 926 3764 1148 3823; x_wconf 84' lang='grc' dir='ltr'>Παύλου</span> <span class='ocrx_word' id='word_1_479' title='bbox 1176 3771 1274 3822; x_wconf 91' lang='grc' dir='ltr'><strong>τοῦ</strong></span> <span class='ocrx_word' id='word_1_480' title='bbox 1307 3765 1820 3845; x_wconf 73' lang='grc' dir='ltr'>Ὀρφανοτροφείου.</span> 
     </span>
    </p>
   </div>
   <div class='ocr_carea' id='block_1_73' title="bbox 361 3851 1945 3933">
    <p class='ocr_par' dir='ltr' id='par_1_73' title="bbox 361 3851 1945 3933">
     <span class='ocr_line' id='line_1_73' title="bbox 361 3851 1945 3933; baseline 0.001 -23"><span class='ocrx_word' id='word_1_481' title='bbox 361 3854 469 3910; x_wconf 85' lang='grc' dir='ltr'><strong>Τὸν</strong></span> <span class='ocrx_word' id='word_1_482' title='bbox 506 3851 563 3909; x_wconf 71' lang='grc' dir='ltr'><strong>δὲ</strong></span> <span class='ocrx_word' id='word_1_483' title='bbox 593 3859 786 3930; x_wconf 75' lang='grc' dir='ltr'>’Ἁγιον</span> <span class='ocrx_word' id='word_1_484' title='bbox 819 3853 1037 3910; x_wconf 81' lang='grc' dir='ltr'>Παῦλον</span> <span class='ocrx_word' id='word_1_485' title='bbox 1067 3857 1130 3911; x_wconf 87' lang='grc' dir='ltr'>τὸ</span> <span class='ocrx_word' id='word_1_486' title='bbox 1150 3857 1640 3933; x_wconf 73' lang='grc' dir='ltr'>Ὀρφανοτροφεῖον</span> <span class='ocrx_word' id='word_1_487' title='bbox 1668 3857 1945 3933; x_wconf 85' lang='grc' dir='ltr'>ἀνήγειρεν</span> 
     </span>
    </p>
   </div>
   <div class='ocr_carea' id='block_1_74' title="bbox 280 3942 1945 4022">
    <p class='ocr_par' dir='ltr' id='par_1_74' title="bbox 280 3942 1945 4022">
     <span class='ocr_line' id='line_1_74' title="bbox 280 3942 1945 4022; baseline 0.002 -25"><span class='ocrx_word' id='word_1_488' title='bbox 280 3942 577 4007; x_wconf 82' lang='grc' dir='ltr'>ἰουστίνος</span> <span class='ocrx_word' id='word_1_489' title='bbox 650 3944 741 3999; x_wconf 82' lang='grc' dir='ltr'><strong>καὶ</strong></span> <span class='ocrx_word' id='word_1_490' title='bbox 820 3943 1044 4022; x_wconf 82' lang='grc' dir='ltr'>Σοφία·</span> <span class='ocrx_word' id='word_1_491' title='bbox 1106 3944 1366 4009; x_wconf 68' lang='grc' dir='ltr'>ὡσαύτως</span> <span class='ocrx_word' id='word_1_492' title='bbox 1437 3946 1530 3999; x_wconf 83' lang='grc' dir='ltr'><strong>καὶ</strong></span> <span class='ocrx_word' id='word_1_493' title='bbox 1605 3946 1695 4000; x_wconf 86' lang='grc' dir='ltr'>τὸν</span> <span class='ocrx_word' id='word_1_494' title='bbox 1759 3948 1945 4003; x_wconf 90' lang='grc' dir='ltr'>Ὅσιον</span> 
     </span>
    </p>
   </div>
   <div class='ocr_carea' id='block_1_75' title="bbox 276 4030 1950 4101">
    <p class='ocr_par' dir='ltr' id='par_1_75' title="bbox 276 4030 1950 4101">
     <span class='ocr_line' id='line_1_75' title="bbox 276 4030 1950 4101; baseline 0.002 -17"><span class='ocrx_word' id='word_1_495' title='bbox 276 4031 540 4101; x_wconf 81' lang='grc' dir='ltr'>Ζωτικὸν,</span> <span class='ocrx_word' id='word_1_496' title='bbox 599 4032 690 4087; x_wconf 83' lang='grc' dir='ltr'><strong>καὶ</strong></span> <span class='ocrx_word' id='word_1_497' title='bbox 764 4031 1044 4088; x_wconf 71' lang='grc' dir='ltr'>ἰτῦπωσαν</span> <span class='ocrx_word' id='word_1_498' title='bbox 1125 4033 1489 4088; x_wconf 78' lang='grc' dir='ltr'>ἀναπαύεσθαι</span> <span class='ocrx_word' id='word_1_499' title='bbox 1544 4035 1671 4097; x_wconf 74' lang='grc' dir='ltr'>τοὺς</span> <span class='ocrx_word' id='word_1_500' title='bbox 1732 4030 1950 4099; x_wconf 75' lang='grc' dir='ltr'>λωϐοὺς</span> 
     </span>
    </p>
   </div>
   <div class='ocr_carea' id='block_1_76' title="bbox 276 4118 1947 4196">
    <p class='ocr_par' dir='ltr' id='par_1_76' title="bbox 276 4118 1947 4196">
     <span class='ocr_line' id='line_1_76' title="bbox 276 4118 1947 4196; baseline 0.003 -23"><span class='ocrx_word' id='word_1_501' title='bbox 276 4118 473 4188; x_wconf 77' lang='grc' dir='ltr'>ἰκεῖσε,</span> <span class='ocrx_word' id='word_1_502' title='bbox 533 4120 624 4175; x_wconf 84' lang='grc' dir='ltr'><strong>καὶ</strong></span> <span class='ocrx_word' id='word_1_503' title='bbox 687 4123 971 4196; x_wconf 78' lang='grc' dir='ltr'>σιτηρέσια</span> <span class='ocrx_word' id='word_1_504' title='bbox 1022 4118 1341 4193; x_wconf 74' lang='grc' dir='ltr'>λαμϐάνειν.</span> <span class='ocrx_word' id='word_1_505' title='bbox 1378 4124 1683 4194; x_wconf 80' lang='grc' dir='ltr'>Παρίστατο</span> <span class='ocrx_word' id='word_1_506' title='bbox 1724 4120 1781 4178; x_wconf 75' lang='grc' dir='ltr'><strong>δὶ</strong></span> <span class='ocrx_word' id='word_1_507' title='bbox 1838 4128 1947 4177; x_wconf 85' lang='grc' dir='ltr'><strong>Ζω-</strong></span> 
     </span>
    </p>
   </div>
   <div class='ocr_carea' id='block_1_77' title="bbox 272 4204 1710 4285">
    <p class='ocr_par' dir='ltr' id='par_1_77' title="bbox 272 4204 1710 4285">
     <span class='ocr_line' id='line_1_77' title="bbox 272 4204 1710 4285; baseline 0.004 -24"><span class='ocrx_word' id='word_1_508' title='bbox 272 4208 430 4269; x_wconf 87' lang='grc' dir='ltr'>τικὸς</span> <span class='ocrx_word' id='word_1_509' title='bbox 463 4209 491 4263; x_wconf 83' lang='grc' dir='ltr'><strong>ὁ</strong></span> <span class='ocrx_word' id='word_1_510' title='bbox 521 4204 1027 4284; x_wconf 75' lang='grc' dir='ltr'>πρωτοϐεστιάριος</span> <span class='ocrx_word' id='word_1_511' title='bbox 1060 4208 1224 4266; x_wconf 77' lang='grc' dir='ltr'>αὐτοῦ</span> <span class='ocrx_word' id='word_1_512' title='bbox 1252 4216 1370 4275; x_wconf 87' lang='grc' dir='ltr'>τοῖς</span> <span class='ocrx_word' id='word_1_513' title='bbox 1398 4210 1710 4285; x_wconf 88' lang='grc' dir='ltr'>κτίσμασιν.</span> 
     </span>
    </p>
   </div>
   <div class='ocr_carea' id='block_1_78' title="bbox 838 4300 1399 4376">
    <p class='ocr_par' dir='ltr' id='par_1_78' title="bbox 838 4300 1399 4376">
     <span class='ocr_line' id='line_1_78' title="bbox 838 4300 1399 4376; baseline 0.004 -21"><span class='ocrx_word' id='word_1_514' title='bbox 838 4300 969 4375; x_wconf 81' lang='grc' dir='ltr'>Περὶ</span> <span class='ocrx_word' id='word_1_515' title='bbox 999 4303 1097 4355; x_wconf 86' lang='grc' dir='ltr'><strong>τοῦ</strong></span> <span class='ocrx_word' id='word_1_516' title='bbox 1129 4300 1399 4376; x_wconf 83' lang='grc' dir='ltr'>Νεωρίου.</span> 
     </span>
    </p>
   </div>
   <div class='ocr_carea' id='block_1_79' title="bbox 348 4386 1942 4465">
    <p class='ocr_par' dir='ltr' id='par_1_79' title="bbox 348 4386 1942 4465">
     <span class='ocr_line' id='line_1_79' title="bbox 348 4386 1942 4465; baseline 0.001 -23"><span class='ocrx_word' id='word_1_517' title='bbox 348 4386 541 4456; x_wconf 80' lang='grc' dir='ltr'>Ὅτιή</span> <span class='ocrx_word' id='word_1_518' title='bbox 587 4388 860 4463; x_wconf 77' lang='grc' dir='ltr'>λεγομένη</span> <span class='ocrx_word' id='word_1_519' title='bbox 923 4387 1093 4463; x_wconf 85' lang='grc' dir='ltr'>λίμνη</span> <span class='ocrx_word' id='word_1_520' title='bbox 1153 4393 1250 4444; x_wconf 89' lang='grc' dir='ltr'><strong>τοῦ</strong></span> <span class='ocrx_word' id='word_1_521' title='bbox 1310 4388 1552 4464; x_wconf 77' lang='grc' dir='ltr'>Νεωρίου</span> <span class='ocrx_word' id='word_1_522' title='bbox 1610 4389 1738 4464; x_wconf 90' lang='grc' dir='ltr'>βοῦν</span> <span class='ocrx_word' id='word_1_523' title='bbox 1798 4390 1942 4465; x_wconf 79' lang='grc' dir='ltr'>εἶχεν</span> 
     </span>
    </p>
   </div>
   <div class='ocr_carea' id='block_1_80' title="bbox 271 4472 1939 4554">
    <p class='ocr_par' dir='ltr' id='par_1_80' title="bbox 271 4472 1939 4554">
     <span class='ocr_line' id='line_1_80' title="bbox 271 4472 1939 4554; baseline 0.001 -25"><span class='ocrx_word' id='word_1_524' title='bbox 271 4476 569 4546; x_wconf 73' lang='grc' dir='ltr'>ἱστάμενον</span> <span class='ocrx_word' id='word_1_525' title='bbox 638 4474 882 4551; x_wconf 77' lang='grc' dir='ltr'>χαλκοῦν</span> <span class='ocrx_word' id='word_1_526' title='bbox 940 4478 1297 4553; x_wconf 73' lang='grc' dir='ltr'>παμμεγέθη.</span> <span class='ocrx_word' id='word_1_527' title='bbox 1352 4477 1574 4552; x_wconf 78' lang='grc' dir='ltr'>Κράζειν</span> <span class='ocrx_word' id='word_1_528' title='bbox 1636 4474 1693 4532; x_wconf 70' lang='grc' dir='ltr'>δι</span> <span class='ocrx_word' id='word_1_529' title='bbox 1754 4472 1939 4554; x_wconf 80' lang='grc' dir='ltr'>ἔλεγον</span> 
     </span>
    </p>
   </div>
   <div class='ocr_carea' id='block_1_81' title="bbox 2058 3581 3710 3655">
    <p class='ocr_par' dir='ltr' id='par_1_81' title="bbox 2058 3581 3710 3655">
     <span class='ocr_line' id='line_1_81' title="bbox 2058 3581 3710 3655; baseline -0.003 -15"><span class='ocrx_word' id='word_1_530' title='bbox 2058 3584 2240 3640; x_wconf 89' lang='lat' dir='ltr'><strong>moris</strong></span> <span class='ocrx_word' id='word_1_531' title='bbox 2270 3584 2382 3639; x_wconf 80' lang='lat' dir='ltr'><strong>fuit</strong></span> <span class='ocrx_word' id='word_1_532' title='bbox 2424 3600 2613 3655; x_wconf 91' lang='lat' dir='ltr'><strong>usque</strong></span> <span class='ocrx_word' id='word_1_533' title='bbox 2651 3584 2722 3639; x_wconf 89' lang='lat' dir='ltr'><strong>ad</strong></span> <span class='ocrx_word' id='word_1_534' title='bbox 2755 3582 3208 3639; x_wconf 89' lang='lat' dir='ltr'><strong>Constantinum</strong></span> <span class='ocrx_word' id='word_1_535' title='bbox 3241 3581 3710 3654; x_wconf 84' lang='lat' dir='ltr'><strong>Copronymum;</strong></span> 
     </span>
    </p>
   </div>
   <div class='ocr_carea' id='block_1_82' title="bbox 2059 3671 3369 3745">
    <p class='ocr_par' dir='ltr' id='par_1_82' title="bbox 2059 3671 3369 3745">
     <span class='ocr_line' id='line_1_82' title="bbox 2059 3671 3369 3745; baseline -0.003 -17"><span class='ocrx_word' id='word_1_536' title='bbox 2059 3671 2159 3745; x_wconf 89' lang='lat' dir='ltr'><strong>qui</strong></span> <span class='ocrx_word' id='word_1_537' title='bbox 2191 3672 2520 3740; x_wconf 86' lang='lat' dir='ltr'><strong>constituit,</strong></span> <span class='ocrx_word' id='word_1_538' title='bbox 2556 3676 2621 3727; x_wconf 89' lang='lat' dir='ltr'><strong>ut</strong></span> <span class='ocrx_word' id='word_1_539' title='bbox 2647 3672 2705 3726; x_wconf 90' lang='lat' dir='ltr'><strong>in</strong></span> <span class='ocrx_word' id='word_1_540' title='bbox 2737 3672 2928 3727; x_wconf 88' lang='lat' dir='ltr'><strong>Tauro</strong></span> <span class='ocrx_word' id='word_1_541' title='bbox 2959 3671 3369 3726; x_wconf 87' lang='lat' dir='ltr'><strong>venderentur.</strong></span> 
     </span>
    </p>
   </div>
   <div class='ocr_carea' id='block_1_83' title="bbox 2379 3757 3397 3833">
    <p class='ocr_par' dir='ltr' id='par_1_83' title="bbox 2379 3757 3397 3833">
     <span class='ocr_line' id='line_1_83' title="bbox 2379 3757 3397 3833; baseline -0.004 -17"><span class='ocrx_word' id='word_1_542' title='bbox 2379 3762 2456 3816; x_wconf 80' lang='lat' dir='ltr'><strong>De</strong></span> <span class='ocrx_word' id='word_1_543' title='bbox 2484 3761 2955 3833; x_wconf 77' lang='lat' dir='ltr'><strong>orphanoerphio</strong></span> <span class='ocrx_word' id='word_1_544' title='bbox 2985 3759 3173 3815; x_wconf 83' lang='lat' dir='ltr'><strong>Sancti</strong></span> <span class='ocrx_word' id='word_1_545' title='bbox 3200 3757 3397 3814; x_wconf 84' lang='lat' dir='ltr'><strong>Pauli.</strong></span> 
     </span>
    </p>
   </div>
   <div class='ocr_carea' id='block_1_84' title="bbox 2128 3846 3717 3923">
    <p class='ocr_par' dir='ltr' id='par_1_84' title="bbox 2128 3846 3717 3923">
     <span class='ocr_line' id='line_1_84' title="bbox 2128 3846 3717 3923; baseline -0.003 -16"><span class='ocrx_word' id='word_1_546' title='bbox 2128 3849 2701 3923; x_wconf 83' lang='lat' dir='ltr'><strong>Orphanolrophium</strong></span> <span class='ocrx_word' id='word_1_547' title='bbox 2751 3850 2810 3905; x_wconf 89' lang='lat' dir='ltr'><strong>S.</strong></span> <span class='ocrx_word' id='word_1_548' title='bbox 2853 3848 3017 3904; x_wconf 88' lang='lat' dir='ltr'><strong>Pauli</strong></span> <span class='ocrx_word' id='word_1_549' title='bbox 3073 3847 3347 3904; x_wconf 87' lang='lat' dir='ltr'><strong>Justinus</strong></span> <span class='ocrx_word' id='word_1_550' title='bbox 3395 3850 3453 3902; x_wconf 89' lang='lat' dir='ltr'><strong>et</strong></span> <span class='ocrx_word' id='word_1_551' title='bbox 3500 3846 3717 3919; x_wconf 84' lang='lat' dir='ltr'><strong>Sophia</strong></span> 
     </span>
    </p>
   </div>
   <div class='ocr_carea' id='block_1_85' title="bbox 2056 3936 3712 4007">
    <p class='ocr_par' dir='ltr' id='par_1_85' title="bbox 2056 3936 3712 4007">
     <span class='ocr_line' id='line_1_85' title="bbox 2056 3936 3712 4007; baseline -0.003 -11"><span class='ocrx_word' id='word_1_552' title='bbox 2056 3940 2400 4007; x_wconf 87' lang='lat' dir='ltr'><strong>condidere;</strong></span> <span class='ocrx_word' id='word_1_553' title='bbox 2438 3939 2715 3995; x_wconf 83' lang='lat' dir='ltr'><strong>similiter</strong></span> <span class='ocrx_word' id='word_1_554' title='bbox 2757 3942 2814 3994; x_wconf 87' lang='lat' dir='ltr'><strong>et</strong></span> <span class='ocrx_word' id='word_1_555' title='bbox 2861 3939 3143 3995; x_wconf 87' lang='lat' dir='ltr'><strong>Sanctum</strong></span> <span class='ocrx_word' id='word_1_556' title='bbox 3194 3936 3480 4007; x_wconf 81' lang='lat' dir='ltr'><strong>Zoticum,</strong></span> <span class='ocrx_word' id='word_1_557' title='bbox 3506 3940 3565 3992; x_wconf 88' lang='lat' dir='ltr'><strong>et</strong></span> <span class='ocrx_word' id='word_1_558' title='bbox 3592 3939 3712 3991; x_wconf 89' lang='lat' dir='ltr'><strong>sta-</strong></span> 
     </span>
    </p>
   </div>
   <div class='ocr_carea' id='block_1_86' title="bbox 2055 4024 3712 4098">
    <p class='ocr_par' dir='ltr' id='par_1_86' title="bbox 2055 4024 3712 4098">
     <span class='ocr_line' id='line_1_86' title="bbox 2055 4024 3712 4098; baseline -0.003 -14"><span class='ocrx_word' id='word_1_559' title='bbox 2055 4033 2297 4084; x_wconf 89' lang='lat' dir='ltr'><strong>tuerunt</strong></span> <span class='ocrx_word' id='word_1_560' title='bbox 2352 4029 2433 4083; x_wconf 92' lang='lat' dir='ltr'><strong>ibi</strong></span> <span class='ocrx_word' id='word_1_561' title='bbox 2494 4028 2797 4083; x_wconf 87' lang='lat' dir='ltr'><strong>mutilatos</strong></span> <span class='ocrx_word' id='word_1_562' title='bbox 2836 4028 3054 4098; x_wconf 91' lang='lat' dir='ltr'><strong>quibus</strong></span> <span class='ocrx_word' id='word_1_563' title='bbox 3110 4025 3393 4083; x_wconf 88' lang='lat' dir='ltr'><strong>alimenta</strong></span> <span class='ocrx_word' id='word_1_564' title='bbox 3449 4024 3712 4097; x_wconf 67' lang='lat' dir='ltr'><strong>praebue-</strong></span> 
     </span>
    </p>
   </div>
   <div class='ocr_carea' id='block_1_87' title="bbox 2056 4115 3714 4186">
    <p class='ocr_par' dir='ltr' id='par_1_87' title="bbox 2056 4115 3714 4186">
     <span class='ocr_line' id='line_1_87' title="bbox 2056 4115 3714 4186; baseline -0.002 -13"><span class='ocrx_word' id='word_1_565' title='bbox 2056 4123 2215 4173; x_wconf 88' lang='lat' dir='ltr'><strong>runt.</strong></span> <span class='ocrx_word' id='word_1_566' title='bbox 2251 4118 2485 4173; x_wconf 69' lang='lat' dir='ltr'><strong>Praefuit</strong></span> <span class='ocrx_word' id='word_1_567' title='bbox 2534 4122 2730 4173; x_wconf 87' lang='lat' dir='ltr'><strong>autem</strong></span> <span class='ocrx_word' id='word_1_568' title='bbox 2765 4117 3011 4172; x_wconf 66' lang='lat' dir='ltr'><strong>aedificio</strong></span> <span class='ocrx_word' id='word_1_569' title='bbox 3063 4122 3121 4171; x_wconf 90' lang='lat' dir='ltr'><strong>et</strong></span> <span class='ocrx_word' id='word_1_570' title='bbox 3166 4115 3397 4171; x_wconf 89' lang='lat' dir='ltr'><strong>Zoticus</strong></span> <span class='ocrx_word' id='word_1_571' title='bbox 3447 4118 3714 4186; x_wconf 88' lang='lat' dir='ltr'><strong>protove-</strong></span> 
     </span>
    </p>
   </div>
   <div class='ocr_carea' id='block_1_88' title="bbox 2054 4207 2320 4263">
    <p class='ocr_par' dir='ltr' id='par_1_88' title="bbox 2054 4207 2320 4263">
     <span class='ocr_line' id='line_1_88' title="bbox 2054 4207 2320 4263; baseline -0.008 0"><span class='ocrx_word' id='word_1_572' title='bbox 2054 4207 2320 4263; x_wconf 89' lang='lat' dir='ltr'><strong>stiarius.</strong></span> 
     </span>
    </p>
   </div>
   <div class='ocr_carea' id='block_1_89' title="bbox 2625 4293 3141 4365">
    <p class='ocr_par' dir='ltr' id='par_1_89' title="bbox 2625 4293 3141 4365">
     <span class='ocr_line' id='line_1_89' title="bbox 2625 4293 3141 4365; baseline -0.006 -17"><span class='ocrx_word' id='word_1_573' title='bbox 2625 4295 2698 4349; x_wconf 80' lang='lat' dir='ltr'><strong>De</strong></span> <span class='ocrx_word' id='word_1_574' title='bbox 2720 4297 2884 4365; x_wconf 80' lang='lat' dir='ltr'><strong>portu</strong></span> <span class='ocrx_word' id='word_1_575' title='bbox 2918 4293 3141 4349; x_wconf 80' lang='lat' dir='ltr'><strong>Neorio.</strong></span> 
     </span>
    </p>
   </div>
   <div class='ocr_carea' id='block_1_90' title="bbox 2124 4376 3708 4454">
    <p class='ocr_par' dir='ltr' id='par_1_90' title="bbox 2124 4376 3708 4454">
     <span class='ocr_line' id='line_1_90' title="bbox 2124 4376 3708 4454; baseline -0.006 -14"><span class='ocrx_word' id='word_1_576' title='bbox 2124 4388 2186 4441; x_wconf 89' lang='lat' dir='ltr'><strong>In</strong></span> <span class='ocrx_word' id='word_1_577' title='bbox 2221 4386 2391 4454; x_wconf 92' lang='lat' dir='ltr'><strong>portu</strong></span> <span class='ocrx_word' id='word_1_578' title='bbox 2442 4386 2784 4454; x_wconf 89' lang='lat' dir='ltr'><strong>nuncupato</strong></span> <span class='ocrx_word' id='word_1_579' title='bbox 2833 4381 3042 4438; x_wconf 87' lang='lat' dir='ltr'><strong>Neorio</strong></span> <span class='ocrx_word' id='word_1_580' title='bbox 3076 4380 3183 4435; x_wconf 89' lang='lat' dir='ltr'><strong>bos</strong></span> <span class='ocrx_word' id='word_1_581' title='bbox 3214 4394 3408 4433; x_wconf 69' lang='lat' dir='ltr'><strong>aeneus</strong></span> <span class='ocrx_word' id='word_1_582' title='bbox 3449 4376 3708 4449; x_wconf 82' lang='lat' dir='ltr'><strong>ingentis</strong></span> 
     </span>
    </p>
   </div>
   <div class='ocr_carea' id='block_1_91' title="bbox 2055 4464 3710 4542">
    <p class='ocr_par' dir='ltr' id='par_1_91' title="bbox 2055 4464 3710 4542">
     <span class='ocr_line' id='line_1_91' title="bbox 2055 4464 3710 4542; baseline -0.005 -14"><span class='ocrx_word' id='word_1_583' title='bbox 2055 4472 2225 4528; x_wconf 92' lang='lat' dir='ltr'><strong>molis</strong></span> <span class='ocrx_word' id='word_1_584' title='bbox 2256 4472 2475 4540; x_wconf 87' lang='lat' dir='ltr'><strong>stabat,</strong></span> <span class='ocrx_word' id='word_1_585' title='bbox 2506 4487 2679 4542; x_wconf 89' lang='lat' dir='ltr'><strong>quem</strong></span> <span class='ocrx_word' id='word_1_586' title='bbox 2714 4468 2897 4531; x_wconf 88' lang='lat' dir='ltr'><strong>semel</strong></span> <span class='ocrx_word' id='word_1_587' title='bbox 2928 4470 2987 4523; x_wconf 87' lang='lat' dir='ltr'><strong>in</strong></span> <span class='ocrx_word' id='word_1_588' title='bbox 3019 4484 3174 4523; x_wconf 90' lang='lat' dir='ltr'><strong>anno</strong></span> <span class='ocrx_word' id='word_1_589' title='bbox 3205 4466 3447 4522; x_wconf 89' lang='lat' dir='ltr'><strong>solitum</strong></span> <span class='ocrx_word' id='word_1_590' title='bbox 3480 4464 3710 4537; x_wconf 87' lang='lat' dir='ltr'><strong>mugire</strong></span> 
     </span>
    </p>
   </div>
   <div class='ocr_carea' id='block_1_92' title="bbox 278 4552 1945 4641">
    <p class='ocr_par' dir='ltr' id='par_1_92' title="bbox 278 4564 1942 4641">
     <span class='ocr_line' id='line_1_92' title="bbox 278 4564 1942 4641; baseline 0.001 -23"><span class='ocrx_word' id='word_1_591' title='bbox 278 4564 443 4618; x_wconf 84' lang='grc' dir='ltr'>αὐτὸν</span> <span class='ocrx_word' id='word_1_592' title='bbox 478 4564 552 4625; x_wconf 86' lang='grc' dir='ltr'><strong>ὡς</strong></span> <span class='ocrx_word' id='word_1_593' title='bbox 589 4564 717 4639; x_wconf 90' lang='grc' dir='ltr'>βοῦν</span> <span class='ocrx_word' id='word_1_594' title='bbox 751 4564 875 4638; x_wconf 86' lang='grc' dir='ltr'>μίαν</span> <span class='ocrx_word' id='word_1_595' title='bbox 915 4569 1010 4619; x_wconf 92' lang='grc' dir='ltr'><strong>νοῦ</strong></span> <span class='ocrx_word' id='word_1_596' title='bbox 1040 4564 1313 4634; x_wconf 72' lang='grc' dir='ltr'>ἐνιαυτοῦ,</span> <span class='ocrx_word' id='word_1_597' title='bbox 1345 4566 1433 4619; x_wconf 85' lang='grc' dir='ltr'>καὶ</span> <span class='ocrx_word' id='word_1_598' title='bbox 1482 4564 1725 4639; x_wconf 84' lang='grc' dir='ltr'>γίνεσθαι</span> <span class='ocrx_word' id='word_1_599' title='bbox 1770 4567 1942 4641; x_wconf 83' lang='grc' dir='ltr'>παρά-</span> 
     </span>
    </p>
   </div>
   <div class='ocr_carea' id='block_1_93' title="bbox 2067 4552 3706 4641">
    <p class='ocr_par' dir='ltr' id='par_1_93' title="bbox 2067 4552 3706 4627">
     <span class='ocr_line' id='line_1_93' title="bbox 2067 4552 3706 4627; baseline -0.004 -13"><span class='ocrx_word' id='word_1_600' title='bbox 2067 4560 2269 4625; x_wconf 70' lang='lat' dir='ltr'><strong>l&#39;erunt,</strong></span> <span class='ocrx_word' id='word_1_601' title='bbox 2302 4566 2361 4615; x_wconf 90' lang='lat' dir='ltr'><strong>et</strong></span> <span class='ocrx_word' id='word_1_602' title='bbox 2409 4559 2614 4615; x_wconf 91' lang='lat' dir='ltr'><strong>eodem</strong></span> <span class='ocrx_word' id='word_1_603' title='bbox 2665 4558 2759 4613; x_wconf 91' lang='lat' dir='ltr'><strong>die</strong></span> <span class='ocrx_word' id='word_1_604' title='bbox 2818 4556 2955 4612; x_wconf 89' lang='lat' dir='ltr'><strong>mali</strong></span> <span class='ocrx_word' id='word_1_605' title='bbox 3006 4555 3149 4627; x_wconf 92' lang='lat' dir='ltr'><strong>quid</strong></span> <span class='ocrx_word' id='word_1_606' title='bbox 3208 4553 3338 4609; x_wconf 89' lang='lat' dir='ltr'><strong>urbi</strong></span> <span class='ocrx_word' id='word_1_607' title='bbox 3400 4552 3706 4609; x_wconf 86' lang='lat' dir='ltr'><strong>accidisse.</strong></span> 
     </span>
    </p>
   </div>
   <div class='ocr_carea' id='block_1_94' title="bbox 279 4642 1945 4729">
    <p class='ocr_par' dir='ltr' id='par_1_94' title="bbox 279 4650 1942 4729">
     <span class='ocr_line' id='line_1_94' title="bbox 279 4650 1942 4729; baseline 0 -22"><span class='ocrx_word' id='word_1_608' title='bbox 279 4653 489 4724; x_wconf 79' lang='grc' dir='ltr'>πτωμᾶ</span> <span class='ocrx_word' id='word_1_609' title='bbox 532 4673 584 4706; x_wconf 85' lang='grc' dir='ltr'><strong>τι</strong></span> <span class='ocrx_word' id='word_1_610' title='bbox 639 4650 690 4707; x_wconf 74' lang='grc' dir='ltr'>ἐν</span> <span class='ocrx_word' id='word_1_611' title='bbox 758 4657 827 4727; x_wconf 79' lang='grc' dir='ltr'><strong>τῇ</strong></span> <span class='ocrx_word' id='word_1_612' title='bbox 891 4652 1074 4727; x_wconf 69' lang='grc' dir='ltr'>ὴμᾶρᾳ</span> <span class='ocrx_word' id='word_1_613' title='bbox 1140 4652 1339 4727; x_wconf 75' lang='grc' dir='ltr'>ὶκείνῃ.</span> <span class='ocrx_word' id='word_1_614' title='bbox 1380 4654 1768 4729; x_wconf 86' lang='grc' dir='ltr'>Ἐστοιχείωσε</span> <span class='ocrx_word' id='word_1_615' title='bbox 1808 4650 1866 4707; x_wconf 76' lang='grc' dir='ltr'><strong>δὲ</strong></span> <span class='ocrx_word' id='word_1_616' title='bbox 1914 4654 1942 4706; x_wconf 86' lang='grc' dir='ltr'>ὁ</span> 
     </span>
    </p>
   </div>
   <div class='ocr_carea' id='block_1_95' title="bbox 2067 4642 3707 4729">
    <p class='ocr_par' dir='ltr' id='par_1_95' title="bbox 2067 4642 3707 4718">
     <span class='ocr_line' id='line_1_95' title="bbox 2067 4642 3707 4718; baseline -0.003 -14"><span class='ocrx_word' id='word_1_617' title='bbox 2067 4650 2340 4704; x_wconf 68' lang='lat' dir='ltr'><strong>Eumdem</strong></span> <span class='ocrx_word' id='word_1_618' title='bbox 2374 4653 2569 4704; x_wconf 90' lang='lat' dir='ltr'><strong>autem</strong></span> <span class='ocrx_word' id='word_1_619' title='bbox 2617 4652 2849 4718; x_wconf 90' lang='lat' dir='ltr'><strong>portum</strong></span> <span class='ocrx_word' id='word_1_620' title='bbox 2885 4644 3131 4716; x_wconf 86' lang='lat' dir='ltr'><strong>magicis</strong></span> <span class='ocrx_word' id='word_1_621' title='bbox 3163 4642 3473 4715; x_wconf 65' lang='lat' dir='ltr'><strong>praestigiis</strong></span> <span class='ocrx_word' id='word_1_622' title='bbox 3504 4660 3707 4700; x_wconf 84' lang='lat' dir='ltr'><strong>conse-</strong></span> 
     </span>
    </p>
   </div>
   <div class='ocr_carea' id='block_1_96' title="bbox 281 4740 1945 4817">
    <p class='ocr_par' dir='ltr' id='par_1_96' title="bbox 281 4740 1945 4817">
     <span class='ocr_line' id='line_1_96' title="bbox 281 4740 1945 4817; baseline 0 -21"><span class='ocrx_word' id='word_1_623' title='bbox 281 4740 449 4802; x_wconf 75' lang='grc' dir='ltr'>αὐτὸς</span> <span class='ocrx_word' id='word_1_624' title='bbox 482 4741 693 4811; x_wconf 78' lang='grc' dir='ltr'>Κόνων,</span> <span class='ocrx_word' id='word_1_625' title='bbox 728 4740 779 4796; x_wconf 77' lang='grc' dir='ltr'>ἐν</span> <span class='ocrx_word' id='word_1_626' title='bbox 812 4742 858 4815; x_wconf 82' lang='grc' dir='ltr'>ᾧ</span> <span class='ocrx_word' id='word_1_627' title='bbox 887 4742 977 4796; x_wconf 87' lang='grc' dir='ltr'><strong>καὶ</strong></span> <span class='ocrx_word' id='word_1_628' title='bbox 1008 4740 1178 4817; x_wconf 76' lang='grc' dir='ltr'>ἄγορα</span> <span class='ocrx_word' id='word_1_629' title='bbox 1206 4746 1313 4796; x_wconf 80' lang='grc' dir='ltr'><strong>τῶν</strong></span> <span class='ocrx_word' id='word_1_630' title='bbox 1346 4740 1652 4797; x_wconf 84' lang='grc' dir='ltr'>θαλασσίων</span> <span class='ocrx_word' id='word_1_631' title='bbox 1687 4740 1945 4815; x_wconf 75' lang='grc' dir='ltr'>ἐμπόρων</span> 
     </span>
    </p>
   </div>
   <div class='ocr_carea' id='block_1_97' title="bbox 274 4828 1940 4906">
    <p class='ocr_par' dir='ltr' id='par_1_97' title="bbox 274 4828 1940 4906">
     <span class='ocr_line' id='line_1_97' title="bbox 274 4828 1940 4906; baseline 0 -22"><span class='ocrx_word' id='word_1_632' title='bbox 274 4829 343 4885; x_wconf 86' lang='grc' dir='ltr'>τὸ</span> <span class='ocrx_word' id='word_1_633' title='bbox 393 4830 661 4906; x_wconf 83' lang='grc' dir='ltr'>πρότερον</span> <span class='ocrx_word' id='word_1_634' title='bbox 708 4832 815 4899; x_wconf 79' lang='grc' dir='ltr'>ἦν·</span> <span class='ocrx_word' id='word_1_635' title='bbox 853 4830 941 4886; x_wconf 72' lang='grc' dir='ltr'>ἐπὶ</span> <span class='ocrx_word' id='word_1_636' title='bbox 991 4828 1048 4886; x_wconf 74' lang='grc' dir='ltr'><strong>δὶ</strong></span> <span class='ocrx_word' id='word_1_637' title='bbox 1078 4831 1373 4887; x_wconf 86' lang='grc' dir='ltr'>Ἰουστίνου</span> <span class='ocrx_word' id='word_1_638' title='bbox 1421 4830 1674 4904; x_wconf 68' lang='grc' dir='ltr'>μετετέθη</span> <span class='ocrx_word' id='word_1_639' title='bbox 1722 4830 1799 4893; x_wconf 63' lang='grc' dir='ltr'>εἷς</span> <span class='ocrx_word' id='word_1_640' title='bbox 1848 4830 1940 4885; x_wconf 82' lang='grc' dir='ltr'><strong>τὸν</strong></span> 
     </span>
    </p>
   </div>
   <div class='ocr_carea' id='block_1_98' title="bbox 278 4916 839 4993">
    <p class='ocr_par' dir='ltr' id='par_1_98' title="bbox 278 4916 839 4993">
     <span class='ocr_line' id='line_1_98' title="bbox 278 4916 839 4993; baseline 0.005 -18"><span class='ocrx_word' id='word_1_641' title='bbox 278 4916 588 4976; x_wconf 81' lang='grc' dir='ltr'>Ἰουλιανοῦ</span> <span class='ocrx_word' id='word_1_642' title='bbox 621 4917 839 4993; x_wconf 68' lang='grc' dir='ltr'>λιμένα.</span> 
     </span>
    </p>
   </div>
   <div class='ocr_carea' id='block_1_99' title="bbox 596 5024 1635 5101">
    <p class='ocr_par' dir='ltr' id='par_1_99' title="bbox 596 5024 1635 5101">
     <span class='ocr_line' id='line_1_99' title="bbox 596 5024 1635 5101; baseline 0.004 -21"><span class='ocrx_word' id='word_1_643' title='bbox 596 5026 725 5101; x_wconf 84' lang='grc' dir='ltr'><strong>Περῖ</strong></span> <span class='ocrx_word' id='word_1_644' title='bbox 758 5026 828 5081; x_wconf 79' lang='grc' dir='ltr'><strong>τά</strong></span> <span class='ocrx_word' id='word_1_645' title='bbox 853 5029 951 5081; x_wconf 87' lang='grc' dir='ltr'><strong>τοῦ</strong></span> <span class='ocrx_word' id='word_1_646' title='bbox 982 5024 1271 5090; x_wconf 80' lang='grc' dir='ltr'>Βασιλίδος</span> <span class='ocrx_word' id='word_1_647' title='bbox 1303 5026 1635 5100; x_wconf 75' lang='grc' dir='ltr'>καλούμενα.</span> 
     </span>
    </p>
   </div>
   <div class='ocr_carea' id='block_1_100' title="bbox 359 5112 1944 5192">
    <p class='ocr_par' dir='ltr' id='par_1_100' title="bbox 359 5112 1944 5192">
     <span class='ocr_line' id='line_1_100' title="bbox 359 5112 1944 5192; baseline -0.001 -23"><span class='ocrx_word' id='word_1_648' title='bbox 359 5114 436 5169; x_wconf 81' lang='grc' dir='ltr'><strong>Τὰ</strong></span> <span class='ocrx_word' id='word_1_649' title='bbox 484 5112 541 5169; x_wconf 80' lang='grc' dir='ltr'><strong>δὶ</strong></span> <span class='ocrx_word' id='word_1_650' title='bbox 596 5112 915 5184; x_wconf 85' lang='grc' dir='ltr'>Βασιλίδος,</span> <span class='ocrx_word' id='word_1_651' title='bbox 960 5115 1111 5178; x_wconf 77' lang='grc' dir='ltr'>οἶκος</span> <span class='ocrx_word' id='word_1_652' title='bbox 1156 5116 1222 5185; x_wconf 80' lang='grc' dir='ltr'>ἦν</span> <span class='ocrx_word' id='word_1_653' title='bbox 1272 5113 1597 5178; x_wconf 82' lang='grc' dir='ltr'>Βασιλίδους</span> <span class='ocrx_word' id='word_1_654' title='bbox 1654 5115 1944 5192; x_wconf 85' lang='grc' dir='ltr'>πατρικίου</span> 
     </span>
    </p>
   </div>
   <div class='ocr_carea' id='block_1_101' title="bbox 280 5202 1592 5280">
    <p class='ocr_par' dir='ltr' id='par_1_101' title="bbox 280 5202 1592 5280">
     <span class='ocr_line' id='line_1_101' title="bbox 280 5202 1592 5280; baseline 0.002 -22"><span class='ocrx_word' id='word_1_655' title='bbox 280 5202 374 5258; x_wconf 81' lang='grc' dir='ltr'><strong>καὶ</strong></span> <span class='ocrx_word' id='word_1_656' title='bbox 406 5202 751 5279; x_wconf 84' lang='grc' dir='ltr'>κοιαίστορος</span> <span class='ocrx_word' id='word_1_657' title='bbox 779 5207 877 5258; x_wconf 91' lang='grc' dir='ltr'><strong>τοῦ</strong></span> <span class='ocrx_word' id='word_1_658' title='bbox 907 5204 1164 5280; x_wconf 79' lang='grc' dir='ltr'>Μεγάλου</span> <span class='ocrx_word' id='word_1_659' title='bbox 1192 5206 1592 5261; x_wconf 83' lang='grc' dir='ltr'>’[ουστινιανοῦ.</span> 
     </span>
    </p>
   </div>
   <div class='ocr_carea' id='block_1_102' title="bbox 770 5308 1468 5386">
    <p class='ocr_par' dir='ltr' id='par_1_102' title="bbox 770 5308 1468 5386">
     <span class='ocr_line' id='line_1_102' title="bbox 770 5308 1468 5386; baseline 0.003 -21"><span class='ocrx_word' id='word_1_660' title='bbox 770 5309 904 5384; x_wconf 83' lang='grc' dir='ltr'>Περὶ</span> <span class='ocrx_word' id='word_1_661' title='bbox 934 5314 1042 5365; x_wconf 81' lang='grc' dir='ltr'><strong>τῶν</strong></span> <span class='ocrx_word' id='word_1_662' title='bbox 1075 5308 1468 5386; x_wconf 81' lang='grc' dir='ltr'>Ἀρκαδιανῶν.</span> 
     </span>
    </p>
   </div>
   <div class='ocr_carea' id='block_1_103' title="bbox 348 5396 1948 5475">
    <p class='ocr_par' dir='ltr' id='par_1_103' title="bbox 348 5396 1948 5475">
     <span class='ocr_line' id='line_1_103' title="bbox 348 5396 1948 5475; baseline -0.001 -21"><span class='ocrx_word' id='word_1_663' title='bbox 348 5399 474 5454; x_wconf 83' lang='grc' dir='ltr'>Ὀτι</span> <span class='ocrx_word' id='word_1_664' title='bbox 553 5398 583 5452; x_wconf 80' lang='grc' dir='ltr'>ὁ</span> <span class='ocrx_word' id='word_1_665' title='bbox 633 5399 822 5474; x_wconf 86' lang='grc' dir='ltr'>Ἀγιος</span> <span class='ocrx_word' id='word_1_666' title='bbox 893 5399 1154 5469; x_wconf 80' lang='grc' dir='ltr'>Ἰωάννης</span> <span class='ocrx_word' id='word_1_667' title='bbox 1230 5399 1286 5453; x_wconf 69' lang='grc' dir='ltr'>αἱ</span> <span class='ocrx_word' id='word_1_668' title='bbox 1348 5396 1734 5475; x_wconf 78' lang='grc' dir='ltr'>Ἀρκαδιαναῖ,</span> <span class='ocrx_word' id='word_1_669' title='bbox 1802 5398 1948 5472; x_wconf 84' lang='grc' dir='ltr'>παρᾶ</span> 
     </span>
    </p>
   </div>
   <div class='ocr_carea' id='block_1_104' title="bbox 292 5483 1947 5561">
    <p class='ocr_par' dir='ltr' id='par_1_104' title="bbox 292 5483 1947 5561">
     <span class='ocr_line' id='line_1_104' title="bbox 292 5483 1947 5561; baseline -0.001 -18"><span class='ocrx_word' id='word_1_670' title='bbox 292 5483 581 5561; x_wconf 80' lang='grc' dir='ltr'>Αρκαδίου</span> <span class='ocrx_word' id='word_1_671' title='bbox 617 5486 861 5558; x_wconf 77' lang='grc' dir='ltr'>ἐκτίσθη,</span> <span class='ocrx_word' id='word_1_672' title='bbox 894 5485 1281 5561; x_wconf 73' lang='grc' dir='ltr'>ἕπιλεξαμένου</span> <span class='ocrx_word' id='word_1_673' title='bbox 1319 5488 1409 5542; x_wconf 77' lang='grc' dir='ltr'><strong>καὶ</strong></span> <span class='ocrx_word' id='word_1_674' title='bbox 1460 5487 1519 5543; x_wconf 77' lang='grc' dir='ltr'>ἐκ</span> <span class='ocrx_word' id='word_1_675' title='bbox 1561 5492 1666 5543; x_wconf 75' lang='grc' dir='ltr'>τῶν</span> <span class='ocrx_word' id='word_1_676' title='bbox 1700 5484 1947 5542; x_wconf 81' lang='grc' dir='ltr'>πολιτῶν</span> 
     </span>
    </p>
   </div>
   <div class='ocr_carea' id='block_1_105' title="bbox 275 5573 1945 5653">
    <p class='ocr_par' dir='ltr' id='par_1_105' title="bbox 275 5573 1945 5653">
     <span class='ocr_line' id='line_1_105' title="bbox 275 5573 1945 5653; baseline 0.001 -23"><span class='ocrx_word' id='word_1_677' title='bbox 275 5573 545 5652; x_wconf 77' lang='grc' dir='ltr'>χιλιάδας</span> <span class='ocrx_word' id='word_1_678' title='bbox 602 5575 656 5647; x_wconf 74' lang='grc' dir='ltr'><strong>’ἐξ</strong></span> <span class='ocrx_word' id='word_1_679' title='bbox 717 5574 797 5637; x_wconf 68' lang='grc' dir='ltr'>εἷς</span> <span class='ocrx_word' id='word_1_680' title='bbox 849 5575 1065 5651; x_wconf 77' lang='grc' dir='ltr'>ὀψίκιον</span> <span class='ocrx_word' id='word_1_681' title='bbox 1116 5575 1301 5645; x_wconf 79' lang='grc' dir='ltr'>αὐτοῦ,</span> <span class='ocrx_word' id='word_1_682' title='bbox 1333 5574 1500 5653; x_wconf 73' lang='grc' dir='ltr'>ἤγουν</span> <span class='ocrx_word' id='word_1_683' title='bbox 1562 5576 1636 5639; x_wconf 63' lang='grc' dir='ltr'>εἷς</span> <span class='ocrx_word' id='word_1_684' title='bbox 1689 5576 1756 5631; x_wconf 84' lang='grc' dir='ltr'><strong>τὰ</strong></span> <span class='ocrx_word' id='word_1_685' title='bbox 1812 5575 1945 5652; x_wconf 83' lang='grc' dir='ltr'>πρό-</span> 
     </span>
    </p>
   </div>
   <div class='ocr_carea' id='block_1_106' title="bbox 261 5662 1945 5740">
    <p class='ocr_par' dir='ltr' id='par_1_106' title="bbox 261 5662 1945 5740">
     <span class='ocr_line' id='line_1_106' title="bbox 261 5662 1945 5740; baseline 0.002 -22"><span class='ocrx_word' id='word_1_686' title='bbox 261 5685 464 5735; x_wconf 70' lang='grc' dir='ltr'>χενσα,</span> <span class='ocrx_word' id='word_1_687' title='bbox 496 5666 525 5720; x_wconf 91' lang='grc' dir='ltr'><strong>’ὀ</strong></span> <span class='ocrx_word' id='word_1_688' title='bbox 558 5664 677 5721; x_wconf 74' lang='grc' dir='ltr'>ἐστι</span> <span class='ocrx_word' id='word_1_689' title='bbox 712 5665 848 5739; x_wconf 78' lang='grc' dir='ltr'>μετὰ</span> <span class='ocrx_word' id='word_1_690' title='bbox 877 5666 1182 5740; x_wconf 84' lang='grc' dir='ltr'>στασίματα</span> <span class='ocrx_word' id='word_1_691' title='bbox 1211 5688 1224 5702; x_wconf 89' lang='grc'><strong>·</strong></span> <span class='ocrx_word' id='word_1_692' title='bbox 1258 5664 1477 5721; x_wconf 78' lang='grc' dir='ltr'>ἐκάλεσε</span> <span class='ocrx_word' id='word_1_693' title='bbox 1508 5662 1565 5720; x_wconf 69' lang='grc' dir='ltr'><strong>δὲ</strong></span> <span class='ocrx_word' id='word_1_694' title='bbox 1592 5662 1789 5726; x_wconf 79' lang='grc' dir='ltr'>αὐτοὺς</span> <span class='ocrx_word' id='word_1_695' title='bbox 1820 5665 1945 5739; x_wconf 82' lang='grc' dir='ltr'><strong>Ἀρ-</strong></span> 
     </span>
    </p>
   </div>
   <div class='ocr_carea' id='block_1_107' title="bbox 2054 4733 3709 4811">
    <p class='ocr_par' dir='ltr' id='par_1_107' title="bbox 2054 4733 3709 4811">
     <span class='ocr_line' id='line_1_107' title="bbox 2054 4733 3709 4811; baseline -0.004 -17"><span class='ocrx_word' id='word_1_696' title='bbox 2054 4739 2236 4794; x_wconf 86' lang='lat' dir='ltr'><strong>oravit</strong></span> <span class='ocrx_word' id='word_1_697' title='bbox 2268 4738 2394 4811; x_wconf 90' lang='lat' dir='ltr'><strong>ipse</strong></span> <span class='ocrx_word' id='word_1_698' title='bbox 2425 4738 2652 4802; x_wconf 86' lang='lat' dir='ltr'><strong>Conon;</strong></span> <span class='ocrx_word' id='word_1_699' title='bbox 2687 4736 2746 4791; x_wconf 90' lang='lat' dir='ltr'><strong>in</strong></span> <span class='ocrx_word' id='word_1_700' title='bbox 2779 4752 2894 4807; x_wconf 90' lang='lat' dir='ltr'><strong>quo</strong></span> <span class='ocrx_word' id='word_1_701' title='bbox 2927 4740 2983 4789; x_wconf 91' lang='lat' dir='ltr'><strong>et</strong></span> <span class='ocrx_word' id='word_1_702' title='bbox 3016 4733 3451 4788; x_wconf 88' lang='lat' dir='ltr'><strong>maritimorum</strong></span> <span class='ocrx_word' id='word_1_703' title='bbox 3485 4748 3709 4788; x_wconf 90' lang='lat' dir='ltr'><strong>merca-</strong></span> 
     </span>
    </p>
   </div>
   <div class='ocr_carea' id='block_1_108' title="bbox 2058 4821 3712 4894">
    <p class='ocr_par' dir='ltr' id='par_1_108' title="bbox 2058 4821 3712 4894">
     <span class='ocr_line' id='line_1_108' title="bbox 2058 4821 3712 4894; baseline -0.004 -11"><span class='ocrx_word' id='word_1_704' title='bbox 2058 4833 2250 4883; x_wconf 90' lang='lat' dir='ltr'><strong>torum</strong></span> <span class='ocrx_word' id='word_1_705' title='bbox 2285 4833 2455 4882; x_wconf 88' lang='lat' dir='ltr'><strong>antea</strong></span> <span class='ocrx_word' id='word_1_706' title='bbox 2508 4828 2697 4881; x_wconf 75' lang='lat' dir='ltr'><strong>torum</strong></span> <span class='ocrx_word' id='word_1_707' title='bbox 2731 4828 2856 4879; x_wconf 87' lang='lat' dir='ltr'><strong>erat</strong></span> <span class='ocrx_word' id='word_1_708' title='bbox 2890 4840 2903 4879; x_wconf 90' lang='lat'>:</span> <span class='ocrx_word' id='word_1_709' title='bbox 2935 4822 3171 4879; x_wconf 87' lang='lat' dir='ltr'><strong>Justino</strong></span> <span class='ocrx_word' id='word_1_710' title='bbox 3202 4838 3337 4879; x_wconf 90' lang='lat' dir='ltr'><strong>vero</strong></span> <span class='ocrx_word' id='word_1_711' title='bbox 3385 4821 3712 4894; x_wconf 87' lang='lat' dir='ltr'><strong>imperante</strong></span> 
     </span>
    </p>
   </div>
   <div class='ocr_carea' id='block_1_109' title="bbox 2057 4910 3165 4987">
    <p class='ocr_par' dir='ltr' id='par_1_109' title="bbox 2057 4910 3165 4987">
     <span class='ocr_line' id='line_1_109' title="bbox 2057 4910 3165 4987; baseline -0.005 -16"><span class='ocrx_word' id='word_1_712' title='bbox 2057 4917 2115 4971; x_wconf 92' lang='lat' dir='ltr'><strong>in</strong></span> <span class='ocrx_word' id='word_1_713' title='bbox 2147 4915 2367 4972; x_wconf 86' lang='lat' dir='ltr'><strong>Juliani</strong></span> <span class='ocrx_word' id='word_1_714' title='bbox 2400 4920 2634 4987; x_wconf 89' lang='lat' dir='ltr'><strong>portum</strong></span> <span class='ocrx_word' id='word_1_715' title='bbox 2667 4910 3020 4968; x_wconf 88' lang='lat' dir='ltr'><strong>translatum</strong></span> <span class='ocrx_word' id='word_1_716' title='bbox 3054 4917 3165 4968; x_wconf 89' lang='lat' dir='ltr'><strong>est.</strong></span> 
     </span>
    </p>
   </div>
   <div class='ocr_carea' id='block_1_110' title="bbox 2459 5009 3294 5068">
    <p class='ocr_par' dir='ltr' id='par_1_110' title="bbox 2459 5009 3294 5068">
     <span class='ocr_line' id='line_1_110' title="bbox 2459 5009 3294 5068; baseline -0.004 -1"><span class='ocrx_word' id='word_1_717' title='bbox 2459 5015 2531 5068; x_wconf 83' lang='lat' dir='ltr'><strong>De</strong></span> <span class='ocrx_word' id='word_1_718' title='bbox 2566 5010 2831 5068; x_wconf 74' lang='lat' dir='ltr'><strong>Basilidis</strong></span> <span class='ocrx_word' id='word_1_719' title='bbox 2859 5019 3039 5067; x_wconf 75' lang='lat' dir='ltr'><strong>tractu</strong></span> <span class='ocrx_word' id='word_1_720' title='bbox 3070 5027 3135 5066; x_wconf 86' lang='lat' dir='ltr'><strong>ac</strong></span> <span class='ocrx_word' id='word_1_721' title='bbox 3162 5009 3294 5065; x_wconf 76' lang='lat' dir='ltr'><strong>aede.</strong></span> 
     </span>
    </p>
   </div>
   <div class='ocr_carea' id='block_1_111' title="bbox 2125 5093 3715 5171">
    <p class='ocr_par' dir='ltr' id='par_1_111' title="bbox 2125 5093 3715 5171">
     <span class='ocr_line' id='line_1_111' title="bbox 2125 5093 3715 5171; baseline -0.005 -12"><span class='ocrx_word' id='word_1_722' title='bbox 2125 5105 2375 5159; x_wconf 88' lang='lat' dir='ltr'><strong>Tractus</strong></span> <span class='ocrx_word' id='word_1_723' title='bbox 2424 5101 2698 5158; x_wconf 89' lang='lat' dir='ltr'><strong>Basilidis</strong></span> <span class='ocrx_word' id='word_1_724' title='bbox 2755 5100 2973 5171; x_wconf 90' lang='lat' dir='ltr'><strong>dictus,</strong></span> <span class='ocrx_word' id='word_1_725' title='bbox 3006 5100 3219 5156; x_wconf 92' lang='lat' dir='ltr'><strong>domus</strong></span> <span class='ocrx_word' id='word_1_726' title='bbox 3267 5100 3393 5154; x_wconf 90' lang='lat' dir='ltr'><strong>erat</strong></span> <span class='ocrx_word' id='word_1_727' title='bbox 3439 5093 3715 5151; x_wconf 87' lang='lat' dir='ltr'><strong>Basilidis</strong></span> 
     </span>
    </p>
   </div>
   <div class='ocr_carea' id='block_1_112' title="bbox 2057 5184 3325 5266">
    <p class='ocr_par' dir='ltr' id='par_1_112' title="bbox 2057 5184 3325 5266">
     <span class='ocr_line' id='line_1_112' title="bbox 2057 5184 3325 5266; baseline -0.009 -18"><span class='ocrx_word' id='word_1_728' title='bbox 2057 5191 2287 5266; x_wconf 89' lang='lat' dir='ltr'><strong>patricii</strong></span> <span class='ocrx_word' id='word_1_729' title='bbox 2322 5197 2378 5247; x_wconf 86' lang='lat' dir='ltr'><strong>et</strong></span> <span class='ocrx_word' id='word_1_730' title='bbox 2411 5189 2721 5262; x_wconf 77' lang='lat' dir='ltr'><strong>qumstoris</strong></span> <span class='ocrx_word' id='word_1_731' title='bbox 2752 5187 3079 5245; x_wconf 86' lang='lat' dir='ltr'><strong>Justiniani</strong></span> <span class='ocrx_word' id='word_1_732' title='bbox 3112 5184 3325 5255; x_wconf 80' lang='lat' dir='ltr'><strong>Magni.</strong></span> 
     </span>
    </p>
   </div>
   <div class='ocr_carea' id='block_1_113' title="bbox 2651 5304 3110 5361">
    <p class='ocr_par' dir='ltr' id='par_1_113' title="bbox 2651 5304 3110 5361">
     <span class='ocr_line' id='line_1_113' title="bbox 2651 5304 3110 5361; baseline -0.011 -1"><span class='ocrx_word' id='word_1_733' title='bbox 2651 5308 2724 5361; x_wconf 85' lang='lat' dir='ltr'><strong>De</strong></span> <span class='ocrx_word' id='word_1_734' title='bbox 2764 5304 3110 5361; x_wconf 74' lang='lat' dir='ltr'><strong>Arcadianis.</strong></span> 
     </span>
    </p>
   </div>
   <div class='ocr_carea' id='block_1_114' title="bbox 2130 5384 3719 5451">
    <p class='ocr_par' dir='ltr' id='par_1_114' title="bbox 2130 5384 3719 5451">
     <span class='ocr_line' id='line_1_114' title="bbox 2130 5384 3719 5451; baseline -0.008 0"><span class='ocrx_word' id='word_1_735' title='bbox 2130 5394 2444 5451; x_wconf 84' lang='lat' dir='ltr'><strong>Ecclesiam</strong></span> <span class='ocrx_word' id='word_1_736' title='bbox 2477 5396 2535 5450; x_wconf 91' lang='lat' dir='ltr'><strong>S.</strong></span> <span class='ocrx_word' id='word_1_737' title='bbox 2566 5392 2815 5450; x_wconf 86' lang='lat' dir='ltr'><strong>Joannis</strong></span> <span class='ocrx_word' id='word_1_738' title='bbox 2858 5390 3193 5446; x_wconf 70' lang='lat' dir='ltr'><strong>Arcadianae</strong></span> <span class='ocrx_word' id='word_1_739' title='bbox 3232 5388 3498 5443; x_wconf 89' lang='lat' dir='ltr'><strong>vocatam</strong></span> <span class='ocrx_word' id='word_1_740' title='bbox 3532 5384 3719 5441; x_wconf 68' lang='lat' dir='ltr'><strong>aediﬁ-</strong></span> 
     </span>
    </p>
   </div>
   <div class='ocr_carea' id='block_1_115' title="bbox 2058 5474 3715 5555">
    <p class='ocr_par' dir='ltr' id='par_1_115' title="bbox 2058 5474 3715 5555">
     <span class='ocr_line' id='line_1_115' title="bbox 2058 5474 3715 5555; baseline -0.007 -15"><span class='ocrx_word' id='word_1_741' title='bbox 2058 5484 2211 5540; x_wconf 87' lang='lat' dir='ltr'><strong>cavit</strong></span> <span class='ocrx_word' id='word_1_742' title='bbox 2233 5482 2655 5555; x_wconf 84' lang='lat' dir='ltr'><strong>Arcadius,qui</strong></span> <span class='ocrx_word' id='word_1_743' title='bbox 2677 5498 2775 5538; x_wconf 84' lang='lat' dir='ltr'><strong>sex</strong></span> <span class='ocrx_word' id='word_1_744' title='bbox 2798 5478 2984 5534; x_wconf 89' lang='lat' dir='ltr'><strong>millia</strong></span> <span class='ocrx_word' id='word_1_745' title='bbox 3006 5478 3219 5533; x_wconf 90' lang='lat' dir='ltr'><strong>civium</strong></span> <span class='ocrx_word' id='word_1_746' title='bbox 3246 5476 3314 5532; x_wconf 91' lang='lat' dir='ltr'><strong>ad</strong></span> <span class='ocrx_word' id='word_1_747' title='bbox 3340 5474 3715 5548; x_wconf 88' lang='lat' dir='ltr'><strong>obsequium,</strong></span> 
     </span>
    </p>
   </div>
   <div class='ocr_carea' id='block_1_116' title="bbox 2057 5561 3714 5645">
    <p class='ocr_par' dir='ltr' id='par_1_116' title="bbox 2057 5561 3714 5645">
     <span class='ocr_line' id='line_1_116' title="bbox 2057 5561 3714 5645; baseline -0.008 -15"><span class='ocrx_word' id='word_1_748' title='bbox 2057 5576 2114 5630; x_wconf 89' lang='lat' dir='ltr'><strong>id</strong></span> <span class='ocrx_word' id='word_1_749' title='bbox 2148 5579 2258 5641; x_wconf 88' lang='lat' dir='ltr'><strong>est,</strong></span> <span class='ocrx_word' id='word_1_750' title='bbox 2293 5574 2364 5629; x_wconf 90' lang='lat' dir='ltr'><strong>ad</strong></span> <span class='ocrx_word' id='word_1_751' title='bbox 2415 5573 2845 5645; x_wconf 83' lang='lat' dir='ltr'><strong>processionem</strong></span> <span class='ocrx_word' id='word_1_752' title='bbox 2900 5570 3034 5639; x_wconf 88' lang='lat' dir='ltr'><strong>post</strong></span> <span class='ocrx_word' id='word_1_753' title='bbox 3065 5566 3351 5622; x_wconf 87' lang='lat' dir='ltr'><strong>stationes</strong></span> <span class='ocrx_word' id='word_1_754' title='bbox 3401 5564 3523 5621; x_wconf 81' lang='lat' dir='ltr'><strong>ﬁeri</strong></span> <span class='ocrx_word' id='word_1_755' title='bbox 3574 5561 3714 5619; x_wconf 91' lang='lat' dir='ltr'><strong>soli-</strong></span> 
     </span>
    </p>
   </div>
   <div class='ocr_carea' id='block_1_117' title="bbox 2059 5651 3712 5732">
    <p class='ocr_par' dir='ltr' id='par_1_117' title="bbox 2059 5651 3712 5732">
     <span class='ocr_line' id='line_1_117' title="bbox 2059 5651 3712 5732; baseline -0.007 -11"><span class='ocrx_word' id='word_1_756' title='bbox 2059 5670 2209 5732; x_wconf 85' lang='lat' dir='ltr'><strong>tam,</strong></span> <span class='ocrx_word' id='word_1_757' title='bbox 2242 5662 2353 5718; x_wconf 89' lang='lat' dir='ltr'><strong>sibi</strong></span> <span class='ocrx_word' id='word_1_758' title='bbox 2403 5661 2880 5732; x_wconf 86' lang='lat' dir='ltr'><strong>adlegit,eosque</strong></span> <span class='ocrx_word' id='word_1_759' title='bbox 2928 5654 3283 5712; x_wconf 84' lang='lat' dir='ltr'><strong>Arcadianos</strong></span> <span class='ocrx_word' id='word_1_760' title='bbox 3331 5651 3712 5726; x_wconf 79' lang='lat' dir='ltr'><strong>nuncupavit,</strong></span> 
     </span>
    </p>
   </div>
  </div>
