4060 6214
300 314 456 374 198Ί

1438 319 1800 381 ANONYMI
1843 319 2426 392 ANTIQUITATES
2472 321 2589 381 ΟΡ.

3571 317 3729 377 1238

300 443 534 508 πίστεως
586 446 895 518 ἀνάστασιν,
927 449 963 520 ἢ
1013 445 1103 503 διᾶ
1147 450 1211 505 τὸ
1256 454 1485 524 γυναῖκα
1527 451 1805 525 ἐγκύμονα
1851 472 1940 505 πε-

2063 457 2329 509 vocatam
2375 454 2556 509 fuisse
2587 454 2761 520 dicit;
2793 451 2915 508 sive
2966 454 3201 523 propter
3246 452 3414 505 rectae
3446 449 3581 505 fidei
3630 452 3727 506 in-

298 538 492 589 σοῦσαν
561 534 919 608 τελευτῆσαι,
968 544 1160 609 κοινῆς
1213 535 1272 594 δὲ
1324 540 1431 596 ὑπὸ
1485 544 1592 595 τῶν
1654 538 1959 617 ὀρθοδόξων

298 625 589 701 γενομένης
619 626 793 701 εὐχῆς
825 626 1041 698 ἀνέστη.

417 908 422 914 ἡ
736 823 870 909 Περὶ
898 827 1000 889 τῆς
1028 810 1219 901 ’Λγίας
1250 824 1520 900 Εἰρήνης.

366 914 429 977 Ἦ
476 919 669 996 πρώην
724 918 782 977 δὲ
831 920 1097 994 ἐκκλησία
1146 919 1367 998 ἢἋγία
1415 924 1625 1000 Εἰρήνη
1672 922 1957 981 εἰδωλεῖον

295 1008 563 1085 ὑπῆρχεν.
615 1011 901 1087 Ἀνήγειρε
954 1009 1013 1067 δὲ
1058 1014 1086 1067 ὁ
1133 1013 1294 1076 αὐτὸς
1350 1011 1500 1075 ὅσιος
1550 1014 1658 1068 καῖ’
1688 1014 1752 1069 τὸ
1801 1034 1957 1069 νοσο-

288 1104 539 1171 κομεῖον,
564 1100 626 1154 τὸ
656 1098 708 1155 ἐν
742 1100 810 1175 τῇ
841 1094 1003 1176 Ἀγίᾳ
1029 1099 1236 1177 Εέρήνῃ
1263 1096 1344 1158 ὅν.

453 1207 582 1280 Περί
611 1207 710 1259 τοῦ
739 1207 869 1289 ναοῦ
900 1204 1003 1276 τῆς
1034 1204 1302 1262 Θεοτόκου
1333 1206 1397 1263 τὸ
1428 1192 1781 1280 Καραδίτζιν.

300 1366 309 1381 1
360 1296 434 1356 Τὸ
487 1296 544 1356 δῖ
592 1295 924 1379 Καραϐίτζιν
964 1306 1065 1374 τήν
1120 1290 1411 1381 ὑπεραγίαν
1463 1302 1729 1361 Θεοτόκον
1783 1303 1959 1361 ἔκτισε

288 1378 527 1465 Μιχαὴλ
582 1382 610 1446 ὃ
674 1378 1007 1469 ἆναιρεθεὶςὶ
1048 1392 1150 1449 ὑπὸ
1224 1378 1536 1453 Βασιλείου.
1599 1394 1843 1465 Ἐκλήθη
1901 1390 1957 1450 δὲ

288 1476 462 1541 οὕτως
514 1475 603 1534 διὰ
650 1478 907 1551 τοιαύτην
961 1480 1159 1540 αἰτίαν.
1212 1474 1371 1556 Χήρα
1422 1484 1560 1558 γυνή
1609 1482 1677 1552 ἦν
1722 1478 1774 1537 ἐν
1837 1489 1956 1547 τοῖς

290 1565 520 1642 χρόνοις
578 1567 849 1644 Θεοφίλου
902 1564 1000 1625 τοῖ’)
1051 1571 1256 1647 πατρὸς
1303 1571 1493 1640 αὐτοῦ,
1527 1573 1554 1626 ὁ
1614 1569 1670 1627 δὲ
1718 1572 1956 1648 πραιπό-

293 1677 448 1719 σιτος
497 1661 596 1740 τοῦ
653 1657 925 1737 Θεοφίλου
984 1659 1214 1733 ὀνόματι
1273 1663 1611 1739 Νικηφόρος,
1672 1664 1958 1742 ἀφήρπασε

287 1742 637 1823 πουμπάρίαν
692 1754 792 1817 τῆς
847 1744 1030 1823 χήρας
1091 1745 1394 1825 εὖμεγέθη·
1449 1750 1572 1820 ἥτις
1624 1750 1951 1829 πολλαχόσε

2069 543 2515 613 stadrationem,
2550 541 2667 598 sive
2700 542 2861 613 quia,
2895 557 3029 595 cum
3062 537 3325 610 collapsa
3356 537 3569 593 mulier
3604 544 3727 595 ute-

2068 646 2200 686 rum
2240 637 2478 701 gestans
2526 629 2814 686 exstincta
2862 632 3037 697 esset,
3070 625 3490 683 communibus
3520 626 3724 681 ortho-

2069 719 2355 775 doxorum
2386 719 2661 791 precibus
2694 717 2919 774 revixit.

2644 831 2728 881 De
2754 833 2946 880 sancta
2974 825 3151 880 Irene.

2140 924 2396 979 Ecclesia
2418 924 2644 980 Sanctae
2667 930 2865 979 Irenes
2886 926 3061 978 antea
3088 920 3384 976 idolorum
3417 918 3727 974 delubrum

2068 1016 2213 1067 erat.
2247 1012 2407 1068 Idem
2441 1018 2637 1068 autem
2683 1016 2924 1067 sanctus
2973 1009 3307 1065 Marcianus
3355 1008 3640 1063 exstruxit
3670 1012 3726 1063 et

2068 1102 2497 1170 nosocomium,
2530 1103 2685 1173 quod
2735 1101 2885 1173 apud
2922 1101 3199 1155 Sanctam
3231 1102 3457 1153 Irenem
3490 1096 3721 1152 visitur-

2191 1213 2272 1264 De
2302 1210 2545 1265 Ecclesia
2573 1210 2628 1265 S.
2662 1210 2909 1281 Deiparae
2943 1206 3258 1263 Carabilm’n
3291 1204 3585 1276 appellata.

2137 1306 2458 1363 Ecclesiam
2491 1305 2880 1362 sanctissima:
2924 1305 3205 1376 Deiparaa,
3229 1319 3355 1375 quae
3392 1301 3717 1357 Carabitzin

2065 1400 2329 1466 vocatur,
2354 1395 2606 1451 Michael
2639 1412 2811 1467 quem
2836 1393 3090 1450 Basilius
3122 1391 3412 1448 interfecit
3433 1390 3714 1447 condidit.

2065 1486 2199 1541 Haec
2242 1501 2377 1540 vero
2424 1483 2920 1541 denominationis
2973 1499 3150 1539 causa
3196 1482 3327 1535 fuit.
3360 1480 3495 1535 Erat
3541 1479 3717 1534 vidua

2066 1576 2335 1645 quaedam
2387 1574 2497 1630 sub
2544 1571 2867 1646 Theophilo
2899 1572 3163 1643 ejusdem
3198 1568 3495 1625 Michaelis
3528 1573 3714 1640 patre,

2065 1665 2237 1734 cujus
2293 1665 2577 1735 grandem
2634 1664 2933 1718 triremem
2982 1660 3038 1715 vi
3094 1659 3390 1730 eripuerat
3444 1657 3710 1728 ejusdem

2063 1751 2370 1824 Theophili
2428 1751 2803 1825 praepositus,
2856 1748 3087 1807 nomine
3144 1746 3527 1819 Nicephorus.
3578 1746 3710 1802 Haec

289 1832 544 1915 δεηθεῖσα
591 1835 859 1915 Θεοφίλου
904 1842 1002 1893 τοῦ
1058 1828 1347 1913 βασιλέως,
1390 1838 1574 1911 ἔμενεν
1632 1828 1940 1915 ἀδιοίκητος

2055 1858 2184 1898 vero
2218 1842 2393 1897 vidua
2439 1857 2574 1897 cum
2625 1841 2841 1913 saepius
2873 1857 2942 1896 ea
2970 1840 3041 1895 de
3073 1855 3134 1894 re
3165 1839 3237 1893 ad
3288 1837 3703 1909 imperatorem

286 1906 379 1979 8ιᾶ
428 1920 491 1997 τὸ
538 1912 846 1990 κωλύεσθαι
879 1920 981 1982 ὑπδ
1006 1924 1102 1981 τοῖ’)
1151 1926 1317 1983 αὐτοῦ
1347 1926 1730 2004 πραιποσίτου.
1763 1906 1843 1990 Ἡ.
1884 1932 1941 1990 δὲ

284 2008 628 2097 ᾆπορήσασα,
691 2010 1025 2091 παρεκάλεσε
1080 2037 1229 2080 τινας
1282 2022 1390 2072 τῶν
1440 2024 1785 2094 παιγνιωτῶν
1842 2018 1940 2077 τοῦ

282 2092 697 2177 Ἱπποδρομίου,
753 2104 843 2159 καὶ
905 2100 1211 2181 ὑπέσχοντο
1270 2106 1408 2185 αὐτῇ
1476 2092 1565 2163 διᾶ
1617 2108 1763 2173 τινος
1829 2133 1940 2185 μη-

280 2190 459 2267 χανῆς
528 2184 900 2263 διοικηθῆναι.
956 2188 1290 2266 Ποιήσαντες
1351 2182 1409 2250 δὲ
1468 2197 1519 2250 οἱ
1586 2192 1747 2252 αὐτοὶ
1814 2182 1941 2253 παι-

281 2280 511 2359 γνιῶται
536 2278 885 2356 κουμπαρίαν
922 2285 1120 2359 μικρὰν
1153 2283 1203 2337 ἐν
1256 2287 1503 2360 σχήματι
1547 2285 1746 2342 πλοίου
1809 2289 1941 2362 μετᾶ

283 2366 546 2445 ἆρμένου,
589 2364 679 2451 καὶ
738 2372 916 2451 θέντες
973 2372 1144 2443 αὐτὴν
1206 2372 1295 2428 ἐπὶ
1354 2374 1566 2451 ὁιμάξης
1625 2378 1760 2448 μετὰ
1811 2398 1939 2451 τρο-

282 2458 423 2534 χῶν,
482 2450 777 2535 γενομένου
855 2442 1113 2534 ἱππικοῦ,
1162 2455 1390 2533 ἔστησαν
1470 2456 1770 2540 ἔμπροσθεν
1843 2473 1939 2522 τοῦ

286 2542 577 2622 βασιλικοῦ
630 2542 934 2631 ordinato;
1003 2544 1304 2631 φωνοῦντες
1383 2536 1658 2625 ἀλληλοις
1692 2573 1707 2588 ⁶
1750 2548 1889 2612 Χάνε
1923 2603 1936 2629 ,

279 2637 511 2692 κατάπιε
582 2628 742 2698 αὖτύ.
792 2623 907 2718 I'l‘oii‘
973 2623 1031 2695 δὲ
1101 2623 1524 2717 ἄντιλέγοντοςέ
1581 2643 1653 2698 Οὐ
1706 2623 1938 2718 δύναμαι

276 2730 441 2781 τοῦτο
484 2734 758 2797 ποιῆσαι·
816 2716 977 2784 πάλιν
1031 2724 1131 2808 ἔφη
1183 2716 1447 2806 ὂξτερος,
1480 2730 1563 2786 ὅτι
1589 2726 1649 2790 Ὁ
1703 2716 1938 2807 πραιπό-

279 2835 427 2878 σιτος
476 2815 791 2894 Νικηφόρος
835 2821 937 2883 τῆς
996 2820 1177 2894 χήρας
1224 2821 1287 2874 τὸ
1332 2817 1529 2875 πλοῖον
1587 2822 1754 2897 γέμον
1812 2844 1938 2879 κατ-

279 2903 397 2959 ἑπιε
430 2948 444 2972 ,
484 2906 573 2960 καὶ
654 2905 716 2960 σὺ
802 2907 902 2962 οὐκ
984 2906 1195 2984 ἷ’σχύεις
1255 2915 1441 2987 φαγεῖν
1497 2915 1712 2981 τοῦτο;
1761 2915 1941 2969 Ταῦτα

277 2991 500 3049 ἐποίουν
531 2994 622 3050 καὶ
675 2994 865 3070 ἔλεγον
911 2996 1052 3072 πρὸς
1108 2984 1170 3052 τὲ
1230 2984 1536 3075 φανερῶσαι
1586 3005 1665 3072 τῷ
1728 3001 1943 3075 βασιλεῖ

276 3084 402 3159 περῖ
454 3088 551 3138 τοῦ
611 3079 854 3159 καράϐου
901 3092 1002 3155 τῆς
1062 3088 1357 3165 γυναικόςε
1401 3086 1501 3142 Καὶ
1557 3089 1718 3165 γνοὺς
1772 3095 1942 3146 ταῦτα

278 3165 1298 3277 Ξβαὰσιλεὺςὰἠρώτησεν,ᾗκμήνὶωἲκ
1346 3162 1628 3248 ἓδιοικήὸη
1673 3181 1706 3247 ἠ
1766 3182 1938 3254 χήρα.

279 3261 342 3315 Ἢ
397 3261 454 3316 δὲ
503 3261 657 3339 γυνὴ,
692 3261 1069 3336 παρισταμένη
1124 3261 1385 3331 πλησίον,
1418 3263 1508 3317 καὶ
1561 3265 1799 3321 πεσοῦσα
1854 3266 1939 3321 ἐπὶ

275 3344 596 3424 πρόσωπον,
646 3340 823 3420 ἐδέετο
870 3341 991 3413 τοῦη
1023 3340 1292 3426 βασιλέως
1349 3345 1724 3423 ἐκδικηθῆναι.
1767 3348 1827 3411 Ὁ
1886 3352 1943 3410 δὲ

284 3435 539 3513 βασιλεὺς
588 3434 725 3493 πάνυ
769 3435 1037 3509 λυπηθεὶς
1085 3438 1177 3494 καί
1240 3432 1512 3517 ὀργισθεὶς
1572 3439 1793 3497 ἐκάλεσε
1846 3443 1937 3498 τὸν

281 3526 588 3603 Μυγιᾶἱριον
623 3526 918 3604 λεγόμενον
951 3528 1044 3583 τὸν
1077 3523 1325 3604 ἔπαρχον
1360 3528 1584 3602 ὀνόματι
1636 3527 1938 3604 Θεόδωρον,

278 3616 368 3689 καὶ
425 3613 636 3671 κελεύει
692 3610 1027 3697 ἄποτὲθῆναι,
1082 3614 1214 3687 ξύλα
1285 3619 1375 3673 καὶ
1454 3618 1692 3697 φρύγανα
1757 3620 1808 3675 ἐν
1867 3626 1935 3695 τῇ

284 3701 560 3781 Σφενδόνῃ
592 3749 607 3774 ,
668 3702 759 3761 καὶ
820 3696 1185 3762 συλλαϐέσθαι
1240 3706 1333 3763 τὸν
1386 3696 1745 3783 πραιπόσιτον
1780 3753 1793 3779 ,
1847 3711 1936 3765 καὶ

280 3798 476 3849 καῦσαι
531 3794 667 3868 μετὰ
710 3790 810 3865 τῆς
859 3792 1063 3865 στολῆς
1113 3790 1299 3866 αὐτοῦ,
1348 3794 1377 3851 ’ὁ
1415 3797 1503 3852 καὶ
1554 3798 1799 3874 παραυτᾶ
1845 3796 1936 3875 γέ-

275 3904 427 3956 γονε,
484 3881 572 3938 καὶ
720 3883 861 3959 γυνή
920 3878 1165 3939 ἀπέλαϐε
1228 3880 1291 3940 τὸ
1350 3882 1513 3953 ἴδιον,
1571 3887 1661 3941 καὶ
1722 3884 1780 3942 ἐκ
1837 3896 1937 3959 τῆς

279 3973 635 4035 ὑποστάσεως
664 3972 830 4028 αὐτοῦ
874 3968 972 4057 οὐκ
1022 3966 1201 4051 ὀλίγα.
1240 3974 1337 4029 Διά
1394 3972 1451 4029 δὲ
1496 3976 1558 4029 τὸ
1614 3977 1934 4049 καταμένειν

272 4061 449 4116 ἐκεῖσε
478 4060 557 4125 εἷς
597 4062 687 4117 τὸν
740 4061 847 4118 ἀπὸ
876 4058 1165 4142 Βαρόἀρου
1193 4064 1338 4119 οἶκον
1369 4068 1466 4118 τοῦ
1498 4066 1809 4140 Μαυριανοῦ
1835 4069 1933 4137 τήν

268 4156 529 4226 γυναῖκα,
555 4146 781 4215 ἰκάΛεςε
810 4146 1163 4227 Καραϐίτζιν.

270 4354 409 4428 Περὶ
483 4361 584 4424 τῆς
662 4356 849 4432 Ἀγίας
933 4355 1177 4432 Εἰρήνης
1248 4340 1352 4427 τῆς
1409 4355 1647 4421 παλαιᾶς
1698 4358 1762 4414 τὸ
1830 4366 1936 4415 Πα-

929 4448 993 4505 τρ
1004 4434 1271 4505 ιαρχεῖον.

2049 1933 2269 1988 frustra
2301 1924 2644 2003 appellaret,
2674 1929 3028 2002 impediente
3057 1944 3180 1983 eam
3208 1925 3337 1998 ipso
3370 1916 3701 1998 praeposito,

2050 2040 2121 2077 ne
2144 2022 2245 2093 jus
2276 2038 2451 2075 suum
2483 2024 2685 2076 contra
2720 2017 2919 2091 ipsum
2950 2017 3256 2085 obtineret,
3293 2015 3527 2072 tandem
3559 2030 3699 2070 con-

2050 2109 2165 2167 silii
2198 2110 2366 2183 inops
2399 2108 2471 2166 ad
2496 2108 2876 2181 Hippodromi
2912 2106 3126 2162 mimos
3156 2105 3425 2172 recurrit,
3451 2102 3536 2159 illi
3569 2120 3701 2158 vero

2050 2216 2173 2255 rem
2233 2216 2295 2254 se
2361 2204 2481 2253 arte
2548 2198 2802 2268 quadam
2872 2198 3215 2267 peracturos
3282 2192 3700 2267 promiserunt.

2049 2292 2255 2360 Itaque
2294 2287 2445 2342 facta
2493 2304 2669 2358 prava
2728 2284 2951 2341 triremi
3001 2300 3134 2339 cum
3184 2282 3428 2337 carbaso
3485 2278 3704 2352 navigii

2049 2378 2296 2433 formam
2330 2375 2660 2444 exhibente,
2693 2391 2822 2430 eam
2867 2372 3065 2428 currui
3099 2372 3241 2427 rotis
3272 2369 3560 2426 instructo
3591 2369 3705 2423 im-

2050 2466 2327 2538 positam,
2386 2481 2521 2520 cum
2580 2463 2703 2519 ludi
2752 2461 3057 2518 Circenses
3115 2462 3451 2533 agerentur,
3505 2474 3701 2513 coram

2048 2554 2425 2626 imperatoria
2458 2552 2595 2608 sede
2640 2548 3023 2618 collocarunt,
3058 2551 3305 2605 invicem
3356 2548 3704 2613 clamantes,

2047 2640 2221 2715 Aperi
2253 2659 2338 2711 os,
2372 2647 2428 2698 et
2477 2641 2699 2714 degluti
2747 2640 2934 2695 illam.
2970 2641 3236 2710 Cumque
3263 2637 3408 2693 alter
3439 2654 3499 2692 se
3529 2636 3588 2691 id
3621 2637 3705 2691 fa-

2048 2750 2175 2789 cere
2207 2749 2378 2804 posse
2433 2735 2693 2804 negaret,
2728 2747 2935 2785 rursus
2974 2728 3072 2784 ille
3103 2746 3115 2785 :
3149 2726 3508 2798 Nicephorus
3559 2742 3704 2797 prae-

2050 2822 2277 2894 positus
2309 2826 2585 2877 onustam
2618 2818 2804 2875 viduae
2837 2818 3137 2875 triremem
3170 2814 3459 2889 deglutire
3489 2814 3702 2887 potuit,

2049 2920 2102 2967 et
2132 2916 2191 2966 tu
2228 2928 2299 2965 ne
2334 2910 2619 2965 lantillam
2663 2908 2941 2980 quidem?
2985 2908 3116 2962 Haec
3166 2909 3415 2979 egerunt
3443 2922 3511 2961 ac
3541 2902 3703 2961 dixe-

2050 3005 2188 3056 runt
2219 3003 2283 3054 ut
2312 3000 2724 3070 imperatorem
2757 2998 2827 3052 de
2857 2996 3042 3052 viduae
3076 2997 3287 3051 carabo
3324 2994 3443 3051 sive
3471 2993 3699 3049 triremi

2048 3090 2351 3145 certiorem
2384 3089 2659 3145 facerent.
2684 3088 2820 3151 Quae
2854 3086 2950 3141 ubi
2984 3084 3217 3140 rescivit
3248 3084 3586 3156 imperator,
3616 3082 3704 3137 in-

2050 3177 2384 3250 terrogavit,
2421 3194 2491 3230 an
2544 3174 2802 3230 nondum
2829 3174 2930 3243 jus
2972 3187 3146 3227 suum
3178 3170 3350 3225 Vidua
3399 3166 3502 3224 illa
3549 3160 3701 3224 obti-

2055 3266 2324 3323 nuisset?
2357 3263 2566 3321 Mulier
2603 3268 2798 3319 autem
2846 3261 3108 3334 proxime
3154 3264 3376 3329 astans,
3409 3257 3587 3329 super
3619 3258 3704 3312 fa-

2051 3358 2195 3413 ciem
2240 3354 2512 3427 prolapsa
2561 3350 2844 3408 ultionem
2900 3349 2972 3405 ab
3023 3342 3375 3421 imperatore
3425 3340 3702 3418 postulat.

2050 3448 2379 3517 Imperator
2428 3461 2560 3498 vero
2602 3439 2771 3497 valde
2804 3443 3073 3504 maestus,
3107 3441 3164 3493 et
3211 3437 3283 3492 ad
3334 3434 3706 3491 iracundiam

2050 3539 2396 3607 provocatus
2437 3534 2679 3587 advocat
2707 3529 3081 3585 Theodorum
3118 3526 3457 3598 praefectum
3489 3528 3706 3596 cdgnoé

2050 3624 2206 3679 mine
2236 3620 2581 3694 Mygiarium
2616 3636 2680 3675 ac
2704 3617 2894 3689 jubet,
2929 3621 2995 3671 ut
3024 3613 3185 3687 ligna
3214 3631 3278 3670 ac
3307 3618 3610 3670 sarmenta
3639 3613 3698 3667 in

2047 3712 2390 3785 sphendone
2435 3713 2729 3781 congerat,
2764 3704 3374 3777 comprehensumque
3422 3702 3698 3775 praeposi-

2045 3807 2171 3856 tum
2207 3799 2326 3872 igni
2361 3800 2613 3856 traderet
2657 3796 2920 3852 vestibus
2971 3794 3277 3861 indutum;
3328 3792 3485 3865 quod
3535 3787 3698 3846 nulla

2045 3889 2394 3962 interposita
2412 3905 2578 3943 mora
2600 3891 2897 3959 peractum
2917 3887 3005 3939 est
3021 3901 3034 3938 :
3051 3883 3377 3953 mulierque
3396 3880 3695 3953 propriam

2045 3997 2251 4035 navem
2285 3979 2523 4051 recepit,
2558 3994 2623 4033 ac
2663 3977 2904 4047 insuper
2933 3991 3001 4029 ex
3030 3973 3200 4029 bonis
3249 3971 3547 4043 praepositi
3579 3987 3694 4026 non

2045 4086 2254 4141 pauca.
2285 4072 2562 4123 Caeterum
2596 4066 2734 4122 inde
2764 4082 2889 4120 eam
2933 4062 3114 4117 aedem
3145 4060 3473 4117 Carabitzin
3505 4059 3699 4141 appel-

2044 4139 2203 4225 iavil,
2235 4157 2386 4229 quod
2422 4155 2635 4211 mulier
2686 4154 2787 4209 illa
2827 4153 3049 4208 ibidem
3082 4152 3321 4206 domum
3369 4139 3604 4203 Barbari
3636 4149 3695 4205 in

2041 4246 2326 4303 Mauriani
2358 4250 2549 4301 tractu
2580 4244 2893 4299 habitaret.

2114 4371 2193 4421 De
2220 4363 2453 4419 ecclesia
2485 4362 2705 4417 Sanctae
2736 4364 2923 4416 [renes
2953 4358 3184 4485 (tmtiqua
3208 4352 3625 4410 Patriarchium

2691 4446 2953 4485 nuncuna
2979 4446 3033 4484 α.

2691 4446 3033 4502 nuncupata.

345 4534 636 4607 Ἀνήγειρε
676 4502 734 4589 Si
778 4534 878 4632 τὴν
931 4502 1388 4632 ’ᾸγίανἘἷ’ρήνην
1430 4537 1529 4605 τήν
1573 4535 1810 4592 παλαιὰν
1868 4540 1931 4594 τὸ

2111 4541 2428 4598 Ecclesiam
2454 4539 2758 4610 antiquam
2786 4538 3008 4592 Sanctis
3040 4535 3237 4590 Irenes
3261 4531 3690 4588 Patriarchium

271 4624 729 4697 ΙΙατριαρχεῖον,
779 4622 870 4677 καὶ
939 4624 1038 4692 τὴν
1105 4622 1295 4698 Ἁγίαν
1380 4626 1633 4703 Σοφίαν,
1691 4626 1779 4681 καὶ
1835 4629 1925 4683 τὸν

292 4714 463 4784 Αγιον
524 4710 920 4786 Ἀγαθόνικον,
979 4712 1068 4766 καὶ
1134 4711 1226 4766 τὸν
1278 4714 1467 4789 ’Ἁγιον
1521 4713 1766 4770 ’Δκάκιον
1837 4716 1931 4771 τὸν

262 4797 514 4869 πλησίον
572 4804 682 4854 τῶν
742 4799 1059 4872 οἷκημάτων
1112 4804 1210 4855 τοῦ
1268 4799 1526 4876 Μεγάλου
1583 4805 1929 4860 Κωνσταντί-

264 4908 389 4949 νος.
425 4886 570 4949 Τοὺς
619 4885 677 4943 δὲ
725 4888 942 4963 Ἀγίους
977 4886 1351 4952 Ἀποστόλους
1400 4886 1604 4947 ἔκτισεν
1655 4895 1689 4962 ἡ
1743 4896 1926 4971 μήτηρ

266 4974 442 5028 αὐτοῦ
499 4974 694 5046 Ἐλὲνη
772 4976 865 5031 σὺν
954 4977 1151 5048 αὐτῷ,
1210 4975 1479 5053 δρομικήν
1557 4980 1875 5057 ξυλόστεγον
1913 5025 1927 5041 .

265 5062 541 5133 έΕποίησε
596 5061 655 5120 δὲ
702 5065 792 5119 καὶ
848 5064 940 5119 σὺν
1000 5065 1147 5139 αύτῷ
1190 5066 1557 5141 μνημοθέσιον
1614 5074 1721 5126 τῶν
1776 5072 1926 5146 βασι.

267 5149 445 5225 λέων,
478 5150 531 5208 ἐν
572 5153 618 5225 ᾧ
644 5154 732 5209 καὶ
768 5153 926 5216 αὐτὸς
955 5152 1133 5225 ἐτέθη.

798 5359 932 5435 Περὶ
961 5358 1028 5415 τὰ
1068 5365 1399 5437 Καρπιανοῦ.

344 5465 463 5517 Ὅτι
519 5462 586 5518 τὰ
637 5471 946 5541 Καρπιανοῢ
1032 5467 1286 5545 ἀνήγειρε
1353 5470 1663 5544 Καρπιανὸς
1734 5478 1926 5545 πατρι-

260 5570 417 5619 κιοςδ
477 5550 529 5606 ἓν
605 5560 728 5617 τοῖς
803 5557 1029 5632 χρόνοιά
1114 5559 1545 5632 Κωνσταντίνου,
1596 5560 1715 5615 υἱοῦ
1762 5561 1926 5637 Ἡρα-Α

256 5638 486 5713 κλείου,
508 5645 607 5698 τοῦ
643 5646 1008 5718 Πωγωνάτου.

2038 4631 2417 4704 appellatam,
2450 4630 2587 4684 item
2639 4626 2926 4698 templum
2972 4628 3196 4679 Sancta;
3243 4620 3473 4694 Sophia:
3524 4628 3582 4678 et
3627 4622 3685 4677 S.

2037 4718 2406 4792 Agathonici,
2452 4734 2677 4772 necnon
2708 4720 2763 4771 S.
2796 4714 3015 4784 Acacii,
3050 4713 3205 4785 quod
3246 4711 3507 4784 proxime
3536 4711 3687 4767 aedes

2040 4808 2555 4865 Constantinianas
2610 4805 2842 4867 visitur,
2902 4804 3027 4875 ipse
3083 4802 3255 4857 divus
3311 4816 3378 4856 ac
3434 4807 3734 4872 magnus‘

2041 4896 2459 4954 Constantinus
2499 4894 2794 4950 excitavit.
2825 4894 3132 4964 Templum
3165 4908 3297 4946 vero
3339 4893 3687 4945 Sanctorum

2041 4985 2449 5058 Apostolorum
2501 5000 2621 5038 una
2678 4999 2812 5037 cum
2869 4982 2997 5053 ipso
3046 4986 3236 5036 mater
3293 4979 3420 5049 ejus
3475 4978 3689 5034 Helena

2039 5075 2345 5143 exstruxit,
2382 5074 2570 5128 forma
2613 5071 2864 5142 oblonga
2895 5075 2951 5126 et
2980 5073 3128 5125 tecto
3177 5068 3366 5138 ligneo
3398 5072 3689 5138 opertum.

2038 5165 2181 5220 Item
2230 5166 2681 5218 monumentum
2732 5159 3179 5232 imperatorum,
3213 5156 3270 5209 in
3321 5170 3437 5224 quo
3470 5158 3527 5209 et
3565 5153 3694 5227 ipse

2040 5250 2311 5305 conditus
2342 5254 2450 5305 est.

2253 5368 2327 5423 De
2354 5365 2472 5424 aede
2506 5382 2598 5421 seu
2627 5372 2811 5422 tractu
2836 5361 3106 5432 Carpiam‘
3133 5358 3474 5428 cognomine.

2109 5473 2310 5529 zEdem
2356 5489 2457 5528 seu
2497 5475 2751 5527 tractum
2803 5465 3071 5538 Carpiani
3120 5464 3319 5521 condit
3364 5464 3688 5535 Carpianus

2037 5562 2340 5634 patricius,
2388 5566 2650 5632 tempore
2680 5555 3051 5615 Constantini
3100 5554 3396 5626 Pogonati,
3437 5552 3683 5609 Heraclii

2036 5650 2161 5707 filii.
