4060 6214
332 276 493 339 1239

688 408 764 463 De
790 407 1018 465 ecclesia
1046 425 1168 480 qua:
1199 411 1356 466 Bassi
1387 418 1628 466 vocatur.

405 495 730 553 Ecclesium
780 498 1129 569 cognomine
1178 498 1363 567 Bassi,
1416 500 1635 555 Bassus
1685 497 1988 571 patrioius,

337 603 476 644 cum
525 587 736 641 domus
784 585 975 657 ipsius
1033 586 1112 641 ibi
1176 592 1350 657 esset,
1413 588 1676 643 condidit
1731 591 1990 658 tempore

337 675 664 733 Iustiniani
704 673 919 746 Magni.
953 675 1100 730 Huic
1141 674 1444 748 indignata
1474 676 1781 732 Theodore.
1809 676 1991 747 impe-

339 764 552 821 ratoris
588 780 731 820 uxor
760 763 978 819 chorda
1020 768 1198 835 caput
1238 766 1366 835 ejus
1416 766 1740 835 constringi
1782 765 1988 837 jussit,

338 854 423 911 ita
452 858 517 910 ut
546 853 698 911 oculi
729 855 858 925 ejus
887 852 1197 909 exilicrint.

874 1032 947 1085 De
977 1031 1178 1088 Sancto
1206 1035 1468 1090 Artemio.

408 1120 717 1191 Templum
751 1119 807 1174 S.
841 1119 1083 1176 Joannis
1115 1122 1498 1177 Praacursoris
1537 1122 1818 1178 condidit.
1853 1123 1993 1176 Ana-

336 1210 558 1266 stasius
626 1208 871 1264 Dicorus
939 1208 1312 1267 Silentiarius
1380 1211 1798 1282 Dyrrachinus.
1868 1210 1991 1267 Illic

334 1298 518 1365 enim,
558 1313 690 1353 cum
722 1295 948 1368 primus
980 1315 1014 1352 a
1044 1299 1284 1355 secretis
1316 1299 1511 1355 adhuc
1551 1304 1726 1363 esset,
1760 1298 1990 1354 habita-

333 1387 459 1443 bat.
490 1387 813 1458 Postquam
846 1402 981 1442 vero
1024 1386 1283 1459 reliquiae
1332 1389 1391 1443 S.
1427 1387 1668 1443 Artemii
1700 1404 1766 1442 eo
1797 1392 1989 1443 trans-

335 1476 468 1532 lata:
528 1477 765 1531 fuerunt
823 1491 1036 1531 nomen
1089 1476 1148 1531 S.
1200 1478 1445 1533 Artemii
1497 1477 1785 1549 templum
1844 1476 1988 1532 illud

340 1563 616 1622 obtinuit.

502 1677 580 1728 De
608 1672 811 1745 templo
840 1673 897 1729 S.
929 1674 1184 1745 Procopii
1215 1673 1467 1731 Chelonen
1495 1675 1831 1744 nuncupata.

410 1832 477 1889 In
518 1832 724 1889 eodem
773 1831 994 1905 templo
1042 1833 1241 1889 Sancti
1295 1833 1556 1906 Procopii
1588 1832 1856 1889 Chelones
1885 1847 1984 1887 co-

336 1921 680 1994 gnominato
720 1922 1031 1991 cujusdam
1082 1922 1337 1978 eunuchi
1371 1926 1569 1979 statua
1615 1927 1807 1978 erecta
1854 1921 1984 1988 fuit,

1274 278 1671 339 APPENDlX
1714 280 1816 338 AD
1864 275 2322 339 MICHAELEM
2369 276 2757 339 PSELLUM.

1964 434 1971 441 θ
2015 409 2069 475 Α

2018 1779 2067 1844 Β

3594 276 3749 337 1240

2650 407 2785 482 Περὶ
2813 409 2920 460 τῶν
2952 401 3188 462 Βάσσου.

2171 496 2246 549 Τὰ
2294 493 2348 550 δὲ
2397 498 2608 551 Βάσσου
2659 496 2907 571 ἀνήγειρε
2955 493 3162 557 Βάσσος
3220 494 3528 571 πατρίκιος,
3567 493 3755 563 ἐπειδὴ

2100 584 2250 646 οἶκος
2310 583 2474 639 αὐτοῦ
2524 584 2614 653 ἦν,
2649 583 2700 639 ἐν
2748 589 2869 645 τοῖς
2915 583 3141 659 χρόνοις
3180 588 3277 637 τοῦ
3324 583 3583 657 Μεγάλου
3616 585 3756 639 Ἰουο

2100 677 2388 729 στινιανοῦ.
2418 672 2512 737 Εἷς
2560 672 2759 749 ἔχθραν
2810 671 3043 736 ἐλθοῦσα
3094 673 3207 746 μετ’
3255 673 3421 727 αὐτοῦ
3468 677 3565 727 τοῦ
3616 672 3756 729 Βάσ-

2102 781 2195 814 σου
2223 758 2475 837 Θεοδώρα
2504 764 2537 830 ἡ
2568 762 2704 836 γυνὴ
2768 759 3038 836 βασιλέως
3084 756 3295 838 ἔσφιγξε
3342 762 3442 829 τήν
3504 758 3754 835 κεφαλὴν

2102 848 2264 903 αὐτοῦ
2342 850 2474 923 μετὰ
2550 846 2789 926 κόρδας,
2847 851 2936 905 καὶ
3017 847 3353 921 ἐξεπήδησαν
3428 851 3481 905 0i.
3556 850 3755 905 τούτου

2100 937 2377 1015 ὀφθαλμοί
2392 983 2403 996 .

2514 1028 2645 1102 Περὶ
2674 1032 2771 1082 τοῦ
2801 1025 2988 1102 ’Λγίου
3019 1027 3329 1103 Ἀρτεμίου.

2169 1117 2269 1170 Τὸν
2332 1113 2389 1170 δὲ
2443 1116 2568 1170 ναὸν
2626 1120 2723 1170 τοῦ
2780 1113 3113 1191 Προδρόμου
3170 1115 3447 1191 ἀνήγειρεν
3497 1117 3758 1173 Ἀναστὰ-

2102 1226 2215 1267 σιος
2267 1206 2294 1259 6
2344 1205 2593 1281 Δίκορος,
2629 1206 2657 1259 6
2702 1204 2807 1259 ἀπὸ
2840 1204 3219 1281 σελεντιαρίων
3275 1206 3303 1259 6
3364 1204 3755 1280 Δυρέαχίτης·

2101 1290 2254 1356 ὄντος
2301 1294 2401 1369 γὰρ
2445 1293 2609 1348 αὐτοῦ
2665 1297 3144 1369 πρωτοασεκρῆτις
3203 1292 3371 1347 ἐκεῖσε
3419 1291 3571 1365 ᾤκει.
3606 1294 3763 1350 Μετὰ

2101 1379 2248 1437 δὲτὸ
2291 1386 2623 1455 κομισθῆναι
2679 1383 2740 1437 τὸ
2799 1380 3053 1455 λείψανον
3113 1386 3209 1437 τοῦ
3250 1383 3410 1457 ἁγίου
3441 1382 3757 1457 Ἀρτεμίου,

2101 1470 2394 1545 ὠνομάσθη
2429 1472 2455 1525 ὁ
2487 1472 2610 1533 ναὸς
2637 1475 2733 1526 τοῦ
2766 1471 3080 1547 Ἀρτεμίου.

2100 1667 2228 1743 Περὶ
2313 1673 2409 1724 τοῦ
2482 1672 2612 1723 ναοῦ
2682 1668 3023 1744 τοῦ-Ἁγίου
3104 1666 3416 1744 Ιῐροκοπίου
3483 1674 3582 1737 τῆς
3650 1673 3759 1722 Χε-

2808 1740 2958 1811 λώνή
2969 1764 3012 1804 ς.

2166 1831 2288 1887 ’Ότι
2320 1827 2371 1884 ἐν
2402 1834 2483 1902 τῷ
2513 1829 2661 1902 αὐτῷ
2706 1834 2821 1902 ναῷ
2863 1836 2965 1899 τῆς
3014 1826 3302 1899 Χελώνης,
3335 1830 3515 1899 στήλη
3560 1826 3761 1884 ἵστατο

2097 1918 2363 1993 εὐνούχου
2412 1918 2586 1991 τινὸς,
2722 1918 2772 1973 ἐν
2831 1922 2911 1990 τῷ
2960 1919 3145 1988 στήθει
3204 1915 3431 1995 ἐγράφη·
3463 1919 3520 1971 Ὀ
3580 1938 3751 1991 μετα-

333 2011 396 2066 in
443 2010 615 2081 cujus
663 2014 895 2082 pectore
936 2011 1285 2083 inscriptum
1317 2015 1444 2068 erat
1478 2028 1491 2066 :
1527 2013 1783 2082 Quisquis
1826 2012 1987 2079 signa

2118 2007 2260 2070 ςιθεὶς
2321 2006 2572 2079 θεμάτια,
2628 2011 2706 2079 τῷ
2759 2008 2952 2083 βρόχῳ
3003 2003 3396 2077 παραδοθήτω.
3440 2009 3535 2062 Ἤν
3591 2004 3649 2061 δὶ
3706 2008 3748 2076 ἡ

331 2101 542 2171 magica
586 2108 895 2155 consecrata
946 2101 1065 2155 loco
1106 2101 1357 2167 moverit,
1393 2102 1587 2172 laqueo
1631 2103 1984 2172 prae/ocatur.

332 2189 471 2245 Erat
498 2192 695 2243 autem
743 2191 934 2244 statua
964 2188 1225 2244 Platonis
1274 2187 1643 2257 cubicularii,
1677 2188 1778 2257 qui
1826 2187 1987 2244 Basi-

331 2274 462 2333 lisci
511 2276 883 2350 imperatoris
930 2276 1298 2349 temporibus
1329 2277 1497 2332 vivus
1547 2275 1711 2333 arsit.
1745 2275 1988 2347 Cognati

332 2382 469 2423 vero
500 2366 629 2437 ejus
661 2366 733 2423 ab
783 2366 1134 2439 imperatore
1166 2366 1483 2438 petierunt,
1516 2371 1579 2422 ut
1625 2366 1853 2422 Platoni
1888 2383 1990 2421 eu-

334 2454 530 2511 nucho
561 2458 763 2510 statua
793 2459 1128 2526 poneretur.
1158 2454 1261 2510 Ille
1297 2472 1433 2510 vero
1476 2454 1632 2510 haud
1667 2454 1987 2526 prohibuit.

335 2542 622 2599 Caeterum
645 2558 780 2597 cum
810 2542 1098 2614 templum
1130 2544 1190 2597 S.
1226 2542 1485 2614 Procopii
1520 2543 1989 2613 resadit'icaretur,

336 2632 399 2687 in
438 2631 899 2704 Hippodromum
956 2636 1153 2686 statua
1202 2630 1303 2686 illa
1350 2632 1636 2686 translata
1682 2636 1788 2687 est.
1822 2632 1991 2687 IEdes

331 2735 469 2776 vero
500 2719 693 2792 ipsius
721 2719 977 2775 eunuchi
1006 2720 1076 2774 ad
1111 2719 1455 2775 hodiernam
1490 2736 1679 2792 usque
1710 2720 1863 2775 diem
1899 2738 1993 2776 su-

334 2812 582 2883 persunt
610 2807 671 2863 in
702 2806 974 2863 Chelone.

501 2916 575 2971 De
606 2922 793 2970 sancto
822 2916 1105 2985 Procopio,
1136 2920 1188 2970 et
1220 2915 1416 2972 Sancto
1454 2917 1818 2989 Metrophane.

400 3073 718 3131 Ecclesium
762 3078 822 3130 S.
854 3076 1121 3148 Procopii
1174 3076 1231 3131 in
1281 3075 1555 3147 Chelone,
1587 3081 1644 3132 et
1690 3081 1746 3132 S.
1777 3081 1987 3133 Metro-

332 3164 546 3238 phanis
595 3163 859 3220 condidit
894 3165 1321 3221 Constantinus
1368 3166 1651 3237 Magnus;
1705 3166 1986 3222 Sanctum

330 3270 469 3311 vero
551 3253 825 3309 Acacium
891 3254 1134 3309 Cervam
1220 3262 1623 3327 nuncupatam
1706 3256 1991 3310 exstruxit

333 3343 518 3399 frater
570 3341 821 3399 Charisii
882 3343 1133 3415 patricii,
1186 3348 1449 3416 tempore
1504 3344 1723 3400 Justini
1782 3349 1838 3400 et
1893 3346 1986 3401 Ti-

335 3431 509 3488 berii.

710 3526 789 3578 De
820 3522 1016 3577 Sam-to
1046 3521 1307 3593 Procopio
1340 3521 1619 3578 Chelones.

409 3611 468 3666 S.
501 3609 846 3682 Procopium
877 3610 937 3664 in
968 3609 1243 3677 Chelone,
1276 3619 1329 3665 et
1358 3610 1769 3682 Heptascalum
1805 3612 1989 3666 aediﬁ-

335 3699 489 3755 cavit
504 3698 923 3755 Canstantinus
946 3702 1211 3769 Magnus.
1227 3698 1598 3754 Justinianus
1622 3717 1751 3755 vero
1769 3701 1989 3755 Sancto:

334 3786 564 3858 Sophim
596 3787 865 3843 conditor
905 3786 1190 3858 templum
1243 3788 1389 3841 illud
1442 3788 1675 3843 nomine
1706 3794 1761 3843 S.
1799 3790 1990 3845 Acacii

334 3874 620 3949 appellari
648 3875 856 3931 voluit.

918 3964 992 4018 De
1023 3964 1410 4036 Illesomphalo.

407 4050 848 4126 Mesomphalus
897 4052 955 4107 in
1007 4053 1198 4109 medio
1250 4058 1473 4126 septem
1538 4055 1701 4110 urbis
1753 4055 1991 4113 collium

327 4143 488 4215 jacet
536 4158 549 4197 :
601 4147 723 4199 tres
779 4141 1005 4198 scilicet
1058 4142 1131 4197 ab
1193 4146 1439 4215 utraque
1499 4149 1662 4215 parte
1718 4150 1878 4212 sunt,
1938 4150 1991 4201 et

334 4232 491 4288 inter
538 4236 818 4305 utrosque
868 4230 1344 4304 Mesomphalus,
1399 4232 1645 4304 ideoque
1696 4233 1779 4288 sic
1823 4251 1991 4290 voca-

342 4326 462 4377 tus.

515 4410 590 4464 De
616 4413 803 4465 sancto
830 4411 1089 4482 ProcOpio
1122 4408 1453 4465 Condalium
1483 4415 1814 4482 nuncupata.

409 4497 718 4569 Templum
779 4498 841 4553 S.
903 4497 1167 4567 Procopii
1217 4498 1571 4553 Condalium
1633 4500 1988 4571 appellatum
2025 4500 2069 4565 D

338 4587 477 4642 inde
508 4601 721 4642 nomen
754 4585 1000 4658 accepit,
1030 4587 1185 4658 quod
1217 4586 1640 4642 Constantinus
1669 4589 1985 4645 Justiniani

339 4673 695 4731 Rhinotmeti
739 4677 904 4746 pater
946 4673 1095 4730 istac
1127 4675 1422 4731 transiens
1471 4677 1811 4748 cozspitante
1842 4694 1992 4749 equo

341 4762 638 4835 collapsus
668 4762 766 4818 sit.

650 4851 722 4906 De
752 4851 952 4906 Sancto
981 4852 1194 4908 Joanne
1224 4850 1502 4907 Cinthelia
1535 4854 1697 4908 dicto.

411 4939 720 5013 Templum
769 4941 827 4995 S.
860 4939 1106 4996 Joannis
1155 4939 1445 4996 Cinthelia
1494 4943 1995 5014 cognominatum,

337 5031 476 5088 inde
510 5046 725 5087 nomen
759 5029 1057 5101 accepisse
1089 5030 1307 5097 ferunt,
1340 5031 1494 5100 quod
1538 5030 1618 5085 ibi
1660 5033 1819 5104 parvi
1851 5023 1996 5089 clavi

2097 2095 2273 2168 στήλη
2343 2094 2637 2159 Πλάτωνος
2677 2091 3164 2169 κουϐικουλαρίου,
3219 2096 3278 2157 ὃς
3327 2095 3377 2149 ἐν
3426 2100 3547 2157 ταῖς
3603 2097 3749 2167 ἡμὲ-

2098 2206 2216 2261 ραις
2249 2182 2519 2260 βασιλέως
2562 2189 2658 2240 τοῦ
2706 2182 3039 2241 Βασιλίσκου
3087 2184 3452 2260 πυρίκαυστος
3500 2185 3751 2260 γέγονεν.

2098 2275 2159 2327 Οἱ
2188 2271 2245 2329 δὲ
2271 2280 2371 2343 τῆς
2401 2280 2583 2349 γενεᾶς
2638 2274 2802 2329 αὐτοῦ
2855 2272 3125 2347 ᾐτήσαντο
3179 2274 3270 2327 τὸν
3335 2271 3561 2348 βασιλέα
3618 2276 3759 2343 στή-

2099 2360 2206 2432 λην
2237 2365 2509 2434 θεῖναιτῷ
2559 2362 2811 2438 εὐνούχῳ
2856 2361 3132 2417 Πλάτωνι·
3167 2364 3195 2417 6
3246 2359 3302 2416 δε
3342 2361 3440 2416 οὐκ
3490 2360 3755 2418 ἐκώλυεν.

2100 2452 2188 2508 Ἐν
2223 2448 2281 2506 δὲ
2308 2456 2389 2524 τῷ
2417 2450 2792 2520 ἆνακτίζεσθαι
2823 2452 2915 2505 τὸν
2948 2451 3073 2505 ναὸν
3120 2455 3217 2505 τοῦ
3249 2451 3457 2526 Ἀγίου,
3493 2449 3753 2524 μετετέθη

2102 2542 2177 2602 είς
2224 2540 2287 2594 τὸ
2329 2537 2717 2616 Ἰπποδρόμιον
2746 2562 2758 2575 ο
2787 2541 2839 2594 οἱ
2887 2537 2945 2595 δὲ
2991 2541 3131 2594 οἶκοι
3161 2544 3257 2595 τοῦ
3290 2540 3456 2595 αὐτοῦ
3487 2540 3757 2615 silva-3X09

2102 2630 2365 2699 σώζονται
2391 2628 2498 2691 ἕως
2526 2636 2625 2699 τῆς
2656 2630 2895 2705 σήμερον
2932 2628 2985 2683 ἐν
3012 2630 3083 2700 τῇ
3113 2626 3366 2704 Χελώνῃ.

2102 2916 2229 2991 Περὶ
2283 2919 2381 2970 τοῦ
2437 2913 2626 2989 Ἀγίου
2681 2913 3023 2991 Προκοπίου,
3078 2915 3166 2968 καὶ
3226 2918 3323 2969 τοῦ
3388 2915 3577 2989 ’Λγίου
3634 2920 3756 2984 Μη-

2763 2986 3083 3063 τροφάνους.

2173 3076 2277 3132 Τὸν
2331 3073 2387 3131 δὲ
2432 3078 2619 3152 ’Ἀγιον
2681 3075 2990 3151 Προκόπιον
3048 3075 3146 3143 τὴν
3197 3074 3486 3144 Χελωνην,
3517 3076 3606 3128 καὶ
3656 3075 3753 3127 τὸν

2103 3166 2296 3239 ’Ἂγιον
2349 3166 2721 3243 Μητροφάνην
2777 3159 2980 3219 ἔκτισεν
3013 3165 3040 3218 6
3075 3162 3261 3239 Μέγας
3309 3168 3755 3227 Κωνσταντῖνοςο

2097 3256 2149 3290 ,1
2242 3251 2287 3308 δι
2357 3254 2381 3273 οι
2532 3255 2544 3274 ν
2646 3254 2657 3273 Ι
2870 3255 2884 3271 \
3108 3253 3121 3273 I
3528 3250 3605 3282 ιλ-
3704 3254 3757 3286 ι-

2108 3276 2187 3310 ιον
2277 3276 2298 3308 ε
2348 3274 2499 3329 αγιον
2551 3259 2780 3309 Ακακιον
2826 3274 2923 3323 την
2976 3255 3191 3327 Καρυαν
3227 3250 3428 3307 ἔκτισεν
3460 3254 3487 3306 6
3516 3251 3755 3327 αοελφος

2098 3342 2364 3419 Χαρισίου
2422 3342 2735 3416 πατρικίου,
2770 3342 2822 3396 ἐν
2876 3347 2992 3404 τοῖς
3050 3342 3276 3417 χρόνοις
3315 3341 3611 3399 Ἰουστίνου
3665 3340 3757 3395 καὶ

2097 3428 2377 3508 Τιϐερίου.

2298 3520 2426 3595 Περὶ
2457 3524 2553 3575 τοῦ
2581 3520 2764 3595 Ἀγίου
2796 3519 3108 3594 Προκοπίου
3140 3526 3238 3588 τῆς
3272 3516 3552 3588 Χελώνης.

2169 3613 2293 3667 ’Ότι
2350 3611 2449 3677 τήν
2510 3610 2763 3678 Χελώνην
2796 3608 2886 3663 τὸν
2919 3612 3114 3683 ’Ἃγιον
3146 3609 3479 3684 Προκόπιον,
3512 3608 3601 3662 καὶ
3661 3610 3756 3663 τὸν

2098 3697 2467 3756 Ἑπτάσκαλον
2529 3699 2556 3752 6
2613 3698 2798 3774 Μέγας
2856 3703 3261 3759 Κωνσταντῖνος
3330 3697 3638 3773 ἀνήγειρεν.
3701 3699 3759 3751 Ὀ

2102 3786 2569 3850 δὲἸουστινιανὸς
2629 3789 2656 3842 6
2704 3786 2938 3862 κτίστωρ
2993 3789 3092 3855 τῆς
3146 3784 3404 3863 Μεγάλης
3460 3785 3759 3856 ἐκκλησίας

2102 3875 2322 3932 ἐκάλεσε
2350 3876 2441 3931 τὸν
2474 3876 2625 3944 ναὸν,
2656 3878 2809 3951 ἅγιον
2845 3877 3126 3931 Ἀκάκιον.

2584 3964 2714 4039 Περί
2742 3969 2839 4018 τοῦ
2871 3962 3269 4041 Μεσομφάλου.

2171 4056 2295 4112 ’Ότι
2347 4054 2412 4109 τὸ
2470 4051 2761 4128 λεγόμενον
2814 4051 3181 4130 Μεσόμφαλον
3263 4053 3424 4123 μέσον
3476 4051 3587 4105 ἐστὶ
3646 4056 3763 4105 τῶν

2102 4144 2236 4199 ἒπτᾶ
2294 4141 2500 4221 λόφων,
2533 4142 2698 4216 ἤγουν
2758 4144 2793 4211 ἡ
2850 4141 2948 4215 μία
3001 4146 3167 4217 μοῖρα
3206 4147 3306 4210 τῆς
3358 4139 3577 4202 πόλεως
3641 4139 3764 4215 ἔχει

2102 4238 2247 4305 τρεῖς
2303 4227 2531 4309 λόφους,
2570 4232 2658 4285 καὶ
2720 4232 2754 4299 ἡ
2814 4230 2989 4302 ὲτὲρα,
3047 4235 3191 4304 τρεῖς
3229 4247 3241 4260 ·
3277 4229 3365 4284 καὶ
3423 4228 3585 4301 μέσον
3647 4229 3764 4283 ἐστὶ

2100 4325 2262 4375 τοῦτο
2298 4339 2309 4353 ’
2346 4318 2435 4375 διὰ
2461 4318 2622 4375 τοῦτο
2654 4318 2861 4390 ἐκλήθη
2897 4317 3292 4396 Μεσόμφαλον.

2300 4410 2431 4484 Περὶ
2457 4413 2552 4463 τοῦ
2580 4407 2765 4483 Ἀγίοο
2799 4408 3107 4480 Προκοπίου
3136 4408 3200 4463 16
3230 4404 3559 4464 Κονδόλιον.

2170 4502 2289 4554 Ὅτι
2321 4499 2382 4552 τὸ
2437 4493 2743 4553 Κονδύλιον
2790 4497 2818 4551 6
2861 4499 3049 4571 ’Ἄγιος
3088 4495 3417 4570 Προκόπιος,
3451 4492 3542 4550 διὰ
3598 4500 3765 4551 τοῦτο

2106 4585 2314 4657 ἐκλήθη
2374 4586 2571 4653 οὕτως,
2602 4585 2685 4640 ὅτι
2738 4582 3096 4660 διερχόμενος
3148 4587 3548 4645 Κωνσταντῖνος
3598 4586 3627 4638 6
3657 4606 3765 4638 πα-

2100 4679 2204 4750 τήρ
2256 4678 2638 4730 Ἰουστινιανοῦ
2684 4678 2779 4729 τοῦ
2826 4675 3186 4747 Ῥινοτμήτου
3244 4672 3417 4728 ἐκεῖσε
3472 4671 3764 4727 ὲκονδύλιο

2104 4787 2190 4820 σεν
2225 4766 2252 4819 ὁ
2276 4763 2450 4826 ’ίππος
2482 4763 2669 4832 αὐτοῦ,
2695 4762 2785 4818 καὶ
2817 4761 3024 4818 ἔπεσεν.

2348 4851 2477 4924 Περὶ
2507 4856 2604 4906 τοῦ
2634 4852 2823 4927 Ἁγίου
2852 4849 3107 4906 Ἰωάννου
3135 4850 3202 4905 τὰ
3229 4849 3517 4920 Κινθήλια.

2175 4945 2300 5000 ’Ότι
2353 4942 2421 4997 τὰ
2473 4938 2745 5015 λεγόμενα
2802 4939 3073 5010 Κινθήλια
3126 4941 3218 4994 τὸν
3267 4942 3455 5014 Ἃγιον
3505 4938 3765 5009 Ἰωᾶννην

2108 5032 2379 5107 λέγουσιν,
2411 5031 2494 5085 δτι
2554 5029 2725 5091 οῧτως
2783 5028 3018 5099 ἐκλήθη,
3052 5027 3141 5083 διὰ
3187 5029 3249 5083 τὸ
3304 5030 3529 5099 κάμνειν
3589 5027 3768 5084 ἐκεῖσε

339 5119 653 5193 affigendis
702 5134 993 5190 equorum
1047 5118 1224 5173 soleis
1273 5118 1645 5173 cuderentur.
1699 5120 1991 5190 Ejusmodi

2118 5124 2173 5177 τὰ
2234 5120 2401 5196 μικρὰ
2450 5118 2650 5197 καρφία
2717 5118 2782 5173 τὰ
2856 5112 3274 5191 καϐαλλαρικδι,
3335 5119 3469 5193 ἅπερ
3542 5116 3767 5193 λέγουσι

341 5210 499 5265 enim
533 5207 681 5265 clavi
715 5206 998 5264 cinthelia
1027 5211 1332 5263 vocantur.

2109 5208 2401 5281 Κινθήλια.

576 5325 651 5379 De
680 5325 879 5395 templo
910 5323 1005 5379 SS.
1038 5324 1419 5393 Quadraginta
1446 5323 1517 5377 ad
1550 5324 1807 5380 Thermas
1840 5327 2372 5393 Constantinianas,
2405 5341 2613 5381 necnon
2641 5324 2706 5381 de
2734 5324 2984 5381 Ecclesia
3012 5327 3205 5382 Sancti
3232 5324 3517 5395 Stephani.

416 5420 728 5493 Templum
775 5425 1120 5476 Sanctorum
1153 5421 1575 5493 Quadraginta,
1610 5423 1765 5491 quod
1798 5428 1887 5477 est
1927 5427 1997 5481 ad

343 5510 627 5566 Thermas
671 5509 1188 5565 Constantinianas
1235 5509 1588 5565 Anastasius
1636 5514 1691 5564 ct
1741 5511 2000 5568 Ariadna

2180 5426 2302 5481 ’Ότι
2333 5422 2425 5478 τὸν
2482 5421 2606 5476 ναὸν
2661 5421 2752 5476 τὸν
2808 5417 2936 5477 ὄντα
2986 5420 3064 5485 εἰς
3106 5420 3607 5483 Κωνσταντινιανᾶς
3658 5426 3769 5476 τῶν

2108 5512 2302 5587 Ἁγίων
2377 5512 2469 5580 Μ’,
2528 5510 2875 5572 Ἀναστάσιος
2944 5510 3031 5565 καὶ
3095 5505 3350 5583 ’Δριάδνη
3417 5508 3712 5583 ἁνήγειραν
3751 5551 3765 5565 .

346 5599 729 5655 ωάἰίίοαευηί.
751 5597 1065 5668 Postquam
1100 5614 1233 5654 vero
1275 5598 1527 5654 advecta;
1556 5602 1695 5654 sunt
1739 5598 1991 5671 reliquiae

2118 5603 2259 5658 Μετά
2315 5598 2373 5655 δὲ
2427 5600 2491 5655 τὸ
2540 5597 2715 5655 ἐλθεῖν
2762 5600 2824 5655 16
2881 5598 3136 5674 λείψανον
3192 5601 3289 5653 τοῦ
3338 5595 3493 5673 ἁγίου
3541 5616 3766 5673 πρωτο-
