4060 6214
276 379 430 438 124i

1407 384 1769 448 ANONYMI
1816 387 2399 459 ANTIQUITATES
2447 391 2566 449 ΟΡ.

3536 386 3693 448 1242

279 511 554 585 μάρτυρος
608 508 903 584 Στεφάνου,
938 511 1228 589 ἀνήγειραν
1284 512 1465 592 ἕτερον
1528 518 1721 593 μικρὸν
1774 520 1920 590 ναὸν,

2041 524 2092 575 S.
2127 521 2406 593 Stephani
2455 521 2919 594 protomartyris,
2956 519 3202 575 alterum
3254 535 3495 591 parvum
3540 525 3689 577 tem-

272 599 367 653 καὶ
398 596 684 672 ὠνόμασαν
715 599 872 655 αὐτὸν
884 644 899 669 ,
920 604 1107 677 υΑγιον
1141 603 1437 681 Στέφανον.

749 780 882 856 Περὶ
912 785 1009 835 τοῦ
1040 783 1448 859 Δεξιοκράτους.

349 868 422 920 Τὰ
479 866 863 942 Δεξιοκράτους
942 871 1092 933 οἶκας
1148 874 1214 941 ἦν
1276 874 1659 951 Δεξιοκράτους
1732 896 1929 951 πατρι-

272 951 416 1023 κίου,
448 953 499 1008 ἐν
524 960 643 1016 τοῖς
673 955 897 1031 χρόνοις
922 956 1209 1013 Θεοδοσίου
1256 965 1353 1015 τοῦ
1387 960 1624 1038 Μικροῦ,
1655 962 1705 1017 ἐν
1753 965 1797 1035 ᾧ
1839 964 1927 1019 καὶ

273 1042 577 1116 Μαυρίκιος
607 1050 978 1118 γηροκομεῖον
1034 1048 1282 1124 ἀνήγειρε
1328 1049 1421 1104 σὺν
1462 1057 1580 1113 τοῖς
1640 1047 1926 1125 ἐμϐόλοις.

267 1133 369 1188 Ἢν
429 1128 485 1185 δὲ
542 1131 651 1186 ἐκεῖ
697 1133 845 1196 οἶκος
882 1141 1195 1211 Καρπιανοῦ
1226 1140 1540 1215 πατρικίου,
1571 1140 1661 1194 καὶ
1722 1140 1771 1213 ἐξ
1834 1141 1927 1196 αὖ·

265 1225 364 1275 τοῦ
398 1219 621 1298 εἴληφεν
652 1223 680 1276 6
705 1222 873 1285 τόπος
903 1227 1001 1294 τήν
1049 1229 1417 1305 προσηγορίαν
1452 1236 1782 1307 Καρπιανοῦ.

911 1405 1041 1480 Περί
1075 1406 1273 1482 Κύρου.

335 1488 414 1543 Τὰ
472 1485 529 1543 δὲ
604 1489 786 1566 Κύρου
862 1494 963 1561 τήν
1022 1495 1340 1573 Ὑπεραγίαν
1409 1499 1672 1553 Θεοτόκον
1750 1496 1926 1554 ἔκτισε

270 1574 446 1652 Κύρος
490 1575 757 1654 ἔπαρχος,
791 1580 819 1633 6
864 1582 951 1635 καὶ
992 1584 1393 1659 παριστάμενος
1436 1586 1511 1648 εἷς
1554 1588 1615 1642 τὸ
1664 1594 1920 1662 χερσαῖον

264 1670 481 1751 τεῖχος,
516 1664 601 1720 ἐπὶ
661 1666 952 1724 Θεοδοσίου
1007 1675 1104 1726 τοῦ
1162 1675 1399 1748 Μικροῦ,
1453 1678 1759 1751 κραξάντων
1814 1682 1921 1731 τῶν

271 1750 490 1842 δήμων
524 1754 605 1809 ὅτι
674 1756 847 1833 Κύρος
905 1760 995 1813 καὶ
1050 1760 1127 1823 εἰς
1184 1761 1324 1818 ἄλλο
1380 1750 1590 1831 κινήσει
1638 1765 1726 1820 καὶ
1786 1786 1924 1842 προ-

267 1841 451 1916 κόψει.
505 1844 603 1898 Καὶ
663 1848 953 1922 φθονηθεὶς
1029 1848 1281 1922 ἐποίησεν
1358 1852 1515 1908 αὐτὸν
1576 1856 1604 1909 ὁ
1669 1853 1920 1929 βασιλεὺς
1954 1894 2000 1958 Β

275 1932 672 1958 _-.._--_._‘I-_,
732 1936 798 1958 ,9,
836 1943 871 1958 υ
937 1936 976 1958 Ῑν

273 1932 694 2008 μητροπολίτην
726 1936 801 1998 εἷς
833 1936 1116 2012 Σμύρνην.

779 2133 912 2208 Ηερὶ
944 2136 1006 2188 τὸ
1038 2135 1405 2207 Κοντοσκάλη.

343 2219 465 2275 Ὅτι
523 2219 586 2274 τὸ
656 2221 1009 2295 Κοντοσκάλη
1063 2227 1097 2294 ἡ
1158 2226 1333 2300 πόρτα
1390 2230 1494 2282 ἀπὸ
1553 2228 1923 2305 Ἀγαλλιανοῦ

262 2308 626 2385 τουρμάρχου
677 2312 1078 2385 παρισταμένου
1114 2356 1127 2383 ,
1180 2316 1267 2369 ὅτε
1343 2315 1580 2386 ἐκτίζετο
1645 2320 1673 2373 6
1727 2320 1922 2392 λιμήν.

262 2395 551 2451 Ἐκαλεῖτο
613 2395 670 2453 δὶ
726 2398 932 2463 ἐκεῖνος
988 2404 1370 2475 ΚοντοσκὲΛη,
1429 2407 1518 2460 καὶ
1597 2405 1685 2462 διὰ
1761 2412 1923 2463 τοῦτο

262 2482 476 2557 ἐκλήθη
512 2486 707 2550 οὕτως.

624 2596 752 2669 Περὶ
780 2602 875 2651 τοῦ
902 2598 1129 2668 ξενῶνος
1159 2605 1257 2654 τοῖ’)
1288 2600 1558 2679 Θεοφίλου

336 2682 425 2735 Ἐν
480 2687 557 2755 τῷ
613 2684 940 2759 καλουμένῳ
998 2687 1265 2764 Ζεύγματι
1325 2688 1509 2746 ἐπάνω
1567 2697 1662 2748 τοῦ
1725 2692 1921 2768 λόφου,

267 2769 404 2843 ὅπερ
458 2773 646 2847 ὁρᾶται
706 2772 941 2847 εὕμηκες
998 2777 1229 2851 κτίσμας
1256 2787 1613 2855 νοσοκομεῖον
1666 2784 1756 2854 ἦν,
1790 2784 1921 2859 ὅπερ

266 2859 558 2936 ἀνήγειρεν
619 2864 645 2916 6
693 2862 871 2938 Μέγας
926 2872 1329 2931 Κωνσταντῖνος
1387 2870 1464 2932 εἷς
1518 2878 1793 2945 πορνεῖον.
1826 2874 1923 2927 Γὲ-

264 2969 397 3023 γονε
455 2946 511 3004 δὲ
560 2951 648 3004 καὶ
706 2953 852 3014 οἶκος
906 2953 1187 3030 Ἰσιδώρου
1242 2958 1553 3033 πατρικίου,
1584 2962 1693 3015 εἶτα
1756 2984 1921 3035 μονα-

270 3039 502 3111 στήριον
560 3044 1014 3114 γυναικεῖονκαί
1077 3046 1105 3098 6
1162 3045 1428 3122 Θεόφιλος
1487 3047 1739 3119 ἐποίησεν
1793 3050 1922 3106 αὐτὸ

269 3129 497 3198 ξενῶνα.
531 3130 743 3183 ’Ἰστατο
775 3127 831 3184 δὲ
878 3129 1055 3202 στήλη
1110 3132 1197 3187 ἐπὶ
1247 3132 1498 3191 κλωστοῦ
1543 3137 1727 3200 κίονος
1781 3136 1922 3203 λιθί-

263 3236 366 3269 νου
411 3221 511 3285 τῆς
542 3215 882 3294 Ἀφροδίτης·
914 3224 1022 3274 τῶν
1071 3218 1129 3276 δὲ
1173 3220 1418 3278 πολιτῶν
1464 3224 1635 3281 ἐκεῖσε
1686 3228 1923 3303 άπερχο-
1951 3256 1993 3325 C

319 3305 331 3325 ι
555 3305 569 3325 ς
607 3305 622 3325 τ
688 3306 699 3325 ρ
1099 3309 1111 3325 .
1207 3312 1269 3325 ..,
1516 3314 1527 3325 .
1630 3314 1644 3325 .
1716 3322 1738 3325 _
1881 3317 1895 3325 .

268 3305 449 3376 μένων
482 3305 571 3359 καὶ
604 3305 851 3379 ἐρώντων
896 3309 1147 3381 σονουσίᾳ
1206 3312 1420 3380 ζώντων
1471 3314 1566 3376 τὰς
1627 3314 1797 3370 ἐκεῖσε
1846 3317 1922 3371 οἷ-

264 3392 470 3457 κοῦσας
509 3393 819 3469 μαχλάδας.
853 3398 1086 3468 Ἕξωθεν
1133 3400 1230 3454 τοῦ
1279 3401 1443 3456 αὐτοῦ
1493 3402 1600 3478 οὐχ
1647 3404 1922 3478 εὑρίσκετο

260 3478 447 3556 ἕτερον
502 3489 786 3554 πορνεῖον.
822 3485 924 3540 Καὶ
981 3488 1119 3555 ἦσαν
1175 3485 1445 3565 διάχωροι
1478 3491 1613 3566 πρὸς
1637 3492 1763 3554 τοὺς
1812 3495 1924 3549 κίο-

261 3592 356 3631 νας
417 3573 553 3643 μετᾶ
608 3571 903 3648 κρικελίων
958 3575 1048 3631 κκὶ
1106 3578 1392 3652 κουρτίων,
1442 3579 1531 3634 καὶ
1616 3580 1789 3646 οὕτως
1867 3585 1923 3638 οἱ

265 3658 444 3713 ἐκεῖσε
495 3659 545 3714 ἐν
597 3662 799 3734 ἀσωτίᾳ
848 3660 997 3726 ὄντες
1052 3666 1142 3719 καὶ
1195 3666 1422 3742 ἐρῶντες
1480 3668 1789 3745 ἐτέρποντο.
1821 3676 1924 3729 Ἦν

266 3745 327 3802 Si
386 3746 564 3819 στήλη
624 3755 733 3805 τῶν
792 3751 845 3806 ἐν
910 3751 1185 3827 ὑπολήψει
1238 3755 1412 3811 οὐσῶν
1445 3760 1693 3835 καθαρῶν
1746 3783 1926 3836 γυναι-

264 3840 380 3892 κῶν
437 3842 545 3891 τῶν
602 3860 663 3893 τε
720 3842 999 3911 παρθένων
1060 3842 1150 3897 καὶ
1211 3846 1310 3916 μή,
1344 3844 1624 3902 πλουσίων
1684 3870 1743 3904 τε
1783 3852 1925 3923 ὁμοῦ

263 3926 359 3981 καὶ
405 3928 672 3997 πενήτων.
707 3929 804 3983 Καὶ
855 3929 942 3984 ἐάν
990 3952 1074 3994 τις
1121 3929 1306 3987 ἔλυσεν
1353 3934 1532 3989 αὐτῶν
1578 3939 1676 4007 τὴν
1726 3941 1924 4013 παρθε·

264 4015 410 4081 νίαν,
442 4014 531 4069 καὶ
592 4017 668 4089 μή
733 4016 1089 4091 βουλομένων
1141 4019 1468 4095 ὁμολογεῖν,
1499 4017 1685 4100 ἔλεγον
1744 4026 1928 4090 αὐταῖς

268 4105 322 4192 οἱ
354 4109 535 4192 γονεῖς
577 4104 666 4159 καὶ
705 4107 756 4159 οἱ
788 4106 965 4183 φίλοιο
996 4106 1359 4182 Ἀπέλθωμεν
1390 4110 1467 4174 εἰς
1494 4111 1556 4165 τὸ
1599 4120 1698 4183 τῆς
1732 4115 1924 4192 Ἀφρο-

266 4190 424 4261 δίτης
495 4189 735 4267 ἄγαλμα,
793 4196 881 4249 καὶ
939 4195 991 4250 εἲ
1044 4197 1251 4271 καθαρὰ
1308 4199 1372 4267 εἶ,
1431 4197 1741 4276 ἐλεγχθήσῃ
1806 4189 1929 4257 ἐκεῖ

264 4280 416 4354 παρά
460 4287 561 4348 τῆς
612 4279 845 4352 στήλης.
878 4283 976 4338 Καὶ
1027 4283 1116 4339 ὅτε
1164 4284 1519 4357 ἐπλησίαζον,
1571 4288 1621 4342 εἶ’
1670 4290 1765 4362 μὲν
1818 4288 1926 4364 ἄμ-

265 4389 498 4441 εμπτος,
560 4366 822 4444 διήρχετο
884 4366 1245 4443 ἅϐλαϐήςοὴ
1309 4372 1366 4428 δὲ
1422 4374 1755 4452 ἐφθαρμένη,
1808 4378 1924 4433 ἐπι-

264 4456 461 4527 στασίᾳ
518 4457 687 4533 ἀθρόᾳ
739 4458 1034 4528 ἐσηκοῦντο
1062 4463 1129 4515 τὰ
1176 4461 1369 4535 ἱμάτια
1420 4463 1609 4537 αὐτῆς,
1642 4466 1730 4520 καὶ
1790 4464 1923 4521 ἐδεί-

263 4566 395 4600 κνυε
422 4546 486 4599 τὸ
532 4546 725 4615 ἑαυτῆς
772 4544 1005 4604 αἰδοῖον.
1036 4550 1280 4623 Ὁμοίως
1334 4548 1392 4605 δὲ
1448 4552 1536 4606 καὶ
1589 4554 1643 4607 αἱ
1698 4548 1921 4629 ἔχουσαι

2037 609 2200 682 plum
2234 616 2663 677 exstruxerunt,
2693 628 2759 666 ac
2790 609 3178 683 appellatione
3209 609 3407 664 Sancti
3439 610 3688 682 Stepha-

2038 699 2096 754 ni
2129 700 2448 754 donarunt.

2535 792 2605 845 Dc
2636 791 2979 846 Dcxiocratis
3011 794 3208 844 tractu.

2111 878 2171 931 In
2204 876 2330 933 loco
2360 877 2722 934 Dexiocratis
2767 878 2951 948 dicto,
2984 879 3196 933 domus
3228 880 3352 933 erat
3383 876 3695 933 Dexiocra-

2038 966 2114 1022 tis
2162 967 2415 1038 patricii,
2468 973 2729 1039 tempore
2775 967 3090 1023 Theodosii
3135 966 3416 1021 Junioris.
3472 966 3688 1021 Ibidem

2038 1055 2445 1111 Gerocomium
2480 1074 2596 1111 una
2644 1073 2778 1111 cum
2829 1056 3153 1127 porticibus
3207 1053 3525 1110 Mauricius
3558 1072 3689 1110 exs-

2036 1144 2238 1199 truxit.
2290 1149 2573 1200 Praeterea
2621 1146 2825 1201 eodem
2876 1146 2935 1199 in
2967 1144 3091 1199 loco
3142 1148 3267 1199 erat
3311 1143 3521 1198 domus
3551 1144 3687 1199 Car-

2038 1233 2196 1305 piani
2231 1234 2483 1305 patricii,
2535 1252 2565 1289 a
2617 1252 2732 1306 quo
2783 1234 2942 1289 locus
2999 1233 3098 1288 ille
3155 1233 3425 1303 Carpiani
3472 1249 3685 1288 nomen

2037 1324 2276 1394 accepit.
2350 1349 2361 1355 ·

2212 1413 2289 1467 De
2315 1413 2543 1468 ecclesia
2580 1413 2637 1467 S.
2662 1413 2913 1483 Dciparzz
2945 1413 3074 1483 Cyri
3102 1411 3510 1484 cognominata.

2108 1500 2423 1556 Ecclesiam
2474 1499 2864 1556 Sanctissimae
2914 1501 3169 1572 Deiparze
3217 1500 3347 1572 Cyri
3381 1515 3689 1570 nuncupa-

2033 1591 2153 1643 tam
2184 1590 2493 1645 aedificavit
2522 1591 2703 1663 Cyrus
2736 1590 3180 1662 praefectumqui
3211 1606 3347 1644 cum
3380 1592 3689 1644 structurae

2032 1678 2188 1732 muri
2220 1678 2513 1734 terrestris
2563 1680 2675 1734 sub
2723 1678 3052 1734 Theodosio
3101 1677 3341 1733 Juniore
3391 1682 3684 1748 praeesset,

2033 1764 2233 1838 populi
2273 1766 2721 1822 acclamationes
2770 1766 3010 1833 meruit,
3059 1766 3329 1833 dicentis,
3363 1766 3485 1821 fore
3518 1769 3583 1820 ut
3613 1766 3687 1821 ad

2033 1856 2316 1926 majorem
2365 1855 2781 1928 proveheretur
2827 1855 3176 1928 dignitatem
3230 1855 3433 1927 Cyrus.
3467 1855 3592 1918 Qua
3621 1855 3693 1910 de

2036 1959 2096 1998 re
2127 1942 2348 2000 invidia
2397 1949 2595 2001 motus
2644 1945 2965 2016 imperator
3012 1945 3209 2017 ipsum
3259 1942 3689 2015 metropolitem

2036 2031 2297 2104 Smyrnae
2331 2034 2485 2089 fecit.

2369 2142 2442 2196 Dc
2465 2146 2627 2211 porta
2653 2142 2983 2211 cognomine
3016 2140 3346 2197 Contoscalc.

2104 2229 2277 2283 Porta
2309 2246 2435 2300 quae
2485 2229 2821 2285 Contoscale
2868 2229 3219 2302 appellatur,
3274 2228 3346 2282 ab
3382 2224 3685 2299 Agalliano

2034 2317 2385 2384 Tumarcha,
2428 2317 2525 2388 qui
2565 2324 2871 2373 structurae
2916 2322 3118 2390 portus
3170 2321 3436 2388 praeerat,
3469 2331 3684 2369 nomen

2034 2406 2291 2478 accepit;
2342 2408 2655 2462 vocabatur
2695 2408 2852 2463 enim
2906 2408 3031 2479 ipse
3074 2405 3435 2473 Contoscele,
3467 2402 3682 2458 idcirco

2032 2499 2088 2551 et
2121 2500 2287 2566 porta
2313 2495 2395 2549 ita
2423 2496 2837 2569 cognominata
2863 2496 2997 2550 fuit.

2469 2603 2542 2656 De
2568 2603 2907 2658 .renodochio
2939 2601 3237 2671 Theophili.

2105 2692 2166 2744 In
2198 2688 2322 2745 loco
2348 2695 2686 2762 nuncupato
2718 2695 3029 2762 Zeugmate
3053 2706 3230 2760 supra
3262 2688 3491 2755 collem,
3525 2687 3682 2759 quod

2032 2794 2189 2833 nunc
2232 2778 2581 2850 prolongum
2635 2779 2841 2835 visitur
2889 2778 3224 2845 aedilicium,
3276 2776 3679 2832 nosocomium

2032 2872 2174 2935 erat,
2208 2872 2569 2924 exstructum
2623 2868 2763 2924 olim
2813 2887 2847 2924 a
2894 2868 3278 2924 Constantino
3328 2870 3535 2938 Magno
3576 2882 3680 2938 pro

2032 2954 2321 3028 lupanari.
2376 2957 2621 3027 Fuitque
2670 2961 2871 3028 postea
2922 2958 3132 3012 domus
3182 2954 3386 3010 Isidori
3428 2954 3682 3026 patricii,

2032 3061 2099 3099 ac
2129 3044 2262 3099 dein
2287 3045 2708 3100 monasterium
2739 3044 3074 3099 mulierum.
3100 3041 3459 3114 TheOphilus
3482 3046 3676 3096 autem

2031 3131 2203 3187 vertit
2233 3131 2375 3187 illud
2408 3133 2466 3186 in
2499 3133 2947 3188 xenodochium.
2980 3133 3297 3202 Stabatque
3328 3130 3543 3184 ibidem
3578 3147 3678 3183 su-

2034 3237 2138 3291 pra
2167 3220 2500 3277 columnam
2552 3221 2839 3294 lapideam
2896 3221 3145 3276 torlilem
3179 3220 3415 3276 Veneris
3448 3223 3677 3273 statua:

2032 3309 2185 3364 cives
2219 3314 2411 3364 autem
2456 3310 2590 3364 illuc
2624 3310 3033 3364 convenientes
3065 3326 3131 3363 ac
3158 3312 3466 3373 amatores,
3501 3321 3679 3360 mere-

2031 3399 2205 3453 trices
2254 3398 2428 3452 isthic
2475 3398 2807 3454 habitantes
2856 3400 2926 3453 ad
2975 3397 3348 3453 concubitum
3395 3395 3678 3462 adibant;

2034 3492 2240 3559 praeter
2270 3487 2377 3541 hoc
2427 3488 2640 3560 quippe
2689 3488 2937 3559 lupanar
2969 3486 3195 3542 nullum
3249 3485 3408 3540 aliud
3444 3484 3501 3538 in
3537 3484 3680 3538 urbe

2030 3575 2457 3630 inveniebatur.
2502 3577 2687 3648 Igitur
2736 3577 2939 3631 eodem
2988 3576 3049 3631 in
3100 3575 3222 3629 loco
3273 3575 3344 3629 ad
3377 3571 3683 3628 columnas

2034 3664 2341 3719 exstabant
2396 3665 2575 3733 cella},
2630 3666 2902 3720 cancellis
2962 3670 3019 3720 et
3075 3663 3315 3719 cortinis
3368 3661 3683 3729 distinctae,

2034 3753 2189 3807 intra
2221 3770 2369 3824 quas
2399 3761 2665 3809 amantes
2698 3753 2926 3808 libidini
2956 3771 3022 3809 ac
3062 3752 3344 3823 voluptati
3376 3750 3682 3807 vacabant.

2033 3845 2164 3896 szec
2205 3841 2449 3913 insuper
2490 3847 2687 3897 statua
2718 3842 2848 3896 usui
2883 3846 3005 3897 erat
3036 3842 3106 3895 ad
3140 3839 3451 3895 mulierum
3482 3842 3539 3893 et
3571 3837 3684 3892 vir-

2034 3931 2262 4004 ginum,
2324 3931 2569 3986 divitum
2619 3932 2955 4002 inopumve,
3009 3947 3134 4002 qua:
3180 3930 3239 3983 in
3285 3926 3681 4000 suspicionem

2034 4023 2331 4085 venerant,
2393 4020 2734 4090 pudicitiam
2787 4020 3171 4090 probandam.
3222 4019 3280 4073 Si
3329 4016 3464 4089 quis
3525 4017 3682 4071 enim

2034 4109 2119 4163 eis
2148 4108 2542 4179 virginitatem
2578 4108 2912 4180 eripuisset,
2932 4108 3077 4179 ipsis
3105 4107 3433 4178 virginibus
3464 4106 3685 4160 factum

2036 4197 2412 4267 negantibus,
2446 4202 2719 4267 parentes
2751 4201 2807 4251 et
2837 4196 3008 4250 amici
3041 4196 3314 4250 dicebant
3346 4211 3358 4247 :
3391 4195 3685 4247 Adeamus

2032 4283 2276 4339 Veneris
2320 4289 2601 4354 statuam,
2634 4288 2690 4337 et
2736 4283 2840 4338 illa
2870 4283 3159 4337 castitatis
3208 4288 3321 4336 tua:
3354 4279 3683 4351 periculum

2038 4373 2225 4428 faciet.
2265 4372 2381 4427 Ubi
2412 4388 2543 4427 vero
2586 4372 2724 4426 illuc
2767 4376 3153 4439 accesserant,
3188 4371 3233 4425 si
3265 4369 3447 4440 culpa:
3477 4384 3682 4439 expers

2034 4468 2176 4527 erat,
2210 4461 2394 4515 illaesa
2439 4461 2871 4533 pertransibat;
2926 4461 3014 4515 sin
3065 4465 3260 4514 autem
3292 4457 3493 4512 vitiata
3537 4459 3684 4525 erat,

2034 4552 2229 4606 subito
2260 4551 2517 4621 quodam
2550 4550 3001 4619 impetu,vestcs
3029 4549 3158 4618 ejus
3181 4546 3682 4619 discerpebantur,

266 4631 489 4709 ἄνδρας,
547 4633 633 4688 ἐὰν
698 4632 971 4709 λαθραίως
1032 4636 1417 4714 ἐμοιχεύοντο,
1474 4645 1636 4696 τοῦτο
1694 4620 1784 4696 καὶ
1841 4642 1920 4697 ἐπ’

2041 4657 2099 4695 ac
2130 4620 2403 4711 pudenda
2432 4639 2797 4693 ostendebat.
2835 4638 2991 4693 idem
3028 4638 3309 4693 uxoribus
3340 4634 3685 4691 adulteratia

267 4722 460 4785 αὑταῖς
521 4722 745 4797 ἐγίνετο,
778 4725 867 4778 καὶ
924 4724 1096 4787 οὕτως
1154 4726 1505 4805 ἀπηλέγχετο
1545 4732 1632 4785 καὶ
1684 4730 1921 4805 ἐθαύμα-

268 4819 363 4882 ζον
424 4813 639 4881 πάντες,
696 4812 784 4867 καὶ
857 4813 1133 4869 ἐπίστευον
1210 4820 1278 4889 τῇ
1353 4817 1618 4893 γενομένῃ
1699 4821 1925 4896 πορνείᾳ

267 4900 494 4957 ἐκείνων
550 4905 847 4971 τηνικαῦτα
903 4901 1324 4977 ὁμολογουσῶν.
1374 4906 1435 4962 Ἡ
1497 4902 1554 4960 δὲ
1604 4909 1738 4983 γυνή
1789 4910 1923 4963 Ἰσιυ-

266 4989 454 5045 στίνου
505 4993 601 5042 τοῦ
656 4989 761 5044 ἀπὸ
808 4991 1238 5067 κουροπαλᾶτων
1298 4993 1581 5070 συνέτριψε
1647 4996 1743 5064 τήν
1795 4998 1923 5067 στή-

265 5077 399 5149 λην,
430 5074 519 5132 διὰ
545 5078 608 5132 τὸ
650 5078 740 5132 καὶ
768 5085 870 5148 τῆς
913 5079 1084 5150 αὐτῆς
1136 5079 1344 5136 αἳδοῖον
1401 5091 1629 5160 φανῆναι
1692 5104 1923 5160 μοιχευ-

264 5169 463 5238 σάσης,
523 5164 890 5242 διερχομένης
936 5167 1019 5243 ἐφ’
1069 5167 1228 5243 ’ίππῳ
1286 5171 1483 5241 ἐκεῖκε,
1531 5173 1621 5227 καὶ
1682 5173 1922 5248 ἀπερχο-

266 5257 436 5329 μένης
490 5255 541 5309 ἐν
591 5256 670 5327 τῷ
716 5254 952 5329 λούματι
984 5262 1089 5312 τῶν
1125 5256 1479 5334 Βλαχερνῶν,
1512 5255 1728 5335 ὄμϐρου
1784 5261 1923 5334 ἐξαι-

262 5347 390 5401 σίου
462 5344 783 5419 γενομὲνου,
840 5345 929 5399 καὶ
1007 5347 1082 5419 μή
1145 5344 1444 5421 δυναμένης
1503 5346 1591 5403 διὰ
1647 5349 1921 5421 θαλάσσης

259 5434 469 5501 ταύτης
500 5432 550 5488 ἐν
585 5438 699 5495 τοῖς
738 5432 1045 5511 βασιλικοῖς
1080 5433 1355 5512 δρόμωσιν
1390 5436 1502 5492 ἐκεῖ
1528 5435 1801 5502 ἀπελθεῖν,

790 5612 922 5683 Περὶ
952 5617 1050 5668 τοῦ
1080 5613 1406 5688 Ζεύγματος.

341 5702 412 5756 Τὸ
461 5700 518 5756 δὲ
556 5705 648 5756 νῦν
699 5699 1038 5775 καλούμενον
1077 5705 1294 5778 Ζεῦγμα
1344 5701 1553 5776 ἐκλήθη
1607 5703 1799 5776 οὕτως,
1833 5707 1922 5783 ἀφ’

2034 4730 2428 4800 contingebat,
2487 4728 2811 4798 eodemque
2872 4726 3089 4781 indicio
3155 4725 3679 4781 convincebantur.

2037 4818 2179 4873 Huic
2236 4816 2466 4872 violatae
2520 4815 2812 4887 pudicitiaa
2890 4816 3229 4871 testimonio
3287 4830 3493 4870 omnes
3546 4829 3679 4868 cum

2034 4924 2269 4962 summa
2318 4904 2702 4960 admiratione
2752 4904 2924 4960 ﬁdem
2978 4904 3296 4971 habebant,
3348 4903 3492 4974 ipsis
3541 4902 3677 4957 item

2035 4996 2255 5051 factum
2289 5011 2403 5049 non
2437 4994 2592 5048 ultra
2637 4994 3007 5063 negantibus.
3062 4993 3213 5048 Uxor
3242 5000 3436 5047 aulem
3466 4989 3683 5045 Justini

2033 5085 2391 5154 Curopalatae
2422 5086 2681 5137 statuam
2728 5082 2877 5137 hanc
2929 5083 3237 5153 confregit,
3268 5098 3335 5135 eo
3366 5079 3521 5149 quod
3555 5078 3685 5147 ipsa

2033 5190 2286 5245 quoque,
2319 5171 2628 5228 denudatis
2666 5171 2957 5243 pudendis
3009 5170 3281 5226 adulterii
3312 5166 3683 5222 convincere-

2033 5267 2150 5331 tur,
2184 5279 2317 5316 cum
2350 5278 2499 5333 equo
2531 5260 2665 5316 illac
2695 5262 2975 5315 transiret
2998 5261 3066 5314 ad
3103 5258 3377 5312 balneum
3414 5252 3682 5311 Blacher-

2035 5368 2283 5419 narum;
2343 5355 2557 5406 etenim
2617 5349 2759 5404 adeo
2819 5349 3026 5418 ingens
3076 5347 3263 5400 fuerat
3309 5342 3563 5416 procella
3620 5352 3683 5400 ut

2034 5440 2181 5494 mari
2216 5440 2599 5495 dromonibus
2631 5436 3024 5507 imperatoriis
3072 5451 3137 5488 eo
3170 5438 3534 5489 transmeare
3565 5450 3680 5488 non

2034 5532 2249 5599 posset.

2646 5616 2720 5669 De
2749 5615 3062 5681 Zeugmate.

2106 5708 2291 5763 Locus
2323 5706 2423 5777 qui
2448 5721 2601 5759 nunc
2625 5703 2879 5774 Zeugma
2911 5705 3307 5773 nuncupatur,
3337 5718 3405 5757 ex
3435 5716 3501 5756 eo
3533 5705 3682 5757 tem-
