4060 6214
366 325 523 384 1243

1325 316 1724 378 APPENDIX
1770 315 1873 374 AD
1919 312 2383 376 MIGHAELEM
2427 313 2822 377 PSELLUM.

3622 320 3776 378 1244

365 473 505 531 pore
536 470 859 526 cognomen
891 453 998 509 hoc
1044 452 1288 524 accepit,
1321 467 1435 522 quo
1466 451 1525 505 S.
1558 447 1840 520 Stephani
1873 464 2008 518 pro-

2138 442 2199 500 ἴτ’
2231 444 2559 518 ἀνεκομίσθη
2591 447 2652 501 τὸ
2701 444 2953 520 λείψανον
3013 452 3111 503 τοῦ
3168 447 3324 524 ἁγίου
3375 451 3776 524 πρωτομάρτυ-

365 543 705 616 tomartyris
737 541 997 613 reliquiis
1029 541 1216 596 allata:
1270 543 1430 595 sunt.
1481 540 1558 593 Eo
1613 537 1770 592 enim
1803 536 1860 591 in
1890 535 2014 591 loco

370 633 543 690 mulae
573 633 768 688 currui
795 633 1013 703 juncta:
1046 634 1204 696 sunt,
1239 647 1365 701 quae
1399 645 1498 684 eas
1530 628 1603 683 ad
1634 627 1896 682 thermas
1920 643 2017 681 us-

369 739 482 796 que
514 720 1030 778 Constantinianas
1061 723 1360 774 vexerunt.
1400 771 1410 778 ,

631 831 701 884 De
731 828 929 898 templo
960 827 1285 881 Sanctorum
1317 825 1758 896 Anargyrorum,

843 898 984 969 quod
1016 902 1100 952 est
1132 901 1189 952 in
1220 899 1532 968 Zeugmate.

437 988 744 1061 Templum
778 989 1125 1043 Sanctorum
1154 988 1583 1058 Anargyrorum
1616 986 1763 1056 quod
1788 985 1844 1039 in
1874 985 2017 1040 Zeu-

362 1087 552 1152 gmate
585 1079 763 1132 situm
817 1077 1094 1142 cernitur,
1150 1076 1453 1131 conditum
1488 1081 1577 1130 est
1605 1092 1638 1129 a
1683 1073 1882 1129 Proclo
1911 1091 2015 1144 pa-

355 1168 610 1224 triarcha
658 1165 1332 1235 Constantinopolitano,
1366 1162 1654 1235 discipulo
1686 1161 1886 1234 magni
1914 1163 2014 1217 Jo-

356 1256 526 1312 annis
559 1255 981 1326 Chrysostomi,
1013 1259 1070 1309 et
1103 1253 1445 1308 mcumenici
1478 1251 1841 1322 patriarchae,
1869 1256 2015 1305 tem-

358 1362 495 1417 pore
518 1344 835 1400 Theodosii
867 1343 1157 1399 Junioris.

842 1434 915 1487 De
941 1433 1139 1500 templo
1169 1433 1349 1486 sancti
1379 1431 1537 1486 Eliaz.

431 1521 737 1594 Templum
768 1526 824 1575 Β.
876 1521 1028 1588 Elite,
1063 1521 1218 1591 quod
1270 1524 1458 1574 exstat
1505 1519 1563 1572 in
1607 1518 1729 1573 loco
1779 1519 2010 1573 Petrion

358 1615 718 1683 nuncupato,
753 1610 964 1666 schola:
1000 1609 1376 1680 legionesque
1405 1607 1650 1662 Zenonis
1681 1624 1746 1661 ex
1778 1607 2012 1662 Perside

356 1701 590 1757 reducis
623 1699 834 1755 collata
868 1716 1084 1770 magna
1136 1697 1263 1753 auri
1312 1714 1567 1767 summa,
1599 1696 1725 1768 ipso
1756 1697 2009 1769 impera-

2129 555 2223 610 ρος
2273 532 2568 612 Στεφάνου,
2614 533 2784 590 ὲκεῖσε
2831 535 3163 612 ίζεύχθησαν
3223 536 3447 611 μοῦλαι,
3495 541 3584 592 καὶ
3640 539 3776 611 ἦραν

2125 625 2186 678 τὸ
2215 628 2374 697 σῶμα
2403 629 2499 678 τοῦ
2529 624 2686 701 ἁγίου
2715 622 2821 688 ἕως
2850 632 3380 684 Κωνσταντινιανῶν.

2376 820 2507 898 Περὶ
2536 825 2644 878 τῶν
2669 822 2722 878 ἓν
2750 821 2898 897 αὖτῷ
2925 823 3127 900 ’Δγίων
3153 822 3526 899 ’Δναργύρων.

2198 981 2264 1038 Οἱ
2316 979 2372 1038 δὶ
2420 985 2600 1059 ’Ἅγιοι
2635 981 2976 1060 ’Δνᾶργυροι,
3005 985 3056 1039 οἱ
3115 980 3264 1046 ὄντες
3317 981 3390 1046 εἶς
3433 985 3496 1039 16
3542 988 3782 1056 Ζεῦγμα,

2127 1070 2440 1142 ἐκτίσθησαν
2500 1074 2644 1146 παρά
2707 1072 2962 1149 Πρόκλου
3031 1074 3374 1150 πατριάρχου
3437 1076 3782 1130 Κωνσταντι-

2123 1156 2459 1233 νουπόλεως,
2493 1164 2739 1234 μαθητοῦ
2782 1167 2879 1217 τοῦ
2929 1161 3174 1238 μεγάλου
3207 1163 3456 1219 Ἰωάννου
3502 1167 3600 1216 τοῦ
3644 1163 3785 1234 Χρυο

2124 1248 2417 1320 σοστόμου,
2449 1249 2541 1302 καὶ
2574 1248 2960 1322 οἷκουμενικοῦ
2991 1248 3356 1326 πατριάρχου,
3390 1248 3442 1304 ἐν
3473 1255 3590 1310 τοῖς
3639 1250 3779 1324 χρό-

2121 1359 2237 1400 νοις
2263 1335 2554 1392 Θεοδοσίου
2579 1343 2674 1392 τοῦ
2704 1341 2936 1413 Μικροῦ.

2389 1495 2392 1498 Δ
2488 1500 2490 1502 _
2585 1429 2716 1504 Περί
2745 1432 2842 1482 τοῦ
2870 1428 3054 1504 ’Δγίου
3086 1428 3299 1486 Ἠλίου.

2191 1518 2298 1573 Τὸν
2353 1513 2410 1570 δὶ
2463 1517 2612 1590 ἅγιον
2664 1516 2877 1586 Ἠλίαν,
2935 1519 3024 1572 τὸν
3082 1515 3208 1573 ὄντα
3262 1517 3338 1580 είς
3394 1517 3458 1571 τὸ
3522 1516 3779 1589 Πέτρισν,

2121 1603 2424 1660 συνέδωκαν
2471 1607 2525 1659 αἱ
2574 1605 2774 1681 σχολαὶ
2835 1607 2923 1661 καὶ
2971 1608 3039 1662 τὰ
3067 1606 3575 1682 τάγματασοχρυσίον
3608 1603 3782 1672 πολὺ,

2124 1695 2560 1769 ὑποστρέψαντος
2611 1696 2864 1765 Ζήνωνος
2916 1696 3020 1750 ἀπὸ
3070 1695 3318 1770 Περσίας,
3357 1696 3446 1750 καὶ
3497 1692 3784 1764 δεηθίντος

351 1795 476 1847 tore
507 1790 783 1856 instante,
808 1805 873 1844 ac
906 1805 1024 1843 una
1051 1804 1184 1842 cum
1216 1787 1470 1842 Ariadne
1503 1788 1559 1840 in
1593 1789 1815 1857 partem
1841 1802 2007 1840 sum-

2138 1785 2332 1839 ιύτοῦ·
2397 1781 2626 1839 δέδωκεν
2691 1784 2876 1847 αὐτοῖς
2935 1783 3246 1858 συνδρομὴν
3311 1784 3445 1859 μετά
3518 1784 3608 1839 καὶ
3672 1791 3781 1853 τῆς

353 1883 564 1952 ptuum
597 1879 886 1943 veniente,
919 1880 1333 1932 exstruxerunt
1362 1875 1834 1946 amplissimum;
1869 1891 2011 1946 quo-

355 1967 514 2024 niam
547 1967 694 2038 ipsis
728 1967 785 2022 S.
819 1965 976 2021 Elias
1007 1966 1065 2020 in
1099 1965 1311 2019 castris
1343 1969 1713 2036 apparuerat.

575 2076 650 2129 De
680 2074 876 2129 Sancta
906 2073 1229 2144 Euphcmia
1261 2075 1583 2140 cognomine
1610 2078 1799 2127 Petra.

429 2167 485 2217 S.
519 2162 931 2235 Euphemiam,
964 2178 1092 2233 qua:
1143 2163 1313 2217 Petra
1342 2165 1739 2232 nuncupatur,
1774 2164 2015 2215 Anasta-

354 2251 481 2308 sius
513 2252 757 2308 Dicorus
789 2256 844 2306 et
875 2251 1130 2306 Ariadna
1162 2250 1572 2305 condiderunt.

782 2363 864 2413 De
893 2359 1197 2428 gerocomio
1231 2356 1584 2428 Geragatha’.

421 2448 827 2503 Gerocomium
853 2447 1192 2517 Geragatha:
1213 2446 1521 2500 aediﬁcavit
1551 2445 1773 2516 Agatha
1795 2444 2008 2509 vetula,

347 2538 499 2593 Petri
536 2536 769 2608 patricii
802 2534 924 2589 ﬁlia
957 2536 1122 2605 longe
1153 2533 1573 2605 pulcherrima,
1608 2549 1670 2586 ac
1702 2532 1820 2586 illic
1853 2532 2014 2586 babi-

347 2628 529 2682 tabat.
560 2626 652 2678 Sic
683 2630 877 2679 autem
914 2623 1209 2694 appellata
1261 2623 1394 2691 fuit,
1428 2639 1493 2677 eo
1525 2623 1676 2691 quod
1708 2621 2010 2692 virginita-

348 2720 468 2769 tem
503 2730 667 2768 suam
698 2714 798 2767 diu
843 2711 1129 2766 illibatam
1183 2711 1534 2778 servaverit;
1591 2711 2010 2766 Constantinus

351 2819 487 2856 vero
518 2803 921 2872 Copronymus
971 2800 1118 2854 hanc
1168 2799 1404 2854 violavit
1455 2799 1772 2870 multisque
1805 2799 2012 2854 ditavit

354 2889 587 2961 opibus.
639 2891 824 2954 Quare
870 2905 1001 2942 cum
1041 2887 1477 2943 celebrarentur
1523 2888 1646 2942 ludi
1680 2889 2006 2960 {circenses,

350 2978 692 3034 acclamavit
742 2978 792 3032 ei
851 2976 1104 3048 populus
1143 2976 1460 3049 :Agatham
1497 2978 1618 3045 jam
1669 2980 1905 3033 vetulam
1951 2988 2009 3034 tu

344 3070 637 3124 renovasti.
702 3068 990 3122 Caeterum
1049 3066 1179 3137 ipsa
1233 3066 1570 3122 clanculum
1629 3067 1722 3138 pie
1771 3073 2008 3125 sanctas

343 3158 634 3227 imagines
664 3155 910 3212 colebat.
959 3155 1248 3212 Absoluto
1281 3161 1477 3211 autem
1511 3157 1863 3228 gerocomio,
1896 3158 2007 3212 im-

349 3247 482 3319 pius
526 3245 624 3301 ille
673 3249 1074 3317 Copronymus
1126 3245 1184 3299 in
1237 3261 1423 3300 unum
1472 3245 1749 3302 collectas
1801 3262 2007 3303 omnes

355 3341 592 3393 sanctas
625 3335 912 3407 imagines
942 3335 1159 3390 ibidem
1184 3334 1304 3406 igni
1336 3334 1598 3390 tradidit.

349 3533 427 3588 De
455 3533 657 3588 statuis
709 3546 838 3603 quae
884 3531 1136 3602 proxime
1186 3531 1422 3586 Taurum
1467 3539 1655 3586 erectae
1685 3536 2007 3586 cernuntur.

423 3693 604 3762 Prope
629 3691 946 3747 Theodosii
968 3689 1159 3762 Magni
1179 3694 1434 3746 statuam
1466 3689 1525 3744 in
1555 3691 1790 3762 regione
1811 3693 2008 3761 Tauri,

347 3783 407 3836 in
441 3780 704 3835 inferiori
737 3784 899 3850 parte
954 3780 1108 3833 infra
1153 3778 1513 3846 columnam,
1548 3778 1839 3835 collocatae
1871 3785 2011 3835 sunt

351 3871 656 3938 equestres
690 3870 897 3921 statuae
930 3866 1159 3921 Arcadii
1193 3883 1257 3920 ac
1295 3865 1608 3921 Theodosii
1638 3865 1740 3920 ﬁlii
1773 3869 1922 3936 ejus,
1955 3871 2012 3922 et

354 3954 621 4010 Adriani.
675 3955 880 4010 Statua
930 3957 1127 4009 autem
1180 3953 1436 4009 colorata
1485 3971 1611 4026 quea
1643 3956 1702 4008 in
1735 3955 2009 4028 Zeuxippi

354 4044 604 4100 thermis
635 4043 746 4098 sita
776 4043 1012 4112 visitur,
1058 4042 1368 4114 Philippici
1399 4047 1486 4098 est
1536 4043 1815 4115 principis
1843 4061 2010 4100 man-

359 4133 708 4190 suetissimi.

745 4226 823 4277 De
855 4221 967 4277 loco
998 4221 1271 4276 Harmatiz
1301 4231 1636 4292 nuncupata.

427 4317 611 4368 Locus
637 4309 737 4383 qui
768 4310 1054 4366 Harmatii
1084 4308 1435 4380 appellatur,
1469 4310 1681 4366 domus
1711 4315 1834 4366 erat
1864 4315 2009 4366 Har-

357 4402 518 4457 matii
561 4400 872 4470 cujusdam
926 4399 1217 4470 magistri,
1268 4403 1530 4470 tempore
1580 4399 1826 4455 Zenonis
1860 4417 1873 4455 :
1908 4400 2010 4471 qui

2122 1871 2411 1948 Ἀριάδνης
2459 1872 2690 1946 ὁμοίως,
2719 1875 2808 1928 καὶ
2859 1874 3144 1950 ἀνήγειραν
3199 1873 3356 1929 αὐτὸν
3412 1875 3577 1948 μεγαν
3628 1872 3782 1946 ναὸν,

2124 1961 2264 2017 διότι
2294 1963 2617 2039 άνεφάνησεν
2653 1961 2813 2016 αὐτὸν
2845 1961 2894 2017 ἐν
2926 1968 3006 2034 τῷ
3035 1961 3309 2036 ταξειδίῳ.

2354 2069 2484 2142 Περὶ
2514 2075 2613 2136 τῆς
2643 2067 2826 2144 Ἁγίας
2859 2068 3148 2146 Εὐφημίας
3177 2073 3277 2138 τῆς
3308 2068 3536 2144 Πέτρας.

2195 2159 2310 2227 Τὴν
2363 2155 2420 2212 δὲ
2472 2156 2650 2233 Ἀγίαν
2726 2157 3017 2235 Εὐφημίαν
3073 2161 3172 2227 τήν
3233 2158 3438 2234 Πέτραν
3497 2158 3785 2232 ἀνήγειρεν

2122 2246 2468 2308 Ἀναστάσιος
2499 2247 2526 2301 6
2560 2245 2786 2322 Δίκορος
2817 2247 2907 2301 καὶ
2942 2244 3226 2320 ’Λριοίδνη.

2380 2351 2510 2427 Περὶ
2541 2357 2638 2406 τοῦ
2665 2352 3036 2427 γηροκομείου
3065 2352 3134 2407 τὰ
3160 2351 3504 2428 Γηραγάθης.

2193 2444 2274 2499 Τὰ
2333 2439 2389 2497 δὲ
2437 2443 2758 2516 Γηραγᾶθης
2813 2443 2877 2497 τὸ
2926 2448 3297 2517 γηροκομεῖον
3345 2444 3551 2517 Πέτρου
3582 2457 3788 2515 πατρι-

2120 2531 2242 2586 κίου
2297 2533 2532 2608 θυγάτηρ
2582 2528 2822 2604 τοῦνομα
2855 2531 3084 2606 Ἀγάθη,
3113 2535 3278 2606 γραῦς
3330 2531 3637 2606 ὡραιοτάτη
3695 2536 3782 2602 τῷ

2122 2619 2250 2676 εἴδει
2310 2618 2537 2698 σφόδρα,
2596 2619 2849 2696 ἀνήγειρε
2901 2624 3062 2675 τοῦτο
3094 2639 3106 2652 ’
3143 2621 3258 2694 εἶχε
3317 2617 3374 2674 δὲ
3430 2619 3561 2674 αὐτὸ
3601 2620 3778 2675 οἶκον.

2118 2711 2363 2780 Ἐκλήθη
2428 2707 2485 2764 δὶ
2544 2708 2738 2780 οὕτως,
2773 2706 2862 2764 διὰ
2906 2709 2968 2763 τὸ
3021 2707 3309 2787 φυλάσσειν
3360 2710 3458 2778 τὴν
3491 2710 3784 2784 παρθενίαν

2117 2798 2287 2868 αὐτῆς
2343 2799 2571 2873 χρόνους
2630 2797 2728 2852 οὐκ
2776 2795 3024 2873 ὀλίγους.
3052 2799 3113 2855 Ὀ
3167 2803 3571 2859 Κωνσταντῖνος
3601 2800 3629 2852 6
3662 2800 3777 2855 K06

2118 2890 2413 2967 πρώνυμος
2465 2885 2682 2964 ἔφθειρε
2719 2887 2944 2959 ταύτην,
2999 2884 3124 2948 δοὺς
3181 2886 3318 2960 αὐτῇ
3374 2885 3612 2942 πλοῦτον
3671 2909 3776 2942 πο-

2120 2978 2238 3036 λύν.
2270 2979 2514 3035 Ἱππικοῦ
2574 2976 2631 3031 δὲ
2679 2977 2999 3052 γενομάνου,
3049 2971 3261 3052 ἔκραξεν
3319 2978 3347 3030 ὁ
3405 2973 3599 3049 δῆμος·
3652 2980 3776 3031 Ὀτι

2114 3069 2320 3143 Ἀγάθη
2408 3066 2663 3142 ἰγηρασε,
2714 3065 2776 3122 σὺ
2863 3063 2919 3121 δὶ
3000 3065 3200 3137 ταύτην
3289 3067 3607 3127 ἀνενὲωσας.
3668 3053 3776 3121 Ἦν

2039 3193 2082 3260 C
2118 3154 2176 3211 δὶ
2206 3155 2259 3211 ἐν
2290 3160 2369 3228 τῷ
2402 3159 2626 3229 κρυπτῷ
2679 3149 2947 3260 σεϐομένη
3007 3154 3104 3217 τὰς
3163 3153 3314 3230 ἁγίας
3362 3155 3571 3215 εἴκόνας
3613 3156 3779 3230 ὀρθο-

2119 3243 2312 3318 δόξως.
2367 3243 2767 3320 ΙΙληρωθὲντος
2825 3240 2882 3299 δὶ
2937 3247 3036 3298 τοῦ
3105 3242 3478 3320 γηροκομείου
3529 3245 3557 3298 6
3617 3245 3778 3316 μισό-

2119 3354 2344 3409 χριστος
2405 3333 2782 3408 Κοπρώνυμος
2837 3331 3090 3408 ἀθροίσας
3169 3334 3266 3388 τὰς
3344 3333 3496 3408 ἁγίας
3558 3333 3773 3396 εἰκόνας

2117 3421 2437 3502 κατέφλεξεν
2472 3421 2664 3480 ἐκεῖσε.

2225 3530 2356 3604 Περὶ
2409 3534 2519 3585 τῶν
2576 3529 2815 3604 στηλῶν,
2848 3533 2963 3604 τῶν.
3017 3526 3254 3599 πλησίον
3314 3534 3410 3583 τοῦ
3457 3529 3668 3604 Ταύρου

2776 3602 3103 3674 ἱσταμένων.

2190 3690 2433 3761 Πλησίον
2495 3687 2552 3744 δε
2597 3696 2700 3759 τῆς
2749 3689 2962 3760 στήλης
3011 3687 3302 3746 Θεοδοσίου
3349 3694 3444 3744 τοῦ
3494 3691 3780 3765 Μεγάλου,

2119 3777 2408 3854 Ἀρκαδίου
2458 3778 2548 3833 καὶ
2602 3776 2895 3834 Θεοδοσίου
2923 3783 3021 3832 τοῦ
3062 3780 3182 3833 υἱοῦ
3214 3779 3399 3851 αὐτοῦ,
3429 3780 3518 3834 καὶ
3552 3779 3780 3856 Ἀδρια-

2118 3873 2236 3938 νοῦ,
2270 3867 2571 3944 ἀμφότεροι
2605 3863 2831 3944 ἔφιπποι
2875 3865 3121 3922 ἵστανται
3168 3866 3219 3922 ἐν
3263 3874 3380 3932 τοῖς
3424 3874 3521 3923 τοῦ
3566 3871 3783 3946 Ταύρου

2123 3958 2306 4031 μέρεσι
2363 3956 2600 4028 πλησίον
2657 3961 2752 4010 τοῦ
2810 3956 2990 4020 κίονος
3032 3958 3293 4022 κάτωθεν.
3344 3960 3409 4014 Ἡ
3470 3955 3526 4012 δὶ
3585 3958 3636 4013 ἂν
3699 3965 3783 4031 τῷ

2120 4046 2401 4118 Ζευξίππῳ
2460 4045 2679 4120 λουτρῷ
2754 4045 3017 4119 ἱσταμένη
3091 4044 3268 4116 στήλη
3328 4046 3388 4101 ἐκ
3439 4051 3785 4122 χρωμάτων,

2121 4133 2468 4190 Φιλιππικοῦ
2499 4132 2612 4188 ἐστι
2640 4138 2736 4188 τοῦ
2765 4134 3100 4209 πραοτάτου.

2642 4222 2774 4299 Περὶ
2808 4227 2907 4278 τοῦ
2930 4222 3247 4298 Ἀρματίου.

2188 4313 2261 4367 Τὰ
2321 4310 2378 4368 δὲ
2433 4311 2730 4388 ’Δρματίου
2793 4312 2944 4375 οἶκος
3001 4313 3068 4381 ἦν
3121 4313 3418 4387 Ἀρματίου
3469 4315 3618 4378 τινὸς
3681 4337 3788 4387 μα-

2119 4402 2343 4478 γίστρου
2388 4401 2439 4456 ὲν
2490 4406 2606 4462 τοῖς
2670 4400 2899 4475 χρόνοις
2950 4402 3219 4473 Ζήνωνος,
3253 4400 3347 4456 τοῦ
3408 4400 3784 4477 προδόσαντος

361 4506 492 4544 cum
527 4488 844 4544 exercitum
877 4487 1142 4542 Basilisci
1168 4487 1541 4558 prodidisset,
1565 4491 1733 4558 jussu
1764 4489 2008 4546 Zenonis

2138 4492 2210 4546 τὸν
2267 4490 2491 4566 στρατὸν
2545 4489 2636 4544 τὸν
2700 4490 2803 4544 ὑπὸ
2868 4489 3224 4560 Βασιλίσκου,
3281 4491 3664 4565 ἀναιρεθὲντος
3727 4491 3786 4547 εκ

358 4577 704 4633 interfectus
736 4581 845 4643 est,
875 4578 933 4631 in
966 4576 1202 4632 cochlea
1225 4593 1341 4648 qua
1372 4577 1711 4633 ascenditur
1736 4579 1805 4633 ad
1837 4579 2008 4634 tribu-

2138 4564 2442 4654 προτροπῆς
2477 4581 2728 4648 Ζήνωνος
2761 4578 2836 4640 είς
2877 4579 2970 4633 τὸν
3025 4577 3274 4652 Κοχλίαν
3333 4564 3420 4633 τὸν
3483 4579 3785 4655 ἐρχόμενον

363 4665 457 4720 nal
495 4665 895 4737 Hippodromi.

547 4773 622 4827 De
652 4772 849 4827 Sancto
887 4772 1310 4845 Thcophanone,
1334 4788 1458 4844 qua
1485 4781 1669 4828 exstat
1691 4775 1838 4845 apud

911 4844 1132 4900 Sancto:
1162 4847 1460 4916 Apostolus.

435 4931 752 4988 Ecclesiam
808 4934 865 4988 S.
915 4933 1384 5004 Theophanonis,
1428 4952 1552 5006 quae
1605 4936 1810 4992 visitur
1856 4941 2017 4993 extra

355 5029 606 5078 veterem
643 5024 1011 5078 monumenti
1033 5025 1418 5092 testudinem,
1437 5026 1700 5082 condidit
1732 5029 2013 5083 Constan-

356 5111 517 5167 tinus
551 5110 1111 5183 Porphyrogenitus,
1144 5112 1300 5168 filius
1335 5114 1542 5170 Leonis
1574 5114 1891 5186 Sapientis.

633 5202 709 5255 De
740 5202 974 5256 ecclesia
1005 5202 1059 5256 S.
1093 5202 1264 5257 Marci
1289 5220 1455 5274 prope
1487 5205 1744 5258 Taurum.

433 5289 748 5345 Ecclesiam
783 5289 840 5344 Β.
873 5291 1049 5345 Marci
1101 5308 1276 5363 prope
1323 5293 1582 5348 Taurum
1617 5293 1805 5363 primo
1838 5293 2015 5348 Theo-

363 5377 562 5433 dosius
597 5378 845 5449 Magnus
879 5396 1012 5434 cum
1041 5379 1214 5434 trullo
1247 5380 1439 5451 ligneo
1470 5382 1771 5436 exstruxit.
1807 5383 2017 5438 Postea

357 5471 529 5522 terrae
561 5472 721 5521 motu
755 5466 1072 5538 collapsam
1099 5469 1467 5524 reacdiﬁcawt
1490 5469 1789 5525 Romanus
1820 5472 2016 5526 senior

362 5555 708 5626 cognomine
740 5556 1102 5628 Lacapenus.

2126 4669 2175 4724 ἰν
2208 4673 2286 4741 τῷ
2319 4667 2612 4741 καθίσματι
2641 4671 2739 4722 τοῦ
2769 4665 3187 4742 Ἱπποδρομίου.

2125 4775 2257 4852 Περὶ
2288 4780 2387 4842 τῆς
2417 4775 2599 4849 Ἀγίας
2632 4777 2910 4870 Θεοιρανὼ,
2941 4782 3041 4844 τῆς
3085 4772 3250 4846 οὔσης
3293 4774 3371 4837 εἷς
3414 4775 3541 4837 τοὺς
3571 4777 3785 4851 Ἀγίους

2765 4847 3145 4904 Αποστόλους.

2813 4868 3145 4907 ποστοΑους.

2196 4937 2308 5004 Τὴν
2343 4933 2399 4990 δὲ
2433 4937 2611 5011 ’Δγίαν
2663 4938 2943 5015 Θεοφανώ,
2975 4938 3073 5005 τήν
3130 4930 3326 5008 ἔξωθεν
3385 4943 3482 5005 τῆς
3545 4935 3788 4999 παλαιᾶς

2125 5026 2335 5099 κόγχης
2417 5029 2513 5080 τοῦ
2595 5024 2990 5098 μνημοθεσίου,
3050 5025 3308 5100 ἀνήγειρε
3391 5032 3796 5089 Κωνστᾱντῖνος

2125 5112 2660 5190 Πορφυρογὲννητος,
2695 5116 2722 5169 6
2755 5114 2870 5176 υἱὸς
2900 5113 3139 5176 Λέοντος
3171 5118 3266 5168 τοῦ
3308 5119 3513 5180 Σοφοῦ.

2328 5202 2461 5278 Περὶ
2494 5208 2592 5258 τοῦ
2622 5203 2806 5279 Ἀγίου
2835 5205 3063 5277 Μάρκου
3102 5207 3200 5258 τοῦ
3241 5202 3316 5265 εἰς
3349 5207 3578 5276 Ταῦρον.

2194 5294 2253 5348 Ὀ
2307 5294 2504 5364 ’Ἀγιος
2557 5291 2800 5368 Μάρκος,
2860 5293 2888 5347 6
2945 5289 3186 5362 πλησίον
3253 5296 3352 5346 τοῦ
3400 5291 3642 5366 Ταύρου,
3701 5293 3795 5350 ἐκ-

2123 5379 2325 5451 κλησία
2402 5383 2466 5449 ἦν
2560 5379 2776 5457 μεγάλη
2863 5377 3294 5455 ξυλότρουλλος,
3353 5382 3632 5437 κτισθεῖσα
3691 5384 3797 5438 ὑπὸ

2125 5467 2415 5523 Θεοδοσίου
2488 5475 2582 5524 τοῦ
2651 5468 2928 5544 Μεγάλου.
2993 5469 3120 5524 Εἶτα
3198 5469 3301 5522 ὑπὸ
3366 5475 3594 5542 σεισμοῦ
3668 5494 3794 5527 κατ-

2126 5560 2435 5632 ενεχθεῖσαν
2513 5558 2795 5635 ἀνήγειρεν
2872 5557 3040 5630 αὐτὴν
3112 5559 3388 5632 Ῥωμανὸς
3445 5560 3472 5613 ὁ
3524 5563 3699 5635 γέρων
3765 5564 3790 5617 ό

2123 5647 2447 5718 Λακαπηνός
2459 5689 2471 5708 .
