4060 6214
386 329 543 390 1247

634 462 710 517 De
736 463 926 516 sancta
954 462 1246 517 Anastasia
1275 461 1778 533 Pharmacolytria.

454 640 712 695 Ecclesia
743 639 1129 696 S.Anastasiae
1160 638 1672 712 Pharmacolytriae
1695 639 1929 696 condita
1948 643 2037 696 est

386 730 459 785 ab
490 729 799 785 Anastasio
832 728 1038 784 Dicoro
1069 744 1135 782 eo
1168 728 1224 782 in
1258 727 1405 798 loco,
1439 728 1540 783 ubi
1589 732 1760 784 antea
1806 728 2034 800 patricii

386 819 692 887 cujusdam
725 817 1059 873 Pharmacae
1093 817 1417 888 nuncupati
1449 817 1662 874 domus
1693 818 1979 874 exstabat.

668 926 743 980 De
773 925 885 980 loco
915 925 1299 994 cognominata
1328 924 1749 980 Leomacellum.

458 1018 644 1069 Locus
671 1016 911 1068 vocatus
960 1012 1389 1068 Leomacellum
1442 1013 1577 1069 inde
1625 1029 1836 1069 nomen
1870 1030 2036 1069 acce-

388 1102 494 1175 pit,
530 1103 685 1174 quod
720 1101 796 1156 ibi
829 1100 971 1157 olim
1025 1102 1138 1156 Leo
1170 1118 1420 1173 magnus
1474 1103 1794 1173 imperator
1838 1118 2038 1159 carnes

385 1192 732 1247 vendiderit.
766 1190 918 1246 Uxor
947 1189 1120 1245 etiam
1154 1190 1281 1261 ejus
1312 1190 1561 1246 chordas
1590 1191 1920 1262 torquebat.

567 1370 640 1425 De
667 1369 898 1425 ecclesia
926 1371 1179 1440 Deiparz
1211 1368 1492 1424 Curatoris
1520 1373 1856 1441 nuncupata.

465 1458 728 1515 Ecclesia
756 1458 1015 1530 Deiparaa
1047 1458 1345 1514 Curatoris
1368 1457 1714 1531 cognomine
1743 1462 2040 1514 exstructa

391 1548 502 1605 fuit
540 1548 649 1603 sub
680 1547 896 1602 Verina
922 1546 1131 1603 Leonis
1176 1547 1404 1603 Macelae
1448 1564 1672 1614 uxore;
1703 1551 1760 1602 et
1807 1551 2042 1603 curator

387 1635 629 1708 quidam
660 1635 952 1705 ejusdem,
987 1638 1295 1691 structurae
1329 1636 1578 1707 praefuit,
1605 1652 1718 1707 quo
1750 1637 1822 1691 ad
1857 1635 2043 1692 instar

389 1724 647 1797 sepulcri
677 1723 914 1780 Domini
945 1725 1131 1779 ﬁeret.

935 1818 1015 1869 De
1045 1812 1499 1869 Christocamera.

461 1903 547 1958 Ad
570 1902 1095 1959 Christocameram
1124 1903 1335 1958 domus
1364 1905 1488 1958 erat
1537 1902 1791 1958 Moselis.
1823 1902 2046 1959 Pariter

392 1995 450 2047 et
478 1991 694 2047 Christi
724 1990 919 2062 imago
951 1990 1209 2062 proxime
1242 1995 1299 2046 S.
1330 1990 1607 2047 Acacium
1636 1992 1867 2064 depicta
1895 1996 2041 2063 erat,

391 2083 449 2135 et
478 2079 611 2135 ideo
642 2078 729 2134 sic
760 2087 1159 2149 nuncupatur.

725 2187 797 2242 De
826 2193 1030 2242 sancta
1057 2186 1215 2241 Anna
1247 2186 1401 2241 dicta
1431 2187 1712 2242 Deuteron.

464 2276 526 2332 In
576 2276 700 2331 loco
761 2274 1173 2345 cognominato
1220 2279 1464 2331 Deuteru
1530 2275 1854 2331 Justiniani
1902 2276 2042 2331 Rhi-

394 2366 639 2422 notmeti
670 2368 867 2420 statua
897 2369 1044 2429 erat,
1096 2381 1273 2436 quam
1327 2368 1526 2436 postea
1569 2364 1790 2420 Bardas
1833 2366 2042 2436 Caesar,

393 2452 695 2509 Michaelis
725 2451 1054 2508 avunculus
1078 2452 1287 2523 dejecit
1312 2451 2047 2525 confregitque,Nuncupa-

394 2545 489 2596 tus
520 2545 715 2597 autem
747 2546 834 2596 est
857 2541 1021 2596 locus
1053 2541 1343 2596 Deuteron
1377 2541 1555 2610 hujus
1586 2542 1665 2595 rei
1696 2542 1904 2613 gratia.
1935 2542 2044 2597 Ju-

395 2629 689 2684 stinianus
717 2617 1131 2684 Rhinotmetus
1160 2646 1193 2683 a
1227 2629 1459 2684 Leontio
1500 2630 1745 2700 patricio
1777 2630 1833 2684 in
1866 2630 2042 2685 Cher-

396 2734 597 2773 sonem
631 2717 921 2789 relegatus
964 2717 1094 2784 fuit,
1147 2718 1246 2772 ubi
1298 2735 1431 2773 cum
1481 2718 1680 2773 decem
1728 2719 2045 2775 mansisset

400 2823 607 2876 annos,
639 2806 893 2877 profugit
916 2806 1151 2861 tandem
1202 2807 1273 2861 ad
1321 2806 1607 2863 Terbelim
1661 2808 2042 2879 Bulgarorum

397 2896 852 2969 principem,qui
886 2894 1065 2950 filiam
1099 2912 1267 2951 suam
1290 2896 1654 2951 Theodoram
1689 2897 1799 2968 ipsi
1832 2898 1888 2952 in
1910 2914 2045 2954 uxo-

398 3005 518 3043 rem
566 2988 744 3056 dedit,
794 2991 851 3042 et
900 2988 1139 3058 insuper
1188 2987 1521 3059 quindecim
1572 2988 1757 3043 millia
1788 2988 2043 3044 militum

398 3076 888 3143 subministravit,
922 3093 1053 3131 cum
1086 3077 1298 3149 quibus
1338 3078 1906 3150 Constantinopolim
1940 3094 2042 3150 pe-

390 3166 524 3235 tiit;
560 3166 659 3220 sed
693 3180 824 3220 cum
858 3164 1010 3219 cives
1041 3182 1173 3220 eum
1208 3165 1461 3238 recipere
1493 3166 1735 3236 nollent,
1763 3167 2043 3223 simulata

2170 3172 2306 3249 (θεὶς
2366 3171 2512 3245 παρὰ
2566 3174 2674 3225 τῶν
2732 3168 2877 3231 ἐντὸς
2937 3167 3237 3223 οἲκούντων
3270 3211 3285 3238 ,

396 3256 555 3327 fuga,
590 3256 658 3309 ad
708 3260 933 3327 portam
986 3271 1112 3325 quae
1166 3256 1421 3326 Antiqua
1467 3255 1681 3310 dicitur
1710 3273 1773 3311 se
1803 3257 2040 3327 recepit,

395 3362 462 3401 ac
491 3344 627 3399 inde
658 3362 759 3418 per
787 3344 1197 3416 aquaeductum
1235 3345 1437 3399 urbem
1462 3344 1639 3399 subiit
1663 3347 1831 3416 juxta
1853 3344 2042 3401 basim

401 3432 706 3502 columnae,
741 3450 868 3504 quze
915 3436 1004 3488 est
1030 3433 1184 3488 intra
1223 3434 1461 3501 urbem;
1491 3450 1558 3489 ac
1606 3434 1851 3505 imperio
1892 3435 2045 3506 poti-

400 3528 498 3578 tur
530 3542 543 3591 ;
577 3525 633 3575 et
663 3522 745 3577 sic
778 3522 941 3577 locus
972 3520 1066 3576 ille
1116 3522 1563 3593 cognominatus
1594 3522 1702 3577 fuit
1732 3522 2044 3579 Deuteron.

399 3613 595 3683 quue
624 3615 885 3682 tempore
918 3609 1205 3681 templum
1236 3611 1461 3666 Sanctae
1505 3618 1686 3665 Anna:
1719 3612 2045 3680 aedificavit,

400 3700 679 3771 quoniam
714 3698 877 3753 uxori
912 3699 1100 3770 ipsius
1131 3699 1379 3769 gravidae
1403 3704 1605 3755 sancta
1637 3699 1733 3755 illa
1754 3700 2047 3772 apparuit.

400 3788 681 3843 Craterum
719 3787 1031 3841 matorium
1064 3803 1130 3842 ac
1158 3803 1368 3858 corpus
1392 3787 1655 3857 ejusdem
1689 3788 2051 3860 sanctaaipso

404 3876 730 3947 imperante
756 3874 815 3929 in
847 3876 1051 3929 urbem
1086 3874 1279 3930 delata
1304 3882 1467 3933 sunt.

953 3965 1021 4018 De
1053 3963 1329 4035 Chrysoba
1339 3963 1509 4019 tanta.

477 4051 1010 4123 Cbrysobalantum
1042 4052 1256 4107 domus
1286 4056 1412 4107 erat
1458 4052 1679 4108 Nicolai
1733 4054 1960 4126 patricii
1992 4071 2057 4110 ac

405 4139 777 4197 orientalium
827 4139 1162 4207 domestici,
1211 4157 1385 4211 quam
1422 4140 1519 4197 ille
1569 4142 1627 4197 in
1678 4144 1793 4199 duo
1837 4146 2059 4216 templa

405 4230 675 4296 mutavit,
707 4231 764 4285 S.
815 4228 1151 4300 archangeli
1202 4228 1501 4287 Michaelis
1552 4236 1610 4287 et
1657 4231 2059 4289 Panteleemo-

407 4323 521 4377 nis.
554 4321 699 4376 Nam
755 4320 882 4391 ipso
914 4320 973 4373 in
1024 4318 1235 4374 castris
1284 4324 1704 4387 commorante,
1755 4338 1901 4377 uxor
1930 4324 2058 4393 ejus

408 4411 482 4465 ab
550 4408 665 4464 alio
734 4409 993 4480 quodam
1063 4408 1529 4464 adulterabatur.
1617 4412 1742 4475 Qua
1823 4412 1895 4466 de
1976 4426 2058 4480 re,

1344 329 1739 391 APPENDIX
1780 328 1884 389 AD
1931 328 2394 392 MICHAELEM
2437 331 2832 395 PSELLUM.

2059 463 2115 529 Α

2074 1826 2121 1890 Β

3642 333 3799 393 1248

2234 460 2362 535 Περὶ
2419 468 2518 533 τῆς
2569 462 2757 538 Ἀγίας
2803 462 3155 590 ’Δνασῖασίας
3186 469 3289 533 τῆς
3337 462 3716 539 Φαρμακολυο

2893 556 2956 590 1o
2987 556 3071 590 ας.

2893 556 3071 597 τριας.

2893 556 2922 590 τ
2968 556 3071 597 ιας.

2218 640 2333 709 Τὴν
2394 637 2452 694 δὲ
2503 640 2682 716 Ἀγίαν
2744 556 3091 699 Ἀναστίσίαν
3146 643 3247 711 τὴν
3306 640 3799 717 Φαρμακολυτρίαν

2144 720 2348 782 ἔκτισεν
2377 729 2723 792 ’Δναστάσιος
2754 731 2782 786 6
2814 730 3061 805 Δίκορος·
3113 731 3375 807 πρότερον
3426 728 3485 786 δὲ
3534 730 3684 793 οἶκος
3734 732 3799 799 ἦν

2142 837 2289 880 τινος
2318 816 2607 893 πατρικίου
2639 824 2910 895 Φαρμακᾶ
2941 818 3262 896 λεγομένου.

2607 926 2739 1002 Περὶ
2784 930 2882 981 τοῦ
2919 925 3351 1000 Λεωμακέλλου.

2215 1015 2285 1069 Τὸ
2320 1012 2377 1069 δὲ
2406 1013 2807 1089 Λεωμάκελλον
2836 1013 3083 1071 καλεῖται
3115 1014 3173 1070 ἐκ
3229 1019 3328 1069 τοῦ
3378 1013 3587 1069 πωλεῖν
3634 1015 3806 1072 ἐκεῖσε

2144 1103 2235 1157 τὸν
2278 1104 2454 1178 Μέγαν
2492 1104 2699 1160 Λέοντα
2749 1104 2843 1159 τὸν
2890 1102 3116 1179 βασιλέα
3160 1105 3378 1179 κρέατα’
3437 1105 3528 1158 καὶ
3578 1106 3614 1173 ἡ
3671 1103 3807 1158 τού-

2145 1213 2243 1247 του
2273 1194 2412 1267 γυνὴ
2443 1190 2635 1249 ἔπλεκε
2661 1193 2758 1257 τὰς
2787 1190 3015 1269 χορδάς.
3053 1194 3145 1248 Ἐκ
3174 1193 3371 1248 τούτου
3406 1192 3497 1247 οὖν
3525 1189 3737 1264 ἐκλήθη
3774 1194 3802 1248 6

2146 1280 2316 1344 τόπος
2348 1280 2548 1345 οὕτως.

2644 1372 2775 1447 Περὶ
2822 1371 2890 1428 τὰ
2933 1372 3296 1448 Κουράτορος.

2216 1462 2293 1514 Τὰ
2335 1457 2674 1537 Κυυράτορος
2724 1460 3039 1531 ἐκτίσθησαν
3101 1459 3154 1514 ἰν
3206 1464 3324 1522 τοῖς
3376 1459 3603 1536 χρόνοις
3636 1460 3809 1536 Βηρί-

2147 1572 2263 1623 νης,
2292 1558 2392 1622 τῆς
2422 1553 2673 1628 γυναικὸς
2716 1556 2813 1606 τοῦ
2870 1549 3300 1625 Λεωμακέλλου’
3365 1550 3455 1605 καὶ
3506 1551 3534 1604 6
3588 1549 3808 1622 Κουρά-

2146 1661 2260 1716 τωρ
2290 1640 2458 1711 αὐτῆς
2488 1641 2811 1715 παρίσταται
2853 1639 2929 1703 εἲς
2984 1640 3047 1696 τὸ
3079 1640 3343 1713 ὁμοίωμα
3370 1642 3466 1694 τοῦ
3501 1638 3676 1717 τάφου
3701 1642 3805 1694 τοῦ

2149 1730 2370 1805 Κυρίου.

2596 1819 2724 1895 Περὶ
2752 1824 2850 1875 τοῦ
2880 1817 3352 1895 Χριστοκαμάρου.

2222 1908 2318 1970 Εἲς
2352 1905 2410 1963 δὲ
2439 1908 2499 1963 τὸ
2530 1908 2977 1985 Χριστοκάμαρον
3008 1909 3077 1977 ἦν
3103 1909 3131 1963 6
3181 1907 3331 1969 οἶκος
3378 1910 3475 1962 τοῦ
3528 1904 3809 1977 Μωσηλὲ.

2151 2000 2250 2053 Ἦν
2281 1997 2368 2053 καὶ
2423 1998 2451 2051 6
2496 1997 2728 2071 Χριστὸς
2774 1995 3153 2073 ἰστορισμένος
3198 1992 3439 2066 πλησίον
3484 1998 3583 2050 τοῦ
3612 1993 3809 2069 Ἀγίου

2153 2085 2430 2157 Ἀκακίου,
2458 2086 2547 2141 καὶ
2578 2082 2668 2141 διὰ
2694 2089 2855 2141 τοῦτο
2886 2084 3059 2147 οὕτως
3095 2083 3328 2155 ἐκλήθη.

2416 2192 2547 2268 Περὶ
2577 2200 2678 2262 τῆς
2708 2192 2893 2268 Ἀγίας
2924 2197 3125 2262 νΑννης
3153 2192 3216 2246 τὸ
3262 2190 3541 2265 Δεύτερον.

2223 2286 2345 2341 ’Ὁτι
2375 2282 2449 2345 είς
2481 2283 2544 2337 τὸ
2596 2281 2889 2358 λεγόμενον
2923 2281 3176 2356 Δεύτερον
3225 2280 3278 2335 έν
3314 2280 3393 2352 τῷ
3442 2279 3582 2334 κίονι
3624 2278 3812 2350 στήλη

2147 2373 2172 2429 ’ί
2386 2373 2428 2428 Ἰ
2738 2374 2765 2386 ’⁸
2889 2368 2917 2391 ⁷
2963 2370 3021 2427 Ῥ
3349 2387 3363 2402 ⁸
3463 2370 3477 2388 ¹
3572 2365 3596 2385 ’⁸

2176 2394 2337 2429 στατο
2434 2392 2770 2428 ουστινιανου
2824 2391 2920 2425 του
3028 2370 3325 2442 ινοτμήτου
3419 2390 3519 2438 την
3568 2369 3627 2423 οὶ
3678 2369 3817 2437 στή-

2153 2461 2255 2532 λην
2312 2462 2581 2535 κατήγαγε
2647 2456 2860 2533 Βάρδας
2916 2458 2946 2513 6
3005 2463 3228 2534 Καῖσαρ,
3287 2458 3316 2512 ὁ
3371 2463 3515 2521 θεῖος
3542 2452 3808 2532 Μιχαὴλ,

2150 2551 2241 2606 καὶ
2294 2550 2602 2622 συνέτριψεν
2661 2548 2851 2619 αὐτήν.
2911 2548 3156 2617 Ἐκλήθη
3219 2545 3277 2601 δὶ
3324 2546 3598 2618 Δεύτερον,
3661 2543 3809 2599 διότι

2152 2638 2426 2714 έξόριστος
2467 2637 2683 2713 γέγονεν
2717 2638 2745 2691 6
2773 2636 2938 2698 αὐτὸς
2985 2636 3360 2697 Ἰουστινιανὸς
3422 2634 3497 2697 εἷς
3545 2636 3811 2710 Χερσῶνι

2150 2729 2298 2804 παρὰ
2352 2728 2612 2782 Λεοντίου
2660 2725 2968 2801 πατρικίου’
3032 2726 3265 2795 ποιήσαν
3297 2722 3355 2778 6‘s
3409 2722 3520 2778 ἐκεῖ
3564 2724 3813 2798 χρόνους

2152 2815 2300 2887 δέκα,
2354 2817 2443 2871 καὶ
2503 2818 2646 2893 φυγῇ
2686 2814 3060 2890 χρησάμενος,
3116 2812 3360 2878 ἀπῆλθεν
3418 2812 3493 2874 εἷς
3550 2813 3641 2866 τὸν
3673 2812 3811 2887 Τέρ-

2151 2902 2305 2962 6ελιν
2345 2908 2452 2960 τῶν
2505 2903 2839 2978 Βουλγάρων
2890 2902 3164 2977 ἀρχηγὸν,
3221 2902 3311 2956 καὶ
3369 2901 3537 2975 ἤγαγέ
3588 2922 3648 2955 τε
3703 2901 3810 2969 τὴν

2150 2996 2315 3051 αὐτοῦ
2372 2994 2635 3070 θυγατέρα
2693 2991 2922 3065 ὀνόματι
2979 2987 3285 3062 Θεοδώραν,
3344 2988 3433 3044 καὶ
3485 2986 3611 3050 δοὺς
3654 2987 3809 3060 αὖτῷ

2150 3080 2410 3160 χιλιάδας
2471 3083 2528 3137 ιε’
2579 3081 2736 3149 λαὸν,
2768 3080 2859 3134 καὶ
2891 3078 3065 3142 ἐλθὼν
3095 3077 3146 3133 ἐν
3197 3082 3267 3151 τῇ
3294 3075 3457 3133 πόλει
3485 3077 3571 3131 καὶ
3607 3078 3681 3149 μὴ
3714 3074 3806 3131 6:-

3348 3167 3671 3239 ὑπέστρεψεν
3727 3164 3814 3227 εὶς

2151 3264 2250 3331 τὴν
2308 3258 2543 3317 παλαιὰν
2593 3259 2823 3335 πόρταν,
2869 3257 2960 3312 καὶ
3011 3255 3269 3319 εἰσελθὼν
3320 3256 3571 3310 ἀπεκεῖσε
3603 3254 3681 3317 εἷς
3710 3255 3807 3308 τὸν

2152 3351 2366 3428 ἀγωγὸν
2430 3348 2649 3419 ἐξῆλθεν
2700 3346 2777 3411 εἷς
2812 3347 2876 3401 τὸ
2926 3345 3178 3418 θεμέλιον
3233 3348 3330 3399 τοῦ
3380 3343 3565 3403 κίονος
3608 3338 3811 3397 ἔσωθεν

2151 3445 2253 3507 τῆς
2310 3436 2549 3505 πόλεως,
2604 3437 2695 3492 καὶ
2752 3433 3015 3509 έκράτησο
3074 3435 3172 3502 τήν
3227 3429 3526 3508 βασιλείαν,
3570 3431 3661 3486 καὶ
3709 3429 3814 3485 οὗ-

2154 3551 2263 3593 τως
2291 3527 2497 3598 ἐκλήθη
2526 3526 2554 3580 6
2610 3525 2776 3587 τόπος
2804 3523 2869 3580 τὰ
2901 3523 3174 3599 Δεύτεροψ
3225 3520 3314 3576 καὶ
3359 3520 3483 3575 τότε
3526 3520 3619 3575 τὸν
3680 3520 3811 3573 ναὸν

2156 3622 2255 3684 τῆς
2288 3617 2441 3694 ἁγίας
2487 3615 2765 3691 ἀνήγειρεν
2808 3615 3033 3683 Ἀννης,
3084 3613 3167 3666 ὅτι
3219 3605 3409 3685 ἔγκυος
3453 3608 3517 3677 ἦν
3575 3611 3611 3677 ἡ
3670 3611 3815 3683 γυνή

2159 3705 2345 3776 αὖτοῦ,
2395 3704 2484 3761 καὶ
2538 3703 2796 3773 ὠπτάνθη
2847 3703 2986 3775 αὐτῇ
3017 3703 3052 3770 ἡ
3104 3699 3249 3775 ἁγία·
3306 3698 3454 3754 ἀλλὰ
3490 3696 3673 3752 καὶτὸ
3704 3702 3824 3752 Μαι

2162 3796 2350 3875 φόριον
2377 3793 2468 3850 καὶ
2506 3794 2569 3848 τὸ
2600 3797 2759 3867 σῶμα
2789 3791 2960 3860 αὐτῆς
2990 3789 3073 3844 ἔπ’
3108 3788 3272 3844 αὐτοῦ
3323 3785 3573 3853 εἰσῆλθεν
3607 3784 3687 3846 εἷς
3716 3786 3820 3854 τήν

2160 3883 2351 3942 πόλιν.

2590 3970 2717 4044 Περὶ
2767 3972 2863 4024 τοῦ
2912 3960 3386 4043 Χρυσοὸαλάντου.

2233 4060 2312 4118 T6
2344 4057 2401 4116 δὲ
2428 4053 2883 4136 Χρυσοϐάλαντον
2938 4055 3091 4117 οἶκος
3146 4056 3214 4123 ἦν
3245 4051 3529 4110 Νικολάου
3561 4048 3833 4124 δομεστί-

2164 4168 2265 4203 κου
2292 4153 2396 4217 τῆς
2425 4143 2728 4213 Ἀνατολῆς
2775 4144 2867 4198 καὶ
2918 4141 3231 4217 πατρικίου,
3290 4141 3347 4194 ὃν
3400 4140 3690 4213 ἀνήγειρεν
3754 4138 3832 4199 εἷς

2167 4234 2327 4297 ναοὺς
2387 4232 2526 4305 δύο,
2587 4236 2684 4287 τοῦ
2750 4231 3227 4306 ’Δρχιστρατήγου
3302 4227 3393 4282 καὶ
3464 4230 3564 4281 τοῦ
3636 4225 3831 4300 Ἀγίου

2169 4320 2620 4395 Παντελεήμονος
2652 4365 2666 4378 .
2738 4320 3103 4393 Χρονίσαντος
3176 4315 3233 4371 δὶ
3304 4316 3354 4371 έν
3408 4320 3489 4387 τῷ
3547 4311 3831 4385 ταξειδὶῳ,

2167 4410 2471 4486 ’ἐμοιχεύθη
2522 4412 2556 4479 ἡ
2615 4409 2749 4483 γυνή
2813 4404 3002 4475 αὐτοῦ,
3036 4406 3123 4461 καὶ
3161 4404 3421 4467 εἰσελθὼν
3457 4402 3509 4458 ἐν
3645 4401 3834 4467 πόλει,

411 4514 543 4552 cum
596 4497 655 4551 in
708 4497 910 4552 urbem
963 4496 1258 4564 rediisset,
1326 4498 1540 4552 certior
1604 4498 1791 4553 factus
1858 4500 2045 4555 ambo:

2171 4500 2260 4555 καὶ
2294 4499 2478 4572 μαθὼν
2527 4502 2688 4553 τοῦτο
2719 4495 2988 4552 ἑκοίτασεν
3043 4494 3406 4572 ἀμφοτέρους,
3436 4492 3529 4546 καὶ
3584 4487 3833 4564 μεληδὸν

407 4585 467 4640 in
502 4584 652 4640 lecto
680 4583 999 4640 collocatos
1031 4585 1392 4640 articulatim
1435 4586 1641 4641 secuit.
1674 4588 1931 4643 Tandem
1977 4605 2045 4645 re

2176 4559 2370 4650 αὐτοὺς
2396 4589 2712 4660 κατέκοψεν.
2766 4588 3039 4659 ’Έσχατον
3074 4559 3237 4643 δὲέίς
3282 4578 3488 4636 ἔννοιαν
3518 4579 3699 4643 ἐλθὼν
3741 4582 3841 4632 τοῦ

416 4673 752 4729 cordatione
785 4678 841 4727 et
872 4678 1032 4728 metu
1065 4673 1676 4744 exlremijudicii,duo
1701 4674 1820 4729 hazc
1850 4676 2070 4748 templa

413 4761 721 4818 exstruxit.
757 4760 899 4816 Cum
932 4778 1089 4828 vero,
1125 4761 1396 4818 absoluta
1438 4764 1563 4833 jam
1606 4764 1721 4819 fere
1751 4768 2066 4835 structura,

412 4853 484 4907 ob
535 4851 795 4923 pecunia:
842 4867 1140 4906 summam
1190 4856 1525 4922 angeretur,
1583 4854 1858 4924 apparuit
1908 4853 1959 4907 ei
2009 4853 2067 4907 in

414 4957 628 4997 somno
660 4940 904 5012 angelus
942 4940 1171 4996 Domini
1204 4940 1406 4995 dicens
1440 4956 1454 4996 :
1488 4941 1596 4996 Abi
1628 4942 1683 4996 in
1725 4941 1918 4997 locum
1968 4941 2070 5014 qui

416 5033 506 5086 est
536 5029 843 5103 proximus
872 5029 1114 5101 Asparis
1143 5029 1433 5095 cisternae,
1464 5034 1522 5085 et
1551 5030 1812 5086 invenies
1840 5047 2070 5087 crume-

417 5135 555 5173 nam
588 5122 825 5174 centum
859 5118 987 5172 auri
1029 5116 1209 5173 iibras
1257 5117 1679 5174 continentem.
1728 5118 1890 5182 Quod
1934 5136 2068 5175 cum

416 5207 759 5274 invenisset,
792 5206 986 5263 locum
1020 5205 1184 5261 illum
1208 5206 1293 5262 sic
1324 5208 1704 5278 nuncupavit.

830 5296 1223 5351 Monasterium
1248 5297 1658 5352 chtinatz'onis.

493 5384 935 5451 Monasterium,
972 5386 1128 5454 quod
1154 5384 1602 5457 cognominatur
1635 5385 2065 5453 Festinationis,

421 5473 735 5529 aedificavit
764 5474 1003 5529 domina
1034 5475 1197 5528 Anna
1237 5474 1443 5528 Leonis
1491 5473 1677 5527 Isauri
1727 5490 1889 5529 uxor.
1921 5474 2067 5530 Cum

419 5561 574 5619 enim
607 5566 989 5617 reverteretur
1012 5579 1080 5617 ex
1110 5561 1450 5617 Blachernis
1480 5561 1801 5631 gravida,et
1832 5562 2068 5633 parien-

422 5652 478 5705 di
524 5651 773 5705 instaret
815 5655 1074 5722 tempus,
1132 5650 1399 5720 ingressa
1454 5650 1696 5705 domum
1753 5651 2065 5723 cujusdam

2178 4672 2412 4753 φοϐεροῦ
2460 4674 2766 4751 κριτηρίου,
2817 4671 3062 4748 ἀνήγειρε
3108 4670 3235 4733 τοὺς
3276 4668 3463 4730 ναούς.
3506 4668 3717 4724 Ἐλθὼν
3780 4664 3839 4721 δὲ

2178 4767 2253 4830 εἰς
2284 4768 2345 4821 τὸ
2374 4764 2537 4827 τέλος
2562 4768 2660 4820 τοῦ
2707 4764 3008 4836 κτίσματος
3035 4760 3125 4816 καὶ
3173 4758 3465 4833 ἀδημονῶν
3518 4755 3611 4812 διὰ
3660 4759 3840 4811 ποσό-

2175 4875 2315 4925 τητα
2344 4852 2596 4930 χρυσίου,
2660 4851 2814 4928 ὤφθη
2867 4851 3019 4921 αὐτῷ
3068 4849 3185 4903 κατ’
3237 4844 3366 4922 ὄναρ
3416 4842 3654 4920 ἄγγελος
3725 4850 3841 4899 Ko-

2181 4942 2324 5019 ρίου,
2354 4940 2443 4997 καί
2475 4942 2615 4997 εἶπεν
2645 4941 2816 5011 αὐτῷ’
2849 4935 3084 4995 ’Ἃπελθε
3122 4935 3201 4999 εἷς
3230 4938 3322 4990 τὸν
3370 4933 3540 4989 τόπον
3593 4932 3843 5002 πλησίον

2176 5036 2277 5098 τῆς
2335 5032 2611 5106 ’Δσπαρος
2683 5028 2999 5103 κινστέρνης
3046 5025 3134 5081 καὶ
3203 5023 3449 5099 εὖρήσεις
3504 5021 3842 5098 βαλλάντιον

2180 5117 2311 5197 ἕχον
2340 5119 2570 5196 χρυσίου
2630 5117 2818 5193 λίτρας
2881 5118 2945 5194 ρ’.
2979 5114 3082 5173 Καὶ
3132 5113 3303 5189 εύρὼν
3337 5111 3468 5167 αὐτὸ
3512 5110 3697 5167 ἐκάλει
3752 5111 3849 5165 τὸν

2175 5210 2343 5266 τόπον
2376 5207 2572 5271 οὕτως.

2636 5296 2699 5351 Ἢ
2740 5295 2877 5368 μονή
2925 5298 3030 5349 τῶν
3083 5288 3360 5361 Σπουδῆς.

2246 5386 2323 5440 Τὰ
2353 5384 2621 5459 λεγόμενα
2683 5379 2934 5452 Σπουδῆς
2984 5384 3018 5452 ἠ
3056 5382 3216 5454 μονή,
3286 5379 3514 5446 Ἅνναή
3576 5374 3843 5432 δέσποινα

2176 5474 2379 5544 ταύτην
2434 5473 2746 5548 ἀνήγειρεν,
2793 5475 2828 5541 ἡ
2877 5471 3013 5547 γυνὴ
3070 5468 3297 5533 Λέοντος
3323 5472 3420 5523 τοῦ
3470 5470 3839 5542 Συρογενοῦς·

2178 5561 2517 5640 στρεφομένη
2596 5561 2703 5615 ἀπὸ
2769 5558 3100 5635 Βλαχερνῶν
3170 5558 3299 5612 οὖσα
3362 5555 3553 5631 ἔγκυος
3604 5555 3686 5618 εἰς
3739 5555 3830 5609 τὸν

2175 5651 2363 5727 καιρὸν
2409 5656 2506 5706 τοῦ
2557 5654 2730 5707 τεκεῖν
2783 5647 2971 5720 αὐτὴν,
3027 5648 3118 5702 καὶ
3172 5644 3485 5702 εἷ’σελθοῦσα
3538 5642 3616 5705 εἷς
3683 5643 3830 5699 οἶκόν
