4060 6214
240 312 396 373 1249

1363 305 1730 371 ΑΝΟΝΥΜῙ
1773 306 2356 377 ANTIOUITATES
2398 308 2519 370 ΟΡ.

3490 320 3651 380 1250

238 459 384 501 τινος
456 436 952 514 πρωτοσπαθαρίου
1028 432 1225 493 ἔτεκεν.
1288 436 1545 507 Ἐποίητε
1611 434 1668 491 δὶ
1722 435 1886 491 αὐτὸν

2034 438 2460 511 μινοιοερειιὴιιιιὶἰ
2479 440 3131 515 peperit;domnumque
3148 444 3207 500 in
3226 451 3651 507 monasterium

244 529 436 601 μονὴν,
467 527 558 582 καὶ
611 526 960 600 ἐπωνόμασεν
1017 525 1183 596 αὐτὴν
1238 523 1516 595 Σπουδῆς,
1550 523 1641 580 διὰ
1685 526 1747 581 τὸ
1804 524 1894 579 ἒπ-

2003 543 2231 583 versam
2264 527 2679 584 Festinationis
2708 530 3002 602 appellare
3033 532 3236 601 voluit,
3259 537 3332 591 ob
3364 539 3654 596 accelera-

241 618 403 692 είγειν
445 616 612 685 αὐτὴν
656 615 826 671 ἐκεῖσε
873 616 964 670 τὸν
1014 616 1259 688 τοκετὸν,
1289 615 1378 670 καὶ
1418 615 1495 688 μὴ
1546 616 1789 693 φθάσασα
1821 612 1896 677 εἰς

2034 632 2129 670 um
2162 620 2741 688 partum,antequam
2775 620 2845 674 ad
2879 619 3159 691 palatium
3194 627 3494 695 pervenire
3525 646 3660 700 pos-

242 708 304 762 τὸ
334 706 621 763 παλάτιον.
656 708 874 763 Ἕκτισε
906 702 963 761 δὶ
991 704 1083 760 καὶ
1112 705 1177 759 τὰ
1206 710 1429 775 νΑννης.

2002 709 2110 760 set.
2143 708 2425 760 Praeterea
2452 705 2740 778 templum
2770 712 2826 762 S.
2860 711 3038 765 Annae
3069 712 3344 772 concidit.

1094 840 1173 891 De
1200 837 1507 908 gerocomio
1542 834 1746 901 Severi,
1781 850 1844 888 ac
1872 832 2074 904 templo
2104 832 2175 887 ab
2202 832 2322 901 ejus
2351 848 2523 888 uxore
2552 833 2790 891 condito.

312 928 555 1007 Σὲὗηρος
634 932 918 1007 πατρίκιος
1001 932 1029 987 6
1106 929 1543 1009 ἀδελφοποιητὸς
1627 927 1896 1006 βασιλέως

241 1023 614 1092 Κώνσταντος,
673 1026 768 1076 τοῦ
850 1021 1081 1096 ἱγγόνου
1133 1019 1483 1097 Ἡρακλείου,
1530 1024 1627 1075 τοῦ
1692 1021 1896 1093 ἀναιρε-

243 1112 425 1176 οὲντος
484 1111 535 1165 ἐν
603 1115 683 1183 τῷ
746 1109 1022 1184 βαλανείῳ
1076 1107 1328 1173 Σικελίας
1360 1130 1373 1143 ο
1435 1105 1608 1164 ἔκτισε
1657 1106 1714 1163 δὲ
1768 1107 1900 1163 αὐτὸ

241 1205 634 1274 γηροκομεῖον⁹
667 1197 805 1253 διότι
860 1198 1008 1261 οἶκος
1056 1200 1125 1268 ἦν
1174 1197 1339 1253 αὐτοῦ
1372 1217 1387 1231 °
1428 1199 1515 1253 καὶ
1549 1200 1583 1267 ἡ
1624 1198 1759 1272 γυνὴ
1805 1196 1899 1250 αὖ·

244 1294 339 1344 τοῦ
393 1290 519 1345 ναὸν
579 1289 857 1364 ἀνήγειρε,
891 1286 1028 1343 διότι
1092 1287 1227 1361 μετᾶ
1280 1289 1342 1342 τὸ
1394 1293 1663 1365 σφαγῆναι
1712 1285 1764 1340 ἐν
1817 1292 1903 1339 Σι·

239 1378 397 1448 κξλίᾳ
450 1378 542 1433 τὸν
600 1375 846 1452 βασιλέα,
902 1376 1107 1439 ἐκεῖνος
1159 1375 1360 1453 ἐπάρας
1438 1377 1527 1431 τὸν
1587 1373 1899 1447 Ῥωμαϊκὸν

245 1465 441 1523 στόλον
468 1466 699 1532 ἀνῆλθεν
723 1464 828 1528 ἓως
857 1471 955 1521 τοῦ
986 1465 1269 1525 Φοίνικος.

635 1573 698 1629 Ἦ
733 1574 870 1645 μονή
900 1576 1001 1628 τοῦ
1028 1570 1486 1648 Μητροπολίτου.

312 1664 434 1715 Ὅτι
491 1662 558 1714 τὰ
614 1659 1051 1737 Μητροπολίτου
1116 1661 1215 1728 τήν
1297 1660 1466 1731 μονήν
1520 1658 1903 1719 Ἰουστινιανὸς

2079 930 2328 986 Severus
2375 932 2676 1002 patricius,
2729 934 2907 989 frater
2952 937 3259 1008 adoptivus
3312 942 3653 1001 Constantis

2008 1019 2399 1091 imperatoris,
2434 1022 2531 1092 qui
2566 1038 2746 1094 nepos
2778 1022 3027 1079 Heraclii
3062 1026 3193 1097 fuit,
3247 1032 3303 1083 et
3350 1030 3407 1084 in
3459 1031 3661 1089 Sicilia

2009 1109 2065 1164 in
2090 1108 2298 1164 balneo
2319 1111 2552 1166 occisus
2574 1115 2681 1178 est,
2716 1111 2979 1167 condidit
3011 1112 3207 1184 ipsum
3234 1121 3660 1192 gerocomium,

2008 1196 2143 1266 quia
2164 1196 2377 1253 ibidem
2397 1199 2608 1254 domus
2622 1199 2809 1271 ipsius
2824 1202 3255 1274 exstabat.Ejus
3277 1222 3506 1279 quoque
3519 1226 3665 1265 uxor

2006 1284 2294 1356 templum
2328 1287 2657 1343 aedificavit.
2708 1290 2932 1344 Etenim
2980 1291 3411 1362 imperatorein
3463 1297 3663 1354 Sicilia

2009 1373 2336 1444 interfecto,
2355 1375 2601 1446 ipsemet
2622 1382 2852 1447 sumpta
2880 1378 3141 1436 Romana
3163 1381 3349 1440 classe
3370 1385 3440 1440 ad
3466 1384 3657 1443 locum

2012 1480 2198 1535 usque
2227 1465 2518 1521 Pbmnicis
2551 1472 2957 1540 nuncupatum
2992 1472 3274 1541 pervenit.

2430 1574 2831 1629 Monasterium
2860 1576 3216 1648 Metropolitae
3231 1620 3243 1633 .

2084 1659 2500 1716 Monasterium
2536 1662 2883 1733 cognomine
2921 1667 3303 1738 Metropolita:
3360 1672 3660 1729 conditum

245 1745 475 1806 ἔκτισεν.
508 1747 753 1854 Ἐκλήθη
790 1746 847 1804 δὶ
895 1748 1088 1818 οὕτως,
1121 1747 1204 1803 ὅτι
1228 1766 1229 1769 ‘
1257 1747 1409 1809 οἶκος
1455 1748 1521 1816 ἦν
1570 1747 1741 1802 ἰκεῖσε
1789 1748 1905 1817 Μη·

2034 1752 2101 1803 :st
2148 1766 2182 1803 a
2227 1748 2583 1806 Justiniano.
2647 1752 2731 1806 Ita
2762 1768 2896 1809 vero
2930 1761 3334 1825 nuncupatum
3368 1765 3478 1828 est,
3510 1762 3661 1833 quod

2038 1837 2225 1858 ULn
2273 1838 2477 1858 ,ηηη
2720 1846 2758 1858 κ.
2873 1843 2884 1853 .
2986 1843 3000 1858 .
3139 1844 3246 1858 ...

244 1836 581 1913 τροπολίτου
609 1832 779 1900 τινός.

494 1944 622 2018 Περὶ
658 1950 757 2014 τῆς
788 1942 973 2019 Ἁγίας
999 1944 1295 2022 Εὐφημίας
1324 1943 1385 1997 τὸ
1418 1942 1661 2018 Πετρίον.

324 2035 434 2103 Τὴν
467 2030 525 2088 δὲ
552 2032 726 2107 Ἀγίαν
788 2031 1073 2108 Εὗφημίαν
1119 2032 1183 2087 τὸ
1231 2030 1477 2108 Πετρίον,
1510 2032 1600 2085 καὶ
1650 2029 1902 2105 λουτρὸν⁹

252 2120 541 2184 Βασίλειος
601 2122 883 2198 ἀνήγειρεν
938 2122 967 2177 6
1021 2119 1293 2195 βασιλεὺς,
1322 2120 1413 2175 καὶ
1468 2121 1564 2181 τὰς
1616 2118 1907 2195 θυγατέρας

249 2208 416 2264 αὖτοῦ
446 2208 616 2265 ἐκεῖσε
650 2210 918 2286 ἀπέκειρε.

789 2301 917 2374 Περὶ
948 2306 1048 2369 τῆς
1081 2297 1372 2361 [Ιλατείας.

318 2390 443 2445 ’Ότι
491 2388 521 2442 6
574 2391 768 2464 ’Ἄγιος
816 2386 1033 2451 Ἡσαΐας
1073 2388 1163 2443 καὶ
1210 2389 1536 2462 Λαυρὲντιος
1584 2386 1903 2458 ἐκτίσθησαν

244 2478 396 2550 παρὰ
423 2481 736 2548 Μαρκιανοῦ
775 2476 864 2531 καὶ
918 2475 1283 2552 Πουλχερίας.
1316 2477 1392 2534 Τὸ
1441 2473 1500 2532 δὶ
1545 2476 1698 2553 ἅγιον
1744 2480 1907 2550 σῶμα

242 2570 344 2621 τοῦ
375 2567 660 2644 προερήτου
690 2565 814 2633 ήκεν
846 2566 952 2621 ἀπὸ
982 2564 1367 2640 Ἰερουσαλήμ.

778 2672 909 2749 Περὶ
940 2676 1037 2728 τοῦ
1058 2672 1377 2747 Ἀντιόχου.

318 2761 397 2816 Τὰ
449 2759 506 2816 δὶ
553 2762 847 2838 Ἀντιόχου
924 2761 1072 2825 οἶκος
1138 2763 1205 2831 ἦν
1264 2760 1553 2837 Ἀντιόχου
1616 2781 1907 2838 πατρικιου

246 2851 343 2906 καὶ
403 2852 768 2925 πραιποσίτου
824 2851 914 2906 καὶ
963 2848 1229 2927 βαϊοόλου
1272 2848 1569 2907 Θεοδοσίου
1612 2855 1709 2906 τοῦ
1768 2852 1911 2926 βασι⁸

250 2940 417 3012 λὲως,
458 2938 674 3005 πολλὰς
702 2941 879 3016 ἀρχὰς
926 2937 1274 3005 διανύσαντος
1322 2940 1374 2995 ἐν
1422 2944 1491 3014 τῇ
1542 2937 1671 3015 δόξῃ
1722 2941 1905 2995 αὐτοῦ.

254 3027 533 3093 Πλούσιός
582 3027 639 3084 δὲ
696 3027 902 3108 σφόδρα
975 3024 1291 3105 γενόμενος,
1351 3031 1576 3105 πτωχὸς
1662 3029 1906 3100 τέθνηκε,

250 3114 347 3228 id
412 3119 475 3173 τὸ
551 3115 735 3173 ἄδικον
805 3120 893 3173 καὶ
972 3113 1231 3191 ἔπιϐαρὺν
1308 3124 1439 3173 πᾶσι
1493 3118 1737 3194 γενέσθαι
1813 3118 1904 3172 καὶ
1935 3158 1979 3228 C

252 3204 465 3263 δόλιον.

694 3297 826 3372 Περὶ
855 3297 919 3351 τὸ
950 3296 1189 3352 Παλαιὸν
1223 3297 1469 3373 Πετρίον.

324 3387 452 3442 ’Ότι
492 3386 554 3440 τὸ
602 3383 840 3441 Παλαιὸν
891 3384 1119 3461 ΙΙετρίον
1156 3387 1302 3448 οἶκος
1352 3387 1419 3455 ἦν
1463 3386 1669 3461 Πέτρου
1722 3407 1911 3461 πατρι-

248 3474 370 3529 κίον
416 3473 468 3529 ιν
507 3480 624 3538 τοῖς
670 3474 893 3551 χρόνοις
934 3478 1032 3530 τοῦ
1085 3472 1347 3551 Μεγάλου
1378 3476 1785 3547 Ἰουστινιανοΰ,
1818 3475 1910 3530 καὶ

251 3558 442 3639 ἔλεγον
490 3562 650 3618 αὐτὸν
706 3563 1091 3640 Βαρσαμιανὸν
1142 3564 1235 3619 τὸν
1298 3562 1498 3639 Σύρον,
1545 3562 1639 3618 τὸν
1697 3562 1913 3625 πολλὰς

250 3650 433 3727 ἀρχὰς
464 3649 782 3708 διανύσαντα
809 3652 861 3707 ἐν
892 3657 962 3727 τῇ
990 3650 1117 3728 δόξῃ
1149 3652 1338 3711 αὐτοῦ.

756 3830 889 3905 Περὶ
920 3834 1026 3884 τῶν
1059 3829 1405 3904 Βλαχερνῶν.

330 3918 432 3973 Τὸν
486 3919 611 3973 ναὸν
660 3919 749 3973 τὸν
802 3920 965 3994 μέγαν
1033 3922 1141 3972 τῶν
1199 3916 1552 3993 Βλαχερνῶν,
1605 3919 1916 3997 Μαρκιανὸς

251 4008 344 4063 καὶ
407 4005 752 4083 Πουλχερία,
809 4010 843 4077 ἡ
900 4006 1098 4062 τούτου
1172 4008 1332 4082 γυνὴ,
1390 4007 1669 4084 ἀνήγειρεν
1729 4007 1912 4079 αὐτὸν,

250 4097 540 4167 κοσμήσας
587 4094 675 4151 διὰ
715 4095 1036 4151 πολυτελῶν
1074 4095 1398 4172 μαρμάρων.
1431 4096 1658 4172 Βλάχνα
1696 4098 1799 4173 γὰρ
1844 4098 1910 4167 ἦν

248 4183 307 4240 ἓν
366 4189 447 4257 τῷ
491 4185 639 4257 αὖτῷ
683 4184 862 4257 τόπῳ,
909 4184 1001 4239 καὶ
1055 4183 1349 4256 ἐκόπησαν,
1400 4186 1495 4239 εἶθ’
1535 4184 1707 4250 οὕτως
1765 4184 1911 4241 ἐκτί-

248 4276 357 4345 σθη
394 4274 421 4328 6
470 4274 615 4337 ναός.
668 4274 702 4343 ἢ
749 4274 833 4329 ὅτι
888 4272 1089 4336 λάκκος
1130 4275 1198 4343 ἦν
1246 4274 1275 4328 ὸ
1315 4274 1483 4337 τόπος
1530 4275 1618 4329 καί
1668 4294 1801 4329 ποτε
1839 4273 1915 4329 ἐν·

246 4362 636 4433 αποκληθὲντα
701 4362 953 4419 λακέντια
1019 4361 1384 4437 ἠγρεύθησαν,
1441 4360 1531 4417 καὶ
1608 4359 1698 4417 διὰ
1750 4367 1912 4418 τοῦτο

248 4448 469 4522 ἰκλήθη
503 4450 788 4527 Βλαχὲρνα
818 4450 907 4507 καὶ
958 4456 1281 4529 Λακαῖρναι,
1312 4449 1403 4506 διὰ
1445 4451 1508 4506 τὸ
1557 4451 1687 4507 εἶναι
1726 4448 1915 4506 πολλὰ

250 4536 452 4597 ὕδατα.

752 4628 883 4705 Περὶ
912 4630 1009 4699 τῆς
1037 4628 1192 4705 ἁγίας
1224 4632 1423 4706 Σοροῦ.

330 4717 444 4785 Τήν
500 4714 556 4772 δὲ
599 4718 757 4792 ἁγίαν
794 4717 964 4792 Σορὸν
998 4716 1273 4793 ἀνήγειρεν
1300 4717 1329 4772 6
1359 4715 1738 4791 Λεομακέλης,
1772 4716 1911 4774 διότι

249 4804 309 4861 ἐν
370 4810 492 4868 τοῖς
562 4807 788 4883 χρόνοις
856 4805 1022 4861 αὐτοῦ
1078 4804 1245 4883 ἐφάνη
1300 4807 1335 4876 ἡ
1406 4808 1521 4871 θεία
1580 4805 1766 4877 ἰσθής,
1823 4808 1914 4863 καὶ

249 4893 420 4969 ἴχνη,
459 4895 551 4949 καὶ
579 4895 765 4952 πολλὰ
794 4897 923 4972 ἅγια
952 4894 1201 4968 θαύματα
1226 4896 1447 4971 γεγονεν
1481 4895 1559 4959 εἲς
1586 4894 1767 4959 τέλος.

690 5073 821 5151 Περὶ
846 5078 942 5128 τοῦ
974 5072 1133 5150 ἁγίου
1166 5072 1475 5146 Λούματος.

325 5163 546 5218 Ἔκτισε
598 5160 656 5218 δὲ
710 5162 802 5218 καὶ
877 5164 942 5217 τὸ
1016 5164 1212 5235 Λοῦμα
1282 5159 1373 5216 καί
1440 5160 1748 5238 ἐπεκύρωσε
1821 5162 1912 5218 καὶ

243 5251 514 5324 κτήματα
569 5250 773 5321 πολλὰ,
804 5251 892 5307 καὶ
946 5250 1134 5320 σκεύη,
1191 5250 1282 5306 καὶ
1331 5249 1618 5324 κειμήλια.
1652 5252 1796 5323 Ἔξω
1856 5249 1913 5306 δὲ

241 5342 359 5409 τῆς
418 5339 622 5416 πόρτας
693 5339 1003 5416 ἐτύγχανεν.
1056 5340 1183 5395 Ὑπὸ
1263 5337 1321 5395 δὲ
1376 5337 1700 5415 Ἡρακλείου
1757 5360 1912 5417 περι-

244 5426 537 5500 εκλείσθη,
580 5430 883 5505 γινομένων
934 5431 1106 5485 ἐκεῖσε
1158 5428 1447 5504 θαυμάτων
1491 5429 1580 5484 καὶ
1634 5430 1907 5485 όπτασιῶν

244 5516 489 5574 πολλῶν
518 5525 619 5590 τῆς
648 5519 798 5595 ἁγίας
831 5518 1118 5577 Θεοτόκου.

2013 1837 2231 1892 ibidem
2268 1838 2480 1893 domus
2511 1843 2765 1895 exstaret
2792 1843 3105 1912 cujusdam
3138 1844 3537 1919 Metropolitae.

2282 1950 2361 2000 De
2391 1945 2591 2001 Sancta
2621 1949 2926 2018 Eupliemia
2955 1951 3178 2007 Petrion
3209 1952 3383 2010 dicta.

2086 2034 2362 2089 Sanctam
2396 2034 2778 2106 Euphemiam
2802 2040 3150 2109 cognomine
3182 2042 3509 2111 Petrion,et
3538 2045 3661 2102 bal-

2014 2138 2192 2178 neum
2223 2120 2505 2177 Basilium
2536 2123 2854 2196 imperator
2879 2128 3164 2199 condidit,
3215 2147 3281 2187 ac
3325 2132 3477 2190 filias
3523 2152 3663 2191 suas

2013 2209 2235 2267 ibidem
2268 2212 2544 2266 totondit.

2681 2308 2760 2359 De
2789 2305 3002 2361 Platea.

2086 2390 2368 2446 Sanctum
2403 2391 2709 2461 [saiam,ac
2740 2393 3117 2451 Laurentium
3146 2397 3507 2458 aediﬁcarunt
3529 2408 3665 2459 Mar-

2015 2477 2221 2535 cianus
2249 2484 2306 2536 et
2336 2480 2660 2536 Pulcheria.
2686 2484 2908 2554 Corpus
2942 2489 3135 2540 autem
3171 2487 3335 2543 Isaiae
3366 2491 3663 2563 prophetae

2015 2567 2418 2641 Hierosolyma
2448 2569 2709 2625 delatum
2746 2571 2873 2626 fuit.

2500 2680 2580 2730 De
2610 2676 2721 2731 loco
2749 2677 2999 2733 Antiochi
3026 2678 3189 2736 dicto.

2088 2761 2149 2817 ln
2182 2762 2307 2819 loco
2338 2763 2612 2819 Antiochi
2644 2769 2871 2833 vocato,
2906 2767 3118 2824 domus
3147 2769 3447 2828 visebatur
3473 2774 3667 2831 Antio-

2018 2849 2111 2906 chi
2142 2850 2372 2923 patricii
2404 2856 2459 2907 et
2488 2853 2804 2924 praepositi,
2830 2854 2927 2925 qui
2959 2855 3197 2926 bajulus
3228 2859 3339 2914 fuit
3365 2862 3670 2920 Theodosii

2017 2938 2414 3009 imperatoris,
2446 2945 2502 2995 et
2534 2940 2724 2995 multa
2752 2958 2886 2997 cum
2918 2941 3093 2999 laude
3126 2945 3408 3017 plurimos
3452 2953 3666 3023 magis-

2016 3031 2207 3082 tratus
2236 3029 2438 3099 gessit.
2473 3028 2576 3084 Hic
2620 3034 2816 3085 autem
2864 3031 2973 3086 etsi
3027 3036 3297 3091 maximis
3345 3038 3671 3096 abundaret

2019 3115 2256 3184 divitiis,
2290 3122 2547 3173 attamen
2578 3117 2752 3190 inops
2784 3119 3048 3188 decessit,
3082 3138 3149 3177 eo
3179 3125 3333 3195 quod
3382 3128 3667 3201 injustus,

2018 3206 2196 3273 esset,
2226 3207 2283 3259 et
2311 3203 2586 3259 omnibus
2615 3205 2809 3276 gravis
2841 3223 2905 3261 ac
2937 3208 3362 3267 fraudulentus.

2260 3294 2336 3347 De
2365 3292 2600 3362 aedi/icio
2631 3299 2957 3366 nuncupata
2993 3298 3146 3353 Vetus
3175 3302 3425 3357 Parion.

2090 3380 2420 3436 Ediﬁcium
2445 3382 2601 3453 quod
2624 3382 2957 3454 appellatur
2979 3385 3161 3443 Vetus
3182 3389 3433 3458 Petrion,
3460 3392 3670 3451 domus

2020 3474 2146 3526 erat
2173 3470 2327 3526 Petri
2358 3470 2587 3542 patricii
2618 3476 2882 3543 tempore
2931 3474 3254 3532 Justiniaui
3300 3479 3516 3552 Magni,
3568 3484 3670 3554 qui

2021 3558 2228 3613 Petrus
2273 3559 2805 3630 cognominabatur
2861 3562 3277 3622 Barsamianus
3328 3568 3534 3640 Syrus,
3584 3571 3672 3627 vir

2021 3662 2257 3703 summa
2297 3663 2431 3702 cum
2490 3645 2663 3704 laude
2718 3647 2989 3720 plurimis
3040 3654 3489 3725 magistratibus
3539 3676 3672 3730 per-

2024 3735 2287 3792 functus.

2608 3828 2685 3882 De
2713 3826 3071 3885 Bias/ternis.

2091 3917 2300 3986 Magna
2355 3914 2602 3971 ecclesia
2656 3916 3115 3975 Blacbernarum
3175 3924 3417 3980 condita
3481 3927 3593 3982 fuit
3641 3945 3674 3982 a

2024 4003 2319 4059 Marciano
2349 4009 2405 4059 et
2432 4003 2740 4061 Pulcheria
2770 4008 2899 4078 ejus
2934 4024 3131 4080 uxore,
3150 4027 3217 4067 ac
3248 4012 3424 4069 variis
3456 4018 3513 4071 et
3542 4032 3672 4088 pre-

2023 4092 2192 4148 tiosis
2225 4093 2620 4149 marmoribus
2650 4100 2949 4152 exornata.
2986 4098 3172 4154 Locus
3204 4101 3361 4155 enim
3409 4102 3504 4157 ille
3546 4109 3673 4159 erat

2023 4180 2293 4237 silicibus
2323 4183 2841 4253 consitus,quibus
2872 4186 3111 4240 remotis
3143 4187 3352 4243 deinde
3384 4191 3670 4262 templum

2022 4268 2155 4324 istic
2186 4274 2587 4325 constructum
2618 4276 2739 4340 est;
2787 4272 2877 4327 vel
2931 4272 3069 4343 quia
3107 4291 3173 4329 eo
3223 4274 3281 4330 in
3331 4275 3458 4332 loco
3507 4277 3673 4334 lacus

2023 4361 2168 4429 erat,
2199 4374 2265 4413 ac
2294 4358 2484 4429 pisces
2536 4358 2788 4415 lacentia
2834 4360 2974 4415 dicti
3024 4361 3441 4434 capiebantur;
3486 4370 3544 4422 et
3590 4367 3675 4423 id-

2024 4447 2178 4503 circo
2209 4446 2283 4503 ob
2313 4447 2753 4503 multitudinem
2786 4464 3076 4519 aquarum
3110 4449 3425 4508 Blacberna
3457 4458 3513 4510 et
3564 4456 3670 4512 La-

1941 4527 1990 4593 D
2023 4552 2224 4591 cernae
2255 4535 2651 4608 appellantur.

2530 4626 2605 4681 De
2633 4641 2796 4681 sacro
2829 4625 3163 4683 Conditorio.

2101 4716 2348 4770 Sacrum
2399 4713 2807 4769 Conditorium
2867 4715 3178 4773 aediﬁcavit
3229 4718 3341 4777 Leo
3401 4722 3677 4796 Macelas,

2024 4802 2303 4873 quoniam
2332 4802 2460 4875 ipso
2491 4802 2814 4875 imperante
2845 4809 3074 4877 reperta
3103 4810 3192 4862 est
3221 4808 3417 4866 divina
3459 4815 3673 4885 vestis;

2022 4891 2362 4964 ibidemque
2392 4892 2581 4949 multa
2610 4894 2781 4965 signa
2813 4909 2878 4949 ac
2909 4895 3180 4968 prodigia
3208 4904 3486 4971 perpetuo
3540 4904 3672 4959 ede-

2022 4980 2258 5036 bantur.

2588 5074 2664 5128 De
2689 5090 2845 5130 sacro
2865 5075 3095 5131 Balnea.

2093 5160 2337 5214 Sacrum
2371 5160 2652 5216 Balneum
2684 5162 2754 5218 ab
2785 5162 2987 5218 eodem
3039 5162 3388 5234 imperatore
3437 5171 3667 5223 exstru-

2022 5251 2182 5303 ctum
2252 5248 2386 5317 fuit,
2446 5249 2767 5322 multisque
2835 5250 3332 5323 possessionibus,
3387 5254 3545 5310 vasis
3605 5274 3673 5314 ac

2022 5336 2268 5393 cimeliis
2301 5338 2862 5396 ditatum.Balneum
2894 5338 3002 5395 hoc
3032 5338 3173 5393 olim
3202 5342 3327 5395 erat
3355 5346 3518 5400 extra
3546 5363 3676 5418 por-

2021 5430 2374 5498 tam:postea
2422 5444 2554 5485 vero
2604 5428 2675 5485 ab
2726 5425 2990 5483 Heraclio
3039 5442 3209 5481 muro
3261 5428 3516 5488 cinctum
3562 5441 3674 5505 est,

2021 5514 2176 5586 quod
2209 5515 2429 5572 ibidem
2455 5518 2641 5574 multa
2673 5513 2956 5572 miracula
2983 5514 3319 5591 ederentur,
3366 5525 3423 5578 et
3469 5529 3675 5582 sancta

2021 5602 2280 5676 Deipara
2308 5606 2645 5679 frequenter
2672 5607 3003 5677 appareret.
