3970 6218
342 237 495 298 1255

1294 228 1691 289 Al’PENDlX
1740 227 1842 286 AD
1890 226 2353 288 MIGHAELEM
2400 226 2786 289 PSELLUM.

3604 229 3746 287 1256

336 371 408 425 De
438 367 634 438 tempto
664 365 873 421 Sanctae
913 362 1249 447 Euphemus,
1281 376 1409 432 quae
1453 364 1636 415 exstat
1684 359 1743 412 in
1790 358 1990 430 Hippo-

2164 357 2233 432 spi
2312 364 2413 427 τῆς
2476 356 2665 433 ’Δγίας
2746 354 3036 447 Εὖέρημίας
3113 363 3209 425 τῆς
3285 356 3336 411 ἐν
3408 357 3491 426 τῷ
3579 359 3750 413 Ἱππο-

1056 435 1269 489 dromo.

408 544 719 617 Templum
760 544 819 598 S.
868 541 1220 614 Euphemiae,
1273 538 1429 610 quod
1481 536 1540 591 in
1590 535 1987 608 Hippodrome

337 636 615 703 cernitur,
662 632 1081 689 Constantinus
1129 633 1373 699 Magnus
1423 626 1729 696 exstruxit,
1759 628 1817 681 et
1862 641 1992 697 pre-

337 727 490 783 tiosa
518 724 819 781 exornavit
850 721 1113 776 materia.
1146 718 1362 773 Verum
1415 720 1546 789 post
1593 714 1989 787 quadringen-

336 826 428 876 tos
458 818 699 891 triginta
729 819 786 870 et
813 818 940 869 octo
984 828 1170 867 annos
1223 810 1640 866 Constantinus
1696 808 1989 879 Coprony-

341 926 473 965 mus
505 908 839 976 imperator,
873 900 1084 956 Christi
1118 916 1183 955 ac
1214 898 1315 955 Dei
1348 898 1557 967 hostis,
1594 897 1737 951 illud
1788 896 1845 950 in
1898 912 1990 949 ar-

341 992 794 1051 mamentarium
829 995 885 1045 et
916 987 1357 1059 sterquilinium
1391 985 1693 1059 publicum
1719 984 1989 1049 mutavit,

339 1090 396 1141 et
426 1081 703 1153 reliquias
753 1078 899 1133 heu!
955 1080 1172 1133 sanctae
1226 1075 1559 1147 Euphemize
1610 1090 1745 1129 cum
1796 1071 1986 1128 loculo

339 1175 397 1228 in
449 1170 805 1244 profundum
864 1166 1045 1221 maris
1107 1165 1366 1237 projecit.
1423 1164 1557 1219 Post
1616 1180 1801 1217 annos
1853 1177 1986 1217 vero

337 1260 579 1333 triginta
626 1275 727 1314 sex
775 1258 937 1311 Irene
985 1254 1253 1326 piissima
1303 1257 1570 1326 Augusta
1620 1250 1988 1307 Atheniensis

337 1349 447 1404 hoc
498 1344 787 1417 templum
838 1341 1228 1409 reazdiﬁcavit,
1288 1345 1346 1397 et
1395 1339 1673 1411 reliquias
1732 1344 1989 1409 reperlas

338 1454 405 1494 eo
437 1437 650 1493 iterum
680 1430 1003 1488 transtulit.

386 1558 465 1609 De
494 1551 696 1621 templo
724 1552 782 1605 δ.
817 1548 1053 1605 Joannis
1080 1546 1450 1601 Przcursoris
1481 1543 1579 1600 Illi
1604 1553 1943 1614 nuncupata.

412 1663 475 1715 In
505 1658 633 1713 loco
680 1653 1093 1727 cognominato
1146 1651 1255 1717 Illi,
1310 1651 1409 1705 ubi
1462 1654 1653 1705 exstat
1698 1648 1985 1721 templum

2812 444 3049 501 ορομιῳ.

2169 536 2269 590 Τὸν
2343 532 2401 590 δε
2460 534 2587 590 ναὸν
2668 541 2771 603 τῆς
2846 533 3003 609 ἁγίας
3059 534 3352 612 Εὐφημίας
3411 542 3513 605 τῆς
3575 534 3628 589 ἰν
3684 540 3754 606 τῷ

2099 622 2478 700 Ἰπποδρομίῳ
2536 624 2562 678 6
2616 623 2800 698 Μέγας
2849 629 3247 684 Κωνσταντῖνος
3303 625 3581 699 ἀνήγειρε,
3637 645 3755 677 κοσ-

2105 716 2281 786 μήσῃς
2326 712 2483 769 αὐτὸν
2520 709 2609 766 διὰ
2666 709 3007 773 πολυτελοῦς
3040 710 3199 782 ὅλης,
3253 709 3373 777 υλη’
3418 710 3479 767 δὲ
3536 712 3753 786 χρόνων

2099 799 2504 875 παρελθόντων,
2540 795 2795 863 ἐλθόντος
2826 804 2921 855 τοῦ
2964 801 3219 873 μισοθὲου
3248 800 3337 855 καὶ
3386 801 3755 877 μισοχρίστου

2104 887 2370 967 βασιλέως
2422 889 2799 965 Κοπρωνύμου
2850 891 3301 961 Κωνσταντίνου,
3354 889 3617 960 ἐποίησεν
3672 891 3759 944 αὖ·

2096 982 2188 1035 τὸν
2245 979 2592 1055 Ἀρμαμὲντα
2646 978 2737 1033 καὶ
2794 980 3174 1053 κοπροθὲσιον,
3234 978 3322 1032 καὶ
3374 979 3437 1033 τὸ
3500 977 3755 1052 λεὲψανον

2097 1076 2195 1139 τῆς
2227 1068 2383 1143 ἁγίας
2443 1068 2761 1143 Εὗφημίας,
2812 1069 2945 1144 φεῦι
3002 1066 3093 1121 σὺν
3149 1071 3218 1141 τῇ
3267 1065 3497 1142 λάρνακι
3541 1068 3621 1132 εἷς
3667 1070 3757 1124 τὸν

2103 1159 2262 1235 βυθὸν
2321 1164 2419 1227 τῆς
2476 1155 2756 1228 Θαλάσσης
2816 1152 3033 1233 ἔρριψεν
3067 1198 3080 1211 .
3152 1157 3298 1210 Μετὰ
3357 1154 3413 1211 δὶ
3466 1158 3760 1232 τριάκοντα

2096 1245 2149 1320 ἕξ
2216 1247 2449 1323 χρόνους
2524 1245 2734 1321 Εἰρήνη
2812 1247 2847 1315 ἡ
2918 1240 3273 1315 εὐσεϐεστάτη
3352 1244 3643 1321 Αὖγοόστα
3722 1249 3757 1315 ἡ

2099 1336 2374 1407 Ἀθηναία,
2404 1340 2595 1390 τοῦτον
2627 1333 2794 1389 πάλιν
2826 1331 3244 1408 ἀνῳκοδόμησε,
3275 1334 3365 1389 καὶ
3403 1334 3467 1389 τὸ
3498 1334 3758 1409 λείψανον

2099 1423 2327 1499 εὑροῦσα
2357 1419 2532 1502 ἔφερε.

2419 1539 2549 1613 Περὶ
2583 1544 2679 1594 τοῦ
2728 1538 3055 1614 Προδρόμου
3090 1543 3183 1593 τοῦ
3214 1537 3429 1595 Ἵλλου.

2166 1650 2288 1704 ’Ὁτι
2357 1645 2423 1701 τὰ
2498 1644 2765 1721 λεγόμενα
2833 1642 3023 1700 Ίλλου
3097 1646 3125 1700 6
3185 1642 3532 1720 Πρόδρομος,
3592 1648 3753 1721 πηγὴ

340 1750 399 1805 S.
432 1744 699 1817 [Joannis
750 1741 1156 1810 Praecursoris,
1207 1740 1348 1796 olim
1399 1740 1527 1795 fons
1576 1742 1719 1805 erat,
1769 1738 1827 1792 in
1879 1756 1994 1810 quo

2164 1735 2377 1812 ὄγχανε,
2462 1734 2552 1790 καὶ
2630 1734 2977 1809 ἐνεμφώλευε
3062 1731 3273 1807 δράκων
3354 1736 3753 1809 παμμεγέθης.

337 1838 513 1892 draco
544 1834 754 1904 ingens
788 1831 1085 1895 latitabat;
1119 1828 1237 1883 illic
1268 1833 1393 1883 tum
1438 1832 1494 1883 et
1539 1828 1810 1882 mrarium
1870 1828 1985 1883 im-

339 1924 556 1997 periale
585 1925 731 1986 erat,
766 1928 821 1974 et
852 1918 1071 1973 multos
1100 1916 1235 1971 illac
1268 1919 1639 1971 transeuntes
1671 1916 1846 1972 draco
1885 1918 1989 1972 de—

338 2014 597 2070 vorabat.
631 2012 883 2066 Sanctus
912 2024 1045 2062 vero
1084 2005 1359 2078 Hypatius
1410 2021 1542 2060 cum
1593 2021 1659 2059 eo
1706 2006 1987 2061 accessis-

338 2106 448 2173 set,
483 2118 591 2158 suo
635 2098 863 2165 baculo,
914 2096 974 2151 in
1027 2096 1196 2167 cujus
1245 2095 1364 2149 ima
1412 2099 1574 2165 parte
1623 2092 1769 2150 clavi
1817 2094 1987 2151 ferrei

340 2191 496 2248 afﬁxi
529 2194 713 2256 erant,
744 2188 893 2243 facto
925 2184 1112 2240 crucis
1144 2185 1334 2256 signo,
1386 2184 1697 2238 draconem
1748 2199 1987 2254 percus-

337 2281 413 2336 sit
457 2297 524 2335 ac
572 2276 884 2342 interfecit,
939 2275 1074 2329 hinc
1124 2272 1558 2344 apprehensum
1609 2272 1670 2326 in
1724 2273 1984 2327 medium

336 2370 527 2427 forum
558 2384 692 2424 eum
726 2370 1025 2421 mortunm
1073 2362 1337 2435 projecit,
1390 2378 1455 2417 ac
1510 2359 1630 2432 igni
1678 2361 1922 2416 tradidit
1968 2377 1981 2415 :

334 2463 393 2515 et
422 2458 638 2514 idcirco
672 2455 836 2511 locus
882 2453 978 2508 ille
1029 2452 1144 2507 tale
1192 2468 1404 2506 nomen
1455 2449 1735 2516 obtinuit,
1786 2449 1873 2505 vel
1913 2450 1984 2505 ab

336 2546 441 2605 Illo
474 2544 776 2617 magistro,
810 2541 911 2614 qui
951 2540 1267 2613 imperium
1299 2540 1684 2608 aﬁ‘ectaverat,
1736 2538 1986 2595 ibidem-

342 2652 454 2708 que
482 2632 807 2689 habitabat.

739 2744 815 2797 De
843 2741 1028 2797 eodem
1057 2738 1266 2811 templo
1292 2738 1392 2793 Illi
1419 2739 1582 2795 dicto.

406 2840 715 2914 Templum
747 2840 805 2895 S.
834 2837 1078 2894 Joannis
1110 2836 1511 2906 Praacursoris,
1547 2834 1636 2890 Illi
1678 2853 1983 2908 nuncupa-

337 2937 487 3002 tum,
538 2931 749 2985 domus
793 2927 1013 2984 exstitit
1059 2925 1146 2981 Illi
1198 2924 1486 2997 magistri,
1541 2925 1638 2996 qui
1691 2925 1983 2996 praeclaris

342 3019 663 3089 multisque
697 3019 934 3073 functus
965 3020 1053 3071 est
1079 3013 1469 3085 dignitatibus
1503 3014 1612 3068 sub
1645 3014 1828 3070 Leone
1861 3015 1980 3069 Ma-

338 3110 461 3165 cela
517 3112 575 3164 et
619 3109 867 3162 Zenone.
916 3105 1077 3159 Idem
1132 3102 1274 3157 Illus
1324 3102 1633 3173 imperium
1677 3104 1976 3169 affectans,
2012 3092 2054 3159 C

342 3197 601 3254 collectis
632 3213 699 3251 ex
733 3192 945 3267 populo
977 3191 1352 3263 septuaginta
1382 3191 1541 3246 mille
1581 3191 1873 3247 militibus
1923 3191 1981 3246 in

335 3285 644 3343 Antiochia
699 3300 912 3355 magna
967 3281 1026 3336 in
1084 3282 1373 3336 Zenonem
1425 3279 1778 3348 insurrexit;
1832 3281 1983 3335 Zeno

338 3393 474 3433 vero
508 3376 791 3431 adversus
821 3388 955 3428 eum
989 3371 1227 3425 fratrem
1263 3385 1437 3424 suum
1491 3369 1816 3441 Longinum
1860 3386 1982 3423 ma-

338 3466 592 3538 gistrum
642 3462 806 3518 misit
855 3477 986 3515 cum
1042 3474 1254 3530 magna
1304 3458 1560 3513 militum
1591 3475 1786 3513 manu.
1820 3458 1984 3514 Com-

338 3553 522 3609 misso
571 3557 767 3607 autem
818 3549 1014 3621 praelio
1064 3563 1243 3618 prope
1294 3563 1568 3618 magnam
1616 3546 1985 3602 Antiochiam

331 3643 520 3698 victus
551 3645 641 3696 est
672 3638 987 3709 Longinus,
1021 3640 1078 3691 et
1105 3635 1197 3691 vix
1228 3634 1411 3702 solus,
1470 3635 1739 3690 universo
1795 3634 1985 3691 deleto

334 3729 616 3795 exercitu,
650 3726 1018 3782 Antiochiam
1052 3741 1113 3780 se
1146 3724 1379 3794 recepit,
1416 3723 1521 3777 lllo
1556 3722 1783 3778 viribus
1815 3723 1985 3796 longe

338 3816 640 3888 superiore
698 3814 1031 3870 exsistente.
1081 3812 1298 3867 Verum
1349 3812 1499 3866 Zeno
1548 3811 1835 3868 Joannem
1884 3830 1985 3884 pa-

335 3905 598 3974 tricium,
631 3902 974 3974 cognomine
1007 3901 1284 3966 Curvum,
1317 3917 1449 3954 cum
1484 3916 1694 3971 magno
1744 3901 1985 3973 Scytha-

339 4010 467 4049 rum
500 3997 557 4049 et
602 3991 985 4047 Macedonum
1037 4005 1213 4043 manu
1266 3988 1323 4041 in
1367 3987 1691 4043 Seleuciam
1746 3988 1982 4062 legavit,

336 4081 537 4154 ibique
593 4083 859 4137 conserto
912 4077 1127 4150 praelia,
1178 4076 1319 4131 Illus
1367 4092 1502 4132 cum
1553 4078 1676 4133 suis
1724 4079 1986 4136 devictus

335 4176 440 4228 est.
476 4171 587 4226 Sed
618 4169 752 4240 fuga
780 4167 841 4222 in
872 4167 1165 4239 quoddam
1196 4164 1501 4221 castellum
1532 4165 1768 4237 elapsus
1798 4185 1831 4223 a
1861 4169 1986 4224 suis

336 4259 673 4316 domesticis
702 4256 914 4313 Joanni
943 4256 1228 4327 proditur,
1262 4272 1295 4310 a
1326 4271 1441 4325 quo
1490 4259 1547 4309 et
1594 4254 1803 4326 reliqui
1858 4257 1985 4327 ejus

338 4350 516 4405 duces
547 4344 960 4419 comprehensi
991 4343 1381 4415 decollatique
1432 4348 1589 4399 sunt.
1649 4348 1986 4415 Horumque

338 4437 630 4509 capitibus
663 4452 781 4491 una
809 4450 943 4490 cum
996 4433 1186 4504 capite
1237 4431 1323 4487 Illi
1374 4432 1551 4487 hastae
1596 4432 1791 4489 infixis
1837 4434 1983 4490 Con-

340 4524 789 4595 stantinopolim
824 4521 1151 4593 ingreditur
1180 4522 1452 4576 Joannes.
1488 4523 1769 4576 Ceterum
1801 4521 1987 4594 impe-

340 4614 487 4670 ravit
518 4612 660 4668 Illus
690 4628 924 4667 menses
951 4609 1415 4681 qualuordecim.

652 4727 723 4782 De
754 4726 867 4782 loco
896 4734 1210 4797 nuncupata
1240 4726 1671 4781 Phocolisthum.

412 4838 626 4893 Locum
675 4832 1154 4905 cognominatum
1206 4830 1643 4887 Phocolisthum
1697 4832 1831 4888 inde
1880 4851 1987 4890 no-

345 4941 480 4983 men
550 4922 849 4995 accepisse
916 4920 1218 4978 contendit
1267 4921 1607 4977 Panodorus
1661 4921 1985 4994 Egyptius,

340 5015 518 5087 quod,
555 5030 689 5069 cum
723 5011 947 5067 Phocas
979 5010 1302 5081 imperator
1350 5009 1482 5065 illac
1523 5026 1674 5082 equo
1720 5010 1986 5068 insidens

338 5102 743 5181 pertransiret,
775 5117 964 5171 equus
1008 5100 1137 5170 ejus
1184 5100 1263 5154 ibi
1318 5099 1687 5169 cespitaverit
1733 5102 1790 5153 et
1838 5101 1984 5155 ceci-

339 5193 511 5262 derit,
542 5196 606 5247 ut
636 5190 717 5246 ait
747 5190 1089 5247 Panodorus
1113 5188 1448 5260 Egyptius;
1481 5188 1823 5244 Theodorus
1852 5206 1987 5246 vero

336 5280 647 5335 Thebanus
678 5278 1066 5351 philosophus
1099 5278 1233 5333 inde
1264 5294 1475 5332 nomen
1510 5277 1836 5334 obtinuisse
1879 5296 1985 5351 pu-

338 5369 442 5433 lat,
475 5368 629 5439 quod
661 5383 795 5421 cum
826 5370 960 5423 ante
998 5365 1445 5422 Constantinum
1496 5365 1773 5436 Magnum
1822 5365 1987 5424 locus

339 5456 435 5513 ille
465 5460 629 5512 extra
658 5455 865 5511 urbem
898 5460 1075 5525 esset,
1109 5454 1433 5527 multisque
1464 5454 1866 5525 frequentatus
1897 5455 1988 5512 la-

332 5545 624 5629 tronibus,
658 5543 759 5618 qui
786 5544 1076 5616 plurimos
1109 5544 1459 5618 Byzantinos
1491 5543 1647 5600 cives
1678 5543 1986 5601 interiece-

2107 1826 2313 1881 Ἐκεῖσε
2370 1822 2428 1879 δὲ
2482 1824 2546 1894 ᾖν
2606 1823 2695 1877 καὶ
2724 1828 2948 1896 ταμεῖον
3013 1820 3319 1897 βασιλικὸν,
3373 1822 3464 1877 καὶ
3503 1821 3761 1885 πολλοὺς

2100 1915 2127 1968 6
2186 1911 2398 1989 δράκων
2458 1912 2662 1981 ἤσθιεν.
2725 1913 2785 1969 Ὀ
2843 1909 2900 1965 δὲ
2960 1911 3386 1986 ἅγιοςὙπάτιος
3428 1911 3602 1966 ἐκεῖσε
3654 1932 3762 1966 πα-

2099 2002 2454 2079 ραγενόμενος
2515 2002 2648 2075 μετὰ
2707 2007 2805 2070 τῆς
2868 1996 3068 2075 ῥάϐδου
3100 2000 3265 2055 αὐτοῦ
3310 1999 3552 2074 ἐχούσης
3579 2002 3760 2055 κάτω-

2098 2093 2182 2146 θεν
2238 2090 2412 2160 ἦλους
2471 2087 2751 2164 σιδηροῦς,
2810 2089 2899 2144 καὶ
2962 2089 3255 2165 σφραγίσας
3279 2088 3369 2142 καὶ
3394 2089 3629 2163 κρούσας
3654 2090 3754 2143 τὸν

2097 2178 2409 2255 δράκοντα,
2452 2178 2713 2253 ἀπέψυξεν
2751 2221 2764 2247 ,
2825 2178 2913 2233 καὶ
2970 2174 3152 2233 λαϐὼν
3209 2178 3368 2233 αὐτὸν
3428 2178 3591 2251 μέσον
3648 2183 3756 2233 τοῦ

2096 2269 2278 2343 Φόρου
2308 2265 2585 2342 προῦθηκε
2613 2267 2823 2337 νεκρὸν,
2860 2267 2951 2321 καὶ
3000 2262 3217 2321 ἔκαυσεν
3262 2265 3451 2323 αὐτόν.
3510 2267 3609 2321 Καὶ
3658 2266 3757 2320 ἐπὶ

2092 2357 2270 2413 τούτω
2320 2357 2614 2430 ὠνομάσθη
2675 2357 2702 2410 6
2763 2357 2931 2417 τόπος
2985 2355 3179 2423 οὕτως,
3238 2355 3327 2409 καὶ
3394 2356 3503 2409 ἀπὸ
3556 2355 3757 2410 ’Ἱλλου

2098 2447 2402 2523 μαγίστρου
2447 2447 2901 2520 τυραννήσαντος,
2933 2444 3021 2499 καὶ
3054 2442 3223 2499 ἐκεῖσε
3257 2444 3561 2511 οἰκοῦντος,

2573 2737 2705 2807 Περῖ
2730 2736 2827 2788 τοῦ
2856 2730 3020 2787 αὐτοῦ
3046 2729 3256 2787 Ἵλλου.

2160 2842 2281 2907 Ὃτι
2333 2838 2398 2894 τὰ
2442 2836 2757 2911 καλούμενα
2813 2837 3003 2894 Ἲλλου
3063 2839 3091 2892 6
3148 2841 3341 2912 ’Ἄγιος
3393 2836 3659 2907 Ἰωάννης
3728 2841 3758 2895 6

2093 2926 2435 3003 Πρόδρομος,
2512 2927 2660 2990 οἶκος
2736 2928 2801 2997 ἧν
2873 2925 3065 2983 Ἴλλου
3140 2926 3460 3003 μαγίστρου,
3519 2925 3747 2989 πολλὰς

2091 3016 2265 3093 ἀρχὰς
2317 3014 2660 3079 διανόσαντος
2717 3015 2849 3089 μετᾶ
2904 3014 3122 3087 πολλῆς
3150 3013 3309 3086 δόξης
3367 3015 3418 3070 ἐν
3452 3021 3569 3077 τοῖς
3602 3017 3748 3091 χρό-

2091 3127 2207 3170 νοις
2259 3111 2354 3161 τοῦ
2411 3103 2767 3179 Λεομακὲλου
2815 3106 2903 3160 καὶ
2958 3107 3233 3176 Ζήνωνος.
3290 3108 3631 3180 Τυραννήσας
3692 3102 3759 3159 δὲ

2093 3197 2121 3250 6
2170 3195 2331 3256 αὐτὸς
2386 3193 2596 3262 Ἵλλος,
2660 3194 2748 3249 καὶ
2800 3193 2935 3250 λαοῦ
2980 3194 3235 3268 ἀθροίσας
3282 3194 3326 3247 ο’
3373 3191 3635 3267 χιλιάδας
3670 3193 3754 3256 εἰς

2096 3284 2442 3357 Ἀντιόχειαν
2479 3284 2577 3352 τήν
2615 3281 2855 3359 μεγάλην
2906 3282 3042 3338 κατᾶ
3070 3287 3165 3337 τοῦ
3218 3284 3471 3353 Ζήνωνος
3500 3282 3759 3355 ἆντῇρεν,

2095 3374 2149 3425 ’0
2207 3369 2264 3426 δὲ
2322 3374 2507 3442 Ζήνων
2566 3371 2893 3435 ἀποστείλας
2953 3372 3219 3445 Λογγίνον
3290 3370 3590 3446 μάγιστρον
3651 3372 3749 3425 τὸν

2095 3457 2325 3537 ἀδελφὸν
2378 3461 2543 3515 αὐτοῦ
2595 3460 2730 3533 μετᾶ
2758 3458 3006 3531 πλήθους
3058 3464 3423 3535 στρατιωτῶν,
3472 3460 3562 3513 καὶ
3613 3480 3762 3531 συμ-

2094 3544 2270 3618 ϐολῆς
2300 3549 2551 3621 πολέμου
2579 3549 2876 3623 γενομὲνης
2926 3549 3137 3618 ἡττήθη
3195 3547 3455 3623 Δογγίνος
3506 3546 3751 3617 πλησίον

2096 3636 2435 3712 Ἀντιοχείας
2476 3639 2577 3707 τῆς
2630 3635 2909 3710 μεγάλης,
2958 3636 3049 3691 καὶ
3105 3634 3269 3709 μόλις
3313 3637 3479 3708 μόνος
3511 3633 3756 3706 διεσώθη

2096 3727 2147 3781 ἐν
2201 3730 2271 3800 τῇ
2324 3726 2661 3800 ’Δντιοχείᾳ,
2694 3730 2787 3779 τοῦ
2819 3723 2957 3779 λαοῦ
3006 3724 3170 3779 αὐτοῦ
3225 3726 3424 3786 παντὸς
3482 3746 3762 3802 καταστρα-

2094 3816 2302 3891 γὲντος”
2354 3814 2443 3868 καὶ
2492 3811 2964 3868 κατεδυνάστει-σεν
3024 3812 3215 3875 Ἵλλος
3272 3810 3504 3890 σφόδρα.
3565 3816 3628 3871 Ὁ
3700 3812 3760 3868 δὶ

2097 3906 2275 3975 Ζήνων
2307 3900 2618 3957 ἀπέστειλεν
2666 3904 2921 3973 Ἰωάννην
2974 3904 3285 3977 πατρίκιον,
3341 3904 3432 3957 τὸν
3496 3902 3761 3979 ἐπιλεγό·

2098 4013 2258 4065 μενον
2334 3990 2536 4067 Κυρτὸν
2571 4033 2585 4059 ,
2662 3991 2796 4065 μετὰ
2861 3992 3083 4045 Σκυθῶν
3154 3992 3243 4045 καὶ
3303 3988 3639 4048 Μακεδόνων
3702 3991 3755 4046 ἐν

2097 4079 2383 4152 Σελευκίᾳ.
2426 4082 2513 4135 καὶ
2575 4075 2949 4153 συμϐαλόντες
3007 4079 3278 4153 πόλεμον,
3326 4082 3650 4150 ἡττήθησαν
3706 4080 3761 4135 oi

2093 4174 2191 4225 τοῦ
2251 4169 2445 4244 μέρους
2496 4172 2593 4223 τοῦ
2650 4166 2865 4239 Ἵλλου,
2918 4168 3009 4223 καὶ
3072 4172 3255 4246 φυγὼν
3315 4166 3509 4230 ’Ἱλλος
3543 4166 3597 4223 ἔν
3647 4191 3757 4224 τινι

2096 4257 2340 4335 φρουρίῳ
2387 4254 2662 4332 παρεδόθη
2727 4257 2830 4311 ὑπὸ
2862 4260 2970 4311 σῶν
3004 4256 3218 4312 οἰκείων
3254 4256 3417 4311 αὐτοῦ
3452 4258 3762 4333 ἀνθρώπων

2094 4348 2231 4423 πρὸς
2264 4344 2641 4416 Ἰωάννην,καῖ
2674 4340 3087 4418 συλλαϐόμενος
3114 4346 3243 4409 τοὺς
3272 4344 3559 4421 ἄρχοντας
3594 4346 3761 4401 αὐτοῦ

2020 4454 2063 4519 D
2098 4436 2231 4509 μετὰ
2256 4441 2357 4504 τῆς
2386 4434 2584 4489 τούτου
2614 4433 2780 4511 κάρας
2806 4433 3097 4509 εἰσήγαγεν
3131 4434 3205 4495 εἷς
3235 4435 3763 4489 Κωνσταντινούπο-

2095 4522 2207 4593 λιν,
2240 4522 2327 4577 ἐπὶ
2385 4520 2587 4597 δόρατα
2625 4523 2721 4586 τὰς
2766 4521 3003 4601 κεφαλὰς
3044 4525 3245 4600 φέρων.
3276 4524 3642 4599 Ἐτυράννηστ
3702 4522 3763 4578 δὶ

2092 4611 2278 4675 ’Ίλλος
2312 4618 2489 4685 μῆνας
2522 4609 2607 4669 ιδ’.

2414 4729 2546 4802 Περὶ
2575 4729 2638 4783 τὸ
2665 4727 3003 4801 καλούμενον
3044 4726 3424 4790 Φωκόλισθον.

2164 4839 2283 4890 Ὅτι
2344 4834 2409 4890 τὸ
2440 4832 2737 4911 λεγόμενον
2784 4833 3152 4910 φωκόλισθον,
3185 4828 3419 4911 ἔφιππος
3454 4832 3695 4909 βαδίζων
3730 4834 3759 4888 6

2097 4929 2293 4987 Φωκᾶς
2356 4922 2631 4999 βασιλεὺς,
2708 4922 3012 4994 ὠλίσθησεν
3073 4924 3101 4977 6
3164 4921 3338 4985 ἵππος
3410 4924 3581 4978 αὐτοῦ
3663 4923 3759 4977 καὶ

2096 5010 2271 5069 ἔπεσε·
2320 5013 2413 5067 καὶ
2444 5009 2533 5066 διὰ
2557 5016 2718 5067 τοῦτο
2750 5012 2956 5084 ἐκλήθη
2991 5011 3375 5079 Φωκόλισθον,
3407 5012 3589 5073 καθώς
3620 5033 3763 5088 φησι

2096 5098 2474 5175 Πανόδωροςὸ
2531 5100 2854 5177 Αἲγύπτιος·
2892 5103 2919 5156 ὁ
2981 5099 3038 5156 δὲ
3085 5098 3368 5177 Θεόδωρος
3420 5102 3447 5155 6
3507 5095 3765 5170 Θηϐαῖος

2098 5190 2399 5269 φιλόσοφος
2429 5189 2528 5255 ὢν,
2557 5190 2663 5265 πρὸ
2705 5195 2804 5246 τοῦ
2852 5191 3105 5266 Μεγάλου
3154 5188 3565 5245 Κωνσταντίνου
3623 5188 3766 5265 φησί

2101 5276 2292 5350 ἔξωθεν
2322 5286 2422 5348 τῆς
2454 5276 2671 5342 πόλεως
2718 5278 3007 5352 Βύζαντος,
3070 5278 3262 5352 λῃσταὶ
3315 5278 3525 5333 πολλοὶ
3587 5277 3765 5349 ὗπῆρο

2096 5388 2223 5444 χον,
2252 5369 2339 5422 καὶ
2371 5366 2620 5431 πολλοὺς
2667 5368 2989 5439 Βυζαντίους
3044 5366 3279 5424 ἀνεῖλον.
3339 5368 3401 5424 Ὀ
3461 5364 3521 5421 δὲ
3577 5366 3767 5440 Μέγας

2098 5461 2501 5519 Κωνσταντῖνος
2575 5456 2711 5531 μετὰ
2778 5459 2840 5513 τὸ
2906 5458 3175 5533 πορθῆσαι
3249 5457 3342 5511 καὶ
3413 5456 3589 5510 κτίσαι
3652 5455 3759 5521 τὴν

2096 5544 2282 5617 πόλιν,
2344 5547 2529 5620 μαθὼν
2580 5546 2705 5623 περὶ
2752 5550 2859 5601 τῶν
2918 5543 3131 5620 λῃστῶν
3189 5546 3279 5601 καὶ
3330 5540 3755 5617 συλλαϐόμενος
