4060 6214
287 308 443 367 1257

1424 301 1783 365 ANONYMI
1826 300 2415 373 ANTIOUITATES
2462 304 2582 365 GP.

3546 314 3702 375 1258

285 435 481 499 αὖτοὺς
524 434 694 491 ἰκεῖσι
740 430 1064 511 έφοόλκισςν
1109 431 1327 495 αὐτούς.
1380 434 1477 487 Διὰ
1520 436 1684 487 τοῦτο
1734 429 1920 501 ἐκλήθη

2054 436 2205 502 rant,
2282 436 2708 493 Constantinus
2758 437 3009 509 Magnus
3060 439 3379 498 destructis
3407 444 3703 504 veteribus

284 527 349 581 16
380 523 557 599 ὄνομα
586 527 682 578 τοῦ
710 523 881 578 τόπου
914 521 1365 590 Φουλκόκηστον.

2055 523 2223 578 urbis
2254 524 2539 595 aediliciis,
2572 527 2856 599 novisque
2907 527 3191 596 excitatis,
3222 530 3320 585 ubi
3352 547 3473 587 rem
3520 536 3699 592 resci-

278 617 364 672 vit
422 616 683 672 latrones
742 614 905 686 ipsos
963 613 1419 685 comprehensos
1478 613 1626 669 inibi
1686 611 1868 669 furcis
1914 610 2120 668 afﬁxit.
2171 615 2297 677 Qua
2346 614 2415 669 de
2465 630 2526 671 re
2574 614 2737 672 locus
2768 615 2865 672 ille
2895 622 3277 689 nuncupatus
3308 620 3419 676 fuit
3448 622 3698 680 Phulco-

279 706 518 763 lestum.

349 810 480 883 Περὶ
566 810 634 863 τα
711 806 977 881 λεγόμενα
1042 806 1324 884 ⁸Κρντοὶριοι
1406 809 1482 871 είς
1566 809 1667 878 τὴν

991 879 1198 951 Θὲκλην
1213 923 1224 937 .

349 972 473 1027 ’Ότι
528 971 597 1024 τα
653 967 923 1042 λεγόμενα
997 970 1291 1043 Κοντάρια,
1343 969 1370 1022 6
1429 970 1580 1045 ἅγιος
1636 969 1934 1043 Γεώργιος,

276 1058 367 1114 ὅτε
397 1059 563 1128 ἦλθεν
599 1058 626 1112 6
683 1055 937 1131 βασιλεὺς
986 1056 1202 1131 Θρᾴκης
1253 1057 1391 1132 πρὸς
1437 1057 1701 1125 Βύζαντα,
1734 1052 1932 1128 ἔκοψαν

278 1150 330 1204 οἱ
359 1148 624 1217 Βύζαντες
657 1146 717 1202 lx
744 1151 854 1201 τῶν
905 1145 1074 1200 ἐκεῖσε
1110 1145 1292 1200 τόπιυν
1331 1146 1609 1221 κοντάρια,
1642 1145 1729 1199 καὶ
1763 1145 1934 1207 οὕτως

276 1237 486 1308 ἐκλήθη
540 1238 568 1291 6
624 1235 794 1299 τόπος
844 1234 1135 1310 Κοντάρια.
1204 1236 1266 1292 Ὀ
1326 1232 1383 1289 δὲ
1435 1233 1598 1310 μέγας
1656 1240 1933 1291 Κωνσταν-

272 1332 422 1389 τῖνος
476 1326 756 1401 ἀνήγειρεν
814 1323 984 1379 ἐκεῖσε
1058 1324 1186 1378 ναὸν
1249 1323 1351 1390 τῆς
1409 1322 1695 1380 Θεοτόκου.
1756 1324 1818 1379 Ὁ
1875 1320 1933 1377 δὶ

274 1418 567 1477 Ἰουστῖνος
627 1416 655 1469 6
722 1412 1376 1489 Πρωτοκουροπαλάτης,
1436 1414 1463 1467 6
1531 1412 1669 1484 ἀνὴρ
1730 1412 1929 1489 Σοφίας

269 1513 375 1575 τῆς
436 1499 646 1574 Λοόῆς,
690 1503 765 1566 εἷς
823 1502 1031 1566 κάλλος
1082 1504 1171 1557 καὶ
1235 1502 1463 1578 μέγεθος
1522 1501 1786 1557 έπλάτυνι
1836 1501 1926 1556 τὸν

269 1598 520 1650 ⁶ιεοιοῦνον
577 1593 727 1666 ναὸν,
785 1593 874 1647 καὶ
945 1591 1267 1666 ἐπωνόμασε
1339 1596 1529 1648 τοῦτον
1587 1598 1686 1661 τῆς
1744 1590 1928 1667 Ἀγίας

275 1682 513 1754 Θέκλης.

1751 806 1933 881 Ἀγίαν

270 1791 404 1868 Περὶ
464 1797 565 1860 τῆς
598 1796 771 1863 μονῆς
852 1794 949 1876 τοζι
993 1788 1226 1876 divino“
1262 1788 1494 1864 Σιργίου
1554 1790 1645 1843 καὶ
1705 1788 1930 1863 Βάκχου
1965 1812 2012 1876 Β

882 1862 949 1917 τὰ
993 1858 1321 1936 Ὀρμίσδου.

344 1955 466 2009 Ὀτι
512 1951 578 2006 τὰ
626 1949 942 2023 καλούμενα
990 1948 1310 2025 Ὀρμίσδου,
1370 1950 1541 2023 λιμήν
1601 1952 1666 2019 ἦν
1718 1950 1933 2023 μικρὸς,

270 2040 326 2097 ὲν
385 2042 431 2114 ᾦ
488 2042 516 2095 6
587 2040 754 2115 μέγας
826 2040 1205 2103 Ἰουστινιανὸς
1273 2039 1612 2115 ἐχρημάτισε
1676 2041 1932 2109 κοιτῶνα,

268 2128 361 2185 καί
421 2128 675 2201 ὠνόμασε
729 2129 952 2205 Σέργιον
1031 2128 1119 2183 καὶ
1200 2130 1442 2203 Βάκχον.
1510 2126 1786 2188 Ὡσαύτως
1843 2127 1931 2181 καὶ

255 2217 441 2293 ἓτερον
473 2219 597 2272 ναὸν
630 2221 735 2273 τῶν
772 2219 938 2292 ἁγίων
972 2217 1346 2284 Ἀποπόλων,
1395 2216 1482 2271 ὅτε
1531 2218 1620 2271 τὸν
1685 2216 1929 2291 χρισμὸν

266 2303 464 2363 ἔλαϐεν
502 2309 758 2363 ὑποκάτω
790 2313 896 2363 τῶν
953 2305 1260 2385 βαθμίδων,
1320 2306 1410 2363 ὅτε
1456 2306 1544 2362 καὶ
1575 2307 1672 2375 τήν
1717 2307 1927 2383 σφαγὴν

266 2397 350 2461 εἷς
408 2398 650 2452 Ἰππικὸν
703 2396 896 2454 ἐποίει.
952 2396 1196 2468 Ἐκλήθη
1261 2395 1317 2452 δὲ
1374 2395 1679 2453 Ἰουλιανοῦ
1736 2397 1928 2469 λιμὴν,

264 2486 354 2542 ὅτι
389 2488 417 2541 6
449 2486 637 2548 κτίσας
669 2484 844 2549 οὕτως
868 2483 1135 2543 ἰκαλεῖτο.

820 2594 950 2667 Περὶ
975 2598 1076 2647 τοῦ
1108 2599 1388 2649 Βουκινου.

345 2682 421 2736 Τὸ
480 2680 740 2737 Βούκινον
788 2683 850 2736 τὸ
891 2680 1147 2755 παλαιὸν,
1209 2680 1502 2759 σάλπιγγες
1554 2681 1689 2751 ἦσαν
1745 2681 1925 2737 ἐπάνω

260 2774 366 2825 τοῦ
398 2770 664 2845 τείχους·
718 2772 779 2824 τὸ
833 2768 889 2825 δὶ
935 2776 1122 2845 τεῖχος
1181 2770 1434 2825 ὑποκάτω
1478 2774 1543 2839 ἦν
1597 2769 1925 2846 συριγγῶδες

267 2862 506 2931 κοῦφον.
558 2859 657 2913 Καὶ
718 2857 806 2913 ὅτε
860 2859 925 2927 ἦν
986 2860 1142 2923 νότος
1196 2856 1231 2927 ἤ
1296 2859 1517 2935 βοῤῥάς,
1579 2857 1827 2937 σφοδρῶς
1867 2859 1926 2915 ἐκ

262 2952 376 3001 τῶν
438 2949 694 3020 κυμάτων
747 2954 844 3017 τῆς
901 2946 1175 3019 θαλάσσης
1234 2947 1669 3022 ἀποκρουούσης,
1723 2947 1922 3003 ἐκεῖθεν

273 3036 555 3111 ἀνῆρχετο
618 3036 791 3112 βίαιον
846 3041 1058 3110 πνεῦμα
1120 3036 1207 3091 καὶ
1251 3040 1359 3112 ῆχε
1412 3034 1709 3110 μελῳδίαν,
1765 3035 1920 3108 δίκην

269 3132 545 3199 σειρῆνος,
576 3126 667 3179 καὶ
712 3124 994 3199 ἀντέλεγεν
1045 3127 1072 3180 6
1120 3123 1299 3200 ἕτερος
1344 3126 1547 3200 πύργος
1590 3127 1617 3180 6
1650 3124 1920 3199 ἄντικρυς.

265 3216 395 3268 Ὃτε
450 3212 507 3268 δὲ
564 3212 730 3283 ἤθελε
803 3221 1020 3284 κινῆσαι
1106 3216 1409 3289 Ῥωμαϊκὸς
1505 3215 1722 3284 στόλος,
1816 3214 1927 3270 ἐκεῖ

266 3302 617 3376 ἡθροίζοντο,
651 3304 741 3358 καὶ
784 3306 918 3359 κατὰ
953 3305 1043 3359 τὸν
1093 3306 1239 3381 ἦχον
1283 3309 1389 3360 τῶν
1440 3305 1666 3380 πύργων
1701 3304 1923 3359 ἐσάλπι-

262 3398 355 3461 ζον
385 3393 439 3447 αἱ
469 3400 619 3463 νῆες,
652 3394 738 3448 καὶ
769 3392 994 3448 ἐκίνουν.

666 3591 793 3665 Περῖ
824 3596 924 3659 τῆς
960 3588 1162 3668 Σοφίας
1190 3588 1283 3644 τὸν
1311 3587 1529 3661 λιμένα.

334 3679 435 3733 Τὸν
517 3676 714 3751 λιμένα
786 3687 885 3749 τῆς
965 3679 1167 3757 Σοφίας
1230 3681 1520 3742 Ἰουστῖνος
1576 3676 1782 3736 ἔκτισεν
1850 3680 1925 3757 εἰς

264 3768 566 3843 πρόσωπον
615 3775 714 3837 τῆς
760 3770 1017 3843 γυναικὸς
1063 3769 1231 3823 αὐτοῦ
1280 3770 1508 3847 Σοφίας,
1570 3771 1682 3844 Πρὸ
1734 3768 1789 3825 δὲ
1826 3777 1922 3826 τοῦ

262 3856 549 3925 κτισθῆναι
607 3857 699 3911 τὸν
758 3855 955 3929 λιμένα
1029 3856 1248 3931 ὑπῆρχε
1325 3857 1454 3912 στοᾶ
1527 3857 1921 3934 καμαροειὸἠς,

264 3942 333 4013 ἦν
400 3940 605 3999 ἔκτισεν
659 3947 685 3999 6
746 3947 927 4021 Μέγας
984 3948 1403 4014 Κωνσταντῖνος,
1463 3946 1552 4000 καὶ
1611 3948 1920 4023 ἀνήρχοντο

264 4034 317 4088 οἱ
380 4032 696 4111 φιλόσοφοι,
731 4032 781 4088 o'i
810 4055 866 4088 τε
897 4029 1127 4105 Θηϐαῖοι
1170 4035 1257 4089 καὶ
1290 4036 1594 4104 Ἀθηναῖοι,
1624 4038 1712 4090 καὶ
1745 4034 1919 4091 διελέ-

258 4143 424 4197 γοντο
469 4123 605 4195 μετὰ
650 4127 758 4177 τῶν
810 4122 1053 4178 πολιτῶν
1105 4122 1418 4202 φιλοσόφων
1457 4143 1469 4156 ·
1524 4124 1613 4179 καὶ
1670 4124 1921 4199 διήρκεσε

256 4216 425 4267 τοῦτο
487 4213 644 4286 μέκρι
704 4217 799 4266 τοῦ
877 4214 1191 4281 Ἰουστίνου,
1267 4212 1356 4267 καὶ
1432 4214 1662 4268 πάντοτε
1733 4214 1920 4269 ἐνίκων

255 4302 310 4355 οἱ
358 4299 587 4357 δυτικοί.
643 4302 765 4357 Ἐπὶ
819 4300 875 4355 δὲ
924 4301 1217 4357 Ἰουστίνου
1266 4303 1610 4372 ἡττηθέντες.
1662 4301 1919 4358 οὐδέποτε

256 4390 502 4459 ἀνῆλθον
557 4389 723 4465 μέχρι
789 4394 887 4455 τῆς
967 4394 1230 4465 σήμερον.
1298 4394 1522 4447 ’Ἐκτοτε
1595 4390 1918 4456 διελθόντων

252 4479 503 4554 χρόνων,
550 4479 757 4553 ἐγένετο
808 4480 1010 4557 Σοφίαν
1054 4482 1153 4548 τὴν
1211 4480 1518 4556 Αὐγοόσταν
1559 4479 1807 4536 ἵστασθαι
1840 4482 1915 4544 είς

2175 810 2249 865 De
2278 809 2390 865 loco
2420 812 2517 882 qui
2546 813 2863 883 appellatur
2895 814 3177 870 Contaria
3207 814 3279 870 ad
3305 824 3560 874 sanctam

2727 888 2774 939 Τ
2773 883 3013 940 heclam.

2115 970 2302 1024 Locus
2351 970 2624 1027 Contaria
2672 974 2886 1039 dictus,
2943 974 3062 1029 sive
3093 974 3345 1031 Sanctus
3378 978 3687 1049 Georgius,

2043 1055 2179 1111 inde
2207 1074 2419 1113 nomen
2443 1060 2689 1131 accepit,
2724 1063 2902 1131 quod,
2936 1077 3071 1116 cum
3095 1062 3358 1118 Thracia:
3390 1081 3489 1120 rex
3517 1084 3691 1140 expe-
3744 1112 3750 1119 .

2043 1144 2328 1202 ditionem
2360 1153 2564 1204 contra
2622 1154 2931 1221 Byzantem
2988 1152 3371 1223 suscepisset,
3428 1157 3696 1228 Byzantii

2041 1234 2176 1289 inde
2232 1236 2427 1293 hastas
2478 1238 2814 1294 exciderint.
2867 1239 3289 1298 Constantinus
3342 1248 3538 1300 autem
3573 1262 3692 1302 ma-

2040 1340 2194 1395 gnus
2226 1326 2512 1398 templum
2545 1327 2624 1382 ibi
2656 1327 2881 1399 Virgini
2914 1328 3170 1400 Deiparae
3204 1332 3509 1402 exstruxit,
3537 1336 3691 1404 quod

2042 1419 2244 1485 postea
2271 1415 2544 1471 Justinus
2578 1416 3148 1488 Protocuropalates,
3197 1420 3410 1490 conjux
3464 1423 3691 1494 Sophiae

2044 1503 2223 1559 Lobes
2254 1505 2559 1577 ampliavit
2609 1506 3047 1577 exornavitque,
3081 1523 3147 1563 ac
3195 1509 3416 1564 Sanctae
3465 1510 3691 1568 Theclaa

2041 1592 2432 1664 appellatione
2463 1594 2720 1651 donavit.

2164 1791 2238 1845 De
2264 1791 2602 1847 monasterio
2633 1791 2688 1847 S.
2706 1790 2913 1918 gergit'
2930 1799 3010 1919 ἑὲ
3020 1794 3224 1849 Bacchi
3251 1810 3570 1865 cognomine

2755 1881 2926 1918 armis
3018 1905 3030 1917 .

2755 1881 3030 1918 ονγηῑδαέε.

2119 1952 2303 2007 Locus
2335 1951 2525 2008 dictus
2557 1952 2902 2023 Hormisdze,
2934 1970 3149 2025 parvus
3198 1959 3322 2009 erat
3370 1963 3592 2026 portus,
3629 1956 3686 2011 in

2046 2058 2160 2113 quo
2207 2041 2582 2098 Justinianus
2629 2058 2881 2114 magnus
2933 2043 3355 2099 monasterium
3405 2046 3690 2100 exstruxit

2044 2130 2281 2186 nomine
2313 2130 2499 2202 Sergii
2533 2139 2585 2186 el
2618 2131 2863 2197 Bacchi;
2900 2137 2957 2186 et
2986 2132 3274 2204 templum
3325 2134 3544 2205 pariter
3586 2135 3687 2190 SS.

2042 2220 2461 2293 apostolorum,
2494 2238 2560 2277 eo
2584 2222 2739 2293 quod
2770 2221 2984 2276 ibidem
3019 2222 3220 2277 subter
3248 2224 3467 2295 gradus
3514 2223 3688 2280 inun-

2040 2317 2171 2367 ctus
2205 2312 2332 2378 fuit,
2361 2330 2494 2368 cum
2529 2317 2779 2383 stragem
2830 2313 2889 2367 in
2943 2311 3333 2385 Hippodromo
3383 2313 3686 2369 edidisset.

2040 2401 2322 2457 Praeterea
2363 2401 2696 2473 appellatus
2742 2402 2853 2457 fuit
2888 2401 3111 2457 Juliani
3144 2406 3370 2474 portus,
3405 2404 3685 2474 quoniam

2038 2490 2123 2545 sic
2154 2491 2281 2561 ejus
2313 2491 2580 2546 conditor
2606 2494 2996 2563 nuncupatur.

2480 2598 2558 2653 De
2591 2598 2701 2654 loco
2738 2597 2887 2653 dicto
2920 2599 3235 2653 Buccinum.

2108 2690 2170 2743 In
2202 2685 2329 2742 loco
2360 2692 2699 2758 nuncupato
2732 2687 3073 2757 Buccinum,
3124 2686 3262 2743 olim
3322 2704 3503 2760 supra
3551 2706 3684 2745 mu-

2035 2793 2167 2832 rum
2200 2776 2467 2832 Buccinae
2498 2776 2892 2844 exstabant,et
2923 2776 3076 2831 muri
3099 2775 3217 2831 ima
3250 2793 3384 2848 pars
3416 2778 3685 2833 adinstar

2034 2866 2240 2921 fistula:
2272 2882 2525 2921 concava
2556 2870 2698 2921 erat.
2752 2869 2891 2919 Cum
2934 2881 3065 2920 vero
3116 2870 3314 2922 auster
3358 2866 3446 2922 vel
3477 2868 3686 2923 boreas

2033 2953 2439 3007 vehementius
2470 2951 2655 3018 ﬂaret,
2701 2970 2771 3007 ex
2821 2951 3100 3007 ﬂuctibus
3144 2955 3323 3008 maris
3380 2971 3446 3009 eo
3498 2954 3685 3011 allisis

2036 3041 2280 3111 spiritus
2328 3042 2642 3095 vehemens
2700 3040 3073 3105 ascendebat,
3126 3057 3190 3096 ac
3243 3042 3455 3096 sirenis
3489 3043 3674 3098 instar

2038 3130 2243 3185 edebat
2301 3134 2674 3197 concentum,
2735 3129 3165 3199 resonabatque
3221 3130 3442 3200 pariter
3497 3130 3681 3186 altera

2037 3219 2217 3274 turris
2245 3218 2534 3290 opposita.
2569 3218 2711 3272 Cum
2744 3234 2875 3272 vero
2906 3217 3100 3287 aliquo
3152 3219 3482 3289 profectura
3530 3224 3685 3275 esset

2038 3309 2301 3364 Romana
2331 3307 2558 3375 classis,
2593 3306 2732 3361 illuc
2762 3307 3251 3377 congregabatur,
3280 3312 3337 3363 et
3358 3308 3530 3379 juxta
3560 3313 3683 3364 tur-

2037 3397 2191 3452 rium
2223 3412 2434 3452 sonum
2466 3395 2525 3450 in
2569 3395 2818 3452 navibus
2871 3411 3104 3466 quoque
3154 3395 3297 3450 tuba
3343 3396 3684 3466 canebatur,

2036 3492 2212 3557 atque
2244 3486 2327 3541 ita
2367 3485 2799 3541 discedebatur.

2568 3592 2643 3647 De
2668 3599 2838 3662 portu
2865 3591 3164 3660 Sophiano.

2107 3684 2345 3737 Portum
2378 3680 2742 3752 Sophianum
2779 3679 3042 3736 condidit
3086 3681 3364 3737 Justinus
3413 3683 3683 3755 conjugis

2031 3790 2149 3829 suae
2181 3771 2410 3842 Sophim
2444 3770 2699 3827 nomine.
2731 3772 3061 3841 Antequam
3105 3786 3240 3825 vero
3282 3776 3521 3842 portum
3581 3788 3679 3829 ex-

2033 3862 2359 3929 struxisset,
2392 3862 2519 3914 erat
2575 3858 2655 3913 ibi
2714 3858 2934 3913 fornice
2990 3859 3276 3914 instructa
3346 3860 3606 3931 porticus
3656 3878 3690 3917 a

2033 3948 2416 4005 Constantino
2449 3963 2662 4019 magno
2714 3947 3021 4016 aediﬁcata,
3056 3946 3112 4002 in
3148 3964 3321 4018 quam
3357 3948 3690 4021 philosophi

2030 4039 2291 4093 Thebani
2327 4037 2549 4109 pariter
2601 4054 2666 4091 ac
2718 4037 3109 4092 Athenienses
3164 4038 3586 4094 conveniebant
3616 4040 3687 4095 ad

2030 4128 2443 4182 disserendum
2475 4142 2606 4180 cum
2667 4125 3037 4197 phi1030phis
3087 4127 3685 4199 Constantinopolita-

2030 4217 2157 4283 nis;
2194 4216 2347 4286 quod
2382 4230 2569 4285 usque
2601 4214 2673 4268 ad
2704 4213 2924 4267 Justini
2976 4218 3242 4284 tempora
3296 4214 3513 4269 factum
3572 4220 3681 4282 est,

2028 4322 2259 4375 semper
2312 4303 2613 4357 victoriam
2690 4302 3133 4371 reportantibus
3196 4301 3681 4374 occidentalibus,

2029 4396 2127 4466 qui
2187 4392 2371 4448 semel
2405 4392 2514 4446 sub
2545 4390 2781 4445 Justino
2811 4390 2974 4456 victi,
3030 4405 3332 4462 nunquam
3366 4398 3568 4463 postea
3607 4395 3678 4449 ad

2028 4484 2384 4539 hodiernum
2452 4497 2642 4551 usque
2694 4479 2849 4534 diem
2907 4480 3122 4534 reversi
3180 4484 3338 4536 sunt.
3398 4480 3677 4538 Craterum

251 4569 352 4623 τὸν
385 4567 618 4637 ἡλιακὸν
653 4574 747 4623 τοῦ
778 4568 1069 4637 παλατίου,
1119 4570 1207 4625 καὶ
1258 4571 1439 4645 ὁρῶσα
1486 4571 1550 4625 τὰ
1580 4570 1749 4626 πλοῖα
1780 4572 1911 4625 κλυ-

2039 4573 2263 4644 aliquot
2318 4571 2643 4639 interjectis
2707 4568 2877 4623 annis
2912 4568 3141 4635 accidit,
3178 4572 3242 4622 ut
3272 4573 3434 4624 stans
3469 4570 3687 4643 Sophia

252 4653 598 4729 δωνιζόμενα
646 4660 697 4711 εν
748 4662 816 4730 τῇ
870 4656 1114 4733 θαλάσσῃ
1164 4660 1252 4713 καὶ
1304 4658 1773 4735 σπλαγχνισθεῖτα
1811 4658 1910 4735 ἤρ-

243 4746 383 4817 ξατο
440 4744 750 4823 ὀδύρεσθαι,
823 4751 913 4802 καί
964 4753 1342 4823 προσελθοῦσα
1408 4750 1482 4811 εἷς
1534 4751 1627 4804 τὸν
1688 4750 1912 4825 βασιλέα

245 4835 344 4889 τὸν
380 4832 552 4909 ἄνδρα
582 4835 771 4905 αὐτῆς,
804 4836 895 4892 καὶ
944 4835 1206 4892 ἱκέτευσεν
1256 4836 1415 4892 αὐτὸν
1461 4836 1610 4899 ὅπως
1649 4840 1906 4913 παράσχῃ

249 4921 394 4995 αὐτῇ
446 4923 671 4997 χρυσίον
745 4926 924 4980 ἱκανὸν
977 4924 1054 4987 εἴς
1124 4927 1186 4980 τὸ
1235 4932 1461 4996 ποιῆσαι
1523 4924 1715 4999 λιμένα
1748 4948 1761 4961 ·
1819 4929 1907 4981 καὶ

249 5012 692 5087 ἰπικαμφθέντος
718 5018 787 5089 τῇ
835 5014 1036 5083 ταύτης
1078 5013 1312 5084 αἰτήσει,
1361 5014 1651 5090 προσέταξε
1700 5019 1906 5089 Ναρσῇ,

238 5104 333 5173 τῷ
395 5101 670 5177 πατρικίῳ
716 5103 805 5157 καὶ
851 5103 1219 5178 πραιποσίτῳ,
1250 5106 1339 5158 καὶ
1386 5103 1640 5179 Τρωίλῳ,
1692 5126 1908 5181 πρωτο-

243 5184 555 5266 ϐεστιαρίῳ
586 5191 770 5261 αὐτοῦ,
821 5192 997 5248 κτίσαί
1044 5194 1135 5248 τὸν
1182 5191 1381 5266 λιμένα
1413 5212 1425 5224 °
1480 5193 1531 5248 o'i
1559 5196 1649 5248 καὶ
1685 5195 1910 5269 βόθυνον

252 5280 426 5356 μέγαν
455 5279 735 5356 ἀρόεαντις
788 5280 1219 5355 ἀνῳκοδόμησαν
1275 5288 1489 5340 τοῦτον.
1542 5285 1634 5338 Διὸ
1680 5283 1768 5338 καὶ
1807 5285 1908 5354 τὴν

240 5368 628 5445 προσηγορίαν
681 5368 895 5447 εἴληφε.
952 5373 1129 5428 Μέσον
1180 5368 1237 5427 δὶ
1278 5376 1374 5427 τοῦ
1405 5370 1629 5446 λιμένος
1658 5372 1909 5449 ἀνήγειρε

242 5455 465 5529 στήλας
491 5457 560 5529 δ’,
612 5458 791 5515 ἐπάνω
838 5466 945 5515 τῶν
989 5458 1035 5515 δ’
1088 5463 1309 5532 κιόνων,
1358 5462 1559 5539 Σοφίας
1607 5464 1693 5517 καὶ
1746 5464 1906 5531 Ἀρα-

233 5541 364 5611 ϐίας
411 5556 512 5619 τῆς
561 5550 785 5623 ἆνεῳιᾶς
831 5550 1015 5618 αὐτοῦ,
1068 5551 1359 5607 Ἰουστίνου
1419 5551 1507 5606 καὶ
1567 5554 1752 5625 Ναρσῆ
1810 5555 1907 5606 τοῦ

236 5636 423 5693 ὶκεῖσε
484 5640 885 5716 παρισταμένου
924 5662 937 5676 ο
1020 5639 1072 5711 ἐξ
1147 5643 1218 5695 ὧν
1295 5643 1347 5696 αἱ
1408 5640 1502 5697 δύο
1562 5641 1905 5720 ἀφῃρέθησαν

567 5770 829 5831 ΡΑΤιιοιυ
883 5772 992 5832 Ga.
1043 5770 1282 5833 CXXII.

2023 4664 2293 4733 Augusta
2326 4660 2384 4713 in
2419 4658 2632 4714 solario
2667 4657 2891 4729 palatii,
2926 4673 3102 4711 naves
3144 4656 3367 4713 videret
3420 4658 3479 4714 in
3530 4662 3677 4716 mari

2022 4750 2303 4805 fluctibus
2335 4748 2567 4818 agitari.
2618 4751 2807 4811 Quare
2856 4745 3369 4802 commiseratione
3417 4754 3678 4820 permota

2023 4838 2336 4894 lamentari
2368 4837 2563 4909 cmpit,
2599 4836 3002 4906 accedensque
3032 4834 3105 4889 ad
3144 4836 3453 4907 conjugem
3494 4838 3674 4911 impe-

2021 4933 2317 4996 ratorem,
2375 4927 2635 4997 rogavit,
2696 4926 2862 4979 daret
2919 4924 3031 4979 sibi
3092 4925 3483 4980 necessariam
3543 4929 3671 4984 auri

2019 5016 2244 5089 copiam
2280 5016 2351 5071 ad
2391 5014 2851 5069 construendum
2896 5018 3153 5085 portum.
3191 5016 3512 5085 Imperator
3541 5017 3670 5086 ejus

2019 5106 2287 5179 petitioni
2323 5104 2554 5172 annuit,
2587 5108 2643 5159 et
2674 5104 2875 5159 Nersae
2906 5102 3150 5175 patricio
3187 5107 3242 5157 et
3263 5105 3571 5173 prazposito
3603 5121 3669 5159 ac

2018 5195 2211 5251 Troilo
2246 5192 2684 5265 protovestiario
2716 5209 2822 5247 suo
2854 5195 3059 5263 portus
3088 5190 3418 5246 exetruendi
3452 5207 3668 5247 munus

2019 5284 2294 5355 injunxit,
2320 5284 2415 5353 qui
2438 5283 2611 5337 ducta
2640 5282 2861 5353 ingenti
2897 5281 3055 5336 fossa
3076 5283 3308 5351 portum
3331 5280 3663 5341 condidere.

2020 5374 2243 5431 Idcirco
2276 5372 2392 5427 tale
2424 5387 2635 5427 nomen
2672 5370 2915 5442 accepit.
2948 5371 3008 5423 In
3044 5368 3236 5422 medio
3268 5371 3461 5423 autem
3496 5377 3663 5441 portu

2017 5467 2269 5535 quatuor
2304 5465 2532 5517 statuas
2555 5460 2797 5516 totidem
2818 5457 3111 5514 columnis
3128 5456 3435 5527 impositas
3459 5462 3663 5532 erexit,

2015 5552 2285 5609 videlicet
2309 5550 2538 5623 Sophiae
2580 5554 2859 5611 statuam,
2892 5546 3115 5601 Arabia;
3141 5546 3272 5601 ﬁliae
3296 5565 3435 5615 suae,
3468 5567 3658 5621 suam,

2018 5647 2074 5697 et
2124 5642 2316 5698 Nersae
2350 5639 2601 5711 prterecti
2636 5640 2965 5694 structurae.
3011 5635 3223 5691 Earum
3257 5637 3384 5691 duas
3417 5638 3660 5694 sublatae

3259 5764 3339 5821 40
