4060 6214
408 251 563 312 1259

408 386 549 440 sunt
579 398 612 436 a
641 378 963 451 Philippico
998 393 1011 432 :
1046 375 1429 432 continebant
1458 374 1615 429 enim
1649 376 1819 429 notas
1854 387 2049 427 rerum

2170 366 2311 441 παρὰ
2368 364 2714 422 Φιλιππικοῦ
2749 380 2762 395 ·

411 474 768 529 futurarum.

571 588 645 640 De
671 582 871 639 Ε’ωηίιὶ
897 580 1039 652 quod
1067 588 1147 636 est
1177 581 1237 635 in
1267 579 1379 635 loco
1408 579 1711 635 Buccinum
1735 576 1895 633 dicto.

482 691 718 757 Foenile,
752 689 900 760 quod
930 687 1144 742 visitur
1171 686 1230 740 in
1262 686 1387 741 loco
1438 684 1855 757 cognominato
1904 688 2053 737 Buc-

406 783 627 847 cinum,
664 778 801 834 olim
834 776 1079 832 ecclesia
1111 780 1233 831 erat
1260 774 1457 830 Sancti
1506 775 1750 829 Andreae
1782 772 2054 845 apostoli,

405 886 581 943 quam
641 884 706 923 eo
762 866 1004 921 veniens
1056 864 1431 919 Justinianus
1464 862 1870 917 adiﬁeaverat.
1907 861 2054 916 Con-

406 955 704 1013 stantinus
759 968 892 1008 vero
952 950 1267 1006 Cebalinus
1325 966 1453 1005 eam
1514 950 1570 1004 in
1660 950 1856 1005 tinnile
1930 966 2056 1003 mu-

405 1046 571 1102 tavit.

593 1161 664 1216 De
696 1158 974 1217 Contariis
999 1172 1117 1227 quae
1145 1164 1277 1212 sunt
1308 1155 1460 1227 apud
1493 1155 1546 1211 S.
1583 1155 1865 1213 Theclam.

479 1323 614 1387 Quae
648 1319 817 1375 modo
847 1316 1119 1373 Contaria
1150 1319 1589 1387 nuncupantur,
1614 1316 1779 1387 prius
1810 1313 2052 1386 vigilum

409 1414 578 1466 erant
607 1407 884 1472 excubias,
920 1423 1048 1477 qua:
1081 1421 1269 1460 annos
1317 1409 1540 1475 septem
1576 1406 1884 1458 durarunt.
1922 1403 2056 1458 Post

407 1498 627 1556 bellum
660 1501 853 1552 autem
891 1496 1121 1559 bienne,
1144 1494 1343 1548 fanum
1367 1493 1484 1548 illic
1505 1493 1804 1549 Gallienus
1827 1498 2053 1547 exstru-

407 1590 511 1652 xit,
546 1604 659 1658 quo
709 1590 910 1657 postea
955 1585 1375 1639 Constantinus
1425 1583 1672 1654 Magnus
1733 1583 2051 1645 destructo,

408 1678 538 1747 ejus
597 1676 723 1729 loco
783 1675 1011 1728 Sanctae
1073 1672 1327 1743 Deiparze
1356 1671 1645 1742 templum
1725 1671 2048 1739 aediﬁcavit,

1370 240 1765 304 APPENDIX
1807 240 1908 299 AD
1956 235 2416 299 MICHAELEM
2459 230 2853 296 PSELLUM.

3662 224 3815 285 1260

2834 362 2985 436 εἶχον
3047 356 3106 415 δὲ
3154 377 3453 435 γραμματα
3510 360 3623 412 τῶν
3684 354 3818 429 μελ-

2170 456 2398 512 λόντων.

2385 572 2513 647 Περὶ
2541 574 2638 625 τοῦ
2671 568 2721 624 ἐν
2752 566 2831 640 τῷ
2869 565 3117 638 Βουκίνῳ
3147 558 3599 639 Χορτοὸολῶνος.

2237 684 2298 739 Ὀ
2351 676 2745 755 Χορτοϐολὼν,
2796 679 2823 733 6
2895 676 2970 738 είς
3017 676 3079 730 τὸ
3134 675 3411 741 Βοόκινον,
3462 670 3691 741 ἐκκησία
3755 668 3813 739 ἧν

2164 779 2261 828 τοῦ
2300 773 2461 848 ἁγίου
2518 770 2830 827 ἁποστολου
2886 765 3169 844 Ἀνδρέου,
3218 763 3286 835 ἤν
3338 764 3618 840 ἀνήγειρεν
3682 765 3813 820 Ἰοο-

2166 884 2275 916 στιν
2290 863 2430 923 ιανὸς
2462 860 2633 916 ἐκεῖσε
2676 859 2975 936 ἐρχόμενος
3011 875 3023 888 ⁸
3075 858 3135 914 Ὁ
3177 852 3232 910 δὲ
3264 849 3564 915 Καϐαλῖνος
3596 853 3818 923 ἐποίησε

2164 946 2581 1028 χορτοϐολῶνα.

2922 1152 3191 1227 Κοντάρια
3275 1150 3350 1212 εἰς
3434 1150 3533 1217 τήν
3636 1148 3821 1224 Ἀγίαν

2875 1223 3108 1294 Θέκληνξ

2234 1316 2317 1372 Τὰ
2347 1314 2617 1390 λεγόμενα
2674 1313 2964 1387 Κοντὰρια,
3021 1311 3185 1388 βίγλα
3230 1312 3296 1381 ἦν
3350 1310 3523 1365 ἐκεῖσε
3579 1307 3817 1386 μεγάλη,

2165 1404 2252 1458 καὶ
2294 1402 2397 1466 ἓως
2433 1406 2472 1474 ζ’
2521 1402 2754 1480 χρόνους
2805 1401 3152 1479 ἐφυλάττετο.
3212 1399 3313 1457 Καὶ
3375 1397 3627 1471 πολέμου
3668 1420 3824 1473 γεγοο

2164 1494 2320 1555 νότος
2352 1493 2585 1568 χρόνους
2613 1490 2731 1561 δύο,
2762 1492 2887 1553 ναὸς
2919 1485 3561 1563 ᾠκοδομήθη,εἷ’δώλιον
3598 1489 3821 1561 μικρὸν,

2166 1583 2269 1636 ὑπὸ
2328 1580 2597 1654 1“αληνοῦ,
2663 1581 2720 1635 ’ὸν
2766 1577 3014 1643 καθελὼν
3080 1580 3107 1633 6
3152 1577 3334 1654 Μέγας
3391 1582 3821 1658 Κωνσταντῖνος,

2162 1672 2284 1725 ναὸν
2328 1678 2427 1740 τῆς
2477 1670 2741 1726 emam»
2788 1668 3058 1743 ἀνήγειρε,
3107 1667 3200 1721 καὶ
3253 1665 3481 1742 ἐχάραξε
3536 1666 3629 1719 τὸν
3683 1667 3822 1739 Χρι-

2166 1155 2296 1229 Hegi.
2380 1156 2445 1209 τὰ
2544 1152 2816 1229 λεγόμενα

410 1778 773 1835 nummoque
797 1761 1111 1833 insculpsit
1149 1761 1464 1831 imaginem
1491 1760 1723 1827 Christi,
1750 1758 2049 1815 sanctissi-

2170 1762 2287 1815 στὸν
2349 1759 2438 1813 καὶ
2494 1760 2594 1827 τὴν
2649 1757 2939 1833 ὑπεραγίαν
3012 1755 3297 1825 Θεοτόκον,
3354 1754 3446 1808 καὶ
3491 1755 3591 1823 τὴν
3655 1754 3823 1809 αὐτοῦ

410 1871 521 1909 πλεο
552 1853 830 1924 Deiparas,
865 1850 1071 1905 matris
1102 1866 1219 1904 sua:
1248 1848 1495 1914 Helenaa,
1528 1854 1585 1902 et
1629 1865 1794 1903 suam
1829 1848 2053 1919 ipsius;

416 1943 749 2011 festumque
782 1939 1164 1994 dedicationis
1199 1938 1505 1992 duodecim
1548 1936 1672 1992 dies
1721 1936 2055 1991 celebravit.

415 2031 533 2086 Hoc
556 2029 837 2102 templum
854 2033 1054 2099 postea
1067 2028 1290 2083 Sanctae
1303 2026 1527 2081 Thecla:
1546 2025 1905 2098 appellatum
1925 2026 2054 2092 fuit,

413 2122 698 2176 Caeterum
722 2124 847 2172 tum
877 2116 1132 2171 Milliarii
1172 2116 1359 2171 fornix
1379 2121 1544 2187 porta
1566 2121 1689 2170 erat
1740 2115 2054 2184 terrestris,

411 2216 463 2264 et
496 2208 554 2263 in
588 2208 713 2263 loco
737 2210 939 2262 vocato
970 2204 1179 2278 Dippio
1228 2204 1475 2260 mutatio
1526 2222 1812 2276 equorum
1845 2221 2055 2259 cursus

410 2296 652 2369 publici.
688 2296 822 2367 Ipsa
853 2312 987 2350 vero
1017 2294 1288 2349 Contaria
1331 2310 1583 2365 magnus
1618 2311 1785 2349 mons
1819 2298 1960 2359 erat,
1996 2293 2053 2346 in

408 2403 523 2457 quo
556 2385 829 2441 excubias
862 2383 1111 2455 agebant
1164 2383 1446 2455 Byzantii,
1501 2384 1853 2454 populorum
1906 2381 2053 2437 occi-

408 2474 735 2530 dentalium
768 2474 1059 2544 impetum
1095 2476 1445 2527 metuentes.

514 2590 588 2644 De
616 2588 816 2659 templo
837 2588 894 2641 5.
928 2585 1211 2641 Michaelis
1238 2586 1559 2656 archangeli
1587 2585 1752 2642 Adda
1782 2585 1944 2640 dicto.

482 2694 787 2765 Templum
822 2693 877 2747 S.
910 2691 1210 2747 Michaelis
1261 2691 1595 2763 archangeli
1626 2692 1801 2746 Addas
1837 2709 2057 2747 nuncu-

408 2787 612 2854 patum
659 2782 934 2837 Justinus
990 2780 1317 2836 aadiﬁcvait.
1377 2781 1598 2836 Nomen
1640 2797 1775 2836 vero
1832 2782 2057 2853 accepit

409 2872 484 2927 ab
536 2871 706 2926 Addas
767 2868 1070 2941 magistro,
1104 2869 1206 2940 qui
1263 2869 1481 2925 ibidem
1533 2870 1773 2924 domum
1827 2875 2053 2925 exstru-

406 2963 589 3017 xerat.

930 3050 1002 3105 De
1030 3048 1287 3103 columna
1319 3050 1534 3103 Ferrea.

443 3139 618 3204 .Cum
679 3138 971 3205 columna,
1032 3153 1159 3209 qua:
1216 3136 1424 3192 visitur
1483 3137 1541 3191 in
1604 3137 1725 3192 foro
1759 3117 2124 3208 appellatoC

399 3226 625 3293 Anelio,
658 3230 841 3281 Roma
889 3228 998 3281 sub
1039 3226 1422 3282 Constantino
1470 3229 1677 3299 Magno
1736 3226 2047 3282 advehere-

400 3319 518 3383 tur,
552 3318 622 3371 ob
656 3316 951 3387 ingentem
983 3316 1111 3387 ejus
1145 3314 1355 3370 molem
1387 3314 1705 3369 triennium
1755 3315 2047 3387 integrum

402 3404 717 3475 navigavit.
778 3405 1037 3460 Tandem
1090 3403 1351 3474 ingressa
1384 3403 1734 3475 Sophiarum
1792 3410 2050 3475 portum,

404 3510 536 3548 cum
571 3494 641 3547 ad
676 3499 905 3565 portam
939 3493 1240 3547 extrahere
1291 3495 1361 3548 de
1393 3492 1523 3547 navi
1557 3509 1684 3547 eam
1719 3492 1953 3559 vellent,
1990 3493 2047 3547 in

402 3581 595 3637 littore
626 3588 873 3650 quatuor
903 3582 1116 3637 cubitis
1147 3582 1417 3637 demersa
1439 3593 1494 3635 et
1516 3582 1727 3636 obruta
1747 3583 2047 3650 remansit,

405 3672 561 3741 quod
622 3669 953 3740 uliginosus
1006 3686 1071 3724 ac
1129 3669 1411 3740 palustris
1470 3670 1631 3725 locus
1682 3676 1879 3725 esset:
1914 3687 2049 3725 cum

405 3764 600 3814 autem
661 3774 791 3813 eam
849 3758 1060 3827 ligneis
1105 3760 1369 3813 vectibus
1418 3758 1722 3813 extrahere
1753 3776 1865 3814 non
1896 3759 2049 3813 vale-

404 3852 553 3913 rent,
588 3847 791 3902 ferreis
823 3845 1164 3917 ingentibus
1222 3852 1362 3901 sunt
1414 3847 1506 3901 usi
1536 3866 1552 3903 :
1582 3852 1756 3917 atque
1789 3848 1917 3904 ideo
1963 3849 2047 3904 sic

401 3941 602 3991 vocata
633 3939 742 3990 est.

908 4024 983 4077 De
1013 4029 1187 4096 parm
1214 4023 1545 4080 Eleutherii.

431 4114 641 4169 Portus
701 4112 1014 4167 Eleutherii
1073 4117 1402 4168 exstructus
1459 4118 1547 4169 est
1601 4114 2044 4171 aConstantino

362 4205 627 4275 ,Magno.
679 4202 744 4257 In
775 4218 841 4257 eo
897 4202 1088 4257 stabat
1147 4202 1462 4258 Eleutherii
1521 4203 1695 4275 primi
1741 4222 1773 4258 a
1805 4207 2045 4261 secretis

396 4293 629 4365 lapidea
660 4296 879 4355 statua,
932 4292 1241 4361 scapulare
1272 4308 1449 4363 super
1479 4293 1755 4348 humeros
1798 4294 2042 4363 habens,

398 4389 454 4437 et
495 4380 887 4436 ventilabrum
949 4397 1126 4435 manu
1179 4386 1437 4452 gestans,
1487 4387 1803 4453 utrumque
1852 4382 2044 4454 lapid-

2170 1849 2379 1925 μητέρα
2433 1848 2521 1903 καὶ
2598 1847 2808 1915 ἑαυτὸν,
2880 1847 2969 1901 καὶ
3046 1843 3254 1899 ἐτέλεσε
3324 1845 3625 1919 πανήγυριν
3684 1844 3825 1912 ήπέ-

2169 1961 2263 2014 ρας
2317 1940 2425 2014 ιβ’·
2486 1937 2633 1999 ὅστις
2699 1937 2827 1999 ναὸς
2916 1933 3314 2008 μετωνομάσθη
3397 1933 3554 2007 Ἀγία
3620 1932 3824 1990 Θὲχλα.

2165 2029 2300 2085 Τότε
2332 2026 2389 2082 δὲ
2419 2028 2510 2081 καὶ
2538 2031 2638 2082 τοῦ
2670 2024 2875 2083 Μιλίου
2920 2028 2955 2094 ἡ
3008 2024 3231 2096 καμάηα
3273 2023 3500 2097 χερσαία
3526 2024 3593 2091 ἦν
3621 2023 3823 2096 πόρτα,

2166 2119 2252 2173 καὶ
2288 2117 2365 2177 εἷς
2394 2116 2457 2170 τὸ
2491 2115 2743 2169 Διίππιον
2800 2114 2834 2180 ἡ
2897 2111 3140 2186 ἁλλαγή.
3198 2114 3380 2168 Ταῦτοι
3440 2108 3498 2165 δὲ
3554 2109 3621 2165 τὰ
3661 2109 3828 2185 λεγόο

2170 2227 2301 2280 μενοι
2352 2202 2641 2281 Κοντάρια,
2688 2204 2829 2277 μέγα
2890 2196 3015 2271 ὅρος
3064 2204 3150 2272 ἦν,
3198 2200 3285 2254 καὶ
3336 2199 3667 2278 ἐφυλάσσετο
3720 2200 3824 2255 ὑπὸ

2164 2304 2264 2366 τῆς
2299 2292 2494 2371 βίγλης
2526 2298 2633 2348 τῶν
2664 2291 2969 2362 Βυζαντίων
3004 2288 3355 2364 πτοουμένων
3383 2288 3510 2351 τοὺς
3544 2287 3822 2351 δυτικοῦς.

2436 2588 2565 2662 Περὶ
2594 2591 2691 2642 τοῦ
2732 2587 3205 2663 Ἀρχιστρατήγου
3234 2588 3330 2639 τοῦ
3362 2581 3548 2641 Ἀδδᾶ.

2236 2695 2359 2750 ’Ότι
2414 2694 2441 2748 6
2498 2695 2967 2770 Ἀρχιστρὰτηγος
3038 2696 3135 2747 τοῦ
3195 2688 3360 2747 Ἀδδᾶ
3434 2690 3655 2761 ἐκτίσθη
3722 2693 3824 2746 ὑπὸ

2166 2781 2486 2839 Ἰουστίνου,
2541 2783 2610 2837 Τὸ
2669 2780 2727 2837 δὲ
2783 2779 2960 2855 ὄνομα
3006 2778 3219 2851 ἐδέξατο
3271 2778 3331 2835 ἐκ
3370 2784 3467 2835 τοῦ
3521 2777 3690 2835 Ἀδδᾶ
3726 2785 3825 2835 τοῦ

2172 2870 2491 2948 μαγίστρου,
2524 2869 2583 2926 ἐκ
2604 2874 2701 2926 τοῦ
2732 2869 2902 2926 ἐκεῖσε
2931 2871 3214 2932 κτίσαντος
3245 2871 3415 2925 οἷκον.

2721 3052 2850 3125 Ηερὶ
2880 3053 2979 3119 τῆς
3014 3047 3272 3124 Σιδηρᾶς.

2233 3144 2351 3195 Ὅτι
2410 3139 2497 3196 ἐπὶ
2544 3141 2641 3195 τοῦ
2719 3139 2980 3217 Μεγάλου
3058 3137 3465 3195 Κωνσταντίνου
3542 3140 3570 3193 6
3650 3140 3826 3212 μέγας

2160 3230 2294 3283 κίῶν
2342 3233 2440 3283 τοῦ
2488 3228 2661 3305 φόρου
2713 3233 2810 3283 τοῦ
2869 3224 3132 3297 Ἀνηλίου
3180 3232 3326 3302 τρεῖς
3368 3226 3603 3301 χρόνους
3652 3227 3828 3301 ἀπῄει

2160 3316 2530 3391 πλοϊζόμενος
2586 3317 2690 3371 ἀπὸ
2748 3317 2971 3389 Ῥώμης
3029 3314 3117 3371 διὰ
3172 3316 3273 3384 τὴν
3354 3310 3671 3390 ὑπερϐολὴν
3723 3320 3826 3370 τοῦ

2164 3404 2421 3479 μεγέθους
2507 3406 2693 3460 αὐτοῦ.
2774 3405 2874 3461 Καὶ
2952 3403 3213 3468 εἷσελθὼν
3300 3403 3376 3464 εἲς
3432 3403 3528 3467 τὰς
3586 3404 3823 3480 Sep-31¢,

2160 3494 2211 3549 ἐν
2244 3498 2311 3567 τῇ
2352 3494 2526 3570 πόρτῃ
2580 3494 2849 3549 θελόντων
2898 3488 3146 3549 ἐκϐαλεῖν
3200 3493 3291 3547 τὸν
3360 3494 3517 3547 κίονα
3565 3491 3675 3546 ἀπὸ
3706 3498 3819 3547 τῶν

2160 3580 2392 3658 σχεδίων
2428 3582 2647 3658 ἐχώσθη
2684 3583 2761 3644 εἰς
2810 3582 2901 3637 τὸν
2950 3580 3201 3655 αἰγιαλὸν
3252 3582 3467 3655 πήχεας
3515 3576 3583 3647 δ’,
3637 3577 3732 3634 διὰ
3757 3582 3821 3635 τὸ

2160 3675 2359 3747 χαῦνον
2404 3673 2492 3725 καὶ
2544 3669 2767 3741 ἀλσώδη
2822 3672 2952 3725 εἶναι
2995 3671 3086 3724 τὸν
3135 3668 3301 3724 τόπον
3335 3689 3347 3701 ·
3404 3667 3709 3741 μέλλοντες
3761 3666 3822 3724 Si

2157 3764 2347 3814 τοῦτον
2408 3762 2651 3831 ἀποσπᾷν
2716 3760 2850 3833 μετὰ
2913 3759 3110 3831 ξύλων,
3166 3758 3265 3813 οὐκ
3317 3755 3609 3829 ἠδύναντο,
3670 3758 3822 3814 ἀλλὰ

2162 3849 2298 3921 μετὰ
2353 3846 2594 3924 σιδηρῶν
2679 3849 2934 3926 μοχλίων
3015 3847 3294 3923 μεγάλων.
3347 3847 3446 3902 Καὶ
3498 3844 3591 3902 διὰ
3646 3853 3817 3902 τοῦτο

2159 3935 2329 3999 οὕτως
2360 3937 2597 4009 ἐκλήθη.

2458 4027 2586 4103 Περὶ
2616 4031 2712 4081 τοῦ
2754 4024 2979 4099 λιμένος
3011 4030 3107 4081 τοῦ
3139 4025 3504 4099 Ἐλευθερίου.

2227 4114 2287 4171 Ὁ
2343 4113 2400 4170 δὲ
2452 4114 2622 4189 λιμὴν
2683 4120 2781 4170 τοῦ
2838 4114 3179 4192 Ἐλευθερίου
3235 4114 3452 4184 ἐκτίσθη
3510 4115 3665 4189 παρὰ
3724 4119 3819 4169 τοῦ

2156 4202 2414 4278 Μεγάλου
2475 4206 2903 4261 Κωνσταντίνου.
2952 4207 3164 4259 Ἵστατο
3233 4201 3291 4258 δὲ
3336 4204 3422 4259 καὶ
3484 4203 3668 4272 στήλη
3732 4204 3820 4259 λι-

2154 4290 2273 4363 θίνη
2353 4291 2694 4369 Ἑλετθερίου
2797 4296 3297 4370 πρωτασηκρήτου,
3383 4294 3644 4370 φέροντος
3739 4292 3819 4347 ἐπ’

2154 4383 2320 4455 ὤμων
2403 4382 2708 4439 καποό).ιοο
2783 4385 2873 4438 καὶ
2938 4383 3070 4439 πτόν
3146 4383 3196 4437 ἐν
3274 4386 3342 4447 τῆ
3404 4384 3551 4457 χειρὶ
3619 4383 3817 4449 αὐτοῦ,

402 4486 557 4524 eum.
579 4474 719 4523 Cum
754 4474 948 4523 autem
982 4469 1296 4539 erigeretur
1328 4469 1639 4525 Theodosii
1674 4476 1892 4538 statua,
1917 4489 2044 4542 qum

2170 4473 2434 4552 ὶμφότερα
2490 4470 2686 4535 λίθινα.
2747 4472 3070 4543 Κτισθείσης
3150 4469 3207 4526 δὲ
3282 4470 3373 4525 καὶ
3444 4478 3545 4540 τῆς
3602 4469 3817 4541 στήλης

404 4558 693 4613 columnae
742 4556 1009 4613 insidens
1056 4557 1115 4611 in
1164 4558 1355 4614 Tauro
1388 4558 1879 4631 conspiciebatur,
1930 4566 2045 4615 ter-

404 4665 470 4703 ra
502 4644 687 4701 fossili
717 4645 775 4699 in
809 4644 965 4701 hunc
996 4649 1230 4717 portum
1270 4647 1518 4718 ingesta,
1567 4652 1726 4703 totus
1774 4648 2045 4720 oppletus

403 4740 515 4792 est.

541 4852 613 4906 De
635 4851 836 4905 statuis
864 4864 993 4921 qua:
1020 4857 1150 4904 sunt
1175 4865 1342 4921 prope
1372 4851 1427 4906 S.
1460 4852 1890 4923 Agat/ionicum.

461 5030 598 5085 Duas
631 5031 770 5084 sunt
800 5030 1005 5083 statua)
1034 5027 1265 5099 verinaa,
1298 5046 1416 5085 una
1437 5034 1568 5101 post
1590 5048 1903 5087 ascensum
1957 5033 2037 5087 ibi

386 5121 675 5193 graduum
699 5116 887 5189 magis
924 5117 995 5172 ad
1028 5122 1296 5173 austrum
1328 5135 1574 5189 vergens
1604 5137 1782 5192 quam
1835 5121 2035 5177 Sancti

385 5208 731 5281 Agathonici
771 5204 1058 5276 templum
1117 5206 1324 5275 altera,
1384 5223 1413 5262 ο
1487 5210 1723 5279 regione
1773 5211 2038 5281 proxime

388 5298 722 5354 S.Barbaroa
754 5295 1062 5367 templum,
1099 5297 1251 5366 quod
1281 5301 1369 5350 est
1406 5297 1464 5351 in
1505 5299 1878 5370 Artotyriano
1910 5300 2035 5355 loco

390 5402 493 5441 seu
526 5383 861 5455 Artopoliis.
898 5383 1001 5438 Illa
1031 5384 1289 5455 quidem,
1324 5402 1450 5455 qua:
1501 5387 1569 5439 ad
1606 5387 1663 5441 S.
1717 5389 2035 5457 Agathoni-

390 5491 523 5530 cum
546 5478 650 5537 est,
677 5472 990 5542 superstite
1011 5473 1204 5527 adhuc
1232 5473 1418 5527 Leone
1439 5474 1567 5543 ejus
1592 5477 1820 5543 marito,
1848 5486 2037 5533 erecta

389 5563 537 5630 fuit;
573 5577 699 5632 quae
734 5576 866 5615 vero
898 5575 1075 5631 prope
1105 5561 1161 5616 S.
1197 5561 1537 5627 Barbaram,
1572 5567 1704 5632 post
1752 5564 1880 5634 ejus
1911 5564 2033 5620 obi-

2154 4561 2252 4617 τοῦ
2310 4559 2619 4629 Θεοδοσίου,
2680 4559 2715 4630 ἤ
2776 4559 2862 4615 ἐπὶ
2922 4562 3017 4615 τοῦ
3066 4560 3247 4623 κίονος
3306 4565 3402 4615 τοῦ
3456 4560 3671 4633 Ταύρου
3726 4564 3815 4628 ἦν,

2156 4654 2184 4708 6
2215 4656 2352 4728 χοῦς
2381 4650 2604 4725 ἐχόνετο
2639 4649 2716 4713 εἷς
2746 4651 2836 4705 τὸν
2868 4648 3085 4723 λιμένα,
3120 4650 3208 4705 καὶ
3242 4648 3529 4724 ὶγεμίσθη.

2340 4855 2473 4931 Περὶ
2503 4859 2611 4910 τῶν
2646 4852 2866 4931 στηλῶν
2891 4859 2999 4931 τῶν
3022 4854 3193 4910 οὔτῶν
3228 4854 3303 4917 εἷς
3330 4854 3421 4909 τὸν
3454 4855 3641 4929 ’Λγιον

2784 4928 3016 5001 Ἀγαθόν
3029 4948 3162 4985 ικον.

2222 5035 2288 5089 Αἱ
2317 5031 2513 5102 στῆλαι
2548 5029 2643 5087 δύο
2695 5031 2797 5087 εἶσὶ
2844 5039 2945 5101 τῆς
3001 5034 3260 5105 Βηρίνης,
3314 5033 3415 5105 μία
3462 5031 3559 5104 μὶν
3615 5051 3816 5085 νοτιω-

2146 5124 2276 5198 τέρα
2330 5126 2425 5177 τοῦ
2489 5122 2645 5196 ἁγίου
2721 5122 2991 5196 μάρτυρος
3062 5122 3443 5197 Ἀγαθονίγου,
3526 5120 3661 5192 μετὰ
3712 5122 3813 5189 τήν

2149 5209 2343 5266 ἄνοδον
2397 5215 2508 5265 τῶν
2567 5210 2739 5265 ἐκεῖσε
2801 5207 3082 5286 βαθμίδων
3120 5231 3131 5243 ·
3216 5211 3369 5285 ἑτέρα
3447 5206 3505 5263 δὲ
3557 5205 3816 5281 ἄντικρυς

2146 5300 2331 5370 αὐτοῦ,
2389 5297 2625 5371 πλησίον
2683 5306 2783 5369 τῆς
2853 5299 3002 5375 ἁγίας
3062 5295 3348 5376 Βαρϐἁρας
3404 5303 3501 5354 τοῦ
3549 5300 3816 5373 Ἀρτοτυ-

2147 5393 2333 5463 ρίανοῦ
2398 5389 2592 5445 τόπου.
2653 5389 2751 5444 Καὶ
2811 5390 2846 5457 ἡ
2914 5388 3008 5461 μὲν
3072 5394 3168 5443 τοῦ
3244 5388 3396 5463 ἁγίου
3456 5388 3814 5461 Ἀγαθονὶκου

2144 5478 2335 5552 γέγονε
2399 5482 2597 5545 ζῶντος
2654 5477 2885 5539 Λέοντος
2963 5483 3060 5532 τοῦ
3133 5475 3325 5554 ἀνδρὸς
3378 5477 3546 5545 αὐτῆς
3582 5495 3596 5508 ο
3657 5477 3693 5543 ἡ
3763 5473 3815 5530 δὲ

2142 5570 2243 5636 τῆς
2292 5567 2445 5644 ἁγίας
2524 5562 2835 5641 Βαρϐάρας,
2922 5568 3058 5640 μετὰ
3126 5570 3225 5638 τήν
3298 5564 3561 5634 τελευτὴν
3620 5566 3814 5633 αὐτοῦ,
