3970 6218
291 304 445 367 1261

1433 289 1798 354 ΑΝΟΝΥΜῙ
1843 287 2426 360 ANTIOUlTATES
2474 298 2600 359 ΟΡ.

3573 305 3726 367 1262

287 434 451 506 ἡνίκα
481 430 807 488 Βασιλίσκον
835 431 925 485 τὸν
959 428 1192 507 ἀδελφὸν
1243 426 1412 496 αὐτῆς
1452 422 1696 499 ἔστρεψε,
1739 419 1940 500 φυγόν-

2105 442 2210 494 1m,
2243 429 2481 499 quando
2513 430 2863 489 Basiliscum
2914 433 3154 490 fratrem
3187 453 3354 493 suum
3393 439 3712 510 coronavit,

293 544 385 586 τος
415 523 667 594 Ζήνωνος
691 525 789 576 105
818 513 1070 596 γαμϐροῦ
1099 517 1284 586 αὐτῆς.

690 609 820 684 Περὶ
846 613 943 663 105
973 607 1160 682 Ἀγίου
1183 603 1556 683 Ἀγαθονίκου.

362 705 418 757 Ὀ
454 699 511 756 δὶ
540 704 734 774 ιἌγιος
767 697 1137 774 ³Δγαθόνικος,
1167 697 1230 750 τὸ
1273 695 1537 769 πρότερον
1573 692 1676 748 ὑπὸ
1719 695 1952 748 Ᾱναστα-

293 793 436 857 σίου,
494 791 584 845 καὶ
641 791 1025 846 ’Ῑουστινιανοῦ
1097 789 1195 840 105
1266 782 1522 860 Μεγάλου
1577 781 1641 836 τὸ
1703 778 1948 853 δεύτερον

295 881 663 948 ἀνικαινίσθη.
715 884 802 932 Ἐν
857 877 1002 931 αὺτῶ
1060 872 1117 930 δξ
1171 879 1251 946 τῷ
1304 877 1418 944 ναῷ
1474 872 1563 926 καὶ
1614 871 1947 945 πατριάρχαι

294 970 665 1039 ἑπισκόπησαν
693 967 845 1035 ἑπτὰ,
899 965 984 1020 ἰπὶ
1033 964 1271 1040 χρόνους
1327 964 1680 1031 πεντήκοντα,
1730 959 1818 1013 καὶ
1853 960 1950 1030 βα-

293 1060 466 1124 σιλεῖς
496 1056 898 1136 ἐστεφηφόρουν
933 1054 1104 1110 ἐκεῖσε
1144 1050 1186 1107 δ’
1220 1072 1232 1086 ο
1287 1049 1354 1106 δι’
1398 1048 1464 1119 ἤν
1516 1047 1573 1104 δὲ
1618 1048 1786 1103 αἰτίαν
1822 1067 1947 1120 μετ-

295 1148 526 1219 εποίηθη
587 1134 786 1210 ἂκεῖθεν
834 1144 938 1199 ὑπὸ
986 1138 1262 1218 Τιϐερίου,
1322 1140 1384 1195 οὗ
1440 1140 1783 1215 γινώσκεται.
1844 1134 1946 1191 Καὶ

291 1237 557 1293 παλάτιον
592 1233 649 1291 δὲ
695 1233 932 1305 πλησίον
981 1237 1078 1287 105
1123 1231 1289 1286 αὐτοῦ
1340 1233 1472 1283 ναοῦ
1527 1229 1594 1296 ἦν
1641 1228 1892 1302 μέγιστον
1930 1246 1942 1259 ο

295 1328 400 1384 ὐπὸ
432 1323 490 1381 δὲ
516 1319 767 1400 Τιϐεριου
796 1327 894 1378 105
944 1321 1165 1395 πρώτου
1200 1319 1534 1393 μετεποιήθη
1569 1313 1839 1379 διολισθὶν
1870 1313 1946 1375 εἷς

292 1418 358 1471 τὰ
394 1413 660 1492 βασίλεια.

707 1499 836 1577 Περὶ
869 1505 963 1554 105
993 1497 1180 1574 Ἀγίου
1209 1495 1536 1552 Ἰουλιανοῦ.

367 1594 460 1656 Εἰς
500 1594 591 1648 τὸν
640 1593 826 1667 ’Ἀγιον
884 1588 1182 1645 Ἰουλιανὸν
1240 1583 1517 1661 μοεαχοὺς
1567 1583 1748 1645 ὁσίους
1796 1579 1944 1636 κο.τὲ-

288 1705 484 1740 καυσεν
547 1683 574 1737 ὁ
634 1675 968 1746 Καϐαλῖνος,
1028 1674 1118 1732 διὰ
1173 1676 1234 1730 τὸ
1296 1675 1372 1748 μὴ
1423 1677 1698 1728 κοινωνεῖν
1748 1670 1944 1732 αὐτοὺς

289 1778 360 1848 τῇ
425 1776 634 1846 μυσαρᾷ
703 1769 868 1824 αὐτοῦ
936 1767 1148 1837 ἑσθήσει
1218 1786 1275 1820 τε
1350 1765 1438 1818 καὶ
1512 1760 1787 1848 θρησκείᾳ,
1855 1760 1943 1814 καὶ

291 1846 451 1918 αυτὸν
505 1861 595 1916 τὸν
682 1859 849 1914 ναόν·
937 1857 1028 1912 καὶ
1097 1853 1368 1918 ἀναλύσας
1432 1855 1460 1908 ὁ
1521 1846 1788 1926 μόλιϐδος
1844 1856 1945 1918 τῆς

290 1949 585 2021 ἆκκλησίας
663 1945 928 2016 κατῆλθεν
1004 1942 1108 2006 ἕως
1188 1947 1294 1998 τῶν
1379 1945 1593 2019 Σοφιῶν
1665 1937 1940 2015 αἰγιαλοῦ.

287 2044 532 2100 Ἵσταντο
566 2037 624 2095 δὲ
654 2037 824 2094 ἐκεῖσε
853 2032 1108 2112 Πίρόικες
1139 2030 1349 2111 χαλκαῖ
1379 2031 1428 2085 ἐν
1461 2027 1698 2104 καμάρᾳ.

467 2235 594 2308 Περὶ
623 2239 720 2290 105
749 2232 1216 2311 ἀρχιστρατήγου,
1245 2231 1343 2283 105
1374 2222 1528 2288 ὄντος
1568 2225 1645 2289 εὶς
1673 2225 1764 2280 τὸν

841 2309 1029 2357 ’Ἄνιον
1073 2300 1393 2357 Ἰουλιανόν.

841 2309 1029 2380 ’Ἄγιον
1073 2309 1393 2357 Ἰουλιανόν.

363 2395 605 2472 Ὁμοίως
659 2396 749 2451 καὶ
799 2395 890 2449 τὸν
949 2391 1390 2468 ἀρχισνράτηγον
1437 2388 1526 2442 τὸν
1578 2383 1703 2442 ὄντα
1747 2385 1822 2448 είς
1854 2383 1946 2440 τὸν

291 2492 490 2563 Ἀγιον
546 2483 842 2544 Ἰουλιανὸν
901 2483 928 2537 ό
980 2481 1206 2555 Δίκορος
1257 2480 1564 2554 ἀνήγειρεν,
1622 2475 1711 2530 ὅτε
1776 2473 1942 2544 ἦλθεν

294 2579 402 2634 ἀπὸ
457 2580 555 2631 105
604 2573 958 2651 Δυρραχίουο
1029 2575 1156 2632 παῖς
1228 2568 1328 2644 γὰρ
1414 2564 1488 2620 ὢν
1555 2564 1816 2639 ἐμάνθανε
1879 2564 1946 2618 τὰ

290 2668 592 2743 γράμματα
622 2662 792 2719 ζκεῖσε
823 2661 1011 2718 οίκῶν.
1116 2659 1118 2661 ’

555 2753 684 2830 Περὶ
714 2758 821 2809 τῶν
853 2749 1135 2807 παλατίων
1167 2752 1275 2803 τῶν
1310 2745 1674 2820 Ἐλευθερίου.

363 2846 438 2899 Τὰ
485 2841 542 2899 δὲ
585 2829 824 2898 παιιάτια
869 2841 937 2896 τὰ
993 2837 1338 2911 Ἐλευθερίου
1398 2834 1485 2890 καὶ
1537 2834 1606 2888 τὰ
1662 2829 1947 2907 ἐργοδὸσια

290 2932 498 2990 ἔκτισεν
551 2931 758 3006 Εἰρήνη
825 2931 911 2985 καὶ
971 2930 1397 2993 Κωνσταντῖνος,
1474 2925 1502 2979 ὁ
1570 2923 1685 2984 υἱὸς
1758 2920 1944 2990 αὐτῆς.

290 3024 428 3081 Ἀπὸ
505 3019 563 3077 δὲ
627 3025 736 3075 τῶν
818 3018 982 3093 μέχρι
1053 3017 1472 3090 ’Δμαστριανοῦ,
1551 3009 1943 3085 Ἰπποδρὸμιον

289 3114 484 3189 γέγονε
513 3110 656 3186 παρᾶ
692 3110 790 3165 105
841 3105 1098 3184 Μεγάλου
1147 3101 1438 3160 Θεοδοσίου
1473 3119 1486 3134 ⁸
1540 3103 1575 3171 ἡ
1623 3098 1680 3155 δὲ
1732 3100 1941 3173 Εἰρήνη

288 3199 584 3256 κατέλυσεν
613 3198 796 3253 αὐτόν.

295 3289 432 3363 Περὶ
517 3292 616 3343 105
698 3285 885 3361 Ἀγίου
971 3281 1422 3356 Παντελεήμονος
1490 3285 1586 3336 105
1665 3277 1945 3354 Μεγάλου.

365 3379 464 3433 Τὸν
519 3375 577 3432 δὶ
634 3377 820 3450 Ἀγιον
878 3372 1298 3446 Παντελεῆμονα
1361 3366 1536 3426 ἔκτισε
1591 3366 1845 3442 Θεοδώρα
1912 3371 1946 3438 ἡ

295 3467 437 3542 γυνή
493 3468 877 3523 Ἰουστιτιανοῦ
941 3467 1037 3518 105
1094 3459 1371 3537 Μεγάλου.
1432 3461 1560 3516 ’Ότε
1615 3457 1780 3527 ἦλθεν
1842 3457 1948 3512 ἀπὸ

807 3552 979 3608 ἐκεῖσε
1059 3551 1110 3608 ἰν
1195 3554 1274 3622 τῷ
1343 3544 1569 3622 ἐμϐόλῳ
1631 3545 1804 3602 ἔκειτο
1873 3547 1946 3608 ὡς

1222 3639 1312 3693 καὶ
1389 3636 1592 3692 ἐπώλει
1643 3637 1796 3704 αὐτὰ,
1858 3635 1947 3690 καὶ

297 3556 720 3630 Παφλαγωνίας,

289 3645 520 3719 πτωχὴ,
579 3641 666 3698 καί
736 3639 924 3711 ἔνηθεν
1002 3638 1140 3717 ἔρια,

291 3735 474 3795 οὕτως
533 3731 649 3803 ἔζη.
708 3733 854 3787 Μετᾶ
928 3727 985 3786 δὲ
1066 3731 1129 3784 τὸ
1208 3726 1545 3804 βασιλεῦσαι,
1621 3724 1796 3780 ἔκτισε
1854 3725 1945 3780 τὸν

285 3823 445 3880 ναόν.

846 3892 977 3968 Περὶ
1011 3892 1079 3947 τὰ
1109 3888 1408 3948 Κλαυδίου.

365 3983 450 4040 Τὰ
503 3978 796 4054 Κλαυδίου,
828 3984 979 4044 οἶκος
1049 3981 1116 4049 ἦν
1171 3978 1461 4050 πατρικίου
1512 3982 1609 4032 105
1669 3974 1948 4033 Κλαυδίου

295 4070 391 4127 καὶ
444 4069 808 4146 κοιαίστορος,
862 4069 915 4125 ἰν
969 4074 1085 4132 τοῖς
1129 4068 1352 4146 χρόνοις
1406 4065 1737 4125 Βασιλίσκου
1795 4067 1947 4142 βασι-

295 4159 464 4232 λέως,
494 4160 554 4224 ’ὸς
581 4159 670 4214 καὶ
701 4157 967 4214 παλάτιον
999 4159 1281 4234 ἀνήγειρεν
1315 4158 1504 4213 ἐκεῖσε.

873 4247 1005 4322 Περὶ
1036 4248 1102 4302 τά
1133 4251 1363 4322 Ναρσοῦ.

365 4338 438 4392 Τὰ
493 4335 550 4391 δὲ
606 4339 843 4414 Ναρσοῦ,
919 4337 1065 4400 οἶκος
1128 4339 1191 4404 ἦν
1245 4338 1457 4409 Ναρσοῦ
1514 4331 1802 4407 πατρικίου
1858 4335 1943 4386 καὶ

289 4426 682 4502 πραιποσίτου,
743 4426 1032 4502 εὐννύχου,
1097 4425 1148 4479 ἐν
1196 4430 1312 4486 τοῖς
1371 4423 1598 4499 χρόνοις
1655 4423 1946 4477 ’1ουστίνου

2060 515 2288 571 Zenone
2319 533 2534 588 genero
2569 520 2785 591 fugato.

2510 611 2585 664 De
2612 613 2813 682 templo
2843 613 2899 667 S.
2934 613 3278 684 Agathonicz’.

2133 697 2438 767 Templum
2494 704 2551 753 S.
2585 701 2933 771 Agathonici
2986 705 3177 776 primo
3237 706 3308 760 ab
3370 709 3718 778 Anastasio;

2063 786 2320 840 secundo
2381 793 2598 858 autem,
2634 807 2666 843 a
2713 792 3044 847 Justiniano
3103 794 3314 867 Magno
3373 803 3714 854 renovatum

2061 877 2168 926 est.
2205 877 2264 927 ln
2301 875 2406 929 hoc
2440 893 2569 932 vero
2600 880 2818 951 templo
2849 881 3008 937 intra
3039 883 3474 955 quinquaginta
3505 904 3711 954 annos,

2060 970 2283 1035 septem
2319 967 2664 1037 patriarchas
2713 971 3116 1044 episcopatum
3167 991 3423 1045 gessere,
3457 994 3521 1032 ac
3575 995 3715 1049 qua-

2059 1060 2192 1108 tuor
2222 1054 2442 1111 ibidcm
2489 1057 2873 1129 imperatores
2924 1062 3188 1118 coronati
3240 1071 3401 1120 sunt.
3434 1067 3556 1131 Qua
3579 1084 3711 1122 vero

2058 1143 2129 1199 de
2161 1160 2341 1199 causa
2394 1151 2686 1202 mutatum
2716 1149 2791 1203 sit
2822 1167 2855 1204 a
2884 1149 3138 1220 Tiberio,
3182 1153 3464 1208 nescitur.
3509 1155 3708 1210 Proxi-

2058 1247 2150 1286 me
2182 1231 2291 1287 hoc
2322 1235 2611 1306 templum
2656 1242 2780 1292 erat
2814 1236 3094 1293 Palatium
3147 1240 3496 1306 maximum,
3529 1243 3706 1312 quod,

2057 1336 2185 1375 cum
2219 1321 2540 1392 collapsum
2573 1330 2748 1395 esset,
2781 1327 3054 1384 Tiberius
3088 1328 3284 1386 senior
3315 1329 3707 1402 imperatoriis

2057 1409 2273 1465 aedibus
2304 1411 2594 1481 adjunxit.

2662 1504 2734 1558 De
2765 1503 2818 1558 S.
2851 1505 3097 1559 Iuliano.

2127 1588 2441 1644 Monachos
2473 1591 2528 1645 S.
2564 1591 2784 1646 Juliani
2819 1593 2945 1664 pios
2977 1610 3041 1648 ac
3073 1594 3376 1665 religiosos
3417 1595 3704 1652 Constan-

2055 1676 2217 1732 tinus
2245 1677 2647 1751 Copronymus
2699 1681 2816 1753 igni
2875 1681 3138 1753 tradidit,
3174 1700 3238 1738 eo
3269 1685 3424 1755 quod
3478 1687 3703 1757 profani

2055 1766 2184 1836 ejus
2239 1767 2579 1823 vestimenti
2637 1787 2702 1824 ac
2753 1771 3119 1827 detestabilis
3169 1778 3337 1828 sectas
3392 1775 3704 1845 participes

2054 1871 2183 1910 esse
2232 1855 2488 1924 nollent;
2523 1859 3021 1929 quemadmodum
3050 1865 3107 1916 et
3137 1861 3323 1932 ipsum
3370 1861 3700 1929 ecclesiam,

2056 1945 2227 2016 cujus
2257 1943 2569 2017 plumbum
2603 1948 2792 2004 calore
2825 1949 3180 2005 dissolutum
3213 1952 3284 2005 ad
3318 1951 3483 2006 littus
3516 1969 3705 2023 usque

2055 2033 2420 2104 Sophianum
2470 2037 2730 2092 deﬂuxit.
2780 2038 3060 2094 Caeterum
3105 2039 3322 2096 ibidem
3365 2040 3424 2095 in
3477 2042 3703 2113 porticu

2057 2121 2324 2178 Perdices
2355 2141 2511 2181 aerem
2539 2126 2903 2182 visebantur.

2165 2231 2237 2286 De
2266 2232 2322 2288 S.
2356 2233 2624 2290 llh'chaele
2653 2235 2993 2304 archangelo
3020 2252 3186 2308 prope
3213 2238 3271 2292 5.
3294 2237 3597 2294 lulianum.

2126 2390 2410 2446 Similiter
2437 2395 2494 2446 et
2523 2393 2705 2448 isdem
2737 2397 2795 2448 Β.
2829 2393 3130 2450 Michaelis
3177 2395 3543 2465 archangelo,
3580 2413 3708 2468 qua

2057 2485 2151 2534 est
2177 2481 2354 2551 juxta
2385 2483 2442 2536 S.
2473 2481 2799 2550 Julianum,
2831 2483 3178 2539 Anastasius
3201 2484 3441 2540 Dicorus
3479 2489 3710 2540 exstru-

2054 2569 2158 2636 xit,
2185 2586 2316 2623 cum
2335 2570 2651 2642 Dyrrachio
2674 2572 2731 2626 in
2758 2573 2962 2627 urbem
2993 2573 3270 2628 venisset.
3296 2574 3548 2642 Etenim,
3572 2591 3705 2628 cum

2057 2675 2202 2730 puer
2230 2665 2406 2726 esset,
2441 2661 2518 2714 ibi
2552 2660 2825 2716 habitans
2857 2661 3080 2717 litteras
3113 2662 3336 2718 didicit.

2477 2752 2552 2805 De
2576 2753 2809 2821 palatiis
2848 2751 3284 2807 Eleutheriam’s.

2131 2837 2351 2892 Palatia
2383 2838 2798 2894 Eleutheriana
2827 2844 2882 2894 et
2925 2840 3160 2893 ofﬁcina
3206 2839 3369 2895 Irenc
3403 2857 3520 2895 una
3569 2856 3703 2895 cum

2054 2927 2439 2983 Constantino
2498 2945 2603 2982 suo
2665 2928 2780 2982 {ilio
2848 2927 3176 2982 mdiﬁcavit.
3240 2929 3704 3000 l-lippodromum

2056 3033 2212 3086 vero,
2243 3015 2338 3086 qui
2401 3017 2554 3071 inter
2600 3017 2915 3071 Eleutherii
2969 3017 3188 3088 palatia
3236 3021 3292 3071 et
3349 3018 3706 3073 Amastriani

2058 3111 2312 3161 tractum
2347 3123 2379 3160 a
2413 3105 2740 3160 Theodosio
2773 3105 2982 3177 Magno
3013 3110 3346 3161 exstructus
3379 3106 3509 3177 fuit,
3547 3106 3709 3160 Irene

2059 3200 2262 3268 postea
2291 3195 2514 3250 evertit.

2309 3289 2390 3339 De
2431 3285 2662 3340 Ecclesia
2692 3283 2747 3338 S.
2780 3285 3219 3339 Pantaleemonis
3249 3284 3460 3354 Magni.

2129 3375 2387 3430 Ecclesia
2417 3374 2476 3429 S.
2524 3374 2992 3429 Pantelecmonis
3041 3374 3279 3428 condita
3334 3377 3423 3428 est
3453 3390 3485 3427 a
3518 3372 3708 3428 Theo-

2058 3467 2218 3530 dora,
2250 3463 2564 3519 Iustiniani
2615 3464 2809 3534 Magni
2845 3479 3058 3528 uxore;
3111 3461 3386 3533 quoniam
3418 3479 3486 3517 ex
3516 3462 3708 3533 Paph-

2057 3553 2287 3622 lagonia
2339 3569 2473 3608 cum
2523 3551 2798 3620 venisset,
2832 3551 2912 3606 ibi
2946 3552 3000 3606 in
3038 3553 3262 3622 porticu
3304 3552 3570 3633 degebat,
3603 3569 3705 3606 ceu

2059 3646 2415 3718 paupercula
2443 3645 2662 3701 victum
2695 3645 2807 3700 sibi
2840 3662 2907 3700 ex
2937 3644 3191 3700 laniﬁcio
3223 3644 3562 3716 quaeritans.
3596 3645 3705 3698 Sed

2059 3737 2159 3792 ubi
2191 3737 2263 3791 ad
2312 3735 2626 3808 imperium
2677 3734 2960 3806 pervenit,
2993 3734 3210 3790 ibidem
3257 3733 3543 3806 templum
3575 3749 3707 3788 exs-

2058 3827 2264 3882 truxit.

2607 3897 2680 3951 De
2711 3895 2933 3951 Claudii
2957 3903 3155 3950 tractu.

2131 3985 2355 4042 Claudii
2391 3989 2633 4051 tractus,
2689 3986 2899 4040 domus
2943 3989 3069 4039 erat
3115 3982 3338 4037 Claudii
3391 3981 3621 4053 patricii
3654 3985 3712 4035 et

2060 4076 2386 4148 quaestoris,
2439 4079 2697 4145 tempore
2747 4071 3010 4129 Basilisci
3060 4071 3472 4144 imperatoris;
3524 4069 3626 4142 qui
3657 4075 3713 4124 et

2059 4165 2346 4237 palatium
2381 4163 2498 4219 illic
2528 4163 2855 4218 aediﬁcavit.

2594 4253 2670 4306 De
2698 4257 2878 4306 tractu
2907 4251 3172 4305 Narselz's.

2127 4341 2384 4397 Nursctis
2435 4344 2678 4406 tractus,
2709 4340 2920 4394 domus
2951 4343 3074 4392 erat
3104 4337 3365 4392 Narsctis
3398 4335 3624 4406 patricii
3655 4341 3711 4391 et

2057 4429 2688 4503 praepositi,eunuchi,
2747 4434 3008 4499 tempore
3064 4426 3284 4483 Justini
3342 4431 3400 4480 et
3455 4425 3706 4497 Sophim.

289 4516 382 4570 καὶ
441 4515 666 4594 Σοφίας.
719 4517 840 4572 Τῶν
896 4512 953 4570 δὲ
1026 4515 1246 4585 ξενῶνα,
1279 4514 1368 4568 καὶ
1426 4515 1488 4568 τὸ
1547 4517 1942 4587 γηροκομεῖον,

2105 4519 2498 4575 ,enodochium
2559 4522 2780 4588 autem,
2825 4515 3222 4588 gerocomium
3284 4520 3340 4570 et
3397 4513 3710 4570 ecclesiam

290 4606 390 4660 καὶ
439 4606 537 4673 τὴν
590 4604 878 4674 ἐκκλησίαν
932 4605 1216 4678 ἆνήγειρεν
1278 4605 1305 4657 ὁ
1365 4601 1548 4670 αὐτὸς,
1579 4602 1667 4656 καὶ
1716 4601 1781 4655 τὰ
1816 4600 1946 4676 μέχι

289 4699 394 4750 105
425 4689 771 4773 Ὀξυὸαφίου,
802 4694 892 4748 καὶ
923 4714 1016 4748 τον
1048 4695 1239 4768 Ἀγιον
1272 4687 1507 4768 Πρόϐον.

777 4853 908 4930 Περὶ
936 4858 1034 4910 τοῦ
1062 4853 1241 4929 Ἀγίου
1273 4859 1462 4924 Θωμᾶ.

373 4945 494 5000 Ὀτι
536 4943 604 4998 τὰ
645 4941 920 5017 Ἀμάντου
966 4941 1296 5016 καλούμενα,
1342 4943 1490 5006 οἶκος
1537 4943 1604 5010 ἦν
1655 4943 1948 5017 μαγίστρου

291 5034 446 5096 τινὸς
524 5031 800 5105 Ἀμάντου
861 5033 1382 5107 παρακοιμωμένου,
1443 5030 1494 5085 ἐν
1553 5037 1672 5093 τοῖς
1729 5033 1949 5106 χρόνοις

290 5127 394 5178 105
455 5121 686 5196 Δικόρου
740 5123 887 5184 ὅστις
946 5118 1119 5176 ἔκτισε
1160 5121 1252 5176 τὸν
1303 5125 1491 5196 ’Ἄγιον
1540 5128 1737 5192 Θωμᾶν
1775 5141 1787 5154 ·
1851 5121 1947 5194 ὲμ-

294 5211 638 5282 πρησθέντος
676 5209 754 5274 δὲ,
789 5212 938 5266 Λέων
969 5211 996 5264 ὁ
1029 5211 1142 5272 υἱὸς
1176 5209 1460 5267 Βασιλείου
1498 5215 1595 5265 105
1639 5207 1946 5272 Μακεδόνος

295 5300 627 5355 ἀνεκαίνισιν
662 5300 820 5356 αὐτόν
832 5345 844 5357 .

766 5389 894 5465 Περὶ
934 5391 996 5445 τὸ
1036 5388 1482 5462 Χρυσοκάμαρον.

364 5479 441 5534 Τὸ
527 5475 585 5534 δὶ
641 5479 1092 5554 Χρυσοκάμαρον,
1175 5474 1388 5532 ὄπισθεν
1469 5482 1567 5532 τοῦ
1637 5477 1948 5551 Μυρελαίου

299 5565 503 5637 ζώδιον
530 5566 719 5624 ’ίστατο
747 5574 1010 5644 χρυσοῦν,
1061 5566 1150 5622 διὰ
1187 5572 1350 5621 τοῦτο
1401 5565 1606 5637 ἐκλήθη
1665 5569 1948 5643 Χρυσοκά-

306 5677 502 5732 μαρον.
564 5659 718 5730 Παρὰ
774 5656 830 5714 δέ
898 5680 1058 5713 τινων
1140 5656 1386 5713 κλεπτῶν
1443 5655 1493 5710 ἐν
1551 5663 1668 5719 τοῖς
1727 5657 1948 5732 χρόνοις

2058 4610 2210 4665 idem
2242 4609 2367 4680 ipse
2397 4608 2661 4664 condidit
2697 4613 2754 4662 et
2785 4622 3149 4678 quaecunque
3180 4607 3250 4660 ad
3298 4604 3489 4660 locum
3522 4621 3709 4678 usque

2057 4697 2383 4771 Oxybapbii
2435 4702 2834 4770 nuncupatum
2883 4696 3193 4764 visuntur;
3241 4696 3500 4766 itemque
3531 4696 3708 4750 Sanc-

2057 4793 2185 4843 tum
2221 4789 2492 4843 Probum.

2602 4860 2675 4913 De
2701 4857 2898 4913 Sancto
2930 4858 3150 4913 Thoma.

2133 4948 2360 5003 Amanti
2404 4952 2649 5016 tractus,
2683 4948 2896 5002 domus
2944 4952 3068 5002 erat
3120 4946 3350 5001 Amanti
3401 4944 3707 5014 cujusdam

2061 5036 2329 5108 magistri
2361 5041 2418 5091 et
2449 5035 2801 5090 aceubitoris
2847 5035 2957 5090 sub
2989 5035 3298 5090 Anastasio
3332 5033 3574 5096 Dicoro;
3610 5033 3708 5101 qui

2059 5125 2366 5181 ecclesiam
2417 5127 2469 5180 S.
2505 5125 2739 5180 Thomas
2784 5125 3113 5192 aedificavit,
3160 5140 3332 5193 quam
3386 5126 3586 5191 postea
3619 5122 3709 5173 in-

2060 5215 2266 5270 cendio
2318 5218 2731 5285 consumptam
2783 5214 2892 5269 Leo
2945 5213 3100 5268 filius
3130 5210 3329 5266 Basilii
3377 5208 3709 5263 Macedonis

2059 5306 2429 5360 restauravit.

2602 5398 2683 5448 De
2717 5393 3158 5464 Chrysocamera.

2135 5485 2192 5538 ln
2225 5483 2679 5555 Chrysocamera
2713 5497 2860 5553 pone
2893 5477 3248 5550 Myrelaeum,
3281 5475 3419 5532 olim
3472 5475 3707 5547 signum

2061 5590 2304 5628 aureum
2346 5574 2684 5639 visebatur;
2720 5571 2934 5624 idcirco
2992 5569 3449 5638 Chrysocamcra
3481 5581 3706 5620 nuncu-

2064 5670 2199 5734 pata
2229 5667 2335 5719 est.
2370 5661 2484 5716 Hoc
2517 5664 2712 5715 autem
2745 5658 2981 5729 signum
3013 5673 3046 5712 a
3079 5656 3432 5727 quibusdam
3463 5652 3705 5709 latroni-
