4060 6214
395 334 423 392 1
436 330 554 390 263

1342 310 1736 376 APPENDIX
1776 310 1880 368 AD
1926 304 2386 368 MICHAELEM
2434 302 2823 365 PSELLUM.

3655 304 3803 366 1264

388 462 500 517 bus
533 457 885 515 suﬂ'uratum
921 455 1012 507 est
1040 454 1298 521 tempore
1329 446 1527 501 Bardte
1560 440 1826 509 Caesaris,
1860 454 2043 494 avun-

2187 430 2335 508 ιάρδα
2385 432 2669 508 Καίσαρος,
2699 428 2796 487 τοῦ
2846 431 2991 496 θείου
3046 432 3307 508 Μιχαὴλ,
3364 433 3488 489 υίοῦ
3533 437 3635 489 τοῦ
3684 440 3812 490 6co-

390 550 506 607 culi
539 543 865 611 Michaelis,
896 540 1000 596 ﬁlii
1032 536 1364 609 Theophili.

1025 656 1101 711 De
1130 650 1428 709 Psarelwo.

469 752 821 809 Psarelazum
856 742 1346 802 monasteriorum
1379 753 1515 794 cum
1565 739 1736 791 antea
1773 735 1929 788 esset
1958 746 2053 785 vo-

400 845 646 901 cabatur
704 835 1072 910 Myrelaeum;
1109 832 1423 900 imperator
1477 828 1635 882 enim
1696 822 1790 879 cui
1844 824 2049 876 notum

400 938 526 990 erat
557 909 792 997 nomen,
825 922 1007 980 voluit
1031 926 1097 976 ut
1127 918 1477 975 Psarelaeum
1508 909 2049 987 appellaretur.Mo-

400 1020 571 1076 nachi
644 1032 777 1071 vero
839 1031 872 1067 a
936 1007 1318 1066 Constantino
1392 1008 1756 1077 Copronymo
1834 997 2054 1070 injuria

398 1108 585 1166 atl‘ecti
618 1106 755 1161 inde
786 1102 1193 1176 profugerunt.

575 1225 649 1279 De
673 1224 839 1293 porta
867 1234 965 1274 seu
987 1221 1168 1271 tractu
1200 1211 1522 1283 cognomine
1557 1207 1872 1264 Psamatha.

472 1332 535 1385 In
573 1332 739 1401 porta
769 1342 869 1381 seu
918 1326 1109 1378 tractu
1146 1318 1460 1375 Psamatha
1508 1314 1878 1386 cognomine,
1924 1310 2054 1364 ido-

401 1421 526 1476 lum
573 1398 796 1482 rstabat,
858 1412 1012 1484 quod
1059 1409 1299 1480 quidam
1357 1404 1595 1477 gentilis
1667 1401 1915 1467 colebat,
1962 1398 2053 1453 cui

398 1505 717 1563 Christiani
746 1502 1038 1565 dicebant,
1076 1496 1303 1553 Idolum
1339 1495 1492 1566 quod
1527 1509 1633 1547 ceu
1672 1491 1853 1546 Deum
1888 1487 2055 1557 colis,

398 1598 546 1653 deus
580 1593 760 1649 falsus
807 1596 864 1647 et
911 1586 1232 1644 ementitus
1264 1590 1376 1651 est,
1425 1599 1490 1637 ac
1522 1598 1590 1636 ex
1621 1596 1686 1635 eo
1736 1579 1899 1633 locus
1947 1577 2057 1631 iste

397 1686 481 1741 ita
508 1680 959 1756 cognominatus
991 1680 1101 1732 est.
1135 1676 1415 1729 Caeterum
1444 1671 1563 1725 haec
1595 1674 1760 1739 porta
1790 1667 1946 1721 dicta
1967 1669 2058 1720 est

402 1774 637 1841 Quinta,
671 1789 737 1827 eo
768 1768 921 1839 quod
956 1780 1198 1821 numero
1229 1762 1435 1830 quinta
1464 1759 1562 1815 sit.

541 1892 616 1943 De
642 1886 876 1959 palatiis
909 1898 1024 1953 qua
1055 1882 1115 1935 in
1145 1883 1323 1933 tractu
1346 1875 1642 1932 Psamatha
1673 1874 1918 1928 exstant.

487 1994 703 2050 Palatia
751 1995 947 2047 autem
979 1992 1035 2042 et
1063 1982 1459 2059 gerocomium
1510 1982 1566 2036 in
1595 1984 1786 2035 tractu
1819 1980 2058 2034 Psama-

413 2084 517 2139 tha
575 2082 750 2147 dicto,
810 2076 1100 2134 exstruxit
1153 2078 1208 2129 S.
1271 2071 1488 2128 Helena
1540 2090 1555 2140 ;
1610 2069 1942 2140 pariterque
1995 2066 2055 2120 S.

409 2172 777 2227 Theodorum
836 2165 1059 2223 Claudii
1118 2168 1546 2233 nuncupatum.
1606 2158 1876 2213 Urbicius
1928 2172 2058 2210 vero

408 2267 719 2319 structura
765 2260 1074 2332 praefectus
1107 2253 1371 2309 condidit
1413 2250 1701 2322 templum
1752 2249 1811 2303 S.
1844 2244 2061 2302 Juliani

407 2351 661 2425 propriis
692 2348 1050 2421 sumptibus.
1085 2343 1306 2399 Ibidem
1339 2347 1506 2397 erant
1542 2343 1735 2394 castra
1768 2338 2059 2391 Romano-

406 2458 564 2498 rum.

889 2528 961 2581 De
990 2530 1151 2594 porta
1180 2526 1237 2579 5.
1266 2520 1581 2577 (Emittunt.

480 2621 647 2675 Porta
700 2617 759 2672 S.
812 2614 1104 2671 Emiliani
1147 2628 1360 2668 nomen
1421 2606 1647 2678 accepit
1704 2621 1739 2659 a
1798 2602 2062 2675 proximo

403 2706 625 2777 templo
657 2706 715 2760 S.
749 2702 1064 2767 Emiliani,
1094 2701 1248 2772 quod
1287 2699 1451 2771 prius
1502 2710 1747 2767 parvum
1781 2696 1906 2748 erat
1932 2708 2063 2745 ora-

404 2795 649 2851 torium.
678 2794 826 2849 Cum
877 2794 1073 2846 autem
1107 2789 1322 2861 Moysis
1366 2787 1533 2857 virga
1577 2784 1902 2849 efferretur,
1934 2795 2064 2835 eam

409 2884 521 2939 hoc
553 2882 678 2938 loco
727 2880 953 2952 excepit
995 2877 1416 2935 Constantinus
1465 2874 1733 2942 Magnus,
1766 2876 1822 2927 et
1851 2872 1904 2924 S.
1939 2868 2066 2924 Dei-

410 2989 561 3044 parze
593 2970 903 3027 ecclesiam
942 2967 1230 3023 exstruxit
1254 2983 1267 3033 ;
1292 2970 1348 3021 et
1382 2964 1466 3019 sic
1487 2962 1649 3018 locus
1671 2960 1769 3015 ille
1800 2957 2064 3031 appella-

410 3067 511 3116 tus
566 3059 674 3115 fuit
704 3057 979 3114 Rbabdos
1030 3072 1133 3111 seu
1164 3056 1345 3125 virga.
1383 3053 1663 3107 Praeterea
1692 3053 1749 3104 et
1788 3062 2061 3119 magnam

2159 521 2343 601 φίλου,
2377 521 2611 592 ἑκλάπη.

2684 639 2813 713 ΙΙερι
2843 638 2911 692 τὰ
2938 636 3279 712 Ψαρελαίου.

2231 727 2314 785 Τὰ
2344 725 2655 803 Φαρελαίου
2684 725 2947 801 πρότερον
2995 727 3243 782 ἆκαΑεῖτο
3294 726 3637 801 Μυρὲλαιον,
3674 730 3819 801 μονὴ

2162 821 2313 874 οῦσα.
2351 817 2449 873 Καὶ
2482 816 2750 892 γνωρίσας
2799 816 2932 871 αὑτὸ
2974 811 3149 889 ὄνομα
3198 818 3441 872 ἀντεῖπεν
3476 817 3504 872 ὁ
3540 815 3822 894 βασιλεὺς,

2155 904 2245 959 τίνα
2277 906 2445 979 ἀκούῃ
2476 903 2786 981 Ψαρέλαιον
2822 924 2835 937 ·
2888 905 3026 959 ὅπου
3074 899 3320 981 ἐνύϐριζε
3364 905 3495 969 τοὺς
3545 906 3823 983 μοναχοῦς

2161 997 2189 1051 6
2224 995 2616 1071 Κοπρώνυμος,
2646 995 2734 1049 καὶ
2769 990 2961 1070 ἔφυγον
2995 993 3222 1057 ἐκεῖθεν.

2715 1226 2844 1303 Περὶ
2876 1232 2969 1282 τοῦ
3003 1230 3262 1301 Ψαμαθᾶ.

2234 1340 2449 1395 Ἵστατο
2481 1333 2538 1390 δὲ
2570 1334 2647 1398 είς
2692 1335 2784 1390 τὸν
2825 1335 3093 1408 Ψαμαθᾶν
3154 1331 3411 1407 εἶ’δωλον,
3442 1335 3535 1389 καί
3594 1355 3680 1398 τις
3718 1338 3828 1388 τῶν

2165 1424 2589 1500 εἶδιυλολατρῶν
2647 1418 2859 1478 ἐσέϐετο
2938 1422 3089 1479 αὐτό.
3174 1421 3402 1497 Ἔλεγον
3456 1419 3515 1477 δὶ
3581 1420 3733 1494 αὐτῷ
3780 1414 3833 1476 (ι’ί

2167 1512 2470 1588 ὸρθόδοξοι,
2522 1512 2605 1568 ὅτι
2654 1515 2724 1567 Τὸ
2784 1509 3040 1580 εἴδωλον,
3073 1512 3101 1567 ὃ
3152 1506 3283 1586 σέϐῃ
3337 1512 3413 1573 ὡς
3464 1510 3608 1583 θεὸν⁹
3658 1514 3835 1584 ψεμα⁹

2163 1604 2311 1668 τινός
2337 1603 2448 1658 ἐστι
2483 1620 2493 1632 ·
2550 1602 2639 1657 καὶ
2688 1600 3081 1677 ἆτομολογήθη
3135 1601 3163 1655 6
3211 1600 3381 1664 τόπος
3430 1598 3629 1663 οὕτως.
3675 1600 3740 1656 Ἡ
3776 1595 3837 1654 δὶ

2167 1694 2397 1768 Πέμπτη
2449 1691 2624 1768 πόρτα
2680 1690 2913 1761 ἐκλήθη,
2974 1687 3064 1744 διὰ
3120 1690 3180 1745 τὸ
3236 1690 3371 1744 εἶναι
3426 1691 3542 1745 κατ’
3592 1688 3836 1763 ἂριθμὸν

2084 1803 2132 1868 Β
2162 1794 2441 1867 πέμπτην.

2567 1879 2697 1956 Ηερὶ
2727 1883 2833 1933 τῶν
2877 1876 2931 1933 ἰν
2964 1876 3111 1949 αὐτῷ
3134 1875 3438 1933 παλατίων.

2238 1986 2417 2044 Ἀλλὰ
2453 1988 2540 2042 καὶ
2600 1984 2859 2056 παλάτια,
2908 1986 2995 2039 καὶ
3055 1984 3129 2053 τὸ,
3179 1987 3593 2058 Γηροκομεῖον,
3644 1981 3715 2037 τὰ
3769 1980 3848 2042 εἷς

2165 2080 2233 2135 τὰ
2280 2078 2522 2150 Ψαμαθὰ
2568 2078 2603 2145 ἡ
2657 2075 2785 2150 ἁγία
2830 2072 3023 2144 Ἑλένη
3084 2074 3367 2147 ἀνήγειρεν
3403 2090 3417 2103 ·
3486 2069 3695 2143 ὁμοίως
3750 2059 3847 2124 καὶ

2167 2166 2258 2223 τὸν
2291 2169 2482 2242 ’Ἄγιον
2533 2161 2813 2240 Θεόδωρον
2863 2165 2954 2218 τὸν
3005 2159 3306 2218 Κλαυδίου.
3350 2162 3415 2218 Ἠ
3476 2154 3789 2235 Οὐρϐίκιος
3822 2158 3850 2211 ὁ

2169 2258 2571 2330 παριστάμενος
2632 2254 2707 2315 εἰς
2781 2254 2847 2306 τὰ
2922 2252 3191 2323 κτίσματα
3256 2251 3509 2326 ἀνήγειρε
3593 2247 3688 2302 καὶ
3753 2247 3851 2301 τὸν

2169 2350 2359 2422 ’Ἀγιον
2391 2342 2688 2401 Ἰουλιανὸν
2735 2341 2785 2413 ἆξ
2830 2340 3043 2396 οἰκείων
3096 2336 3312 2412 ἐξόδων,
3365 2338 3415 2394 ἐν
3468 2339 3513 2410 ᾧ
3562 2336 3852 2412 ἐτύγχανε

2172 2434 2428 2506 ἄπληκτά
2454 2438 2562 2489 τῶν
2592 2430 2882 2505 Ῥωμαίων
2895 2474 2909 2489 .

2404 2524 2531 2597 Περὶ
2556 2528 2657 2591 τῆς
2688 2516 2896 2596 πόρτης
2922 2520 3020 2575 τοῦ
3051 2518 3210 2593 ἁγίου
3236 2514 3594 2590 Αἰμιλιανοῦ.

2243 2615 2305 2671 Ἡ
2336 2610 2648 2684 καλουμένη
2682 2613 2778 2664 τοῦ
2826 2607 2981 2683 ἁγίου
3033 2604 3367 2681 Αἰμιλιανοῦ
3416 2606 3592 2681 πόρτα
3648 2602 3845 2665 οὕτως

2175 2702 2407 2773 ἆκλήθη,
2463 2698 2551 2755 διὰ
2597 2701 2659 2754 τὸ
2708 2700 2841 2753 εἶναι
2903 2695 3136 2767 πλησίον
3187 2700 3285 2751 τοῦ
3343 2698 3473 2749 ναοῦ
3519 2696 3617 2748 τοῦ
3670 2692 3835 2767 ἁγίου

2173 2789 2526 2864 Αἰμιλιανοῦ,
2559 2790 2617 2851 ός
2666 2788 2930 2863 πρότερον
2988 2786 3081 2859 μὲν
3128 2785 3195 2853 ἦν
3247 2782 3529 2858 εὐκτήριον
3581 2801 3786 2855 μικρον
3826 2801 3840 2816 ο

2174 2878 2299 2936 ἀλλ’
2331 2879 2421 2934 ὅτε
2450 2874 2600 2953 ἤχθη
2631 2880 2728 2931 τοῦ
2778 2873 3019 2936 Μωσέως
3070 2876 3105 2943 ἡ
3157 2868 3379 2949 ῥάϐδος,
3413 2870 3625 2942 ἐδέξατο
3660 2869 3843 2937 αὐτὴν

2174 2968 2347 3024 ἐκεῖσε
2406 2968 2433 3021 6
2491 2966 2670 3043 Μᾶγας
2741 2968 3169 3032 Κωνσταντῖνος,
3234 2961 3323 3016 καὶ
3399 2960 3654 3035 ἀνήγειρε
3712 2959 3843 3013 ναὸν

2173 3064 2273 3128 τῆς
2318 3042 2607 3127 Θεοτόκου,
2638 3054 2728 3109 καὶ
2782 3052 2957 3116 οὕτως
3013 3051 3305 3125 ὠνομάσθη
3370 3051 3398 3104 6
3451 3048 3617 3110 τόπος
3677 3042 3844 3101 me-

410 3149 717 3206 ecclesiam
750 3148 808 3202 S.
846 3144 1140 3201 ΑΞ]τηὶιὶδηὶ
1179 3140 1485 3197 aedificavit
1514 3156 1528 3192 :
1565 3138 1775 3194 deinde
1804 3152 1936 3192 vero
1967 3152 2062 3191 sa—

2187 3143 2289 3236 Βνος.
2349 3146 2628 3236 ’ᾼνήγειρε
2662 3140 2721 3198 δὲ
2750 3141 2838 3197 καὶ
2885 3141 2976 3196 τὸν
3022 3142 3210 3236 ’Ἀγιον
3253 3137 3580 3211 Αἰμιλιανὸνι
3614 3135 3783 3211 μίγαν
3826 3156 3841 3169 ·

407 3255 567 3295 cram
595 3236 757 3293 illam
788 3235 1012 3307 virgam
1043 3234 1101 3288 in
1138 3231 1419 3305 palatium
1449 3227 1775 3283 transtulit.

793 3353 869 3407 De
895 3351 1150 3406 cisternis
1179 3355 1230 3404 et
1257 3347 1321 3403 de
1349 3344 1697 3417 aquzductu.

481 3461 912 3533 Aquaaductum
945 3456 1271 3530 ingentium
1305 3467 1573 3520 arcuum,
1606 3466 1705 3505 seu
1763 3447 1819 3502 in
1852 3445 2062 3502 omium

412 3566 602 3622 usque
634 3547 827 3605 educti
863 3545 1129 3610 fornices,
1168 3560 1201 3598 a
1230 3541 1489 3608 Valente,
1523 3538 1607 3594 uti
1641 3553 1795 3592 nunc
1827 3534 2065 3606 conspi-

411 3642 673 3702 ciuntur,
720 3633 1003 3691 exstructi
1048 3636 1206 3688 sunt.
1256 3631 1339 3685 Ad
1392 3630 1717 3685 Cisternam
1768 3624 1917 3681 Aetii
1966 3640 2065 3679 co-

415 3726 839 3799 gnominatam,
873 3738 1050 3794 quam
1084 3720 1281 3775 Aetius
1312 3718 1614 3783 exstruxit,
1649 3718 1847 3770 statua
1876 3713 2067 3785 ipsius

414 3815 569 3872 Aetii
610 3818 803 3869 erecta
832 3816 977 3867 erat.

941 3928 1013 3981 De
1040 3925 1266 3996 Asparis
1294 3923 1548 3977 cisterna.

484 4015 726 4089 Asparis
777 4016 1091 4070 cisternam
1143 4017 1390 4084 Aspares
1420 4014 1477 4066 et
1525 4007 1894 4064 Ardaburius
1947 4025 2069 4064 exs-

413 4112 669 4170 truxere,
702 4110 965 4176 tempore
998 4102 1208 4158 Leonis
1239 4099 1454 4172 Magni.
1489 4099 1613 4163 Qua
1644 4096 1911 4153 absoluta
1942 4114 2067 4153 am-

414 4197 487 4252 bo
520 4193 666 4250 inibi
714 4191 1005 4248 interfecti
1039 4195 1177 4246 sunt
1227 4189 1299 4244 ab
1329 4188 1531 4243 eodem
1578 4186 1969 4258 imperatore;
2004 4202 2069 4240 eo

414 4286 569 4359 quod
603 4283 1011 4355 conjuratione
1062 4296 1195 4334 cum
1230 4276 1444 4350 populo
1497 4275 1665 4342 inita,
1718 4275 1964 4330 Leonem
1998 4275 2069 4330 ab

413 4374 657 4445 imperio
706 4372 914 4442 ejicere
965 4372 1320 4433 statuerant,
1352 4364 1466 4420 nisi
1514 4365 1584 4420 de
1629 4364 1923 4419 industria
1971 4380 2072 4419 eos

417 4462 549 4518 dolo
583 4460 925 4517 sustulisset
955 4459 1294 4528 imperator.
1326 4456 1609 4511 Caeterum
1644 4454 1855 4507 domus
1886 4455 2070 4524 Aspa-

2177 3235 2269 3290 εἶθ’
2313 3231 2486 3296 οὕτως
2529 3234 2683 3311 ἔφερε
2728 3233 2827 3301 τὴν
2881 3229 3029 3307 άγίαν
3083 3223 3282 3305 ῥάϐδον
3327 3227 3379 3282 ἐν
3427 3231 3508 3298 τῷ
3551 3223 3836 3296 παλατίῳ.

2342 3358 2473 3435 Περὶ
2494 3362 2600 3413 τῶν
2634 3359 2975 3431 κινστερνῶν,
3009 3355 3098 3409 καὶ
3132 3351 3255 3427 περὶ
3285 3355 3382 3406 τοῦ
3414 3350 3655 3424 ἆγωγοῦ.

2244 3468 2368 3524 Ὀτι
2400 3467 2427 3521 ὁ
2468 3464 2681 3542 ἀγωγὸς
2713 3468 2820 3519 τῶν
2877 3461 3131 3538 μεγάλων
3161 3456 3389 3533 ἀψίδων,
3418 3454 3540 3525 ἤτοι
3573 3455 3629 3509 αἱ
3664 3453 3836 3528 οὖρά-

2171 3578 2281 3612 νιαι
2338 3557 2580 3631 καμάραι
2635 3554 2737 3609 ὑπὸ
2800 3550 3103 3612 Οὖαλεντος
3160 3547 3503 3618 ἐκτίσθησαν,
3558 3544 3634 3606 ὡς
3692 3544 3836 3618 ὁρᾶ-

2174 3668 2287 3704 ται.
2354 3644 2511 3699 Καὶέν
2572 3642 2688 3698 ἐνδὶ
2743 3640 3053 3715 καλουμίνῃ
3103 3642 3201 3694 τοῦ
3252 3635 3461 3694 Ἀετίου
3507 3634 3828 3707 κινστὲρνῃ,

2175 3734 2297 3805 ἥτις
2355 3735 2443 3789 ὑπ’
2501 3732 2667 3789 αὐτοῦ
2745 3730 2982 3800 ἐκτίσθη,
3064 3730 3153 3783 καὶ
3224 3724 3403 3797 στήλη
3482 3720 3669 3778 ἵστατο
3726 3727 3831 3777 τοῦ

2180 3824 2366 3882 αὐτοῦ.

2644 3910 2774 3988 Περὶ
2806 3914 2907 3975 τῆς
2936 3913 3034 3963 τοῦ
3063 3908 3361 3980 ’¹Ασπαρος.

2249 4005 2309 4060 Ἦ
2345 4000 2402 4057 δὶ
2469 4000 2739 4077 λεγομένη
2800 3996 3073 4073 Ἀσπάρου
3140 3994 3418 4066 κινστὲρνα
3472 3990 3575 4045 ὑπὸ
3634 3988 3843 4048 ’Δσπά-

2181 4115 2280 4170 ρου
2338 4094 2425 4147 καὶ
2488 4085 2882 4167 Ἀρδαϐουρίου
2952 4085 3193 4155 ἐκτίσθη,
3272 4081 3359 4137 ἰπὶ
3424 4084 3521 4135 τοῦ
3581 4078 3842 4155 Μεγάλου

2183 4168 2451 4245 Λέοντος·
2510 4182 2626 4235 καθ’
2677 4179 2743 4248 ἦν
2810 4176 3131 4253 ἀμφότεροι,
3208 4169 3598 4246 πληρωθείσης
3643 4168 3842 4235 αὐτῆς,

2183 4274 2508 4349 ἀνῃρέθησαν
2602 4269 2749 4344 παρὰ
2829 4271 2924 4322 τοῦ
3002 4264 3164 4319 αὐτοῦ
3252 4258 3544 4338 βασιλέως,
3640 4256 3844 4317 οἵτινες

2181 4346 2474 4418 ἐϐοόλοντο
2510 4359 2645 4433 μετὰ
2688 4356 2785 4413 τοῦ
2842 4354 3023 4428 δήμου
3072 4346 3429 4408 καταϐιϐάσαι
3480 4347 3692 4402 Λέοντα
3740 4351 3843 4413 τῆς

2187 4450 2480 4525 βασιλείας,
2513 4432 2569 4504 εἰ
2621 4449 2697 4521 μὴ
2746 4448 2797 4517 ἐξ
2841 4443 3126 4520 ἀγχινοίας
3166 4439 3324 4501 οὗτος
3370 4436 3598 4497 τούτους
3658 4432 3845 4488 ἀνεῖλε

415 4551 497 4605 ris
556 4554 698 4618 erat,
760 4565 939 4623 quam
998 4526 1213 4603 deinde
1272 4543 1535 4616 possedit
1591 4541 1845 4598 Basilius
1902 4559 2062 4597 accu-

2187 4538 2348 4613 δόλῳ.
2382 4541 2443 4597 Ὀ
2477 4538 2533 4593 δε
2585 4539 2729 4599 οἶκος
2778 4539 2872 4590 τοῦ
2924 4532 3195 4606 Ἀσπάρου
3242 4531 3333 4602 ἦν,
3378 4526 3539 4601 ὅνπερ
3590 4526 3711 4599 εἶχε
3742 4529 3847 4580 Bx.

416 4639 591 4695 bitor.

981 4726 1054 4779 De
1082 4726 1325 4779 cisterna
1357 4725 1465 4778 Bon
1476 4724 1511 4776 ι’.

484 4816 814 4873 Cisternam
865 4812 1009 4868 Boni
1056 4811 1362 4868 aediﬁcavit
1388 4812 1582 4866 Bonus
1632 4810 1911 4882 patricius
1961 4811 2068 4866 Ro-

413 4924 510 4963 ma
532 4906 804 4973 rediens;
838 4918 1087 4973 eamque
1117 4900 1365 4957 cameris
1398 4899 1736 4972 cylindricis
1768 4899 1928 4955 texit.
1963 4900 2067 4955 Do-

412 5014 547 5054 mus
580 5000 775 5053 autem
808 4994 937 5063 ejus
970 4991 1186 5047 ibidem
1233 4994 1358 5047 erat
1390 5006 1403 5045 :
1440 4990 1779 5061 vivebatque
1811 4989 1921 5046 sub
1953 4990 2067 5045 He-

411 5086 593 5144 raclio
625 5086 999 5157 imperatore.

939 5198 1011 5252 De
1039 5198 1280 5251 cisterna
1309 5195 1548 5250 Mocisia.

483 5290 808 5345 Cisternam
854 5284 1155 5340 Mocisiam
1206 5282 1553 5338 Anastasius
1586 5281 1831 5340 Dicorus
1862 5285 2068 5340 condi-

411 5379 669 5433 dit.Cum
701 5392 834 5432 vero
881 5390 1010 5429 eam
1061 5376 1402 5440 exstrueret,
1440 5371 1497 5425 in
1545 5372 1687 5426 urbe
1718 5375 1870 5428 cives
1916 5375 2068 5430 fame

410 5472 466 5523 et
497 5467 591 5521 siti
621 5463 984 5525 laborabant,
1016 5466 1080 5516 ut
1110 5477 1265 5516 unus
1294 5459 1529 5513 modius
1559 5458 1785 5530 integro
1819 5478 2063 5517 numero

410 5555 652 5612 veniret.
686 5552 909 5607 Nomen
941 5566 1075 5606 vero
1124 5551 1241 5605 haec
1293 5546 1549 5602 cisterna
1598 5548 1771 5603 habet
1819 5549 2066 5607 avicino

413 5642 636 5715 templo
665 5646 724 5698 S.
759 5638 950 5696 Mocii.

2175 4629 2380 4691 σιλειος
2412 4630 2439 4683 6
2470 4625 2999 4702 παρακοιμώμενος.

2675 4714 2804 4790 Περὶ
2845 4716 2944 4777 τῆς
2983 4714 3084 4765 τοῦ
3118 4709 3324 4765 Βώνου.

2246 4811 2361 4879 Τὴν
2396 4807 2452 4864 δὲ
2483 4809 2673 4865 Βώνου
2719 4806 3031 4877 κινστὲρναν
3083 4796 3259 4856 ἔκτισε
3310 4800 3499 4859 Βῶνος
3530 4793 3845 4871 πατρίκιος,

2173 4898 2413 4963 ἀνελθὼν
2444 4899 2548 4953 ἀπὸ
2596 4896 2822 4968 Ῥώμης
2851 4912 2863 4925 ·
2918 4892 3007 4947 καὶ
3067 4890 3355 4946 ἆσκὲπισεν
3405 4884 3506 4941 αὖτ
3526 4886 3592 4955 ἢν
3650 4881 3848 4939 κυλιν-

2176 4986 2347 5065 δρικῷ
2374 4985 2547 5059 θόλῳ.
2593 4991 2651 5043 Ὀ
2698 4981 2756 5039 δὶ
2806 4983 2954 5044 οἶκος
3014 4979 3178 5035 αὐτοῦ
3235 4975 3410 5032 ἐκεῖσε
3455 4974 3522 5043 ἦν
3559 4994 3570 5005 ·
3606 4975 3635 5028 6
3682 4972 3847 5032 αὐτὸς

2176 5076 2234 5132 δὲ
2263 5077 2329 5145 ἦν
2364 5076 2451 5131 ἰπὶ
2481 5071 2809 5151 Ἡρακλείου
2845 5068 3135 5147 βασιλὲως.

2697 5187 2825 5263 Περί
2869 5187 2969 5253 τῆς
3000 5180 3305 5241 Μωκισίας.

2246 5284 2353 5351 Τὴν
2405 5277 2462 5334 δὲ
2512 5276 2789 5335 Μωκισίαν
2844 5271 3047 5330 ἔκτισεν
3102 5270 3453 5329 Ἀναστάσιος
3501 5268 3530 5322 6
3589 5266 3848 5341 Δίκορος.

2176 5373 2305 5429 "Ore
2336 5368 2393 5425 δὲ
2442 5369 2608 5438 αὐτὴν
2660 5364 2857 5434 ἔκτισε,
2907 5363 3091 5436 λεῖψις
3140 5361 3207 5429 ἧν
3241 5358 3292 5414 ἐν
3340 5361 3409 5431 τῇ
3441 5356 3601 5412 πόλει
3650 5354 3852 5419 ὕδατος

2177 5462 2265 5517 καὶ
2298 5462 2472 5529 σίτου,
2506 5458 2581 5522 ὡς
2622 5455 3021 5531 πιπράσκεσθαι
3077 5453 3174 5504 τοῦ
3223 5448 3373 5503 σίτου
3426 5442 3619 5518 μόδιον
3668 5443 3723 5499 ἓν
3770 5446 3847 5506 εἷς

2170 5551 2234 5605 τὸ
2279 5550 2545 5623 νόμισμα.
2605 5542 2807 5603 Ἕλαϐε
2855 5542 2913 5600 δὶ
2975 5544 3071 5611 τήν
3136 5537 3393 5608 τοιαύτην
3464 5534 3848 5606 ἐπωνυμίανὴ

2173 5640 2473 5717 κινστέρνα,
2511 5638 2688 5695 διὰτὸ
2728 5636 2962 5708 πλησίον
3020 5636 3157 5690 εἶναι
3206 5632 3301 5684 τοῦ
3348 5625 3533 5701 Ἁγίου
3597 5626 3847 5684 Μωκίου.
