3970 6218
257 352 287 409 1
299 352 417 412 265

708 484 837 559 Περὶ
870 492 969 554 τῆς
994 491 1092 541 τοῦ
1123 484 1441 560 Φιλοξένου.

323 569 420 632 Εἰς
447 570 538 625 τὸν
568 571 748 646 Φόρον
779 572 1017 644 πλησίον
1051 575 1161 631 ἐστὶ
1203 579 1504 655 κινστὲρνα,
1553 584 1619 652 ἢν
1668 579 1903 639 ἕκστισεν

252 659 282 712 6
316 658 610 732 Φιλόξενος
639 662 668 716 ὁ
695 662 989 735 Ῥωμαῖος,
1023 667 1051 720 6
1082 661 1155 721 ὤν
1184 666 1245 722 ἐκ
1270 674 1377 724 τῶν
1405 672 1495 746 ιβ’.

253 766 384 839 Ηερὶ
412 772 513 836 τῆς
542 774 852 844 κινστέρνας
900 778 1001 856 τῇς
1056 773 1347 856 βασιλικῆς
1383 784 1482 847 τῆς
1519 778 1780 854 μεγάλης,
1815 780 1904 835 καὶ

892 852 992 912 τῆς
1043 852 1260 921 μικρᾶς.

320 928 380 984 ἹΙ
426 926 691 999 πλακωτή
730 930 990 1006 βασιλική
1038 937 1341 1012 κινστέρνα,
1392 938 1755 1016 Μαλακταρέα
1809 944 1897 1011 ἦν,

246 1016 337 1071 ὅτε
366 1016 606 1087 ίκτίζιτο
657 1022 692 1088 ἡ
723 1020 880 1095 Ἀγία
926 1022 1117 1101 Σοφία·
1176 1025 1436 1091 ὡσαύτως
1474 1030 1565 1083 καὶ
1614 1029 1647 1099 ἡ
1696 1028 1896 1086 ἄνωθεν

242 1105 415 1175 αὐτῆς
473 1107 657 1182 στέγη,
712 1111 747 1178 ἡ
800 1108 1169 1189 Βασιλισκάρα
1208 1115 1614 1191 ὀνομαζομένη,
1642 1119 1731 1173 καὶ
1762 1119 1897 1185 αὐτῇ

239 1192 603 1284 Μαλακταρία
669 1196 935 1275 ἐτύγχανε
1003 1206 1101 1256 τοῦ
1176 1201 1479 1275 δηλικάτου
1550 1215 1652 1278 τῆς
1708 1208 1896 1284 Ἁγίας

240 1282 470 1362 Σοφίας.

239 1389 372 1465 Περὶ
428 1394 536 1445 τῶν
620 1398 839 1469 πορτῶν
913 1402 1020 1524 τῆὶ
1082 1398 1327 1476 Χαρσίου
1405 1401 1494 1457 καὶ
1551 1410 1651 1473 τῆς
1710 1403 1893 1460 Ξυλο-

960 1489 1178 1524 κοκου.

960 1489 1178 1544 κερκου.

238 1638 470 1695 Βενὲτων
543 1642 753 1717 γέγονιε
821 1646 1170 1719 Ξυλόκερκος
1229 1648 1317 1724 [δέ
1375 1650 1631 1727 ἐκλήθη],
1687 1638 1775 1709 διδι
1829 1656 1891 1710 τὸ

237 1727 522 1818 εὑρηκέναι
578 1732 766 1818 ,ἐκεῖσε
817 1733 1005 1792 πολλὰ
1060 1735 1227 1795 ὕδατα
1308 1740 1435 1805 τοὺς
1504 1741 1755 1818 τεχνίτας
1800 1744 1890 1798 καὶ

238 1816 491 1907 τιᾼολλοὺς
558 1816 780 1897 ἔρῥιψαν
839 1822 1025 1888 λίθους
1099 1825 1188 1883 διὰ
1240 1829 1339 1898 τὴν
1390 1816 1733 1907 πλημμύραν
1782 1837 1888 1887 τῶν

234 1903 443 1963 ὑδάτων
473 1908 551 1971 είς
596 1908 659 1964 τὸ
709 1910 991 1986 θεμέλιον,
1039 1916 1130 1971 καὶ
1175 1916 1431 1989 ἐποίησαν
1480 1903 1883 1997 παντουρώσεις

232 1994 415 2065 ξύλων
443 1995 695 2060 πολλων.

726 2090 858 2165 Περὶ
896 2092 959 2147 τὸ
1008 2093 1375 2172 Πολόανδρον.

297 2179 361 2230 ἸΙ
394 2171 451 2229 δὶ
480 2174 829 2253 Ηολ·5ανδρος
860 2179 1106 2237 καλεῖται
1158 2184 1354 2256 οὕτως,
1406 2184 1543 2243 διότι
1587 2190 1877 2261 ἡνώθησαν

226 2261 400 2319 ἐκεῖσε
429 2263 709 2343 ἀμφότερα
735 2268 803 2323 τὰ
835 2270 973 2346 μέρη
1003 2276 1111 2327 τῶν
1144 2270 1360 2348 δήμων,
1394 2275 1483 2333 ὅτι
1510 2276 1783 2348 ἐκτίζοντο
1812 2280 1879 2335 τὰ

222 2351 389 2429 τείχη
400 2397 413 2410 .

692 2448 820 2523 Περὶ
860 2453 965 2503 τῶν
1013 2454 1412 2530 μοναστηρίωνο

439 2544 610 2633 μῄονήν
636 2549 744 2633 τῷν
791 2545 961 2622 ἁγίων
1015 2552 1233 2625 Κάρπου
1260 2552 1350 2608 καί
1380 2554 1639 2611 Παπύλου
1684 2560 1718 2628 ἡ
1753 2558 1879 2633 ἀγία

224 2628 424 2699 Ἑλένη
475 2628 650 2688 ἔκτισε
678 2631 767 2689 διὰ
804 2636 1078 2694 ποικίλων
1133 2642 1459 2719 μαρμάρων,
1510 2644 1589 2707 εἴς
1642 2628 1873 2720 μίμησιν

221 2721 326 2773 τοῦ
366 2720 541 2794 τάφου
595 2726 691 2777 τοῦ
746 2730 1002 2799 Χριστοῦ,
1064 2729 1152 2784 καὶ
1205 2733 1456 2805 κτήματα
1510 2733 1697 2791 πολλὰ
1754 2735 1877 2791 ἐκύ-

220 2828 391 2883 ρωσε.

749 2903 877 2977 Περῖ
908 2909 1012 2960 τῶν
1049 2910 1349 2985 Πρασίνων.

294 2997 367 3049 Τὰ
417 3001 509 3050 νῦν
550 2996 867 3071 καλούμενα
912 3004 1151 3078 Πράσινα
1208 3003 1297 3061 διὰ
1348 3013 1510 3065 τοῦτο
1569 3010 1741 3075 οὕτως
1784 3011 1876 3068 ἐκ-

220 3082 395 3174 λήθη,
438 3083 530 3141 διὰ
555 3086 619 3141 τὸ
650 3088 783 3143 εἶναι
812 3089 984 3147 ἐκεῖσε
1041 3094 1272 3151 σταῦλον
1332 3102 1440 3152 τῶν
1470 3100 1775 3174 Πρασίνων.
1804 3104 1875 3156 Τὸ

222 3170 287 3266 6}.
327 3181 697 3266 γηροκομειον
752 3178 1000 3255 ἀνήγειρε
1046 3188 1352 3259 Μαρκιανὸς
1393 3189 1479 3243 καὶ
1521 3170 1871 3266 Πουλχερία.

218 3240 592 3355 ²Αρτά6ασδος
625 3262 683 3320 δὲ
712 3267 739 3321 ὁ
768 3240 1103 3343 τυραννήσας
1138 3240 1482 3345 ΙΚαϐαλνῖνον,
1907 3240 1949 3305 C

224 3371 325 3440 σας
356 3350 591 3440 χρόνους
619 3361 785 3430 τρεῖς,
816 3358 906 3412 καὶ
945 3362 1270 3435 τυφλωθεὶς,
1320 3366 1548 3436 ἀκίνητα
1601 3350 1874 3440 κτήματα,

226 3437 324 3494 καὶ
353 3439 419 3494 τὰ
443 3442 561 3515 ἱερὰ
586 3441 755 3499 ἐκεῖσε
802 3445 1092 3522 ἀφιέρωσε,
1139 3446 1277 3504 διότι
1319 3451 1467 3515 οἶκος
1512 3437 1876 3511 αὖτοῦνὲκεῖσε

227 3531 325 3597 ἦν.
358 3530 510 3586 Μετὰ
541 3538 624 3585 σπ¹
656 3529 748 3605 ἔτη
778 3535 844 3603 ἦν
897 3536 925 3591 6
956 3533 1325 3611 ’Λρτάόασδος
1350 3543 1449 3611 τῆς
1504 3544 1731 3609 κτίσεως
1780 3549 1875 3600 τοῦ

222 3637 435 3692 γηροκο
444 3620 621 3692 μείου.

513 3890 641 3963 Περὶ
670 3894 767 3945 τοῦ
812 3891 1161 3968 Φλωρεντίου
1198 3900 1589 3973 γηροκομείου.

298 3984 373 4038 Τὰ
404 3984 771 4061 Φλωρεντίου,
805 3991 953 4056 οἶκος
979 3994 1045 4062 ἦν
1088 3994 1439 4071 Φλωρεντίου
1477 4020 1789 4077 πατρικιου,
1821 4002 1872 4056 ἐν

216 4077 344 4135 τοῖς
372 4075 597 4149 χρόνοις
626 4077 914 4154 ’Λρκαδίου
950 4082 1242 4158 βασιλέως·
1266 4086 1353 4143 καί
1373 4075 1639 4145 τελευτῶν
1656 4089 1877 4162 ἐποίησε

216 4162 319 4217 τὸν
350 4164 498 4219 οἷκον
530 4165 695 4221 αὐτοῦ
724 4178 1116 4245 γηροκομεῖον.

603 4301 730 4375 Περὶ
762 4308 860 4372 τῆς
894 4312 1066 4377 μονῆς
1095 4306 1161 4361 τὰ
1189 4309 1495 4382 Ῥωμανοῦ.

298 4405 423 4496 ΪΌτι
452 4407 488 4474 ἡ
524 4407 664 4496 μονὴ
714 4409 781 4463 τὰ
825 4411 1109 4485 Ῥωμανοῦ
1153 4414 1371 4487 ἐκτίσθη
1404 4418 1455 4473 ἂν
1488 4424 1607 4482 τοῖς
1649 4421 1874 4496 χρόνοις

220 4495 325 4545 τοῦ
354 4493 723 4566 Λεωμακὲλου
753 4500 898 4575 παρᾶ
928 4498 1181 4573 Λῖ’μωνος
1233 4507 1520 4580 πατρικίου
1573 4493 1869 4582 Ῥωμαίου.

1385 363 1751 426 ANONYMI
1795 367 2377 440 ANTIQUITATES
2419 372 2538 434 ΟΡ.

3510 383 3669 445 1266

1936 500 2010 565 Α.
2504 506 2577 559 De
2604 507 2841 561 cisterna
2873 505 3187 563 Philoxeni.

2090 588 2355 655 Proxime
2389 592 2579 647 forum
2613 594 2823 650 visitur
2852 595 3117 652 Cisterna
3148 600 3446 656 exstructa
3476 618 3509 657 a
3538 602 3668 659 Phi-

2014 674 2222 733 loxeno
2254 678 2536 751 Romano,
2572 683 2669 754 qui
2702 689 2827 739 erat
2862 702 3014 740 unus
3046 702 3113 740 ex
3143 686 3475 745 duodecim.

2239 786 2312 842 De
2346 788 2585 844 Basilica
2614 806 2819 874 magna
2848 793 3110 859 cisterna,
3143 797 3195 848 et
3225 794 3299 850 de
3334 794 3458 851 alia

2727 878 2961 918 τηιηονε.

2083 942 2333 1002 Basilica
2363 949 2619 1005 cisterna
2649 948 2946 1021 lapidibus
2978 957 3275 1009 constrata
3317 956 3666 1015 Malactarea

2010 1038 2154 1100 erat,
2185 1051 2298 1104 quo
2328 1040 2591 1108 tempore
2621 1038 2680 1093 S.
2717 1039 2936 1110 Sophia
2966 1043 3420 1099 construebatur
3451 1062 3465 1100 :
3498 1045 3664 1102 lacu-

2011 1137 2118 1176 nar
2173 1122 2311 1179 item
2374 1126 2677 1197 superius,
2736 1127 3177 1186 Basiliscarium
3234 1141 3661 1205 nuncupatum,

2010 1209 2357 1269 Malaclarea
2386 1220 2506 1269 erat
2536 1215 2767 1271 delicati
2802 1218 2859 1273 S.
2892 1218 3143 1291 Sophiae.

2344 1413 2419 1467 De
2444 1417 2603 1484 porta
2637 1413 2880 1470 Charsia:
2909 1420 2959 1472 et
2988 1417 3318 1488 Xylocercos.

2076 1502 2249 1556 Porta
2276 1500 2533 1557 Charsiae
2582 1508 2875 1560 exstructa
2918 1506 3030 1561 fuit
3077 1523 3110 1561 a
3155 1507 3395 1564 Charsia
3440 1526 3657 1566 secun-

2002 1677 2180 1747 dicta,
2209 1680 2362 1749 quod
2398 1678 2478 1733 ibi
2511 1679 2767 1737 artiﬁces
2807 1699 3079 1755 magnam
3108 1701 3271 1756 aquae
3303 1686 3527 1758 copiam
3562 1688 3650 1743 in-

1999 1766 2286 1833 venerint,
2319 1772 2376 1822 et
2406 1767 2627 1825 multos
2675 1770 2901 1842 lapides
2933 1773 3284 1843 projecerint
3330 1775 3390 1830 in
3440 1776 3649 1831 funda-

1921 1872 1969 1937 B
2000 1860 2265 1910 mentum
2316 1857 2389 1911 ob
2439 1873 2729 1929 aquarum
2786 1860 3253 1931 inundationem,
3305 1861 3650 1920 fulcimenta

1998 1943 2203 2000 multis
2232 1961 2300 2000 ex
2331 1945 2510 2018 lignis
2542 1953 2967 2020 supponentes.

2498 2126 2575 2180 De
2600 2130 2761 2197 porta
2790 2127 3128 2198 Polyandri.

2060 2211 2232 2267 Porta
2264 2212 2573 2285 Polyandri
2615 2215 2701 2270 sic
2731 2214 2966 2282 dicitur,
3000 2217 3155 2288 quod
3188 2220 3436 2289 utraque
3466 2217 3640 2274 factio

1986 2298 2068 2354 ibi
2101 2302 2486 2371 convenisset,
2520 2318 2651 2357 cum
2686 2302 2841 2358 muri
2869 2303 3313 2359 azdiﬁcarentur.

2568 2483 2643 2537 De
2671 2484 3049 2538 monasteriis.

2059 2576 2479 2634 Monasterium
2510 2579 2608 2634 SS.
2632 2580 2801 2651 Carpi
2828 2584 2885 2636 et
2906 2580 3103 2653 Papyli
3135 2581 3420 2637 exstruxit
3449 2582 3507 2639 S.
3535 2584 3637 2639 ile-

1988 2664 2120 2720 lena
2177 2667 2248 2720 ad
2308 2666 2696 2723 imitationem
2758 2668 3014 2740 sepulcri
3071 2670 3307 2740 Christi,
3349 2688 3417 2727 ex
3472 2672 3634 2727 vario

1988 2771 2300 2825 marmore,
2333 2755 2655 2829 multisque
2689 2757 3168 2829 possessionibus
3197 2758 3420 2815 ditavit.

2626 2930 2698 2984 De
2728 2929 3000 2983 Prasinis.

2059 3028 2245 3078 Locus
2277 3040 2429 3078 nunc
2453 3024 2693 3079 Prasina
2711 3025 3063 3097 appellatus,
3085 3026 3220 3081 inde
3244 3041 3456 3082 nomen
3480 3043 3639 3082 acce-

1987 3112 2263 3184 pit,quod
2296 3113 2513 3168 ibidem
2547 3114 2847 3169 stabulum
2880 3119 3036 3169 esset
3060 3114 3330 3170 factionis
3360 3114 3633 3169 Prasinaa.

1987 3201 2396 3256 Gerocomium
2428 3219 2560 3257 vero
2592 3203 2924 3257 Marcianus
2947 3208 3004 3258 et
3025 3202 3330 3259 Pulcheria
3359 3204 3636 3259 condide-

1988 3297 2145 3347 runt.
2176 3296 2457 3348 Czeterum
2492 3294 2870 3363 Artahasdus,
2900 3295 2999 3364 qui
3032 3293 3403 3364 tyrannidem
3435 3293 3636 3348 adver-

1986 3399 2089 3437 sus
2118 3382 2569 3438 Constantinum
2599 3382 2965 3438 Caballinum
3005 3382 3273 3453 arripuit,
3297 3386 3418 3437 tres
3448 3397 3635 3437 annos

1985 3470 2233 3543 imperio
2266 3472 2485 3543 potitus
2516 3477 2574 3527 et
2603 3480 2801 3543 postea
2831 3476 3152 3527 excaecatus
3182 3475 3292 3538 est,
3316 3470 3637 3543 possessio-

1987 3577 2091 3615 nes
2148 3558 2482 3614 immobiles
2541 3576 2606 3615 ac
2659 3576 2826 3615 sacra
2866 3576 3006 3616 vasa
3060 3560 3251 3615 eidem
3305 3558 3635 3631 gerocomio

1986 3649 2223 3718 dicavit,
2256 3664 2321 3704 eo
2354 3650 2508 3720 quod
2542 3651 2753 3704 domus
2785 3650 2914 3719 ejus
2944 3648 3024 3703 ibi
3057 3648 3169 3703 sita
3199 3652 3372 3704 esset.
3395 3647 3638 3703 Vivebat

1987 3743 2182 3793 autem
2214 3737 2578 3792 Artabasdus
2602 3736 2772 3793 annis
2801 3736 3070 3792 ducentis
3092 3740 3149 3791 et
3174 3734 3473 3808 octoginta
3502 3737 3636 3807 post

1986 3825 2288 3885 conditum
2322 3826 2745 3897 gerocomium.

2448 3920 2524 3971 De
2552 3916 2858 3985 gerocomio
2887 3916 3177 3971 Florentii.

2058 4012 2336 4069 Florentii
2385 4018 2629 4081 tractus,
2671 4015 2882 4070 domus
2928 4017 3053 4070 erat
3080 4010 3354 4069 Florentii
3404 4009 3635 4084 patricii

1984 4107 2247 4173 tempore
2301 4103 2534 4158 Arcadii
2593 4103 2989 4175 imperatoris,
3040 4117 3217 4174 quam
3268 4099 3525 4156 moriens
3570 4098 3631 4154 in

1985 4191 2383 4265 gerocomium
2414 4191 2684 4247 mutavit.

2448 4325 2521 4380 De
2548 4324 2884 4379 monasterio
2914 4322 3165 4379 Romani.

2057 4430 2482 4487 Monasterium
2529 4430 2773 4485 Romani
2805 4429 3107 4485 conditum
3144 4429 3235 4481 est
3263 4423 3633 4496 temporibus

1988 4518 2198 4574 Leonis
2232 4518 2455 4574 Macelli
2483 4520 2554 4573 ab
2588 4519 2855 4573 ilemone
2886 4515 3132 4589 patricio
3164 4514 3462 4570 Romano:
3492 4528 3631 4568 nam

222 4580 373 4679 Τότε
397 4583 499 4658 γὰρ
531 4582 753 4679 εἰσῆλθε
793 4586 1123 4679 καὶῗῷκησεν
1156 4591 1284 4648 ἐκεῖ.
1318 4597 1476 4671 Ἔχει
1509 4593 1566 4651 δὲ
1612 4580 1720 4653 ἀττνὸ
1774 4603 1871 4654 τοῦ

2027 4625 2125 4662 inc
2154 4609 2458 4679 ingressus
2490 4608 2546 4661 in
2581 4608 2783 4662 urbem
2829 4607 2964 4661 istic
2995 4603 3302 4660 habitavit.
3332 4602 3637 4657 Exstruxit

218 4671 507 4740 κτισθῆναι
539 4674 773 4749 χρόνους
807 4678 957 4755 φπβ’.

604 4854 734 4929 Περὶ
762 4861 863 4925 τῆς
897 4865 1068 4929 μονῆς
1095 4859 1162 4914 τὰ
1186 4859 1498 4935 Δαλμάτου.

301 4949 367 5005 Ἠ
420 4953 560 5023 μονή
628 4953 693 5006 τὰ
759 4952 1051 5027 Δαλμάτου
1113 4956 1331 5029 ἐκτίσθη
1386 4962 1533 5035 παρὰ
1583 4961 1873 5036 Δαλμάτου

221 5039 541 5112 πατρικίου,
590 5041 808 5115 ἀνεψιοῦ
851 5047 946 5098 τοῦ
996 5044 1252 5120 Μεγάλου
1310 5049 1731 5108 Κωνσταντίνου.
1789 5052 1873 5121 Ἐξ

225 5124 294 5182 οὗ
346 5128 434 5183 καὶ
482 5129 791 5207 Ἀψίμαρος
836 5133 864 5187 6
894 5128 1142 5208 Τιϐέριος
1191 5135 1467 5211 βασιλεὺς,
1526 5138 1615 5194 ὅτε
1671 5139 1875 5209 ἀνῆλθε

227 5218 369 5288 μετᾶ
415 5216 723 5293 χελανδίων
782 5220 873 5275 καὶ
936 5220 1197 5298 ἐκράτησε
1252 5227 1349 5295 τήν
1408 5226 1725 5301 βασιλείαν,
1784 5227 1876 5285 τὸν

220 5305 482 5362 Λὲοντιον
518 5306 743 5383 βασιλέα
772 5309 1021 5387 ἐφρούρει
1052 5312 1182 5372 ἐκεῖ,

560 5487 689 5562 Περὶ
720 5491 818 5561 τῆς
849 5496 1022 5562 μονῆς
1054 5490 1120 5546 τὰ
1149 5489 1540 5568 Κουκοροϐίου.

300 5585 375 5638 Τὰ
406 5580 779 5658 Κουκοροϐίου
816 5587 915 5656 τήν
968 5589 1139 5661 μονὴν
1198 5585 1403 5645 ἔκτισεν
1463 5591 1609 5654 ὅσιος
1667 5592 1876 5666 Εὐάρε-

224 5693 357 5735 στος
410 5672 462 5729 iv
506 5678 623 5737 τοῖς
673 5672 899 5751 χρόνοις
928 5680 1026 5731 τοῦ
1082 5677 1332 5750 Τραόλου
1358 5683 1455 5735 τοῦ
1512 5679 1873 5759 Ἀμορραίου.

1986 4702 2183 4751 autem
2229 4697 2425 4769 ipsum
2467 4695 2639 4751 annis
2688 4695 2901 4751 abhinc
2950 4691 3288 4765 quingentis
3336 4691 3633 4763 octoginta

1985 4786 2237 4841 duobus.

2435 4874 2509 4929 De
2536 4875 2868 4928 monasterio
2908 4873 3176 4927 Dalmati.

2056 4970 2475 5026 Monasterium
2506 4970 2755 5025 Dalmati
2780 4969 3089 5025 aediﬁcavit
3114 4966 3418 5023 Dalmatas
3449 4963 3629 5035 patri-

1985 5060 2139 5127 cius,
2199 5059 2389 5130 Magni
2448 5059 2817 5114 Constantini
2884 5056 3295 5115 consobrinus.
3347 5056 3628 5108 Caterum

1984 5149 2252 5204 Tiberius
2298 5148 2665 5220 Apsimarus,
2700 5153 3008 5221 postquam
3043 5162 3178 5202 cum
3230 5142 3355 5198 suis
3392 5137 3626 5195 chelan-

1983 5238 2097 5293 diis
2168 5237 2504 5309 Byzantium
2573 5239 2868 5309 pervenit,
2938 5241 2995 5292 et
3060 5232 3303 5304 imperio
3380 5225 3625 5298 potitus,

1985 5326 2289 5381 Leontium
2350 5327 2760 5398 imperatorem
2808 5326 3024 5381 ibidem
3083 5320 3376 5375 inclusum
3425 5316 3629 5371 custo-

1984 5415 2147 5470 divit.

2254 5505 2329 5559 Dc
2356 5505 2685 5559 monasterio
2717 5501 2999 5557 Cucorobii
3025 5504 3352 5569 nuncupata.

2059 5601 2485 5658 Monasterium
2529 5599 2831 5657 Cucorobii
2882 5596 3229 5669 cognomine
3276 5590 3541 5650 condidit
3570 5591 3631 5649 S.

1989 5689 2300 5748 Evarestus
2332 5693 2442 5747 sub
2472 5688 2750 5746 Michacle
2781 5686 2961 5742 Balbo
2990 5685 3337 5741 Amorrbaeo.
