3970 6218
250 365 273 421 1
294 366 414 425 269

678 498 807 571 Περὶ
848 503 945 553 τοῦ
975 500 1159 574 Ἀγίου
1198 501 1487 572 Μανουήλ.

317 587 424 644 Τὸν
484 584 543 642 δὶ
572 590 762 662 ’Ἃγιον
816 589 1100 659 Μανουὴλ,
1137 585 1316 645 Σαϐἒλ
1365 592 1455 645 καὶ
1488 590 1742 665 Ἰσμαὴλ,
1782 595 1916 666 μετὰ

242 678 309 731 τὸ
364 679 630 746 καυθῆναι
678 676 873 739 αὐτοὺς
930 677 1015 733 ἐπὶ
1072 678 1374 735 Ἰουλιανοῦ
1429 686 1525 735 τοῦ
1588 678 1909 757 Παραϐἀτου

246 765 336 820 ἐπὶ
383 771 482 821 τοῦ
537 766 799 841 χερσαίου
855 768 1103 843 τείχους,
1140 770 1167 823 ὁ
1199 770 1382 843 Μὲγας
1438 768 1724 835 Θεοδόσιος
1775 771 1905 842 ἀνή-

244 875 411 931 γειρε,
445 857 536 910 καὶ
567 856 635 909 τὰ
662 855 890 928 σώματα
921 857 1096 911 αὐτῶν
1132 856 1244 911 ἐκεῖ
1273 854 1443 913 ἔθετο.

361 982 391 1011 ⁸
659 970 790 1045 Περί
816 976 924 1026 τῶν
954 971 1144 1048 Ἀγίων
1180 973 1491 1049 Νοταρίων.

314 1060 450 1122 Τοὺς
512 1058 568 1115 δὶ
624 1061 846 1135 Ἀγίους
908 1062 1207 1139 Νοταρίους
1268 1065 1295 1117 6
1357 1063 1540 1137 Μέγας
1616 1062 1902 1127 Θεοδόσιος

235 1148 510 1225 ἀνήγειρε,
549 1151 639 1205 καὶ
664 1151 731 1205 τὰ
764 1152 991 1224 σώματα
1020 1151 1194 1207 αὐτῶν
1227 1151 1399 1207 ἐκεῖσε
1428 1150 1597 1209 ἔθετο.

1388 369 1753 431 ANONYMI
1797 371 2382 444 ANTIQUITATES
2426 374 2544 433 CP.

1940 509 1995 573 Α
2549 508 2623 561 De
2654 506 2850 562 Sancto
2878 506 3148 561 Manuale.

3520 374 3677 434 12ἷο

2096 595 2402 665 Templum
2427 596 2527 651 SS.
2555 595 2807 665 Manuel,
2830 594 2999 651 Sabe]
3024 600 3079 651 et
3100 592 3332 658 Ismael,
3356 599 3669 666 postquam

2021 683 2129 755 ipsi
2166 703 2197 739 a
2226 684 2463 740 Juliano
2502 688 2783 756 Apostata
2826 685 2959 755 igne
2990 682 3233 740 cremati
3268 687 3405 738 sunt
3432 684 3500 738 ad
3537 702 3669 739 mu-

2019 788 2149 827 rum
2205 778 2561 842 terrestrem,
2595 774 2859 828 condidit
2888 773 3092 827 eodem
3147 772 3270 827 loco
3304 770 3669 829 Theodosius

2016 862 2288 933 Magnus,
2324 879 2647 933 eorumque
2677 879 2920 934 corpora
2952 862 3032 917 ibi
3063 860 3355 933 deposuit.

2405 980 2481 1033 De
2508 979 2736 1034 ecclesia
2772 978 2865 1034 SS.
2898 979 3273 1034 Notariorum.

2084 1065 2403 1122 Ecclesiam
2439 1068 2539 1122 SS.
2573 1067 2946 1122 Notariorum
2986 1066 3273 1122 exstruxit
3300 1065 3668 1121 Theodosius

2010 1158 2278 1227 Magnus,
2310 1156 2651 1228 ibidemque
2682 1173 2884 1211 eorum
2922 1172 3169 1226 corpora
3198 1156 3491 1227 deposuit.

974 1272 1048 1326 De
1076 1272 1302 1327 ecclesia
1336 1273 1589 1343 Deiparw
1632 1273 1689 1326 in
1722 1271 1970 1340 Sz'gmaie
2000 1289 2034 1326 a
2067 1272 2425 1327 Constantino
2458 1273 2646 1343 Magno
2676 1273 2917 1327 condita.

306 1367 400 1421 Καὶ
459 1368 556 1435 τήν
618 1365 904 1433 Θεοτόκον,
957 1368 1056 1435 τήν
1120 1367 1197 1429 εἷς
1253 1369 1317 1422 τὸ
1371 1369 1580 1443 Σίγμα,
1635 1368 1662 1421 ὀ
1724 1367 1902 1442 Μέγας

236 1456 649 1519 Κωνσταντῖνος
696 1454 980 1530 ἀνήγειρεν
1016 1475 1029 1488 ·
1091 1457 1203 1511 εἶτα
1263 1454 1319 1511 δὶ
1376 1458 1402 1511 6
1462 1456 1900 1531 ΜέγαςἸουστι-

234 1544 418 1607 νιανὸς
490 1543 753 1600 ἀνέκτισε.
824 1545 975 1601 Μετὰ
1051 1542 1108 1600 δὲ
1172 1547 1289 1614 τκη¹
1345 1540 1437 1615 ἕτη
1512 1550 1737 1619 σεισμοῦ
1812 1567 1898 1622 γε·

235 1638 469 1707 γονότος
545 1628 831 1710 φοϐεροῦ,
895 1633 983 1688 ἐπὶ
1056 1642 1155 1702 τῆς
1237 1634 1514 1704 βασιλείας
1589 1633 1899 1702 Βασιλείου,

244 1723 382 1793 μετᾶ
412 1723 474 1776 τὸ
526 1720 736 1777 ἀνελεῖν
787 1724 878 1777 τὸν
932 1722 1191 1799 Μιχαὴλ,
1226 1725 1539 1794 συνεπτώθη
1587 1726 1614 1778 6
1662 1728 1790 1787 ναὸς
1844 1723 1895 1779 ἐν

234 1812 425 1883 ἡμέρᾳ
456 1812 726 1885 Κυριακῇ,
755 1816 851 1866 τοῦ
906 1813 1061 1888 ἁγίου
1113 1810 1478 1885 Πολυεύκτου,
1526 1814 1615 1867 καὶ
1658 1814 1785 1876 τοὺς
1841 1812 1893 1868 ἐν

2084 1370 2403 1427 Ecclesiam
2431 1372 2689 1441 Deiparaa
2722 1372 2781 1425 in
2813 1369 3069 1441 Sigmate
3091 1368 3512 1424 Constantinus
3542 1369 3663 1424 Ma-

2010 1475 2163 1531 gnus
2195 1460 2481 1526 condidit;
2507 1460 2719 1513 deinde
2741 1459 3113 1513 Justinianus
3140 1458 3385 1529 Magnus
3417 1458 3661 1512 rerediti-

2009 1548 2175 1601 cavit.
2215 1549 2345 1602 Post
2395 1564 2583 1602 annos
2622 1564 2755 1601 vero
2804 1550 3098 1601 trecentos
3130 1545 3333 1617 viginti
3363 1549 3510 1612 octo,
3545 1546 3658 1599 im-

2009 1643 2249 1707 perante
2274 1636 2509 1702 Basilio,
2537 1637 2873 1707 occisojam
2900 1634 3201 1700 Michaele,
3226 1634 3467 1689 terribili
3493 1638 3658 1689 terras

2008 1731 2170 1781 motu
2203 1726 2311 1780 hoc
2355 1725 2640 1796 templum
2694 1724 3021 1795 collapsum
3054 1728 3161 1790 est,
3196 1722 3287 1778 die
3334 1722 3656 1793 Dominica,

2006 1832 2133 1886 quae
2180 1822 2321 1870 erat.
2356 1816 2413 1870 S.
2447 1815 2755 1886 Polyeucto
2804 1830 2999 1879 sacra;
3036 1829 3101 1867 ac
3135 1828 3339 1867 omnes
3371 1818 3657 1883 quotquot

230 1899 381 1970 αὐτῷ
468 1900 669 1963 πᾶντας
758 1898 1047 1979 διέφθειρε.
1113 1902 1210 1958 Καὶ
1287 1902 1393 1957 ἀπὸ
1476 1903 1599 1957 τότε
1687 1900 1971 1973 ἓκλήθηΒ

2060 1932 2061 1953 ι
2096 1921 2162 1959 eo
2194 1911 2379 1974 erant,
2404 1902 2669 1975 oppressi
2697 1904 2880 1957 fuere.
2904 1907 2976 1958 Et
2997 1901 3273 1972 deinceps
3301 1899 3658 1972 appellatum

230 1987 436 2064 Σίγμα.

495 2078 627 2154 Περὶ
660 2082 766 2132 τῶν
798 2080 864 2133 τὰ
895 2079 1215 2135 Κανικλείου
1246 2080 1623 2153 καλουμένων.

299 2166 373 2219 Τὰ
442 2166 791 2235 Κανικλείου,
853 2168 1000 2229 οἶκος
1058 2169 1123 2237 ἦν
1197 2170 1521 2224 Θεοκτίστου
1591 2169 1893 2244 μαγίστρου

225 2254 317 2307 καὶ
362 2254 450 2309 ἰπὶ
499 2260 596 2311 τοῖ’)
646 2255 985 2325 Κανικλείου,
1016 2261 1113 2311 τοῦ
1172 2258 1466 2335 σφαγέντος
1520 2258 1665 2334 παρά
1711 2256 1894 2331 Βάρδα

227 2344 524 2418 Καίσαρος,
558 2344 703 2409 θείου
734 2349 830 2400 τοῦ
863 2344 1117 2421 Μιχαήλ.

2004 1992 2114 2048 fuit
2144 1992 2362 2065 Signia.

2528 2082 2602 2137 De
2634 2085 2819 2136 tractu
2854 2077 3124 2135 Cam'clez'.

2073 2171 2322 2225 Tractus
2354 2170 2624 2235 Caniclei,
2650 2170 2860 2225 domus
2891 2173 3017 2223 erat
3045 2166 3359 2223 Theoctisti
3389 2152 3655 2237 magistri

2002 2263 2059 2314 et
2116 2260 2366 2330 praefecti
2426 2258 2709 2329 Caniclei,
2761 2258 2862 2329 qui
2921 2257 3266 2311 interfectus
3322 2254 3433 2309 fuit
3480 2256 3658 2325 jussu

2004 2350 2201 2405 Bardaa
2228 2348 2493 2418 Caesaris,
2526 2345 2824 2402 Michaelis
2855 2344 3147 2401 avunculi.

1154 2466 1227 2521 De
1256 2468 1593 2521 monasterio
1624 2467 2014 2538 Euphrosynae
2040 2467 2433 2537 cognominata
2478 2466 2535 2519 Li
2543 2463 2725 2519 badia.

307 2562 429 2616 ’Ότι
463 2561 497 2629 ἡ
535 2562 671 2633 μονὴ
715 2562 749 2629 ἡ
794 2558 1069 2635 λεγομένη
1122 2567 1224 2631 τῆς
1286 2561 1639 2640 Εὐφροσύνης
1692 2562 1758 2616 τὰ
1805 2570 1897 2616 Λι-

227 2643 399 2703 ὖάὂια
449 2648 664 2716 ἐκτίσθη
726 2650 873 2725 παρά
928 2649 1174 2723 Εῗρήνης
1230 2657 1330 2719 τῆς
1383 2652 1694 2721 Ἀθηναῖας,
1730 2652 1897 2727 μικρά

225 2737 322 2792 καὶ
356 2739 612 2812 πενιχρά.
646 2738 705 2794 Ὀ
755 2735 811 2792 δὲ
856 2736 1091 2812 Μιχαὴλ
1133 2740 1160 2792 ὁ
1207 2740 1321 2801 υἱὸς
1373 2739 1642 2817 Θεοφίλου
1692 2740 1767 2803 εἷς
1800 2738 1894 2816 ἔχ-

233 2828 368 2902 θραν
429 2825 601 2889 ἐλθὼν
683 2827 819 2899 μετᾶ
885 2834 985 2896 τῆς
1066 2828 1273 2903 μητρὸς
1347 2828 1533 2897 αὐτοῦ,
1588 2831 1895 2905 κατήγαγεν

232 2916 411 2985 αὐτήν
449 2936 508 2970 τε
563 2917 655 2969 καὶ
706 2917 807 2983 τὴν
867 2913 1105 2994 ἀδελφὴν
1139 2916 1303 2971 αὐτοῦ
1362 2916 1421 2972 ἐκ
1474 2923 1570 2972 τοῦ
1601 2917 1892 2987 παλατίου,

236 3004 335 3059 καὶ
395 3004 673 3078 εἰσήγαγεν
718 3003 907 3073 ἐκεῖσε,
941 3005 1029 3059 καὶ
1076 3005 1327 3081 ἀπέκειρε
1382 3006 1601 3075 ταύτας,
1654 3005 1895 3078 πλουτή-

236 3115 336 3155 σας
387 3094 487 3162 τήν
551 3095 718 3166 μονὴν
764 3092 870 3148 ἀπό
931 3115 987 3148 τε
1043 3095 1336 3167 κτημάτων
1369 3096 1457 3149 καὶ
1490 3092 1723 3153 λοιπῶν.
1753 3098 1892 3153 Ἀπὸ

2083 2564 2510 2619 Monasterium
2562 2561 2958 2633 Euphrosynaa
2997 2557 3367 2631 cognomine.
3390 2556 3653 2623 Libadia,

2008 2653 2080 2709 ab
2112 2654 2273 2708 irene
2300 2652 2491 2709 Attica
2518 2651 2793 2722 exiguum
2816 2648 2984 2704 valde
3005 2652 3062 2703 et
3092 2646 3530 2718 pauperrimum
3564 2663 3655 2700 ex-

2007 2748 2298 2797 structum
2352 2741 2476 2797 fuit.
2514 2741 2721 2795 Postea
2752 2754 2884 2793 vero
2918 2735 3018 2791 ubi
3047 2733 3312 2801 Michael,
3346 2732 3655 2804 Theophili

2007 2832 2187 2901 ﬁlius,
2219 2848 2351 2887 cum
2399 2835 2583 2885 matre
2632 2846 2737 2883 sua
2786 2825 3145 2883 simultatem
3197 2822 3410 2878 habere
3458 2821 3656 2893 coepit,

2006 2926 2252 2975 matrem
2288 2925 2341 2975 et
2376 2935 2634 2975 sororem
2674 2932 2844 2973 suam
2878 2932 2906 2970 ο
2939 2913 3157 2986 palatio
3188 2912 3426 2982 ejectas,
3457 2912 3516 2965 in
3548 2910 3657 2966 hoc

2006 3008 2429 3063 monasterium
2473 3009 2748 3061 detonsae
2798 3003 3069 3069 inclusit;
3120 2999 3475 3055 monasterio
3523 3016 3657 3070 pos-

2005 3098 2372 3154 sessionibus
2412 3113 2477 3152 ac
2520 3094 2766 3167 reliquis
2816 3092 3094 3148 omnibus
3137 3091 3338 3145 (litato.
3372 3088 3656 3143 Caeterum

234 3180 298 3238 δὲ
345 3186 444 3281 τῆς
493 3180 735 3261 ἀδελφῆς
775 3183 937 3238 αὐτοῦ
988 3183 1341 3263 Εὐφροσύνης
1391 3183 1599 3256 ἐκλήθη
1651 3184 1821 3249 οὕτως
1852 3188 1886 3256 ἡ
1920 3214 1963 3281 C

2060 3189 2243 3257 )ejus
2293 3203 2489 3242 sorore
2538 3183 2919 3256 Euphrosyna
2969 3178 3387 3235 monasterium
3438 3194 3653 3233 nomen

233 3274 406 3346 μονή.

750 3362 882 3437 Περὶ
913 3365 1010 3417 τοῦ⁹
1041 3362 1365 3422 Ξυλινίτου.

310 3456 414 3507 Τοῦ
471 3453 769 3509 Ξυλινίτου
823 3454 925 3521 τὴν
981 3455 1153 3526 μονὴν
1211 3452 1386 3509 ἔκτισε
1443 3457 1682 3525 Νικήτας
1734 3457 1893 3531 μαγι-

235 3562 401 3615 στρος
458 3542 510 3597 ἐν
568 3547 683 3603 τοῖς
740 3542 965 3617 γρόνοις
1016 3543 1247 3605 Λέοντος
1275 3548 1372 3599 τοῦ
1405 3549 1894 3619 Συρογενοῦς,τοῦ

236 3631 450 3704 πατρὸς
525 3626 832 3685 Καϐαλίνου
916 3632 1343 3690 Κωνσταντίνου.
1402 3635 1460 3690 Ὀ
1538 3633 1695 3696 αὐτὸς
1751 3632 1808 3688 δὲ
1866 3635 1894 3689 6

234 3719 545 3790 Ξυλινίτης
579 3718 983 3796 ἀπεκεφαλίσθη
1035 3720 1111 3783 εἷς
1161 3722 1251 3775 τὸν
1306 3720 1581 3796 Σφενδόνα
1627 3723 1773 3799 παρᾶ
1799 3727 1896 3778 τοῦ

238 3810 413 3864 αὐτοῦ
446 3808 679 3872 Λέοντος
712 3806 781 3864 δι’
812 3804 1135 3879 ἐπιϐουλῆς.

816 3898 944 3973 Περὶ
975 3899 1043 3952 τὰ
1074 3898 1325 3963 Ἰκασίας.

314 3988 373 4042 Ἡ
436 3986 493 4042 δὲ
540 3988 681 4059 μονὴ
724 3988 791 4041 τὰ
838 3988 1073 4048 Ἰκασίας
1128 3988 1343 4060 ἐκτίσθη
1377 3990 1503 4062 παρ’
1534 3988 1701 4059 αὐτῆς
1733 4012 1899 4063 μονα-

239 4084 357 4151 χῆς
415 4076 729 4151 γεγονυίας,
780 4074 868 4132 ὅτε
912 4083 1012 4145 τῆς
1088 4076 1365 4152 βασιλείας
1443 4078 1679 4153 ἀπξτυχε
1754 4080 1899 4155 παρὰ

236 4164 512 4243 Θεοφίλου
575 4164 865 4240 βασιλέως,
922 4161 1215 4239 σεϐασμίας
1288 4168 1377 4221 καὶ
1435 4167 1637 4241 ὡραίας
1690 4187 1895 4243 τυγχα-

233 4254 463 4324 νούσης.
517 4257 675 4316 ’Ήτις
730 4255 818 4309 καὶ
880 4256 1125 4322 κανόνας,
1179 4256 1269 4310 καὶ
1329 4258 1570 4331 στιχηρὰ
1626 4260 1900 4327 ποιήσασα

233 4342 293 4397 ἰν
350 4349 467 4405 τοῖς
521 4344 745 4420 χρόνοις
800 4342 1033 4419 Μιχαὴλ
1091 4345 1180 4399 καὶ
1230 4344 1521 4423 Θεοφίλου,
1552 4351 1649 4401 τοῦ
1696 4348 1899 4423 πατρὸς

235 4432 431 4501 αὐτοῦ,
465 4432 557 4502 ἔζη
590 4432 641 4488 ἐν
674 4434 835 4506 αὐτῇ.

428 4541 555 4615 Περὶ
586 4547 686 4610 τῆς
714 4541 907 4616 Ἀγίας
938 4539 1203 4613 Δομνίνας
1235 4542 1302 4595 τὰ
1334 4539 1715 4616 Ἀλεξάνδρου.

314 4631 383 4686 Αἱ
416 4627 473 4684 δὲ
504 4630 598 4685 δύο
652 4630 806 4702 μοναὶ
852 4635 953 4699 τῆς
984 4629 1168 4705 Ἀγίας
1224 4630 1505 4703 Δομνίνας,
1540 4634 1573 4700 ἡ
1630 4630 1897 4705 ἐπονομα-

234 4720 447 4791 ζομένη
477 4721 544 4774 τὰ
574 4716 951 4792 Ἀλεξάνδρου,
986 4718 1075 4773 καὶ
1119 4721 1153 4789 ἡ
1206 4718 1350 4790 ἄλλη
1415 4723 1579 4793 μονὴ,
1610 4721 1675 4775 τὰ
1735 4720 1890 4796 λεγό-

238 4830 378 4882 μενα
424 4809 493 4863 τὰ
552 4806 876 4884 Γρηγορίας,
930 4806 979 4862 ἐν
1036 4814 1154 4871 τοῖς
1209 4807 1435 4883 χρόνοις
1488 4814 1583 4864 τοῦ
1640 4809 1890 4886 Μεγάλου

233 4896 531 4954 Θεοδοσίου
587 4896 931 4967 ἐκτίσθησαν.
990 4895 1280 4960 Ἑλθυῦσαι
1346 4899 1449 4973 γὰρ
1509 4897 1614 4953 ἀπὸ
1671 4900 1890 4972 Ῥώμης

231 4986 392 5061 εὗρον
440 4988 623 5042 ἄοικον
683 4988 775 5041 τὸν
806 4985 999 5053 τόπον,
1030 4985 1122 5039 καὶ
1180 4984 1532 5058 αἰτησάμενοι
1586 4988 1677 5041 τὸν
1732 4989 1889 5063 βασι-

236 5076 361 5143 λέα,
414 5073 643 5131 δέδωκεν
706 5074 895 5137 αὑταῖς
944 5075 1036 5129 τὸν
1081 5069 1274 5144 τόπον,
1321 5074 1413 5130 καί
1460 5076 1747 5153 ἀνήγειραν
1792 5078 1888 5141 τὰς

238 5168 411 5239 μονάς
422 5210 435 5223 .

842 5252 969 5326 Περὶ
999 5256 1096 5306 τοῦ
1129 5250 1278 5309 Δίου.

305 5345 367 5402 Ὀ
408 5343 557 5406 ὅσιος
602 5348 727 5405 Δῖος
779 5340 1142 5414 αἰτησάμενος
1188 5343 1277 5395 καὶ
1314 5342 1473 5403 αὐτὸς
1504 5343 1594 5397 τὸν
1634 5344 1879 5418 βασιλέα,

228 5430 463 5488 δέδωκεν
523 5432 668 5504 αὐτῷ
722 5431 887 5486 τόπον
925 5448 937 5461 ·
1004 5429 1095 5484 καὶ
1148 5429 1401 5505 ἀνήγειρε
1456 5432 1553 5498 τὴν
1623 5430 1879 5501 τοιαύτην

228 5525 422 5596 μονήν.

710 5609 839 5685 Περὶ
867 5612 965 5664 τοῦ
998 5607 1410 5683 Μυροκεράτου.

300 5702 382 5760 Τὸ
437 5700 497 5757 δί
549 5700 890 5775 καλούμενον
946 5694 1324 5773 Μυροκὲρατον
1384 5696 1601 5771 ἐκτίσθη
1654 5699 1706 5754 ἒν
1762 5702 1879 5763 τοῖς

1927 4581 1975 4643 D

2004 3277 2245 3347 accepit.

2453 3366 2527 3419 De
2556 3362 2885 3419 monasterio
2914 3358 3198 3431 Xylinitaz.

2076 3454 2494 3511 Monasterium
2553 3452 2827 3523 Xylinitee
2887 3450 3293 3518 nuncupatum
3342 3442 3650 3500 mdiﬁcavit

2003 3544 2238 3600 Nicetas
2270 3542 2547 3616 magister
2588 3541 2698 3597 sub
2734 3544 2918 3594 Leone
2965 3534 3244 3600 Isaurico,
3278 3532 3649 3589 Constantini

2005 3634 2287 3689 Caballini
2322 3638 2503 3705 patre.
2539 3633 2665 3703 Ipse
2715 3635 2909 3684 autem
2954 3626 3186 3681 Nicetes
3218 3622 3504 3695 Xylinites
3557 3639 3659 3693 per

2005 3723 2250 3779 insidias
2290 3722 2615 3779 decollatus
2668 3720 2777 3775 fuit
2825 3718 2885 3772 in
2934 3714 3284 3787 Sphendone
3334 3712 3405 3767 ab
3451 3712 3657 3768 eodem

2008 3814 2218 3869 Leone.

2498 3901 2570 3955 De
2598 3897 2932 3954 monasterio
2964 3892 3176 3948 (casiae.

2078 3991 2498 4047 Monasterium
2548 3987 2743 4043 [casiae
2794 3984 3059 4041 condidit
3108 3978 3292 4035 Icasia
3340 3977 3665 4034 sanctimo-

2009 4079 2204 4149 nialis,
2247 4078 2483 4150 quando
2541 4075 2788 4148 imperio
2838 4070 3075 4144 repulsa
3123 4073 3212 4124 est
3261 4085 3295 4122 a
3341 4065 3664 4138 Theophilo

2010 4170 2381 4240 imperatore.
2403 4166 2513 4221 etsi
2545 4166 2754 4220 decora
2775 4166 2831 4217 et
2852 4164 3103 4230 augusta
3135 4156 3328 4229 specie
3360 4160 3501 4209 erat.
3528 4155 3661 4218 Quae

2009 4274 2142 4312 cum
2177 4256 2235 4311 in
2269 4258 2472 4311 eodem
2507 4251 2863 4309 monasterio
2912 4248 3023 4302 sub
3078 4242 3354 4299 Michaele
3384 4247 3441 4296 et
3469 4241 3660 4295 Theo-

2010 4344 2171 4417 philo
2203 4346 2332 4414 ejus
2382 4342 2498 4397 filio
2529 4342 2743 4397 viveret
2780 4338 3029 4409 hymnos
3059 4338 3116 4387 et
3146 4329 3462 4387 versiculos
3494 4346 3658 4384 com-

2009 4432 2225 4505 posuit.

2062 4543 2135 4597 De
2161 4540 2491 4595 monasterio
2522 4536 2575 4593 S.
2611 4534 2904 4591 Domninae
2932 4529 3251 4598 cognomine
3282 4523 3604 4580 Alexandri.

2079 4630 2203 4684 Duo
2244 4629 2364 4683 hzec
2397 4623 2777 4687 monasteria,
2811 4634 3060 4692 quorum
3102 4616 3350 4672 alterum
3384 4614 3442 4669 S.
3478 4614 3652 4668 Dom-

2005 4719 2177 4784 nime,
2210 4716 2559 4789 cognomine
2602 4709 2946 4775 Alexandri;
2981 4706 3233 4762 alterum
3273 4720 3407 4758 vero
3438 4702 3655 4773 Grego-

2002 4810 2098 4863 riae
2138 4808 2378 4873 dicitur,
2405 4807 2514 4860 sub
2544 4799 2872 4857 Theodosio
2916 4797 3124 4867 Magno
3155 4793 3442 4849 aediﬁcata
3471 4791 3652 4847 fuere.

2001 4896 2231 4952 Etenim
2265 4901 2404 4951 tunc
2448 4890 2730 4963 temporis
2779 4891 2993 4943 sancta:
3042 4883 3155 4939 illas
3206 4882 3434 4937 feminae
3469 4879 3653 4934 Roma

1997 4989 2304 5051 venerunt,
2347 4987 2404 5037 et
2463 4982 2615 5036 facta
2672 4978 2743 5032 ab
2799 4975 3153 5046 imperatore
3210 4968 3321 5025 loci
3378 4967 3649 5037 hujus,a

2001 5074 2233 5129 nemine
2289 5069 2571 5139 habitati,
2622 5066 2811 5138 copia,
2862 5060 3221 5119 monasteria
3276 5056 3357 5112 ibi
3416 5059 3648 5111 exstru-

1994 5179 2150 5219 xere.

2536 5248 2610 5303 De
2638 5242 2979 5301 monasterio
3011 5240 3118 5295 Dii.

2066 5340 2351 5397 Similiter
2380 5343 2437 5394 et
2467 5338 2526 5393 S.
2563 5336 2705 5391 Dius
2746 5334 2939 5388 locum
2976 5328 3047 5382 ab
3080 5325 3427 5395 imperatore
3458 5318 3643 5392 petiit,

1991 5448 2105 5502 quo
2139 5431 2450 5502 impetrato
2485 5422 2908 5481 monasterium
2942 5418 3050 5472 hoc
3082 5410 3363 5469 condidit.

2290 5610 2357 5664 Dc
2384 5604 2715 5664 monasterio
2748 5597 3140 5670 Myroceratum
3169 5592 3334 5647 dicto.

2059 5698 2474 5756 Monasterium
2502 5689 2847 5765 cognomine
2877 5684 3304 5757 Myroceratum
3336 5680 3445 5736 sub
3476 5677 3634 5734 Mau-
