4060 6214
341 345 490 407 1271

1299 338 1696 402 APPENDIX
1738 337 1840 398 AD
1885 335 2349 398 MICHAELEM
2396 337 2783 409 PSELLUM,

3590 344 3756 404 1272
3828 306 3829 309 ί

331 478 478 537 ricio
535 478 891 549 imperatore
947 475 1247 531 conditum
1307 474 1435 530 fuit.
1486 475 1738 530 Narrant
1782 476 1977 527 autem

2127 470 2322 544 Lpdvozc
2376 469 2681 545 Μαυρικίου
2738 468 3034 545 βασιλέως.
3076 469 3216 525 Φασῖ
3280 469 3337 527 δὶ
3384 473 3593 529 πολλοὶ
3644 480 3756 531 τῶν

338 567 511 623 multi
543 582 611 622 ex
640 565 958 632 historicis,
995 565 1176 621 fuisse
1223 566 1278 619 in
1330 564 1438 620 hoc
1471 562 1828 619 monasterio
1860 578 1991 617 sus-

339 671 589 728 pensum
644 670 824 709 cornu
878 652 1010 719 olei,
1046 669 1161 724 quo
1212 652 1444 707 Samuel
1495 651 1783 724 propheta
1829 666 1995 723 reges

336 745 678 800 Judzeorum
740 742 1091 814 inungebat;
1148 746 1326 813 atque
1372 742 1513 797 inde
1569 739 1994 797 monasterium

340 849 557 890 nomen
592 832 912 904 accepisse.

613 940 687 995 De
715 940 1057 994 monasterio
1095 939 1357 1009 Procopii
1382 946 1721 1008 nuncupata.

412 1027 826 1085 Monasterium
903 1027 1165 1099 ProcOpii
1246 1026 1592 1099 cognomine
1677 1024 1987 1081 mdiﬁcavit

338 1116 618 1189 Procopia
670 1118 973 1186 Augusta,
1036 1115 1157 1171 ﬁlia
1214 1115 1531 1187 Nicephori
1588 1112 1976 1170 Seleuciensis

338 1224 484 1262 uxor
538 1203 835 1261 Michaelis
895 1204 1195 1277 Rhangale
1261 1202 1685 1276 excuropalataa
1743 1202 1969 1274 impera

345 1296 510 1353 toris.

578 1388 653 1441 De
684 1388 1025 1442 monasterio
1058 1390 1322 1454 Augusta:
1351 1386 1753 1456 cegnominato.

412 1475 830 1531 Monasterium
888 1475 1257 1541 monialium,
1306 1475 1460 1546 quod
1510 1478 1786 1545 Angusta!
1827 1490 1998 1528 voca-

351 1568 469 1630 tur,
494 1564 769 1621 Justinus
791 1565 985 1620 Thrax
1005 1564 1452 1636 potentissimus
1487 1563 1798 1619 aediﬁcavit
1835 1563 1999 1618 uxori

347 1670 465 1710 suae
498 1654 856 1725 Euphemus,
890 1671 1025 1710 cum
1076 1654 1206 1725 ejus
1247 1652 1368 1709 illic
1397 1670 1609 1724 corpus
1640 1655 1797 1709 esset
1825 1668 1991 1724 repo-

346 1742 556 1799 situm.

2104 559 2415 634 ἱστορικῶν,
2448 560 2529 614 ὅτι
2588 561 2650 614 τὸ
2708 559 2866 636 κέρας
2922 563 3017 614 τοῦ
3071 558 3280 628 ἐλαίου,
3314 562 3448 640 ὅπερ
3508 565 3623 640 εἶχε
3655 572 3764 619 Σαε-

2110 649 2293 723 μουήλ
2352 652 2379 705 ὁ
2439 652 2749 727 προφήτης,
2809 651 2899 704 καὶ
2960 645 3113 725 ἔχριε
3168 651 3300 715 τοὺς
3364 653 3629 729 βασιλεῖς,
3683 654 3763 715 εἷς

2104 741 2204 808 τὴν
2259 739 2426 808 αὐτὴν
2490 741 2664 813 μονὴν
2723 740 3013 816 ἐκρέματο,
3071 742 3162 795 καὶ
3222 738 3311 796 διὰ
3376 748 3535 799 τοῦτο
3586 742 3763 805 οὕτως

2107 827 2341 899 ἐκλήθη.

2634 936 2766 1011 Περὶ
2795 937 2863 991 τὰ
2900 938 3233 1014 Προκοπίου.
3668 963 3695 991 ο

2179 1025 2243 1080 Ἥ
2287 1022 2599 1096 καλουμένη
2658 1026 2800 1097 μονὴ
2858 1026 2924 1080 τὰ
2970 1027 3287 1102 Προκοπίου
3341 1026 3557 1098 ἐκτίσθη
3616 1028 3763 1104 παρᾶ

2060 1194 2063 1195 ν
2109 1114 2422 1186 Ηροκοπίας
2481 1111 2792 1184 δεσποίνης,
2832 1121 2932 1184 τῆς
2981 1116 3245 1193 θυγατρὸς
3296 1118 3612 1192 Νικηφόρου
3663 1122 3763 1172 τοῦ

2111 1201 2426 1275 Σελευκίου,
2474 1203 2563 1257 καὶ
2605 1204 2858 1278 γυναικὸς
2913 1204 3144 1280 Μιχαὴλ
3191 1201 3469 1282 Ῥαγγαϐὶ,
3500 1210 3597 1261 τοῦ
3655 1206 3762 1261 ἀπὸ

2108 1290 2537 1367 κουροπαλάτων
2550 1336 2562 1349 .

2446 1380 2577 1454 Περὶ
2608 1387 2707 1449 τῆς
2742 1388 2911 1455 μονῆς
2941 1389 3041 1452 τῆς
3071 1382 3412 1458 Αὐγούστης.

2177 1470 2281 1537 Τὴν
2326 1466 2382 1523 δὶ
2428 1470 2728 1545 γυναικείαν
2788 1473 2961 1543 μονὴν
3010 1473 3112 1541 τὴν
3161 1470 3509 1546 καλουμένην
3543 1474 3764 1549 Αὐγού-

2111 1579 2262 1630 στης,
2295 1559 2591 1620 Ἰουστῖνος
2643 1559 2670 1613 6
2724 1560 2862 1635 Θρᾲξ
2910 1562 2939 1614 6
3000 1560 3282 1635 κράτιστος
3330 1558 3505 1617 ἔκτισε
3560 1562 3761 1632 ταύτην

2104 1650 2173 1721 τῇ
2204 1646 2415 1721 γυναικῖ
2447 1647 2611 1702 αὐτοῦ
2642 1648 2793 1725 Εὐφη
2807 1649 2904 1722 μία
2939 1670 2951 1683 ·
2982 1651 3128 1705 τεθὲν
3161 1651 3251 1706 καὶ
3282 1652 3343 1706 τὸ
3404 1656 3562 1725 σῶμα
3594 1652 3767 1722 αὐτῆς

2106 1734 2300 1794 ἐκεῖσε.

417 1855 497 1906 De
524 1851 864 1905 monasterio
894 1850 1172 1924 Bethleem
1205 1850 1371 1924 dicto,
1402 1854 1459 1905 et
1488 1850 1561 1905 de
1587 1850 1922 1904 monasterio

2127 1844 2231 1920 ιερὶ
2287 1851 2389 1913 τῆς
2445 1851 2618 1917 μονῆς
2672 1852 2775 1914 τῆς
2836 1844 3115 1924 Βηθλεὲμ,
3174 1847 3264 1902 καὶ
3323 1848 3446 1924 περὶ
3504 1856 3605 1918 τῆς
3671 1854 3779 1902 Fa-

873 1923 1199 1990 cognomz‘ne
1229 1920 1465 1977 Gaslria.

415 2009 839 2065 Monasterium
906 2009 1202 2065 Bethleem
1288 2009 1649 2083 appellatum
1719 2008 2005 2065 exstruxit

343 2098 581 2154 Helena.
615 2098 1038 2154 Monasterium
1092 2104 1289 2155 autem
1322 2100 1555 2155 Gastria
1603 2100 1739 2154 inde
1788 2115 2001 2154 nomen

343 2187 583 2258 accepit,
616 2188 796 2258 quod,
829 2204 963 2242 cum
1004 2189 1062 2244 S.
1098 2188 1313 2244 Helena
1361 2188 1754 2243 venerandam
1787 2173 2003 2243 Christi

344 2292 576 2331 crucem
636 2276 1056 2346 Hierosolymis
1109 2277 1363 2344 alien-et,
1414 2295 1543 2333 eam
1603 2277 1801 2332 intulit
1850 2278 2003 2332 Con-

344 2365 790 2438 stantinopolim
843 2383 947 2437 per
976 2371 1203 2437 portam
1255 2367 1590 2433 Psamatha,
1621 2372 1678 2421 et
1725 2384 1851 2438 quae
1899 2382 2000 2421 su-

346 2470 450 2525 pra
500 2471 733 2510 crucem
787 2460 1017 2526 reperta
1067 2460 1254 2522 erant,
1307 2456 1449 2525 lilia,
1501 2455 1767 2521 basilica,
1815 2472 2001 2525 rosas,

347 2544 729 2615 sampsucha,
781 2549 994 2613 costos,
1036 2544 1319 2609 balsama,
1352 2561 1419 2599 ea
1464 2545 1682 2611 omnia,
1714 2561 1829 2615 quo
1861 2562 2004 2599 con-

348 2637 743 2699 servarentur,
780 2632 838 2686 in
887 2634 1046 2687 vasis
1098 2633 1405 2704 plantavit.
1437 2635 1507 2688 Et
1545 2650 1677 2688 cum
1728 2634 2001 2689 divertis-

347 2725 440 2775 set
470 2720 551 2775 ibi
601 2721 660 2775 in
715 2722 1161 2790 monasterium,
1197 2722 1390 2778 locum
1441 2722 1609 2777 illum
1639 2724 1867 2778 Gastria
1899 2740 1998 2795 ap-

348 2807 610 2880 pellavit.

560 2916 635 2973 De
677 2918 1012 2973 monasterio
1040 2918 1425 2992 8.7Mamanli:
1467 2920 1788 2992 cognomine

1022 2991 1323 3063 Xylocerci.

420 3076 845 3133 Monasterium
880 3078 936 3133 S.
972 3079 1308 3149 Mamantis,
1338 3080 1492 3152 quod
1524 3079 1878 3153 Xylocercus
1908 3082 1999 3136 di-

343 3166 523 3234 citur,
558 3166 860 3222 aediﬁcavit
880 3168 1142 3223 Mauricii
1173 3186 1357 3225 soror.
1387 3169 1491 3225 llla
1520 3170 1698 3237 enim,
1726 3170 1999 3226 Mauricio

359 3260 416 3311 et
446 3253 647 3311 liberis
679 3257 807 3328 ejus
840 3258 895 3325 [a
922 3257 1113 3312 Phoca
1148 3259 1418 3330 tyranno]
1453 3259 1507 3313 in
1545 3266 1712 3331 portu
1749 3252 2007 3331 Eutropii

348 3345 698 3405 interfectis,
742 3345 983 3401 collecta
1032 3364 1236 3403 eorum
1285 3365 1529 3420 corpora
1578 3350 1657 3404 ibi
1708 3350 2007 3421 deposuit-

349 3434 636 3489 Craterum
662 3435 925 3490 Mauricii
959 3454 1196 3492 uxorem
1227 3455 1345 3492 una
1366 3454 1499 3493 cum
1526 3438 1762 3495 ﬁliabus
1793 3440 2008 3495 tribus:

351 3523 613 3595 primum
648 3525 884 3595 quidem
908 3525 1131 3581 Phocas
1157 3526 1591 3599 aliquantulum
1626 3528 1682 3583 in
1719 3536 2011 3586 monaste-

351 3611 437 3667 rio
469 3612 818 3684 cognomine
868 3613 1046 3681 Nova,
1083 3615 1345 3671 inclusas
1399 3616 1679 3686 servavit;
1717 3618 1845 3673 dein
1879 3636 2011 3674 vero

349 3717 448 3755 eas
474 3700 783 3756 decollavit
807 3719 820 3757 :
847 3719 1039 3774 neque
1062 3704 1259 3759 uxoris
1288 3705 1551 3760 Mauricii
1575 3723 1789 3777 corpus
1819 3712 2014 3763 tumu-

353 3788 541 3844 latum
577 3805 705 3844 esse
758 3789 960 3857 voluit,
993 3794 1093 3847 sed
1128 3792 1186 3846 in
1221 3809 1380 3848 mare
1429 3795 1619 3865 capite
1673 3800 2013 3852 truncatum

352 3876 561 3948 projici
587 3878 797 3947 jussit;
826 3879 1278 3952 universamque
1306 3882 1573 3937 Mauricii
1606 3886 2012 3955 cognationem

355 3964 674 4019 crudeliter
702 3966 979 4036 perdidit.

839 4055 915 4109 De
941 4060 1280 4113 monasterio
1314 4058 1525 4117 Charm.

428 4140 852 4199 Monasterium
868 4144 1068 4201 Chorze
1088 4148 1250 4218 prius
1270 4149 1507 4219 quidem
1524 4150 1843 4207 oratorium
1865 4156 2013 4211 erat.

357 4229 599 4302 Crispus
639 4237 835 4288 autem
878 4236 1189 4306 praefectus
1222 4242 1278 4293 et
1306 4255 1487 4309 gener
1520 4240 1780 4295 crudelis
1814 4240 2014 4296 Phocea

356 4318 718 4391 Cappadocis
750 4338 816 4378 eo
849 4323 1143 4397 relegatus
1176 4326 1307 4393 fuit,
1341 4329 1498 4399 quod
1530 4328 1794 4383 Heraclio
1828 4328 2017 4401 impe-

358 4409 535 4463 ratori
588 4417 900 4480 suspectus
951 4420 1126 4469 esset.
1162 4416 1391 4472 Etenim
1445 4417 1570 4488 ipse
1601 4419 1844 4490 Crispus
1874 4434 2015 4473 con-

360 4495 681 4566 spiratione
706 4500 855 4555 facta
876 4517 1010 4557 cum
1034 4503 1295 4559 Heraclio
1321 4505 1525 4560 urbem
1550 4524 1684 4562 cum
1707 4506 2016 4562 maritimis

361 4584 544 4654 copiis
585 4588 931 4659 occupavit:
965 4592 1073 4646 etsi
1119 4594 1321 4648 Phocus
1370 4611 1551 4665 gener
1599 4601 1776 4651 esset.
1810 4595 2004 4650 Postea

2127 4598 2289 4665 εήσας
2350 4592 2437 4649 διὰ
2488 4602 2587 4663 τῆς
2645 4592 2922 4663 θαλασσης
2976 4594 3075 4662 τήν

357 4687 493 4727 vero
538 4690 671 4729 cum
723 4677 876 4748 regis
928 4678 1152 4735 litteras
1185 4687 1390 4737 contra
1439 4684 1636 4755 ipsum
1687 4674 2019 4757 accepisset

362 4762 693 4829 Heraclius,
720 4765 805 4820 sic
835 4766 1106 4838 Crispum
1139 4770 1427 4827 allocutus
1458 4778 1583 4829 est:
1619 4774 1813 4843 Miser,
1839 4792 2013 4847 gene-

364 4867 495 4905 rum
529 4858 581 4907 te
615 4870 727 4909 non
764 4856 1182 4926 praestitisti,et
1203 4863 1494 4931 quomodo
1524 4863 1779 4920 amicum
1808 4870 1864 4921 te
1885 4882 2014 4921 vere

364 4941 721 5010 praestabis?
752 4944 935 5015 Igitur
964 4945 1072 5001 hac
1103 4948 1173 5002 de
1206 4966 1265 5004 re
1294 4949 1447 5006 istuc
1478 4951 1790 5025 relegatus,
1817 4972 2015 5009 mona-

365 5029 612 5084 sterium
650 5030 753 5086 hoc
785 5050 1066 5105 magnum
1108 5053 1172 5091 ac
1212 5038 1521 5109 pulchrum
1555 5043 1856 5098 exstruxit.
1892 5047 2014 5098 Ca3-

365 5121 557 5173 terum
592 5119 726 5175 inde
757 5121 952 5178 Chorae
976 5141 1187 5181 nomen
1221 5130 1463 5200 accepit,
1488 5131 1642 5201 quod
1674 5132 1889 5188 ibidem
1923 5150 2012 5189 es-

366 5210 455 5261 set
478 5212 641 5263 extra
664 5209 1005 5281 Byzantium
1038 5213 1203 5271 locus
1234 5217 1705 5289 Byzantinorum,
1730 5224 2013 5293 quemad-

369 5297 611 5351 modum
644 5302 699 5353 et
732 5300 923 5355 Studii
956 5301 1121 5357 locus
1154 5309 1313 5359 extra
1344 5306 1548 5362 urbem
1582 5315 1726 5364 erat.

892 5409 967 5463 De
994 5409 1190 5465 Sancto
1230 5410 1487 5467 Romano.

441 5490 643 5547 jEdem
702 5493 760 5549 S.
808 5495 1055 5553 Romani
1113 5500 1377 5555 condidit
1431 5507 1634 5558 sancta
1690 5504 1925 5576 Helena,
1957 5512 2015 5562 et

372 5579 634 5652 proxime
665 5598 792 5637 eam
841 5602 1073 5641 sacrum
1124 5586 1402 5655 loculum,
1433 5590 1492 5645 in
1526 5608 1701 5662 quem
1736 5595 2014 5666 reliquias

370 5668 671 5738 prophetae
698 5672 971 5740 Danielis,
996 5676 1053 5731 S.
1077 5676 1322 5732 Romani
1344 5680 2013 5757 martyris,aliorumque

2820 1918 3042 1992 στρίων.

2178 2008 2397 2062 "Ex-tios
2445 2003 2503 2060 δὲ
2557 2006 2646 2060 καὶ
2706 2007 2805 2076 τὴν
2871 2008 3040 2079 μονὴν
3104 2010 3204 2078 τήν
3264 2006 3587 2083 Βηθλεὶμὴ
3648 2008 3778 2083 ἁγία

2124 2092 2323 2164 Ελένη.
2372 2094 2607 2169 Γαστρία
2662 2092 2719 2150 δὲ
2770 2094 3018 2150 καλεῖται
3078 2097 3251 2159 οὕτως
3284 2115 3299 2130 ⁶
3353 2098 3487 2168 αὕτη
3550 2101 3586 2168 ἡ
3647 2100 3780 2173 ἁγία

2107 2184 2299 2253 Ἐλένη
2344 2185 2618 2256 κομίσασα
2668 2184 2776 2238 ἀπὸ
2807 2184 3174 2260 Ἰερουσαλὴμ
3221 2187 3311 2241 τὸν
3369 2187 3555 2259 τίμιον
3611 2209 3783 2241 σταυ-

2109 2272 2225 2347 ρὸν,
2261 2272 2513 2347 είσήγαγε
2543 2277 2734 2327 τοῦτον
2790 2270 2878 2328 διὰ
2926 2278 3026 2339 τῆς
3074 2275 3284 2348 πόρτης
3335 2279 3431 2329 τοῦ
3482 2276 3729 2349 Ψαμαθά
3766 2296 3781 2308 ⁸

2106 2361 2197 2415 καὶ
2256 2361 2321 2415 τὰ
2379 2362 2664 2436 εὑρεθέντα
2721 2362 2921 2417 ἄνωθεν
2971 2368 3066 2417 τοῦ
3131 2369 3362 2439 σταυροῦ
3413 2367 3573 2437 κρίνα
3600 2386 3657 2419 τε
3686 2366 3781 2419 καὶ

2111 2450 2391 2524 βασιλικὰ,
2446 2450 2536 2505 καὶ
2586 2450 3018 2528 τριαντάφυλλα,
3070 2451 3160 2506 καί
3217 2454 3503 2528 σάμψυχα,
3547 2455 3781 2519 κόστους

2111 2539 2201 2592 καὶ
2238 2536 2512 2613 βάλσαμα,
2546 2538 2824 2617 ἐφύτευσεν
2860 2541 2935 2605 εἷς
2963 2541 3194 2618 γάστρας
3223 2543 3357 2616 πρὸς
3386 2543 3448 2597 τὸ
3480 2541 3779 2600 διασῶσαι.

2112 2628 2211 2682 Καὶ
2265 2626 2649 2699 ἀπληκεύσασα
2696 2628 2866 2685 ἐκεῖσε
2915 2629 2992 2694 είς
3019 2633 3116 2700 τήν
3154 2632 3350 2703 μονὴν,
3387 2630 3649 2706 ὠνόμασε
3682 2633 3782 2687 τὸν

2108 2716 2278 2772 τόπον
2310 2719 2561 2793 Γάστρια.

2110 2912 2239 2988 Περὶ
2307 2916 2405 2979 τῆς
2489 2916 2659 2987 μονῆς
2734 2914 2799 2969 τὰ
2876 2913 3249 2992 Ξυλοκέρκου,
3310 2916 3338 2971 6
3393 2917 3597 2993 ’Ἄγιος
3669 2918 3791 2973 Μέ-

2875 3008 2994 3060 μας.

2178 3075 2241 3131 Ἡ
2275 3072 2331 3129 δὲ
2366 3075 2503 3147 μονή
2554 3076 2588 3144 ἡ
2654 3073 3024 3147 Ξυλόκερκος,
3060 3078 3087 3131 6
3117 3080 3307 3150 ’Ἄγιος
3357 3076 3560 3150 Μάμας
3613 3079 3767 3153 παρὰ

2118 3171 2217 3233 τῆς
2294 3162 2539 3239 ἀδελφῆς
2624 3163 2930 3237 Μαυρικίου
3012 3164 3251 3236 ἐκτίσθη.
3310 3168 3461 3223 Μετά
3544 3168 3647 3241 γὰρ
3707 3167 3779 3221 τὸ

2121 3255 2467 3329 ἀναιρεθῆναι
2526 3252 2616 3307 τὸν
2677 3253 2973 3326 Μαυρίκιον
3045 3254 3121 3315 εἷς
3189 3256 3281 3309 τὸν
3342 3255 3643 3331 Εὐτροπίου
3690 3255 3782 3310 λιι

2124 3345 2252 3416 μένα
2302 3342 2393 3396 σὺν
2449 3344 2577 3396 πᾶσι
2638 3348 2753 3403 τοῖς
2801 3344 3015 3405 τέκνοις
3066 3343 3251 3415 αὐτοῦ,
3282 3345 3372 3398 καὶ
3403 3340 3646 3399 λαϐοῦσα
3710 3346 3783 3400 τὲ

2120 3432 2347 3504 σώματα
2419 3430 2594 3485 αὐτῶν
2672 3432 2925 3495 κατέθετο
2994 3431 3183 3489 ἐκεῖσε.
3244 3435 3359 3502 Τὴν
3437 3430 3493 3488 δὲ
3545 3440 3782 3508 γυναῖκα

2120 3521 2284 3576 αὐτοῦ
2336 3521 2424 3575 καὶ
2480 3521 2577 3582 τὰς
2634 3526 2779 3595 τρεῖς
2843 3521 3137 3595 θυγατέρας
3188 3521 3263 3583 είς
3290 3524 3387 3591 τήν
3420 3525 3590 3595 μονὴν
3645 3522 3775 3577 ἐκάο

2121 3612 2261 3666 θισεν
2326 3611 2506 3679 αὐτὰς,
2537 3611 2603 3663 τὰ
2660 3611 2791 3678 Νέα,
2825 3611 2961 3684 πρὸς
3020 3608 3204 3686 ὀλίγον
3240 3630 3253 3642 ·
3289 3611 3387 3675 εἷθ’
3416 3611 3588 3673 οὕτως
3646 3613 3779 3666 ἀπε-

2119 3699 2405 3778 κεφάλισεν
2464 3699 2626 3761 αὐτὰς
2677 3700 2873 3761 Φώκας
2905 3721 2917 3733 ·
2950 3700 3040 3755 καὶ
3098 3700 3198 3755 οὐκ
3240 3697 3359 3754 ἔασε
3407 3701 3506 3768 τήν
3547 3706 3779 3775 γυναῖκα

2122 3788 2431 3864 Μαυρικίου
2487 3796 2744 3865 ταφῆναι,
2778 3786 2904 3844 ἀλλ’
2950 3789 3025 3851 εἷς
3074 3791 3174 3857 τὴν
3233 3788 3502 3844 θάλασσαν
3556 3788 3773 3865 ἔρῥιψεν

2123 3877 2639 3957 ἀποκεφαλισθεῖσαν
2674 3896 2687 3909 '
2748 3879 2835 3933 καὶ
2914 3884 3088 3933 πᾶσαν
3148 3880 3249 3948 τήν
3316 3880 3501 3953 γενεὰν
3563 3880 3782 3951 Μαυρι-

2121 3970 2243 4023 κίου
2275 3969 2473 4029 Φώκας
2504 3962 2676 4022 ὤλεσε
2705 3972 2938 4041 πικρῶς.

2693 4056 2822 4130 Περὶ
2856 4063 2957 4125 τῆς
2984 4057 3202 4129 Χώρας.

2194 4148 2253 4204 Ἡ
2303 4146 2443 4220 μονή
2503 4148 2537 4215 ἡ
2596 4146 2760 4222 Χώρα
2818 4150 3037 4220 πρῶτον
3072 4146 3168 4217 μὲν
3201 4144 3485 4220 εὐκτὴριον
3518 4146 3609 4214 ἦν.
3644 4147 3785 4220 Κρί-

2125 4257 2257 4298 σπος
2318 4234 2375 4291 δὶ
2430 4237 2457 4290 6
2506 4231 2746 4310 ἔπαρχος
2801 4235 2890 4289 καὶ
2948 4229 3194 4310 γαμϐρὸς
3265 4239 3362 4289 τοῦ
3420 4232 3786 4297 Καππάδοκος

2124 4327 2213 4381 καὶ
2273 4328 2510 4395 ἀπηνοῦς
2571 4325 2739 4379 Φώκα
2791 4324 3125 4398 περιωρίσθη
3176 4324 3368 4395 ἐκεῖσε,
3401 4324 3483 4378 ὅτι
3543 4324 3595 4379 ἐν
3655 4326 3785 4380 ὑπο-

2126 4416 2291 4491 λήψει
2342 4418 2537 4492 γέγονε
2580 4420 2677 4469 τοῦ
2708 4412 3032 4490 Ἡρακλείου
3061 4419 3157 4469 τοῦ
3192 4412 3463 4489 βασιλέως
3521 4416 3619 4469 Καὶ
3680 4414 3781 4489 γὰρ

2125 4507 2214 4561 καὶ
2269 4508 2413 4577 αὑτῷ
2470 4506 2843 4580 συγκροτήσας
2899 4505 2927 4558 6
2983 4504 3144 4567 αὐτὸς
3195 4504 3451 4579 Κρίσπος,
3496 4505 3587 4558 καὶ
3646 4524 3785 4577 κρα-

3159 4590 3463 4668 βασιλείαν,
3529 4588 3782 4666 γαμϐρὸς

2126 4687 2413 4760 τυγχάνων
2467 4686 2635 4738 Φώκα
2667 4702 2680 4714 ⁸
2732 4682 2821 4737 καὶ
2876 4684 3011 4755 μετὰ
3055 4687 3217 4737 τοῦτο
3280 4681 3553 4757 βασιλίως
3606 4684 3785 4756 γράμ-

2129 4796 2271 4848 ματα
2316 4774 2432 4829 κατ’
2479 4771 2643 4827 αὐτοῦ
2702 4768 2991 4842 δεξάμενος
3037 4772 3064 4825 ὁ
3096 4768 3417 4845 Ἡράκλειος
3478 4768 3580 4848 ἐερη
3633 4770 3780 4841 αὐτῷ

2126 4862 2343 4927 οὕτως’
2402 4860 2612 4933 Ἀθλιε,
2673 4853 2922 4935 γαμϐρὸν
2983 4858 3081 4913 οὐκ
3154 4857 3436 4929 ἐποίησας,
3495 4860 3588 4913 καὶ
3660 4864 3781 4921 πῶς

2124 4951 2301 5021 ἀληθῆ
2355 4949 2515 5026 φίλον
2570 4950 2850 5019 ποιήσειςς
2886 4948 2983 5002 Διὰ
3034 4952 3203 5003 ταῦτα
3250 4947 3341 5003 οὖν
3394 4947 3569 5003 ἐκεῖσε
3597 4968 3782 5023 περιο-

2125 5040 2325 5114 ρισθεῖς
2382 5035 2558 5093 ἔκτισε
2610 5035 2811 5105 ταύτην
2900 5033 2975 5095 εἷς
3060 5033 3272 5097 κάλλος
3353 5033 3443 5088 καὶ
3525 5034 3777 5109 μὶγεθος.

2120 5126 2436 5198 Ἐπεκλήθη
2486 5124 2543 5180 δὲ
2594 5124 2781 5199 Χώρα,
2818 5121 2957 5178 διότι
2986 5128 3093 5177 τῶν
3127 5122 3432 5191 Βυζαντίων
3469 5123 3681 5199 χωρίον
3713 5124 3778 5191 ἦν

2124 5217 2295 5271 ἐκεῖσε
2354 5215 2452 5286 ἔξω
2507 5220 2605 5269 τοῦ
2672 5213 2989 5282 Βυζαντίου,
3047 5212 3183 5267 καθᾶ
3245 5212 3336 5267 καὶ
3386 5212 3455 5267 τὰ
3514 5209 3781 5267 Στουδίου

2123 5305 2355 5382 χωρίον,
2387 5305 2476 5360 καὶ
2508 5304 2641 5360 αὐτὸ
2685 5303 2953 5376 ὑπῆρχεν.

2542 5411 2671 5485 Περῖ
2699 5412 2799 5464 τοῦ
2822 5408 3010 5482 Ἀγίου
3041 5407 3349 5480 Ῥωμανοῢ.

2192 5503 2290 5556 Τὸν
2345 5502 2497 5577 ἅγιον
2557 5500 2833 5573 Ῥωμανὸν
2895 5500 2930 5567 ἡ
2990 5494 3116 5572 ἁγία
3168 5496 3357 5567 Ἑλένη
3417 5493 3619 5555 ἔκτισε.
3660 5500 3777 5567 Τὴν

2124 5588 2181 5645 δὲ
2223 5592 2457 5661 πλησίον
2508 5591 2675 5645 αὐτοῦ
2734 5587 2888 5663 ἁγίαν
2938 5585 3133 5659 Σορὸν,
3165 5586 3253 5639 καὶ
3292 5586 3355 5640 τὸ
3388 5584 3649 5660 λείψανον
3680 5590 3775 5640 τοῦ

2123 5679 2275 5755 ἁγίου
2322 5682 2609 5759 προφήτου
2666 5674 2894 5747 Δανιὴλ,
2950 5674 3041 5730 καὶ
3110 5677 3206 5729 τοῦ
3269 5675 3427 5751 ἁγίου
3485 5677 3770 5751 Ῥωμανοῦ
