4060 6214
327 359 481 419 1273

1452 354 1813 416 ANONYMI
1856 353 2440 426 ANTIQUITATES
2486 354 2604 415 ΟΡ.

3582 360 3739 418 1274

323 493 418 545 10-3
455 490 749 564 μάρτυρος,
771 487 863 542 καὶ
896 492 1003 541 τῶν
1051 484 1264 541 λοιπῶν
1306 491 1629 564 προφητῶν,
1661 490 1771 540 τῶν
1803 484 1973 540 ἆκεῖσε

2103 486 2529 558 )rophetarum,
2553 486 2649 556 qui
2681 486 2901 541 ibidem
2926 487 3150 557 jacent,
3174 487 3394 557 intulit,
3420 505 3484 543 ac
3514 506 3645 544 eum
3682 491 3740 545 in

324 580 587 651 κειμένων
620 581 654 648 ἡ
704 576 839 646 αὐτή
894 577 1016 653 ἁγία
1073 575 1269 645 Ἐλὲνη
1318 577 1580 651 ἀνήγαγε³
1614 575 1701 629 καὶ
1745 576 1976 639 τέθεικεν

330 668 521 725 ἐκεῖσε.
571 669 633 721 Οἱ
665 664 724 722 δὶ
770 667 941 742 ἅγιοι,
988 664 1017 719 ὅ
1073 686 1130 720 τε
1197 666 1401 739 Ἰωσήφ
1462 667 1490 720 6
1546 666 1782 735 ποιητὴς
1829 664 1917 719 καὶ
1950 666 1977 718 6

328 753 565 833 ἀδελφὸς
619 755 782 810 αὐτοῦ
834 751 1115 827 Θεόδωρος
1167 754 1195 807 6
1238 750 1534 823 Στουδίτης
1584 752 1754 807 ἐκεῖσε
1802 751 1980 815 ἐκαθέ-

330 849 515 914 ζοντο,
562 844 651 898 καὶ
709 844 926 899 ἰποίουν
984 843 1112 906 τοὺς
1185 844 1413 904 κανόνας
1471 841 1523 897 ἐν
1585 847 1701 903 τοῖς
1752 841 1979 916 χρόνοις

325 934 557 995 Λέοντος
603 937 699 988 105
753 932 1065 1008 Ἀρμενίου,
1112 932 1245 1004 μετᾶ
1305 938 1355 1010 φ’
1402 930 1493 1001 ἔτη
1543 933 1640 985 τοῦ
1696 937 1977 999 κτισθῆναι

324 1022 417 1077 τὸν
449 1023 595 1092 ναὸν,
624 1020 713 1077 ὅτε
742 1024 875 1091 ἦσαν
901 1022 1052 1077 οὗτοι
1079 1021 1131 1074 οἱ
1162 1020 1406 1091 ποιηταί.

645 1128 774 1201 Περῖ
806 1134 906 1198 τῆς
952 1130 1119 1200 μονῆς
1163 1128 1229 1182 τὰ
1269 1126 1658 1201 Μαρτινακίου.

397 1219 511 1287 Τὴν
559 1220 731 1291 μονὴν
779 1218 845 1272 τὰ
894 1217 1259 1292 Μαρτινακίοο
1318 1217 1570 1293 ἀνήγειρε
1612 1218 1978 1291 Μαρτινάκιος

324 1307 634 1383 πατρίκιον,
696 1308 723 1361 6
783 1308 926 1367 θεῖος
986 1308 1085 1375 τῆς
1164 1306 1315 1382 ἁγίας
1375 1310 1698 1383 Θεοφανοῦς,
1758 1304 1810 1360 ἐν
1866 1310 1981 1366 τοῖς

326 1396 554 1472 χρόνοις
587 1395 874 1453 Βασιλείου
900 1396 987 1450 καὶ
1021 1394 1277 1471 Μιχαήλ.

2088 574 2279 629 locum
2327 575 2623 647 deposuit.
2656 578 2939 630 Caeterum
2973 576 3032 630 S.
3066 576 3284 648 Joseph
3333 582 3500 646 poeta
3527 584 3583 633 et
3614 580 3742 649 ejus

2091 663 2267 717 frater
2298 662 2642 717 Theodorus
2674 664 2905 719 Studita
2955 665 3174 720 ibidem
3225 667 3744 722 commorabantur

2090 768 2344 806 canones
2403 757 2862 823 componentes,
2914 756 3171 824 tempore
3230 754 3438 808 Leonis
3488 756 3736 810 Armeni.

2089 840 2196 903 Qui
2229 845 2405 910 poeta:
2448 852 2581 911 post
2612 858 2800 896 annos
2831 842 3187 913 quingentos
3221 858 3253 897 a
3283 843 3513 898 condita
3559 844 3742 899 eccle-

2090 929 2177 985 sia
2207 930 2495 985 vivebant.

2337 1129 2408 1182 De
2440 1129 2770 1183 monasterio
2798 1131 3123 1196 cognomine
3154 1128 3488 1184 Martinacii.

2161 1217 2577 1272 Monasterium
2614 1216 2933 1271 Martinacii
2958 1217 3179 1272 dictum
3203 1218 3511 1274 aedificavit
3546 1218 3743 1274 Marti-

2092 1305 2293 1360 nacius
2326 1305 2632 1376 patricius,
2658 1305 2983 1361 avunculus
3016 1311 3232 1362 sanctas
3266 1307 3745 1379 Theophanonis,

2090 1398 2352 1464 tempore
2386 1394 2581 1449 Basilii
2614 1399 2670 1449 et
2706 1394 3025 1451 Michaelis.

1120 1516 1193 1571 De
1222 1519 1550 1572 monasterio
1587 1518 1684 1573 SS.
1719 1519 1927 1573 Cosmaa
1957 1522 2011 1570 ct
2039 1515 2307 1569 Damiani
2337 1514 2594 1570 Paulinae
2626 1519 2959 1586 nuncupato.

396 1613 472 1667 Τὰ
516 1610 572 1668 δὲ
614 1609 889 1683 Παυλίνης
933 1611 1145 1681 ἐκλήθη
1194 1612 1301 1666 ἀπὸ
1352 1612 1624 1668 ΙΙαυλίνου
1678 1612 1975 1686 μαγίστρου

327 1700 414 1755 ἐπὶ
468 1706 565 1756 τοῦ
622 1701 911 1778 θεοφιλοῦς
961 1698 1251 1755 Θεοδοσίου
1308 1704 1405 1754 τοῦ
1464 1704 1680 1775 μικροῦ.
1735 1699 1976 1759 Γνωστὸς

2158 1612 2405 1667 Tractus
2437 1612 2694 1667 Paulina:
2718 1614 2912 1667 dictus
2940 1629 3149 1667 nomen
3185 1613 3403 1685 accepit
3439 1631 3471 1669 a
3502 1613 3744 1668 Paulino

2089 1700 2397 1771 magistro,
2413 1705 2675 1773 tempore
2694 1701 3746 1773 piissimiTheodosiiJunioris,cujus

326 1790 428 1865 γὰρ
476 1789 638 1845 αὐτοῦ
697 1791 961 1864 ὑπῆρχεν,
1023 1791 1126 1845 Ἢν
1186 1788 1244 1843 δὲ
1291 1790 1426 1861 πρὸς
1480 1788 1643 1843 αὐτοῦ
1702 1790 1729 1843 6
1786 1788 1974 1855 τόπος,

398 1879 410 1893 .
460 1879 472 1893 .
532 1881 543 1893 .
761 1879 774 1893 ς
935 1880 947 1893 .
1075 1879 1101 1893 ν
1202 1878 1214 1893 ς
1271 1877 1281 1893 ,
1408 1879 1450 1893 ..
1623 1878 1635 1893 ,
1814 1876 1886 1893 η..

2103 1795 2212 1844 ποι
2243 1790 2573 1845 familiaris.
2610 1791 2804 1861 Ipsius
2850 1796 3045 1846 autem
3080 1798 3205 1846 erat
3233 1791 3401 1846 locus
3450 1792 3565 1859 ille,
3601 1797 3657 1845 et
3688 1792 3747 1846 in

325 1879 413 1933 καὶ
448 1879 694 1953 ἀνήγειρε
722 1879 813 1933 τὸν
861 1880 985 1933 ναὸν
1031 1879 1139 1932 τῶν
1191 1877 1360 1953 ἁγίων
1408 1878 1776 1953 Ἀναργύρων.
1812 1876 1979 1934 Οῧπω

327 1966 385 2023 δὶ
424 1967 731 2023 ἐτελείωσεν
764 1967 942 2025 αὐτόν.
1006 1966 1129 2023 Ἐπὶ
1192 1963 1249 2020 δὲ
1306 1965 1468 2021 αὐτοῦ
1528 1965 1732 2042 ηὖρὲθη
1799 1966 1978 2039 μῆλον

329 2054 571 2131 ὀπῶρας,
626 2054 784 2127 δίκην
866 2054 1079 2131 ἰπίχων
1165 2052 1362 2128 μοδίου
1432 2055 1495 2109 τὸ
1570 2054 1813 2130 μέγεθος,
1874 2054 1980 2109 ἀπὸ

325 2145 562 2220 Φρυγίας
614 2145 940 2217 κομίσαντος
986 2145 1147 2200 τοῦτό
1196 2165 1344 2206 τινος
1379 2164 1391 2177 ·
1453 2145 1541 2198 καὶ
1601 2142 1730 2198 ἰδὼν
1782 2144 1911 2197 αὐτὸ
1952 2144 1979 2197 6

328 2232 606 2310 βασιλεὺς,
666 2233 753 2289 ἐπὶ
810 2238 917 2288 τῶν
988 2234 1212 2307 ἡμερῶν
1290 2232 1453 2287 αὐτοῦ
1504 2232 1713 2308 εὑρεθὲν
1762 2237 1980 2287 τοιοῦτο

324 2322 615 2395 ἰθαῦμασε,
656 2324 746 2377 καὶ
806 2320 975 2377 ἔδωκε
1019 2327 1098 2393 τῷ
1144 2322 1503 2394 κομισαμένῳ
1550 2320 1861 2395 νομίσματα
1913 2322 1977 2394 ρ’,

322 2412 413 2465 καὶ
461 2410 770 2467 ἀπέστειλεν
806 2411 936 2465 αὐτὸ
981 2408 1221 2483 Εὐδοκίᾳ
1261 2414 1328 2484 τῇ
1382 2412 1661 2481 Ἀθηναίᾳ,
1708 2414 1775 2484 τῇ
1815 2410 1980 2464 αὐτοῦ

325 2501 567 2575 γυναικί·
621 2501 834 2571 Ἐκείνη
898 2498 953 2555 δὶ
992 2498 1278 2555 ἀπὶσσειλε
1315 2501 1450 2575 πρὸς
1497 2497 1786 2556 Παυλῖνον.
1819 2501 1879 2556 Ὀ
1925 2496 1981 2552 δὲ

328 2586 584 2663 βασιλεὺς
648 2589 856 2661 μαθὼν,
902 2590 989 2643 καὶ
1055 2583 1512 2662 ἀκριϐευσάμενος
1561 2588 1684 2663 περὶ
1724 2591 1821 2656 τῆς
1854 2586 1979 2641 τού-

323 2698 423 2733 του
454 2677 790 2746 ἀποστολῆς,
823 2678 913 2732 καὶ
961 2677 1116 2751 γνοὺς
1164 2680 1264 2748 τὴν
1311 2677 1589 2748 ἀλήθειαν,
1641 2676 1849 2746 ἐκείνην
1883 2677 1977 2750 μὶν

325 2766 576 2839 ἠμύνατο
634 2767 868 2842 ῥήμασιν
930 2766 1248 2843 αὐστηροῖς,
1300 2767 1391 2821 τὸν
1446 2764 1503 2820 δὲ
1552 2764 1820 2821 Παυλῖνον
1855 2768 1982 2841 ὥρι-

328 2876 417 2910 σεν
473 2855 836 2931 ἀνερχόμενον
896 2854 945 2909 ἐν
995 2860 1075 2927 τῷ
1131 2853 1404 2927 παλατίῳ,
1467 2855 1568 2909 ὑπὸ
1627 2852 1721 2909 δύο
1770 2852 1978 2929 ἀνδρῶν

332 2942 806 3017 μελοκοπηθῆναι.
863 2948 974 3003 Τοῦ
1033 2942 1091 2999 6‘s
1161 2945 1532 3019 ἀνερχομένου
1599 2944 1673 3005 εἷς
1731 2945 1793 2997 τὸ
1852 2964 1982 2997 σκο-

324 3035 524 3104 τεινὸν,
574 3034 674 3089 οὐκ
720 3032 1067 3105 ἠδυνήθησαν
1120 3034 1271 3089 αὗτοι
1332 3033 1521 3111 σφάξαι
1580 3030 1760 3089 αὒτόν.
1807 3031 1983 3089 Ἀλλὰ

322 3124 391 3178 τὰ
437 3124 548 3177 ὦτα
596 3123 760 3178 αὐτοῦ
809 3124 1059 3196 ἐξέκοψαν
1095 3142 1108 3157 ⁸
1142 3123 1232 3177 καὶ
1287 3122 1440 3186 εὐθὺς
1496 3120 1714 3191 ἐνόησεν
1757 3122 1784 3176 6
1836 3125 1983 3178 ῙΙαυ-

331 3215 486 3275 λῖνος
512 3213 613 3280 τὴν
646 3208 966 3281 ἐπιϐουλὴν.
1017 3215 1194 3268 Τοῦτο
1242 3212 1298 3265 όὶ
1349 3213 1528 3283 θαῦμα
1576 3212 1641 3279 ἦν
1683 3216 1789 3265 τῶν
1823 3211 1985 3285 ἁγίων

327 3301 705 3377 Ἀναργόρων,
738 3300 887 3363 ὅπως
932 3298 1197 3373 τελειώσῃ
1251 3301 1342 3354 τὸν
1397 3301 1523 3354 ναὸν
1556 3301 1754 3369 αὑτῶν,
1790 3300 1985 3357 Ἀκού-

330 3411 424 3452 σας
458 3388 515 3445 δε
544 3392 713 3445 ταῧτα
743 3392 771 3445 6
829 3389 1101 3466 βασιλεὺς,
1153 3390 1234 3444 ὅτι
1290 3389 1626 3464 ἠστόχησεν,
1674 3389 1984 3464 αἰσχυνθεὶς

325 3483 541 3548 τοῦτον,
593 3480 813 3554 ἄγνοιαν
871 3475 1275 3553 προυϐάλλετο.
1334 3476 1730 3540 Τελειώσαντος
1792 3476 1849 3532 δὲ
1895 3478 1987 3532 τὸν

332 3568 481 3638 ναὸν,
515 3566 877 3647 ἀπεκεφάλισε
904 3572 1095 3624 τοῦτον
1132 3572 1399 3644 φανερῶς.

2093 1897 2156 1936 eo
2187 1881 2493 1936 ecclesiam
2537 1882 2635 1937 SS.
2668 1884 3104 1954 Anargyrorum
3142 1888 3360 1938 Cosmae
3394 1889 3450 1937 et
3480 1882 3749 1937 Damiani

2092 1971 2418 2026 aediﬁcavit.
2453 1971 2727 2026 Nondum
2772 1977 2969 2027 autem
3003 1971 3273 2027 absoluta
3303 1977 3621 2037 structura,
3658 1987 3750 2025 rs-

2092 2062 2323 2129 pertum
2371 2058 2481 2112 fuit
2512 2075 2577 2113 eo
2609 2063 2873 2130 tempore
2904 2076 3147 2131 pomum
3199 2060 3539 2115 autumnale
3572 2058 3752 2114 modii

2094 2147 2690 2217 magnitudine,quod
2723 2164 2791 2203 ex
2822 2148 3071 2220 Phrygia
3102 2149 3343 2219 quidam
3393 2149 3463 2203 ad
3497 2149 3750 2219 impera-

2090 2242 2275 2291 torem
2316 2235 2537 2291 attulit.
2566 2237 2687 2301 Quo
2717 2236 2841 2292 viso
2896 2236 3213 2307 imperator
3244 2254 3355 2293 non
3391 2238 3614 2308 absque
3642 2237 3751 2291 ad-

2093 2326 2597 2395 miratione,quod
2628 2342 2733 2381 suo
2767 2330 3026 2397 tempore
3058 2326 3357 2381 inventum
3392 2332 3565 2392 esset,
3590 2342 3748 2391 eum,

2092 2415 2188 2485 qui
2249 2415 2546 2480 attulerat,
2599 2419 2834 2469 centum
2896 2416 3157 2469 nummis
3214 2415 3633 2481 remuneravit,
3686 2432 3751 2469 ac

2092 2503 2286 2575 ipsum
2336 2502 2598 2557 Eudociae
2650 2502 2992 2558 Atheniensi
3041 2503 3205 2559 uxori
3256 2522 3374 2559 sua:
3427 2504 3620 2568 misit;
3656 2502 3756 2557 illa

2091 2610 2226 2647 vero
2260 2593 2527 2647 Paulino.
2562 2593 2723 2657 Quod
2772 2592 2869 2646 ubi
2927 2593 3246 2664 imperator
3295 2592 3551 2657 rescivit,
3588 2608 3653 2647 ac
3686 2594 3757 2648 de

2092 2681 2330 2735 veritate
2363 2682 2575 2735 certior
2620 2680 2810 2735 factus
2841 2688 2951 2746 est,
2986 2698 3225 2737 uxorem
3258 2698 3458 2736 severa
3490 2666 3757 2735 intermi-

2094 2771 2333 2824 natione
2388 2769 2729 2839 increpavit,
2760 2770 3076 2824 Paulinum
3111 2786 3245 2825 vero
3297 2770 3581 2841 palatium
3616 2770 3755 2823 sub-

2092 2862 2326 2914 euntem
2378 2876 2410 2913 a
2462 2858 2697 2913 duobus
2748 2858 3104 2913 satellitibus
3151 2858 3489 2913 obtruncari
3536 2855 3755 2927 jussit;

2094 2964 2269 3018 quem
2305 2951 2501 3001 tamen
2534 2947 2593 3001 in
2642 2946 2901 3002 tenebris
2946 2946 3227 3017 palatium
3263 2947 3621 3018 ingressum,
3655 2946 3757 2999 ab-

2094 3035 2298 3090 seissis
2328 3035 2519 3089 solum
2563 3035 2831 3100 auribus,
2864 3052 2979 3089 non
3029 3039 3347 3105 potuerunt
3398 3034 3755 3100 interﬁcere;

2096 3129 2149 3179 et
2183 3123 2335 3178 illico
2384 3124 2509 3195 ipse
2562 3140 2624 3179 se
2675 3123 2913 3178 insidiis
2963 3123 3429 3178 circumventum
3483 3123 3660 3177 novit.
3696 3122 3756 3175 Id

2016 3195 2058 3261 (δ
2100 3230 2269 3284 porro
2328 3213 2543 3267 accidit
2603 3212 2753 3268 mira
2805 3212 2907 3268 SS.
2939 3215 3376 3284 Anargyrorum
3424 3214 3642 3265 Cosme:
3702 3215 3759 3263 et

2096 3300 2365 3357 Damiani
2401 3318 2530 3372 ope,
2567 3306 2630 3356 ut
2661 3318 2861 3357 eorum
2899 3301 3186 3371 templum
3224 3300 3544 3370 perﬁceret.
3580 3298 3759 3366 Impe-

2098 3395 2256 3445 rator
2288 3395 2484 3445 autem
2539 3389 2876 3456 intelligens
2906 3407 2936 3444 a
2971 3406 3145 3461 scopo
3180 3389 3513 3443 absrratum
3550 3387 3753 3453 fuisse,

2097 3496 2212 3550 prie
2257 3480 2497 3550 pudore,
2534 3479 2681 3533 nihil
2735 3479 2845 3533 sibi
2901 3478 3009 3533 hac
3043 3480 3113 3533 de
3145 3495 3206 3533 re
3236 3478 3538 3549 cognitum
3573 3476 3755 3529 fuisse

2096 3568 2418 3624 simulavit.
2453 3568 2669 3623 Verum
2721 3566 2990 3623 absoluto
3035 3567 3255 3637 templo
3287 3566 3390 3621 SS.
3423 3568 3751 3636 Anargyro-

2097 3674 2251 3727 rum,
2282 3657 2392 3727 ipsi
2426 3660 2603 3727 caput
2632 3656 2824 3728 palam
2860 3656 3153 3727 amputari
3179 3654 3384 3726 jussit.

759 3779 833 3833 De
862 3793 1019 3833 muro
1048 3776 1373 3833 occidentali
1401 3793 1745 3849 magnarum
1772 3784 2078 3848 portarum,
2112 3784 2352 3847 tempore
2386 3775 2577 3830 Leonis
2607 3776 2954 3845 imperatoris
2986 3776 3315 3829 instaurata.

394 3873 469 3927 Τὰ
523 3872 683 3947 τείχη
728 3881 826 3943 τῆς
880 3872 1098 3935 πόλεως
1146 3878 1253 3928 τῶν
1306 3873 1557 3948 μεγάλων
1608 3878 1851 3948 πορτῖυν,
1882 3880 1983 3942 τῆς

326 3958 529 4025 δόσεως
570 3960 655 4016 ἐπὶ
710 3960 939 4024 Λέοντος
987 3966 1083 4017 τοῦ
1132 3961 1374 4037 μεγάλου
1422 3961 1511 4015 καὶ
1563 3956 1816 4023 εὐσεϐοὖς
1857 3960 1981 4015 ἆνε-

323 4051 596 4121 καινίσθη,
630 4050 719 4105 ὅτε
749 4051 838 4105 καὶ
890 4049 1231 4106 ἒλιτάνευσαν
1272 4050 1361 4105 καὶ
1412 4050 1495 4119 τὸ,
1530 4048 1697 4125 Κύριε
1729 4048 1981 4119 ἐλὲησον,

2166 3874 2312 3930 Muri
2374 3874 2537 3930 urbis
2595 3873 2988 3929 occidentales
3043 3888 3389 3944 magnarum
3445 3876 3747 3943 portarum

2092 3964 2204 4018 sub
2237 3964 2425 4018 Leone
2459 3963 2668 4034 Magno
2717 3980 2783 4018 ac
2834 3962 2929 4033 pio
2963 3962 3222 4017 renovati
3261 3965 3421 4028 sunt,
3453 3977 3567 4031 quo
3600 3966 3748 4015 tem-

2091 4069 2229 4123 pore
2280 4051 2633 4123 supplicatio
2694 4052 2918 4122 habita,
2980 4068 3045 4106 ac
3105 4049 3526 4122 quadragesies
3583 4051 3750 4121 Kyrie

324 4140 727 4215 τεσσαράκοντα
759 4136 1069 4210 ίξεϐόησαν,
1113 4139 1202 4194 καὶ
1249 4141 1277 4193 6
1336 4136 1513 4211 δῆμος
1561 4143 1669 4193 τῶν
1700 4137 1979 4213 ΙΙρασίνων

2103 4142 2316 4209 :lez’son,
2379 4140 2811 4195 conclamatum
2867 4144 2975 4207 est,
3035 4139 3437 4193 succlamante
3495 4136 3746 4191 factione

325 4224 550 4302 ἔκραξαν
636 4226 809 4291 οὕτως
846 4248 858 4261 ·
936 4227 1124 4299 Ἐλένη
1234 4228 1321 4283 καὶ
1406 4233 1807 4291 Κωνσταντῖνος
1888 4228 1978 4281 καὶ

323 4314 610 4378 Θεοδόσιος
673 4316 749 4378 εἷς
803 4318 1002 4393 κράτος
1063 4315 1413 4387 ἱδικήθησαν.
1463 4317 1636 4379 Οὗτος
1671 4314 1727 4372 δὶ
1784 4316 1979 4389 ἐνομο-

326 4405 519 4476 θέτησε
545 4407 643 4475 τὴν
668 4406 822 4482 ἁγίαν
854 4408 1123 4482 Κυριακήν
1156 4406 1389 4483 ἀπραξίᾳ
1416 4412 1696 4479 τιμᾶσθαι.

579 4514 705 4587 Περὶ
737 4514 804 4568 τὰ
831 4514 1017 4589 τείχῃ,
1042 4516 1109 4569 τὰ
1138 4514 1273 4589 πρὸς
1302 4514 1400 4583 τήν
1436 4511 1725 4576 θάλασσαν.

398 4601 480 4657 Τὰ
517 4602 702 4676 τείχη,
756 4602 821 4656 τὰ
877 4603 1014 4678 πρὸς
1065 4603 1165 4671 τὴν
1219 4600 1489 4664 θάλασσαν
1539 4597 1663 4656 ὄντα
1712 4601 1975 4656 ἀνεκαινί-

296 4692 525 4761 ,σθησαν
586 4692 849 4767 πρότερον
930 4691 1034 4746 ὑπὸ
1108 4686 1356 4765 Τιϐερίου
1439 4689 1799 4766 Ἀψιμάρου·
1875 4688 1978 4752 ἓως

321 4780 424 4854 γὰρ
484 4779 650 4833 αὐτοῦ
737 4778 1065 4853 ἧμελημένα
1150 4779 1443 4855 ἐτύγχανον
1515 4782 1677 4835 πάνυ.
1738 4780 1869 4837 Εἶτα
1921 4777 1980 4834 ἐκ

324 4865 577 4942 δευτέρου
607 4868 935 4924 ἀνεκαίνισεν
964 4869 1099 4924 αὐτὰ
1137 4868 1423 4946 Θεόφιλος.

628 4975 757 5049 Περὶ
782 4978 878 5029 τοῦ
905 4974 1119 5049 Πόργου
1148 4978 1245 5028 τοῦ
1278 4974 1659 5048 Κεντηναρίου.

393 5060 489 5124 Εἷς
526 5058 583 5117 δὲ
628 5062 721 5117 τὸν
768 5062 971 5139 πύργον
1014 5064 1076 5118 τὸ
1120 5064 1479 5138 Κεντηνάριον
1535 5060 1717 5133 ἔξοδος
1768 5062 1980 5137 ἰγὲνετο

322 5148 537 5220 πολλὴ.
583 5156 821 5225 Σεισμοῦ
870 5150 927 5207 δὲ
978 5154 1273 5228 γενομᾶνου
1326 5152 1415 5207 καὶ
1467 5154 1828 5227 χαλάσαντος,
1857 5150 1982 5221 ἀνή-

318 5259 495 5315 γειρεν
529 5240 687 5296 αὐτὸν
718 5240 1007 5317 Θεόφιλος,
1031 5242 1103 5303 ὡς
1137 5241 1322 5317 ὁρᾶται
1360 5237 1577 5315 μικρός.

854 5420 928 5473 Τὰ
954 5417 1055 5491 ἔξω
1090 5421 1450 5493 μοναστήρια.

392 5510 453 5566 Ἦ
500 5507 557 5564 δὲ
608 5510 1070 5585 Ἀχειροποιήτης
1119 5508 1337 5581 ὖκτίσθη
1389 5511 1534 5585 παρά
1580 5513 1677 5564 τοῦ
1730 5510 1982 5584 Μεγάλου

322 5600 729 5654 Κωνσταντίνου
786 5597 864 5661 εἷς
920 5601 983 5655 16
1040 5600 1355 5668 καθάζεσθαι
1410 5594 1706 5673 ’Δϐράμιον
1754 5598 1845 5653 τὸν
1883 5620 1982 5671 μο-

318 5689 487 5765 ναχὸν
518 5686 712 5745 ἒκείσε.
747 5689 841 5744 Διὸ
872 5688 961 5745 καὶ
992 5686 1203 5760 ἐκλήθη
1241 5683 1564 5765 Ἀϐραμίου,

2090 4228 2334 4284 Prasina
2362 4245 2374 4283 :
2410 4230 2633 4295 Helena,
2670 4230 3065 4284 Constantinus
3096 4236 3147 4281 et
3173 4226 3494 4281 Theodosius
3519 4241 3748 4296 prorsus

2088 4319 2219 4373 victi
2257 4322 2407 4372 sunt.
2441 4322 2721 4372 Caeterum
2772 4318 2869 4372 hic
2920 4316 3046 4387 lege
3081 4315 3349 4380 sancivit,
3386 4318 3450 4369 ut
3480 4314 3603 4369 dies
3633 4313 3749 4368 Do-

2090 4406 2304 4462 minica
2335 4406 2535 4461 feriata
2567 4405 2872 4462 coleretur.

2598 4514 2671 4569 De
2703 4516 2878 4567 muris
2909 4513 3227 4567 maritimis.

2161 4604 2356 4659 Muros
2388 4603 2718 4659 maritimos
2763 4608 2933 4657 antea
2965 4602 3197 4674 penitus
3252 4600 3549 4670 neglectos
3578 4600 3747 4655 Tibe-

2091 4693 2216 4748 rius
2246 4693 2589 4764 Apsimarus
2623 4692 3014 4747 reasdilicavit.
3045 4690 3265 4747 Deinde
3298 4691 3536 4747 eosdem
3568 4689 3753 4745 Theo-

2092 4780 2290 4854 philus
2322 4780 2580 4837 secundo
2611 4780 2981 4836 restauravit.

2462 4980 2535 5034 De
2561 4987 2712 5034 turre
2740 4980 3136 5035 Centenarium
3172 4986 3374 5034 vocata.

2165 5068 2371 5123 'lurris
2403 5068 2746 5141 cognomine
2777 5067 3187 5123 Centenarium
3230 5067 3465 5138 magnis
3497 5064 3753 5135 sumpti-

2095 5158 2204 5212 bus
2235 5162 2529 5212 exstructa
2562 5157 2713 5211 fuit:
2748 5156 2847 5211 illa
2879 5162 3073 5212 autem
3109 5160 3440 5210 terraemotu
3470 5151 3748 5223 collapsa,

2096 5262 2328 5318 parvam
2378 5246 2549 5316 hanc,
2582 5251 2647 5301 ut
2693 5246 2891 5302 videre
2941 5246 3094 5311 licet,
3143 5240 3511 5298 reaediﬁcavit
3559 5240 3750 5295 Theo-

2094 5334 2313 5407 philus.

2478 5428 2556 5480 De
2586 5423 2936 5479 monasteriis
2964 5429 3127 5476 extra
3158 5420 3368 5474 urbem.

2166 5512 2586 5569 Monasterium
2613 5513 3030 5581 Acbiropoetes
3061 5508 3281 5563 dictum
3315 5507 3580 5564 condidit
3602 5508 3751 5562 Con-

2095 5604 2393 5657 stantinus
2433 5601 2704 5673 Magnus,
2739 5604 2804 5654 ut
2846 5596 3192 5653 Abramium
3226 5597 3582 5653 monachum
3615 5595 3751 5651 istic

2096 5690 2433 5758 collocaret;
2467 5691 2621 5747 unde
2648 5687 2912 5746 Abramii
2945 5685 3401 5759 appellationem
3432 5684 3709 5757 sumpsit.
