4060 6214
290 378 449 440 1275

888 503 961 557 De
991 500 1349 557 Hebdomodo.

362 594 665 667 Templum
722 591 1039 662 oblongum
1109 590 1473 644 llebdomum
1538 587 1940 655 nuncupatum

296 686 586 744 exstruxit
642 681 1064 739 Constantinus
1124 678 1371 749 Magnus
1430 678 1487 730 in
1551 676 1827 729 honorem
1886 672 1946 726 S.

295 775 543 833 Joannis
574 771 873 842 Theologi.
906 766 1214 838 Templum
1248 771 1464 831 autem,
1494 765 1743 820 rotundo
1778 766 1946 826 tecto,

300 865 541 921 conchis
585 864 940 917 instructum
994 856 1255 911 condidit
1285 854 1649 910 Theodosius
1680 852 1949 923 Magnus,

299 972 363 1010 ac
415 950 765 1009 Praecursori
817 945 1211 1017 nuncupavit;
1265 961 1330 999 eo
1387 944 1542 1015 quod
1594 942 1721 1014 ipso
1766 941 1949 1010 impe-

301 1048 467 1098 rante
508 1042 685 1111 caput
724 1034 971 1092 Joannis
1005 1033 1386 1089 Praecursoris
1434 1030 1674 1085 allatum
1728 1030 1949 1095 fuisset,

305 1132 458 1204 quod
494 1130 552 1184 in
590 1126 884 1182 Hebdomo
916 1122 1202 1179 suburbio
1223 1125 1527 1192 exceptum
1561 1120 1619 1174 in
1647 1118 1953 1175 ecclesiam

304 1222 363 1276 S.
395 1218 639 1274 Joannis
670 1213 925 1285 theologi
976 1229 1095 1267 una
1144 1228 1277 1267 cum
1325 1208 1591 1265 Nectario
1624 1207 1956 1279 patriarcha

305 1307 595 1380 deposuit.
632 1304 852 1360 Deinde
893 1319 1028 1357 vero
1063 1301 1310 1355 Ruﬁnus
1356 1300 1636 1370 magister
1667 1296 1957 1368 persuasit

302 1395 643 1469 imperatori
704 1398 770 1448 ut
826 1396 1114 1463 templum
1170 1390 1229 1443 S.
1269 1389 1516 1443 Joannis
1575 1387 1957 1442 Praecursoris

304 1489 692 1550 construeret,
726 1483 786 1539 in
834 1498 951 1553 quo
981 1480 1247 1551 eiusdem
1285 1494 1519 1534 sacrum
1569 1483 1745 1549 caput
1790 1493 1955 1548 repo-

304 1580 562 1632 neretur.

572 1664 644 1718 De
672 1661 902 1718 ecclesia
934 1660 1028 1715 SS.
1063 1660 1322 1730 Deiparac
1351 1659 1421 1713 ad
1450 1660 1693 1713 Fontem.

376 1752 694 1809 Ecclesiam
726 1751 826 1807 SS.
859 1749 1121 1819 Deiparze
1166 1749 1237 1804 ad
1284 1749 1547 1814 Fontem,
1581 1745 1954 1802 Justinianus

1252 365 1648 427 APPENDIX
1695 364 1799 422 AD
1851 356 2313 421 MICHAELEM
2358 351 2744 416 PSELLUM.

1974 492 2029 559 Α

3552 341 3713 402 1276

2587 481 2721 557 Ηερὶ
2755 482 2852 534 τοῖ’)
2882 472 3178 549 Ἐϐδὸμου.

2135 577 2204 631 Τὸ
2239 571 2296 629 δὲ
2326 568 2601 645 Ἐϐδομον
2636 571 2663 624 6
2710 567 2976 645 δρομικὸς
3020 566 3142 626 ναὸς
3182 563 3395 633 ἐκτίσθη
3436 561 3581 635 παρᾶ
3608 565 3708 615 τοῦ

2058 664 2314 740 Μεγάλου
2366 660 2772 717 Κωνσταντίνου
2824 657 2901 720 εἷς
2940 652 3111 729 ὄνομα
3170 658 3266 709 τοῦ
3324 652 3477 726 ἁγίου
3519 650 3705 706 Ἰωάνα

2059 739 2164 809 νου
2210 758 2308 808 τοῦ
2364 750 2663 825 Θεολόγου.
2717 750 2778 806 Ὀ
2836 744 2893 801 δὲ
2946 743 3444 821 στρογγυλόστεγος
3490 740 3617 800 ναὸς
3677 739 3706 791 6

2061 840 2203 919 ἔχων
2236 843 2333 905 τὰς
2373 841 2602 915 κόγχας.
2654 836 2942 910 ὠνομὲσθη
2992 832 3337 910 Ηρόδρομος,
3368 831 3458 885 καὶ
3484 829 3702 919 ἐκτίσθη

2060 932 2206 1006 παρᾶ
2233 935 2329 986 τοῦ
2364 927 2622 1004 Μεγάλου
2673 923 2967 983 Θεοδοσίου
3000 944 3014 956 ο
3067 921 3207 978 διότι
3250 923 3302 976 ἐν
3334 926 3450 983 τοῖς
3479 918 3707 1006 χρόνοις

2062 1004 2227 1076 αὐτοῦ
2285 1023 2320 1091 ἡ
2382 1019 2511 1094 ἁγία
2576 1015 2788 1095 κεφαλὴ
2846 1018 2943 1069 τοῦ
2996 1009 3323 1089 Προὸρόμου
3381 1008 3552 1083 ἤχθη,
3619 1004 3709 1095 καὶ

2066 1108 2309 1180 ἐδέξαντο
2358 1109 2530 1177 αὐτὴν
2581 1094 2659 1168 είς
2705 1106 2768 1160 τὸ
2826 1097 3126 1175 Ἐὄδομον,
3182 1099 3275 1155 καὶ
3325 1099 3581 1153 ἀπέθεντο
3634 1094 3714 1156 εἷς

2062 1202 2156 1255 τὸν
2184 1198 2309 1254 ναὸν
2361 1202 2458 1252 τοῦ
2504 1194 2778 1269 Θεολογοῦ
2835 1191 2969 1265 μετὰ
3014 1189 3306 1264 Νεκταρίου
3338 1186 3711 1261 Πατριάρχου.

2064 1291 2126 1346 Ὀ
2183 1286 2241 1342 δὲ
2329 1286 2621 1362 μάγιστρος
2705 1283 2984 1358 Ῥουφῖνος
3067 1274 3247 1332 ἔπεισε
3326 1274 3414 1329 τὸν
3487 1270 3717 1346 βασιλέα

2063 1379 2240 1433 κτίσαι
2301 1377 2427 1430 ναὸν
2487 1372 2583 1429 τοῦ
2660 1368 3007 1448 Προὸρόμου,
3086 1366 3162 1429 είς
3217 1365 3282 1420 τὸ
3336 1369 3556 1433 τεθῆναι
3611 1360 3711 1427 τήν

2066 1467 2217 1541 ἁγίαν
2248 1466 2414 1521 αὑτοῦ
2443 1464 2632 1537 κάραν,

2634 1639 2765 1715 Περὶ
2794 1644 2893 1707 τῆς
2928 1641 3140 1711 Πηγῆς.

2140 1737 2255 1806 Τὴν
2318 1732 2376 1789 δὲ
2446 1733 2632 1808 Πηγὴν
2692 1727 2895 1784 ἔκτισεν
2949 1721 3334 1785 Ἰουστινιανὸς
3390 1720 3417 1774 6
3476 1716 3714 1808 Μέγαςᾼ·

307 1858 560 1915 magnus
602 1838 928 1895 aediﬁcavit.
961 1804 1106 1893 Cum
1151 1838 1308 1892 enim
1340 1804 1656 1907 aliquando
1690 1835 1749 1890 in
1779 1835 1959 1889 Thra-

2086 1828 2147 1889 εἰς
2195 1804 2258 1880 τὸ
2306 1804 2614 1898 κυνηγῆσαι
2666 1817 3019 1894 ἐξερχόμενος
3065 1814 3140 1875 εἷς
3189 1812 3288 1915 την
3338 1808 3575 1913 Θρᾴκην,
3610 1804 3717 1914 εἶδε

307 1932 456 1989 ciam
485 1933 761 1986 venatum
815 1929 947 1993 iret,
980 1932 1037 1983 et
1065 1943 1134 1981 ex
1182 1926 1293 1982 hoc
1340 1925 1581 1997 templo,
1613 1925 1765 1993 quod
1817 1930 1957 1979 tunc

307 2036 553 2093 parvum
586 2017 904 2074 oratorium
956 2032 1022 2071 ac
1064 2014 1240 2071 unius
1289 2014 1559 2070 monachi
1592 2014 1956 2069 domicilium

307 2114 452 2175 erat,
474 2123 747 2180 magnam
771 2105 990 2160 videret
1017 2104 1246 2175 prodire
1270 2104 1470 2175 populi
1497 2102 1956 2171 multitudinem,

306 2196 690 2267 interrogavit
712 2195 995 2266 quidnam
1029 2193 1173 2248 illud
1207 2198 1378 2249 esset.
1407 2193 1729 2263 Respondit
1760 2198 1958 2248 autem

310 2285 638 2357 Strategius
691 2283 970 2355 magister
997 2288 1054 2337 et
1084 2286 1284 2337 custos
1316 2282 1637 2353 imperialis
1680 2281 1958 2353 pecuniae,

311 2375 529 2429 fontem
565 2374 645 2428 ibi
674 2388 804 2427 esse
833 2371 1065 2426 morbos
1099 2375 1430 2425 sanantem.
1453 2371 1614 2425 Tunc
1648 2369 1963 2439 imperator

312 2463 702 2519 admiratione
732 2461 977 2516 allectus
1009 2459 1160 2514 hanc
1188 2458 1492 2514 ecclesiam
1538 2475 1606 2513 ex
1649 2456 1961 2529 superﬂuis

313 2558 532 2624 Magnae
563 2550 821 2606 ecclesiae
862 2548 1148 2613 materiis,
1179 2547 1398 2603 exstrui
1431 2548 1676 2602 curavit.

420 2657 495 2711 Dc
523 2656 882 2711 monasteriis
911 2652 1065 2709 ultra
1092 2656 1321 2722 fretum,
1354 2658 1404 2708 et
1434 2654 1498 2708 de
1526 2655 1857 2709 monasterio

1012 2724 1269 2779 Picridiz'.

385 2813 803 2870 Monasterium
848 2813 1081 2867 Picridii
1141 2813 1449 2867 aediﬁcavit
1496 2813 1785 2869 Picridius
1832 2813 1964 2885 qui-

318 2906 452 2960 dam
484 2902 885 2959 cubicularius
914 2908 1174 2972 tempore
1206 2902 1381 2956 Irenaa
1412 2902 1635 2957 Atticae.

593 3012 672 3063 De
704 3009 1035 3063 monasterio
1065 3008 1505 3064 Armamcntarii
1531 3009 1691 3065 dicto.

387 3096 809 3153 Monasterium
862 3097 921 3152 S.
974 3096 1467 3166 Panteleemonis,
1516 3098 1967 3154 Armamentarii

316 3187 687 3260 cognomine,
732 3185 988 3257 primum
1043 3187 1154 3241 sub
1205 3186 1481 3242 Mauricio
1532 3194 1963 3243 armamentum
2000 3217 2042 3285 Ο

315 3280 458 3332 erat.
485 3276 621 3331 Post
651 3292 838 3330 annos
868 3290 1001 3330 vero
1034 3275 1316 3330 ducentos
1339 3276 1728 3348 quadraginta
1749 3281 1807 3332 et
1838 3281 1963 3332 octo

316 3366 622 3420 Theodore.
642 3362 949 3435 Theophili
983 3380 1126 3419 uxor
1154 3364 1212 3418 in
1238 3365 1659 3420 monasterium
1693 3367 1961 3434 mutavit,

316 3454 642 3525 multisque
674 3452 1147 3525 possessionibus
1177 3454 1399 3509 ditavit.

954 3543 1030 3597 De
1069 3543 1318 3599 castello.

387 3630 705 3688 Castellum
736 3631 846 3687 hoc
892 3632 1065 3686 modo
1116 3634 1417 3689 conditum
1452 3639 1509 3689 et
1538 3650 1749 3690 nomen
1784 3635 1966 3689 sorti-

316 3726 443 3776 tum
478 3724 584 3775 est.
619 3719 889 3775 Tiberius
918 3720 1180 3775 Mauricii
1211 3739 1375 3778 socer
1404 3723 1707 3778 castellum
1742 3740 1808 3778 ac
1838 3740 1968 3778 mu-

320 3809 653 3863 nimentum
715 3808 964 3863 navibus
1023 3811 1328 3878 exstruxit,
1361 3830 1427 3868 eo
1477 3814 1629 3883 quod
1661 3811 1969 3884 Cbaganus

322 3896 709 3968 Bulgarorum
741 3896 1010 3969 princeps
1039 3898 1362 3970 irruptione
1386 3900 1441 3954 in
1467 3901 1769 3957 Thraciam
1795 3903 1966 3959 facta.

321 3984 519 4041 omnia
568 3985 636 4039 ad
697 3991 895 4055 portas
946 4003 1127 4056 usque
1175 3989 1308 4059 igne
1366 4005 1432 4044 ac
1487 3990 1638 4045 ferro
1695 3994 1967 4061 vastaret,

322 4074 479 4129 unde
511 4072 781 4129 Tiberius
822 4091 1024 4131 muros
1067 4076 1305 4133 castello
1356 4078 1627 4146 munivit,
1662 4079 1759 4134 ubi
1793 4097 1970 4136 naves

323 4159 589 4216 inclusit.

364 4272 367 4273 ν
754 4257 831 4307 De
861 4252 977 4307 loco
1004 4254 1180 4309 Hierii
1207 4263 1543 4327 nuncupata.

397 4340 461 4394 In
495 4338 622 4395 loco
655 4342 1002 4412 cognomine
1050 4342 1225 4398 Hierii
1259 4349 1422 4400 trans
1454 4346 1667 4401 fretum
1699 4346 1971 4401 sacerdo-

325 4428 401 4482 tis
433 4430 744 4498 cujusdam
777 4430 1077 4487 colebatur
1106 4436 1321 4497 statua,
1358 4434 1594 4489 nomine
1625 4434 1772 4491 Irus.
1805 4434 1970 4490 Dice-

324 4515 542 4569 bantur
588 4514 764 4573 etiam
796 4523 855 4574 et
886 4520 1061 4591 Herii,
1095 4523 1250 4593 quod
1282 4522 1500 4577 ibidem
1533 4528 1735 4578 essent
1787 4524 1973 4578 multa

323 4603 627 4675 sepulcra;
655 4607 869 4662 etenim
893 4609 1106 4664 civium
1132 4627 1373 4683 corpora
1398 4611 1476 4665 ibi
1512 4610 1980 4667 tumulabantur.

325 4691 550 4748 Ibidem
580 4711 713 4749 vero
756 4696 1061 4752 ecclesiam
1108 4699 1370 4754 condidit
1400 4700 1819 4756 Constantinus
1850 4701 1974 4755 Ma-

324 4797 501 4853 gnus.
554 4784 836 4840 Cancrum
890 4788 1143 4855 primum
1202 4788 1285 4843 ibi
1343 4788 1627 4845 habitavit
1673 4795 1731 4845 et
1779 4790 1977 4846 docuit

324 4871 385 4927 S.
420 4872 686 4929 Andreas
717 4874 1034 4946 apostolus,
1055 4877 1153 4949 qui
1182 4877 1391 4933 deinde
1420 4884 1691 4934 sanctum
1719 4879 1975 4952 Stacbyn

329 4960 620 5017 ordinavit
653 4962 1015 5034 episcopum.

676 5073 757 5125 De
784 5074 838 5127 .9.
875 5072 1031 5128 [rene
1057 5076 1379 5143 cognomine
1405 5076 1631 5132 Galala.

399 5156 655 5213 Ecclesia
694 5158 753 5215 S.
791 5160 987 5217 Irenes
1036 5162 1259 5233 Galate,
1295 5164 1379 5219 sic
1426 5170 1630 5221 vocata
1682 5170 1772 5221 est
1802 5182 1833 5220 a
1862 5165 1972 5221 Ga-

325 5246 542 5302 latione
591 5249 843 5319 quodam
904 5251 983 5305 ibi
1042 5252 1369 5308 habitante.
1419 5254 1700 5309 Caeterum
1750 5255 1803 5307 S.
1856 5260 1973 5308 An-

328 5337 498 5391 dreas
527 5336 870 5408 Byzantium
917 5357 1043 5396 cum
1079 5342 1353 5408 venisset,
1386 5343 1699 5398 exstructis
1742 5343 1802 5398 in
1849 5342 1976 5399 loco

329 5424 613 5479 Harmatii
668 5427 822 5483 dicto
878 5430 1125 5501 aedibus,
1186 5429 1306 5485 illic
1360 5430 1662 5485 habitavit.
1720 5430 1979 5503 Sculpsit

328 5513 504 5569 etiam
564 5516 798 5587 propria
851 5534 1025 5572 manu
1078 5534 1311 5574 crucem
1362 5534 1429 5572 ex
1476 5518 1690 5590 lapide,
1732 5519 1977 5575 colloca-

326 5602 527 5675 vitque
587 5602 646 5657 in
707 5604 952 5662 ecclesia
1007 5608 1185 5663 veteri
1241 5611 1297 5661 Β.
1358 5609 1574 5663 Irenes.
1633 5606 1852 5663 Deinde
1918 5607 1976 5662 in

329 5689 605 5747 Neorium
651 5694 1079 5766 commigravit,
1128 5695 1239 5751 hoc
1286 5698 1375 5752 est
1420 5694 1479 5752 in
1526 5695 1819 5768 porticum
1850 5712 1978 5772 quas

2074 1916 2211 1973 λαοῦ
2260 1895 2474 1979 πλῆθος
2534 1910 2733 1972 ἐκεῖθεν
2784 1906 3160 1980 ἐξερχόμενον,
3221 1900 3375 1962 ὄντος
3426 1895 3719 1969 εὐκτηρίου

2071 2008 2292 2081 μικροῦ,
2326 2002 2418 2057 καὶ
2466 2000 2582 2061 ἑνὸς
2623 1996 2990 2069 καθεζομένου
3043 1993 3312 2066 μοναχοῦ,
3357 1988 3446 2043 καὶ
3494 1983 3721 2061 ἠρώτη-

2069 2075 2215 2149 σεν’ὁ
2259 2088 2537 2163 βασιλεὺς,
2588 2086 2640 2142 τί
2689 2085 2879 2154 ἐστινς
2930 2085 2957 2139 6
3008 2079 3066 2137 δὲ
3112 2080 3447 2153 Στρατήγιος
3497 2076 3525 2130 ὁ
3558 2075 3724 2163 μαγι-

2070 2203 2228 2258 στρος
2262 2162 2296 2235 γὸ
2329 2177 2500 2258 φύλαξ
2551 2181 2658 2231 τῶν
2711 2172 3008 2249 βασιλικῶν
3054 2170 3357 2246 χρημάτων
3396 2168 3539 2221 εἷπεν
3574 2162 3724 2233 αὐτῷ

2071 2253 2153 2326 ὅτι
2186 2273 2221 2339 ἡ
2254 2253 2406 2343 πηνὴ
2446 2271 2553 2321 τῶν
2608 2264 2852 2337 ἷαματων
2908 2261 3039 2318 ἐστί.
3086 2260 3218 2313 Τότε
3256 2254 3534 2328 θαυμάσας
3562 2253 3593 2307 ὁ
3628 2253 3723 2327 βα-

2072 2360 2251 2422 σιλεὺς
2303 2352 2505 2413 ἔκτισεν
2589 2353 2756 2423 αὐτὴν
2829 2351 2889 2407 ἐκ
2957 2355 3066 2405 τῶν
3115 2346 3557 2424 περισσευμάτων
3616 2348 3721 2410 τῆς

2072 2447 2335 2526 Μεγάλης
2369 2446 2683 2517 ἐκκλησίας.

2074 2646 2204 2721 Περὶ
2262 2650 2369 2701 τῶν
2435 2639 2817 2717 μοναστηρίων
2886 2636 2993 2721 τῷν
3065 2635 3392 2707 περατικῶν,
3444 2628 3535 2683 καὶ
3594 2628 3724 2700 περὶ

2516 2717 2615 2783 τῆς
2650 2706 2716 2768 id
2756 2706 3042 2783 Πικριδίου
3077 2706 3272 2779 μονῆς.

2145 2807 2226 2863 Τὰ
2278 2800 2568 2879 ΙΙικριδίου
2612 2804 2647 2872 ἡ
2725 2799 2865 2874 μονή
2941 2795 3156 2865 ἐκτίσθη
3238 2790 3383 2868 παρὰ
3435 2784 3726 2879 Πικριὸίου

2075 2897 2222 2959 τινὸς
2247 2878 2571 2950 κοιτώνίτου
2602 2891 2653 2946 ἐν
2699 2894 2818 2951 τοῖς
2869 2887 3094 2962 χρόνοις
3134 2883 3375 2955 Εἲρήνης
3407 2878 3722 2949 Ἀθηναίας.

2522 2998 2653 3073 Περὶ
2682 2995 2750 3051 τὰ
2780 2988 3277 3069 Ἀρμαμενταρίου.

2147 3093 2222 3146 Τὰ
2267 3086 2743 3166 Ἀρμαμενταρίου
2791 3087 2826 3154 ἡ
2882 3082 3045 3157 μονὴ,
3098 3080 3127 3133 ὀ
3172 3080 3370 3153 Ἀγιος
3418 3073 3729 3166 Ῑξαντξλεήῖ

2084 3202 2223 3255 μων,
2274 3162 2491 3254 πρῶτον
2542 3162 2631 3233 ἰπὶ
2682 3173 2988 3249 Μαυρικίου
3036 3164 3519 3255 ἀρμαμὲντονᾼῆν.
3578 3162 3735 3255 Μετὰ

2082 3251 2140 3325 δὲ
2192 3251 2429 3345 χρόνους
2488 3272 2616 3339 σμη¹
2666 3260 2919 3337 Θεοδώρα
2964 3262 3000 3329 ἡ
3049 3257 3188 3333 γυνὴ
3237 3251 3505 3345 Θεοφίλου
3558 3252 3727 3324 μονήν

2073 3344 2203 3415 αὐτὸ
2234 3357 2481 3428 ἐποίησε,
2512 3354 2603 3410 καὶ
2624 3354 2876 3426 κτήματα
2903 3346 3089 3404 πολλᾶ
3110 3344 3437 3419 ἐπεκύρωσε.

2561 3533 2691 3609 Περὶ
2735 3534 2833 3585 τοῦ
2866 3524 3227 3583 Καστελλίου.

2146 3628 2217 3682 Τὸ
2258 3623 2316 3681 δὲ
2362 3604 2703 3680 Καστὲλλιον
2759 3617 2974 3687 ἐκτίσθη
3026 3614 3117 3671 καὶ
3168 3611 3374 3681 ἐκλήθη
3408 3604 3727 3667 οὕτως.”1“ι-

2077 3711 2259 3793 ϐἐριος
2293 3716 2321 3769 6
2371 3712 2628 3786 πενθερὸς
2675 3707 2982 3784 Μαυρικίου
3008 3698 3382 3759 ἐκαστὲλλωσε
3438 3696 3531 3750 καὶ
3575 3692 3728 3793 (1)795-

2080 3782 2220 3882 puice
2270 3803 2367 3865 τὰς
2424 3804 2572 3871 ναῦς,
2655 3796 2747 3853 διὰ
2823 3796 2886 3850 τὸ
2944 3792 3120 3858 ἐλθεῖν
3179 3787 3427 3865 Χάὶγανον
3484 3784 3576 3838 τὸν
3639 3782 3731 3855 ἂρ-

2079 3876 2252 3971 χοντα
2280 3898 2387 3948 τῶν
2446 3889 2779 3964 Βουλγόὶρων
2829 3886 2919 3940 καὶ
2966 3882 3266 3957 ἐμπρῆσαι,
3324 3876 3413 3931 καὶ
3463 3876 3734 3928 κατακαῦ-

2081 4005 2190 4052 σαι,
2240 3982 2330 4036 καὶ
2388 3977 2715 4055 κατασφάξαι
2760 3972 2967 4029 ἅπαντα
3022 3971 3089 4025 τὰ
3144 3970 3375 4043 Θρᾳκῷα
3438 3963 3576 4038 μέρη
3631 3962 3733 4032 μὲ-

2080 4093 2176 4147 χρι
2207 4074 2423 4145 πορτῶν
2460 4088 2471 4101 ·
2508 4067 2627 4131 ὅθεν
2673 4064 2762 4120 καὶ
2812 4057 3187 4116 ἐκαστὲλλωσε
3234 4056 3299 4110 τὰ
3345 4052 3529 4127 τείχη,
3561 4048 3651 4103 καὶ
3680 4047 3732 4101 ἐν

2079 4162 2227 4233 αὐτῷ
2258 4156 2543 4215 ἀπέκλεισε
2562 4155 2655 4217 τὰς
2685 4157 2832 4214 ναῦς.

2648 4242 2776 4317 Περὶ
2816 4241 2883 4296 τὰ
2919 4235 3161 4312 Ἰερείου.

2149 4342 2272 4396 Ὅτι
2354 4337 2420 4392 τὰ
2473 4334 2688 4409 ’ἱερείου
2762 4331 2931 4406 πίραν
3009 4325 3200 4402 ἱερέως
3276 4322 3425 4381 τινὸς
3511 4312 3734 4409 ἐσέϐετο

2080 4403 2557 4499 στήλη,τοῦνομα
2612 4429 2778 4495 Ἶρος.
2836 4403 3062 4493 λέγεται
3122 4411 3179 4468 δὲ
3232 4410 3321 4466 καὶ
3370 4406 3611 4499 Ἥρείου,
3648 4403 3739 4460 διὰ

2077 4520 2139 4573 τὸ
2167 4496 2553 4589 ζιτα-νμννςιιηιιτα
2594 4508 2782 4566 πολλὰ
2836 4509 2971 4562 εἶναι
3002 4523 3015 4536 ⁸
3077 4503 3251 4558 ἐκεῖσε
3306 4500 3407 4575 γὰρ
3438 4496 3737 4589 ἐθάπτοντο

2010 4588 2057 4653 D
2088 4608 2139 4663 οἱ
2178 4587 2357 4678 νεκροῖ
2412 4608 2521 4658 τῶν
2569 4601 2835 4656 πολιτῶν.
2879 4595 2981 4650 Τὸν
3033 4590 3091 4647 δὲ
3140 4591 3266 4645 ναὸν
3307 4589 3334 4643 6
3384 4587 3566 4678 Μὲγας
3597 4591 3739 4678 Κωνῗ

2085 4672 2368 4756 σταντῖαος
2418 4692 2693 4766 ἀνήγειρε.
2746 4690 2969 4763 Ορῶτον
3023 4681 3081 4737 δὲ
3137 4681 3165 4735 6
3209 4677 3365 4753 ἅγιος
3413 4672 3678 4750 Ἀνδρέας
3710 4673 3739 4725 6
3770 4702 3786 4714 ο

2086 4782 2395 4844 ἀπόστολος
2436 4763 2677 4843 ἐκάθισεν
2728 4776 2899 4833 ἐκεῖσε
2942 4773 3032 4828 καὶ
3080 4767 3352 4826 ἐδίδασκεν
3388 4782 3402 4797 ⁸
3447 4764 3547 4828 εἶθ’
3579 4763 3738 4823 οὗτος

2085 4871 2467 4950 ἐχειροτόνησε
2495 4870 2586 4923 τὸν
2617 4866 2849 4942 Στάχυν.

2352 5066 2482 5143 Περὶ
2509 5072 2608 5135 τῆς
2638 5063 2827 5138 Ἀγίας
2857 5057 3101 5134 Εῗρήνης
3130 5055 3206 5143 τὰ.
3227 5051 3459 5143 Γάλαταῖ

2155 5162 2221 5214 Ἣ
2264 5138 2441 5233 Ἀγίαί
2478 5154 2686 5229 Εἲρήνη
2744 5151 2811 5205 τὰ
2868 5144 3085 5203 Γάλατα
3132 5140 3346 5233 ἐκλήθη
3381 5138 3574 5233 οὗτινος
3630 5138 3735 5233 ἄπει

2087 5226 2429 5308 Γαλατιῶνός
2472 5226 2621 5304 τινος
2680 5239 2960 5297 οἷκοῦντος
3018 5235 3209 5289 ἐκεῖσε.
3256 5228 3430 5287 Ἦλθε
3481 5226 3539 5283 δὶ
3588 5230 3677 5282 καὶ
3710 5228 3737 5281 ὁ

2086 5334 2244 5411 ἅγιος
2277 5331 2531 5409 Ἀνδρέας
2589 5329 2678 5385 ἐπὶ
2732 5329 2795 5383 τὸ
2853 5323 3160 5393 Βυζάντιον,
3191 5321 3277 5374 καὶ
3319 5315 3521 5374 ἔκτισεν
3555 5316 3635 5377 εἷς
3671 5317 3739 5370 τὰ

2088 5402 2416 5499 ’Ᾰρματίουξ
2468 5421 2560 5475 καὶ
2608 5416 2884 5486 ἐκαθίζετο
2960 5412 3150 5467 ἐκεῖσε.
3218 5409 3475 5477 Ἐποίησε
3534 5403 3592 5459 δὲ
3647 5402 3737 5458 καὶ

2089 5492 2317 5587 σταυρὸν
2373 5507 2713 5583 ἶδιοχείρως,
2761 5503 3085 5575 λατομήσας
3131 5502 3323 5553 τοῦτον
3370 5495 3461 5550 καὶ
3504 5492 3739 5587 γλΰψας,

2088 5580 2307 5671 ἔστησεν
2342 5580 2623 5661 αὐτὸν-είς
2668 5597 2766 5665 τὴν
2820 5589 3006 5665 Ἀγίαν
3062 5586 3304 5659 Εἴρηνην
3334 5584 3435 5653 τὴν
3473 5580 3735 5638 παλαιάν.

2085 5693 2203 5755 Εἴθ’
2257 5689 2432 5751 οὕτως
2479 5685 2647 5757 ἦλθεν
2697 5683 2773 5749 εἷς
2812 5680 3075 5754 Νιώριον,
3122 5675 3184 5731 τὸ
3235 5673 3537 5752 λεγόμενον
3580 5688 3747 5746 κερα-
