3970 6218
282 388 440 447 1277

1408 393 1770 455 ANONYMI
1818 394 2402 467 ANTIQUITATES
2448 398 2567 458 ΟΡ.

3543 401 3698 463 12Ῑ8

275 513 606 592 τοεμϐόλιον
646 537 659 552 °
716 520 885 575 ἐκεῖσε
952 523 1055 598 γὰρ
1126 521 1345 600 καμάρα
1418 524 1604 599 χαλκῆ
1682 526 1787 593 ἦν,
1839 525 1927 580 καὶ

273 607 299 627 υ
534 608 557 625 ν
652 621 669 627 -
838 608 850 627 ἳ
901 616 927 627 ν
1104 611 1143 627 0‘
1254 608 1276 627 Ἰ
1518 613 1532 627 Ω
1662 617 1690 627 ευ
1865 612 1933 627 \qa

2088 532 2295 585 ornuta
2326 530 2650 587 dicebatur.
2686 532 2821 587 Erat
2852 531 3071 605 quippe
3110 532 3192 588 ibi
3222 531 3482 604 porticus
3513 550 3693 603 aenea,

285 608 469 663 ίστατο
529 608 732 672 ἄνωθεν
793 608 960 679 αὐτῆς
1018 611 1195 682 στήλη
1252 608 1455 686 ἔχουσα
1514 613 1567 668 ἐν
1626 617 1694 687 τῇ
1726 612 1938 688 κεφαλῇ

282 698 483 772 κέρατα
535 697 785 774 τέσσαρα.
820 698 1079 771 Θαύματα
1141 698 1199 755 δὲ
1254 702 1501 777 ἐγένοντο
1559 701 1609 756 ἐν
1662 701 1820 776 αὐτῇ.
1873 699 1947 759 Ei’

276 808 363 848 τις
396 789 502 861 γὰρ
540 789 684 863 εἶχεν
718 786 769 841 ἐν
803 787 949 860 αὐτῷ
976 789 1252 864 ὑπόληψιν
1312 792 1442 845 εἶναι
1489 797 1737 869 κερατᾶς,
1770 792 1940 846 ἐκεῖσε

280 875 664 952 ἀπερχόμενος
741 878 831 931 καὶ
904 881 1276 957 προσεγγίζων
1344 884 1413 953 τῇ
1471 880 1685 955 στήλῃ,
1746 881 1941 945 εὐθέως

280 965 557 1043 ἐγυρίζετο
616 964 723 1030 ἕως
768 968 955 1044 τρίτου
998 991 1009 1002 ·
1064 969 1109 1024 εἰ
1164 968 1220 1024 δὲ
1272 969 1423 1034 ἐκτὸς
1472 970 1803 1045 ὑπόλήψεως
1848 972 1938 1039 ἦν,

273 1054 470 1111 ’ίστατο
503 1055 798 1119 ἀσάλευτος
830 1060 864 1127 ἡ
898 1056 1076 1129 στήλη
1113 1078 1125 1090 ’
1176 1059 1266 1113 καὶ
1311 1059 1484 1124 οὕτως
1530 1059 1843 1136 ἠλέγχοντο
1888 1061 1939 1114 οἱ

280 1143 598 1221 κερατάδες.

705 1236 834 1311 Περὶ
871 1241 968 1293 τοῦ
991 1237 1177 1313 Ἀγίου
1205 1237 1519 1312 Μάμαντος.

354 1327 460 1381 Τὸν
512 1322 568 1380 δὲ
596 1328 783 1401 ’Ἅγιον
838 1327 1108 1399 Μάμαντα
1159 1328 1444 1402 ἀνήγειρεν
1498 1328 1526 1381 6
1566 1326 1936 1399 Λεομάκελος,

281 1414 377 1469 καὶ
429 1413 633 1469 ἔκτισεν
678 1414 789 1469 ἐκεῖ
827 1413 1090 1485 παλάτια,
1133 1414 1273 1470 διότι
1322 1416 1642 1493 ένεπρήζετο
1690 1419 1723 1485 ἡ
1776 1416 1939 1477 πόλις

287 1511 467 1576 μῆνας
515 1512 581 1576 ς’,
629 1505 721 1558 καὶ
772 1504 999 1575 ἐξελθὼν
1050 1506 1083 1559 ὁΔ
1128 1505 1496 1579 Λεομάκελος,
1530 1504 1732 1560 ἔκτισεν
1784 1505 1937 1575 αὐτὰ,

282 1593 375 1647 καὶ
439 1592 611 1665 μόλον
672 1592 916 1663 ἐποίησε,
976 1593 1065 1648 καὶ
1119 1595 1243 1648 ναὸν
1303 1593 1591 1656 ὡσαύτως’
1650 1594 1740 1649 καὶ
1797 1593 1941 1663 ἑώρα

287 1681 540 1734 ἆπεκεῖσε
568 1680 666 1748 τὴν
715 1679 877 1735 πόλιν
914 1680 1364 1756 έμπρηζομένην.
1401 1683 1511 1738 Εἶθ’
1544 1682 1715 1743 οὕτως
1760 1677 1941 1757 ἔϐρεξε

285 1766 519 1838 στάκτην
592 1767 841 1841 έπάύτῇ
903 1769 979 1831 ὡς
1039 1771 1315 1843 σπιθαμὴν
1370 1771 1435 1824 τὸ
1486 1770 1690 1847 πάχος.
1722 1773 1936 1825 Ἐκτισε

285 1854 346 1911 δὲ
394 1857 485 1911 καὶ
519 1854 934 1932 Ἰπποδρόμιον,
966 1857 1017 1912 ἐν
1070 1859 1116 1931 ᾧ
1168 1859 1257 1913 καὶ
1310 1858 1548 1933 Μιχαὴλ
1600 1862 1627 1914 6
1681 1859 1936 1937 βασιλεὺς
1970 1899 2017 1964 Β

284 1947 517 2021 ἀνῃρέθη
554 1947 657 2001 ὑπὸ
685 1946 996 2004 Βασιλείου.

456 2143 584 2220 Περὶ
614 2151 715 2214 τῆς
742 2144 989 2223 γεφύρας
1006 2150 1107 2223 τῇς
1140 2141 1306 2214 οὔσης
1338 2144 1412 2207 είς
1441 2146 1531 2200 τὸν
1565 2149 1751 2223 ’Ἄγιον

970 2217 1262 2288 Μάμαντα.

358 2304 485 2361 ’Ότι
538 2303 617 2366 εἷς
666 2303 758 2359 τὸν
805 2307 995 2378 Ἅγιον
1049 2305 1319 2377 Μὰμαντα
1357 2303 1547 2361 ’ίστατο
1590 2306 1796 2383 γέφυρα
1843 2329 1940 2380 με-

283 2390 431 2468 γάλη
490 2394 659 2466 ὁμοία
705 2400 806 2463 τῆς
854 2391 1233 2466 Χαλκηδόνος,
1288 2392 1489 2469 ἔχουσα
1547 2398 1795 2472 καμάρας
1851 2398 1940 2471 ιβ’,

288 2482 541 2555 ποταμὸς
612 2481 670 2536 δὲ
745 2485 1054 2558 κατήρχετο
1126 2483 1507 2560 παμμεγέθης,
1556 2486 1646 2539 καὶ
1706 2484 1944 2558 μάλιστα

283 2576 371 2643 τῷ
443 2572 815 2646 Φευρουαρίου
897 2572 1051 2645 μηνί.
1112 2575 1276 2629 Ἔνθα
1349 2574 1437 2627 καὶ
1488 2572 1699 2649 δράκων
1752 2574 1941 2631 ’ίστατο

287 2665 583 2736 χαλκοῦς·
639 2658 726 2715 διὰ
775 2658 830 2715 δὲ
885 2663 947 2716 τὸ
1002 2660 1176 2736 λέγειν
1225 2663 1394 2733 τινὰς,
1453 2660 1720 2740 δράκοντα
1776 2664 1940 2720 οἷ’κεῖν

288 2749 367 2811 εἷς
446 2750 545 2819 τήν
623 2751 875 2827 γέφυραν,
940 2749 1146 2805 πολλαὶ
1220 2751 1469 2827 παρθένοι
1557 2753 1799 2827 ἐθύοντο,
1852 2754 1942 2808 καὶ

292 2838 485 2909 πλήθη
546 2835 833 2914 προϐάτων
892 2839 981 2893 καὶ
1046 2840 1188 2914 βοῶν
1218 2841 1307 2895 καὶ
1363 2837 1580 2917 ὅρνεων.
1618 2842 1944 2905 Βασιλίσκος

296 2925 355 2981 δέ
405 2948 489 2989 τις
549 2926 777 3004 ἐραστὴς
831 2932 929 2983 τοῦ
986 2928 1179 3000 τόπου,
1212 2930 1272 2992 ’ὁς
1311 2930 1377 2998 ἦν
1420 2936 1498 2991 εἷς
1526 2935 1634 2985 τῶν
1668 2932 1773 2986 ἀπὸ
1804 2939 1943 2987 Νου-

298 3021 557 3093 μεριανοῦ
616 3017 900 3093 Καίσαρος,
937 3018 1119 3079 στίσας
1168 3018 1481 3090 κατῴκησεν
1535 3018 1585 3073 ἐν
1633 3019 1779 3092 αὐτῷ
1811 3040 1823 3053 ⁸
1859 3019 1942 3075 ἔν-

287 3108 358 3159 θα
407 3104 498 3159 καὶ
552 3107 677 3160 ναὸν
723 3111 820 3161 τοῦ
866 3108 992 3168 Διὸς
1039 3104 1229 3182 ἤγειρε
1275 3107 1624 3183 παμμεγέθη.
1659 3112 1840 3166 Ταῦτα
1889 3107 1946 3164 δὲ

287 3194 465 3249 πάντα
519 3196 705 3264 Ζήνων
761 3199 839 3267 τῷ
898 3192 1131 3271 δευτέρῳ
1184 3193 1287 3251 ἔτει
1339 3203 1441 3266 τῆς
1475 3196 1749 3273 βασιλείας
1782 3198 1945 3253 αὐτοῦ

288 3283 485 3337 κατέστ
498 3286 677 3357 ρεψεν.

714 3461 847 3538 Περὶ
876 3467 984 3517 τῶν
1018 3468 1250 3532 ζευκτῶν
1279 3462 1526 3520 κιονίων.

370 3552 453 3608 Τὰ
505 3550 693 3620 ζευκτᾶ
739 3552 917 3606 κιόνιά
965 3553 1122 3624 εἰσιν,
1174 3552 1310 3608 ὅπου
1356 3553 1471 3628 εἶχε
1532 3553 1659 3616 τοὺς
1722 3554 1945 3628 τιμίους

294 3639 581 3712 σταυροὺς,
613 3639 702 3695 καὶ
732 3641 1008 3715 Ῥωμανὸς
1042 3643 1069 3697 6
1100 3641 1273 3717 γέρων
1312 3640 1510 3717 ἔγειρεν
1544 3642 1703 3702 αὐτά.

870 3820 997 3893 Περὶ
1031 3823 1128 3874 τοῦ
1158 3819 1359 3876 Ὀσίου.

360 3907 463 3961 Τὸν
517 3904 574 3961 δὲ
620 3909 804 3964 ’Όσιον
855 3908 1140 3983 ἀνήγειρεν
1195 3911 1483 3971 Ἰουστῖνος
1543 3909 1632 3964 καὶ
1693 3917 1866 3987 Σοφια
1906 3914 1941 3981 ἡ

286 3990 458 4065 Λωϐή
489 4013 503 4027 ·
538 3995 795 4060 ὡσαύτως
839 3995 930 4051 καὶ
977 3998 1039 4051 τὸ
1096 3997 1559 4075 ὀρφανοτροφεῖυν
1620 4002 1716 4052 τοῦ
1753 4000 1945 4074 Ἁγίου

286 4084 537 4142 Παύλου.

772 4174 898 4249 Περὶ
931 4178 1028 4228 τοῦ
1058 4173 1245 4248 Ἃγίου
1279 4176 1467 4230 Φώκα.

362 4264 469 4321 Τὸν
503 4260 561 4318 δὲ
590 4265 785 4338 ’Ἂγιον
842 4264 1039 4318 Φώκαν
1090 4264 1381 4326 Βασίλειος
1413 4265 1441 4319 6
1479 4262 1734 4338 βασιλεὺς
1776 4265 1942 4335 κτίζει

290 4353 428 4424 μετᾶ
456 4352 547 4407 καὶ
575 4356 673 4407 τοῦ
706 4352 910 4429 Φόρου,
941 4353 1029 4407 καὶ
1063 4360 1163 4423 τῆς
1194 4354 1339 4425 νέας,
1369 4353 1456 4408 καὶ
1503 4357 1613 4409 τῶν
1661 4353 1939 4410 παλατίων

282 4445 399 4496 τῶν
428 4446 651 4517 Πηγῶν.

675 4531 807 4607 Περὶ
836 4538 937 4602 τῆς
972 4538 1141 4605 μονῆς
1166 4532 1233 4587 τὰ
1264 4535 1560 4605 Δαμιανοῦ.

2049 633 2225 688 supra
2270 635 2446 689 quam
2494 620 2792 676 visebatur
2841 625 3039 675 statua
3085 625 3341 693 quatuor
3388 638 3607 677 cornua
3635 623 3693 677 in

2050 708 2237 777 capite
2284 724 2513 779 gerens,
2549 709 2884 779 ibidemque
2935 714 2991 764 et
3039 710 3305 782 prodigia
3349 711 3694 764 edebantur.

2049 794 2275 849 Etenim
2313 796 2360 851 si
2395 796 2526 867 quis
2579 804 2911 869 suspectam
2946 798 3171 854 habens
3223 800 3421 854 uxoris
3471 800 3698 870 pudici-

2048 882 2214 953 tiam,
2248 884 2317 938 ad
2362 884 2512 940 hanc
2555 890 2811 941 statuam
2858 888 3178 957 accederet,
3211 888 3489 942 continuo
3522 892 3608 943 ter
3637 889 3696 942 in

2048 988 2253 1043 gyrum
2289 989 2350 1028 se
2381 975 2638 1030 vertebat
2669 983 2888 1041 statua;
2938 976 3029 1031 sin
3080 983 3273 1031 autem
3308 982 3468 1031 extra
3498 975 3699 1046 suspi-

2049 1060 2275 1116 cionem
2322 1067 2467 1134 erat,
2498 1063 2822 1121 immobilis
2867 1066 3081 1121 stabat.
3116 1066 3183 1120 Et
3214 1066 3298 1121 sic
3332 1066 3561 1121 cornuti
3594 1066 3697 1120 de-

2048 1149 2443 1206 clarahantur.

2564 1243 2638 1297 De
2662 1246 2861 1297 Sancto
2894 1243 3182 1299 Mamante.

2121 1327 2401 1383 Sanctum
2460 1329 2811 1385 Mamantem
2862 1336 2919 1385 et
2968 1349 3091 1402 quae
3152 1331 3364 1386 ibidem
3425 1332 3699 1385 visuntur

2048 1413 2266 1486 palatia
2296 1418 2583 1472 exstruxit
2614 1424 2721 1474 Leo
2758 1420 3033 1475 Macelus.
3066 1421 3205 1476 Cum
3237 1421 3391 1475 enim
3426 1421 3565 1475 urbs
3598 1438 3699 1476 sex

2049 1506 2307 1577 integros
2377 1523 2608 1562 menses
2677 1510 2953 1565 continuo
3032 1509 3301 1565 incendio
3369 1509 3695 1580 ﬂagrasset,

2048 1610 2320 1664 egressus
2342 1594 2450 1649 Leo
2476 1594 2727 1650 Macelus
2752 1596 2831 1650 ibi
2866 1596 3098 1667 palatia,
3125 1602 3355 1669 portum
3389 1602 3445 1652 et
3474 1599 3697 1652 dictum

2050 1682 2337 1754 templum
2364 1683 2689 1753 aediﬁcavit,
2714 1702 2828 1756 quo
2852 1686 3025 1741 etiam
3051 1704 3081 1742 e
3114 1686 3236 1741 loco
3267 1687 3602 1741 incendium
3640 1688 3699 1741 in

2052 1772 2195 1827 urbe
2225 1788 2505 1843 grassans
2555 1774 2883 1845 spectabat;
2918 1775 3129 1830 deinde
3173 1775 3422 1831 cinerem
3460 1776 3609 1846 pluit
3638 1777 3697 1830 in

2050 1862 2194 1916 urbe
2225 1859 2506 1932 palmaris
2538 1862 2956 1932 spissitudinis.
2990 1868 3271 1919 Praeterea
3302 1864 3454 1919 idem
3489 1864 3700 1935 Hippo-

2053 1952 2323 2005 dromum
2381 1952 2665 2018 condidit,
2716 1953 2773 2006 in
2832 1970 2945 2022 quo
2995 1953 3237 2008 Michael
3302 1955 3620 2024 imperator
3670 1970 3703 2008 a

2051 2038 2265 2094 Basilio
2297 2039 2640 2095 interfectus
2671 2042 2966 2096 occubuit.

2314 2130 2388 2183 De
2414 2132 2578 2200 ponte
2598 2146 2766 2201 prope
2791 2122 3058 2186 Sanctam
3089 2133 3434 2187 Mammztem.

2121 2309 2306 2376 Prope
2372 2306 2647 2360 Sanctum
2718 2307 3063 2363 Mamantem
3133 2310 3482 2363 cernebatur
3553 2325 3701 2380 pons

2052 2395 2456 2465 magnitudine
2521 2395 2767 2466 aequalis
2826 2395 3321 2463 Chalcedonensi,
3388 2398 3698 2451 duodecim

2052 2486 2307 2538 arcubus
2339 2489 2637 2551 constans,
2670 2501 2882 2556 magno
2914 2486 3138 2540 ﬂumini
3179 2485 3518 2557 impositus,
3541 2487 3698 2556 quod

2052 2575 2371 2644 prmsertim
2424 2590 2625 2628 mense
2674 2574 2985 2628 Februario
3034 2575 3387 2629 exundabat.
3440 2576 3699 2629 Ibidem-

2053 2678 2166 2733 que
2188 2663 2393 2723 stabat
2414 2663 2588 2717 draco
2620 2678 2831 2730 aereus;
2855 2666 2911 2716 et
2941 2663 3092 2732 quod
3118 2662 3358 2733 quidam
3382 2664 3697 2718 draconem

2054 2752 2111 2805 in
2155 2750 2269 2806 isto
2319 2758 2490 2822 ponte
2551 2752 2814 2806 habitare
2873 2756 3165 2823 putarent,
3196 2751 3397 2807 multae
3442 2752 3702 2823 virgines

2054 2840 2132 2894 ibi
2191 2840 2503 2895 immolatae
2553 2844 2728 2908 sunt;
2782 2858 2848 2895 ac
2898 2857 3112 2911 magna
3160 2841 3377 2907 ovium,
3414 2843 3589 2895 boum
3641 2858 3706 2896 ac

2053 2928 2355 2983 volucrum
2407 2928 2594 2999 copia.
2629 2929 2912 2984 Caeterum
2965 2930 3207 2999 quidam
3256 2929 3578 2985 Basiliscus
3609 2930 3708 3000 qui

2055 3035 2087 3072 a
2119 3022 2282 3088 parte
2325 3016 2667 3073 Numeriani
2695 3018 2937 3073 Caesaris
2967 3020 3151 3081 stetit,
3184 3035 3381 3074 amore
3423 3018 3534 3073 loci
3569 3034 3707 3088 cap-

2056 3111 2171 3175 tus,
2204 3107 2356 3161 aedes
2407 3106 2486 3159 ibi
2536 3111 2863 3161 exstructas
2916 3106 3288 3172 inhabitavit,
3319 3112 3377 3161 et
3421 3106 3706 3177 templum

2058 3194 2380 3249 maximum
2413 3194 2537 3249 Jovi
2568 3195 2866 3264 excitavit;
2900 3196 3054 3264 quod
3098 3212 3231 3250 cum
3265 3196 3490 3250 ceteris
3522 3194 3709 3248 omni-

1976 3264 2019 3330 C
2059 3286 2169 3340 bus
2235 3282 2504 3339 aediﬁciis
2545 3284 2695 3339 Zeno
2760 3285 3017 3339 secundo
3098 3284 3330 3355 imperii
3395 3284 3485 3339 sui
3556 3300 3708 3338 anno

2057 3372 2283 3429 evertit.

2546 3463 2619 3517 De
2646 3461 2949 3516 columellis
2976 3461 3216 3530 junctis.

2127 3550 2457 3607 Columella:
2519 3552 2738 3620 junctae
2806 3549 2916 3604 illm
2983 3549 3263 3604 dicuntur
3341 3549 3441 3603 ubi
3518 3552 3706 3604 exsta-

2056 3642 2198 3696 bant
2228 3640 2571 3697 venerandaa
2622 3656 2844 3695 cruces.
2882 3640 2995 3695 llas
3038 3638 3219 3694 erexit
3268 3638 3567 3693 Romanus
3617 3655 3709 3694 sc-

2058 3730 2206 3785 nior.

2758 3819 2830 3873 L‘e
2861 3817 3004 3874 Osio.

2126 3908 2329 3963 Osium
2385 3907 2659 3963 Justinus
2718 3913 2775 3963 et
2823 3907 3043 3979 Sophia
3101 3906 3250 3961 Lobe
3306 3906 3707 3975 aediﬁcarunt;

2057 3997 2558 4067 quemadmodum
2592 4001 2648 4051 et
2686 3994 3252 4067 orphauotrophium
3282 3994 3481 4051 Sancti
3523 3994 3705 4049 l‘auli.

2543 4087 2617 4140 De
2646 4086 2888 4141 Ecclesia
2918 4085 2971 4139 S.
3004 4085 3218 4139 Phocea.

2128 4173 2446 4230 Ecclesiam
2480 4174 2539 4229 S.
2578 4174 2776 4229 PhOClB
2818 4174 3016 4229 condit
3054 4173 3307 4228 Basilius
3338 4173 3658 4243 imperator
3692 4189 3704 4226 :

2053 4262 2193 4316 item
2225 4262 2284 4317 S.
2319 4262 2575 4333 Deiparaa
2625 4262 2684 4317 in
2735 4264 2902 4329 Foro,
2934 4267 2992 4316 et
3021 4260 3328 4316 ecclesiam
3382 4276 3613 4326 novam,
3648 4263 3708 4313 et

2054 4350 2271 4425 palatia
2302 4351 2534 4423 Pegana
2563 4368 2662 4407 seu
2693 4351 2985 4406 Fontium.

2496 4531 2570 4585 De
2600 4532 2933 4586 monasterio
2968 4530 3256 4585 Damiani.

367 4621 476 4688 Τὴν
512 4621 678 4693 μονὴν
710 4622 778 4675 τὰ
807 4625 1083 4694 Δαμιανοῦ
1134 4619 1309 4676 ἔκτισε
1356 4620 1629 4693 Δαμιανὸς
1676 4642 1941 4698 παρακοι-

2125 4620 2543 4675 Monastcrium
2568 4619 2838 4675 Damiani
2863 4619 3213 4674 aediﬁcatum
3242 4616 3349 4671 fuit
3370 4616 3702 4672 aDamiano

290 4711 548 4782 μώμενος
599 4710 627 4764 6
676 4705 927 4775 Σθλάϐος
975 4710 1028 4765 ἐν
1085 4716 1203 4773 τοῖς
1250 4710 1479 4786 χρόνοις
1528 4709 1798 4786 Θεοφίλου
1853 4712 1943 4767 καὶ

286 4797 548 4874 Μιχαήλ.

818 4887 947 4961 Περῖ
983 4891 1082 4942 τοῦ
1115 4886 1409 4945 ’Λνάπλοω

362 4977 463 5031 Τὸν
511 4973 568 5032 δὲ
607 4976 1081 5053 ’Λρχιστράτηγον
1136 4979 1229 5033 τὸν
1284 4978 1359 5040 εἷς
1415 4978 1506 5033 τὸν
1564 4978 1869 5039 Ἀνάπλουν
1917 4980 1944 5034 6

286 5066 474 5140 Μέγας
508 5068 910 5128 Κωνσταντῖνος
942 5065 1215 5142 ἀνήγειρε.

709 5172 839 5246 Περὶ
877 5177 976 5227 τοῦ
1005 5172 1196 5247 Ἀγίου
1225 5171 1520 5248 Ταρασίου.

362 5262 466 5317 Τὸν
532 5258 589 5317 δὲ
645 5264 837 5336 ’Ἃγιον
900 5261 1173 5337 Ταράσιον
1253 5260 1502 5336 λέγουσιν
1574 5262 1706 5316 εἶναι
1781 5262 1946 5337 προά-

284 5372 465 5407 στειον
525 5356 622 5406 τοῦ
680 5352 1027 5427 πατριάρχου
1084 5350 1371 5426 Ταρασίου,
1406 5351 1494 5405 καὶ
1552 5349 1836 5419 ἀνέστησεν
1889 5348 1941 5405 ἐν

285 5440 440 5513 αὖτῷ
475 5442 667 5514 μονήν.

800 5547 931 5622 Περῖ
959 5551 1058 5602 τοῦ
1091 5548 1422 5604 ΣωσΟενίου.

365 5640 477 5707 Τὴν
532 5634 588 5692 δὲ
640 5638 812 5711 μονὴν
857 5641 953 5693 τοῦ
999 5635 1330 5707 Σωσθενίου,
1360 5639 1453 5693 τὸν
1500 5635 1940 5713 ἀρχιστράτηγον

286 5728 499 5784 ἔκτισεν
531 5728 569 5782 δ’
589 5726 773 5804 Μέγας
803 5729 1233 5789 Κωνσταντῖνος.

2054 4711 2365 4782 praeposito
2391 4708 2671 4776 cubiculi,
2696 4709 2929 4764 natione
2958 4706 3218 4778 Sthlavo,
3240 4711 3501 4777 tempore
3524 4706 3705 4762 Theo-

2055 4796 2198 4870 phili
2229 4803 2285 4854 et
2314 4798 2633 4854 Michaelis.

2707 4888 2782 4942 De
2811 4887 3048 4958 Anaplo.

2124 4977 2434 5049 Templum
2468 4977 2662 5034 Sancti
2692 4976 2992 5033 Michaelis
3024 4973 3358 5047 archangeli
3388 4972 3447 5028 in
3478 4970 3701 5042 Anaplo

2054 5066 2476 5122 Constantinus
2508 5067 2756 5139 Magnus
2782 5064 3088 5123 exstruxit.

2586 5177 2660 5232 De
2691 5177 2891 5231 Sancto
2924 5174 3165 5229 Tarasio.

2123 5264 2406 5319 Sanctum
2438 5266 2747 5320 Tarasium
2796 5266 2988 5321 ferunt
3034 5262 3215 5316 fuisse
3247 5258 3470 5331 pridem
3501 5255 3699 5311 villam

2056 5353 2459 5408 suburbanam
2502 5353 2845 5425 patriarchae
2894 5350 3142 5417 Tarasii,
3178 5362 3355 5419 quam
3407 5350 3608 5417 postea
3640 5344 3699 5399 in

2055 5443 2478 5498 monasterium
2512 5443 2781 5497 mutavit.

2444 5549 2519 5603 De
2558 5548 2889 5603 monasterio
2928 5545 3309 5600 Sosthenz’ano.

2126 5637 2549 5695 Monasterium
2574 5634 2907 5708 archangeli
2928 5633 3228 5690 Michaelis
3249 5631 3699 5690 Sosthenianum

2052 5727 2475 5785 Constantinus
2502 5731 2749 5799 Magnus
2776 5724 3059 5781 condidit.
