4060 6214
349 311 508 373 1279

682 442 757 496 De
784 439 1014 495 ecclesia
1045 439 1258 494 auratis
1290 437 1488 507 tegulis
1519 438 1677 490 tecta.
2041 432 2095 497 Α

426 529 749 588 Ecclesium
811 529 1034 583 auratis
1094 526 1304 599 tegulis
1363 530 1576 581 tectam
1633 522 1908 578 Justinus
1957 525 2014 574 et

359 621 577 693 Sephia
643 619 792 674 Lobe
862 617 1175 673 condidere
1234 634 1246 671 :
1308 615 1446 670 item
1514 618 1571 669 et
1628 611 1845 685 palatia
1902 609 2011 664 So-

356 712 593 786 phiana.

430 824 510 874 De
536 818 888 873 monasteriis
914 832 1033 885 qua
1062 822 1190 868 sunt
1219 817 1375 867 trans
1403 814 1609 885 fretum
1637 814 1766 877 sita,
1799 817 1847 864 et
1875 808 1941 863 de

784 884 1117 942 monasterio
1157 886 1391 940 Malctiaz
1419 884 1582 939 dicto.

431 975 855 1033 Monasterium
881 973 1121 1029 Malelite
1153 976 1556 1044 nuncupatum
1581 968 1869 1026 exstruxit
1899 968 2013 1024 Ma-

360 1067 534 1124 lelius
566 1066 794 1139 primus
826 1081 859 1119 a
890 1062 1150 1130 secretis,
1186 1062 1270 1117 ita
1299 1060 1652 1134 appellatus.

705 1174 775 1226 De
800 1171 1137 1225 monasterio
1167 1168 1471 1225 Priamidae
1498 1167 1667 1223 dicto.

431 1259 854 1318 Monasterium
916 1257 1397 1331 cognominatum
1462 1256 1773 1313 Pelamidae
1831 1254 2009 1309 aedifi-

355 1352 505 1408 cavit
550 1355 659 1406 Leo
720 1348 1112 1420 phi1030pbus
1168 1352 1426 1419 tempore
1476 1345 1846 1403 Constantini
1894 1347 2011 1399 Ma-

356 1457 477 1513 gni.

895 1527 972 1581 De
1001 1525 1195 1581 Sancto
1228 1526 1398 1597 Georg
1410 1527 1480 1580 io.

432 1618 631 1673 lEdem
686 1616 871 1671 sancti
903 1616 1133 1687 Georgii
1164 1614 1695 1671 Chalcedonensem
1749 1611 2014 1668 condidit

362 1706 600 1778 Sergius
649 1705 1001 1777 patriarcha,
1037 1704 1537 1776 quemadmodum
1571 1706 1627 1757 et
1658 1702 1839 1756 aedem
1880 1700 2011 1756 Dei-

1326 301 1730 367 APPENDIX
1776 300 1878 360 AD
1922 294 2388 359 MICHAELEM
2428 295 2820 359 PSELLUM.

3613 307 3773 369 1380

2585 428 2717 500 Περὶ
2748 434 2847 498 τῆς
2876 429 3318 505 Χρυσοκεράμου.

2196 517 2319 603 Τήν
2373 514 2795 592 Χρυσοκὲραμον
2856 514 3061 573 ἔκτισεν
3108 520 3395 584 Ἰουστῖνος
3452 522 3542 577 καὶ
3604 524 3781 603 Σοφία

2121 606 2156 673 ἡ
2195 599 2384 673 Λωϐἡ,
2417 606 2507 659 καὶ
2539 606 2634 667 τὰς
2669 608 2962 684 Σοφιανάς.

2264 800 2393 874 Περῖ
2424 804 2531 854 τῶν
2561 805 3319 883 περατικῶημοναστηρίων.
3354 808 3483 880 Περὶ
3528 816 3630 879 τῆς

2791 872 3093 939 Μαλελίας.

2190 964 2297 1029 Τῆς
2341 956 2398 1015 δὲ
2446 959 2723 1023 Μαλελίας
2769 965 2868 1032 τήν
2917 968 3088 1038 μονὴν
3139 968 3386 1046 ἀνήγειρε
3432 968 3717 1031 Μαλὲλιος
3745 971 3773 1024 6

2121 1056 2633 1125 πρωτοασηκρῆτις,
2667 1052 2841 1114 οὕτως
2870 1053 3234 1129 καλούμενος.

2618 1160 2746 1235 Περὶ
2776 1168 2877 1230 τῆς
2917 1159 3270 1237 ΙΙηλαμίδας.

2195 1247 2309 1315 Τὴν
2361 1245 2419 1301 δὶ
2467 1246 2768 1321 Πηλαμίδα
2815 1249 3070 1328 ἀνήγειρε
3121 1254 3270 1309 Λέων
3300 1256 3328 1311 6
3367 1254 3671 1335 φιλόσοφος
3724 1254 3775 1310 ἐν

2120 1342 2240 1398 τοῖς
2271 1336 2500 1412 χρόνοις
2535 1338 2939 1395 Κωνσταντίνου
2964 1346 3062 1396 τοῦ
3095 1343 3373 1420 Μεγάλου.

2539 1516 2675 1593 Ηερὶ
2703 1538 2799 1572 του
2832 1518 3022 1594 Ἁγίου
3051 1523 3343 1598 Γεωργίου.

2196 1605 2300 1662 Τὸν
2329 1601 2387 1659 δὶ
2416 1608 2602 1681 ’Ἀγιον
2632 1607 2904 1681 Γεώργιον
2938 1609 3026 1663 τὸν
3083 1608 3134 1665 ἰν
3184 1610 3496 1683 Χαλκηδόνι
3548 1614 3780 1690 Σέργιος

2121 1695 2473 1770 πατριάρχης
2524 1692 2729 1751 ἔκτισεν
2759 1715 2772 1729 ⁸
2821 1696 3031 1770 ὁμοίως
3104 1699 3194 1755 καὶ
3251 1704 3351 1771 τήν
3398 1703 3661 1757 Θεοτόκον
3710 1703 3779 1757 τὰ

364 1812 537 1868 parte,
572 1794 845 1850 Marnacii
895 1799 1320 1865 nuncupatam,
1356 1792 1455 1847 ubi
1503 1792 1767 1863 ejusdem
1800 1806 2013 1861 corpus

2145 1784 2458 1858 dapvaxiou,
2490 1783 2540 1840 ἐν
2575 1786 2620 1857 ᾦ
2650 1786 2741 1840 καὶ
2770 1786 2833 1841 τὸ
2866 1791 3028 1861 σῶμα
3057 1787 3222 1844 αὐτοῦ
3250 1797 3445 1849 κεῖται.

357 1885 535 1954 jacet.

889 1972 963 2027 De
990 1972 1220 2043 palatiis
1252 1975 1301 2026 ιι
1309 1972 1491 2026 iereis.

438 2061 659 2117 Palatia
689 2061 892 2117 Hierea
914 2078 946 2116 a
967 2060 1302 2116 Justiniano
1326 2065 1529 2131 Magno
1552 2058 1788 2114 condita
1819 2058 2013 2125 fuere;

371 2168 498 2222 quae
556 2156 759 2223 postea
786 2148 1061 2205 Justinus
1118 2150 1244 2219 ejus
1292 2166 1358 2204 ex
1412 2164 1606 2204 sorore
1662 2163 1843 2219 nepos
1902 2162 2016 2201 una

371 2256 501 2295 cum
534 2238 752 2310 Sophia
790 2239 1109 2294 exornavit.
1145 2239 1332 2294 Locus
1382 2243 1576 2294 autem
1633 2235 1731 2292 ille
1778 2236 1860 2292 sic
1908 2252 2015 2307 ap-

371 2329 622 2401 pellalus
675 2333 782 2398 est,
817 2329 970 2399 quod
1020 2328 1349 2400 antiquitus
1395 2328 1475 2383 ibi
1524 2326 1810 2399 templum
1859 2329 2017 2381 esset

366 2418 641 2474 Junonis.

874 2508 946 2561 De
974 2508 1203 2576 palatiis
1236 2508 1513 2578 Dryantis.

439 2594 656 2650 Palatia
700 2595 986 2666 Bryantis,
1020 2595 1291 2650 Tiberius
1341 2599 1399 2649 et
1446 2592 1763 2649 Mauricius
1812 2591 2014 2647 condi-

362 2683 498 2738 dere
547 2699 559 2738 :
606 2683 769 2738 locus
827 2690 1025 2738 autem
1079 2682 1178 2738 ille
1234 2688 1610 2755 nuncupatus
1668 2686 1758 2737 est
1817 2686 2012 2754 Bryas,

367 2773 647 2841 quoniam
699 2772 962 2826 futurum
996 2777 1085 2827 est
1115 2777 1179 2826 ut
1210 2776 1544 2842 postremus
1594 2772 2013 2841 imperatorum

368 2876 750 2931 eggressurus
779 2876 844 2916 ex
877 2862 1038 2925 urbe,
1061 2866 1235 2931 atque
1262 2860 1721 2933 Hierosolymam
1754 2861 1825 2916 ad
1860 2860 2017 2915 babi-

362 2950 611 3005 tandum
668 2950 1059 3020 profecturus,
1095 2949 1153 3004 in
1184 2949 1311 3021 ipso
1343 2949 1613 3023 Bryantis
1644 2948 1767 3005 loco
1819 2950 2015 3006 fremi-

368 3042 497 3093 tum
530 3042 587 3093 et
617 3037 950 3109 plangentis
977 3038 1139 3093 urbis
1166 3037 1480 3094 clamorem
1509 3038 1730 3096 audiat.

842 3130 915 3183 De
938 3128 1170 3199 palatiis
1202 3129 1549 3200 Damatryos.

438 3215 655 3271 Palatia
702 3216 1046 3288 Damatryos
1091 3216 1160 3272 ab
1206 3217 1412 3273 iisdem
1465 3217 1682 3289 pariter
1726 3217 2010 3272 aediﬁcata

364 3307 543 3360 fuere.
579 3306 708 3359 Erat
750 3310 945 3361 autem
994 3305 1072 3360 ibi
1123 3304 1308 3361 saltus
1340 3306 1707 3362 Constantini
1739 3306 1868 3361 caeci
1904 3305 2008 3360 filii

364 3394 584 3449 Irenes.

894 3484 967 3540 De
992 3490 1157 3555 portu
1187 3485 1478 3557 Eutropii.

436 3571 673 3627 Portum
704 3573 989 3644 Eutrapii,
1022 3574 1080 3627 in
1113 3590 1228 3643 quo
1262 3574 1543 3629 Mauricio
1583 3578 1640 3628 et
1688 3571 1851 3628 uxori
1883 3573 2013 3643 ejus

366 3664 543 3730 atque
573 3660 773 3716 liberis
804 3662 993 3733 capita
1022 3663 1265 3733 praecisa
1288 3664 1467 3729 fuere,
1500 3663 1786 3718 exstruxit
1813 3666 2014 3717 Eutro-

363 3748 497 3820 pius
530 3750 1033 3820 protospatharius
1054 3756 1110 3807 et
1139 3756 1412 3823 quaestor,
1437 3759 1695 3824 tempore
1726 3753 2013 3810 Constan-

362 3837 469 3891 tini
504 3838 893 3909 imperatoris.

613 3962 687 4017 De
715 3963 973 4032 stupenda
1004 3962 1319 4031 elephantis
1348 3982 1409 4020 in
1438 3965 1570 4021 urbe
1601 3975 1765 4037 gesto.

440 4121 561 4177 Sub
593 4122 918 4179 Theodosio
950 4124 1159 4196 Magno
1208 4125 1499 4181 adductus
1545 4127 1655 4181 fuit
1702 4126 1761 4181 in
1809 4128 2011 4184 urbem

371 4208 611 4282 elephas
648 4210 905 4282 juvenis,
933 4228 1106 4283 quem
1159 4212 1216 4266 in
1268 4214 1520 4283 quadam
1551 4213 1725 4269 domo
1756 4213 2011 4270 alebant.

372 4300 551 4355 Ludis
596 4307 790 4357 autem
843 4300 1206 4356 circensibus
1238 4317 1372 4356 cum
1431 4304 1491 4356 in
1551 4302 2015 4375 Hippodromum

368 4402 501 4443 eum
569 4390 959 4455 deducerent,
1026 4395 1430 4446 transeuntem
1498 4406 1603 4463 per
1675 4392 2009 4448 Milliarium

368 4476 537 4531 hasta
567 4479 857 4548 percussit
904 4478 1111 4534 leniter
1163 4478 1532 4535 numularius
1581 4480 1843 4551 quidam.
1878 4486 2015 4537 Post

366 4582 553 4620 annos
582 4582 715 4621 vero
756 4569 954 4623 decem
1005 4567 1267 4640 elephas,
1301 4568 1401 4640 qui
1448 4570 1575 4639 jam
1626 4574 2011 4641 succreverat,

364 4668 498 4706 cum
550 4654 621 4708 ad
672 4654 1134 4726 Hippodromum
1184 4662 1456 4729 ageretur
1503 4661 1561 4712 et
1606 4658 1884 4713 transiret
1914 4675 2015 4731 per

362 4740 723 4813 Milliarium,
748 4743 1135 4800 reminiscens
1165 4746 1315 4815 ejus,
1344 4763 1377 4800 a
1406 4762 1520 4817 quo
1546 4744 1685 4801 olim
1716 4746 1794 4801 ibi
1826 4746 2017 4803 fuerat

364 4846 701 4900 percussus,
753 4836 930 4903 atque
980 4833 1173 4902 ipsum
1225 4833 1501 4900 intuitus,
1545 4834 1742 4890 subito
1789 4834 2014 4906 impetu

367 4918 769 4975 numularium
801 4935 937 4976 cum
988 4920 1212 4977 barritu
1263 4922 1528 4987 adortus.
1551 4922 1608 4979 in
1662 4924 1854 4979 medio
1884 4923 2017 4981 Mil-

361 5006 517 5063 liarii
548 5009 882 5081 discerpsit.

416 5117 489 5172 De
519 5117 862 5187 imaginibus
892 5134 1061 5189 supra
1089 5134 1351 5189 magnam
1379 5121 1695 5176 columnam
1722 5120 1967 5192 porphy-

957 5192 1184 5246 reticam
1216 5193 1430 5247 erectis.

441 5280 734 5352 Imagines
782 5280 1207 5353 Metrophanis,
1236 5280 1545 5337 Alexandri
1579 5286 1635 5336 et
1680 5281 1839 5337 Pauli
1869 5282 2019 5337 Con-

372 5368 670 5423 stantinus
700 5372 941 5441 Magnus
982 5369 1199 5425 tabulis
1230 5369 1440 5440 ligneis
1480 5369 1658 5424 incidi
1690 5369 1931 5437 curavit,
1964 5373 2022 5425 et

375 5472 555 5527 supra
601 5472 875 5527 magnam
908 5458 1242 5513 columnam
1298 5456 1782 5529 porphyreticam,
1814 5459 2020 5529 exiguo

374 5545 657 5600 discretas
708 5544 1037 5611 intervallo,
1067 5547 1139 5601 ad
1189 5546 1474 5601 orientem
1521 5544 1825 5614 collocari;
1878 5562 2024 5616 quas

373 5633 576 5689 Ariani
608 5650 805 5689 rerum
854 5635 1027 5706 potiti
1058 5633 1120 5690 in
1153 5632 1421 5691 Milliario
1466 5649 1643 5691 aureo
1691 5633 1812 5705 igni
1841 5634 2025 5691 tradi-

2468 1963 2598 2037 Περὶ
2624 1967 2730 2019 τῶν
2760 1964 3038 2020 παλατίων
3070 1970 3167 2036 τῆς
3194 1968 3433 2045 Ἱερείας.

2195 2059 2303 2123 Τῆς
2359 2050 2579 2123 Ἰερείας
2626 2053 2693 2108 τὰ
2761 2052 3002 2110 παλάτια
3071 2054 3389 2127 ἆκτίσθησαν
3465 2057 3614 2127 παρὰ
3680 2061 3784 2112 τοῦ

2123 2142 2387 2218 Μεγάλου
2420 2143 2911 2200 Ἰουστινιανοῦ.’0
2960 2141 3017 2199 δε
3070 2144 3290 2219 ἀνεψιὸς
3338 2145 3501 2201 αὐτοῦ
3551 2147 3783 2203 ἰουοτῖ-

2124 2254 2214 2294 νος
2246 2231 2335 2287 καὶ
2369 2230 2542 2308 Σοφία
2572 2230 2957 2287 ἐκαλλώπισαν
3006 2232 3159 2290 αὐτά.
3192 2234 3422 2309 Εἴρηται
3468 2232 3527 2291 δὶ
3574 2235 3784 2305 οὕτως,

2124 2323 2207 2376 δτι
2240 2328 2335 2391 τῆς
2363 2322 2538 2393 ’Ἡρας
2568 2321 2633 2391 ἧν
2671 2319 2780 2376 ἐκεῖ
2810 2322 2837 2377 6
2869 2322 3017 2385 ναός.

2651 2500 2782 2575 ῙΙερὶ
2813 2503 2909 2555 τοῦ
2941 2500 3233 2575 Βρύαντος.

2196 2588 2308 2644 Τοὖ
2353 2585 2411 2642 δὲ
2460 2586 2737 2661 Βρύαντος
2788 2589 2854 2643 τὰ
2908 2587 3150 2645 παλάτια
3182 2589 3355 2646 ἔκτισε
3382 2586 3628 2667 Τιϐέριος
3687 2591 3783 2645 καὶ

2126 2676 2453 2751 Μαυρίκιος.
2497 2675 2740 2747 Ἐκλήθη
2804 2675 2861 2732 δὲ
2913 2677 3113 2752 Βρύας,
3169 2680 3250 2734 δτι
3319 2677 3623 2753 μέλλοντος
3680 2684 3786 2734 τοῦ

2127 2764 2359 2840 ἐσχάτου
2390 2763 2623 2836 ἐξελθεῖν
2657 2764 2948 2841 βασιλέως,
2978 2768 3067 2821 καὶ
3120 2767 3421 2823 κατοικίσαι
3470 2768 3547 2831 είς
3578 2770 3784 2841 Ἰερου-

2126 2852 2339 2927 σαλὴμ,
2393 2853 2443 2908 ἐν
2496 2854 2643 2927 αὺτῷ
2699 2853 2926 2930 Βρύαντι
2992 2854 3185 2928 μέλλει
3254 2857 3478 2911 ἀκοῦσαι
3529 2856 3784 2933 βρυγμὸν

2126 2946 2215 2997 καὶ
2246 2944 2344 3012 τὴν
2382 2944 2516 3019 βοὴν
2547 2947 2644 2999 τοῦ
2675 2942 3039 3018 κλαυθμῶνος
3075 2952 3169 3015 τῆς
3198 2945 3434 3007 πόλεως.

2628 3122 2759 3196 Περὶ
2788 3126 2885 3177 τοῦ
2917 3122 3256 3199 Δαματρόος.

2198 3210 2435 3283 Ὀμοίως
2492 3211 2582 3265 καὶ
2658 3215 2756 3265 τοῖ)⁹
2832 3212 3149 3285 Δαματρύος
3202 3212 3270 3267 τὰ
3324 3209 3567 3267 παλάτια
3624 3214 3781 3270 οὗτοι

2120 3299 2352 3357 ἔκτισαν.
2386 3302 2593 3356 Ἐκεῖσε
2630 3297 2687 3354 δὲ
2718 3300 2783 3368 ἦν
2835 3300 2896 3355 τὸ
2942 3299 3178 3374 πήδημα
3228 3302 3628 3357 Κωνσταντίνου
3676 3308 3778 3357 τοῦ

2117 3388 2327 3468 τυφλοῖ)
2360 3390 2480 3444 υἱοῦ
2509 3396 2607 3459 τῆς
2642 3388 2902 3465 Εἰρήνης.

2502 3480 2631 3553 Περὶ
2660 3482 2757 3533 τοῦ
2786 3478 3095 3554 Εὐτροπίου
3135 3476 3382 3553 λιμένος.

2190 3567 2263 3621 Τὰ
2291 3564 2347 3621 δὲ
2397 3566 2703 3641 Εὐτροπίου
2751 3568 2779 3622 6
2822 3566 3019 3642 λιμήν,
3054 3567 3129 3631 εἷς
3179 3570 3236 3623 ὃν
3289 3569 3570 3642 ἱπετμήθη
3614 3575 3769 3626 Mau-

2122 3655 2297 3731 ρίκιος
2346 3654 2437 3710 σὺν
2488 3655 2704 3731 γυναικὶ
2765 3656 2855 3711 καὶ
2911 3657 3142 3730 τέκνοις,
3194 3656 3412 3729 ἰκτίσθη
3471 3658 3619 3733 παρὰ
3663 3659 3774 3717 Εὖ-

2119 3745 2347 3819 τροπίου
2404 3746 2894 3821 πρωτοσπαθαρίου
2951 3746 3041 3801 καὶ
3099 3746 3441 3823 κοιαίστορος
3519 3746 3573 3801 ἐν
3649 3752 3774 3810 τοῖς

2122 3834 2346 3908 χρόνοις
2385 3833 2786 3891 Κωνσταντίνου
2811 3839 2908 3891 τοῦ
2943 3834 3234 3912 βασιλέως.

2123 3960 2251 4035 Περὶ
2308 3966 2404 4017 τοῦ
2459 3961 2750 4036 γενομένου
2804 3961 3081 4089 θαόμὲαίος
3138 3962 3285 4039 παρᾶ
3357 3961 3649 4040 ἐλέφαντος
3722 3961 3780 4016 ἐν

2795 4054 2862 4089 τη
2894 4055 2934 4088 π
3010 4055 3077 4089 ει.

2795 4054 2862 4107 τῃ
2894 4054 3077 4090 ποΛει.

2194 4123 2281 4178 Ἐν
2313 4127 2431 4182 τοῖς
2466 4122 2691 4196 χρόνοις
2720 4126 2817 4176 τοῦ
2848 4121 3107 4199 Μεγάλου
3137 4120 3429 4177 Θεοδοσίου
3460 4121 3615 4197 ἤχθη
3665 4120 3782 4177 ἑλέ-

2122 4232 2225 4289 φας
2286 4210 2479 4283 μικρὸς
2526 4209 2580 4265 ἐν
2627 4214 2697 4283 τῇ
2745 4209 2929 4280 πόλει,
2984 4212 3074 4266 καὶ
3143 4210 3431 4289 ἀνέτρεφον
3485 4210 3645 4265 αὐτὸν
3703 4211 3782 4272 εἷς

2120 4321 2240 4355 τινα
2290 4298 2586 4372 οἰκήματα.
2618 4299 2867 4356 Ἱππικοῦ
2923 4296 2980 4354 δὲ
3036 4298 3331 4374 γενομένου
3382 4296 3572 4377 ἔφερον
3620 4299 3785 4353 αὐτὸν

2123 4389 2197 4450 εἷς
2246 4388 2308 4442 τὸ
2354 4384 2770 4461 Ἱπποδρόμιον.
2819 4389 2905 4445 Ἐν
2951 4385 3009 4444 δὶ
3054 4392 3132 4461 τῷ
3176 4386 3366 4461 Μιλίῳ
3417 4385 3781 4464 διερχόμενον

2123 4474 2345 4552 ἔκρουσε
2391 4476 2717 4549 τραπεζίτης
2758 4498 2841 4539 τις
2902 4477 3202 4552 μετριάζων
3273 4477 3408 4550 μετὰ
3464 4476 3780 4553 στυρακίου.

2124 4564 2272 4620 Μετὰ
2314 4562 2371 4619 δὲ
2416 4563 2647 4639 χρόνους
2694 4562 2822 4620 δίκα
2862 4563 2961 4619 τοῦ
3011 4564 3303 4643 ἰλὲφαντος
3360 4565 3781 4641 ἀνατραφέντος,

2123 4654 2213 4709 καὶ
2266 4653 2340 4715 εἷς
2400 4654 2460 4708 τὸ
2491 4650 2880 4727 Ἰπποδρόμιον
2942 4652 3230 4729 ἀγομένου,
3289 4656 3375 4708 καὶ
3434 4654 3484 4708 ἐν
3544 4659 3629 4726 τῷ
3684 4660 3785 4710 Πι-

2127 4744 2234 4817 λίῳ
2266 4738 2651 4819 διερχομένου,
2684 4744 2927 4817 ἐμνήσθη
2960 4749 3056 4799 τοῦ
3107 4744 3432 4821 κρούσαντος
3474 4744 3663 4817 αὐτὸν,
3693 4745 3783 4799 καὶ

2127 4830 2255 4887 ἲδὼν
2285 4831 2465 4901 αὐτὸν,
2502 4832 2699 4895 εὐθέως
2751 4835 3172 4910 βρυχησάμενος
3224 4832 3447 4910 ἔκρουσε
3492 4834 3587 4889 τὸν
3648 4856 3785 4910 τρα-

2126 4920 2375 4991 πεζίτην,
2418 4921 2507 4975 καὶ
2584 4919 2798 4997 ἔσχισεν
2858 4920 3017 4977 αὐτὸν
3077 4924 3384 4997 παραυτίκα
3445 4926 3615 4996 μὲσον
3690 4927 3783 4978 τοῦ

2128 5009 2355 5067 Μιλίου.

2128 5118 2258 5193 Περὶ
2313 5122 2424 5174 τῶν
2485 5118 2704 5174 εἰκόνων
2761 5125 2868 5175 τῶν
2930 5122 3234 5214 ἱβαμὲνων
3295 5121 3349 5176 ἐν
3401 5125 3481 5194 τῷ
3560 5121 3781 5198 μεγάλῳ

2724 5212 2988 5269 πορφυρῳ
3016 5212 3178 5250 κιονι.

2204 5278 2605 5357 Μητροφᾶνους
2648 5278 2737 5334 καὶ
2771 5278 3126 5355 Ἀλεξάνδρου
3176 5282 3263 5336 καὶ
3314 5280 3539 5337 Παύλου
3587 5280 3788 5341 εἰκόνες

2132 5367 2182 5423 ἰν
2228 5369 2404 5422 σανίσι
2434 5368 2716 5444 γεγόνασιν
2754 5370 2854 5424 ὑπὸ
2900 5374 2999 5424 τοῦ
3045 5369 3304 5445 Μεγάλου
3354 5370 3786 5436 Κωνσταντὶνου,

2131 5455 2220 5511 καὶ
2263 5454 2484 5512 ἵσταντο
2544 5457 2595 5512 ἐν
2649 5460 2729 5530 τῷ
2764 5459 2989 5533 μεγάλῳ
3038 5463 3305 5536 πορφυρῷ
3358 5459 3501 5513 κίονι
3547 5458 3786 5529 πλησίον

2133 5545 2268 5600 κατὰ
2323 5543 2591 5610 ἀνατολάς
2622 5564 2636 5579 ⁸
2684 5547 2897 5609 ἅστινας
2939 5548 2991 5601 οἱ
3022 5548 3292 5623 Ἀρειανοὶ
3358 5547 3496 5619 μετᾶ
3549 5548 3616 5602 τὸ
3664 5567 3791 5621 xpu-

2132 5640 2316 5706 τῆσαι,
2371 5634 2501 5710 πυρὶ
2559 5632 3003 5710 παραδεδώκασιν
3066 5636 3111 5693 ἂι
3172 5640 3250 5709 τῷ
3325 5634 3508 5713 ὠρείῳ
3575 5634 3788 5707 Μιλίῳ.
