4060 6214
318 356 469 416 1281

1450 347 1813 409 ANONYMI
1861 347 2446 419 ANTIQUITATES
2491 350 2610 413 CP.

3582 353 3736 415 1282

318 484 451 559 μετᾶ
479 479 695 538 καὶτοῦ
741 481 842 546 τῆς
898 472 1167 531 Θεοτόκου
1211 472 1688 549 ἀπεικονίσματος,
1738 476 1829 531 καὶ
1875 476 1964 531 αὖ·

2091 478 2295 534 rlerunt
2349 498 2466 536 una
2522 497 2657 538 cum
2716 481 2974 555 imagine
3028 486 3085 535 S.
3119 481 3402 554 Deiparae,
3435 489 3492 539 et
3546 484 3734 556 ipsius

312 578 410 629 τοῦ
464 570 530 640 δὴ
580 572 677 623 τοῦ
725 565 1091 636 νηπιάσαντος
1157 563 1319 639 σαρκὶ
1350 565 1533 634 Ἰησοῦ
1576 566 1838 640 Χριστοῦ,
1870 584 1967 619 κα-

314 662 423 725 θὼς
454 656 809 734 Ἀγγυριανὸς
838 651 1221 730 χρονογράφος
1268 651 1320 707 ἰν
1350 658 1430 725 τῷ
1459 651 1745 729 δεκαλόγῳ
1777 654 1968 725 αὐτοῦ,

314 750 405 807 καὶ
438 747 788 808 Ἀναστάσιος
816 746 951 817 ἡμῖν
987 739 1336 816 παρέδωκαν.

859 849 986 923 Περὶ
1017 848 1080 903 τὸ
1115 848 1414 923 Σμύρνιον.

391 946 467 1003 Τὸ
497 941 839 1015 καλούμενον
873 937 1146 1014 Σμύρνιον
1192 936 1429 1008 πλησίον
1473 943 1569 994 τοῦ
1618 937 1970 1017 Τετραδισίου

320 1032 589 1111 ἐμϐόλου,
622 1032 879 1105 σύνεγγυς
922 1031 1019 1082 τοῦ
1068 1025 1256 1101 Ἀγίου
1307 1024 1592 1103 Θεοδώρου
1657 1032 1755 1083 τοῦ
1812 1035 1971 1107 Σφω-

320 1124 535 1202 ρακίου,
569 1120 687 1197 ἔχει
739 1118 993 1174 ὑποκάτω
1039 1123 1139 1186 τῆς
1190 1123 1294 1191 γῆς
1322 1120 1419 1171 τοῦ
1452 1118 1587 1193 πρὸς
1624 1118 1823 1195 βορρᾶν
1876 1117 1971 1191 μὲ-

322 1235 452 1291 ρους
498 1210 722 1287 ὀργυιὰς
775 1205 922 1275 δέκα,
956 1203 1161 1275 στήλας
1213 1204 1382 1278 ἐννέα,
1432 1204 1481 1278 ἐξ
1532 1207 1603 1260 ὧν
1648 1204 1691 1261 δ’
1724 1206 1817 1281 μέν
1867 1207 1971 1261 εἰσι

317 1299 729 1360 Κωνσταντίνου
756 1300 859 1352 τοῦ
893 1292 1148 1370 Μεγάλου
1198 1295 1288 1349 καὶ
1334 1301 1434 1363 τῆς
1490 1295 1747 1369 γυναικὸς
1807 1295 1972 1350 αὑτοῦ

322 1392 600 1461 ᾡαύστης,
650 1387 739 1443 καὶ
782 1384 1093 1460 Ίλαρίωνος
1140 1384 1523 1458 πραιποσίτου,
1573 1385 1662 1438 καὶ
1710 1389 1806 1438 τοῦ
1853 1384 1969 1457 τρί-

322 1502 422 1537 του
453 1476 647 1541 παιδὸς
676 1475 837 1531 αὐτοῦ
890 1473 1134 1550 Κρίσπου
1180 1472 1614 1545 ὀνομαζομένου,
1646 1474 1704 1528 ’ὸν
1744 1471 1973 1549 Ἡρόδο-

317 1591 411 1632 τος
470 1568 559 1624 καὶ
605 1564 928 1625 Ἱππόλυτος
984 1562 1356 1639 χρονογράφοι
1409 1560 1656 1638 λέγουσιν
1703 1563 1973 1640 ἀποκεφα-

323 1658 603 1729 λισθῆναι,
636 1653 725 1710 διὰ
770 1654 833 1708 τὸ
883 1651 957 1715 είς
1004 1651 1235 1724 ὑποψίαν
1280 1649 1453 1705 ἐλθεῖν
1510 1649 1597 1705 ἰπὶ
1632 1651 1852 1726 Φαύστῃ
1905 1655 1971 1724 τῇ

329 1750 570 1821 μητρυιᾷ
616 1744 801 1800 αὑτοῦ.
836 1742 929 1796 Διὸ
978 1740 1187 1810 ἐκείνην
1232 1740 1350 1812 μὲν,
1389 1738 1674 1815 βαλανείου
1725 1738 1974 1818 σφοδρῶς

321 1836 630 1901 ἐκκαὲντος,
667 1830 941 1887 ἐκέλευσεν
994 1825 1190 1892 ἔσωθεν
1241 1826 1440 1883 τούτου
1471 1835 1804 1899 κατακαῆναι
1838 1847 1852 1860 ·
1882 1830 1973 1884 τὸν
2005 1858 2052 1923 Β

324 1922 381 1979 δὲ
412 1924 528 1978 υἱὸν
558 1920 721 1977 αὑτοῦ
750 1919 1136 1991 ἀποτμηθῆναι
1166 1912 1382 1993 ἄκριτον
1435 1913 1523 1971 διὰ
1568 1918 1667 1986 τήν
1714 1917 1969 1991 ὑποψίαν.

320 2014 415 2069 Διὸ
459 2012 551 2067 καὶ
597 2017 698 2080 τῆς
749 2008 958 2082 μητρὸς
989 2004 1211 2077 Ἑλένης
1267 2007 1342 2078 μὴ
1392 2006 1664 2083 φερούσης
1693 2008 1792 2075 τὴν
1826 2006 1971 2061 ἀναί-

322 2123 467 2178 ρεσιν
528 2104 623 2155 τοῦ
673 2100 819 2167 νέου,
872 2093 975 2166 ἤδη
1025 2103 1127 2161 τῆς
1183 2100 1279 2149 τοῦ
1338 2093 1602 2167 Καίσαρος
1656 2095 1976 2167 ἀξιωθέντος

314 2197 511 2264 τιμῆς,
542 2185 842 2262 ἠδολὲσχει
874 2184 959 2239 ἐπὶ
993 2188 1062 2257 τῇ
1096 2184 1303 2259 ἀκρίτῳ
1353 2184 1620 2262 ἀποφάσει
1653 2204 1665 2218 ·
1711 2184 1801 2239 καὶ
1844 2206 1973 2255 στη-

321 2280 506 2341 λώσας
535 2279 627 2333 τὸν
686 2280 931 2331 τοιοῦτον
983 2275 1097 2328 υἱὸν
1158 2275 1323 2328 αὑτοῦ
1355 2274 1382 2327 ὁ
1414 2273 1591 2347 Μέγας
1645 2280 1973 2329 Κωνσταντὶ-

323 2390 435 2438 νος,
470 2365 560 2423 διὰ
614 2367 677 2421 τὸ
749 2370 1073 2439 μετανοῆσαι
1151 2362 1241 2417 καὶ
1321 2362 1656 2434 λυπηθῆναι,
1715 2360 1968 2418 ἔκλαυσεν

322 2458 535 2532 ἡμέρας
595 2458 645 2530 μ’
670 2455 760 2511 καὶ
812 2453 1008 2513 νύκτας
1052 2454 1125 2526 μ’,
1162 2455 1238 2525 μὴ
1301 2449 1634 2525 λουσάμενος
1669 2452 1731 2507 τὸ
1790 2458 1970 2526 σῶμα,

326 2544 469 2620 μηδὶ
518 2542 841 2605 ἀνακλιθείς.
870 2542 1129 2611 Ἐποίησε
1178 2537 1234 2595 δὲ
1279 2542 1377 2609 τήν
1427 2540 1622 2595 τούτου
1665 2541 1873 2611 στήλην
1922 2542 1972 2613 ἐξ

327 2636 571 2711 ἀργύρου
598 2637 858 2709 καθαροῦ,
894 2632 1068 2708 βάψας
1100 2630 1267 2698 αὐτὴν
1301 2630 1360 2685 ἑκ
1406 2630 1637 2706 χρυσίου
1688 2629 1970 2700 πλείστου,

325 2723 559 2801 ἐγκάψας
618 2723 684 2777 τὰ
730 2722 1029 2798 γράμματα
1081 2717 1407 2794 περιέχοντα
1442 2738 1455 2750 ·
1508 2721 1970 2778 ΗΔΙΚΗΜΕΝΟΣ

321 2815 368 2871 Ο
427 2817 579 2868 ΥιοΣ
631 2814 789 2867 ΜΟΥ.
844 2808 1057 2878 Ταύτην
1126 2806 1216 2861 οὖν
1279 2810 1479 2878 στήσας
1535 2809 1622 2863 καὶ
1686 2812 1970 2881 μετάνοιαν

325 2900 512 2977 βαλὼν
547 2899 793 2975 ἰλιπάρει
822 2897 914 2953 τὸν
949 2898 1077 2951 Θεὸν
1128 2897 1251 2972 περὶ
1292 2897 1365 2963 ὠν
1416 2895 1867 2969 ἐπλημμέλησεν.
1904 2898 1972 2951 Al

320 2988 381 3045 δὶ
438 2988 627 3044 λοιπαὶ
683 2985 880 3057 στῆλαί
939 2985 1041 3040 εἶσι
1097 2980 1369 3059 Σεϐήρου,
1413 2985 1718 3060 Αρματίου,
1752 2985 1971 3056 Ζευξίπ-

317 3100 450 3145 που,
504 3077 823 3152 Βιγλεντίου
868 3080 965 3131 τοῦ
1030 3075 1096 3130 τὰ
1164 3074 1445 3147 Βιγλὲντια
1521 3074 1822 3144 κτίσαντος,
1880 3075 1970 3129 καὶ

324 3165 669 3243 Ἐλευθερίου
723 3170 820 3220 τοῦ
870 3165 938 3219 τὰ
993 3162 1044 3218 ἐν
1106 3162 1322 3229 Σινάτῳ
1377 3160 1619 3217 παλάτια
1664 3162 1965 3227 κτίσαντος.

323 3257 489 3314 Οὗτοι
546 3253 638 3309 οὖν
696 3255 890 3315 πάντες
947 3254 1073 3327 παρ’
1122 3252 1286 3307 αὐτοῦ
1342 3252 1751 3320 ἐστηλώθησαν.
1795 3253 1862 3309 Οἱ
1914 3252 1970 3306 ὀὶ

324 3342 599 3421 Ἀρειανοὶ
650 3341 900 3417 εὑρόντες
948 3341 1035 3396 ἐπὶ
1078 3340 1384 3404 Οὐάλεντος
1432 3339 1745 3415 κατέχωσαν
1788 3340 1970 3405 αὐτάς.

2078 568 2217 623 Jesu
2269 569 2484 625 Christi
2536 570 2803 638 infantis,
2848 575 2913 625 ut
2958 571 3330 643 Angyrianus
3379 571 3734 644 chronogra-

2080 657 2235 729 phus
2266 656 2414 713 libro
2448 659 2697 728 decimo,
2732 666 2788 714 et
2824 659 3177 715 Anastasius
3212 660 3506 716 memoriae
3543 663 3737 733 prodi-

2081 746 2314 802 derunt.

2402 856 2474 910 De
2505 856 2616 912 loco
2645 859 3027 926 cognominan
3056 856 3402 929 Smyrnium.

2152 942 2339 998 Locus
2386 944 2716 1017 appellatus
2745 947 3085 1019 Smyrnium
3134 963 3311 1017 prope
3343 948 3735 1003 Tetradisiam

2082 1032 2392 1104 porticum,
2455 1051 2520 1089 ac
2581 1035 2841 1106 proxime
2880 1039 2936 1090 S.
2977 1034 3344 1091 Theodorum
3408 1038 3741 1108 Sphoracii,

2081 1121 2258 1176 habet
2301 1122 2761 1194 septentrionem
2795 1140 3001 1179 versus
3034 1126 3459 1180 concavilatem
3510 1126 3749 1181 subter-

2083 1226 2319 1265 raneam
2378 1214 2577 1267 decem
2638 1213 2935 1278 ulnarum,
2985 1230 3049 1267 ac
3108 1230 3311 1268 novem
3369 1219 3621 1281 statuas,
3679 1231 3747 1270 ex

2084 1298 2300 1371 quibus
2333 1300 2570 1373 quidem
2606 1306 2725 1357 tres
2756 1307 2915 1372 sunt,
2940 1302 3311 1357 Constantini
3345 1303 3558 1375 Magni,
3594 1305 3745 1359 Fau-

2085 1396 2187 1445 stae
2227 1392 2352 1460 ejus
2404 1392 2622 1459 uxoris,
2676 1408 2743 1446 ac
2776 1391 3089 1448 Hilarionis
3151 1394 3478 1464 praepositi;
3532 1399 3745 1465 quarta

2085 1477 2272 1550 Crispi
2324 1481 2452 1551 ejus
2500 1480 2629 1549 filii,
2661 1497 2833 1550 quem
2892 1482 3224 1537 Herodotus
3282 1487 3338 1536 et
3394 1481 3743 1555 Hippolytus

2084 1566 2514 1640 chronographi
2558 1569 2850 1624 memoriae
2902 1570 3310 1641 prodiderunt,
3343 1572 3531 1642 capite
3564 1571 3744 1627 fuisse

2084 1655 2423 1724 multatum,
2456 1659 2612 1730 quod
2654 1658 2712 1713 in
2764 1658 3158 1731 suspicionem
3211 1660 3469 1715 venisset
3517 1661 3744 1716 Faustae

2084 1761 2343 1800 novercas
2436 1747 2816 1802 concubitum
2904 1746 3276 1803 sollicitasse.
3355 1750 3741 1813 Quamobrem

2086 1833 2362 1889 Faustam
2397 1834 2633 1905 quidem
2681 1834 2886 1891 balneo
2936 1840 3221 1891 aestuante
3275 1838 3588 1907 sutl'ocari;
3621 1838 3739 1893 tilio

2084 1926 2275 1976 autem
2310 1923 2512 1994 Crispo
2544 1929 2722 1995 caput
2752 1924 2975 1979 indicta
3007 1941 3185 1980 causa
3217 1926 3511 1996 amputari
3537 1927 3739 1997 jussit.

2082 2010 2301 2066 Helena
2340 2028 2474 2067 vero
2524 2012 2893 2068 Constantini
2945 2017 3130 2069 mater
3181 2014 3419 2084 juvenis
3469 2020 3741 2079 mortem,

2082 2101 2326 2156 Caesaris
2367 2101 2493 2171 jam
2539 2101 2887 2171 dignitatem
2942 2101 3159 2172 adepti,
3212 2118 3360 2174 aegre
3409 2104 3622 2171 ferens,
3659 2106 3741 2167 nil

2084 2189 2243 2243 aliud
2274 2188 2360 2244 vel
2409 2188 2760 2260 loquebatur
2786 2190 2871 2245 vel
2914 2191 3331 2255 meditabatur,
3365 2208 3543 2262 quam
3593 2209 3737 2263 prae-

2084 2278 2320 2349 cipitem
2346 2279 2605 2346 juvenis,
2632 2279 2732 2350 qui
2765 2295 3002 2334 causam
3040 2296 3151 2333 non
3185 2279 3429 2334 dixisset
3461 2281 3736 2335 condem-

2085 2367 2405 2422 nationem.
2448 2369 2636 2433 Quare
2684 2368 3105 2423 Constantinus
3166 2368 3414 2439 Magnus
3477 2373 3736 2425 statuam

2083 2456 2205 2511 filio
2261 2472 2394 2523 suo,
2444 2455 2784 2527 pcenitenlia
2844 2462 3039 2511 motus
3091 2458 3294 2522 erexit,
3354 2473 3418 2512 ac
3476 2458 3737 2529 integros

2084 2546 2477 2616 quadraginta
2512 2545 2660 2610 dies,
2691 2545 3057 2616 totidemque
3102 2551 3304 2601 noctes
3335 2546 3528 2617 ipsum
3564 2546 3734 2613 luxit,

2083 2638 2247 2688 tanta
2296 2634 2473 2688 animi
2530 2634 2896 2706 aegritudine,
2933 2639 2995 2687 ut
3026 2650 3330 2705 nunquam
3378 2634 3466 2689 vel
3514 2634 3736 2690 lavaret

2084 2739 2327 2794 corpus,
2385 2722 2473 2777 vel
2542 2723 2690 2778 lecto
2761 2723 3148 2777 recumberet.
3210 2724 3473 2777 Statuam
3541 2729 3738 2779 autem

2084 2812 2235 2867 hanc
2259 2814 2306 2867 ei
2334 2812 2531 2883 posuit
2551 2829 2618 2867 ex
2640 2816 2879 2883 argento
2908 2828 3053 2882 puro
3085 2813 3442 2880 inauratam,
3472 2829 3604 2867 cum
3628 2812 3738 2868 hac

2086 2902 2507 2972 inscriptione:
2540 2902 2775 2956 FILIUS
2822 2901 3013 2955 MEUS
3054 2901 3350 2956 INJUSTE
3384 2902 3735 2957 NECATUS.

2084 2990 2203 3044 Hac
2269 2989 2448 3060 igitur
2514 2994 2705 3044 erecta
2771 2995 3003 3056 statua,
3072 2990 3479 3059 pcenitentium
3551 3007 3732 3059 more,

2083 3094 2323 3149 corpore
2351 3082 2409 3132 et
2441 3076 2628 3148 capite
2677 3077 2979 3142 inclinato,
3011 3076 3248 3141 sceleris
3291 3078 3517 3131 veniam
3551 3095 3585 3132 a
3615 3078 3731 3133 Deo

2083 3166 2456 3237 efflagitabat.
2494 3165 2778 3220 Caeterum
2824 3165 3061 3235 reliquae
3105 3170 3311 3219 statuae
3344 3171 3483 3220 sunt
3513 3167 3729 3237 Severi,

2084 3254 2392 3322 Harmatii,
2444 3254 2742 3325 Zeuxippi,
2776 3252 3095 3324 Vigilantii,
3146 3254 3246 3324 qui
3298 3254 3588 3324 Viglentia
3636 3271 3731 3310 ex-

2084 3344 2317 3413 struxit,
2358 3349 2415 3397 et
2462 3342 2781 3396 Eleutherii
2842 3340 3042 3412 palatii
3103 3345 3342 3398 senatus
3391 3344 3728 3399 conditoris.

326 3436 444 3492 Has
474 3449 678 3490 omnes
709 3438 935 3490 statuas
966 3432 1390 3490 Constantinus
1418 3435 1664 3504 Magnus
1696 3432 1840 3505 erigi
1871 3434 2116 3503 curavit,
2146 3449 2294 3504 quas
2325 3437 2526 3505 postea
2556 3432 2666 3487 sub
2697 3430 2938 3487 Valente
2970 3430 3164 3485 Ariani
3196 3447 3327 3486 cum
3360 3430 3730 3503 reperissent,

327 3532 484 3583 terra
520 3526 863 3581 obruerunt.

324 3635 449 3694 Πῶς
496 3630 561 3685 οὐ
607 3626 948 3683 δαπανῶνται
998 3627 1273 3703 τᾶμτιίχη
1321 3634 1423 3698 τῆς
1466 3627 1705 3695 πόλεως,
1736 3629 1803 3683 τά
1832 3628 1977 3703 παρᾶ

1005 3698 1297 3771 θαλάσσης.

401 3789 604 3859 Κτίζων
684 3785 742 3843 δὲ
824 3789 922 3857 τὴν
998 3787 1163 3843 πόλιν
1220 3789 1247 3842 ὁ
1305 3788 1479 3865 Μέγας
1550 3792 1974 3858 Κωνσταντῖνος,

324 3875 482 3940 ὄντος
538 3881 634 3933 τοῦ
686 3873 857 3932 τόπου
914 3874 1250 3951 πετρώδους,
1306 3878 1393 3932 καὶ
1461 3875 1765 3950 μέλλοντος
1812 3877 1976 3931 αὐτοῦ

323 3966 535 4037 ἑξισοῦν
592 3967 732 4041 πρὸς
787 3966 848 4020 τὸ
904 3966 1101 4035 κτίζειν
1134 3965 1262 4028 τοὺς
1321 3961 1595 4038 ἐμϐόλους
1641 3964 1731 4019 καὶ
1768 3964 1973 4039 ἐξάερα,

330 4055 629 4117 κόπτοντες
662 4056 714 4110 οἱ
743 4051 982 4125 λιθοξόοι
1013 4055 1103 4109 καὶ
1160 4056 1393 4128 λατόμοι
1440 4055 1537 4115 τὰς
1588 4055 1826 4130 κορυφὰς
1867 4059 1973 4109 τῶν

322 4143 913 4221 πετρῶν,κατεκύλιον
962 4144 1091 4208 τοὺς
1140 4142 1328 4208 λίθους
1359 4143 1484 4206 τοὺς
1536 4144 1825 4216 κειμένους
1874 4142 1977 4213 ’ἐξω

320 4240 432 4291 τῶν
477 4239 681 4310 τειχῶν
735 4234 840 4289 άπὸ
880 4241 982 4302 τῆς
1030 4230 1337 4308 Βαρϐάρας,
1374 4235 1540 4308 μέχρι
1572 4237 1668 4287 τοῦ
1700 4230 1976 4287 Παλατίου

321 4326 412 4380 καὶ
472 4330 576 4379 τῶν
634 4328 875 4400 Σοφιῶψ
906 4324 991 4377 καὶ
1055 4327 1163 4377 τῶν
1213 4321 1579 4398 Ἐλευθερίου,
1618 4321 1782 4396 μέχρι
1835 4342 1978 4397 χρυ-

324 4414 443 4475 σίας
474 4432 485 4444 ·
521 4412 611 4466 καὶ
672 4410 869 4476 ἔσωθεν
928 4416 1036 4466 τῶν
1090 4410 1272 4465 αὐτῶν
1336 4409 1501 4465 λίθων
1532 4409 1695 4481 ἔπηξε
1723 4410 1788 4465 τά
1816 4411 1974 4485 τείχη

323 4502 403 4563 εἷς
458 4499 712 4571 διάστιξιι
768 4504 866 4554 τοῦ
924 4502 1145 4573 τείχους
1198 4501 1285 4553 καὶ
1340 4500 1497 4569 πῆξιν
1588 4499 1773 4567 αὐτοῦ,
1833 4497 1981 4561 ὅπως

2194 3631 2373 3698 Quare
2401 3632 2553 3685 muri
2580 3629 2858 3684 maritimi
2884 3628 3043 3684 urbi:
3072 3644 3177 3683 non
3208 3635 3623 3683 consumantur.

2157 3794 2297 3845 Cum
2330 3790 2745 3846 Constantinus
2795 3793 3037 3863 Magnus
3088 3789 3292 3844 urbem
3345 3787 3494 3843 hanc
3525 3789 3735 3844 conde-

2088 3884 2194 3948 ret,
2219 3888 2271 3935 οι
2301 3879 2494 3935 locum
2526 3883 2727 3951 utpote
2750 3896 3047 3948 saxosum,
3073 3879 3142 3934 ad
3176 3878 3440 3950 porticus
3470 3879 3740 3950 atriaque

2085 3969 2482 4024 construenda
2532 3968 2906 4040 complanare
2938 3967 3129 4035 vellet,
3163 3967 3426 4039 lapicidas
3478 3984 3543 4023 ac
3592 3967 3740 4023 scal-

2088 4063 2285 4131 ptores
2342 4058 2552 4115 excisis
2608 4064 2901 4130 petrarum
2972 4058 3241 4130 apicibus
3295 4057 3520 4129 lapides
3579 4062 3742 4112 extra

2089 4165 2291 4203 muros
2349 4150 2613 4219 jacentes
2681 4148 3131 4217 convolvebant,
3196 4164 3229 4201 a
3287 4152 3452 4217 porta
3516 4150 3741 4200 Sancta:

2089 4237 2354 4291 Barbarae
2406 4237 2475 4291 ad
2529 4236 2807 4306 palatium
2861 4251 3069 4306 usque,
3099 4241 3154 4288 et
3205 4239 3437 4304 portum
3492 4233 3741 4303 Sophia-

2089 4342 2253 4390 num,
2278 4343 2309 4379 a
2329 4330 2496 4395 portu
2523 4331 2715 4379 autem
2740 4323 3080 4387 Eleutherii,
3108 4324 3175 4376 ad
3205 4328 3430 4394 portam
3459 4324 3737 4376 Auream:

2091 4430 2155 4469 ac
2212 4414 2367 4468 intra
2425 4414 2657 4469 eosdem
2726 4412 2955 4483 lapides
3013 4428 3220 4466 murus
3275 4411 3549 4465 conditus
3608 4410 3741 4479 fuit,

2092 4520 2207 4575 quo
2259 4502 2529 4557 remotior
2557 4518 2623 4556 ac
2655 4500 2897 4557 solidior
2926 4505 3101 4568 esset,
3135 4506 3199 4555 ut
3246 4500 3529 4571 agitatum
3580 4515 3743 4555 mare

322 4591 704 4664 κυμαινομίνη
764 4591 798 4659 ἡ
865 4587 1104 4652 θάλασσα
1161 4587 1237 4649 είς
1292 4589 1385 4650 τὰς
1444 4587 1644 4663 πέτρας
1708 4585 1974 4664 κρονόσασα

2092 4574 2302 4648 iisdem
2349 4591 2645 4663 lapidibus
2695 4589 2944 4656 illisum,
2996 4590 3179 4645 muris
3229 4589 3605 4660 tranquillius
3655 4591 3744 4645 af-

322 4677 590 4756 γαληνιᾷ.

326 4793 627 4869 ἈρσῖενίουΔ
691 4797 938 4869 μοναχοῦ
1022 4792 1091 4869 τά
1168 4792 1521 4869 Στρογγόλου
1604 4800 1705 4869 τῆς
1788 4799 1980 4869 μονῆς,

406 4863 659 4944 ξἰήγησίς
692 4863 700 4867 ⁷
734 4863 872 4944 "rte"
908 4868 1105 4941 μερική
1186 4863 1371 4940 οὗπερ
1407 4868 1441 4935 ἡ
1526 4867 1664 4939 μον-ἠ
1748 4863 1983 4944 πέφυκεν

408 4935 599 5010 ἄντρον
694 4936 882 5012 πέτρα.

410 5035 522 5108 Πρὸ
550 5032 740 5109 ὀλίγου
771 5032 977 5109 χρόνου
1009 5031 1077 5103 δὴ
1130 5033 1181 5089 ἐν
1230 5038 1346 5097 τοῖς
1393 5034 1675 5090 ἐνεστῶσιν
1719 5034 1983 5098 ἐνιαυτοῖς

330 5122 523 5198 γὲγονι
578 5143 632 5177 τι
690 5123 835 5195 ξένον
890 5120 979 5176 καὶ
1034 5122 1312 5196 θαύματος
1358 5121 1501 5194 ἄξιον
1531 5145 1543 5157 ·
1576 5122 1665 5179 καὶ
1711 5123 1811 5200 γάρ
1844 5125 1985 5180 ἀπά-

334 5212 523 5286 ραντες
581 5232 722 5273 τινες
779 5214 877 5266 τοῦ
933 5210 1208 5287 παραλίου
1261 5212 1460 5289 μὲρους
1508 5217 1604 5268 τοῦ
1638 5218 1855 5282 Στενοῦ,
1897 5214 1986 5268 καὶ

332 5299 471 5375 πρός
501 5319 551 5354 τι
585 5298 829 5371 νησίδιον
860 5299 953 5354 τὸν
1000 5300 1281 5356 ἀπόπλουν
1336 5307 1619 5366 ποιοῦντες
1668 5302 1744 5366 εἷς
1787 5302 1986 5374 ἐξώνη·

335 5410 418 5443 σιν
487 5392 596 5443 τῶν
666 5388 849 5451 αὐτοῖς
918 5386 1230 5463 χρειωδῶν,
1280 5392 1656 5453 καταστάσεως
1721 5388 1987 5461 εὐδιεινῆς

336 5477 741 5552 τυγχανούσης,
778 5476 867 5531 καὶ
918 5477 1064 5553 παρὰ
1108 5478 1199 5532 τὸν
1241 5477 1492 5553 αἰγιαλὸν
1535 5484 1632 5534 τοῦ
1662 5482 1762 5543 τῆς
1799 5479 1989 5534 ἀνατο-

338 5565 446 5637 λῆς
499 5568 697 5641 μέρους
740 5566 969 5642 ἡσύχως
1021 5563 1301 5638 πλέοντες,
1361 5570 1412 5624 οἱ
1472 5568 1522 5624 ἐν
1580 5573 1658 5641 τῷ
1714 5566 1991 5642 πλοιαρίῳ

340 5655 707 5733 τυγχάνοντες
749 5654 939 5712 ναῦταί
985 5676 1046 5711 τε
1098 5655 1190 5712 καὶ
1221 5652 1473 5714 ἐπιϐάται
1501 5657 1705 5729 ἤκουον
1752 5664 1993 5733 κραυγῆς

2094 4682 2318 4736 flueret.

2093 4797 2314 4853 Arscm'i
2344 4796 2597 4851 monachi
2623 4796 2944 4850 monasterii
2988 4794 3293 4867 Strongyli,
3328 4794 3555 4867 quodin
3587 4804 3746 4851 antro

2292 4870 2405 4923 sive
2425 4876 2579 4939 petra
2607 4869 2777 4923 situm
2807 4871 2947 4938 erat,
2982 4866 3236 4923 narratio
3265 4866 3538 4938 quaedam.

2166 5036 2381 5108 Nuper,
2413 5040 2470 5093 et
2508 5036 2724 5093 recenti
2776 5037 3059 5093 memoria
3106 5053 3319 5093 novum
3352 5034 3654 5107 quidpiam
3688 5036 3746 5089 et

2099 5126 2487 5181 admiratione
2536 5127 2782 5198 dignum
2835 5128 3065 5182 accidit.
3099 5126 3344 5192 Quidam
3394 5123 3549 5178 enim
3578 5139 3611 5177 a
3650 5121 3744 5175 lit-

2096 5221 2221 5271 tore
2269 5215 2426 5271 Steni
2478 5231 2612 5271 cum
2668 5215 3000 5284 solvissent,
3033 5221 3091 5270 et
3141 5216 3209 5269 ad
3260 5228 3498 5283 parvam
3532 5227 3745 5283 quam-

2100 5306 2231 5360 dam
2263 5304 2517 5360 insulam
2551 5306 2622 5361 ad
2656 5306 2987 5361 necessaria
3016 5302 3336 5359 coemenda
3366 5299 3742 5372 navigarent;

2100 5395 2241 5449 dum
2272 5394 2590 5465 tranquillo
2624 5395 2771 5449 mari
2811 5391 3091 5449 orientale
3120 5390 3290 5445 littus
3335 5388 3561 5462 placide
3590 5390 3745 5462 lege-

2099 5487 2274 5538 rent:
2309 5483 2411 5554 qui
2464 5483 2520 5537 in
2572 5480 2842 5537 navicula
2883 5484 3051 5535 erant
3106 5483 3295 5533 nautae
3346 5482 3744 5550 vectoresque,

2100 5588 2297 5628 vocem
2346 5571 2554 5644 aquilae
2588 5585 2938 5642 magnopere
2982 5566 3295 5624 clamantis
3325 5573 3380 5624 et
3411 5568 3469 5622 in
3496 5568 3626 5622 vitae
3658 5568 3747 5621 di-

2104 5662 2380 5719 scrimine
2430 5660 2684 5733 graviter
2740 5656 3015 5729 lugentis,
3066 5657 3301 5730 Deoque
3350 5656 3745 5729 permittente,
