4060 6214
387 257 542 321 1283

1341 260 1739 322 ΑΡΡΕΝΒΙΧ
1783 261 1890 320 ΑΙ)
1938 257 2397 320 MICHAELEM
2439 256 2832 322 PSELLUM.

3636 265 3775 325 {284

374 397 754 471 implorantis
777 394 1082 463 auxilium,
1104 400 1474 468 acceperunt.
1498 396 1664 461 Quod
1688 412 1821 451 cum
1850 394 2029 451 anim.

2147 394 2304 447 ἀετοῦ
2346 390 2721 468 σφοδροτάτης
2768 395 2866 463 τὴν
2917 395 3107 451 ἑαυτοῦ
3164 396 3310 464 ζωὴν
3356 392 3777 469 ἀποδυρομένους

387 488 793 552 advertissent,
827 486 898 540 ad
942 484 1110 541 littus
1139 502 1344 541 navem
1397 484 1725 557 appellunt,
1758 491 1815 541 et
1845 501 2032 540 rema-

385 576 763 632 manentibus
808 575 1052 638 cmteris,
1083 592 1182 631 sex
1229 580 1369 630 sunt
1415 575 1633 647 egressi
1686 575 1783 647 qui
1836 590 2031 630 vocem

388 666 511 722 avis
556 680 621 719 eo
673 680 883 734 usque,
915 664 1054 719 dum
1107 664 1681 736 appropinquassent
1713 663 1920 733 secuti,
1950 663 2033 717 vi-

383 755 592 809 derunt
625 752 881 823 aquilam
927 751 1074 806 beul
1113 752 1401 823 serpentis
1433 752 1600 824 plexu
1652 753 1732 807 ita
1781 753 2030 807 circum-

382 843 598 907 datam,
637 847 693 895 ut
730 840 974 911 pedibus
1016 841 1341 913 pennisque
1372 841 1685 897 constricta
1717 846 2031 907 teneretur,

384 930 835 1001 proximumque
866 934 1039 1001 esset,
1075 934 1138 984 ut
1169 930 1240 985 ab
1294 948 1359 985 eo
1406 931 1799 985 deveraretur.
1834 931 2032 1001 Itaque

384 1018 539 1074 anxii
574 1035 707 1072 cum
757 1019 1093 1088 ignorarent
1139 1036 1252 1089 quo
1302 1025 1469 1090 pacto
1518 1023 1815 1074 servarent
1864 1018 2031 1089 aqui-

383 1108 501 1164 lam
533 1113 983 1179 serpentemque
1023 1108 1436 1176 interﬁcerent,
1471 1109 1738 1179 protinus
1788 1108 2034 1163 redeunt

383 1198 455 1254 ad
488 1215 689 1253 navem
726 1214 838 1253 non
872 1196 951 1252 ita
983 1197 1183 1268 procul
1208 1197 1499 1263 dissitam,
1526 1199 1891 1269 arreptisque
1924 1197 2032 1250 fer-

382 1286 610 1359 cipibus
642 1304 707 1343 ac
738 1287 947 1356 gladiis
980 1286 1231 1358 aliisque
1270 1286 1403 1341 telis
1434 1286 1631 1353 aeneis,
1668 1303 1890 1341 necnon
1945 1287 2033 1341 fa-

380 1377 622 1432 brorum
656 1375 991 1430 aerarierum
1021 1376 1455 1445 instrumentis,
1481 1392 1605 1447 qua:
1637 1391 1834 1431 secum
1866 1375 2034 1430 vehe-

383 1463 548 1530 bant,
580 1480 711 1517 cum
764 1462 940 1518 sociis
974 1461 1122 1531 aliis,
1160 1463 1261 1533 qui
1309 1462 1367 1516 in
1418 1460 1686 1518 navicula
1735 1477 2030 1516 remanse-

385 1558 535 1619 rant,
567 1569 684 1606 una
735 1553 972 1619 abeunt,
1007 1557 1178 1623 atque
1208 1552 1301 1606 his
1341 1552 1610 1607 instructi
1655 1552 1742 1606 avi
1791 1551 2032 1606 auxilia-

383 1646 507 1696 tum
538 1647 800 1697 currunt.
822 1643 1083 1712 Cumque
1108 1644 1433 1712 serpentem
1461 1642 1681 1719 eodem,
1708 1658 1822 1712 que
1847 1641 2029 1711 prius,

383 1730 557 1785 modo
608 1730 813 1802 aquilae
872 1731 1299 1784 circumdatum
1347 1730 1725 1801 reperissent,
1776 1728 2031 1785 circum-

334 1844 338 1849 “
382 1824 707 1885 steterunt;
764 1824 821 1874 et
868 1836 1000 1874 cum
1056 1818 1367 1890 nequirent
1413 1819 1541 1890 ejus
1602 1819 1790 1891 spiras
1839 1818 2032 1890 gladio

380 1908 683 1975 impetere,
732 1907 895 1963 veriti
948 1925 1019 1963 ne
1049 1907 1307 1979 aquilam
1359 1907 1709 1973 occiderent,
1743 1907 2035 1963 succurrit

381 1996 527 2069 ipsis
573 1998 895 2051 vertebram
944 1997 1123 2068 apinae
1173 1998 1354 2067 dorsi,
1387 2014 1515 2068 quae
1565 1997 1936 2068 prominebat
1974 2002 2032 2051 et

380 2084 639 2156 aquilam
689 2087 917 2157 tegebat
962 2085 1232 2155 exterior,
1281 2086 1600 2157 forcipibus
1651 2085 2028 2157 prehendere.

381 2175 542 2239 Quod
578 2173 674 2228 ubi
709 2173 953 2229 solerter
1001 2179 1301 2245 peractum
1350 2178 1457 2239 est,
1491 2173 1591 2229 alii
1639 2190 1771 2229 cum
1824 2174 2030 2247 opiﬁce

381 2266 715 2335 serpentem
771 2261 960 2317 valide
1008 2262 1583 2334 comprehenderunt
1628 2262 2029 2318 strinxerunt-

381 2371 514 2425 que.
537 2352 637 2408 Ille
660 2356 853 2406 autem
880 2368 1006 2407 sese
1028 2350 1117 2407 vel
1142 2352 1361 2407 invitus
1383 2351 1682 2423 explicuit,
1699 2355 1753 2405 et
1779 2352 2026 2406 caudam

380 2445 596 2496 terram
629 2458 833 2496 versus
864 2447 1259 2512 experrectum
1307 2441 1367 2495 in
1418 2440 1703 2496 auxilium
1754 2441 1865 2495 sibi
1902 2457 2027 2495 mo-

379 2532 550 2585 vebat
590 2531 772 2585 donec
816 2548 848 2584 a
896 2530 1419 2585 circumstantibus
1464 2535 1552 2585 est
1600 2531 1848 2586 occisus.
1883 2531 2029 2585 Tum

380 2618 575 2691 aquila
609 2618 914 2690 paululum
961 2635 1023 2673 se
1063 2619 1363 2687 subduxit,
1398 2620 1638 2690 alasque
1670 2637 1902 2675 movere
1932 2636 2028 2674 vo-

377 2709 488 2763 luit
520 2725 623 2763 nec
656 2707 861 2777 potuit,
897 2707 1038 2762 adeo
1089 2708 1278 2762 fuerat
1321 2706 1471 2762 male
1503 2725 1535 2761 a
1567 2714 1835 2780 serpente
1868 2725 2029 2764 accc-

380 2801 495 2869 pta.
532 2801 731 2851 Nautes
778 2812 911 2850 vero
941 2801 1320 2866 vectoresque
1364 2796 1564 2851 relicta
1594 2796 1793 2868 aquila
1824 2797 1892 2851 ad
1929 2814 2029 2852 na-

377 2903 506 2942 vem
542 2885 785 2952 rediere,
810 2884 925 2940 laeti
958 2885 1277 2939 admodum
1308 2884 1447 2955 quia
1478 2902 1638 2941 avem
1673 2882 2027 2942 incolumem

378 2976 813 3048 praestitissent.
883 2974 1260 3045 Rursumque
1327 2974 1461 3030 inde
1526 2975 1852 3045 solverunt,
1923 2992 2028 3031 nec

377 3064 569 3121 stadia
620 3065 734 3120 duo
796 3065 1026 3118 fuerant
1072 3064 1296 3119 emensi
1326 3066 1415 3135 (ut
1462 3081 1595 3119 cum
1638 3066 2028 3137 jurejurando

2142 481 2255 552 καὶ,
2302 483 2418 536 κατ’
2469 482 2781 557 οἰκονομίαν
2839 488 2993 553 Θεοῦ,
3040 486 3130 539 τὸν
3198 484 3546 559 βοηθήσαντα
3601 484 3778 539 ἀνακα-

2145 569 2437 643 λουμένου.
2475 571 2544 628 O'l
2601 570 2691 626 οῦν
2753 567 2943 647 ἄνδρες
3013 574 3063 628 οἱ
3109 571 3159 627 ἐν
3222 576 3299 643 τῷ
3346 570 3620 648 πλοιαρίῳ
3664 593 3781 647 προ-

2142 660 2367 733 σχόντες
2419 659 2507 714 καὶ
2553 660 2735 733 τούτῳ
2786 661 2922 736 πρὸς
2979 660 3071 715 τὸν
3125 658 3377 735 αἰγιαλὸν
3424 658 3781 722 ἐποκείλαντες

2143 746 2368 819 ἐξῆλθον
2410 747 2503 802 τὸν
2558 748 2790 822 ἀριθμὸν
2828 748 2904 819 ἓξ,
2934 753 3040 804 τῶν
3089 747 3301 803 λοιπῶν
3352 750 3782 824 προσμείναντων

2142 835 2193 891 ἐν
2244 841 2311 909 τῇ
2358 838 2472 907 νηῒ,
2507 838 2594 891 καὶ
2644 841 2710 911 τῇ
2761 842 2916 914 φωνῇ
2976 837 3517 908 ἐπακολουθήσαντες
3566 838 3660 893 τοῦ
3698 839 3781 915 ὀρθ

2142 925 2286 999 νέου,
2319 926 2409 980 καὶ
2462 925 2863 996 πλησιάσαντες
2912 927 3080 1000 αὐτῷ,
3132 925 3299 999 εἶδον,
3347 932 3466 1005 φεῦ,
3510 928 3603 982 τὸν
3650 928 3785 982 ἀετὸν

2145 1014 2247 1069 ὑπὸ
2277 1019 2374 1069 τοῦ
2428 1010 2602 1093 ὄφεως
2655 1013 3182 1090 περικυκλοὺμενον,
3213 1016 3343 1079 τούς
3386 1036 3441 1070 τε
3491 1014 3664 1077 πόδας
3708 1016 3788 1070 καὶ

2139 1105 2206 1158 τα
2251 1105 2438 1180 πτερὰ,
2474 1102 2611 1159 ὥστε
2663 1104 2941 1177 μέλλοντα
2988 1105 3112 1160 ὅσον
3163 1101 3317 1159 οὔπω
3376 1106 3575 1180 βρῶμα
3604 1105 3682 1177 τῷ
3710 1104 3792 1179 ἐρ-

2142 1198 2288 1264 πετῷ
2344 1194 2434 1248 τὸν
2497 1192 2653 1248 αὑτὸν
2709 1190 2855 1268 ὄρνιν
2907 1193 3172 1269 γενέσθαι.
3207 1193 3300 1258 Εἷς
3330 1194 3555 1270 ἀπορίαν
3588 1192 3677 1248 οῦν
3707 1192 3793 1248 ἄν·

2143 1279 2262 1357 δρες
2322 1282 2669 1354 ἐμπεσόντες,
2710 1284 2801 1337 καὶ
2861 1282 2911 1338 ἐν
2974 1282 3262 1357 ἀμηχανίᾳ
3319 1283 3625 1358 γενέμενοι,
3683 1288 3791 1344 πῶς

2146 1372 2237 1442 μὶν
2266 1372 2356 1426 τὸν
2388 1369 2538 1426 ἀετὸν
2564 1372 2688 1446 ὑγιῆ
2721 1370 2967 1445 ἐξελῶσι,
3000 1372 3091 1426 τὸν
3124 1369 3181 1426 δὶ
3238 1368 3360 1449 ὅφιν
3413 1371 3788 1440 ἀποκτείνωσι,

2140 1460 2637 1531 παλινοστήσαντες
2689 1460 2838 1523 αὖθις
2878 1463 3037 1536 τάχει
3087 1459 3309 1534 πολλῷ,
3340 1462 3475 1536 πρὸς
3522 1462 3627 1529 τήν
3672 1464 3788 1514 ναῦν

2140 1548 2533 1624 παραγίνονται
2590 1548 2652 1603 υὺ
2710 1549 2900 1626 πόρρω
2959 1550 3356 1625 τυγχάνουσαν,
3388 1549 3478 1605 καὶ
3529 1544 3787 1605 ἀναλαϐό-

2145 1658 2296 1710 μενοι
2347 1637 2379 1691 Et
2419 1636 2741 1715 ἐπεφέροντο
2803 1632 3030 1708 ξυλάϐια
3086 1638 3175 1692 καὶ
3235 1638 3359 1715 ξίφη
3415 1639 3504 1692 καὶ
3556 1638 3792 1712 ἑταίρους

2141 1726 2339 1798 αὑτῶν,
2370 1726 2495 1787 τοὺς
2546 1726 2595 1779 ἐν
2646 1731 2724 1799 τῷ
2772 1724 2977 1799 πλοίῳ,
3007 1726 3097 1781 καί
3147 1748 3266 1782 τινα
3316 1725 3528 1801 χαλκέα
3559 1727 3678 1799 μετ’
3705 1724 3793 1781 αὖ·

2141 1820 2272 1883 τῶν,
2310 1816 2443 1888 μετά
2471 1814 2578 1871 τῶν
2612 1816 2925 1891 προσόντων
2977 1816 3153 1871 αὐτῶν
3202 1813 3577 1892 χαλκευτικῶν
3642 1816 3792 1890 ἐργα-

2143 1902 2303 1977 λίων,
2364 1905 2799 1979 συναπαίρονται,
2860 1904 2949 1959 καὶ
3016 1900 3540 1981 συμπαραλαϐόντες
3615 1908 3791 1971 τοῦτο,

2143 1994 2405 2068 ὥρμησαν
2462 1991 2771 2066 σπουδαίως
2839 1994 2914 2055 εἰς
2983 1990 3187 2067 ἄμυναν
3256 1998 3353 2048 τοῦ
3427 1992 3663 2070 ὀρνέου·
3711 1993 3792 2046 καὶ

2142 2082 2389 2157 εὑρόντες
2427 2080 2593 2137 πάλιν
2642 2081 2733 2137 τὸν
2788 2077 2907 2161 ὅφιν
2946 2080 3121 2147 οὕτως
3165 2080 3387 2159 ἔχοντα,
3436 2081 3525 2136 καὶ
3576 2103 3793 2158 περικυι

2140 2170 2447 2234 κλώσαντες
2477 2171 2660 2239 αὑτὸν,
2694 2170 2792 2227 οὑκ
2823 2174 2970 2248 εἶχον
3016 2171 3166 2234 ὅπως
3212 2179 3312 2240 τῆς
3348 2169 3544 2226 τούτου
3593 2169 3789 2231 διπλᾶς

2140 2260 2440 2337 ἐφάψασθαι
2485 2258 2575 2316 διὰ
2627 2259 2956 2337 ξίφους,⁹ίνα
3005 2262 3080 2335 μὴ
3132 2261 3225 2316 τὸν
3273 2260 3425 2316 ἀετὸν
3462 2261 3788 2337 ἀφανίσωσι.

2142 2348 2472 2405 Σκὲπτονται
2520 2349 2610 2405 οῦν
2656 2351 2747 2405 τὸν
2810 2349 3110 2406 σπὸνδυλον
3178 2351 3657 2425 ὑπερανεστηκότα
3704 2348 3794 2405 τοῦ

2142 2438 2331 2514 ὀρνέου
2378 2439 2511 2512 μετᾶ
2556 2438 2653 2494 τοῦ
2704 2438 2960 2515 ἐργαλίου
3009 2446 3276 2514 κρατῆσαι
3314 2457 3331 2475 ο
3360 2440 3389 2493 ’ὀ
3441 2436 3508 2507 δὴ
3559 2440 3654 2494 καὶ
3710 2441 3797 2514 γὲ-

2138 2550 2289 2605 γονεν
2341 2530 2571 2606 εὐφυῶς,
2620 2530 2711 2583 καὶ
2758 2525 3277 2605 συμπαραλαϐόντες
3326 2528 3417 2583 καὶ
3465 2526 3649 2603 ἕτεροι
3708 2528 3792 2582 σὺν

2138 2622 2217 2690 τῷ
2273 2620 2523 2693 τεχνίτῃ,
2574 2617 2784 2673 ἐπίεσαν
2836 2620 2928 2673 τὸν
2982 2616 3103 2697 ὅφιν
3164 2616 3393 2696 σφόδρα,
3451 2618 3541 2673 καὶ
3600 2619 3800 2681 εὐθέως

2141 2705 2283 2761 ἄκων
2338 2705 2717 2776 ἀνεδιπλοῦτο,
2750 2707 2839 2762 καὶ
2881 2708 2957 2770 εἷς
3005 2709 3105 2777 τήν
3155 2715 3255 2783 γῆν
3310 2707 3553 2779 ὲξῆπλου
3602 2708 3671 2763 τὸ
3713 2706 3797 2761 οὑ-

2141 2801 2293 2870 ραῖον
2328 2796 2514 2865 αὑτοῦ,
2546 2802 2706 2851 κινῶν
2740 2797 2815 2859 εἷς
2866 2798 3122 2873 βοήθειαν
3171 2796 3357 2855 αὑτοῦ.
3387 2798 3454 2854 Οἱ
3505 2795 3561 2851 δὲ
3616 2793 3801 2868 ἄνδρες

2137 2890 2328 2940 τοῦτον
2388 2885 2703 2941 ἀπέκτειναν
2750 2905 2766 2923 ο
2824 2886 2914 2941 καὶ
2968 2888 2995 2941 6
3053 2886 3206 2948 ἀετὸς
3268 2887 3458 2961 μικρὸν
3526 2886 3795 2945 ὑπεκστὰς

2138 2972 2489 3050 ἐπτερὺσσετο
2527 2976 2644 3049 μὲν,
2680 2974 2778 3030 οὑκ
2808 2973 3043 3045 ἠδύνατο
3072 2973 3150 3040 δὲ,
3182 2977 3317 3029 κατᾶ
3345 2973 3488 3029 πολὺ
3538 2974 3647 3029 ὑπὸ
3697 2979 3791 3029 τοῦ

2140 3060 2315 3140 ὄφεως
2365 3064 2890 3140 τεταλαιπωρηκώς.
2942 3066 3044 3121 Καὶ
3090 3062 3338 3126 ἐάσαντες
3389 3064 3576 3134 αὑτὸν,
3633 3062 3798 3119 πάλιν

378 3153 715 3209 affirmabat
764 3152 1110 3218 monachus)
1148 3169 1304 3219 cum,
1338 3169 1452 3208 non
1501 3153 1584 3209 ita
1632 3152 1818 3208 multo
1868 3158 2029 3225 post-

2145 3154 2577 3230 ἀνθυπὲστρεψαν
2627 3154 2704 3219 εἷς
2740 3156 2838 3224 τὴν
2891 3158 3040 3227 ναῦν,
3095 3153 3381 3229 χαίροντες
3433 3151 3520 3207 ἐπὶ
3569 3156 3645 3227 τῇ
3703 3157 3800 3208 τοῦ

378 3259 551 3315 quam
609 3243 884 3311 navigare
944 3240 1274 3312 coepissent,
1326 3243 1712 3313 eamdemque
1768 3242 2026 3314 aquilarn

375 3334 503 3386 tum
535 3335 726 3386 nautae
763 3336 885 3385 tum
908 3334 1168 3385 vectores
1198 3347 1377 3402 supra
1402 3346 1463 3385 se
1496 3330 1687 3386 velare
1718 3347 2031 3403 conspexe-

374 3425 536 3485 runt,
571 3425 629 3474 et
659 3436 689 3474 e
720 3419 860 3475 ccelo
892 3419 951 3474 in
984 3420 1169 3474 imum
1221 3436 1381 3474 mare
1427 3421 1782 3476 descendere
1830 3421 2029 3476 subla-

375 3514 617 3582 tamque
677 3510 973 3564 lauracam
1034 3510 1333 3581 ingentem
1391 3509 1648 3580 piscem,
1702 3510 1762 3564 in
1820 3527 2027 3566 navem

374 3598 701 3653 demittere.
738 3600 858 3662 Quo
892 3596 1121 3651 attoniti
1167 3596 1520 3669 spectaculo,
1555 3599 1798 3669 gratias,
1833 3603 1896 3653 ut
1927 3617 2032 3671 par

375 3691 521 3754 erat,
554 3687 669 3741 Deo
701 3690 968 3757 egerunt,
1003 3686 1105 3758 qui
1147 3685 1322 3740 talem
1367 3686 1741 3756 prudentiam
1775 3692 1832 3740 et
1862 3704 2031 3759 saga-

376 3776 615 3830 citatem
658 3774 745 3829 vel
796 3775 1001 3829 avibus
1052 3774 1382 3829 indidisset.
1420 3775 1534 3845 Ipsi
1586 3774 1769 3846 gloria
1818 3776 1876 3829 in
1926 3794 2032 3831 sa:-

373 3862 527 3926 cula,
562 3867 767 3918 Amen.
796 3862 1069 3933 Aquilam
1112 3866 1308 3917 autem
1341 3862 1476 3917 dein
1510 3862 1765 3934 amplius
1798 3881 1912 3919 non
1949 3865 2034 3920 vi-

374 3952 610 4007 derunt.

2140 3245 2296 3298 ἀετοῦ
2347 3242 2645 3317 ἐλευθερίᾳ.
2681 3245 2783 3300 Καὶ
2832 3239 2999 3297 πᾶλιν
3043 3241 3504 3313 ἀποπλεύσαντες,
3544 3243 3639 3296 καὶ
3694 3244 3802 3313 μή·

2138 3354 2225 3386 πω
2274 3328 2523 3393 σταδίους
2572 3329 2668 3386 δύο
2718 3328 3162 3399 διαπλεύσαντες,
3211 3332 3283 3393 ὡς
3345 3330 3739 3405 ἀφηγούμενος
3771 3332 3798 3384 6

2144 3422 2387 3495 μοναχὸς
2443 3420 2616 3491 ἐξεῖπε
2675 3423 2790 3493 μεθ’
2848 3420 3033 3495 ὅρκου,
3095 3422 3176 3475 ὅτι
3236 3420 3527 3496 ἀρξάμενοι
3586 3418 3801 3489 πλέειν,

2140 3507 2282 3563 εἶδον
2329 3510 2419 3563 τὸν
2468 3509 2628 3564 αὐτὸν
2676 3509 2827 3563 ἀετὸν
2883 3510 3015 3583 ὑπὶρ
3062 3507 3262 3572 ἄνωθεν
3303 3512 3410 3562 τῶν
3443 3513 3657 3563 ναυτῶν
3714 3508 3807 3562 καὶ

2144 3597 2357 3652 λοιπῶν
2404 3595 2612 3671 ἀνδρῶν
2670 3597 3131 3673 παραγενόμενον,
3178 3598 3268 3652 καὶ
3318 3599 3404 3675 ἀφ’
3451 3598 3621 3670 ὕψους
3668 3599 3807 3651 κατὰ

2139 3691 2236 3741 τοῦ
2272 3688 2468 3762 βάθους
2498 3694 2598 3757 τῆς
2640 3686 2914 3757 θαλάσσης
2968 3685 3322 3754 κατελθόντα,
3356 3686 3447 3741 καὶ
3497 3687 3810 3761 λαύρακαν,

2144 3775 2301 3851 ῒχθὺν
2344 3776 2694 3852 παμμεγέθη,
2730 3774 3086 3848 ἀνελόμενον,
3115 3777 3205 3830 καὶ
3259 3776 3336 3838 εἷς
3379 3778 3479 3842 τήν
3530 3780 3664 3829 ναῦν
3717 3796 3812 3829 κε-

2144 3863 2450 3940 γαλακότα.
2494 3866 2559 3922 Οἱ
2615 3862 2671 3920 δὶ
2720 3862 2910 3942 ἄνδρες
2956 3869 3116 3920 τοῦτο
3169 3862 3395 3935 ἰδόντες,
3445 3865 3534 3919 καὶ
3593 3865 3811 3937 θαυμά-

2147 3974 2353 4021 σαντες,
2393 3954 2828 4031 ηὐχαρίστησαν,
2882 3954 2958 4017 ὡς
3012 3953 3179 4022 εἰκὸς,
3223 3959 3303 4026 τῷ
3346 3958 3482 4024 Θεῷ,
3539 3958 3618 4024 τῷ
3664 3974 3812 4026 παρ-

372 4038 633 4115 εσχηκότι
679 4038 765 4093 καὶ
814 4044 928 4101 τοῖς
977 4037 1186 4113 ὀρνέοις
1233 4059 1490 4109 τοιαυτην
1550 4038 1812 4116 φρόνησίν
1859 4061 1918 4096 τε
1946 4042 2035 4097 καὶ
2069 4041 2277 4098 σύνεσιν
2315 4063 2328 4077 ’
2364 4044 2409 4116 ᾧ
2440 4046 2474 4113 ἡ
2510 4041 2637 4117 δόξα
2670 4042 2746 4106 εἷς
2780 4043 2909 4106 τοὺς
2940 4042 3162 4108 αἶῶνας.
3197 4044 3397 4116 Ἀμήν.
3430 4043 3531 4098 Τὸν
3562 4039 3621 4097 δὶ
3654 4043 3810 4099 ἀετὸν

370 4123 557 4185 ἔκτοτε
588 4130 691 4185 οὑκ
721 4126 799 4184 ἔτι
833 4126 1140 4192 ἐθεάσαντο.

373 4251 585 4305 Titulus
613 4266 844 4320 sequens
890 4264 1182 4321 perperam
1213 4250 1497 4318 appositus
1526 4249 1657 4319 fuit,
1692 4265 1820 4302 nam
1853 4265 1972 4319 quae
2010 4258 2334 4321 sequuntur,
2367 4267 2479 4307 non
2510 4252 2785 4320 originem
2816 4266 2912 4306 seu
2943 4251 3239 4307 historiam
3294 4249 3430 4306 aedis
3478 4249 3810 4321 Sophiance,

440 4323 533 4393 sed
566 4325 748 4376 varias
779 4338 886 4383 res,
919 4336 1045 4391 quae
1090 4320 1188 4393 sub
1218 4322 1517 4375 Anastasio
1554 4321 1780 4393 Dicere,
1824 4322 2038 4376 Iustino
2080 4320 2296 4377 Thrace
2342 4340 2404 4377 ac
2449 4325 2767 4379 Iustiniano
2816 4323 3155 4393 acciderunt,
3203 4324 3488 4380 continent
3518 4320 3814 4392 {suntque

443 4392 626 4448 veluti
654 4396 914 4463 excerpta
944 4392 1198 4463 quaedam
1230 4408 1299 4446 ex
1330 4393 1503 4446 variis
1537 4391 1820 4447 Chronicis
1854 4395 1912 4447 in
1944 4409 2115 4447 unum
2143 4396 2386 4449 collecta.

376 4506 537 4577 Origo
564 4524 659 4562 seu
699 4508 931 4581 historia
958 4508 1336 4581 sanctissimae
1367 4507 1580 4581 Magnae
1621 4508 1720 4562 Dei
1761 4507 2028 4577 echesize,

2145 4508 2216 4563 Τὰ
2250 4508 2449 4581 πάτρια
2476 4514 2576 4581 τῆς
2600 4507 2910 4581 ἁγιωτάτης
2925 4506 3020 4562 τοῦ
3042 4513 3175 4563 Θεοῦ
3198 4504 3457 4580 Μεγάλης
3482 4504 3810 4576 ἐκκλησίας,

826 4579 1074 4634 videlicet
1104 4581 1309 4634 sanctae
1338 4579 1581 4649 Sophiae.

451 4688 783 4757 Imperante
842 4687 1173 4755 Anastasio,
1224 4686 1535 4742 Deuterius
1593 4686 1853 4758 Byzantii
1911 4686 2033 4757 epi-

379 4792 595 4846 scopus
626 4775 902 4843 Arianus,
936 4792 1118 4831 ausus
1170 4780 1259 4830 est
1306 4776 1498 4831 dicere
1530 4791 1541 4831 :
1577 4775 1915 4847 Baptizatur
1946 4776 2036 4831 hic

376 4865 435 4920 in
474 4865 711 4920 nomine
762 4865 976 4930 Patris,
1010 4881 1110 4935 per
1160 4864 1393 4933 Filium,
1427 4865 1486 4919 in
1537 4868 1740 4919 sancte
1791 4866 2035 4936 Spiritu,

374 4958 433 5009 et
464 4953 771 5009 confestim
823 4953 1050 5024 piscina
1081 4954 1327 5008 exaruit.
1366 4953 1656 5008 Barbarus
1688 4957 1877 5008 autem
1914 4954 2034 5023 [qui

373 5043 806 5115 baptizabatur]
839 5042 1050 5098 timore
1083 5047 1416 5114 correptus,
1451 5043 1647 5098 nudus
1680 5042 1931 5115 aufugit,
1958 5043 2037 5097 ita

377 5136 442 5187 ut
472 5132 607 5187 inde
638 5130 994 5187 miraculum
1022 5130 1417 5203 evulgaretur.

451 5221 597 5276 Cum
632 5222 748 5275 duo
780 5219 1391 5292 episcopi,Anastasie
1422 5219 1769 5291 imperante,
1794 5220 1863 5275 de
1890 5220 2034 5291 dog-

380 5315 536 5365 mate
568 5311 962 5381 disputarent,
988 5326 1239 5381 quorum
1283 5326 1435 5364 unus
1477 5308 1856 5379 orthedexus,
1890 5310 2038 5363 alter

375 5398 629 5453 Arianus
661 5402 811 5466 erat,
834 5398 1198 5470 Arianusque
1221 5398 1537 5453 dialectica;
1561 5398 1815 5469 peritus;
1838 5397 2033 5453 ortho-

377 5488 564 5542 doxus
596 5504 731 5542 vero
762 5486 1074 5542 dialecticae
1110 5486 1347 5558 quidem
1392 5485 1731 5556 imperitus;
1767 5487 1865 5540 sed
1905 5487 2035 5558 pius

376 5574 687 5647 fidelisque
728 5579 905 5631 esset.
937 5576 1247 5647 Proposuit
1290 5574 1675 5644 orthodoxus,
1707 5577 1773 5629 ut
1814 5575 2036 5631 omissa

2556 4577 2772 4650 δηλαδή
2806 4577 2905 4645 τῆς
2937 4581 3120 4654 Ἀγίας
3156 4577 3380 4657 Συρίας.

2214 4685 2335 4739 Ἐπὶ
2394 4689 2492 4751 τῆς
2575 4685 2851 4761 βασιλείας
2920 4691 3017 4742 τοῦ
3099 4686 3368 4762 βασιλέως
3419 4685 3811 4752 Ἀνασ-τασίου,

2147 4776 2426 4849 Δευτέριος
2475 4774 2771 4838 ἐπίσκοπος
2822 4776 3117 4845 Βυζαντίου
3162 4774 3440 4849 Ἀρειανὸς
3492 4772 3816 4845 ἐτόλμησεν

2148 4863 2317 4917 εἰπεῖν
2354 4883 2365 4896 ⁸
2416 4864 2739 4934 Βαπτίζεται
2788 4862 2879 4919 ὅδε
2937 4866 3013 4927 εἷς
3072 4866 3134 4919 τὸ
3192 4861 3365 4936 ὄνομα
3422 4865 3521 4917 τοῦ
3569 4863 3814 4936 Ηατρὸς,

2148 4949 2216 5006 δι’
2259 4953 2411 5021 Υἱυῦ,
2462 4953 2512 5008 ἐν
2574 4953 2716 5029 ἁγίῳ
2776 4953 3047 5028 ΙΙνεὺματι
3080 4975 3093 4987 ·
3126 4954 3214 5008 καὶ
3274 4953 3473 5014 εὑθὲως
3532 4951 3817 5027 ἐξηράνθη

2146 5042 2180 5110 ἡ
2214 5035 2601 5115 κολυμϐήθρα.
2634 5044 2696 5099 Ὁ
2758 5040 2814 5097 δὲ
2859 5037 3143 5117 Βάρὸαρος
3193 5035 3435 5120 ἔμφοὸος
3485 5040 3819 5115 γενόμενος,

2145 5131 2348 5205 γυμνὸς
2383 5126 2595 5208 ἔφυγεν,
2628 5133 2701 5195 ὡς
2734 5131 2784 5201 ἐξ
2818 5132 2985 5186 αὑτοῦ
3012 5133 3314 5208 γνωσθῆναι
3340 5132 3403 5184 τὸ
3437 5133 3641 5202 θαῦμα.

2218 5218 2322 5273 Ade
2354 5218 2447 5274 οῦν
2498 5219 2805 5275 ἐπισκόπων
2862 5216 3356 5299 ἀμφισϐητοὺντων
3410 5219 3533 5293 περὶ
3590 5216 3819 5294 δόγμα-

2143 5329 2235 5370 τος
2293 5307 2380 5363 ἐπὶ
2432 5309 2801 5381 Ἀναστασίου,
2846 5306 3141 5386 ὀρθοδόξου
3198 5308 3288 5364 καὶ
3347 5309 3631 5381 Ἀρειανοῦ
3667 5325 3683 5338 ο
3721 5307 3819 5361 καὶ

2143 5401 2240 5451 τοῦ
2298 5398 2392 5470 μὲν
2426 5398 2707 5473 Ἀρειανοῦ
2760 5395 3103 5453 διαλεκτικοῦ
3154 5395 3331 5464 ὄντος,
3376 5399 3472 5449 τοῦ
3530 5392 3589 5449 δὲ
3639 5394 3821 5469 ὀρθο-

2146 5483 2303 5555 δόξου
2360 5483 2705 5542 διαλεκτικοῦ
2765 5486 2861 5541 οὑκ
2919 5483 3099 5558 ὄντος,
3152 5485 3299 5543 ἀλλᾶ
3362 5479 3652 5549 θεοσεϐοῦς
3716 5485 3814 5537 καί

2145 5579 2378 5646 πιστοῦ,
2437 5577 2464 5630 6
2527 5574 2817 5652 ὀρθὸθοξος
2880 5574 3231 5651 προῦτεινεν,
3288 5574 3426 5630 ὥστε
3494 5572 3817 5649 ἀφεμένους
