4018 6220
359 303 513 365 1285

1485 298 1851 362 ΑΝΟΝΥΜΙ
1894 296 2476 371 ANTlQUlTATES
2522 301 2638 362 GP.

3612 312 3772 374 1286

354 438 465 489 τῶν
522 432 707 507 λόγων
758 430 835 496 εἷς
881 433 987 506 πῦρ
1049 428 1335 502 εἰσελθεῖν,
1375 430 1465 485 καὶ
1526 428 1669 485 οὕτω
1719 426 2002 503 δειχθῆναι

2125 429 2519 502 disputatione
2559 433 2731 489 ambo
2772 433 3218 507 ingrederentur
3248 438 3305 494 in
3337 456 3539 513 pyram
3572 443 3775 517 sicque

356 525 449 579 τὸν
506 516 878 597 εὐσεϐέστερον
914 540 927 555 ’
992 524 1088 575 τοῦ
1139 518 1196 575 δὲ
1267 520 1549 594 Ἀρειανοῦ
1598 518 2009 594 παραιτησαμέ-

355 634 473 681 νου,
510 609 769 674 εἰσελθὼν
804 612 832 664 6
883 604 1109 679 εὐσεϐὴς
1155 609 1246 664 καὶ
1294 607 1626 683 προσμείνας
1675 610 1743 681 τῇ
1784 606 2008 684 φλογίᾳ,

357 701 588 773 ἐξελθὼν
621 700 726 755 ἀπὸ
765 706 865 769 τῆς
917 705 1092 774 πυρᾶς
1144 696 1441 775 διελέγετο,
1487 698 1575 753 καὶ
1624 697 1836 767 ἀπαθής
1881 694 2010 773 ἐφυ-

359 789 607 847 λάττετο.

433 900 727 960 Ἰουστῖνος
787 897 815 951 ὁ
870 895 1008 971 Θρᾲξ
1068 896 1096 949 6
1164 894 1329 971 μέγας
1371 890 1714 951 ἐϐασίλευσεν
1759 889 1852 964 ἔτη
1899 900 2008 958 θ’...

358 988 580 1063 ἄριστος
623 985 675 1041 ἐν
723 985 1091 1058 πολέμοις...,
1140 984 1229 1039 καὶ
1274 985 1609 1058 ᾠκειώσατο,
1642 984 1732 1039 καὶ
1780 1004 2011 1058 στρατη-

360 1075 533 1147 λάτην
578 1075 824 1147 ἐτίμησε,
884 1073 973 1128 καὶ
1043 1072 1348 1148 παρρησίαν
1431 1071 1576 1148 ἔχειν
1655 1073 1791 1148 πρὸς
1850 1072 2009 1127 αὐτὸν

359 1166 633 1236 ἐποίησεν.
685 1162 1096 1241 Ἐδολοφονήθη
1144 1160 1201 1217 δὲ
1250 1164 1278 1217 6
1335 1162 1661 1225 Βιταλιανὸς
1710 1161 1857 1236 παρὰ
1900 1166 2006 1216 τῶν

356 1254 628 1323 πολιτῶν,
691 1253 997 1327 μηνιόντων
1070 1250 1217 1324 αὐτῷ
1291 1249 1379 1305 διὰ
1435 1251 1534 1319 τὴν
1601 1248 2007 1326 προειρημένην

358 1343 733 1399 ἐπανάστασιν.
785 1341 1075 1413 Ἀμάντιον
1133 1338 1191 1395 δὲ
1245 1340 1337 1395 τὸν
1394 1339 1770 1407 πραιπόσιτον,
1811 1339 1871 1401 ’ὸς
1914 1340 2007 1393 τὸν

357 1434 482 1489 ναὸν
514 1437 611 1489 τοῦ
632 1432 789 1507 ἁγίου
844 1436 1015 1503 Θωμᾶ
1063 1435 1160 1485 τοῦ
1209 1430 1503 1503 Ἀμαντίου
1552 1426 1881 1502 ᾠκοδόμησε
1916 1428 2006 1483 καὶ

360 1522 632 1595 ἐκόσμησε
678 1521 913 1594 [λέγεται
977 1517 1033 1573 δὲ
1083 1521 1349 1595 χρήματα
1398 1518 1546 1591 αὖτῷ
1603 1515 1889 1573 δεδωκέναι
1930 1522 2009 1589 τῷ

356 1609 637 1682 Ἰουστίνῳ
686 1605 799 1663 ὄντι
848 1608 1055 1680 κόμητι
1110 1612 1220 1662 τῶν
1270 1603 1680 1681 ἐξκουϐητόρων
1718 1606 1805 1662 ἐπὶ
1848 1607 2005 1662 Ἀνα-

356 1701 599 1767 στασίου,
660 1697 808 1760 ὅπως
858 1696 1143 1774 Θεόκριτον
1192 1697 1281 1752 τὸν
1332 1697 1551 1772 ἀνεψιὸν
1601 1698 1769 1752 αὐτοῦ
1813 1697 2005 1771 ἀναγο-

360 1790 525 1865 ρεύσῃ
567 1788 642 1849 εἰς
694 1786 964 1864 βασιλέα],
1012 1791 1201 1842 τοῦτον
1254 1784 1458 1841 ἀνεῖλεν
1507 1788 1534 1841 ὁ
1576 1789 1884 1854 Ἰουστῖνος,
1915 1785 2007 1839 καὶ
2041 1817 2085 1880 Β

354 1879 485 1941 τοὺς
517 1880 614 1948 τὴν
654 1876 943 1953 ἀνταρσίαν
994 1876 1086 1931 σὺν
1136 1877 1282 1932 αὐτῶ
1331 1876 1751 1949 μελετήσαντας,
1781 1877 1880 1945 τὴν
1919 1875 2009 1950 βα-

356 1967 565 2024 σιλείαν
598 1969 767 2023 αὐτοῦ
788 1972 1103 2041 κατασχεῖν.

426 2078 548 2134 Ἐπὶ
592 2074 777 2145 αὐτοῦ,
825 2076 892 2129 τὰ
939 2073 1075 2128 κατα
1123 2073 1213 2128 τὸν
1254 2074 1403 2148 ἅγιον
1464 2072 1680 2147 Ἀρέθαν
1729 2072 1779 2127 ἑν
1830 2075 2008 2147 Νεγρᾷ

349 2171 419 2240 τῇ
463 2164 625 2221 πόλει
672 2162 946 2239 ἐπράχθη,
991 2163 1079 2218 καὶ
1129 2163 1195 2217 τὰ
1244 2164 1378 2217 κατὰ
1424 2166 1531 2217 τῶν
1578 2164 1896 2237 Ὀμηριτῶν
1938 2159 2009 2215 δι’

353 2250 654 2314 Ἐλεσϐαάν
686 2254 781 2309 τοῦ
834 2250 1102 2327 βασιλέως
1151 2257 1259 2307 τῶν
1291 2248 1594 2316 Αἰθιόπων.
1628 2252 1915 2321 Ἐτυπώθη
1950 2248 2007 2305 δὲ

354 2347 443 2400 ὑπ’
495 2344 659 2399 αὐτοῦ
714 2343 777 2398 τὸ
840 2342 1109 2416 ἑορτάζειν
1167 2342 1337 2413 ἡμᾶς,
1387 2341 1475 2394 καὶ
1516 2341 1618 2408 τὴν
1667 2338 1861 2413 ἑορτὴν
1905 2346 2004 2409 τῆς

346 2437 691 2503 Ὕπαπαντῆς
726 2453 740 2467 υ
794 2431 845 2501 ἐξ
905 2431 965 2485 οὗ
1051 2431 1221 2501 ἀστὴρ
1294 2428 1466 2505 ἐφάνη
1527 2428 1578 2484 ἐν
1631 2434 1712 2501 τῷ
1768 2428 2003 2504 οὐρανῷ,

347 2522 528 2579 ἐπάνω
558 2529 657 2591 τῆς
697 2517 921 2589 Χαλκῆς
949 2517 1152 2589 πύλης,
1189 2519 1263 2580 ὡς
1299 2517 1350 2573 ἐν
1383 2523 1464 2590 τῷ
1500 2516 1761 2590 Ηαλατὲῳ
1794 2518 1998 2595 φαίνων

346 2612 437 2668 ἰπὶ
477 2611 685 2686 ἡμέρας
739 2610 829 2664 καὶ
874 2608 1068 2671 νύκτας
1112 2609 1213 2671 κζ’.
1268 2608 1462 2683 Γέγονε
1509 2605 1565 2662 δὲ
1622 2607 1712 2661 καὶ
1776 2607 2000 2680 σεισμὸς

348 2697 731 2781 φοϐερώτατος
766 2719 778 2732 ο
828 2699 919 2753 καὶ
950 2701 985 2768 ἡ
1038 2698 1132 2771 μὲν
1187 2694 1773 2757 Κωνσταντινοόπολις
1808 2695 1859 2750 ἐν
1895 2693 2008 2750 δια-

350 2793 543 2869 φόροις
581 2790 770 2850 τόποις
848 2782 1157 2842 ἀπέλαϐεν·
1224 2788 1258 2855 ἡ
1312 2783 1369 2840 δὲ
1430 2784 1641 2860 μεγάλη
1692 2784 2004 2860 Ἀντιόχεια

345 2882 549 2943 πάθοςν
585 2877 771 2933 ἔπαθεν
817 2873 1234 2951 ἀνεκδιήγητον,
1275 2876 1350 2937 ὡς
1398 2880 1770 2943 καταποθῆναι
1832 2879 2006 2929 πᾶσαν

349 2966 548 3045 σχεδὸν
600 2970 701 3037 τήν
750 2966 932 3037 πόλιν,
991 2966 1080 3019 καὶ
1140 2963 1309 3039 τάφον
1367 2964 1547 3018 κοινὸν
1597 2964 1838 3039 γενέσθαι
1895 2967 2003 3017 τῶν

348 3057 680 3132 οἰκητόρων.
739 3054 989 3125 Τοσαύτη
1032 3051 1089 3109 δὲ
1137 3056 1170 3123 ἡ
1230 3053 1365 3129 ὀργὴ
1423 3056 1520 3107 τοῦ
1578 3057 1712 3107 Θεοῦ
1743 3052 2002 3121 ἐπῆλθεν,

346 3147 425 3209 ὡς
475 3146 563 3201 καὶ
618 3144 744 3207 τοὺς
820 3141 1243 3221 ὑπολειφθέντας
1312 3146 1418 3217 πῦρ
1466 3140 1681 3212 ἐξελθὸν
1736 3140 1842 3196 ἀπὸ
1899 3148 1999 3211 τῆς

344 3243 456 3312 γῆς
489 3235 720 3309 οἰκτρῶς
759 3230 1071 3308 κατέφλεξε.
1121 3230 1295 3289 Ἀλλᾶ
1342 3230 1431 3285 καὶ
1465 3234 1499 3300 ἡ
1534 3231 1998 3303 ΙΙομπηϊούπολις

342 3333 447 3394 τῆς
496 3324 700 3385 Μυσίας
753 3321 1117 3399 διαρῥαγεῖσα,
1175 3320 1334 3393 μέσον
1385 3321 1658 3388 κατεπόθη
1720 3320 1853 3389 μετὰ
1893 3324 2000 3373 τῶν

348 3413 660 3487 οἴκητόρων
694 3429 707 3442 ⁸
741 3410 831 3465 καὶ
859 3410 1082 3487 ἔκραζον
1114 3409 1218 3464 ὑπὸ
1260 3410 1358 3478 τὴν
1393 3414 1497 3483 γῆν
1528 3406 1677 3469 ὅντες
1711 3408 1762 3461 οἱ
1795 3405 2003 3482 ἄνθρω-

348 3521 470 3567 ποι,
506 3499 825 3568 Ἐλεήσατε.

426 3591 561 3659 Γυνή
604 3609 688 3649 τις
739 3587 825 3641 ἐπὶ
884 3586 1048 3642 αὐτοῦ
1098 3587 1332 3664 ἀνεφάνη
1381 3582 1757 3662 γιγαντοειδής
1800 3584 1859 3638 ἐκ
1906 3591 2005 3638 Κι-

348 3678 535 3739 λικίας
569 3675 723 3748 οὖσα,
760 3675 1101 3752 ὑπερέχουσα
1140 3680 1209 3750 τῇ
1259 3673 1454 3747 ἡλικίᾳ
1486 3674 1683 3735 παντὸς
1716 3674 2005 3749 ἀνθρώπου

350 3772 564 3842 μακροῦ
621 3774 806 3841 πῆχυν
866 3764 982 3837 ἕνα,
1063 3765 1153 3819 καὶ
1211 3763 1445 3820 πλατεῖά
1503 3760 1732 3841 σφόδρα,
1792 3764 1866 3825 ὡς
1917 3763 2005 3817 ἐπὶ

348 3855 631 3928 θαύματος
679 3857 730 3909 οἱ
761 3856 994 3929 ὁρῶντες
1045 3855 1212 3924 αὐτὴν
1262 3852 1313 3908 ἐν
1346 3858 1464 3915 τοῖς
1495 3853 1882 3929 ἐργαστηρίοις
1915 3852 2005 3906 καὶ

347 3943 550 4013 οἴκοις,
574 3942 781 4000 ἐδίδουν
815 3945 955 4018 αὐτῇ
988 3938 1217 4001 ὀϐολόν.

421 4125 478 4177 ’0
510 4120 557 4177 δ’
604 4122 763 4184 αὐτὸς
815 4121 1072 4197 βασιλεὺς
1120 4119 1307 4177 πολλά
1351 4119 1822 4197 ἐφιλοφρονήσατο
1852 4124 1919 4194 τῇ
1950 4141 2008 4175 τε

343 4210 511 4268 πόλει
552 4213 862 4287 Ἀντιοχείᾳ
910 4211 1045 4283 πρὸς
1087 4208 1490 4283 ἀνοικοδομεῖν,
1538 4211 1627 4264 καὶ
1666 4208 1793 4270 τοὺς
1826 4210 1876 4263 ἐν
1911 4208 2004 4263 αὐ-

342 4307 416 4375 τῇ
473 4299 901 4379 ὑπολειφθέντας
963 4305 1234 4370 ζῶντας...
1289 4304 1547 4354 τοσοῦτον
1603 4297 1660 4353 δὲ
1702 4298 1788 4353 ἐπὶ
1840 4297 2005 4353 αὐτοῦ

343 4390 617 4466 ἤλγησεν,
646 4393 718 4452 ὡς
745 4390 835 4445 καὶ
877 4392 939 4445 τὸ
989 4387 1233 4462 διάδημα
1278 4388 1586 4444 ἀποτιθέναι
1612 4390 1699 4444 καὶ
1738 4390 1837 4458 τήν
1871 4408 2005 4462 πορ-

346 4483 546 4559 φύραν,
604 4482 695 4535 καὶ
754 4483 950 4535 σάκκον
1012 4480 1102 4535 καὶ
1155 4477 1357 4535 σποδὸν
1402 4475 1852 4554 περιϐάλλεσθαι,
1913 4478 2001 4533 καὶ

2120 521 2597 591 comprobaretur
2627 525 2817 578 utrius
2849 524 3052 595 religio
3088 532 3411 598 prtestaret.
3448 530 3774 592 Recusante

2117 608 2354 675 Ariano,
2380 610 2683 682 ingressus
2712 613 2769 667 in
2801 630 2999 686 pyram
3029 615 3412 686 orthodoxus,
3436 624 3492 675 et
3521 620 3577 676 in
3612 623 3773 679 ﬂam-

2123 697 2236 752 mis
2266 698 2633 770 aliquantum
2660 703 2938 772 temporis
2962 709 3259 773 versatus;
3295 712 3604 779 postquam
3638 712 3772 767 inde

2120 801 2391 856 egressus
2415 789 2544 858 fuit,
2568 791 2950 863 edisserebat,
2978 793 3409 868 incolumisque
3434 801 3771 866 permansit.

2189 893 2464 952 Justinus
2513 897 2727 968 Thrax,
2775 916 3024 971 magnus
3076 900 3193 970 ille,
3242 902 3555 975 imperavit
3602 910 3775 963 annis

2122 999 2394 1040 novem...
2428 985 2489 1040 in
2534 986 2701 1043 bellis
2732 988 3251 1047 strenuissimus...
3286 997 3343 1047 et
3373 994 3430 1048 in
3466 995 3775 1051 familiari-

2120 1073 2233 1128 bus
2278 1073 2478 1130 habuit
2512 1076 2934 1147 [Vitalianum],
2958 1079 3287 1151 ducemque
3331 1082 3570 1151 creavit,
3602 1082 3772 1157 eique

2121 1177 2321 1218 secum
2365 1165 2595 1233 quidvis
2649 1165 2827 1222 libere
2877 1166 3153 1239 loquendi
3207 1169 3341 1225 fecit
3396 1176 3770 1243 potestatem.

2120 1250 2262 1305 Dolo
2310 1258 2504 1308 autem
2554 1254 2785 1309 occisus
2832 1259 2923 1311 est
2960 1256 3283 1312 Vitalianus
3334 1276 3366 1314 a
3417 1260 3665 1329 civibus,
3700 1263 3773 1318 ob

2118 1339 2427 1396 excitatam
2486 1343 2823 1415 praedictam
2885 1345 3232 1401 seditionem
3290 1347 3439 1419 ipsi,
3501 1350 3769 1407 infensis.

2118 1430 2452 1485 Amantium
2488 1449 2620 1487 vero
2668 1434 3069 1505 praepositum,
3102 1436 3202 1507 qui
3248 1437 3535 1509 templum
3570 1440 3769 1497 Sancti

2118 1517 2355 1573 Thomas
2420 1522 2675 1576 Amantii
2743 1523 3086 1595 cognomine
3155 1527 3460 1597 exstruxit,
3521 1529 3767 1597 occidit;

2118 1606 2379 1678 itemque
2409 1625 2506 1664 eos
2540 1610 2638 1681 qui
2673 1627 2805 1666 cum
2841 1613 2968 1684 ipso
3015 1614 3086 1667 ad
3130 1614 3444 1686 imperium
3478 1632 3770 1689 occupan-

2118 1695 2258 1751 dum
2291 1698 2787 1770 conspiraverant.
2822 1701 3047 1757 Dicitur
3094 1703 3248 1758 enim
3283 1703 3451 1759 illum
3484 1708 3774 1777 pecunias

2116 1784 2350 1841 dedisse
2391 1786 2649 1853 Justino,
2684 1789 2784 1859 qui
2842 1790 2952 1845 sub
3001 1792 3312 1847 Anastasio
3362 1794 3767 1851 excubitorum

2117 1889 2315 1929 comes
2336 1882 2479 1943 erat,
2507 1882 2570 1932 ut
2593 1877 2970 1934 Theocritum
2999 1880 3417 1936 consobrinum
3447 1899 3622 1938 suum
3648 1901 3774 1957 pro-

2118 1962 2401 2019 clamaret
2429 1965 2866 2038 imperatorem.

2188 2071 2404 2127 Eodem
2457 2073 2805 2145 imperante,
2840 2076 2896 2131 in
2935 2075 3078 2131 urbe
3108 2076 3298 2149 Negra
3343 2083 3508 2150 gesta
3540 2084 3679 2135 sunt
3707 2096 3772 2136 ea

2118 2177 2245 2230 qua:
2278 2162 2347 2216 de
2371 2166 2571 2218 sancto
2592 2164 2807 2220 Aretha
2834 2171 3187 2220 narrantur:
3214 2183 3438 2223 necnon
3465 2168 3773 2225 Elesbaani

2115 2249 2446 2320 fEtbiOpum
2481 2252 2635 2324 regis
2666 2253 2955 2325 expeditio
2987 2255 3273 2311 adversus
3307 2256 3655 2313 Homeritas.
3687 2259 3772 2313 Ab

2117 2338 2216 2393 illo
2252 2339 2386 2395 item
2418 2345 2706 2396 statutum
2757 2347 2865 2408 est,
2901 2348 2965 2397 ut
3012 2343 3353 2416 Hypapante
3403 2347 3523 2401 sive
3553 2346 3771 2402 Occur-

2116 2444 2219 2483 sus
2270 2429 2485 2485 festum
2538 2430 2969 2487 celebraremus
3003 2448 3016 2488 :
3052 2449 3119 2487 ex
3168 2450 3283 2505 quo
3334 2434 3503 2490 stella
3533 2434 3591 2489 in
3625 2436 3768 2492 ccelo

2117 2532 2220 2587 per
2249 2517 2455 2590 viginti
2489 2536 2588 2575 sex
2631 2520 2757 2575 dies
2790 2522 3149 2593 totidemque
3194 2527 3392 2579 noctes
3427 2541 3607 2596 supra
3637 2542 3770 2597 por-

2118 2611 2237 2660 tam
2280 2623 2486 2662 a‘ream
2538 2608 2661 2663 visa
2711 2614 2821 2677 est,
2857 2609 3024 2681 quasi
3057 2627 3086 2665 e
3121 2610 3335 2682 palatio
3386 2611 3636 2681 luceret;
3688 2614 3771 2669 fa-

2116 2698 2363 2766 ctusque
2394 2701 2483 2751 est
2516 2696 2840 2753 horrendus
2875 2702 3261 2770 terrzemotus,
3297 2718 3471 2772 quem
3505 2703 3679 2758 variis
3712 2704 3770 2757 in

2116 2782 2259 2838 locis
2311 2785 2439 2855 ipsa
2469 2786 3006 2859 Constantinopolis
3054 2790 3259 2844 sensit.
3315 2790 3525 2862 Magna
3575 2796 3769 2847 autem

2115 2872 2421 2928 Antiochia
2476 2876 2869 2931 inenarrabile
2902 2877 3183 2933 damnum
3238 2896 3517 2951 perpessa
3548 2885 3657 2951 est,
3692 2882 3773 2937 ita

2118 2966 2181 3015 ut
2215 2961 2354 3017 urbs
2400 2980 2545 3034 penc
2576 2969 2695 3020 tota
2727 2967 3023 3036 absorpta,
3074 2985 3387 3025 commune
3441 2970 3768 3026 incolarum

2115 3051 2451 3122 sepulcrum
2486 3056 2753 3109 evaserit.
2780 3056 2969 3110 Tanta
2998 3061 3193 3111 autem
3228 3058 3327 3112 Dei
3348 3058 3433 3113 ira
3466 3060 3592 3127 fuit,
3628 3065 3685 3114 ut
3715 3066 3771 3116 et

2114 3141 2463 3211 superstites
2512 3142 2668 3213 ignis
2718 3160 2747 3197 e
2798 3148 2953 3198 terra
2994 3161 3311 3216 erumpens
3355 3146 3769 3203 miserabiliter

2113 3236 2530 3285 concremaret.
2556 3232 2702 3297 Quin
2729 3231 2903 3287 etiam
2938 3234 3369 3305 Pompeiopolis
3400 3236 3592 3304 Mysia:
3624 3238 3766 3293 urbs

2114 3317 2400 3390 disrupta,
2426 3322 2673 3391 ejusque
2704 3320 3019 3376 dimidium
3046 3340 3160 3377 una
3184 3338 3314 3378 cum
3340 3323 3770 3382 habitatoribus

2114 3412 2269 3463 terra
2299 3408 2642 3481 absorptum
2677 3414 2765 3466 est
2794 3428 2805 3465 :
2836 3410 3224 3484 hominesque
3250 3417 3404 3469 terra
3437 3413 3628 3470 obruti
3661 3414 3770 3469 cla-

2116 3498 2359 3552 mabant
2386 3515 2398 3553 :
2433 3500 2808 3555 Miseremini.

2187 3587 2319 3657 Ipso
2352 3586 2487 3643 item
2537 3589 2862 3660 imperante
2911 3588 3125 3645 mulier
3172 3592 3439 3662 quaedam
3473 3608 3540 3647 ex
3571 3592 3772 3650 Cilicia

2115 3674 2389 3745 gigantes
2439 3681 2668 3732 statura
2696 3678 2825 3733 visa
2874 3684 3136 3751 est,qum
3186 3697 3457 3752 proceros
3511 3699 3775 3754 quosque

2115 3767 2269 3820 viros
2302 3782 2418 3821 uno
2469 3767 2667 3822 cubito
2720 3768 3055 3839 superabat,
3090 3773 3329 3841 eratque
3378 3787 3619 3842 corpore
3668 3773 3769 3826 ad-

2117 3856 2438 3910 admodum
2469 3872 2689 3912 crasso.
2725 3858 2807 3912 Ob
2840 3858 3160 3929 spectaculi
3201 3868 3395 3914 autem
3430 3861 3773 3931 novitatem,

2117 3945 2216 4016 qui
2273 3962 2400 4000 eam
2460 3944 2515 4000 in
2579 3946 2830 4002 ofﬁcinis
2875 3952 2932 4002 et
2979 3948 3256 4004 domibus
3315 3950 3774 4023 conspiciebant,

2115 4033 2284 4089 obolo
2316 4033 2541 4105 singuli
2572 4035 2894 4092 donabant.

2190 4122 2343 4177 Idem
2377 4124 2697 4194 imperator
2726 4124 2988 4180 humano
3031 4130 3225 4182 motus
3268 4128 3475 4184 affectu
3509 4143 3645 4199 erga
3676 4146 3773 4184 ur-

2116 4211 2248 4266 bem
2279 4211 2671 4279 Antiochiam,
2706 4216 2762 4266 et
2805 4228 2902 4268 eos
2934 4212 3033 4283 qui
3067 4229 3135 4267 ex
3166 4218 3329 4269 tanta
3360 4214 3523 4270 clade
3555 4216 3776 4271 residui

2114 4304 2301 4365 erant,
2335 4300 2406 4354 de
2456 4316 2521 4353 ea
2572 4301 2955 4354 rcstauranda
2987 4302 3302 4372 cogitabat.
3328 4303 3580 4357 Tantum
3613 4304 3767 4359 enim

2114 4406 2292 4459 super
2340 4406 2405 4444 ea
2456 4388 2728 4456 indoluit,
2764 4397 2827 4443 ut
2866 4389 3195 4445 diademate
3247 4408 3622 4462 purpuraque
3673 4394 3771 4448 de-

2114 4476 2343 4548 positis,
2393 4494 2455 4531 se
2514 4494 2681 4532 sacco
2739 4481 2796 4531 et
2852 4480 3043 4532 cinere
3106 4478 3393 4544 indueret,
3453 4481 3772 4553 multisque

343 4558 563 4635 ’πενθεῖν
614 4571 701 4626 ἐπὶ
750 4568 963 4631 πολλὰς
1032 4568 1260 4643 ἡμέρας.
1337 4568 1689 4639 Ἐτελεύτησε
1743 4565 1800 4623 δέ
1846 4589 2003 4622 κατα-

2125 4568 2320 4622 iiebus
2378 4566 2626 4639 lugeret.
2664 4566 2823 4621 Obiit
2878 4572 3094 4633 autem,
3157 4568 3493 4625 Justiniano
3553 4572 3771 4626 sororis

344 4660 531 4718 λιπὼν
569 4659 796 4736 βασιλέα
841 4659 1217 4716 Ἰουστινιανὸν
1247 4658 1338 4713 τὸν
1376 4655 1511 4713 ἴδιον
1545 4658 1779 4732 ἀνεψιόν.
1814 4659 2001 4725 Ἐτὲθη

346 4750 411 4808 δὲ
453 4752 516 4805 τὸ
560 4756 721 4824 σῶμα
766 4750 930 4805 αὐτοῦ
988 4748 1039 4804 ἐν
1094 4752 1162 4822 τῇ
1226 4748 1365 4822 μονῇ
1418 4755 1520 4818 τῆς
1576 4747 1895 4823 Αὐγούστης
1954 4748 2006 4802 ἐν

345 4842 580 4917 λάρνακι
637 4840 771 4914 μετὰ
822 4846 919 4908 τῆς
971 4838 1228 4913 γυναικὸς
1277 4838 1444 4893 αὐτοῦ
1499 4835 1814 4914 Εὐφημίας,
1864 4835 1917 4891 ἐν

342 4931 438 4984 καὶ
492 4928 775 4984 ἐπιστολαὶ
826 4929 1139 4998 εὑρέθησαν.
1183 4927 1285 4982 Τὸν
1338 4923 1395 4981 δὲ
1443 4925 1836 5001 ἀρχιεροσύνης
1880 4924 2005 4997 096-

343 5041 442 5074 νον
476 5016 676 5074 διεῖπεν
706 5019 960 5087 Ἰωάννης
992 5018 1018 5071 6
1053 5015 1348 5093 λεγόμενος
1384 5009 1771 5075 Καππαδόκας.

430 5198 725 5258 Ἰουστῖνος
779 5192 836 5250 δὶ
902 5193 1265 5250 ἀνεκαλέσατο
1338 5192 1535 5255 πάντας
1624 5187 1861 5253 εὐσεϐεῖς
1919 5190 2007 5246 καὶ

344 5290 517 5360 ῖερεῖς
595 5282 938 5361 ὀρθοδόξους,
1036 5281 1128 5345 οὓς
1214 5282 1561 5342 Ἀναστασιος
1646 5279 1845 5341 ἀδίκως
1922 5279 2009 5350 ἐξ·

350 5376 574 5447 ώρισεν.

428 5463 545 5519 Ἐπὶ
590 5468 688 5531 τῆς
746 5459 911 5515 αὐτοῦ
974 5458 1251 5535 βασιλείας
1310 5458 1361 5513 ἐν
1424 5456 1645 5531 Ἐδέσσῃ
1706 5462 1774 5532 τῇ
1825 5456 2008 5530 πόλει,

350 5555 589 5626 Σκιρτοῦ
644 5554 740 5605 τοῦ
800 5553 1052 5622 ποταμοῦ
1129 5548 1289 5622 μέσον
1371 5548 1541 5617 αὐτῆς
1622 5545 2011 5623 διερχομένου,

345 5641 893 5715 πλημμυρήσαντος,
950 5637 1153 5708 ταύτην
1226 5636 1320 5692 σὺν
1368 5641 1485 5699 τοῖς
1552 5636 1829 5699 κατοίκοις
1887 5658 2014 5692 κατ-

2118 4674 2234 4712 suea
2261 4657 2378 4712 ﬁlio
2413 4656 2641 4728 imperii
2668 4672 3006 4711 successore
3034 4656 3253 4713 relicto.
3279 4658 3619 4731 Corpusque
3645 4663 3774 4732 ejus

2116 4745 2448 4816 depositum
2482 4750 2569 4799 est
2613 4744 2669 4797 in
2703 4744 3059 4799 monasterio
3088 4745 3387 4817 Augustas,
3423 4745 3481 4799 in
3514 4763 3648 4802 arca
3679 4748 3771 4802 in-

2092 4834 2348 4889 .clusum
2400 4849 2533 4888 cum
2585 4849 2761 4888 uxore
2801 4833 3127 4904 Euphemia
3161 4850 3174 4888 :
3211 4850 3322 4905 qua
3376 4835 3434 4889 in
3485 4852 3619 4891 arca
3650 4837 3770 4908 epi-

2117 4924 2277 4979 stolas
2311 4928 2549 4994 reperta;
2599 4926 2755 4976 sunt.
2788 4923 3345 4995 Archiepiscopatus
3394 4940 3564 4995 porro
3613 4926 3769 4980 thro-

2118 5029 2261 5068 num
2310 5017 2450 5068 tunc
2500 5011 2805 5066 obtinebat
2851 5012 3110 5068 Joannes
3160 5012 3502 5084 cognomine
3549 5016 3771 5085 Cappa-

2117 5104 2251 5157 dox.

2188 5190 2460 5245 Justinus
2508 5194 2704 5244 autem
2738 5190 2868 5261 pios
2900 5207 3103 5246 omnes
3152 5189 3625 5261 orthodoxosque
3673 5208 3769 5245 sa-

2120 5281 2403 5349 cerdotes,
2437 5295 2586 5349 quos
2631 5280 2850 5349 injuste
2893 5279 3237 5334 Anastasius
3272 5276 3647 5349 relegaverat,
3683 5297 3767 5335 re-

2118 5370 2362 5425 vocavit.

2193 5458 2295 5515 lllo
2356 5457 2711 5528 imperante,
2763 5473 2895 5511 cum
2958 5456 3183 5511 Scirtus
3244 5455 3457 5512 fluvius
3515 5459 3611 5529 qui
3670 5476 3774 5530 per

2123 5549 2376 5604 mediam
2425 5546 2702 5600 Edessam
2750 5546 2899 5610 ﬂuit,
2932 5547 3312 5613 exundasset,
3344 5547 3532 5618 ipsam
3567 5549 3769 5603 urbem

2123 5653 2257 5694 cum
2288 5634 2496 5693 incolis
2528 5634 2847 5691 demersit:
2880 5636 3053 5707 aquis
3084 5650 3218 5694 vero
3248 5636 3513 5709 dilapsis,
3538 5637 3774 5695 inventa
