  <div class='ocr_page' id='page_1' title='image "/cluster/home/n/w/nwhite01/storage/ocr_20150623/122/hvd.32044073502460/665.png"; bbox 0 0 4084 6218; ppageno 0'>
   <div class='ocr_carea' id='block_1_1' title="bbox 365 305 521 367">
    <p class='ocr_par' dir='ltr' id='par_1_1' title="bbox 365 305 521 367">
     <span class='ocr_line' id='line_1_1' title="bbox 365 305 521 367; baseline -0.013 0"><span class='ocrx_word' id='word_1_1' title='bbox 365 310 393 367; x_wconf 83' lang='grc'><strong>1</strong></span> <span class='ocrx_word' id='word_1_2' title='bbox 408 305 521 366; x_wconf 69' lang='grc'>287</span> 
     </span>
    </p>
   </div>
   <div class='ocr_carea' id='block_1_2' title="bbox 1334 289 2832 357">
    <p class='ocr_par' dir='ltr' id='par_1_2' title="bbox 1334 289 2832 357">
     <span class='ocr_line' id='line_1_2' title="bbox 1334 289 2832 357; baseline -0.005 0"><span class='ocrx_word' id='word_1_3' title='bbox 1334 293 1730 357; x_wconf 84' lang='lat' dir='ltr'>APPENDIX</span> <span class='ocrx_word' id='word_1_4' title='bbox 1774 292 1878 353; x_wconf 79' lang='lat' dir='ltr'>AD</span> <span class='ocrx_word' id='word_1_5' title='bbox 1928 289 2398 353; x_wconf 79' lang='lat' dir='ltr'>MICBAELEM</span> <span class='ocrx_word' id='word_1_6' title='bbox 2441 291 2832 354; x_wconf 87' lang='lat' dir='ltr'>PSELLUM.</span> 
     </span>
    </p>
   </div>
   <div class='ocr_carea' id='block_1_3' title="bbox 3616 300 3778 363">
    <p class='ocr_par' dir='ltr' id='par_1_3' title="bbox 3616 300 3778 363">
     <span class='ocr_line' id='line_1_3' title="bbox 3616 300 3778 363; baseline 0.025 -4"><span class='ocrx_word' id='word_1_7' title='bbox 3616 300 3778 363; x_wconf 74' lang='grc'><strong>1288</strong></span> 
     </span>
    </p>
   </div>
   <div class='ocr_carea' id='block_1_4' title="bbox 359 422 2002 509">
    <p class='ocr_par' dir='ltr' id='par_1_4' title="bbox 359 422 2002 509">
     <span class='ocr_line' id='line_1_4' title="bbox 359 422 2002 509; baseline -0.01 -14"><span class='ocrx_word' id='word_1_8' title='bbox 359 442 449 495; x_wconf 91' lang='lat' dir='ltr'>est</span> <span class='ocrx_word' id='word_1_9' title='bbox 478 439 535 493; x_wconf 90' lang='lat' dir='ltr'>in</span> <span class='ocrx_word' id='word_1_10' title='bbox 568 437 694 509; x_wconf 87' lang='lat' dir='ltr'>ripa</span> <span class='ocrx_word' id='word_1_11' title='bbox 726 431 995 490; x_wconf 86' lang='lat' dir='ltr'>ﬂuminis</span> <span class='ocrx_word' id='word_1_12' title='bbox 1034 431 1266 503; x_wconf 83' lang='lat' dir='ltr'>lapidea</span> <span class='ocrx_word' id='word_1_13' title='bbox 1309 428 1530 495; x_wconf 85' lang='lat' dir='ltr'>tabula,</span> <span class='ocrx_word' id='word_1_14' title='bbox 1566 426 1665 498; x_wconf 87' lang='lat' dir='ltr'>qui</span> <span class='ocrx_word' id='word_1_15' title='bbox 1699 423 1853 481; x_wconf 88' lang='lat' dir='ltr'>notis</span> <span class='ocrx_word' id='word_1_16' title='bbox 1884 422 2002 478; x_wconf 91' lang='lat' dir='ltr'>hie-</span> 
     </span>
    </p>
   </div>
   <div class='ocr_carea' id='block_1_5' title="bbox 2120 422 3777 509">
    <p class='ocr_par' dir='ltr' id='par_1_5' title="bbox 2146 422 3777 500">
     <span class='ocr_line' id='line_1_5' title="bbox 2146 422 3777 500; baseline -0.002 -13"><span class='ocrx_word' id='word_1_17' title='bbox 2146 428 2358 490; x_wconf 83' lang='grc' dir='ltr'>ὲκλυσε·</span> <span class='ocrx_word' id='word_1_18' title='bbox 2391 426 2537 484; x_wconf 83' lang='grc' dir='ltr'>Μετὸ</span> <span class='ocrx_word' id='word_1_19' title='bbox 2569 422 2627 479; x_wconf 73' lang='grc' dir='ltr'>δὲ</span> <span class='ocrx_word' id='word_1_20' title='bbox 2653 424 2715 477; x_wconf 89' lang='grc' dir='ltr'>τὸ</span> <span class='ocrx_word' id='word_1_21' title='bbox 2753 423 3051 477; x_wconf 85' lang='grc' dir='ltr'>παυσασθαι</span> <span class='ocrx_word' id='word_1_22' title='bbox 3099 426 3168 479; x_wconf 78' lang='grc' dir='ltr'>τὰ</span> <span class='ocrx_word' id='word_1_23' title='bbox 3210 422 3394 497; x_wconf 77' lang='grc' dir='ltr'>ὕδατα,</span> <span class='ocrx_word' id='word_1_24' title='bbox 3417 427 3558 500; x_wconf 77' lang='grc' dir='ltr'>πλᾶξ</span> <span class='ocrx_word' id='word_1_25' title='bbox 3590 429 3777 500; x_wconf 85' lang='grc' dir='ltr'>λιθίνη</span> 
     </span>
    </p>
   </div>
   <div class='ocr_carea' id='block_1_6' title="bbox 357 514 2005 600">
    <p class='ocr_par' dir='ltr' id='par_1_6' title="bbox 357 514 2005 600">
     <span class='ocr_line' id='line_1_6' title="bbox 357 514 2005 600; baseline -0.01 -17"><span class='ocrx_word' id='word_1_26' title='bbox 357 526 714 600; x_wconf 87' lang='lat' dir='ltr'>roglyphicis</span> <span class='ocrx_word' id='word_1_27' title='bbox 745 521 1078 594; x_wconf 86' lang='lat' dir='ltr'>insculptus</span> <span class='ocrx_word' id='word_1_28' title='bbox 1104 526 1228 577; x_wconf 88' lang='lat' dir='ltr'>erat</span> <span class='ocrx_word' id='word_1_29' title='bbox 1253 538 1263 575; x_wconf 94' lang='lat'>:</span> <span class='ocrx_word' id='word_1_30' title='bbox 1289 519 1502 575; x_wconf 80' lang='lat' dir='ltr'>Scirtus</span> <span class='ocrx_word' id='word_1_31' title='bbox 1531 518 1733 587; x_wconf 80' lang='lat' dir='ltr'>ﬂuvius</span> <span class='ocrx_word' id='word_1_32' title='bbox 1758 514 2005 583; x_wconf 77' lang='lat' dir='ltr'>saltabit,</span> 
     </span>
    </p>
   </div>
   <div class='ocr_carea' id='block_1_7' title="bbox 356 612 1273 688">
    <p class='ocr_par' dir='ltr' id='par_1_7' title="bbox 356 612 1273 688">
     <span class='ocr_line' id='line_1_7' title="bbox 356 612 1273 688; baseline -0.007 -17"><span class='ocrx_word' id='word_1_33' title='bbox 356 618 625 688; x_wconf 75' lang='lat' dir='ltr'>noxiique</span> <span class='ocrx_word' id='word_1_34' title='bbox 650 615 861 670; x_wconf 81' lang='lat' dir='ltr'>civibus</span> <span class='ocrx_word' id='word_1_35' title='bbox 890 612 1064 667; x_wconf 74' lang='lat' dir='ltr'>saltus</span> <span class='ocrx_word' id='word_1_36' title='bbox 1094 614 1273 665; x_wconf 77' lang='lat' dir='ltr'>erunt.</span> 
     </span>
    </p>
   </div>
   <div class='ocr_carea' id='block_1_8' title="bbox 2131 508 3785 596">
    <p class='ocr_par' dir='ltr' id='par_1_8' title="bbox 2131 508 3785 596">
     <span class='ocr_line' id='line_1_8' title="bbox 2131 508 3785 596; baseline -0.003 -21"><span class='ocrx_word' id='word_1_37' title='bbox 2131 518 2320 596; x_wconf 75' lang='grc' dir='ltr'>εὑρέθη</span> <span class='ocrx_word' id='word_1_38' title='bbox 2356 517 2407 572; x_wconf 91' lang='grc' dir='ltr'>ἐν</span> <span class='ocrx_word' id='word_1_39' title='bbox 2439 519 2506 590; x_wconf 77' lang='grc' dir='ltr'>τῇ</span> <span class='ocrx_word' id='word_1_40' title='bbox 2537 517 2634 569; x_wconf 74' lang='grc' dir='ltr'>τοῦ</span> <span class='ocrx_word' id='word_1_41' title='bbox 2684 515 2938 584; x_wconf 79' lang='grc' dir='ltr'>ποταμοῦ</span> <span class='ocrx_word' id='word_1_42' title='bbox 2990 508 3131 588; x_wconf 65' lang='grc' dir='ltr'>ὄχθῃ</span> <span class='ocrx_word' id='word_1_43' title='bbox 3174 513 3583 591; x_wconf 76' lang='grc' dir='ltr'>ἲερογλυφικοῖς</span> <span class='ocrx_word' id='word_1_44' title='bbox 3610 519 3785 595; x_wconf 82' lang='grc' dir='ltr'>γράμ-</span> 
     </span>
    </p>
   </div>
   <div class='ocr_carea' id='block_1_9' title="bbox 2138 601 3770 684">
    <p class='ocr_par' dir='ltr' id='par_1_9' title="bbox 2138 601 3770 684">
     <span class='ocr_line' id='line_1_9' title="bbox 2138 601 3770 684; baseline 0 -21"><span class='ocrx_word' id='word_1_45' title='bbox 2138 629 2297 683; x_wconf 87' lang='grc' dir='ltr'>μασιν</span> <span class='ocrx_word' id='word_1_46' title='bbox 2347 602 2839 682; x_wconf 78' lang='grc' dir='ltr'>ἐγκεκολαμμένοις</span> <span class='ocrx_word' id='word_1_47' title='bbox 2891 601 3224 677; x_wconf 84' lang='grc' dir='ltr'>περίέχουσα</span> <span class='ocrx_word' id='word_1_48' title='bbox 3267 610 3428 661; x_wconf 76' lang='grc' dir='ltr'>τοῦτο</span> <span class='ocrx_word' id='word_1_49' title='bbox 3462 625 3475 637; x_wconf 90' lang='grc'><strong>·</strong></span> <span class='ocrx_word' id='word_1_50' title='bbox 3538 609 3770 684; x_wconf 74' lang='grc' dir='ltr'>Σκιρτός</span> 
     </span>
    </p>
   </div>
   <div class='ocr_carea' id='block_1_10' title="bbox 2122 690 3627 770">
    <p class='ocr_par' dir='ltr' id='par_1_10' title="bbox 2122 690 3627 770">
     <span class='ocr_line' id='line_1_10' title="bbox 2122 690 3627 770; baseline 0 -17"><span class='ocrx_word' id='word_1_51' title='bbox 2122 696 2373 770; x_wconf 87' lang='grc' dir='ltr'>ποταμὸς</span> <span class='ocrx_word' id='word_1_52' title='bbox 2429 694 2705 769; x_wconf 84' lang='grc' dir='ltr'>σκιρτήσει</span> <span class='ocrx_word' id='word_1_53' title='bbox 2765 690 2903 745; x_wconf 79' lang='grc' dir='ltr'>κακὰ</span> <span class='ocrx_word' id='word_1_54' title='bbox 2960 692 3305 766; x_wconf 77' lang='grc' dir='ltr'>σκιρτήματα</span> <span class='ocrx_word' id='word_1_55' title='bbox 3352 693 3627 758; x_wconf 83' lang='grc' dir='ltr'>πολίταις.</span> 
     </span>
    </p>
   </div>
   <div class='ocr_carea' id='block_1_11' title="bbox 2188 777 3780 855">
    <p class='ocr_par' dir='ltr' id='par_1_11' title="bbox 2188 777 3780 855">
     <span class='ocr_line' id='line_1_11' title="bbox 2188 777 3780 855; baseline -0.008 -12"><span class='ocrx_word' id='word_1_56' title='bbox 2188 783 2465 843; x_wconf 76' lang='grc' dir='ltr'>Εὐλαλίου</span> <span class='ocrx_word' id='word_1_57' title='bbox 2494 782 2639 843; x_wconf 86' lang='grc' dir='ltr'>τινὸς</span> <span class='ocrx_word' id='word_1_58' title='bbox 2673 781 2777 835; x_wconf 84' lang='grc' dir='ltr'>ἀπὸ</span> <span class='ocrx_word' id='word_1_59' title='bbox 2826 777 3095 835; x_wconf 80' lang='grc' dir='ltr'>πλουσίου</span> <span class='ocrx_word' id='word_1_60' title='bbox 3143 782 3373 853; x_wconf 87' lang='grc' dir='ltr'>πένητος</span> <span class='ocrx_word' id='word_1_61' title='bbox 3416 784 3780 855; x_wconf 67' lang='grc' dir='ltr'>τελευτήσαν-</span> 
     </span>
    </p>
   </div>
   <div class='ocr_carea' id='block_1_12' title="bbox 2115 870 3775 947">
    <p class='ocr_par' dir='ltr' id='par_1_12' title="bbox 2115 870 3775 947">
     <span class='ocr_line' id='line_1_12' title="bbox 2115 870 3775 947; baseline -0.004 -15"><span class='ocrx_word' id='word_1_62' title='bbox 2115 897 2230 947; x_wconf 87' lang='grc' dir='ltr'>τος,</span> <span class='ocrx_word' id='word_1_63' title='bbox 2280 874 2370 929; x_wconf 84' lang='grc' dir='ltr'>καὶ</span> <span class='ocrx_word' id='word_1_64' title='bbox 2416 870 2723 945; x_wconf 73' lang='grc' dir='ltr'>γράψαντος</span> <span class='ocrx_word' id='word_1_65' title='bbox 2771 870 3065 924; x_wconf 87' lang='grc' dir='ltr'>Ἰουστῖνον</span> <span class='ocrx_word' id='word_1_66' title='bbox 3120 870 3471 945; x_wconf 78' lang='grc' dir='ltr'>κληρονόμον</span> <span class='ocrx_word' id='word_1_67' title='bbox 3498 872 3548 928; x_wconf 85' lang='grc' dir='ltr'>ἐν</span> <span class='ocrx_word' id='word_1_68' title='bbox 3582 872 3775 943; x_wconf 50' lang='lat' dir='ltr'>suos-</span> 
     </span>
    </p>
   </div>
   <div class='ocr_carea' id='block_1_13' title="bbox 2116 958 3773 1037">
    <p class='ocr_par' dir='ltr' id='par_1_13' title="bbox 2116 958 3773 1037">
     <span class='ocr_line' id='line_1_13' title="bbox 2116 958 3773 1037; baseline 0.003 -24"><span class='ocrx_word' id='word_1_69' title='bbox 2116 986 2258 1031; x_wconf 81' lang='grc' dir='ltr'>καις,</span> <span class='ocrx_word' id='word_1_70' title='bbox 2311 963 2401 1017; x_wconf 85' lang='grc' dir='ltr'>καὶ</span> <span class='ocrx_word' id='word_1_71' title='bbox 2453 958 3018 1035; x_wconf 71' lang='grc' dir='ltr'>παρακελευσαμένου,</span> <span class='ocrx_word' id='word_1_72' title='bbox 3076 958 3215 1014; x_wconf 80' lang='grc' dir='ltr'>ὥστε</span> <span class='ocrx_word' id='word_1_73' title='bbox 3271 961 3366 1023; x_wconf 78' lang='grc' dir='ltr'>τὰς</span> <span class='ocrx_word' id='word_1_74' title='bbox 3421 969 3568 1037; x_wconf 84' lang='grc' dir='ltr'>τρεῖς</span> <span class='ocrx_word' id='word_1_75' title='bbox 3602 965 3773 1018; x_wconf 57' lang='lat' dir='ltr'>uaso?»</span> 
     </span>
    </p>
   </div>
   <div class='ocr_carea' id='block_1_14' title="bbox 2120 1049 3772 1131">
    <p class='ocr_par' dir='ltr' id='par_1_14' title="bbox 2120 1049 3772 1131">
     <span class='ocr_line' id='line_1_14' title="bbox 2120 1049 3772 1131; baseline 0 -24"><span class='ocrx_word' id='word_1_76' title='bbox 2120 1053 2414 1131; x_wconf 70' lang='grc' dir='ltr'>θυγατέρας</span> <span class='ocrx_word' id='word_1_77' title='bbox 2493 1050 2689 1123; x_wconf 80' lang='grc' dir='ltr'>μικρὰς</span> <span class='ocrx_word' id='word_1_78' title='bbox 2780 1049 3226 1125; x_wconf 72' lang='grc' dir='ltr'>καταΛειφθείσας</span> <span class='ocrx_word' id='word_1_79' title='bbox 3303 1050 3596 1126; x_wconf 73' lang='grc' dir='ltr'>ἀναθρέψαι</span> <span class='ocrx_word' id='word_1_80' title='bbox 3682 1054 3772 1107; x_wconf 79' lang='grc' dir='ltr'>καὶ</span> 
     </span>
    </p>
   </div>
   <div class='ocr_carea' id='block_1_15' title="bbox 2119 1135 3773 1217">
    <p class='ocr_par' dir='ltr' id='par_1_15' title="bbox 2119 1135 3773 1217">
     <span class='ocr_line' id='line_1_15' title="bbox 2119 1135 3773 1217; baseline -0.001 -20"><span class='ocrx_word' id='word_1_81' title='bbox 2119 1143 2480 1217; x_wconf 79' lang='grc' dir='ltr'>ἐκπροικῆσαι</span> <span class='ocrx_word' id='word_1_82' title='bbox 2528 1138 2617 1192; x_wconf 87' lang='grc' dir='ltr'>τὸν</span> <span class='ocrx_word' id='word_1_83' title='bbox 2674 1135 2920 1211; x_wconf 75' lang='grc' dir='ltr'>βασιλέα,</span> <span class='ocrx_word' id='word_1_84' title='bbox 2951 1137 3041 1191; x_wconf 84' lang='grc' dir='ltr'>καὶ</span> <span class='ocrx_word' id='word_1_85' title='bbox 3090 1138 3265 1193; x_wconf 75' lang='grc' dir='ltr'>πάντα</span> <span class='ocrx_word' id='word_1_86' title='bbox 3310 1139 3378 1193; x_wconf 73' lang='grc' dir='ltr'>τὰ</span> <span class='ocrx_word' id='word_1_87' title='bbox 3422 1143 3560 1215; x_wconf 83' lang='grc' dir='ltr'>χρέη</span> <span class='ocrx_word' id='word_1_88' title='bbox 3609 1140 3773 1196; x_wconf 75' lang='grc' dir='ltr'>αὐτοῦ</span> 
     </span>
    </p>
   </div>
   <div class='ocr_carea' id='block_1_16' title="bbox 2119 1223 3773 1304">
    <p class='ocr_par' dir='ltr' id='par_1_16' title="bbox 2119 1223 3773 1304">
     <span class='ocr_line' id='line_1_16' title="bbox 2119 1223 3773 1304; baseline -0.004 -17"><span class='ocrx_word' id='word_1_89' title='bbox 2119 1230 2303 1287; x_wconf 78' lang='grc' dir='ltr'>δοῦναι</span> <span class='ocrx_word' id='word_1_90' title='bbox 2358 1234 2473 1289; x_wconf 83' lang='grc' dir='ltr'>τοῖς</span> <span class='ocrx_word' id='word_1_91' title='bbox 2538 1223 2869 1299; x_wconf 70' lang='grc' dir='ltr'>ὀφειλέταις,</span> <span class='ocrx_word' id='word_1_92' title='bbox 2923 1227 3011 1280; x_wconf 86' lang='grc' dir='ltr'>καὶ</span> <span class='ocrx_word' id='word_1_93' title='bbox 3083 1228 3151 1281; x_wconf 75' lang='grc' dir='ltr'>τὰ</span> <span class='ocrx_word' id='word_1_94' title='bbox 3209 1235 3555 1304; x_wconf 83' lang='grc' dir='ltr'>γραμματεῖα</span> <span class='ocrx_word' id='word_1_95' title='bbox 3607 1231 3773 1285; x_wconf 72' lang='grc' dir='ltr'>αὑτοῦ</span> 
     </span>
    </p>
   </div>
   <div class='ocr_carea' id='block_1_17' title="bbox 2116 1314 3779 1393">
    <p class='ocr_par' dir='ltr' id='par_1_17' title="bbox 2116 1314 3779 1393">
     <span class='ocr_line' id='line_1_17' title="bbox 2116 1314 3779 1393; baseline -0.001 -17"><span class='ocrx_word' id='word_1_96' title='bbox 2116 1323 2289 1376; x_wconf 82' lang='grc' dir='ltr'>πάντα</span> <span class='ocrx_word' id='word_1_97' title='bbox 2343 1315 2765 1393; x_wconf 75' lang='grc' dir='ltr'>ἀναρῥύσασθαι,</span> <span class='ocrx_word' id='word_1_98' title='bbox 2828 1315 2855 1369; x_wconf 91' lang='grc' dir='ltr'>ὁ</span> <span class='ocrx_word' id='word_1_99' title='bbox 2939 1314 3193 1389; x_wconf 81' lang='grc' dir='ltr'>βασιλεὺς</span> <span class='ocrx_word' id='word_1_100' title='bbox 3252 1319 3537 1381; x_wconf 83' lang='grc' dir='ltr'>ἰουστῖνος</span> <span class='ocrx_word' id='word_1_101' title='bbox 3606 1318 3779 1389; x_wconf 83' lang='grc' dir='ltr'>ἐπλή-</span> 
     </span>
    </p>
   </div>
   <div class='ocr_carea' id='block_1_18' title="bbox 2120 1403 3776 1486">
    <p class='ocr_par' dir='ltr' id='par_1_18' title="bbox 2120 1403 3776 1486">
     <span class='ocr_line' id='line_1_18' title="bbox 2120 1403 3776 1486; baseline -0.001 -22"><span class='ocrx_word' id='word_1_102' title='bbox 2120 1430 2282 1486; x_wconf 88' lang='grc' dir='ltr'>ρωσε,</span> <span class='ocrx_word' id='word_1_103' title='bbox 2329 1405 2680 1476; x_wconf 80' lang='grc' dir='ltr'>καταπλήξας</span> <span class='ocrx_word' id='word_1_104' title='bbox 2736 1403 2785 1459; x_wconf 84' lang='grc' dir='ltr'>ἐν</span> <span class='ocrx_word' id='word_1_105' title='bbox 2864 1405 3044 1476; x_wconf 70' lang='grc' dir='ltr'>τούτῳ</span> <span class='ocrx_word' id='word_1_106' title='bbox 3114 1405 3289 1461; x_wconf 75' lang='grc' dir='ltr'>πάντα</span> <span class='ocrx_word' id='word_1_107' title='bbox 3340 1404 3624 1483; x_wconf 71' lang='grc' dir='ltr'>ἄνθρωπον</span> <span class='ocrx_word' id='word_1_108' title='bbox 3680 1410 3776 1463; x_wconf 81' lang='grc' dir='ltr'>τὸν</span> 
     </span>
    </p>
   </div>
   <div class='ocr_carea' id='block_1_19' title="bbox 427 785 2005 865">
    <p class='ocr_par' dir='ltr' id='par_1_19' title="bbox 427 785 2005 865">
     <span class='ocr_line' id='line_1_19' title="bbox 427 785 2005 865; baseline -0.01 -13"><span class='ocrx_word' id='word_1_109' title='bbox 427 794 689 852; x_wconf 88' lang='lat' dir='ltr'>Eulialus</span> <span class='ocrx_word' id='word_1_110' title='bbox 732 792 973 865; x_wconf 88' lang='lat' dir='ltr'>quidam</span> <span class='ocrx_word' id='word_1_111' title='bbox 1006 805 1073 843; x_wconf 82' lang='lat' dir='ltr'><strong>ex</strong></span> <span class='ocrx_word' id='word_1_112' title='bbox 1103 786 1282 842; x_wconf 77' lang='lat' dir='ltr'>divite</span> <span class='ocrx_word' id='word_1_113' title='bbox 1322 801 1544 858; x_wconf 84' lang='lat' dir='ltr'>pauper</span> <span class='ocrx_word' id='word_1_114' title='bbox 1574 785 1837 851; x_wconf 71' lang='lat' dir='ltr'>effectus,</span> <span class='ocrx_word' id='word_1_115' title='bbox 1871 798 2005 837; x_wconf 91' lang='lat' dir='ltr'>cum</span> 
     </span>
    </p>
   </div>
   <div class='ocr_carea' id='block_1_20' title="bbox 353 872 2005 948">
    <p class='ocr_par' dir='ltr' id='par_1_20' title="bbox 353 872 2005 948">
     <span class='ocr_line' id='line_1_20' title="bbox 353 872 2005 948; baseline -0.01 -7"><span class='ocrx_word' id='word_1_116' title='bbox 353 902 385 941; x_wconf 90' lang='lat' dir='ltr'>e</span> <span class='ocrx_word' id='word_1_117' title='bbox 428 885 543 939; x_wconf 87' lang='lat' dir='ltr'>vita</span> <span class='ocrx_word' id='word_1_118' title='bbox 596 882 915 948; x_wconf 77' lang='lat' dir='ltr'>excederet,</span> <span class='ocrx_word' id='word_1_119' title='bbox 949 880 1301 932; x_wconf 89' lang='lat' dir='ltr'>testamento</span> <span class='ocrx_word' id='word_1_120' title='bbox 1358 874 1659 931; x_wconf 86' lang='lat' dir='ltr'>Justinum</span> <span class='ocrx_word' id='word_1_121' title='bbox 1716 872 2005 928; x_wconf 62' lang='lat' dir='ltr'>haeredem</span> 
     </span>
    </p>
   </div>
   <div class='ocr_carea' id='block_1_21' title="bbox 354 961 2005 1044">
    <p class='ocr_par' dir='ltr' id='par_1_21' title="bbox 354 961 2005 1044">
     <span class='ocr_line' id='line_1_21' title="bbox 354 961 2005 1044; baseline -0.009 -15"><span class='ocrx_word' id='word_1_122' title='bbox 354 974 616 1044; x_wconf 82' lang='lat' dir='ltr'>reliquit,</span> <span class='ocrx_word' id='word_1_123' title='bbox 679 969 782 1025; x_wconf 88' lang='lat' dir='ltr'>illa</span> <span class='ocrx_word' id='word_1_124' title='bbox 840 966 1194 1030; x_wconf 89' lang='lat' dir='ltr'>conditione,</span> <span class='ocrx_word' id='word_1_125' title='bbox 1243 968 1307 1019; x_wconf 90' lang='lat' dir='ltr'>ut</span> <span class='ocrx_word' id='word_1_126' title='bbox 1364 969 1482 1018; x_wconf 90' lang='lat' dir='ltr'>tres</span> <span class='ocrx_word' id='word_1_127' title='bbox 1540 963 1692 1017; x_wconf 87' lang='lat' dir='ltr'>filias</span> <span class='ocrx_word' id='word_1_128' title='bbox 1749 978 1888 1017; x_wconf 89' lang='lat' dir='ltr'>suas</span> <span class='ocrx_word' id='word_1_129' title='bbox 1947 961 2005 1014; x_wconf 90' lang='lat' dir='ltr'>in</span> 
     </span>
    </p>
   </div>
   <div class='ocr_carea' id='block_1_22' title="bbox 351 1050 2004 1123">
    <p class='ocr_par' dir='ltr' id='par_1_22' title="bbox 351 1050 2004 1123">
     <span class='ocr_line' id='line_1_22' title="bbox 351 1050 2004 1123; baseline -0.009 -5"><span class='ocrx_word' id='word_1_130' title='bbox 351 1062 567 1119; x_wconf 84' lang='lat' dir='ltr'>tenella</span> <span class='ocrx_word' id='word_1_131' title='bbox 615 1063 780 1113; x_wconf 77' lang='lat' dir='ltr'>aetate</span> <span class='ocrx_word' id='word_1_132' title='bbox 839 1054 1072 1111; x_wconf 88' lang='lat' dir='ltr'>relictas</span> <span class='ocrx_word' id='word_1_133' title='bbox 1130 1055 1426 1121; x_wconf 79' lang='lat' dir='ltr'>educeret,</span> <span class='ocrx_word' id='word_1_134' title='bbox 1487 1052 1751 1123; x_wconf 86' lang='lat' dir='ltr'>ipsisque</span> <span class='ocrx_word' id='word_1_135' title='bbox 1809 1050 2004 1104; x_wconf 86' lang='lat' dir='ltr'>dotem</span> 
     </span>
    </p>
   </div>
   <div class='ocr_carea' id='block_1_23' title="bbox 352 1138 2007 1221">
    <p class='ocr_par' dir='ltr' id='par_1_23' title="bbox 352 1138 2007 1221">
     <span class='ocr_line' id='line_1_23' title="bbox 352 1138 2007 1221; baseline -0.008 -15"><span class='ocrx_word' id='word_1_136' title='bbox 352 1151 703 1221; x_wconf 85' lang='lat' dir='ltr'>assignaret;</span> <span class='ocrx_word' id='word_1_137' title='bbox 754 1162 820 1201; x_wconf 91' lang='lat' dir='ltr'>ac</span> <span class='ocrx_word' id='word_1_138' title='bbox 868 1143 1068 1200; x_wconf 86' lang='lat' dir='ltr'>omnia</span> <span class='ocrx_word' id='word_1_139' title='bbox 1121 1142 1321 1197; x_wconf 90' lang='lat' dir='ltr'>debita</span> <span class='ocrx_word' id='word_1_140' title='bbox 1378 1141 1765 1196; x_wconf 83' lang='lat' dir='ltr'>creditoribus</span> <span class='ocrx_word' id='word_1_141' title='bbox 1823 1138 2007 1195; x_wconf 88' lang='lat' dir='ltr'>solve-</span> 
     </span>
    </p>
   </div>
   <div class='ocr_carea' id='block_1_24' title="bbox 350 1230 2006 1305">
    <p class='ocr_par' dir='ltr' id='par_1_24' title="bbox 350 1230 2006 1305">
     <span class='ocr_line' id='line_1_24' title="bbox 350 1230 2006 1305; baseline -0.008 -10"><span class='ocrx_word' id='word_1_142' title='bbox 350 1244 459 1304; x_wconf 89' lang='lat' dir='ltr'>ret,</span> <span class='ocrx_word' id='word_1_143' title='bbox 505 1246 559 1293; x_wconf 88' lang='lat' dir='ltr'>et</span> <span class='ocrx_word' id='word_1_144' title='bbox 614 1237 686 1292; x_wconf 82' lang='lat' dir='ltr'>ab</span> <span class='ocrx_word' id='word_1_145' title='bbox 745 1235 819 1290; x_wconf 87' lang='lat' dir='ltr'>iis</span> <span class='ocrx_word' id='word_1_146' title='bbox 878 1232 1245 1305; x_wconf 88' lang='lat' dir='ltr'>syngraphas</span> <span class='ocrx_word' id='word_1_147' title='bbox 1298 1248 1438 1286; x_wconf 88' lang='lat' dir='ltr'>suas</span> <span class='ocrx_word' id='word_1_148' title='bbox 1495 1230 1830 1284; x_wconf 82' lang='lat' dir='ltr'>redimeret.</span> <span class='ocrx_word' id='word_1_149' title='bbox 1872 1230 2006 1292; x_wconf 80' lang='lat' dir='ltr'>Quae</span> 
     </span>
    </p>
   </div>
   <div class='ocr_carea' id='block_1_25' title="bbox 346 1318 2005 1394">
    <p class='ocr_par' dir='ltr' id='par_1_25' title="bbox 346 1318 2005 1394">
     <span class='ocr_line' id='line_1_25' title="bbox 346 1318 2005 1394; baseline -0.007 -11"><span class='ocrx_word' id='word_1_150' title='bbox 346 1328 544 1384; x_wconf 84' lang='lat' dir='ltr'>omnia</span> <span class='ocrx_word' id='word_1_151' title='bbox 592 1325 868 1381; x_wconf 85' lang='lat' dir='ltr'>Justinus</span> <span class='ocrx_word' id='word_1_152' title='bbox 918 1323 1079 1394; x_wconf 87' lang='lat' dir='ltr'>regia</span> <span class='ocrx_word' id='word_1_153' title='bbox 1132 1320 1535 1376; x_wconf 84' lang='lat' dir='ltr'>muniﬁcentia</span> <span class='ocrx_word' id='word_1_154' title='bbox 1585 1318 1846 1391; x_wconf 77' lang='lat' dir='ltr'>perfecit,</span> <span class='ocrx_word' id='word_1_155' title='bbox 1881 1334 2005 1372; x_wconf 90' lang='lat' dir='ltr'>ma-</span> 
     </span>
    </p>
   </div>
   <div class='ocr_carea' id='block_1_26' title="bbox 344 1406 2003 1488">
    <p class='ocr_par' dir='ltr' id='par_1_26' title="bbox 344 1406 2003 1488">
     <span class='ocr_line' id='line_1_26' title="bbox 344 1406 2003 1488; baseline -0.006 -17"><span class='ocrx_word' id='word_1_156' title='bbox 344 1433 465 1488; x_wconf 86' lang='lat' dir='ltr'>gna</span> <span class='ocrx_word' id='word_1_157' title='bbox 496 1415 761 1471; x_wconf 89' lang='lat' dir='ltr'>omnium</span> <span class='ocrx_word' id='word_1_158' title='bbox 814 1413 914 1485; x_wconf 91' lang='lat' dir='ltr'>qui</span> <span class='ocrx_word' id='word_1_159' title='bbox 946 1414 1028 1468; x_wconf 88' lang='lat' dir='ltr'>rei</span> <span class='ocrx_word' id='word_1_160' title='bbox 1060 1413 1278 1467; x_wconf 84' lang='lat' dir='ltr'>famam</span> <span class='ocrx_word' id='word_1_161' title='bbox 1333 1412 1719 1483; x_wconf 88' lang='lat' dir='ltr'>perceperunt</span> <span class='ocrx_word' id='word_1_162' title='bbox 1748 1406 2003 1462; x_wconf 86' lang='lat' dir='ltr'>admira-</span> 
     </span>
    </p>
   </div>
   <div class='ocr_carea' id='block_1_27' title="bbox 336 1499 2002 1561">
    <p class='ocr_par' dir='ltr' id='par_1_27' title="bbox 336 1507 525 1561">
     <span class='ocr_line' id='line_1_27' title="bbox 336 1507 525 1561; baseline -0.011 0"><span class='ocrx_word' id='word_1_163' title='bbox 336 1507 525 1561; x_wconf 88' lang='lat' dir='ltr'>tione.</span> 
     </span>
    </p>
   </div>
   <div class='ocr_carea' id='block_1_28' title="bbox 2120 1499 2441 1561">
    <p class='ocr_par' dir='ltr' id='par_1_28' title="bbox 2120 1499 2441 1553">
     <span class='ocr_line' id='line_1_28' title="bbox 2120 1499 2441 1553; baseline 0 0"><span class='ocrx_word' id='word_1_164' title='bbox 2120 1499 2441 1553; x_wconf 73' lang='grc' dir='ltr'>ἀκούσαντα.</span> 
     </span>
    </p>
   </div>
   <div class='ocr_carea' id='block_1_29' title="bbox 406 1576 2002 1664">
    <p class='ocr_par' dir='ltr' id='par_1_29' title="bbox 406 1576 2002 1664">
     <span class='ocr_line' id='line_1_29' title="bbox 406 1576 2002 1664; baseline -0.006 -15"><span class='ocrx_word' id='word_1_165' title='bbox 406 1576 783 1649; x_wconf 82' lang='lat' dir='ltr'>Justinianus</span> <span class='ocrx_word' id='word_1_166' title='bbox 830 1592 1010 1664; x_wconf 85' lang='lat' dir='ltr'>igitur</span> <span class='ocrx_word' id='word_1_167' title='bbox 1042 1589 1351 1663; x_wconf 79' lang='lat' dir='ltr'>imperavit</span> <span class='ocrx_word' id='word_1_168' title='bbox 1398 1588 1571 1644; x_wconf 90' lang='lat' dir='ltr'>annis</span> <span class='ocrx_word' id='word_1_169' title='bbox 1622 1586 1869 1658; x_wconf 83' lang='lat' dir='ltr'>triginta</span> <span class='ocrx_word' id='word_1_170' title='bbox 1899 1600 2002 1639; x_wconf 89' lang='lat' dir='ltr'>no-</span> 
     </span>
    </p>
   </div>
   <div class='ocr_carea' id='block_1_30' title="bbox 2120 1576 3775 1664">
    <p class='ocr_par' dir='ltr' id='par_1_30' title="bbox 2184 1578 3775 1656">
     <span class='ocr_line' id='line_1_30' title="bbox 2184 1578 3775 1656; baseline 0 -15"><span class='ocrx_word' id='word_1_171' title='bbox 2184 1589 2245 1645; x_wconf 84' lang='lat' dir='ltr'>&#39;O</span> <span class='ocrx_word' id='word_1_172' title='bbox 2303 1586 2393 1641; x_wconf 79' lang='grc' dir='ltr'>οὖν</span> <span class='ocrx_word' id='word_1_173' title='bbox 2450 1583 2831 1647; x_wconf 86' lang='grc' dir='ltr'>Ἰουστινιανὸς</span> <span class='ocrx_word' id='word_1_174' title='bbox 2890 1578 3236 1640; x_wconf 68' lang='grc' dir='ltr'>ἐϐασίλευσεν</span> <span class='ocrx_word' id='word_1_175' title='bbox 3291 1581 3383 1656; x_wconf 63' lang='grc' dir='ltr'>ἔτη</span> <span class='ocrx_word' id='word_1_176' title='bbox 3443 1587 3525 1650; x_wconf 80' lang='grc' dir='ltr'>Λθ⁹</span> <span class='ocrx_word' id='word_1_177' title='bbox 3560 1604 3572 1617; x_wconf 84' lang='grc'>⁶</span> <span class='ocrx_word' id='word_1_178' title='bbox 3634 1588 3775 1642; x_wconf 70' lang='grc' dir='ltr'>ὑπά-</span> 
     </span>
    </p>
   </div>
   <div class='ocr_carea' id='block_1_31' title="bbox 340 1671 2002 1750">
    <p class='ocr_par' dir='ltr' id='par_1_31' title="bbox 340 1673 2002 1750">
     <span class='ocr_line' id='line_1_31' title="bbox 340 1673 2002 1750; baseline -0.008 -10"><span class='ocrx_word' id='word_1_179' title='bbox 340 1700 500 1750; x_wconf 88' lang='lat' dir='ltr'>vem;</span> <span class='ocrx_word' id='word_1_180' title='bbox 533 1690 589 1738; x_wconf 90' lang='lat' dir='ltr'>et</span> <span class='ocrx_word' id='word_1_181' title='bbox 621 1683 678 1737; x_wconf 90' lang='lat' dir='ltr'>in</span> <span class='ocrx_word' id='word_1_182' title='bbox 714 1682 906 1737; x_wconf 90' lang='lat' dir='ltr'>media</span> <span class='ocrx_word' id='word_1_183' title='bbox 941 1682 1082 1735; x_wconf 89' lang='lat' dir='ltr'>urbe</span> <span class='ocrx_word' id='word_1_184' title='bbox 1127 1677 1497 1734; x_wconf 84' lang='lat' dir='ltr'>consulatum</span> <span class='ocrx_word' id='word_1_185' title='bbox 1552 1675 1753 1748; x_wconf 84' lang='lat' dir='ltr'>gessit,</span> <span class='ocrx_word' id='word_1_186' title='bbox 1790 1673 2002 1728; x_wconf 88' lang='lat' dir='ltr'>multas</span> 
     </span>
    </p>
   </div>
   <div class='ocr_carea' id='block_1_32' title="bbox 2120 1671 3775 1750">
    <p class='ocr_par' dir='ltr' id='par_1_32' title="bbox 2120 1671 3775 1750">
     <span class='ocr_line' id='line_1_32' title="bbox 2120 1671 3775 1750; baseline -0.001 -19"><span class='ocrx_word' id='word_1_187' title='bbox 2120 1698 2293 1732; x_wconf 79' lang='grc' dir='ltr'>τευσεν</span> <span class='ocrx_word' id='word_1_188' title='bbox 2338 1676 2388 1731; x_wconf 89' lang='grc' dir='ltr'>ἐν</span> <span class='ocrx_word' id='word_1_189' title='bbox 2437 1675 2571 1748; x_wconf 76' lang='grc' dir='ltr'>μέσῃ</span> <span class='ocrx_word' id='word_1_190' title='bbox 2627 1677 2696 1747; x_wconf 79' lang='grc' dir='ltr'>τῇ</span> <span class='ocrx_word' id='word_1_191' title='bbox 2748 1671 2932 1743; x_wconf 83' lang='grc' dir='ltr'>πόλει,</span> <span class='ocrx_word' id='word_1_192' title='bbox 2981 1673 3072 1728; x_wconf 87' lang='grc' dir='ltr'>καὶ</span> <span class='ocrx_word' id='word_1_193' title='bbox 3119 1672 3245 1737; x_wconf 77' lang='grc' dir='ltr'>δοὺς</span> <span class='ocrx_word' id='word_1_194' title='bbox 3303 1676 3569 1750; x_wconf 83' lang='grc' dir='ltr'>χρήματα</span> <span class='ocrx_word' id='word_1_195' title='bbox 3620 1674 3775 1747; x_wconf 74' lang='grc' dir='ltr'>πάμ-</span> 
     </span>
    </p>
   </div>
   <div class='ocr_carea' id='block_1_33' title="bbox 347 1761 2002 1862">
    <p class='ocr_par' dir='ltr' id='par_1_33' title="bbox 347 1763 2001 1847">
     <span class='ocr_line' id='line_1_33' title="bbox 347 1763 2001 1847; baseline -0.007 -19"><span class='ocrx_word' id='word_1_196' title='bbox 347 1773 632 1847; x_wconf 89' lang='lat' dir='ltr'>pecunias</span> <span class='ocrx_word' id='word_1_197' title='bbox 700 1770 1002 1842; x_wconf 83' lang='lat' dir='ltr'>elargitus.</span> <span class='ocrx_word' id='word_1_198' title='bbox 1072 1773 1125 1824; x_wconf 91' lang='lat' dir='ltr'>Is</span> <span class='ocrx_word' id='word_1_199' title='bbox 1200 1766 1470 1823; x_wconf 86' lang='lat' dir='ltr'>Novellas</span> <span class='ocrx_word' id='word_1_200' title='bbox 1550 1763 2001 1821; x_wconf 87' lang='lat' dir='ltr'>constitutiones</span> 
     </span>
    </p>
   </div>
   <div class='ocr_carea' id='block_1_34' title="bbox 2120 1761 3777 1862">
    <p class='ocr_par' dir='ltr' id='par_1_34' title="bbox 2120 1761 3777 1841">
     <span class='ocr_line' id='line_1_34' title="bbox 2120 1761 3777 1841; baseline -0.001 -21"><span class='ocrx_word' id='word_1_201' title='bbox 2120 1763 2321 1822; x_wconf 86' lang='grc' dir='ltr'>πολλα.</span> <span class='ocrx_word' id='word_1_202' title='bbox 2372 1765 2542 1824; x_wconf 74' lang='grc' dir='ltr'>Οὗτος</span> <span class='ocrx_word' id='word_1_203' title='bbox 2591 1761 2814 1832; x_wconf 79' lang='grc' dir='ltr'>ἐποίησε</span> <span class='ocrx_word' id='word_1_204' title='bbox 2867 1761 2964 1826; x_wconf 78' lang='grc' dir='ltr'>τὰς</span> <span class='ocrx_word' id='word_1_205' title='bbox 3019 1764 3210 1839; x_wconf 79' lang='grc' dir='ltr'>νεαρὰς</span> <span class='ocrx_word' id='word_1_206' title='bbox 3257 1761 3547 1836; x_wconf 74' lang='grc' dir='ltr'>διατάξεις,</span> <span class='ocrx_word' id='word_1_207' title='bbox 3599 1764 3777 1841; x_wconf 72' lang='grc' dir='ltr'>ἐκφω-</span> 
     </span>
    </p>
   </div>
   <div class='ocr_carea' id='block_1_35' title="bbox 355 1851 2002 1933">
    <p class='ocr_par' dir='ltr' id='par_1_35' title="bbox 355 1851 2002 1933">
     <span class='ocr_line' id='line_1_35' title="bbox 355 1851 2002 1933; baseline -0.007 -17"><span class='ocrx_word' id='word_1_208' title='bbox 355 1862 575 1929; x_wconf 85' lang='lat' dir='ltr'>edidit;</span> <span class='ocrx_word' id='word_1_209' title='bbox 609 1860 914 1933; x_wconf 89' lang='lat' dir='ltr'>legemque</span> <span class='ocrx_word' id='word_1_210' title='bbox 963 1858 1100 1913; x_wconf 90' lang='lat' dir='ltr'>tulit</span> <span class='ocrx_word' id='word_1_211' title='bbox 1147 1858 1216 1912; x_wconf 81' lang='lat' dir='ltr'><strong>de</strong></span> <span class='ocrx_word' id='word_1_212' title='bbox 1269 1855 1580 1927; x_wconf 84' lang='lat' dir='ltr'>episcopis,</span> <span class='ocrx_word' id='word_1_213' title='bbox 1628 1851 2002 1919; x_wconf 87' lang='lat' dir='ltr'>xenodochis,</span> 
     </span>
    </p>
   </div>
   <div class='ocr_carea' id='block_1_36' title="bbox 361 1942 2008 2019">
    <p class='ocr_par' dir='ltr' id='par_1_36' title="bbox 361 1942 2008 2019">
     <span class='ocr_line' id='line_1_36' title="bbox 361 1942 2008 2019; baseline -0.007 -14"><span class='ocrx_word' id='word_1_214' title='bbox 361 1950 680 2005; x_wconf 80' lang='lat' dir='ltr'>oeconomis</span> <span class='ocrx_word' id='word_1_215' title='bbox 713 1954 768 2003; x_wconf 91' lang='lat' dir='ltr'>et</span> <span class='ocrx_word' id='word_1_216' title='bbox 797 1946 1292 2019; x_wconf 89' lang='lat' dir='ltr'>orphanotrophis</span> <span class='ocrx_word' id='word_1_217' title='bbox 1327 1963 1339 2000; x_wconf 92' lang='lat'>:</span> <span class='ocrx_word' id='word_1_218' title='bbox 1377 1951 1441 1999; x_wconf 91' lang='lat' dir='ltr'>ut</span> <span class='ocrx_word' id='word_1_219' title='bbox 1486 1960 1598 1999; x_wconf 88' lang='lat' dir='ltr'>non</span> <span class='ocrx_word' id='word_1_220' title='bbox 1650 1942 1784 2014; x_wconf 88' lang='lat' dir='ltr'>plus</span> <span class='ocrx_word' id='word_1_221' title='bbox 1834 1944 2008 1996; x_wconf 78' lang='lat' dir='ltr'>testa-</span> 
     </span>
    </p>
   </div>
   <div class='ocr_carea' id='block_1_37' title="bbox 365 2032 2010 2109">
    <p class='ocr_par' dir='ltr' id='par_1_37' title="bbox 365 2032 2010 2109">
     <span class='ocr_line' id='line_1_37' title="bbox 365 2032 2010 2109; baseline -0.006 -16"><span class='ocrx_word' id='word_1_222' title='bbox 365 2044 561 2093; x_wconf 87' lang='lat' dir='ltr'>mento</span> <span class='ocrx_word' id='word_1_223' title='bbox 622 2038 1040 2109; x_wconf 86' lang='lat' dir='ltr'>relinquerent,</span> <span class='ocrx_word' id='word_1_224' title='bbox 1093 2052 1266 2105; x_wconf 90' lang='lat' dir='ltr'>quam</span> <span class='ocrx_word' id='word_1_225' title='bbox 1328 2039 1462 2088; x_wconf 85' lang='lat' dir='ltr'>ante</span> <span class='ocrx_word' id='word_1_226' title='bbox 1519 2032 1731 2087; x_wconf 88' lang='lat' dir='ltr'>initum</span> <span class='ocrx_word' id='word_1_227' title='bbox 1793 2045 2010 2085; x_wconf 90' lang='lat' dir='ltr'>munus</span> 
     </span>
    </p>
   </div>
   <div class='ocr_carea' id='block_1_38' title="bbox 364 2118 2007 2199">
    <p class='ocr_par' dir='ltr' id='par_1_38' title="bbox 364 2118 2007 2199">
     <span class='ocr_line' id='line_1_38' title="bbox 364 2118 2007 2199; baseline -0.007 -17"><span class='ocrx_word' id='word_1_228' title='bbox 364 2128 784 2199; x_wconf 88' lang='lat' dir='ltr'>possedissent.</span> <span class='ocrx_word' id='word_1_229' title='bbox 818 2125 1079 2181; x_wconf 85' lang='lat' dir='ltr'>Absolvit</span> <span class='ocrx_word' id='word_1_230' title='bbox 1126 2139 1359 2195; x_wconf 92' lang='lat' dir='ltr'>quoque</span> <span class='ocrx_word' id='word_1_231' title='bbox 1392 2121 1695 2194; x_wconf 89' lang='lat' dir='ltr'>publicum</span> <span class='ocrx_word' id='word_1_232' title='bbox 1736 2118 2007 2174; x_wconf 89' lang='lat' dir='ltr'>balneum</span> 
     </span>
    </p>
   </div>
   <div class='ocr_carea' id='block_1_39' title="bbox 358 2211 2007 2287">
    <p class='ocr_par' dir='ltr' id='par_1_39' title="bbox 358 2211 2007 2287">
     <span class='ocr_line' id='line_1_39' title="bbox 358 2211 2007 2287; baseline -0.005 -16"><span class='ocrx_word' id='word_1_233' title='bbox 358 2217 416 2271; x_wconf 88' lang='lat' dir='ltr'>in</span> <span class='ocrx_word' id='word_1_234' title='bbox 453 2216 720 2287; x_wconf 83' lang='lat' dir='ltr'>Dagistaei</span> <span class='ocrx_word' id='word_1_235' title='bbox 760 2221 968 2284; x_wconf 84' lang='lat' dir='ltr'>tractu,</span> <span class='ocrx_word' id='word_1_236' title='bbox 1003 2215 1156 2286; x_wconf 91' lang='lat' dir='ltr'>quod</span> <span class='ocrx_word' id='word_1_237' title='bbox 1215 2217 1512 2269; x_wconf 83' lang='lat' dir='ltr'>exstruere</span> <span class='ocrx_word' id='word_1_238' title='bbox 1560 2214 1811 2282; x_wconf 80' lang='lat' dir='ltr'>coeperat</span> <span class='ocrx_word' id='word_1_239' title='bbox 1857 2211 2007 2263; x_wconf 82' lang='lat' dir='ltr'>Ana-</span> 
     </span>
    </p>
   </div>
   <div class='ocr_carea' id='block_1_40' title="bbox 360 2296 2011 2378">
    <p class='ocr_par' dir='ltr' id='par_1_40' title="bbox 360 2296 2011 2378">
     <span class='ocr_line' id='line_1_40' title="bbox 360 2296 2011 2378; baseline -0.007 -17"><span class='ocrx_word' id='word_1_240' title='bbox 360 2305 583 2362; x_wconf 87' lang='lat' dir='ltr'>stasius</span> <span class='ocrx_word' id='word_1_241' title='bbox 636 2305 972 2378; x_wconf 84' lang='lat' dir='ltr'>imperator.</span> <span class='ocrx_word' id='word_1_242' title='bbox 1009 2303 1325 2359; x_wconf 74' lang='lat' dir='ltr'>Antiochia:</span> <span class='ocrx_word' id='word_1_243' title='bbox 1378 2318 1548 2374; x_wconf 89' lang='lat' dir='ltr'>porro</span> <span class='ocrx_word' id='word_1_244' title='bbox 1600 2317 1712 2355; x_wconf 93' lang='lat' dir='ltr'>non</span> <span class='ocrx_word' id='word_1_245' title='bbox 1764 2296 2011 2354; x_wconf 85' lang='lat' dir='ltr'>cessavit</span> 
     </span>
    </p>
   </div>
   <div class='ocr_carea' id='block_1_41' title="bbox 356 2388 2006 2464">
    <p class='ocr_par' dir='ltr' id='par_1_41' title="bbox 356 2388 2006 2464">
     <span class='ocr_line' id='line_1_41' title="bbox 356 2388 2006 2464; baseline -0.006 -14"><span class='ocrx_word' id='word_1_246' title='bbox 356 2399 748 2463; x_wconf 70' lang='lat' dir='ltr'>terraamotus,</span> <span class='ocrx_word' id='word_1_247' title='bbox 795 2396 978 2449; x_wconf 87' lang='lat' dir='ltr'>donec</span> <span class='ocrx_word' id='word_1_248' title='bbox 1037 2392 1308 2464; x_wconf 88' lang='lat' dir='ltr'>religioso</span> <span class='ocrx_word' id='word_1_249' title='bbox 1357 2391 1590 2449; x_wconf 87' lang='lat' dir='ltr'>cuidam</span> <span class='ocrx_word' id='word_1_250' title='bbox 1642 2389 1763 2444; x_wconf 89' lang='lat' dir='ltr'>viro</span> <span class='ocrx_word' id='word_1_251' title='bbox 1812 2388 2006 2441; x_wconf 84' lang='lat' dir='ltr'>visum</span> 
     </span>
    </p>
   </div>
   <div class='ocr_carea' id='block_1_42' title="bbox 356 2475 2006 2555">
    <p class='ocr_par' dir='ltr' id='par_1_42' title="bbox 356 2475 2006 2555">
     <span class='ocr_line' id='line_1_42' title="bbox 356 2475 2006 2555; baseline -0.005 -15"><span class='ocrx_word' id='word_1_252' title='bbox 356 2489 445 2541; x_wconf 78' lang='lat' dir='ltr'>est</span> <span class='ocrx_word' id='word_1_253' title='bbox 502 2484 1054 2555; x_wconf 78' lang='lat' dir='ltr'>superliminaribus</span> <span class='ocrx_word' id='word_1_254' title='bbox 1112 2482 1371 2553; x_wconf 89' lang='lat' dir='ltr'>positum</span> <span class='ocrx_word' id='word_1_255' title='bbox 1432 2479 1806 2535; x_wconf 88' lang='lat' dir='ltr'>inscribere:</span> <span class='ocrx_word' id='word_1_256' title='bbox 1852 2475 2006 2531; x_wconf 79' lang='lat' dir='ltr'>Chri—</span> 
     </span>
    </p>
   </div>
   <div class='ocr_carea' id='block_1_43' title="bbox 352 2564 2004 2637">
    <p class='ocr_par' dir='ltr' id='par_1_43' title="bbox 352 2564 2004 2637">
     <span class='ocr_line' id='line_1_43' title="bbox 352 2564 2004 2637; baseline -0.005 -11"><span class='ocrx_word' id='word_1_257' title='bbox 352 2581 471 2627; x_wconf 80' lang='lat' dir='ltr'>stus</span> <span class='ocrx_word' id='word_1_258' title='bbox 520 2574 823 2637; x_wconf 78' lang='lat' dir='ltr'>nobiscum,</span> <span class='ocrx_word' id='word_1_259' title='bbox 874 2575 1031 2626; x_wconf 76' lang='lat' dir='ltr'>slate.</span> <span class='ocrx_word' id='word_1_260' title='bbox 1064 2572 1186 2634; x_wconf 87' lang='lat' dir='ltr'>Quo</span> <span class='ocrx_word' id='word_1_261' title='bbox 1244 2569 1416 2635; x_wconf 85' lang='lat' dir='ltr'>facto,</span> <span class='ocrx_word' id='word_1_262' title='bbox 1451 2566 1701 2622; x_wconf 83' lang='lat' dir='ltr'>cessavit</span> <span class='ocrx_word' id='word_1_263' title='bbox 1746 2565 1834 2619; x_wconf 89' lang='lat' dir='ltr'>ira</span> <span class='ocrx_word' id='word_1_264' title='bbox 1881 2564 2004 2619; x_wconf 88' lang='lat' dir='ltr'>Dei.</span> 
     </span>
    </p>
   </div>
   <div class='ocr_carea' id='block_1_44' title="bbox 356 2654 2003 2729">
    <p class='ocr_par' dir='ltr' id='par_1_44' title="bbox 356 2654 2003 2729">
     <span class='ocr_line' id='line_1_44' title="bbox 356 2654 2003 2729; baseline -0.005 -14"><span class='ocrx_word' id='word_1_265' title='bbox 356 2661 573 2715; x_wconf 82' lang='lat' dir='ltr'>Exinde</span> <span class='ocrx_word' id='word_1_266' title='bbox 618 2667 811 2715; x_wconf 87' lang='lat' dir='ltr'>autem</span> <span class='ocrx_word' id='word_1_267' title='bbox 863 2660 1005 2714; x_wconf 90' lang='lat' dir='ltr'>urbs</span> <span class='ocrx_word' id='word_1_268' title='bbox 1034 2657 1366 2729; x_wconf 89' lang='lat' dir='ltr'>Theopolis,</span> <span class='ocrx_word' id='word_1_269' title='bbox 1401 2657 1520 2711; x_wconf 82' lang='lat' dir='ltr'>sive</span> <span class='ocrx_word' id='word_1_270' title='bbox 1568 2655 1709 2710; x_wconf 88' lang='lat' dir='ltr'>urbs</span> <span class='ocrx_word' id='word_1_271' title='bbox 1764 2654 1859 2708; x_wconf 85' lang='lat' dir='ltr'>Dei</span> <span class='ocrx_word' id='word_1_272' title='bbox 1908 2670 2003 2708; x_wconf 92' lang='lat' dir='ltr'>vo-</span> 
     </span>
    </p>
   </div>
   <div class='ocr_carea' id='block_1_45' title="bbox 361 2753 627 2803">
    <p class='ocr_par' dir='ltr' id='par_1_45' title="bbox 361 2753 627 2803">
     <span class='ocr_line' id='line_1_45' title="bbox 361 2753 627 2803; baseline 0 -1"><span class='ocrx_word' id='word_1_273' title='bbox 361 2753 485 2803; x_wconf 84' lang='lat' dir='ltr'>cata</span> <span class='ocrx_word' id='word_1_274' title='bbox 522 2753 627 2803; x_wconf 78' lang='lat' dir='ltr'>est.</span> 
     </span>
    </p>
   </div>
   <div class='ocr_carea' id='block_1_46' title="bbox 427 2829 2001 2908">
    <p class='ocr_par' dir='ltr' id='par_1_46' title="bbox 427 2829 2001 2908">
     <span class='ocr_line' id='line_1_46' title="bbox 427 2829 2001 2908; baseline -0.006 -16"><span class='ocrx_word' id='word_1_275' title='bbox 427 2838 642 2892; x_wconf 88' lang='lat' dir='ltr'>Eodem</span> <span class='ocrx_word' id='word_1_276' title='bbox 684 2836 1008 2908; x_wconf 87' lang='lat' dir='ltr'>imperante</span> <span class='ocrx_word' id='word_1_277' title='bbox 1056 2833 1357 2907; x_wconf 86' lang='lat' dir='ltr'>popularis</span> <span class='ocrx_word' id='word_1_278' title='bbox 1407 2832 1615 2889; x_wconf 90' lang='lat' dir='ltr'>seditio</span> <span class='ocrx_word' id='word_1_279' title='bbox 1646 2835 1771 2887; x_wconf 91' lang='lat' dir='ltr'>orta</span> <span class='ocrx_word' id='word_1_280' title='bbox 1802 2833 1910 2901; x_wconf 89' lang='lat' dir='ltr'>est,</span> <span class='ocrx_word' id='word_1_281' title='bbox 1942 2829 2001 2884; x_wconf 91' lang='lat' dir='ltr'>in</span> 
     </span>
    </p>
   </div>
   <div class='ocr_carea' id='block_1_47' title="bbox 357 2921 2001 2999">
    <p class='ocr_par' dir='ltr' id='par_1_47' title="bbox 357 2921 2001 2999">
     <span class='ocr_line' id='line_1_47' title="bbox 357 2921 2001 2999; baseline -0.004 -18"><span class='ocrx_word' id='word_1_282' title='bbox 357 2943 474 2999; x_wconf 89' lang='lat' dir='ltr'>qua</span> <span class='ocrx_word' id='word_1_283' title='bbox 501 2930 773 2980; x_wconf 89' lang='lat' dir='ltr'>Sanctam</span> <span class='ocrx_word' id='word_1_284' title='bbox 825 2925 1120 2996; x_wconf 86' lang='lat' dir='ltr'>Sophiam,</span> <span class='ocrx_word' id='word_1_285' title='bbox 1156 2923 1342 2979; x_wconf 88' lang='lat' dir='ltr'>sancti</span> <span class='ocrx_word' id='word_1_286' title='bbox 1391 2921 1731 2993; x_wconf 83' lang='lat' dir='ltr'>Sampsonis</span> <span class='ocrx_word' id='word_1_287' title='bbox 1763 2921 2001 2976; x_wconf 86' lang='lat' dir='ltr'>domum</span> 
     </span>
    </p>
   </div>
   <div class='ocr_carea' id='block_1_48' title="bbox 353 3010 2000 3085">
    <p class='ocr_par' dir='ltr' id='par_1_48' title="bbox 353 3010 2000 3085">
     <span class='ocr_line' id='line_1_48' title="bbox 353 3010 2000 3085; baseline -0.004 -14"><span class='ocrx_word' id='word_1_288' title='bbox 353 3033 487 3072; x_wconf 91' lang='lat' dir='ltr'>cum</span> <span class='ocrx_word' id='word_1_289' title='bbox 537 3015 813 3085; x_wconf 83' lang='lat' dir='ltr'>inﬁrmis,</span> <span class='ocrx_word' id='word_1_290' title='bbox 872 3019 929 3069; x_wconf 92' lang='lat' dir='ltr'>et</span> <span class='ocrx_word' id='word_1_291' title='bbox 983 3016 1200 3069; x_wconf 88' lang='lat' dir='ltr'>atrium</span> <span class='ocrx_word' id='word_1_292' title='bbox 1268 3013 1489 3085; x_wconf 87' lang='lat' dir='ltr'>palatii,</span> <span class='ocrx_word' id='word_1_293' title='bbox 1550 3010 2000 3081; x_wconf 88' lang='lat' dir='ltr'>chalcostegum,</span> 
     </span>
    </p>
   </div>
   <div class='ocr_carea' id='block_1_49' title="bbox 352 3098 1999 3176">
    <p class='ocr_par' dir='ltr' id='par_1_49' title="bbox 352 3098 1999 3176">
     <span class='ocr_line' id='line_1_49' title="bbox 352 3098 1999 3176; baseline -0.005 -16"><span class='ocrx_word' id='word_1_294' title='bbox 352 3106 504 3176; x_wconf 93' lang='lat' dir='ltr'>quod</span> <span class='ocrx_word' id='word_1_295' title='bbox 542 3121 609 3160; x_wconf 87' lang='lat' dir='ltr'>ex</span> <span class='ocrx_word' id='word_1_296' title='bbox 641 3122 706 3160; x_wconf 92' lang='lat' dir='ltr'>eo</span> <span class='ocrx_word' id='word_1_297' title='bbox 737 3104 1025 3174; x_wconf 88' lang='lat' dir='ltr'>hodieque</span> <span class='ocrx_word' id='word_1_298' title='bbox 1057 3102 1266 3158; x_wconf 84' lang='lat' dir='ltr'>Chalce</span> <span class='ocrx_word' id='word_1_299' title='bbox 1314 3106 1570 3167; x_wconf 88' lang='lat' dir='ltr'>vocatur,</span> <span class='ocrx_word' id='word_1_300' title='bbox 1603 3100 1741 3172; x_wconf 82' lang='lat' dir='ltr'>quia</span> <span class='ocrx_word' id='word_1_301' title='bbox 1784 3098 1999 3171; x_wconf 88' lang='lat' dir='ltr'>tegulis</span> 
     </span>
    </p>
   </div>
   <div class='ocr_carea' id='block_1_50' title="bbox 2120 1850 3776 1928">
    <p class='ocr_par' dir='ltr' id='par_1_50' title="bbox 2120 1850 3776 1928">
     <span class='ocr_line' id='line_1_50' title="bbox 2120 1850 3776 1928; baseline -0.002 -19"><span class='ocrx_word' id='word_1_302' title='bbox 2120 1856 2285 1925; x_wconf 92' lang='grc' dir='ltr'>νήσας</span> <span class='ocrx_word' id='word_1_303' title='bbox 2315 1854 2400 1908; x_wconf 87' lang='grc' dir='ltr'>καὶ</span> <span class='ocrx_word' id='word_1_304' title='bbox 2434 1852 2602 1907; x_wconf 83' lang='grc' dir='ltr'>τύπον</span> <span class='ocrx_word' id='word_1_305' title='bbox 2657 1852 2779 1927; x_wconf 78' lang='grc' dir='ltr'>περὶ</span> <span class='ocrx_word' id='word_1_306' title='bbox 2831 1850 3162 1919; x_wconf 84' lang='grc' dir='ltr'>ἐπισκόπων,</span> <span class='ocrx_word' id='word_1_307' title='bbox 3195 1854 3282 1907; x_wconf 87' lang='grc' dir='ltr'>καὶ</span> <span class='ocrx_word' id='word_1_308' title='bbox 3320 1852 3651 1928; x_wconf 80' lang='grc' dir='ltr'>ξενοδὸχων,</span> <span class='ocrx_word' id='word_1_309' title='bbox 3684 1854 3776 1908; x_wconf 69' lang='grc' dir='ltr'>καὶ</span> 
     </span>
    </p>
   </div>
   <div class='ocr_carea' id='block_1_51' title="bbox 2121 1939 3775 2018">
    <p class='ocr_par' dir='ltr' id='par_1_51' title="bbox 2121 1939 3775 2018">
     <span class='ocr_line' id='line_1_51' title="bbox 2121 1939 3775 2018; baseline -0.001 -20"><span class='ocrx_word' id='word_1_310' title='bbox 2121 1939 2451 2017; x_wconf 78' lang='grc' dir='ltr'>οἰκονόμων,</span> <span class='ocrx_word' id='word_1_311' title='bbox 2495 1942 2585 1996; x_wconf 85' lang='grc' dir='ltr'>καὶ</span> <span class='ocrx_word' id='word_1_312' title='bbox 2649 1941 3091 2018; x_wconf 72' lang='grc' dir='ltr'>ὀρφανοτρόφων,</span> <span class='ocrx_word' id='word_1_313' title='bbox 3144 1942 3280 1997; x_wconf 80' lang='grc' dir='ltr'>ὥστε</span> <span class='ocrx_word' id='word_1_314' title='bbox 3329 1945 3406 2016; x_wconf 74' lang='grc' dir='ltr'>μὴ</span> <span class='ocrx_word' id='word_1_315' title='bbox 3440 1941 3775 2007; x_wconf 73' lang='grc' dir='ltr'>διατίθεσθαι</span> 
     </span>
    </p>
   </div>
   <div class='ocr_carea' id='block_1_52' title="bbox 2119 2030 3777 2107">
    <p class='ocr_par' dir='ltr' id='par_1_52' title="bbox 2119 2030 3777 2107">
     <span class='ocr_line' id='line_1_52' title="bbox 2119 2030 3777 2107; baseline 0.001 -21"><span class='ocrx_word' id='word_1_316' title='bbox 2119 2033 2266 2101; x_wconf 69' lang='grc' dir='ltr'>πλὴν</span> <span class='ocrx_word' id='word_1_317' title='bbox 2301 2032 2376 2094; x_wconf 85' lang='grc' dir='ltr'>εἷς</span> <span class='ocrx_word' id='word_1_318' title='bbox 2421 2030 2453 2085; x_wconf 82' lang='grc' dir='ltr'>ἃ</span> <span class='ocrx_word' id='word_1_319' title='bbox 2500 2030 2606 2104; x_wconf 83' lang='grc' dir='ltr'>πρὸ</span> <span class='ocrx_word' id='word_1_320' title='bbox 2659 2034 2754 2085; x_wconf 71' lang='grc' dir='ltr'>νοῦ</span> <span class='ocrx_word' id='word_1_321' title='bbox 2812 2030 3058 2105; x_wconf 77' lang='grc' dir='ltr'>γενέσθαι</span> <span class='ocrx_word' id='word_1_322' title='bbox 3100 2030 3414 2102; x_wconf 79' lang='grc' dir='ltr'>ἐκέκτηντο.</span> <span class='ocrx_word' id='word_1_323' title='bbox 3445 2031 3777 2107; x_wconf 82' lang='grc' dir='ltr'>Ἐπλήρωσε</span> 
     </span>
    </p>
   </div>
   <div class='ocr_carea' id='block_1_53' title="bbox 2122 2118 3775 2197">
    <p class='ocr_par' dir='ltr' id='par_1_53' title="bbox 2122 2118 3775 2197">
     <span class='ocr_line' id='line_1_53' title="bbox 2122 2118 3775 2197; baseline -0.001 -20"><span class='ocrx_word' id='word_1_324' title='bbox 2122 2120 2179 2177; x_wconf 73' lang='grc' dir='ltr'>δὲ</span> <span class='ocrx_word' id='word_1_325' title='bbox 2208 2122 2296 2176; x_wconf 82' lang='grc' dir='ltr'>καὶ</span> <span class='ocrx_word' id='word_1_326' title='bbox 2332 2123 2392 2175; x_wconf 86' lang='grc' dir='ltr'>τὸ</span> <span class='ocrx_word' id='word_1_327' title='bbox 2438 2119 2704 2193; x_wconf 81' lang='grc' dir='ltr'>δημόσιον</span> <span class='ocrx_word' id='word_1_328' title='bbox 2758 2118 2982 2196; x_wconf 86' lang='grc' dir='ltr'>λοέτρον</span> <span class='ocrx_word' id='word_1_329' title='bbox 3030 2120 3091 2175; x_wconf 86' lang='grc' dir='ltr'>τὸ</span> <span class='ocrx_word' id='word_1_330' title='bbox 3144 2120 3221 2183; x_wconf 79' lang='grc' dir='ltr'>εἷς</span> <span class='ocrx_word' id='word_1_331' title='bbox 3252 2123 3318 2175; x_wconf 67' lang='grc' dir='ltr'>τὰ</span> <span class='ocrx_word' id='word_1_332' title='bbox 3344 2121 3709 2197; x_wconf 84' lang='grc' dir='ltr'>Διηγιστέως,</span> <span class='ocrx_word' id='word_1_333' title='bbox 3746 2123 3775 2177; x_wconf 80' lang='grc' dir='ltr'>’ὁ</span> 
     </span>
    </p>
   </div>
   <div class='ocr_carea' id='block_1_54' title="bbox 2119 2208 3779 2285">
    <p class='ocr_par' dir='ltr' id='par_1_54' title="bbox 2119 2208 3779 2285">
     <span class='ocr_line' id='line_1_54' title="bbox 2119 2208 3779 2285; baseline 0 -20"><span class='ocrx_word' id='word_1_334' title='bbox 2119 2210 2320 2285; x_wconf 73' lang='grc' dir='ltr'>ἤρξατο</span> <span class='ocrx_word' id='word_1_335' title='bbox 2369 2211 2567 2279; x_wconf 80' lang='grc' dir='ltr'>κτίζειν</span> <span class='ocrx_word' id='word_1_336' title='bbox 2615 2208 2963 2271; x_wconf 83' lang='grc' dir='ltr'>Ἀναστάσιος</span> <span class='ocrx_word' id='word_1_337' title='bbox 3013 2211 3041 2264; x_wconf 90' lang='grc' dir='ltr'>ὁ</span> <span class='ocrx_word' id='word_1_338' title='bbox 3096 2209 3370 2285; x_wconf 84' lang='grc' dir='ltr'>βασιλεὺς.</span> <span class='ocrx_word' id='word_1_339' title='bbox 3431 2212 3493 2265; x_wconf 79' lang='grc' dir='ltr'>Ἠ</span> <span class='ocrx_word' id='word_1_340' title='bbox 3545 2208 3604 2265; x_wconf 77' lang='grc' dir='ltr'>δὲ</span> <span class='ocrx_word' id='word_1_341' title='bbox 3652 2212 3779 2267; x_wconf 79' lang='grc' dir='ltr'>Ἀν-</span> 
     </span>
    </p>
   </div>
   <div class='ocr_carea' id='block_1_55' title="bbox 2116 2298 3777 2377">
    <p class='ocr_par' dir='ltr' id='par_1_55' title="bbox 2116 2298 3777 2377">
     <span class='ocr_line' id='line_1_55' title="bbox 2116 2298 3777 2377; baseline 0 -22"><span class='ocrx_word' id='word_1_342' title='bbox 2116 2301 2333 2376; x_wconf 78' lang='grc' dir='ltr'>τιὸχεια</span> <span class='ocrx_word' id='word_1_343' title='bbox 2365 2301 2466 2355; x_wconf 83' lang='grc' dir='ltr'>οὐκ</span> <span class='ocrx_word' id='word_1_344' title='bbox 2513 2299 2783 2354; x_wconf 78' lang='grc' dir='ltr'>ἐπαύσατο</span> <span class='ocrx_word' id='word_1_345' title='bbox 2822 2300 3051 2353; x_wconf 73' lang='grc' dir='ltr'>σείεσθαι</span> <span class='ocrx_word' id='word_1_346' title='bbox 3106 2301 3303 2375; x_wconf 85' lang='grc' dir='ltr'>μέχρις</span> <span class='ocrx_word' id='word_1_347' title='bbox 3344 2298 3406 2355; x_wconf 77' lang='grc' dir='ltr'>οὗ</span> <span class='ocrx_word' id='word_1_348' title='bbox 3457 2299 3623 2377; x_wconf 68' lang='grc' dir='ltr'>ἐφάνη</span> <span class='ocrx_word' id='word_1_349' title='bbox 3656 2302 3777 2355; x_wconf 85' lang='grc' dir='ltr'>θεο-</span> 
     </span>
    </p>
   </div>
   <div class='ocr_carea' id='block_1_56' title="bbox 2120 2385 3776 2466">
    <p class='ocr_par' dir='ltr' id='par_1_56' title="bbox 2120 2385 3776 2466">
     <span class='ocr_line' id='line_1_56' title="bbox 2120 2385 3776 2466; baseline -0.001 -21"><span class='ocrx_word' id='word_1_350' title='bbox 2120 2385 2268 2445; x_wconf 71' lang='grc' dir='ltr'>σεϐεῖ</span> <span class='ocrx_word' id='word_1_351' title='bbox 2320 2390 2591 2462; x_wconf 83' lang='grc' dir='ltr'>ἀνθρώπῳ</span> <span class='ocrx_word' id='word_1_352' title='bbox 2654 2387 2955 2463; x_wconf 75' lang='grc' dir='ltr'>ἐπιγράψαι</span> <span class='ocrx_word' id='word_1_353' title='bbox 3030 2388 3108 2451; x_wconf 83' lang='grc' dir='ltr'>εἷς</span> <span class='ocrx_word' id='word_1_354' title='bbox 3177 2389 3245 2443; x_wconf 74' lang='grc' dir='ltr'>τὰ</span> <span class='ocrx_word' id='word_1_355' title='bbox 3329 2389 3602 2466; x_wconf 79' lang='grc' dir='ltr'>ὑπερθυρα</span> <span class='ocrx_word' id='word_1_356' title='bbox 3662 2396 3776 2445; x_wconf 83' lang='grc' dir='ltr'>τῶν</span> 
     </span>
    </p>
   </div>
   <div class='ocr_carea' id='block_1_57' title="bbox 2119 2476 3781 2557">
    <p class='ocr_par' dir='ltr' id='par_1_57' title="bbox 2119 2476 3781 2557">
     <span class='ocr_line' id='line_1_57' title="bbox 2119 2476 3781 2557; baseline 0.001 -24"><span class='ocrx_word' id='word_1_357' title='bbox 2119 2476 2318 2557; x_wconf 74' lang='grc' dir='ltr'>φλιῶν,</span> <span class='ocrx_word' id='word_1_358' title='bbox 2363 2478 2598 2553; x_wconf 86' lang='grc' dir='ltr'>Χριστὸς</span> <span class='ocrx_word' id='word_1_359' title='bbox 2665 2479 2780 2549; x_wconf 84' lang='grc' dir='ltr'>μεθ’</span> <span class='ocrx_word' id='word_1_360' title='bbox 2832 2479 3017 2551; x_wconf 83' lang='grc' dir='ltr'>ἡμῶν,</span> <span class='ocrx_word' id='word_1_361' title='bbox 3072 2480 3232 2547; x_wconf 74' lang='grc' dir='ltr'>στῆτε</span> <span class='ocrx_word' id='word_1_362' title='bbox 3265 2497 3277 2510; x_wconf 94' lang='grc'><strong>·</strong></span> <span class='ocrx_word' id='word_1_363' title='bbox 3310 2478 3401 2534; x_wconf 82' lang='grc' dir='ltr'>καὶ</span> <span class='ocrx_word' id='word_1_364' title='bbox 3438 2478 3635 2533; x_wconf 69' lang='grc' dir='ltr'>τούτου</span> <span class='ocrx_word' id='word_1_365' title='bbox 3677 2500 3781 2553; x_wconf 80' lang='grc' dir='ltr'>γε-</span> 
     </span>
    </p>
   </div>
   <div class='ocr_carea' id='block_1_58' title="bbox 2116 2564 3776 2641">
    <p class='ocr_par' dir='ltr' id='par_1_58' title="bbox 2116 2564 3776 2641">
     <span class='ocr_line' id='line_1_58' title="bbox 2116 2564 3776 2641; baseline 0.001 -19"><span class='ocrx_word' id='word_1_366' title='bbox 2116 2570 2367 2641; x_wconf 81' lang='grc' dir='ltr'>νομένου,</span> <span class='ocrx_word' id='word_1_367' title='bbox 2400 2564 2526 2637; x_wconf 77' lang='grc' dir='ltr'>ἔστη</span> <span class='ocrx_word' id='word_1_368' title='bbox 2560 2569 2594 2635; x_wconf 80' lang='grc' dir='ltr'>ἡ</span> <span class='ocrx_word' id='word_1_369' title='bbox 2630 2566 2770 2641; x_wconf 80' lang='grc' dir='ltr'>ὀργή</span> <span class='ocrx_word' id='word_1_370' title='bbox 2803 2571 2899 2621; x_wconf 81' lang='grc' dir='ltr'>τοῦ</span> <span class='ocrx_word' id='word_1_371' title='bbox 2947 2571 3080 2622; x_wconf 78' lang='grc' dir='ltr'>Θεοῦ</span> <span class='ocrx_word' id='word_1_372' title='bbox 3117 2588 3128 2601; x_wconf 90' lang='grc'>·</span> <span class='ocrx_word' id='word_1_373' title='bbox 3180 2567 3274 2623; x_wconf 76' lang='grc' dir='ltr'>καὶ</span> <span class='ocrx_word' id='word_1_374' title='bbox 3322 2566 3511 2623; x_wconf 76' lang='grc' dir='ltr'>ἔκτοτε</span> <span class='ocrx_word' id='word_1_375' title='bbox 3542 2571 3577 2638; x_wconf 76' lang='grc' dir='ltr'><strong>ἡ</strong></span> <span class='ocrx_word' id='word_1_376' title='bbox 3610 2567 3776 2623; x_wconf 79' lang='grc' dir='ltr'>πόλιν</span> 
     </span>
    </p>
   </div>
   <div class='ocr_carea' id='block_1_59' title="bbox 2117 2654 2762 2730">
    <p class='ocr_par' dir='ltr' id='par_1_59' title="bbox 2117 2654 2762 2730">
     <span class='ocr_line' id='line_1_59' title="bbox 2117 2654 2762 2730; baseline 0.002 -20"><span class='ocrx_word' id='word_1_377' title='bbox 2117 2656 2409 2730; x_wconf 74' lang='grc' dir='ltr'>ὠνομάσθη</span> <span class='ocrx_word' id='word_1_378' title='bbox 2442 2654 2762 2717; x_wconf 75' lang='grc' dir='ltr'>Θεοῦπολις.</span> 
     </span>
    </p>
   </div>
   <div class='ocr_carea' id='block_1_60' title="bbox 2182 2831 3775 2909">
    <p class='ocr_par' dir='ltr' id='par_1_60' title="bbox 2182 2831 3775 2909">
     <span class='ocr_line' id='line_1_60' title="bbox 2182 2831 3775 2909; baseline -0.001 -18"><span class='ocrx_word' id='word_1_379' title='bbox 2182 2834 2306 2892; x_wconf 86' lang='grc' dir='ltr'>Ἐπὶ</span> <span class='ocrx_word' id='word_1_380' title='bbox 2366 2834 2529 2890; x_wconf 72' lang='grc' dir='ltr'>αὐτοῦ</span> <span class='ocrx_word' id='word_1_381' title='bbox 2585 2833 2770 2909; x_wconf 84' lang='grc' dir='ltr'>γέγονε</span> <span class='ocrx_word' id='word_1_382' title='bbox 2837 2831 3112 2907; x_wconf 84' lang='grc' dir='ltr'>δημοτικὴ</span> <span class='ocrx_word' id='word_1_383' title='bbox 3192 2833 3471 2909; x_wconf 81' lang='grc' dir='ltr'>ἆνταρσία,</span> <span class='ocrx_word' id='word_1_384' title='bbox 3527 2835 3617 2890; x_wconf 75' lang='grc' dir='ltr'>καὶ</span> <span class='ocrx_word' id='word_1_385' title='bbox 3671 2838 3775 2904; x_wconf 63' lang='grc' dir='ltr'>τὴν</span> 
     </span>
    </p>
   </div>
   <div class='ocr_carea' id='block_1_61' title="bbox 2112 2921 3773 2999">
    <p class='ocr_par' dir='ltr' id='par_1_61' title="bbox 2112 2921 3773 2999">
     <span class='ocr_line' id='line_1_61' title="bbox 2112 2921 3773 2999; baseline -0.001 -18"><span class='ocrx_word' id='word_1_386' title='bbox 2112 2924 2295 2999; x_wconf 78' lang='grc' dir='ltr'>Ἀγίαν</span> <span class='ocrx_word' id='word_1_387' title='bbox 2331 2924 2536 2999; x_wconf 69' lang='grc' dir='ltr'>Σοφίαν</span> <span class='ocrx_word' id='word_1_388' title='bbox 2568 2921 2657 2977; x_wconf 83' lang='grc' dir='ltr'>καὶ</span> <span class='ocrx_word' id='word_1_389' title='bbox 2690 2926 2785 2976; x_wconf 67' lang='grc' dir='ltr'>τοῦ</span> <span class='ocrx_word' id='word_1_390' title='bbox 2834 2922 2985 2977; x_wconf 83' lang='grc' dir='ltr'>ὁσίου</span> <span class='ocrx_word' id='word_1_391' title='bbox 3037 2924 3283 2997; x_wconf 73' lang='grc' dir='ltr'>Σαμψὼν</span> <span class='ocrx_word' id='word_1_392' title='bbox 3318 2924 3465 2978; x_wconf 71' lang='grc' dir='ltr'>οἷκον</span> <span class='ocrx_word' id='word_1_393' title='bbox 3504 2924 3773 2996; x_wconf 73' lang='grc' dir='ltr'>μετὰτῶν</span> 
     </span>
    </p>
   </div>
   <div class='ocr_carea' id='block_1_62' title="bbox 2113 3009 3774 3090">
    <p class='ocr_par' dir='ltr' id='par_1_62' title="bbox 2113 3009 3774 3090">
     <span class='ocr_line' id='line_1_62' title="bbox 2113 3009 3774 3090; baseline 0 -22"><span class='ocrx_word' id='word_1_394' title='bbox 2113 3013 2425 3090; x_wconf 63' lang='grc' dir='ltr'>ἀρρώστων,</span> <span class='ocrx_word' id='word_1_395' title='bbox 2456 3012 2545 3066; x_wconf 81' lang='grc' dir='ltr'>καὶ</span> <span class='ocrx_word' id='word_1_396' title='bbox 2575 3012 2674 3081; x_wconf 76' lang='grc' dir='ltr'>τὴν</span> <span class='ocrx_word' id='word_1_397' title='bbox 2726 3009 2936 3067; x_wconf 69' lang='grc' dir='ltr'>ἐίσοδον</span> <span class='ocrx_word' id='word_1_398' title='bbox 2984 3017 3079 3067; x_wconf 79' lang='grc' dir='ltr'>τοῦ</span> <span class='ocrx_word' id='word_1_399' title='bbox 3131 3010 3405 3068; x_wconf 82' lang='grc' dir='ltr'>Παλατίου</span> <span class='ocrx_word' id='word_1_400' title='bbox 3434 3015 3534 3082; x_wconf 77' lang='grc' dir='ltr'>τήν</span> <span class='ocrx_word' id='word_1_401' title='bbox 3565 3014 3774 3090; x_wconf 80' lang='grc' dir='ltr'>χαλκό-</span> 
     </span>
    </p>
   </div>
   <div class='ocr_carea' id='block_1_63' title="bbox 2108 3096 3762 3178">
    <p class='ocr_par' dir='ltr' id='par_1_63' title="bbox 2108 3096 3762 3178">
     <span class='ocr_line' id='line_1_63' title="bbox 2108 3096 3762 3178; baseline -0.001 -21"><span class='ocrx_word' id='word_1_402' title='bbox 2108 3124 2316 3178; x_wconf 74' lang='grc' dir='ltr'>στεγον,</span> <span class='ocrx_word' id='word_1_403' title='bbox 2348 3104 2447 3172; x_wconf 78' lang='grc' dir='ltr'>τὴν</span> <span class='ocrx_word' id='word_1_404' title='bbox 2501 3096 2687 3156; x_wconf 76' lang='grc' dir='ltr'>ἔκτοτε</span> <span class='ocrx_word' id='word_1_405' title='bbox 2737 3100 2826 3155; x_wconf 78' lang='grc' dir='ltr'>καὶ</span> <span class='ocrx_word' id='word_1_406' title='bbox 2882 3106 2971 3156; x_wconf 78' lang='grc' dir='ltr'>νῦν</span> <span class='ocrx_word' id='word_1_407' title='bbox 3011 3100 3233 3172; x_wconf 80' lang='grc' dir='ltr'>Χαλκῆν</span> <span class='ocrx_word' id='word_1_408' title='bbox 3277 3102 3762 3176; x_wconf 70' lang='grc' dir='ltr'>ἐπονομαζομένην</span> 
     </span>
    </p>
   </div>
   <div class='ocr_carea' id='block_1_64' title="bbox 355 3168 2002 3267">
    <p class='ocr_par' dir='ltr' id='par_1_64' title="bbox 355 3189 1996 3260">
     <span class='ocr_line' id='line_1_64' title="bbox 355 3189 1996 3260; baseline -0.004 -11"><span class='ocrx_word' id='word_1_409' title='bbox 355 3195 520 3250; x_wconf 67' lang='lat' dir='ltr'>aereis</span> <span class='ocrx_word' id='word_1_410' title='bbox 550 3200 605 3249; x_wconf 89' lang='lat' dir='ltr'>et</span> <span class='ocrx_word' id='word_1_411' title='bbox 636 3194 926 3249; x_wconf 87' lang='lat' dir='ltr'>inauratis</span> <span class='ocrx_word' id='word_1_412' title='bbox 963 3197 1089 3247; x_wconf 88' lang='lat' dir='ltr'>erat</span> <span class='ocrx_word' id='word_1_413' title='bbox 1120 3197 1268 3248; x_wconf 89' lang='lat' dir='ltr'>tecta</span> <span class='ocrx_word' id='word_1_414' title='bbox 1300 3210 1312 3247; x_wconf 93' lang='lat'>:</span> <span class='ocrx_word' id='word_1_415' title='bbox 1347 3192 1517 3247; x_wconf 87' lang='lat' dir='ltr'>binas</span> <span class='ocrx_word' id='word_1_416' title='bbox 1548 3191 1686 3246; x_wconf 88' lang='lat' dir='ltr'>item</span> <span class='ocrx_word' id='word_1_417' title='bbox 1736 3189 1996 3260; x_wconf 87' lang='lat' dir='ltr'>porticus</span> 
     </span>
    </p>
   </div>
   <div class='ocr_carea' id='block_1_65' title="bbox 2120 3168 3764 3267">
    <p class='ocr_par' dir='ltr' id='par_1_65' title="bbox 2120 3188 3764 3267">
     <span class='ocr_line' id='line_1_65' title="bbox 2120 3188 3764 3267; baseline 0 -20"><span class='ocrx_word' id='word_1_418' title='bbox 2120 3189 2197 3247; x_wconf 66' lang='grc' dir='ltr'>διὰ</span> <span class='ocrx_word' id='word_1_419' title='bbox 2250 3193 2312 3245; x_wconf 79' lang='grc' dir='ltr'>τὸ</span> <span class='ocrx_word' id='word_1_420' title='bbox 2361 3189 2419 3246; x_wconf 89' lang='grc' dir='ltr'>ἐκ</span> <span class='ocrx_word' id='word_1_421' title='bbox 2462 3188 2687 3265; x_wconf 80' lang='grc' dir='ltr'>χαλκῶν</span> <span class='ocrx_word' id='word_1_422' title='bbox 2742 3191 2994 3265; x_wconf 79' lang='grc' dir='ltr'>κεράμων</span> <span class='ocrx_word' id='word_1_423' title='bbox 3049 3190 3481 3267; x_wconf 77' lang='grc' dir='ltr'>κέχρυσωμένων</span> <span class='ocrx_word' id='word_1_424' title='bbox 3545 3191 3764 3267; x_wconf 54' lang='lat' dir='ltr'>satagi-</span> 
     </span>
    </p>
   </div>
   <div class='ocr_carea' id='block_1_66' title="bbox 355 3278 2001 3355">
    <p class='ocr_par' dir='ltr' id='par_1_66' title="bbox 355 3278 2001 3355">
     <span class='ocr_line' id='line_1_66' title="bbox 355 3278 2001 3355; baseline -0.005 -14"><span class='ocrx_word' id='word_1_425' title='bbox 355 3300 543 3355; x_wconf 90' lang='lat' dir='ltr'>usque</span> <span class='ocrx_word' id='word_1_426' title='bbox 573 3284 643 3339; x_wconf 90' lang='lat' dir='ltr'>ad</span> <span class='ocrx_word' id='word_1_427' title='bbox 680 3284 889 3338; x_wconf 84' lang='lat' dir='ltr'>Forum</span> <span class='ocrx_word' id='word_1_428' title='bbox 924 3282 1313 3337; x_wconf 87' lang='lat' dir='ltr'>incenderunt</span> <span class='ocrx_word' id='word_1_429' title='bbox 1344 3298 1355 3335; x_wconf 93' lang='lat'><strong>:</strong></span> <span class='ocrx_word' id='word_1_430' title='bbox 1389 3279 1793 3336; x_wconf 89' lang='lat' dir='ltr'>Justinianum</span> <span class='ocrx_word' id='word_1_431' title='bbox 1821 3278 2001 3349; x_wconf 88' lang='lat' dir='ltr'>impe-</span> 
     </span>
    </p>
   </div>
   <div class='ocr_carea' id='block_1_67' title="bbox 352 3368 1998 3441">
    <p class='ocr_par' dir='ltr' id='par_1_67' title="bbox 352 3368 1998 3441">
     <span class='ocr_line' id='line_1_67' title="bbox 352 3368 1998 3441; baseline -0.004 -12"><span class='ocrx_word' id='word_1_432' title='bbox 352 3378 604 3429; x_wconf 86' lang='lat' dir='ltr'>ratorem</span> <span class='ocrx_word' id='word_1_433' title='bbox 673 3371 1045 3427; x_wconf 87' lang='lat' dir='ltr'>contumeliis</span> <span class='ocrx_word' id='word_1_434' title='bbox 1104 3371 1444 3437; x_wconf 73' lang='lat' dir='ltr'>affecerunt,</span> <span class='ocrx_word' id='word_1_435' title='bbox 1490 3368 1803 3441; x_wconf 84' lang='lat' dir='ltr'>Hypatium</span> <span class='ocrx_word' id='word_1_436' title='bbox 1865 3384 1998 3423; x_wconf 86' lang='lat' dir='ltr'>vero</span> 
     </span>
    </p>
   </div>
   <div class='ocr_carea' id='block_1_68' title="bbox 352 3456 1997 3534">
    <p class='ocr_par' dir='ltr' id='par_1_68' title="bbox 352 3456 1997 3534">
     <span class='ocr_line' id='line_1_68' title="bbox 352 3456 1997 3534; baseline -0.004 -16"><span class='ocrx_word' id='word_1_437' title='bbox 352 3462 663 3534; x_wconf 88' lang='lat' dir='ltr'>patricium</span> <span class='ocrx_word' id='word_1_438' title='bbox 699 3461 1158 3532; x_wconf 89' lang='lat' dir='ltr'>proclamarunt,</span> <span class='ocrx_word' id='word_1_439' title='bbox 1190 3476 1322 3514; x_wconf 89' lang='lat' dir='ltr'>cum</span> <span class='ocrx_word' id='word_1_440' title='bbox 1365 3463 1742 3514; x_wconf 85' lang='lat' dir='ltr'>coronassent</span> <span class='ocrx_word' id='word_1_441' title='bbox 1771 3474 1904 3512; x_wconf 90' lang='lat' dir='ltr'>eum</span> <span class='ocrx_word' id='word_1_442' title='bbox 1939 3456 1997 3512; x_wconf 92' lang='lat' dir='ltr'>in</span> 
     </span>
    </p>
   </div>
   <div class='ocr_carea' id='block_1_69' title="bbox 352 3546 2001 3623">
    <p class='ocr_par' dir='ltr' id='par_1_69' title="bbox 352 3546 2001 3623">
     <span class='ocr_line' id='line_1_69' title="bbox 352 3546 2001 3623; baseline -0.004 -16"><span class='ocrx_word' id='word_1_443' title='bbox 352 3552 497 3608; x_wconf 89' lang='lat' dir='ltr'>solio</span> <span class='ocrx_word' id='word_1_444' title='bbox 534 3551 908 3623; x_wconf 89' lang='lat' dir='ltr'>imperatoris</span> <span class='ocrx_word' id='word_1_445' title='bbox 942 3550 999 3603; x_wconf 90' lang='lat' dir='ltr'>in</span> <span class='ocrx_word' id='word_1_446' title='bbox 1032 3549 1429 3621; x_wconf 89' lang='lat' dir='ltr'>Hippodromo</span> <span class='ocrx_word' id='word_1_447' title='bbox 1463 3564 1477 3603; x_wconf 90' lang='lat'><strong>:</strong></span> <span class='ocrx_word' id='word_1_448' title='bbox 1511 3547 1609 3619; x_wconf 90' lang='lat' dir='ltr'>qui</span> <span class='ocrx_word' id='word_1_449' title='bbox 1642 3546 1936 3602; x_wconf 82' lang='lat' dir='ltr'>tumultus</span> <span class='ocrx_word' id='word_1_450' title='bbox 1968 3564 2001 3602; x_wconf 91' lang='lat' dir='ltr'>a</span> 
     </span>
    </p>
   </div>
   <div class='ocr_carea' id='block_1_70' title="bbox 350 3636 2000 3710">
    <p class='ocr_par' dir='ltr' id='par_1_70' title="bbox 350 3636 2000 3710">
     <span class='ocr_line' id='line_1_70' title="bbox 350 3636 2000 3710; baseline -0.003 -14"><span class='ocrx_word' id='word_1_451' title='bbox 350 3640 655 3710; x_wconf 87' lang='lat' dir='ltr'>Bclisario,</span> <span class='ocrx_word' id='word_1_452' title='bbox 711 3640 927 3694; x_wconf 88' lang='lat' dir='ltr'>Mundo</span> <span class='ocrx_word' id='word_1_453' title='bbox 985 3642 1042 3693; x_wconf 94' lang='lat' dir='ltr'>et</span> <span class='ocrx_word' id='word_1_454' title='bbox 1096 3638 1337 3693; x_wconf 89' lang='lat' dir='ltr'>Narsete</span> <span class='ocrx_word' id='word_1_455' title='bbox 1395 3638 1634 3692; x_wconf 86' lang='lat' dir='ltr'>sedatus</span> <span class='ocrx_word' id='word_1_456' title='bbox 1693 3639 1803 3703; x_wconf 89' lang='lat' dir='ltr'>est,</span> <span class='ocrx_word' id='word_1_457' title='bbox 1836 3636 2000 3691; x_wconf 81' lang='lat' dir='ltr'>caesis</span> 
     </span>
    </p>
   </div>
   <div class='ocr_carea' id='block_1_71' title="bbox 352 3722 1996 3799">
    <p class='ocr_par' dir='ltr' id='par_1_71' title="bbox 352 3722 1996 3799">
     <span class='ocr_line' id='line_1_71' title="bbox 352 3722 1996 3799; baseline -0.003 -14"><span class='ocrx_word' id='word_1_458' title='bbox 352 3722 618 3785; x_wconf 87' lang='lat' dir='ltr'>millibus</span> <span class='ocrx_word' id='word_1_459' title='bbox 668 3728 911 3799; x_wconf 87' lang='lat' dir='ltr'>triginta</span> <span class='ocrx_word' id='word_1_460' title='bbox 957 3726 1216 3798; x_wconf 90' lang='lat' dir='ltr'>quinque</span> <span class='ocrx_word' id='word_1_461' title='bbox 1246 3726 1305 3781; x_wconf 90' lang='lat' dir='ltr'>in</span> <span class='ocrx_word' id='word_1_462' title='bbox 1338 3725 1754 3797; x_wconf 87' lang='lat' dir='ltr'>Hippodromo,</span> <span class='ocrx_word' id='word_1_463' title='bbox 1788 3730 1996 3780; x_wconf 89' lang='lat' dir='ltr'>etcum</span> 
     </span>
    </p>
   </div>
   <div class='ocr_carea' id='block_1_72' title="bbox 349 3817 726 3889">
    <p class='ocr_par' dir='ltr' id='par_1_72' title="bbox 349 3817 726 3889">
     <span class='ocr_line' id='line_1_72' title="bbox 349 3817 726 3889; baseline -0.003 -17"><span class='ocrx_word' id='word_1_464' title='bbox 349 3819 429 3873; x_wconf 88' lang='lat' dir='ltr'>iis</span> <span class='ocrx_word' id='word_1_465' title='bbox 461 3817 726 3889; x_wconf 86' lang='lat' dir='ltr'>Hypatio.</span> 
     </span>
    </p>
   </div>
   <div class='ocr_carea' id='block_1_73' title="bbox 423 3902 1999 3976">
    <p class='ocr_par' dir='ltr' id='par_1_73' title="bbox 423 3902 1999 3976">
     <span class='ocr_line' id='line_1_73' title="bbox 423 3902 1999 3976; baseline -0.002 -15"><span class='ocrx_word' id='word_1_466' title='bbox 423 3907 695 3976; x_wconf 86' lang='lat' dir='ltr'>Magnam</span> <span class='ocrx_word' id='word_1_467' title='bbox 728 3921 861 3960; x_wconf 91' lang='lat' dir='ltr'>vero</span> <span class='ocrx_word' id='word_1_468' title='bbox 894 3905 992 3959; x_wconf 89' lang='lat' dir='ltr'>Dei</span> <span class='ocrx_word' id='word_1_469' title='bbox 1037 3902 1343 3958; x_wconf 89' lang='lat' dir='ltr'>ecclesiam</span> <span class='ocrx_word' id='word_1_470' title='bbox 1374 3902 1745 3958; x_wconf 90' lang='lat' dir='ltr'>Justinianus</span> <span class='ocrx_word' id='word_1_471' title='bbox 1776 3906 1999 3958; x_wconf 87' lang='lat' dir='ltr'>restau-</span> 
     </span>
    </p>
   </div>
   <div class='ocr_carea' id='block_1_74' title="bbox 352 3992 1998 4063">
    <p class='ocr_par' dir='ltr' id='par_1_74' title="bbox 352 3992 1998 4063">
     <span class='ocr_line' id='line_1_74' title="bbox 352 3992 1998 4063; baseline -0.002 -13"><span class='ocrx_word' id='word_1_472' title='bbox 352 3994 521 4060; x_wconf 89' lang='lat' dir='ltr'>ravit,</span> <span class='ocrx_word' id='word_1_473' title='bbox 579 3997 635 4047; x_wconf 86' lang='lat' dir='ltr'>et</span> <span class='ocrx_word' id='word_1_474' title='bbox 691 3992 861 4063; x_wconf 91' lang='lat' dir='ltr'>longe</span> <span class='ocrx_word' id='word_1_475' title='bbox 920 3993 1199 4063; x_wconf 86' lang='lat' dir='ltr'>majorem</span> <span class='ocrx_word' id='word_1_476' title='bbox 1264 3992 1775 4063; x_wconf 89' lang='lat' dir='ltr'>pulchrioremque</span> <span class='ocrx_word' id='word_1_477' title='bbox 1821 4009 1998 4063; x_wconf 89' lang='lat' dir='ltr'>quam</span> 
     </span>
    </p>
   </div>
   <div class='ocr_carea' id='block_1_75' title="bbox 346 4081 2001 4152">
    <p class='ocr_par' dir='ltr' id='par_1_75' title="bbox 346 4081 2001 4152">
     <span class='ocr_line' id='line_1_75' title="bbox 346 4081 2001 4152; baseline -0.002 -13"><span class='ocrx_word' id='word_1_478' title='bbox 346 4089 519 4139; x_wconf 89' lang='lat' dir='ltr'>antea</span> <span class='ocrx_word' id='word_1_479' title='bbox 567 4083 774 4149; x_wconf 87' lang='lat' dir='ltr'>fuerat,</span> <span class='ocrx_word' id='word_1_480' title='bbox 809 4082 1091 4148; x_wconf 88' lang='lat' dir='ltr'>reddidit;</span> <span class='ocrx_word' id='word_1_481' title='bbox 1122 4085 1177 4136; x_wconf 86' lang='lat' dir='ltr'>ct</span> <span class='ocrx_word' id='word_1_482' title='bbox 1207 4081 1464 4152; x_wconf 89' lang='lat' dir='ltr'>troparia</span> <span class='ocrx_word' id='word_1_483' title='bbox 1513 4082 1632 4136; x_wconf 80' lang='lat' dir='ltr'>sive</span> <span class='ocrx_word' id='word_1_484' title='bbox 1680 4081 2001 4137; x_wconf 84' lang='lat' dir='ltr'>versiculos</span> 
     </span>
    </p>
   </div>
   <div class='ocr_carea' id='block_1_76' title="bbox 340 4171 2001 4244">
    <p class='ocr_par' dir='ltr' id='par_1_76' title="bbox 340 4171 2001 4244">
     <span class='ocr_line' id='line_1_76' title="bbox 340 4171 2001 4244; baseline -0.002 -14"><span class='ocrx_word' id='word_1_485' title='bbox 340 4173 451 4230; x_wconf 87' lang='lat' dir='ltr'>hos</span> <span class='ocrx_word' id='word_1_486' title='bbox 511 4173 717 4240; x_wconf 90' lang='lat' dir='ltr'>edidit,</span> <span class='ocrx_word' id='word_1_487' title='bbox 766 4172 868 4244; x_wconf 88' lang='lat' dir='ltr'>qui</span> <span class='ocrx_word' id='word_1_488' title='bbox 927 4173 984 4227; x_wconf 90' lang='lat' dir='ltr'>in</span> <span class='ocrx_word' id='word_1_489' title='bbox 1046 4188 1113 4226; x_wconf 90' lang='lat' dir='ltr'>ea</span> <span class='ocrx_word' id='word_1_490' title='bbox 1170 4171 1560 4243; x_wconf 88' lang='lat' dir='ltr'>psallerentur</span> <span class='ocrx_word' id='word_1_491' title='bbox 1610 4188 1621 4227; x_wconf 94' lang='lat'>:</span> <span class='ocrx_word' id='word_1_492' title='bbox 1677 4172 2001 4243; x_wconf 78' lang='lat' dir='ltr'>Unigcm’lus</span> 
     </span>
    </p>
   </div>
   <div class='ocr_carea' id='block_1_77' title="bbox 340 4260 2000 4333">
    <p class='ocr_par' dir='ltr' id='par_1_77' title="bbox 340 4260 2000 4333">
     <span class='ocr_line' id='line_1_77' title="bbox 340 4260 2000 4333; baseline -0.002 -14"><span class='ocrx_word' id='word_1_493' title='bbox 340 4264 522 4319; x_wconf 71' lang='lat' dir='ltr'>Filius</span> <span class='ocrx_word' id='word_1_494' title='bbox 552 4272 609 4318; x_wconf 74' lang='grc' dir='ltr'>ει</span> <span class='ocrx_word' id='word_1_495' title='bbox 648 4262 872 4317; x_wconf 84' lang='lat' dir='ltr'>Verbum</span> <span class='ocrx_word' id='word_1_496' title='bbox 923 4262 1039 4327; x_wconf 78' lang='lat' dir='ltr'>Dei,</span> <span class='ocrx_word' id='word_1_497' title='bbox 1073 4263 1171 4333; x_wconf 81' lang='lat' dir='ltr'>qui</span> <span class='ocrx_word' id='word_1_498' title='bbox 1214 4265 1438 4331; x_wconf 80' lang='lat' dir='ltr'>propter</span> <span class='ocrx_word' id='word_1_499' title='bbox 1482 4260 1724 4315; x_wconf 77' lang='lat' dir='ltr'>salutem</span> <span class='ocrx_word' id='word_1_500' title='bbox 1754 4270 2000 4317; x_wconf 79' lang='lat' dir='ltr'>nostram</span> 
     </span>
    </p>
   </div>
   <div class='ocr_carea' id='block_1_78' title="bbox 348 4350 1999 4421">
    <p class='ocr_par' dir='ltr' id='par_1_78' title="bbox 348 4350 1999 4421">
     <span class='ocr_line' id='line_1_78' title="bbox 348 4350 1999 4421; baseline -0.001 -14"><span class='ocrx_word' id='word_1_501' title='bbox 348 4354 647 4408; x_wconf 81' lang='lat' dir='ltr'>incarnari</span> <span class='ocrx_word' id='word_1_502' title='bbox 677 4353 867 4406; x_wconf 46' lang='lat' dir='ltr'>valuit.</span> <span class='ocrx_word' id='word_1_503' title='bbox 903 4350 1230 4416; x_wconf 87' lang='lat' dir='ltr'>Quinetiam</span> <span class='ocrx_word' id='word_1_504' title='bbox 1266 4350 1606 4421; x_wconf 86' lang='lat' dir='ltr'>Hypapante</span> <span class='ocrx_word' id='word_1_505' title='bbox 1633 4350 1755 4404; x_wconf 89' lang='lat' dir='ltr'>sive</span> <span class='ocrx_word' id='word_1_506' title='bbox 1787 4350 1999 4405; x_wconf 90' lang='lat' dir='ltr'>Occur-</span> 
     </span>
    </p>
   </div>
   <div class='ocr_carea' id='block_1_79' title="bbox 349 4438 2000 4509">
    <p class='ocr_par' dir='ltr' id='par_1_79' title="bbox 349 4438 2000 4509">
     <span class='ocr_line' id='line_1_79' title="bbox 349 4438 2000 4509; baseline -0.002 -12"><span class='ocrx_word' id='word_1_507' title='bbox 349 4459 453 4497; x_wconf 89' lang='lat' dir='ltr'>sus</span> <span class='ocrx_word' id='word_1_508' title='bbox 484 4441 715 4496; x_wconf 91' lang='lat' dir='ltr'>Domini</span> <span class='ocrx_word' id='word_1_509' title='bbox 767 4441 890 4495; x_wconf 91' lang='lat' dir='ltr'>dies</span> <span class='ocrx_word' id='word_1_510' title='bbox 942 4441 1107 4505; x_wconf 86' lang='lat' dir='ltr'>festa,</span> <span class='ocrx_word' id='word_1_511' title='bbox 1135 4446 1276 4493; x_wconf 91' lang='lat' dir='ltr'>tunc</span> <span class='ocrx_word' id='word_1_512' title='bbox 1307 4438 1586 4493; x_wconf 88' lang='lat' dir='ltr'>celebrari</span> <span class='ocrx_word' id='word_1_513' title='bbox 1646 4450 1835 4509; x_wconf 75' lang='lat' dir='ltr'>empta</span> <span class='ocrx_word' id='word_1_514' title='bbox 1890 4445 2000 4507; x_wconf 84' lang='lat' dir='ltr'>est,</span> 
     </span>
    </p>
   </div>
   <div class='ocr_carea' id='block_1_80' title="bbox 344 4528 2002 4603">
    <p class='ocr_par' dir='ltr' id='par_1_80' title="bbox 344 4528 1994 4584">
     <span class='ocr_line' id='line_1_80' title="bbox 344 4528 1994 4584; baseline 0 -1"><span class='ocrx_word' id='word_1_515' title='bbox 344 4546 481 4584; x_wconf 89' lang='lat' dir='ltr'>cum</span> <span class='ocrx_word' id='word_1_516' title='bbox 514 4534 689 4584; x_wconf 89' lang='lat' dir='ltr'>antea</span> <span class='ocrx_word' id='word_1_517' title='bbox 736 4528 1053 4583; x_wconf 89' lang='lat' dir='ltr'>Dominicis</span> <span class='ocrx_word' id='word_1_518' title='bbox 1104 4529 1269 4584; x_wconf 85' lang='lat' dir='ltr'>festis</span> <span class='ocrx_word' id='word_1_519' title='bbox 1320 4544 1435 4583; x_wconf 88' lang='lat' dir='ltr'>non</span> <span class='ocrx_word' id='word_1_520' title='bbox 1487 4534 1994 4584; x_wconf 87' lang='lat' dir='ltr'>annumeraretur.</span> 
     </span>
    </p>
   </div>
   <div class='ocr_carea' id='block_1_81' title="bbox 2120 4528 2971 4603">
    <p class='ocr_par' dir='ltr' id='par_1_81' title="bbox 2120 4528 2971 4603">
     <span class='ocr_line' id='line_1_81' title="bbox 2120 4528 2971 4603; baseline -0.005 -17"><span class='ocrx_word' id='word_1_521' title='bbox 2120 4531 2368 4603; x_wconf 71' lang='grc' dir='ltr'>πρότερον</span> <span class='ocrx_word' id='word_1_522' title='bbox 2418 4533 2535 4591; x_wconf 85' lang='grc' dir='ltr'>ταῖς</span> <span class='ocrx_word' id='word_1_523' title='bbox 2619 4528 2971 4589; x_wconf 82' lang='grc' dir='ltr'>Δεσποτικαίς</span> 
     </span>
    </p>
   </div>
   <div class='ocr_carea' id='block_1_82' title="bbox 343 4616 1992 4689">
    <p class='ocr_par' dir='ltr' id='par_1_82' title="bbox 343 4616 1992 4689">
     <span class='ocr_line' id='line_1_82' title="bbox 343 4616 1992 4689; baseline 0 -16"><span class='ocrx_word' id='word_1_524' title='bbox 343 4618 489 4683; x_wconf 89' lang='lat' dir='ltr'>Quia</span> <span class='ocrx_word' id='word_1_525' title='bbox 520 4634 651 4673; x_wconf 85' lang='lat' dir='ltr'>vero</span> <span class='ocrx_word' id='word_1_526' title='bbox 699 4621 914 4689; x_wconf 80' lang='lat' dir='ltr'>Magnae</span> <span class='ocrx_word' id='word_1_527' title='bbox 966 4618 1233 4673; x_wconf 79' lang='lat' dir='ltr'>Ecclesiae</span> <span class='ocrx_word' id='word_1_528' title='bbox 1289 4616 1644 4672; x_wconf 88' lang='lat' dir='ltr'>mentionem</span> <span class='ocrx_word' id='word_1_529' title='bbox 1698 4617 1992 4673; x_wconf 80' lang='lat' dir='ltr'>fecimus:</span> 
     </span>
    </p>
   </div>
   <div class='ocr_carea' id='block_1_83' title="bbox 344 4706 1997 4778">
    <p class='ocr_par' dir='ltr' id='par_1_83' title="bbox 344 4706 1997 4778">
     <span class='ocr_line' id='line_1_83' title="bbox 344 4706 1997 4778; baseline 0.001 -18"><span class='ocrx_word' id='word_1_530' title='bbox 344 4706 637 4778; x_wconf 89' lang='lat' dir='ltr'>quomodo</span> <span class='ocrx_word' id='word_1_531' title='bbox 668 4706 740 4759; x_wconf 89' lang='lat' dir='ltr'>ab</span> <span class='ocrx_word' id='word_1_532' title='bbox 770 4706 936 4761; x_wconf 90' lang='lat' dir='ltr'>initio</span> <span class='ocrx_word' id='word_1_533' title='bbox 999 4711 1224 4761; x_wconf 87' lang='lat' dir='ltr'>structa</span> <span class='ocrx_word' id='word_1_534' title='bbox 1256 4706 1349 4776; x_wconf 86' lang='lat' dir='ltr'>sit,</span> <span class='ocrx_word' id='word_1_535' title='bbox 1383 4710 1438 4760; x_wconf 91' lang='lat' dir='ltr'>et</span> <span class='ocrx_word' id='word_1_536' title='bbox 1468 4722 1498 4759; x_wconf 86' lang='lat' dir='ltr'>a</span> <span class='ocrx_word' id='word_1_537' title='bbox 1532 4722 1809 4776; x_wconf 73' lang='lat' dir='ltr'>quonam,</span> <span class='ocrx_word' id='word_1_538' title='bbox 1843 4707 1997 4778; x_wconf 84' lang='lat' dir='ltr'>sigil-</span> 
     </span>
    </p>
   </div>
   <div class='ocr_carea' id='block_1_84' title="bbox 342 4794 1648 4852">
    <p class='ocr_par' dir='ltr' id='par_1_84' title="bbox 342 4794 1648 4852">
     <span class='ocr_line' id='line_1_84' title="bbox 342 4794 1648 4852; baseline -0.002 -2"><span class='ocrx_word' id='word_1_539' title='bbox 342 4794 507 4852; x_wconf 88' lang='lat' dir='ltr'>latim</span> <span class='ocrx_word' id='word_1_540' title='bbox 540 4794 845 4851; x_wconf 84' lang='lat' dir='ltr'>enarrabo.</span> <span class='ocrx_word' id='word_1_541' title='bbox 880 4796 990 4851; x_wconf 81' lang='lat' dir='ltr'>Res</span> <span class='ocrx_word' id='word_1_542' title='bbox 1020 4799 1214 4851; x_wconf 85' lang='lat' dir='ltr'>autem</span> <span class='ocrx_word' id='word_1_543' title='bbox 1249 4795 1328 4850; x_wconf 90' lang='lat' dir='ltr'>ita</span> <span class='ocrx_word' id='word_1_544' title='bbox 1362 4810 1423 4851; x_wconf 88' lang='lat' dir='ltr'>se</span> <span class='ocrx_word' id='word_1_545' title='bbox 1456 4794 1648 4850; x_wconf 84' lang='lat' dir='ltr'>habet.</span> 
     </span>
    </p>
   </div>
   <div class='ocr_carea' id='block_1_85' title="bbox 2109 3275 3766 3358">
    <p class='ocr_par' dir='ltr' id='par_1_85' title="bbox 2109 3275 3766 3358">
     <span class='ocr_line' id='line_1_85' title="bbox 2109 3275 3766 3358; baseline 0 -23"><span class='ocrx_word' id='word_1_546' title='bbox 2109 3293 2229 3345; x_wconf 85' lang='grc' dir='ltr'>σθαι</span> <span class='ocrx_word' id='word_1_547' title='bbox 2256 3280 2420 3350; x_wconf 83' lang='grc' dir='ltr'>αὐτήν</span> <span class='ocrx_word' id='word_1_548' title='bbox 2454 3300 2465 3313; x_wconf 86' lang='grc'><em>’</em></span> <span class='ocrx_word' id='word_1_549' title='bbox 2502 3280 2589 3334; x_wconf 80' lang='grc' dir='ltr'>καὶ</span> <span class='ocrx_word' id='word_1_550' title='bbox 2638 3280 2766 3341; x_wconf 77' lang='grc' dir='ltr'>τοὺς</span> <span class='ocrx_word' id='word_1_551' title='bbox 2814 3277 2908 3334; x_wconf 74' lang='grc' dir='ltr'>δύο</span> <span class='ocrx_word' id='word_1_552' title='bbox 2953 3275 3229 3352; x_wconf 73' lang='grc' dir='ltr'>ἐμϐόλους</span> <span class='ocrx_word' id='word_1_553' title='bbox 3271 3281 3439 3357; x_wconf 81' lang='grc' dir='ltr'>μέχρι</span> <span class='ocrx_word' id='word_1_554' title='bbox 3468 3286 3569 3335; x_wconf 77' lang='grc' dir='ltr'>τοῦ</span> <span class='ocrx_word' id='word_1_555' title='bbox 3593 3282 3766 3358; x_wconf 68' lang='grc' dir='ltr'>φόρου</span> 
     </span>
    </p>
   </div>
   <div class='ocr_carea' id='block_1_86' title="bbox 2107 3365 3768 3448">
    <p class='ocr_par' dir='ltr' id='par_1_86' title="bbox 2107 3365 3768 3448">
     <span class='ocr_line' id='line_1_86' title="bbox 2107 3365 3768 3448; baseline -0.001 -23"><span class='ocrx_word' id='word_1_556' title='bbox 2107 3372 2455 3441; x_wconf 74' lang='grc' dir='ltr'>κατέκαυσαν,</span> <span class='ocrx_word' id='word_1_557' title='bbox 2533 3370 2619 3423; x_wconf 79' lang='grc' dir='ltr'>καὶ</span> <span class='ocrx_word' id='word_1_558' title='bbox 2704 3370 3083 3424; x_wconf 87' lang='grc' dir='ltr'>Ἰουστιτιανὸν</span> <span class='ocrx_word' id='word_1_559' title='bbox 3161 3368 3385 3445; x_wconf 72' lang='grc' dir='ltr'>βασιλέα</span> <span class='ocrx_word' id='word_1_560' title='bbox 3443 3365 3768 3448; x_wconf 65' lang='grc' dir='ltr'>ἐφύϐρισαν,</span> 
     </span>
    </p>
   </div>
   <div class='ocr_carea' id='block_1_87' title="bbox 2108 3457 3762 3536">
    <p class='ocr_par' dir='ltr' id='par_1_87' title="bbox 2108 3457 3762 3536">
     <span class='ocr_line' id='line_1_87' title="bbox 2108 3457 3762 3536; baseline -0.001 -22"><span class='ocrx_word' id='word_1_561' title='bbox 2108 3460 2357 3515; x_wconf 77' lang='grc' dir='ltr'>Ὑπάτιον</span> <span class='ocrx_word' id='word_1_562' title='bbox 2407 3457 2464 3515; x_wconf 71' lang='grc' dir='ltr'>δὲ</span> <span class='ocrx_word' id='word_1_563' title='bbox 2515 3459 2803 3532; x_wconf 86' lang='grc' dir='ltr'>πατρίκιον</span> <span class='ocrx_word' id='word_1_564' title='bbox 2857 3460 3178 3536; x_wconf 68' lang='grc' dir='ltr'>εὐφήμησαν</span> <span class='ocrx_word' id='word_1_565' title='bbox 3232 3458 3282 3514; x_wconf 84' lang='grc' dir='ltr'>ἐν</span> <span class='ocrx_word' id='word_1_566' title='bbox 3338 3463 3417 3531; x_wconf 83' lang='grc' dir='ltr'>τῷ</span> <span class='ocrx_word' id='word_1_567' title='bbox 3462 3461 3762 3531; x_wconf 77' lang='grc' dir='ltr'>καθίσματι</span> 
     </span>
    </p>
   </div>
   <div class='ocr_carea' id='block_1_88' title="bbox 2110 3544 3757 3624">
    <p class='ocr_par' dir='ltr' id='par_1_88' title="bbox 2110 3544 3757 3624">
     <span class='ocr_line' id='line_1_88' title="bbox 2110 3544 3757 3624; baseline -0.001 -20"><span class='ocrx_word' id='word_1_568' title='bbox 2110 3550 2396 3623; x_wconf 72' lang='grc' dir='ltr'>στέψαντες</span> <span class='ocrx_word' id='word_1_569' title='bbox 2426 3567 2438 3580; x_wconf 89' lang='grc'><strong>·</strong></span> <span class='ocrx_word' id='word_1_570' title='bbox 2468 3545 2596 3617; x_wconf 72' lang='grc' dir='ltr'>ἤτισ</span> <span class='ocrx_word' id='word_1_571' title='bbox 2627 3546 2833 3617; x_wconf 66' lang='grc' dir='ltr'>ἐπαύθη</span> <span class='ocrx_word' id='word_1_572' title='bbox 2868 3544 2957 3601; x_wconf 77' lang='grc' dir='ltr'>διὰ</span> <span class='ocrx_word' id='word_1_573' title='bbox 2989 3546 3333 3624; x_wconf 86' lang='grc' dir='ltr'>Βελισαρίου,</span> <span class='ocrx_word' id='word_1_574' title='bbox 3362 3549 3453 3602; x_wconf 80' lang='grc' dir='ltr'>καὶ</span> <span class='ocrx_word' id='word_1_575' title='bbox 3478 3546 3757 3605; x_wconf 65' lang='grc' dir='ltr'>Μούνδου⁶</span> 
     </span>
    </p>
   </div>
   <div class='ocr_carea' id='block_1_89' title="bbox 2109 3634 3761 3712">
    <p class='ocr_par' dir='ltr' id='par_1_89' title="bbox 2109 3634 3761 3712">
     <span class='ocr_line' id='line_1_89' title="bbox 2109 3634 3761 3712; baseline -0.001 -19"><span class='ocrx_word' id='word_1_576' title='bbox 2109 3638 2198 3693; x_wconf 85' lang='grc' dir='ltr'>καὶ</span> <span class='ocrx_word' id='word_1_577' title='bbox 2240 3641 2449 3712; x_wconf 79' lang='grc' dir='ltr'>Ναρσῆ,</span> <span class='ocrx_word' id='word_1_578' title='bbox 2504 3635 2808 3691; x_wconf 86' lang='grc' dir='ltr'>ἀνελόντων</span> <span class='ocrx_word' id='word_1_579' title='bbox 2858 3634 3117 3711; x_wconf 77' lang='grc' dir='ltr'>χιλιάδας</span> <span class='ocrx_word' id='word_1_580' title='bbox 3148 3636 3242 3708; x_wconf 83' lang='grc' dir='ltr'>λε’,</span> <span class='ocrx_word' id='word_1_581' title='bbox 3287 3636 3375 3691; x_wconf 79' lang='grc' dir='ltr'>καὶ</span> <span class='ocrx_word' id='word_1_582' title='bbox 3408 3636 3570 3692; x_wconf 78' lang='grc' dir='ltr'>αὐτὸν</span> <span class='ocrx_word' id='word_1_583' title='bbox 3601 3638 3761 3691; x_wconf 69' lang='grc' dir='ltr'>Ὑπί-</span> 
     </span>
    </p>
   </div>
   <div class='ocr_carea' id='block_1_90' title="bbox 2108 3723 2844 3801">
    <p class='ocr_par' dir='ltr' id='par_1_90' title="bbox 2108 3723 2844 3801">
     <span class='ocr_line' id='line_1_90' title="bbox 2108 3723 2844 3801; baseline 0.003 -20"><span class='ocrx_word' id='word_1_584' title='bbox 2108 3748 2221 3782; x_wconf 89' lang='grc' dir='ltr'>τιον</span> <span class='ocrx_word' id='word_1_585' title='bbox 2255 3725 2307 3781; x_wconf 87' lang='grc' dir='ltr'>ἐν</span> <span class='ocrx_word' id='word_1_586' title='bbox 2336 3732 2415 3799; x_wconf 77' lang='grc' dir='ltr'>τῷ</span> <span class='ocrx_word' id='word_1_587' title='bbox 2445 3723 2844 3801; x_wconf 83' lang='grc' dir='ltr'>Ἱπποδρομίῳ.</span> 
     </span>
    </p>
   </div>
   <div class='ocr_carea' id='block_1_91' title="bbox 2182 3903 3774 3981">
    <p class='ocr_par' dir='ltr' id='par_1_91' title="bbox 2182 3903 3774 3981">
     <span class='ocr_line' id='line_1_91' title="bbox 2182 3903 3774 3981; baseline -0.001 -20"><span class='ocrx_word' id='word_1_588' title='bbox 2182 3905 2509 3962; x_wconf 81' lang='grc' dir='ltr'>Ἀνεκαίνισε</span> <span class='ocrx_word' id='word_1_589' title='bbox 2564 3903 2621 3959; x_wconf 70' lang='grc' dir='ltr'>δὲ</span> <span class='ocrx_word' id='word_1_590' title='bbox 2689 3904 3071 3966; x_wconf 88' lang='grc' dir='ltr'>Ἰουστινιανὸς</span> <span class='ocrx_word' id='word_1_591' title='bbox 3126 3906 3227 3974; x_wconf 82' lang='grc' dir='ltr'>τήν</span> <span class='ocrx_word' id='word_1_592' title='bbox 3272 3908 3370 3958; x_wconf 78' lang='grc' dir='ltr'>τοῦ</span> <span class='ocrx_word' id='word_1_593' title='bbox 3419 3904 3553 3960; x_wconf 71' lang='grc' dir='ltr'>Θεοῦ</span> <span class='ocrx_word' id='word_1_594' title='bbox 3596 3906 3774 3981; x_wconf 73' lang='grc' dir='ltr'>Μεγά-</span> 
     </span>
    </p>
   </div>
   <div class='ocr_carea' id='block_1_92' title="bbox 2112 3993 3777 4069">
    <p class='ocr_par' dir='ltr' id='par_1_92' title="bbox 2112 3993 3777 4069">
     <span class='ocr_line' id='line_1_92' title="bbox 2112 3993 3777 4069; baseline 0.001 -22"><span class='ocrx_word' id='word_1_595' title='bbox 2112 3995 2213 4065; x_wconf 80' lang='grc' dir='ltr'>λην</span> <span class='ocrx_word' id='word_1_596' title='bbox 2248 3993 2536 4064; x_wconf 73' lang='grc' dir='ltr'>ἐκκλησίαν</span> <span class='ocrx_word' id='word_1_597' title='bbox 2571 3993 2647 4055; x_wconf 80' lang='grc' dir='ltr'>εἷς</span> <span class='ocrx_word' id='word_1_598' title='bbox 2696 3993 2906 4055; x_wconf 75' lang='grc' dir='ltr'>καλλος</span> <span class='ocrx_word' id='word_1_599' title='bbox 2956 3994 3042 4048; x_wconf 80' lang='grc' dir='ltr'>καὶ</span> <span class='ocrx_word' id='word_1_600' title='bbox 3101 3994 3327 4068; x_wconf 82' lang='grc' dir='ltr'>μέγεθος</span> <span class='ocrx_word' id='word_1_601' title='bbox 3379 3994 3510 4069; x_wconf 73' lang='grc' dir='ltr'>ὑπὲρ</span> <span class='ocrx_word' id='word_1_602' title='bbox 3542 3996 3604 4048; x_wconf 84' lang='grc' dir='ltr'>τὸ</span> <span class='ocrx_word' id='word_1_603' title='bbox 3636 3996 3777 4069; x_wconf 74' lang='grc' dir='ltr'>πρό-</span> 
     </span>
    </p>
   </div>
   <div class='ocr_carea' id='block_1_93' title="bbox 2108 4080 3775 4160">
    <p class='ocr_par' dir='ltr' id='par_1_93' title="bbox 2108 4080 3775 4160">
     <span class='ocr_line' id='line_1_93' title="bbox 2108 4080 3775 4160; baseline -0.001 -23"><span class='ocrx_word' id='word_1_604' title='bbox 2108 4105 2286 4160; x_wconf 90' lang='grc' dir='ltr'>τερον,</span> <span class='ocrx_word' id='word_1_605' title='bbox 2341 4080 2617 4158; x_wconf 76' lang='grc' dir='ltr'>παραδοὺς</span> <span class='ocrx_word' id='word_1_606' title='bbox 2666 4082 2757 4137; x_wconf 81' lang='grc' dir='ltr'>καὶ</span> <span class='ocrx_word' id='word_1_607' title='bbox 2809 4082 3078 4158; x_wconf 79' lang='grc' dir='ltr'>τροπάρια</span> <span class='ocrx_word' id='word_1_608' title='bbox 3132 4081 3185 4137; x_wconf 80' lang='grc' dir='ltr'>ἐν</span> <span class='ocrx_word' id='word_1_609' title='bbox 3238 4082 3373 4156; x_wconf 77' lang='grc' dir='ltr'>αὐτῇ</span> <span class='ocrx_word' id='word_1_610' title='bbox 3415 4082 3723 4156; x_wconf 73' lang='grc' dir='ltr'>ψάλλεσθαι</span> <span class='ocrx_word' id='word_1_611' title='bbox 3760 4104 3775 4118; x_wconf 74' lang='grc' dir='ltr'><strong><em>ο</em></strong></span> 
     </span>
    </p>
   </div>
   <div class='ocr_carea' id='block_1_94' title="bbox 2106 4171 3777 4249">
    <p class='ocr_par' dir='ltr' id='par_1_94' title="bbox 2106 4171 3777 4249">
     <span class='ocr_line' id='line_1_94' title="bbox 2106 4171 3777 4249; baseline -0.001 -20"><span class='ocrx_word' id='word_1_612' title='bbox 2106 4176 2166 4229; x_wconf 78' lang='grc' dir='ltr'>Ὀ</span> <span class='ocrx_word' id='word_1_613' title='bbox 2227 4174 2521 4249; x_wconf 76' lang='grc' dir='ltr'>μονογενὴς</span> <span class='ocrx_word' id='word_1_614' title='bbox 2603 4172 2727 4235; x_wconf 73' lang='grc' dir='ltr'>Υἱὸς</span> <span class='ocrx_word' id='word_1_615' title='bbox 2810 4171 2900 4226; x_wconf 84' lang='grc' dir='ltr'>καὶ</span> <span class='ocrx_word' id='word_1_616' title='bbox 2986 4172 3160 4246; x_wconf 81' lang='grc' dir='ltr'>Λόγος</span> <span class='ocrx_word' id='word_1_617' title='bbox 3224 4176 3321 4226; x_wconf 77' lang='grc' dir='ltr'>τοῦ</span> <span class='ocrx_word' id='word_1_618' title='bbox 3383 4177 3517 4227; x_wconf 80' lang='grc' dir='ltr'>Θεοῦ</span> <span class='ocrx_word' id='word_1_619' title='bbox 3576 4173 3777 4237; x_wconf 69' lang='grc' dir='ltr'>ἀθάνα-</span> 
     </span>
    </p>
   </div>
   <div class='ocr_carea' id='block_1_95' title="bbox 2106 4258 3775 4336">
    <p class='ocr_par' dir='ltr' id='par_1_95' title="bbox 2106 4258 3775 4336">
     <span class='ocr_line' id='line_1_95' title="bbox 2106 4258 3775 4336; baseline 0.001 -20"><span class='ocrx_word' id='word_1_620' title='bbox 2106 4283 2198 4323; x_wconf 86' lang='grc' dir='ltr'>τος</span> <span class='ocrx_word' id='word_1_621' title='bbox 2258 4262 2541 4336; x_wconf 75' lang='grc' dir='ltr'>ὑπάρχων,</span> <span class='ocrx_word' id='word_1_622' title='bbox 2623 4261 2712 4315; x_wconf 80' lang='grc' dir='ltr'>καὶ</span> <span class='ocrx_word' id='word_1_623' title='bbox 2801 4258 3229 4333; x_wconf 71' lang='grc' dir='ltr'>καταδεξάμενος</span> <span class='ocrx_word' id='word_1_624' title='bbox 3316 4258 3404 4315; x_wconf 73' lang='grc' dir='ltr'>διὰ</span> <span class='ocrx_word' id='word_1_625' title='bbox 3470 4263 3575 4331; x_wconf 71' lang='grc' dir='ltr'>τὴν</span> <span class='ocrx_word' id='word_1_626' title='bbox 3634 4265 3775 4336; x_wconf 69' lang='grc' dir='ltr'>ἡμε-</span> 
     </span>
    </p>
   </div>
   <div class='ocr_carea' id='block_1_96' title="bbox 2106 4348 3519 4425">
    <p class='ocr_par' dir='ltr' id='par_1_96' title="bbox 2106 4348 3519 4425">
     <span class='ocr_line' id='line_1_96' title="bbox 2106 4348 3519 4425; baseline -0.001 -19"><span class='ocrx_word' id='word_1_627' title='bbox 2106 4352 2264 4423; x_wconf 85' lang='grc' dir='ltr'>τέραν</span> <span class='ocrx_word' id='word_1_628' title='bbox 2346 4349 2615 4425; x_wconf 80' lang='grc' dir='ltr'>σωτηρίαν</span> <span class='ocrx_word' id='word_1_629' title='bbox 2727 4357 3095 4424; x_wconf 78' lang='grc' dir='ltr'>σαρκωθῆναι.</span> <span class='ocrx_word' id='word_1_630' title='bbox 3181 4348 3355 4406; x_wconf 83' lang='grc' dir='ltr'>Ἀλλὰ</span> <span class='ocrx_word' id='word_1_631' title='bbox 3431 4352 3519 4405; x_wconf 80' lang='grc' dir='ltr'>καὶ</span> 
     </span>
    </p>
   </div>
   <div class='ocr_carea' id='block_1_97' title="bbox 2108 4434 3766 4515">
    <p class='ocr_par' dir='ltr' id='par_1_97' title="bbox 2108 4434 3766 4515">
     <span class='ocr_line' id='line_1_97' title="bbox 2108 4434 3766 4515; baseline 0.001 -20"><span class='ocrx_word' id='word_1_632' title='bbox 2108 4442 2283 4509; x_wconf 80' lang='grc' dir='ltr'>παντὴ</span> <span class='ocrx_word' id='word_1_633' title='bbox 2316 4434 2709 4515; x_wconf 65' lang='grc' dir='ltr'>ἀρχὴ-θέλαϐεν</span> <span class='ocrx_word' id='word_1_634' title='bbox 2760 4439 3127 4514; x_wconf 75' lang='grc' dir='ltr'>ἑορτάζεσθαι,</span> <span class='ocrx_word' id='word_1_635' title='bbox 3168 4440 3245 4512; x_wconf 71' lang='grc' dir='ltr'>μὴ</span> <span class='ocrx_word' id='word_1_636' title='bbox 3280 4444 3766 4514; x_wconf 73' lang='grc' dir='ltr'>συναριθμουμένη</span> 
     </span>
    </p>
   </div>
   <div class='ocr_carea' id='block_1_98' title="bbox 3053 4527 3769 4604">
    <p class='ocr_par' dir='ltr' id='par_1_98' title="bbox 3053 4527 3769 4604">
     <span class='ocr_line' id='line_1_98' title="bbox 3053 4527 3769 4604; baseline 0.001 -22"><span class='ocrx_word' id='word_1_637' title='bbox 3053 4528 3289 4604; x_wconf 73' lang='grc' dir='ltr'>ἑορταῖς.</span> <span class='ocrx_word' id='word_1_638' title='bbox 3358 4530 3482 4586; x_wconf 74' lang='grc' dir='ltr'>’Ότι</span> <span class='ocrx_word' id='word_1_639' title='bbox 3551 4527 3610 4584; x_wconf 72' lang='grc' dir='ltr'>δὲ</span> <span class='ocrx_word' id='word_1_640' title='bbox 3667 4538 3769 4599; x_wconf 70' lang='grc' dir='ltr'>τῆς</span> 
     </span>
    </p>
   </div>
   <div class='ocr_carea' id='block_1_99' title="bbox 2108 4615 3766 4693">
    <p class='ocr_par' dir='ltr' id='par_1_99' title="bbox 2108 4615 3766 4693">
     <span class='ocr_line' id='line_1_99' title="bbox 2108 4615 3766 4693; baseline -0.007 -18"><span class='ocrx_word' id='word_1_641' title='bbox 2108 4617 2372 4693; x_wconf 75' lang='grc' dir='ltr'>Μεγάλης</span> <span class='ocrx_word' id='word_1_642' title='bbox 2433 4615 2722 4683; x_wconf 79' lang='grc' dir='ltr'>ἐκκλησίας</span> <span class='ocrx_word' id='word_1_643' title='bbox 2790 4616 3089 4689; x_wconf 75' lang='grc' dir='ltr'>ἐμνήσθην,</span> <span class='ocrx_word' id='word_1_644' title='bbox 3153 4617 3509 4691; x_wconf 80' lang='grc' dir='ltr'>λεπτομερῶς</span> <span class='ocrx_word' id='word_1_645' title='bbox 3569 4616 3766 4691; x_wconf 58' lang='grc' dir='ltr'>διηγῆ.</span> 
     </span>
    </p>
   </div>
   <div class='ocr_carea' id='block_1_100' title="bbox 2109 4705 3763 4783">
    <p class='ocr_par' dir='ltr' id='par_1_100' title="bbox 2109 4705 3763 4783">
     <span class='ocr_line' id='line_1_100' title="bbox 2109 4705 3763 4783; baseline -0.001 -21"><span class='ocrx_word' id='word_1_646' title='bbox 2109 4728 2274 4779; x_wconf 88' lang='grc' dir='ltr'>σομαι</span> <span class='ocrx_word' id='word_1_647' title='bbox 2306 4711 2422 4767; x_wconf 78' lang='grc' dir='ltr'>πῶς</span> <span class='ocrx_word' id='word_1_648' title='bbox 2454 4705 2506 4778; x_wconf 79' lang='grc' dir='ltr'>ἐξ</span> <span class='ocrx_word' id='word_1_649' title='bbox 2558 4707 2739 4780; x_wconf 82' lang='grc' dir='ltr'>ἀρχῆς</span> <span class='ocrx_word' id='word_1_650' title='bbox 2788 4706 3030 4775; x_wconf 83' lang='grc' dir='ltr'>ἐκτίσθη,</span> <span class='ocrx_word' id='word_1_651' title='bbox 3082 4706 3171 4760; x_wconf 76' lang='grc' dir='ltr'>καὶ</span> <span class='ocrx_word' id='word_1_652' title='bbox 3225 4707 3371 4781; x_wconf 80' lang='grc' dir='ltr'>παρᾶ</span> <span class='ocrx_word' id='word_1_653' title='bbox 3399 4705 3569 4768; x_wconf 89' lang='grc' dir='ltr'>τίνος.</span> <span class='ocrx_word' id='word_1_654' title='bbox 3603 4710 3763 4783; x_wconf 66' lang='grc' dir='ltr'>νΕχει</span> 
     </span>
    </p>
   </div>
   <div class='ocr_carea' id='block_1_101' title="bbox 2108 4795 2389 4857">
    <p class='ocr_par' dir='ltr' id='par_1_101' title="bbox 2108 4795 2389 4857">
     <span class='ocr_line' id='line_1_101' title="bbox 2108 4795 2389 4857; baseline 0 -5"><span class='ocrx_word' id='word_1_655' title='bbox 2108 4795 2165 4852; x_wconf 70' lang='grc' dir='ltr'>δέ</span> <span class='ocrx_word' id='word_1_656' title='bbox 2196 4796 2389 4857; x_wconf 75' lang='grc' dir='ltr'>οὕτως.</span> 
     </span>
    </p>
   </div>
   <div class='ocr_carea' id='block_1_102' title="bbox 3612 4353 3773 4407">
    <p class='ocr_par' dir='ltr' id='par_1_102' title="bbox 3612 4353 3773 4407">
     <span class='ocr_line' id='line_1_102' title="bbox 3612 4353 3773 4407; baseline 0.006 -1"><span class='ocrx_word' id='word_1_657' title='bbox 3612 4353 3773 4407; x_wconf 81' lang='grc' dir='ltr'>Ὑπα-</span> 
     </span>
    </p>
   </div>
  </div>
