4084 6218
286 319 445 381 1389

1416 320 1784 384 ΑΝΟΝΥΜΙ
1827 323 1926 385 AN
1937 323 2412 396 TIQUITATES
2459 327 2575 387 [ΞΡ.

3547 337 3702 397 {290

1151 459 3699 488 MM

1535 611 2466 780 ANONYMI

824 875 999 968 DE
1109 877 2238 991 ANTIQUITATIBUS
2356 885 3157 981 CPOLITANIS

1697 1061 1909 1117 LIBER
1948 1061 2288 1126 QUARTUS

911 1208 1251 1271 Continens
1281 1211 1606 1276 historiam
1641 1222 1702 1278 et
1730 1216 2217 1296 descriptionem
2250 1218 2474 1299 templi
2502 1219 2748 1281 Sanctae
2783 1218 3061 1300 SOphiae.

283 1532 684 1611 Con_sta_ntinus
713 1535 937 1611 illagnus
986 1536 1229 1611 primum
1283 1535 1535 1611 .rondidit
1574 1536 1833 1611 Sanctam
1886 1536 2173 1608 Sophiam,
2222 1540 2410 1611 ﬁgura
2461 1541 2717 1611 oblonga,
2769 1540 2970 1593 Ariani
3015 1540 3115 1593 sub
3160 1539 3447 1595 Theodosio
3494 1545 3691 1609 Magno

346 1605 593 1681 ejusdem
611 1605 868 1681 ecclesia:
902 1605 1105 1663 tectum
1136 1607 1457 1681 incendunt.
1492 1609 1529 1661 A
1565 1610 1755 1677 Ruﬁno
1780 1605 2042 1679 magistro
2068 1618 2187 1680 past
2218 1605 2498 1665 biennium
2530 1605 2898 1667 restauratur.
2924 1611 3075 1665 Anno
3111 1612 3148 1665 V
3174 1613 3483 1666 Justiniani
3512 1605 3692 1681 im'pe-

342 1678 947 1754 ratoris,ia_seditione
982 1680 1174 1749 pepuli
1201 1679 1545 1735 comburitur
1592 1681 1732 1735 mdes
1778 1678 2083 1752 Sep/iiuna,
2118 1686 2169 1735 et
2209 1682 2288 1737 ad
2325 1699 2447 1737 eam
2495 1701 2532 1738 a
2579 1684 2965 1754 fundamentis
3013 1684 3373 1737 excitandam
3426 1678 3685 1738 animum

347 1765 451 1820 app
461 1748 595 1805 lieat
622 1751 772 1805 idem
805 1748 1097 1819 Augustus.

348 1890 411 1945 Ἠ
443 1887 568 1964 ἁγία
624 1890 801 1967 Σοφία
848 1891 881 1958 ἡ
919 1887 1133 1963 μεγάλη
1170 1887 1434 1959 ἐκκλησία
1464 1889 1637 1953 οὕτως
1678 1891 1913 1961 ἐκτίσθη.

2107 1891 2328 1965 Magna
2358 1893 2610 1950 ecclesia
2641 1894 2854 1949 Sancta
2886 1895 3104 1966 Sophia
3135 1895 3371 1949 condita
3423 1894 3533 1950 fuit
3579 1895 3689 1951 hoc

274 1982 499 2051 Πρῶτον
554 1978 645 2051 μὲν
699 1979 980 2052 ἀνήγειρεν
1034 1976 1200 2047 αὐτὴν
1249 1979 1276 2032 6
1307 1977 1490 2053 Μέγας
1520 1986 1920 2044 Κωνσταντῖνος

275 2063 570 2142 δρομικὴν,
630 2066 822 2139 ὁμοίαν
886 2071 983 2120 τοῦ
1041 2067 1224 2142 Ἀγίου
1280 2067 1628 2142 Ἀγαθονίκου
1676 2068 1765 2123 καὶ
1822 2074 1916 2123 τοῦ

273 2156 468 2229 ’ᾼγίου
500 2155 752 2210 ’ἰσακίου.
785 2154 873 2209 καὶ
906 2154 1205 2229 πληρώσας
1234 2156 1424 2226 αὐτὴν,
1476 2159 1679 2227 στήλας
1727 2155 1917 2229 ἔστησε

272 2240 511 2305 πολλάς.
565 2246 826 2319 Διήρκεσε
883 2242 939 2299 δὶ
993 2245 1053 2299 τὸ
1112 2244 1313 2318 κτίσμα
1343 2245 1516 2301 ἐκεῖνο
1548 2246 1785 2321 χρόνους
1816 2245 1912 2303 οδ’.

270 2334 361 2389 Ἐν
396 2330 452 2386 at
480 2338 597 2394 τοῖς
632 2332 857 2408 χρόνοις
900 2331 1191 2389 Θεοδοσίου
1232 2338 1328 2388 τοῦ
1366 2334 1644 2409 Μεγάλου,
1702 2334 1774 2397 εἷς
1817 2338 1915 2405 τήν

270 2420 519 2496 δευτέραν
573 2420 794 2477 σύνοδον
848 2424 945 2492 τὴν
1008 2422 1057 2475 ἐν
1120 2424 1691 2479 Κωνσταντινοῦπὸλει
1764 2446 1915 2499 γενο-

272 2512 465 2584 μένην,
522 2513 897 2575 στασιάσαντες
953 2512 1005 2566 οἱ
1066 2512 1373 2586 Ἀρειανοὶ,
1432 2512 1755 2591 κατέφλεξαν
1812 2516 1909 2582 τὴν

268 2600 466 2674 στέγην
546 2607 643 2670 τῆς
712 2602 882 2670 αὐτῆς
951 2598 1266 2671 ἐκκλησίας,
1340 2597 1493 2663 ὄντος
1572 2604 1912 2677 πατριάρχου

268 2688 569 2764 Νεκταρίου
605 2736 617 2756 ,
675 2690 761 2744 καὶ
818 2688 1131 2759 ἐξελθόντος
1178 2694 1273 2743 τοῦ
1329 2689 1674 2764 ἀγιωτάτου,
1734 2690 1783 2744 ἐν
1844 2694 1911 2763 τῇ

269 2777 435 2853 Ἀγίᾳ
488 2777 699 2853 Εἰρήνῃ
757 2781 825 2851 τῇ
883 2777 1091 2848 παλαιᾷ
1135 2778 1518 2849 καθεζομένουθ
1579 2780 1638 2847 ἣν
1678 2778 1766 2832 καὶ
1816 2780 1912 2833 αὐ-

267 2869 372 2936 τὴν
432 2868 710 2942 ἀνήγειρεν
763 2868 790 2921 6
850 2868 1025 2943 Μέγας
1082 2873 1507 2927 Κωνσταντῖνος.
1559 2864 1795 2935 Διῆλθον
1858 2865 1913 2922 δὲ

270 2958 468 3032 χρόνοι
517 2955 633 3025 δύο,
661 2957 749 3011 καὶ
785 2954 973 3011 ’ίστατο
1007 2956 1267 3025 ἀσκεπής.
1324 2956 1632 3031 Προστάξας
1668 2954 1723 3010 δὲ
1755 2958 1782 3010 6
1818 2959 1912 3032 βα-

269 3045 457 3107 σιλεὺς
517 3043 802 3107 Θεοδόσιος
868 3047 1152 3122 Ῥουφῖνον
1207 3044 1298 3099 τὸν
1370 3046 1667 3119 μάγιστρον
1728 3046 1912 3113 αὐτοῦ,

267 3134 556 3190 ἱσκὲπασεν
627 3135 793 3203 αὐτὴν
865 3132 956 3189 διὰ
1009 3131 1370 3207 κυλινδρικῶν
1428 3136 1687 3206 καμάρων
1773 3134 1917 3188 Μετὰ

270 3222 332 3279 δὶ
392 3224 623 3299 χρόνους
671 3222 745 3279 λε’
796 3228 893 3278 τοῦ
924 3220 1232 3289 Θεοδοσίου,
1266 3224 1346 3276 πε’
1394 3222 1526 3277 ἐτῶν
1590 3220 1912 3277 διελθόντων

266 3313 377 3367 ἀπὸ
434 3316 529 3367 τοῦ
587 3310 843 3385 Μεγάλου
896 3312 1324 3377 Κωνσταντίνου,
1384 3310 1460 3371 εἷς
1518 3311 1608 3365 τὸν
1666 3312 1914 3383 πέμπτον

267 3400 469 3476 χρόνον
545 3402 642 3467 τῆς
723 3398 1000 3474 βασιλείας
1076 3402 1407 3455 Ἰουστιανοῦ
1470 3402 1567 3453 τοῦ
1636 3398 1912 3475 Μεγάλου,

271 3489 408 3561 μετά
459 3489 518 3542 τὸ
579 3494 845 3564 σφαγῆναι
907 3486 957 3540 ἐν
1012 3491 1092 3558 τῷ
1148 3487 1379 3558 Ἱππικῷ
1428 3488 1719 3559 τριάκοντα
1757 3489 1915 3542 πέντε

267 3573 543 3651 χιλιάδων
599 3575 768 3630 ἆκεῖσε
824 3575 1235 3650 ἀναιρεθέντων,
1293 3574 1471 3638 καθὼς
1520 3575 1609 3628 καὶ
1660 3577 1914 3649 ἀνωτέρω

270 3662 598 3734 δεδήλωται,
632 3662 721 3717 διὰ
749 3664 810 3717 τὸ
842 3663 1263 3738 ἀναγορευθῆναι
1291 3663 1393 3717 ὑπὸ
1422 3666 1528 3716 τῶν
1560 3660 1654 3717 δύο
1687 3661 1915 3736 δημοτι-

270 3756 381 3807 κῶν
414 3756 610 3826 μερῶν,
644 3754 891 3807 Ὑπάτιον
925 3751 1206 3824 πατρίκιον
1247 3750 1444 3826 μέρους
1476 3752 1710 3806 Βενέτων
1739 3752 1790 3805 ἰν
1836 3751 1915 3824 τῷ

270 3843 308 3896 ε’
339 3837 443 3895 ἔτει
474 3843 573 3909 τῆς
610 3840 887 3916 βασιλείας
911 3840 1073 3895 αὖτοῦ
1103 3844 1198 3894 τοῦ
1231 3842 1633 3911 Ἰουστινιανοῦ,
1672 3840 1913 3895 ἐνέπνευ-

266 3952 352 3985 σεν
388 3931 415 3983 6
447 3930 571 3992 Θεὸς
607 3930 680 3991 εἰς
723 3931 822 3997 τήν
883 3927 1121 3984 διάνοιαν
1176 3928 1339 3982 αὐτοῦ
1396 3932 1492 3983 τοῦ
1546 3927 1911 4003 οἰκοδομῆσαι

263 4020 413 4088 ναὸν,
443 4021 560 4082 οἷος
592 4018 691 4074 οὐκ
720 4018 933 4089 ἐκτίσθη
966 4018 1071 4073 ἀπὸ
1102 4017 1201 4073 τού
1234 4015 1427 4090 Ἀδάμ.

2025 1982 2495 2038 modo.Primum
2529 1983 2769 2055 quidem
2804 1985 3097 2039 exstruxit
3120 2000 3244 2038 eam
3269 1984 3517 2055 Magnus
3548 1986 3691 2039 Con-

2022 2070 2345 2137 stantinus,
2369 2072 2619 2143 oblonga
2659 2073 2866 2144 ﬁgura,
2889 2072 3084 2128 Sancti
3105 2072 3444 2145 Agathonici
3470 2077 3525 2127 et
3545 2077 3689 2127 San-

2025 2160 2100 2214 cti
2137 2160 2339 2215 Isaacii
2374 2161 2632 2215 similem
2674 2182 2686 2229 ;
2720 2162 3103 2233 confectoque
3162 2178 3336 2233 opere
3370 2161 3587 2217 multas
3622 2163 3680 2217 in

2024 2264 2092 2303 ea
2122 2252 2347 2303 statuas
2379 2249 2580 2303 erexit.
2616 2249 2731 2303 Hoc
2757 2266 2927 2320 porro
2978 2248 3291 2304 aediﬁcium
3324 2267 3508 2306 annos
3531 2268 3680 2321 qua-

2023 2341 2157 2391 tuor
2186 2342 2241 2392 et
2270 2338 2643 2409 septuaginta
2674 2338 2961 2393 intactum
2993 2338 3447 2410 mansit.Magno
3482 2344 3678 2395 autem

2024 2424 2351 2479 Theodosio
2385 2426 2730 2497 imperante,
2764 2443 2878 2497 quo
2912 2430 3171 2498 tempore
3211 2429 3470 2482 secunda
3501 2444 3671 2500 syno-

2024 2514 2136 2567 dus
2175 2514 2678 2585 Canstantinopoli
2728 2516 3017 2570 celebrata
3067 2519 3175 2581 est,
3229 2516 3451 2584 Ariani,
3505 2534 3670 2571 com-

2025 2607 2182 2655 mota
2216 2602 2709 2673 seditione,hujus
2741 2603 2997 2658 ecclesia:
3030 2609 3248 2658 tectum
3280 2605 3672 2660 incenderunt

2022 2689 2288 2745 Nectario
2312 2695 2432 2745 tum
2461 2690 2792 2761 patriarcha
2824 2710 2835 2745 :
2863 2693 2961 2762 qui
2988 2692 3073 2746 vir
3094 2692 3510 2749 sanctissimus
3533 2694 3667 2748 inde

2022 2794 2294 2850 egressus
2325 2780 2383 2833 in
2415 2779 2660 2834 ecclesia
2691 2779 2914 2834 Sancta:-
2946 2786 3122 2835 Irenaa
3154 2782 3332 2836 veteri
3381 2782 3665 2848 consedit,

2023 2883 2199 2937 quam
2236 2868 2374 2922 item
2408 2867 2711 2923 ecclesiam
2736 2886 2987 2940 magnus
3010 2868 3430 2925 Constantinus
3455 2871 3668 2925 excita-

2021 2960 2203 3009 verat.
2256 2956 2471 3010 Exinde
2520 2958 2691 3010 annis
2728 2958 2957 3011 duobus
3005 2963 3206 3013 sancta
3254 2960 3470 3030 Sophia
3519 2964 3670 3014 tecto

2024 3044 2231 3099 caruit.
2268 3044 2640 3114 Imperatoris
2671 3062 2803 3100 vero
2837 3045 3148 3101 Theodosii
3189 3048 3386 3116 jussu,
3423 3048 3672 3103 Rufinus

2027 3133 2309 3203 magister
2340 3149 2468 3187 eam
2500 3132 2840 3204 cylindricis
2875 3134 3193 3189 fornicibus
3244 3137 3492 3206 operuit.
3549 3135 3675 3191 Ela-

2028 3222 2150 3293 psis
2179 3226 2374 3275 autem
2410 3238 2441 3275 a
2471 3222 2797 3277 Theodosio
2834 3223 3070 3295 trigint:
3122 3224 3404 3294 quinque,
3459 3242 3491 3278 a
3525 3226 3673 3281 Con-

2023 3310 2283 3365 stantino
2331 3309 2541 3380 Magno
2593 3312 2889 3379 octoginta
2938 3310 3199 3383 quinque
3246 3311 3440 3376 annis,
3489 3313 3671 3367 Justi-

2024 3398 2183 3452 niani
2218 3397 2588 3468 imperatoris
2620 3414 2772 3451 anno
2804 3398 3030 3468 quinto,
3064 3404 3190 3469 post
3243 3400 3457 3454 caedem
3506 3399 3669 3455 illam

2026 3486 2084 3541 in
2115 3486 2509 3557 Hippodro'no
2544 3486 2780 3551 factam,
2835 3504 2951 3557 qua
2982 3487 3223 3559 triginta
3273 3489 3533 3560 quinque
3566 3490 3670 3544 bo-

2024 3576 2251 3630 minum
2288 3574 2472 3629 millia
2506 3575 2821 3645 perierunt,
2852 3582 2911 3629 ut
2934 3576 3207 3645 superius
3237 3583 3535 3632 narratum
3557 3582 3665 3645 est,

2025 3664 2179 3736 quod
2215 3663 2341 3717 dum
2375 3663 2691 3717 factionum
2744 3668 2937 3733 partes
2991 3665 3320 3735 Hypatium,
3354 3665 3665 3736 patricium

2025 3770 2090 3807 ac
2122 3751 2388 3808 factionis
2420 3755 2650 3807 Veneta:
2686 3753 3012 3820 tribunum,
3064 3752 3473 3821 imperatorem
3505 3754 3667 3809 salu-

2024 3844 2287 3907 tassent;
2322 3841 2550 3910 quinto,
2586 3842 2850 3911 inquam,
2896 3840 3025 3911 ejus
3064 3840 3293 3912 impérii
3332 3860 3484 3898 anno
3516 3844 3669 3915 cepit

2024 3928 2358 3997 consilium,
2393 3929 2507 3984 Deo
2539 3928 2877 4000 instigante,
2908 3930 3245 3985 exstruendi
3270 3931 3670 4004 lempli,quale

2026 4034 2331 4088 nunquam
2365 4033 2433 4071 ex
2464 4018 2673 4071 Adami
2704 4023 2967 4088 tempore
2999 4018 3317 4075 excitatum
3352 4021 3561 4075 fuerat.

262 4164 561 4227 Marmora,
591 4164 865 4219 columnae
891 4161 1189 4233 reliquave
1232 4163 1475 4217 materia
1519 4170 1827 4233 opportuna
1868 4161 1941 4216 ad
1987 4161 2177 4231 templi
2204 4161 2596 4233 structuram,
2630 4175 2721 4233 ea;
2744 4160 2925 4233 variis
2958 4162 3119 4233 orbis
3168 4164 3490 4231 provinciis,
3512 4164 3673 4231 jussu

332 4237 684 4301 imperatoris
712 4230 1061 4288 advehuntur
1091 4230 1641 4300 Constantinopolim.
1690 4232 2021 4288 Plutarchus
2068 4232 2382 4287 Justiniano
2410 4233 2476 4284 ab
2506 4230 2749 4299 epistolis
2802 4240 2853 4285 et
2902 4230 3395 4302 historiographus.
3449 4230 3665 4287 Colum-

331 4323 433 4360 nas
466 4310 733 4361 Romanas
761 4308 875 4360 octo
904 4306 1106 4359 Marcia
1139 4306 1380 4358 Romana
1408 4305 1575 4359 vidua
1602 4306 1680 4359 ad
1708 4307 2097 4373 imperatorem
2127 4304 2324 4356 mittil.
2360 4302 2482 4356 Octo
2512 4318 2638 4355 vero
2669 4303 2813 4355 alias
2851 4305 3071 4371 prasini
3116 4304 3320 4357 coloris
3354 4303 3664 4359 Constanti-

332 4394 438 4431 nus
466 4381 666 4447 praetor
694 4378 917 4430 advexit
946 4376 1424 4446 Ephesoﬂeliquae
1454 4392 1577 4430 vero
1607 4377 1876 4431 columna:
1904 4392 1974 4431 ex
2004 4375 2176 4429 variis
2199 4374 2329 4428 locis
2379 4376 2804 4442 transferuntur
2826 4390 2846 4433 ;
2878 4380 3045 4443 atque
3088 4374 3239 4429 intra
3268 4384 3472 4444 septem
3498 4392 3671 4431 annos

335 4465 459 4504 cum
490 4448 723 4504 dimidio
754 4450 1011 4502 universa
1040 4448 1279 4502 materia
1306 4450 1649 4518 congeritur.

337 4574 580 4646 ’Ἔγραψε
639 4569 697 4625 δὲ
752 4576 871 4632 τοῖς
931 4574 1277 4645 στρατηγοῖς,
1325 4572 1416 4624 καὶ
1474 4570 1788 4645 σατράπαις,
1820 4570 1909 4624 καὶ

2093 4570 2341 4641 Scripsit
2371 4570 2568 4641 itaque
2598 4569 2869 4639 ducibus,
2903 4571 3175 4641 satrapis,
3202 4570 3670 4643 judicibus,pro-

263 4667 497 4738 κριταῖς,
555 4660 643 4717 καῖ
674 4657 1027 4739 φορολόγοις,
1056 4665 1170 4721 τοῖς
1202 4660 1290 4714 ἐπὶ
1320 4664 1426 4715 τῶν
1461 4663 1707 4732 θεμάτων
1736 4660 1907 4715 ἄπαν-

264 4773 359 4815 τας
435 4750 651 4826 ἐρευνᾷν
710 4749 929 4822 αὐτοὺς,
1006 4749 1155 4810 ὅπως
1214 4748 1410 4824 εὕρωσι
1488 4750 1668 4811 κίονάς
1717 4770 1776 4803 τε
1826 4750 1915 4803 καὶ

266 4843 605 4913 συστήματα,
683 4839 881 4910 στήθεά
949 4860 1005 4894 τε
1072 4838 1163 4892 καὶ
1234 4832 1451 4910 ἀϐάκια,
1526 4838 1615 4893 καὶ
1680 4837 1910 4913 κοιγκελ⁴

265 4927 583 5003 λοθυρίδας,
633 4930 720 4983 καὶ
754 4931 852 4997 τὴν
901 4926 1102 4996 λοιπὴν
1152 4924 1289 4997 ὕλην
1348 4928 1447 4995 τὴν
1481 4928 1778 4997 ἀνήκουσαν
1834 4926 1909 4988 εἷς

264 5020 327 5075 τὸ
361 5019 632 5093 ἀνεγεῖραι
689 5018 834 5073 ναόν.
882 5018 1080 5076 Πάντες
1113 5012 1168 5069 δὲ
1194 5015 1245 5069 οἱ
1299 5017 1425 5091 παρ’
1456 5015 1619 5069 αὐτοῦ
1667 5016 1910 5089 ὁρισθὲν-

266 5129 357 5170 τες
388 5108 493 5162 ἀπὸ
526 5104 829 5162 είδωλικῶν
889 5110 1052 5177 ναῶν,
1105 5104 1195 5157 καὶ
1242 5104 1347 5158 ἀπὸ
1379 5101 1626 5158 παλαιῶν
1670 5101 1914 5178 λουτρῶν

266 5218 327 5253 τε
384 5198 472 5252 καὶ
531 5194 696 5251 οἷ’κων
751 5190 995 5267 ἔπεμπον
1055 5193 1229 5247 πάντα
1279 5197 1357 5264 τῷ
1418 5192 1633 5267 βασιλεῖ
1688 5194 1913 5247 Ἰουστι-

269 5290 434 5357 νιανῷ
502 5284 606 5339 ἀπὸ
664 5282 880 5339 πάντων
932 5286 1040 5337 τῶν
1096 5279 1343 5352 Θεμάτων
1404 5280 1675 5350 ἀνατολῆς
1732 5301 1787 5334 τε
1828 5280 1915 5333 καὶ

272 5373 502 5440 δύσεως,
538 5372 711 5450 βοῤῥᾶ
735 5393 793 5427 τε
839 5372 930 5426 καὶ
978 5370 1159 5436 νότου,
1211 5370 1300 5423 καὶ
1330 5370 1545 5424 πάντων
1576 5374 1681 5423 τῶν
1740 5370 1915 5438 νήσων

270 5466 359 5519 καὶ
415 5462 543 5525 τοὺς
598 5464 692 5536 μὲν
756 5461 899 5515 ὀκτὼ
942 5459 1128 5519 κίονας
1183 5457 1310 5519 τοὺς
1360 5457 1687 5531 Ῥωμαίους,
1738 5456 1918 5518 καθώς

274 5573 407 5632 φησι
442 5551 802 5627 Πλούταρχος
834 5551 861 5605 6
894 5553 1338 5624 πρωτοσεκρῆτις
1391 5548 1481 5601 καὶ
1529 5545 1919 5624 πιστογράιρος,

273 5644 649 5714 Ἰουστινιανῷ
680 5641 812 5715 μετὰ
856 5634 1076 5717 σχεδίας
1118 5634 1403 5692 animum
1432 5638 1583 5713 χήρα
1623 5636 1761 5713 γυνή
1812 5634 1918 5689 ἀπὸ

604 5774 861 5833 Ρλτθοι..
916 5771 1023 5831 Gn.
1073 5766 1312 5829 CXXII.

2028 4658 2352 4715 vinciarum
2384 4658 2796 4730 quaestoribus,
2823 4658 3041 4730 jubens
3086 4660 3352 4730 singulos
3402 4668 3669 4718 accurate

2026 4748 2278 4804 scrutari
2310 4766 2375 4803 ac
2408 4750 2765 4819 perquirere,
2800 4764 2939 4802 num
2968 4747 3295 4819 columnas,
3330 4749 3535 4820 fulcra,
3571 4768 3668 4822 pe-

2021 4836 2266 4908 ristylia,
2299 4835 2530 4891 tabulas
2558 4840 2613 4891 et
2642 4836 2957 4891 clathratas
2980 4838 3221 4907 januas,
3265 4855 3330 4894 ac
3384 4839 3668 4910 quidquid

2022 4925 2274 4981 maleriaa
2307 4924 2722 4981 construendis
2754 4924 2992 4995 templis
3031 4932 3454 4997 opportunum,
3506 4943 3669 4997 repe-

2023 5014 2135 5069 rire
2177 5019 2436 5085 possent.
2489 5015 2635 5069 Tum
2685 5014 2748 5081 ii,
2800 5015 3017 5086 quibus
3069 5015 3125 5069 id
3176 5016 3437 5070 muneris
3486 5017 3674 5071 fuerat

2024 5102 2761 5174 demandatum,quidquid
2796 5119 2863 5158 ex
2894 5103 3183 5158 idolorum
3218 5102 3673 5173 templis,exan-

2022 5192 2207 5261 tiquis
2232 5191 2457 5246 balneis
2480 5208 2547 5247 ac
2573 5192 2817 5258 aedibus,
2851 5209 2917 5247 ex
2953 5191 3216 5263 qualibet
3248 5190 3676 5256 orientis,occi-

2026 5280 2239 5347 dentis,
2288 5281 2707 5351 septentrionis
2770 5286 2827 5336 et
2893 5281 3076 5335 austri
3127 5277 3423 5350 provincia
3493 5297 3679 5352 exque

2027 5369 2307 5423 omnibus
2355 5368 2564 5425 insulis
2634 5368 2828 5440 colligi
2888 5366 3095 5439 potuit,
3149 5367 3218 5420 ad
3288 5366 3679 5438 imperaorem

2028 5457 2432 5513 Justinianum
2460 5456 3093 5513 miserunt.Columnas
3119 5454 3359 5525 quidem
3386 5456 3681 5515 Romanas

2031 5552 2181 5612 octo,
2216 5551 2277 5601 ut
2322 5551 2521 5602 narrat
2567 5545 2918 5602 Plutarchus
2968 5543 3195 5615 primus
3244 5562 3277 5601 a
3336 5549 3577 5603 secretis
3628 5556 3684 5606 et

2030 5634 2146 5690 ﬁde
2174 5634 2390 5707 dignus
2422 5635 2691 5708 scriptor,
2726 5632 2941 5688 Marcia
2988 5633 3259 5704 quaedam
3315 5634 3578 5693 Romana
3598 5639 3680 5694 vi-

3285 5767 3354 5822 41
