4084 6218
387 309 536 368 1291

1332 301 1727 363 APPENDIX
1769 302 1872 360 AD
1919 298 2381 360 MICHAELEM
2426 301 2813 363 PSELLUM.

3637 304 3797 363 12υὲ

383 438 521 503 dua,
572 452 723 507 quas
772 434 998 491 dotales
1042 439 1366 507 acceperat,
1418 432 1641 488 ratibus
1691 430 2020 486 Justinianc

2142 428 2362 499 Ῥώμης
2413 428 2641 500 ὀνόματι
2703 429 2943 504 Μαρκία·
3000 428 3118 505 εἶχε
3148 426 3206 483 δὲ
3256 429 3451 491 αὐτοὺς
3485 430 3560 493 είς
3590 437 3797 506 προῖκα

378 525 623 598 perinde
656 524 837 579 misit.
873 528 960 578 Eae
992 540 1125 578 vero
1153 527 1348 578 Roma:
1399 525 1685 576 steterant
1728 521 1787 574 ir.
1819 516 2037 588 templo

379 614 555 681 Sotis,
588 615 741 685 quod
778 618 1071 667 struxerat
1099 612 1454 668 Aurelianus
1494 610 1887 664 Romanorum
1924 608 2031 661 im-

378 708 636 775 perator,
669 702 768 773 qui
801 718 929 756 sese
962 701 1153 756 Persis
1187 699 1609 771 prodidit.()cto
1651 702 1844 751 autem
1878 695 2033 761 illas,

379 791 704 862 stupendae
736 790 929 862 plane,
962 788 1173 844 coloris
1206 788 1448 859 prasini,
1501 803 1680 841 caesas
1727 792 1782 840 et
1820 784 2034 855 politas

377 879 800 937 Constantinus
831 883 1037 950 prator
1072 877 1300 947 Epheso
1342 875 1593 931 advexit.
1644 874 1862 936 Marcia
1899 889 2029 926 vero

376 968 653 1041 superius
685 974 1029 1033 memorata,
1064 965 1188 1020 hazc
1230 964 1573 1036 imperatori
1609 963 1849 1034 scripsit
1880 979 1891 1015 :
1926 961 2029 1015 Co-

374 1056 613 1112 lumnas
643 1055 749 1109 tibi
782 1055 939 1125 paris
970 1053 1384 1125 longitudinis,
1444 1052 1722 1123 ponderis
1756 1056 1930 1120 atque
1956 1051 2033 1104 la-

372 1145 668 1210 titudinis,
704 1160 806 1215 pro
838 1142 1030 1198 salute
1064 1143 1271 1197 animae
1307 1158 1443 1196 meas
1492 1142 1682 1195 mitto.
1716 1138 2029 1195 Columnas

372 1251 507 1290 vero
536 1233 839 1305 reliquias,
872 1232 1086 1303 partim
1121 1231 1344 1303 Cyzico,
1378 1230 1590 1301 partim
1620 1228 1867 1293 Troade,
1901 1244 2028 1298 par-

371 1323 477 1380 tim
527 1338 597 1378 ex
647 1320 997 1393 Cycladibus
1050 1320 1263 1376 insulis
1331 1319 1583 1391 praefecti
1656 1317 2028 1389 imperatoris

370 1410 849 1468 transmiserunt.
899 1410 1153 1481 Jamque
1201 1410 1437 1463 demum
1488 1407 1753 1472 materia,
1808 1410 2028 1476 quanta

371 1516 520 1572 opus
549 1504 693 1568 erat,
727 1515 829 1571 per
856 1515 1043 1553 annos
1066 1502 1287 1568 septem
1315 1512 1448 1552 cum
1473 1495 1717 1551 dimidio
1749 1498 2029 1564 congesta

369 1592 593 1648 aderat.

2151 514 2335 584 αὐτῆς.
2394 519 2638 570 Ἵσταντο
2693 514 2748 570 δὲ
2800 517 2876 578 εἷς
2930 518 3149 590 Ῥώμην
3212 518 3287 580 εἷς
3318 520 3410 572 τὸν
3440 520 3566 573 ναὸν
3598 518 3796 576 Ἡλίου

2142 604 2233 658 τὸν
2318 604 2597 658 κτισθέντα
2680 605 2824 679 παρᾶ
2905 604 3246 679 Αὑρελιανοῦ
3330 605 3597 679 βασιλέως
3654 608 3790 665 Ῥώ-

2149 714 2278 764 μης,
2331 696 2427 746 τοῦ
2484 690 2784 768 προδόντος
2848 694 3009 748 αὐτὸν
3066 693 3316 767 Πέρσαις.
3377 696 3517 757 Τοὺς
3562 694 3617 751 δὲ
3649 698 3793 751 ὀκτὼ

2142 782 2434 857 πρασίνους
2516 781 2699 845 κίονας
2775 782 2901 844 τοὺς
2999 784 3462 856 ἀξιοθαυμάστους
3565 784 3793 858 ἐκόμισε

2144 876 2541 931 Κωνσταντῖνος
2597 871 2895 944 στρατηγὸς
2956 871 3060 925 ἀπὸ
3124 872 3346 949 Ἐφέσου
3402 872 3790 946 λελατομημέ-

2141 980 2267 1021 νους
2298 959 2662 1036 ἀμφοτέρους.
2694 962 2756 1016 Ἡ
2793 958 2849 1014 δὲ
2891 962 3268 1035 προειρημένη
3320 962 3539 1034 Μαρκία
3588 960 3792 1039 ἔγραψε

2139 1054 2218 1119 τῷ
2270 1046 2485 1123 βασιλεῖ
2515 1048 2707 1119 οὕτως,
2757 1048 2839 1103 ὅτι
2872 1048 3223 1106 Ἀποστέλλω
3252 1050 3437 1112 κίονας
3470 1051 3783 1124 ἰσομήκεας,

2145 1136 2546 1207 ἱσοστάθμους,
2606 1138 2693 1191 καὶ
2752 1136 3123 1209 ἴσοπλάτους,
3191 1137 3325 1213 ὐπὶρ
3379 1142 3621 1214 ψυχικῆς
3682 1163 3786 1213 μου

2138 1224 2435 1301 σωτηρίας.
2487 1225 2627 1288 Τοὺς
2676 1224 2733 1281 δὲ
2789 1224 3017 1281 λοιποὺς
3068 1225 3287 1296 κίονας,
3344 1228 3469 1290 τοὺς
3534 1230 3627 1301 μὲν
3679 1231 3785 1284 ἀπὸ

2138 1316 2396 1385 Κυζίκου,
2426 1313 2550 1376 τοὺς
2602 1312 2659 1369 δὲ
2707 1314 2813 1369 ἀπὸ
2861 1314 3121 1389 Τροάδος,
3165 1314 3370 1379 ἄλλους
3402 1318 3506 1371 ἀπὸ
3532 1322 3638 1373 τῶν
3673 1325 3782 1374 Κυ-

2137 1402 2357 1458 κλάδων
2388 1405 2592 1474 νήσων,
2627 1405 2679 1458 οἱ
2734 1404 2997 1479 ἄρχοντες
3045 1409 3142 1458 τοῦ
3194 1405 3463 1480 βασιλέως
3499 1408 3784 1479 ἐκόμισαν.

2140 1491 2235 1546 Καὶ
2270 1492 2463 1547 λοιπὸν
2498 1493 2653 1561 ἱκανή
2688 1491 2792 1563 ὕλη
2827 1492 3084 1562 ἀπετέθη.
3119 1495 3494 1569 Ἀπεσωρεύθη
3529 1493 3587 1550 δὲ
3642 1503 3789 1551 πᾶσα

2136 1583 2171 1649 ἡ
2205 1580 2311 1650 ὅλη
2348 1578 2434 1635 διὰ
2466 1580 2683 1655 χρόνων
2716 1583 2849 1636 ἑπτὰ
2878 1581 3078 1655 ἥμισυ.

364 1750 729 1806 Justim'anus
776 1748 875 1803 XII
920 1748 1146 1817 imperii
1173 1748 1266 1800 sui
1310 1760 1456 1799 anno
1504 1743 1672 1798 aedem
1705 1742 2051 1817 Sophianapz
2114 1756 2147 1794 a
2215 1739 2689 1817 constantinohlll.
2734 1741 3010 1817 conditam
3057 1759 3089 1796 α
3138 1741 3523 1817 fundamenti:
3562 1746 3783 1811 evertit,

439 1830 489 1876 et
518 1819 699 1874 aliam
730 1820 883 1889 longe
912 1813 1583 1889 amplioremieonstruere
1613 1814 1953 1889 aggreditur.
1972 1814 2184 1889 -Domos
2229 1813 2605 1889 atcinaaemit
2626 1829 2645 1872 ;
2675 1820 2724 1867 et
2772 1815 3017 1889 primum
3067 1814 3246 1889 aedem
3291 1815 3576 1884 cujusdam
3608 1818 3786 1873 Anax

441 1891 672 2033 traditi;
719 1887 833 1962 quoi
878 1887 1014 1944 toco'
1045 1888 1523 1959 scevophylactum
1580 1887 1875 1955 exstruxit,

468 1978 567 2018 acu
615 1979 648 2016 α
676 1977 722 2015 e.

468 1977 722 2018 acuuate.

1952 1884 2081 1939 data
2136 1884 2386 1950 mulieri,
2448 1883 2560 1938 loco
2607 1885 2892 1951 mercedis,
2952 1886 3250 1954 sepulturae
3309 1883 3499 1940 eadem
3555 1890 3615 1941 in
3670 1890 3787 1943 loco

445 2085 796 2141 Duodecimo
835 2088 1031 2140 autem
1053 2082 1282 2155 imperii
1316 2099 1468 2138 anno
1488 2080 1858 2137 Justinianus
1880 2084 2020 2134 tem-

2201 2078 2296 2147 Τῷ
2336 2073 2392 2130 δὲ
2423 2074 2712 2149 δωδεκάτῳ
2764 2076 2871 2132 ἔτει
2906 2085 3006 2148 τῆς
3060 2077 3337 2154 βασιλείας
3368 2080 3791 2150 Ἰουστινιανοῦ,

371 2174 538 2247 plum
571 2175 915 2246 prazdictum
950 2190 981 2227 a
1019 2173 1400 2228 Constantino
1450 2172 1658 2244 Magno
1711 2169 1848 2224 olim
1882 2186 2018 2223 con-

372 2268 660 2320 structum
696 2279 729 2317 a
773 2262 1168 2317 fundamentis
1217 2261 1441 2329 evertit,
1493 2261 1741 2331 ejusque
1789 2259 2017 2321 rudera,

370 2368 503 2423 quae
532 2351 604 2406 ob
637 2356 902 2422 paratam
945 2350 1240 2421 ingentem
1290 2348 1543 2404 materiae
1595 2347 1822 2419 copiam
1874 2344 2021 2400 nulli

371 2441 506 2497 usui
537 2441 742 2509 forent,
780 2438 1022 2495 seorsim
1061 2438 1339 2510 reposuit.
1374 2437 1560 2508 Cmpit
1592 2436 1767 2490 etiam
1798 2435 2021 2489 vicinas

369 2530 522 2585 aedes
554 2545 835 2595 coemere,
870 2544 933 2582 ac
970 2527 1155 2598 primo
1178 2524 1442 2581 mulieris
1468 2524 1776 2594 cujusdam
1810 2524 2017 2589 viduae,

368 2618 557 2672 Annae
590 2616 865 2671 nomine:
900 2616 1267 2669 aestimantur
1314 2613 1465 2667 aedes
1519 2612 1703 2683 pretio
1735 2611 2019 2665 librarum

372 2705 670 2775 octoginta
692 2704 975 2774 quinque.
1010 2704 1272 2770 Cumque
1322 2700 1423 2755 illa
1472 2700 1806 2771 imperatori
1844 2698 2022 2753 nollet

369 2792 715 2858 vendere,ac
745 2792 964 2845 diceret
996 2808 1009 2845 :
1043 2790 1168 2844 Non
1196 2790 1242 2844 si
1278 2788 1711 2860 quinquaginta
1736 2787 2018 2841 librarum

372 2880 708 2936 centenaria
737 2880 1045 2951 praeberes,
1080 2894 1179 2933 eas
1228 2877 1604 2933 concederem
1633 2897 1646 2944 ;
1680 2877 2018 2947 imperator,

374 2968 573 3023 missis
605 2968 989 3039 optimatibus
1022 2968 1168 3022 bene
1193 2965 1416 3034 multis,
1453 2965 1555 3036 qui
1587 2965 1892 3020 mulierem
1925 2966 2022 3020 ob-

372 3064 689 3123 secrarent,
723 3074 859 3113 cum
894 3056 1040 3111 nihil
1073 3056 1397 3127 proliceret,
1434 3055 1557 3126 ipse
1599 3056 1836 3110 demum
1868 3053 2023 3108 venit

372 3150 430 3201 et
460 3144 768 3202 mulierem
801 3144 1048 3216 supplex
1081 3143 1325 3215 rogavit,
1360 3148 1423 3198 ut
1454 3142 1706 3215 pretium
1751 3159 1852 3213 pro
1885 3143 2021 3197 aedi-

370 3235 483 3290 bus
515 3233 821 3306 acciperet.
854 3238 999 3288 Tum
1032 3232 1150 3302 illa,
1185 3237 1493 3304 conspecto
1547 3232 1918 3303 imperatore,
1950 3233 2020 3285 ad

370 3324 549 3395 pedes
578 3324 705 3394 ejus
738 3322 1009 3395 procidit,
1042 3322 1296 3391 itemque
1328 3319 1613 3392 supplicis
1648 3336 1805 3375 more
1837 3320 2015 3374 dixit:

369 3412 600 3467 Edium
634 3411 886 3484 pretium
919 3410 1146 3466 nullum
1172 3411 1275 3465 abs
1298 3414 1353 3464 te
1378 3408 1659 3480 accipiam
1685 3425 1700 3463 :
1735 3424 1874 3480 rogo
1896 3413 2018 3463 tan-
2049 3449 2092 3516 Ο

368 3504 497 3556 tum
529 3506 593 3556 ut
622 3500 849 3571 templi,
882 3499 1037 3571 quod
1078 3502 1373 3554 exstruere
1419 3514 1589 3569 paras
1640 3514 1744 3569 ego
1786 3514 2017 3568 quoque

370 3590 429 3646 in
462 3590 553 3646 die
576 3590 787 3661 judicii
822 3590 1145 3646 mercedem
1176 3588 1485 3660 accipiam,
1512 3604 1577 3643 ac
1608 3592 1845 3658 propter
1875 3588 2025 3642 aedes

371 3695 534 3734 meas
565 3677 837 3751 sepeliar.
871 3677 1192 3746 Imperator
1221 3693 1352 3731 vero
1386 3675 1691 3730 mulierem
1724 3674 1844 3729 illic
1895 3679 2026 3746 post

371 3766 711 3823 absolutum
743 3765 1053 3821 aedilicium
1101 3764 1404 3837 sepultura
1427 3764 1755 3818 donandum
1791 3764 2021 3835 pollice—

375 3859 498 3924 tur,
529 3871 595 3909 ac
626 3855 753 3924 ejus
787 3853 1155 3919 memoriam,
1189 3856 1251 3907 ut
1282 3869 1408 3923 quas
1440 3852 1742 3922 proprium
1777 3852 2022 3908 fundum

373 3942 747 4011 concesserit,
782 3945 1063 4012 perpetuo
1084 3940 1629 3995 habendam.Locus
1653 3957 1783 3995 vero
1808 3941 2022 3996 aedium

372 4031 501 4101 ejus
532 4034 621 4086 est
650 4034 840 4085 totum
872 4028 1399 4101 scevophylacium.

2128 2165 2220 2218 τὸν
2251 2167 2652 2240 προειρημένον
2684 2168 2834 2236 ναὸν,
2883 2168 2975 2222 τὸν
3027 2168 3172 2242 παρὰ
3215 2172 3311 2222 τοῦ
3344 2167 3601 2242 Μεγάλου
3634 2171 3794 2225 Κων-

2131 2254 2410 2308 σταντίνου
2456 2255 2772 2324 κτισθέντα,
2845 2256 2903 2309 ἐκ
2952 2254 3218 2329 θεμελίων
3269 2257 3612 2331 κατέστρεψε.
3675 2261 3794 2327 Τῆν

2132 2338 2187 2395 δὲ
2241 2340 2377 2412 ὕλην
2437 2342 2601 2397 αὐτοῦ
2636 2340 2791 2405 ἰδίως
2862 2343 3105 2398 ἀπέθετο’
3151 2342 3279 2399 οὐδὲ
3326 2346 3428 2421 γὰρ
3460 2346 3649 2420 χρείαν
3683 2348 3792 2400 αῦ-

2128 2437 2228 2499 τῆς
2278 2430 2413 2505 εἶχε,
2449 2428 2537 2484 διὰ
2566 2431 2784 2501 πολλὴν
2837 2434 2923 2486 καὶ
2978 2430 3196 2508 ἄπειρον
3251 2432 3389 2504 ὕλην
3443 2434 3791 2508 ἧτοιμάσθαι

2130 2520 2364 2594 ’Ἠρξατο
2397 2517 2452 2573 δὲ
2485 2519 2735 2575 ὠνεῖσθαι
2770 2521 3042 2594 οἰκήματα
3085 2526 3194 2576 τῶν
3240 2521 3408 2577 ἐκεῖσε
3457 2522 3787 2577 οἶκούντων·

2129 2610 2219 2662 καὶ
2250 2613 2465 2682 πρῶτον
2504 2610 2596 2681 μὲν
2651 2611 2828 2684 χήρας
2884 2612 3027 2673 τινὸς
3074 2612 3329 2686 γυναικὸς
3363 2612 3613 2686 ὀνόματι.
3658 2614 3788 2669 Ἀν-

2130 2716 2246 2765 νης·
2299 2698 2708 2770 ἀπετιμήθησαν
2765 2700 3077 2775 νομίσματα
3126 2699 3316 2775 λίτρας
3372 2703 3472 2757 πί.
3537 2701 3786 2770 Έκείνης

2132 2783 2188 2839 δὲ
2236 2788 2309 2859 μὴ
2368 2787 2716 2861 βουλομένης
2772 2786 3119 2858 διαπωλῆσαι
3172 2794 3250 2860 τῷ
3297 2788 3533 2864 βασιλεῖ,
3569 2788 3785 2865 ἔλεγεν,

2132 2873 2215 2929 ὅτι
2272 2876 2453 2950 Μέχρι
2507 2876 2745 2950 χρυσίων
2807 2879 2848 2931 ν’
2894 2880 3215 2953 κεντηνάρια
3266 2877 3351 2932 ἐάν
3414 2900 3504 2951 μοι
3569 2876 3773 2952 δώσῃς,

2133 2962 2192 3017 οὐ
2253 2961 2412 3017 δώσω
2469 2969 2655 3022 ταῦτα.
2717 2965 2821 3021 Καὶ
2880 2968 2906 3021 6
2961 2965 3215 3042 βασιλεὺς
3271 2972 3377 3020 τῶν
3443 2970 3785 3043 μεγιστάνων

2134 3053 2295 3106 αὐτοῦ
2356 3050 2603 3114 πολλοὺς
2632 3054 2958 3118 ἀποστείλας
3008 3055 3083 3115 εἱς
3134 3056 3331 3109 ἱκεσίαν
3380 3062 3479 3123 τῆς
3528 3058 3787 3131 γυναικὸς

2133 3138 2286 3194 οὐδὲν
2344 3138 2494 3209 ἤνυε.
2568 3144 3012 3217 Παραγενόμενος
3071 3144 3247 3197 τοίνυν
3307 3145 3335 3198 6
3395 3143 3651 3219 βασιλεὺς
3703 3146 3784 3207 εἰς

2132 3230 2334 3284 ἱκεσίαν
2390 3236 2488 3299 τῆς
2544 3233 2818 3306 γυναικὸς,
2879 3229 3054 3287 ἐδέετο
3114 3233 3280 3301 αὐτῆς
3337 3234 3596 3307 περὶτῶν
3632 3234 3786 3305 οἰκη-

2137 3316 2341 3391 μάτων.
2413 3319 2476 3375 ἹΙ
2550 3316 2605 3372 δὲ
2655 3322 2958 3392 θεασαμένη
3026 3321 3117 3375 τὸν
3179 3320 3425 3395 βασιλέα,
3479 3323 3785 3394 προσέπεσε

2131 3412 2249 3467 τοῖς
2306 3406 2463 3460 ποσὶν
2516 3406 2702 3478 αὐτοῦ,
2756 3405 2981 3483 δεομένη
3036 3409 3125 3463 καὶ
3154 3408 3404 3484 λέγουσα,
3457 3409 3541 3463 ὅυι
3602 3413 3780 3482 Τιμήν

2137 3496 2228 3568 μὶν
2286 3494 2384 3549 οὐκ
2432 3494 2635 3572 ὀφείλω
2668 3491 2854 3551 λαϐεῖν
2914 3497 2990 3559 εἷς
3020 3498 3085 3552 τὰ
3116 3498 3409 3570 οἰκήματα·
3443 3498 3534 3552 τὸν
3572 3497 3629 3552 δὲ
3654 3500 3780 3552 ναὸν

2135 3584 2191 3638 ὃν
2246 3582 2431 3658 βούλει
2481 3583 2682 3652 κτίσαι,
2715 3586 2971 3659 αἰτοῦμαί
3006 3608 3062 3641 σε
3086 3584 3177 3640 ’ίνα
3225 3581 3339 3661 ἔχω
3368 3588 3517 3662 κάγὼ
3552 3586 3603 3640 έν
3637 3588 3779 3657 ἡμέι

2136 3692 2202 3748 ρᾳ
2254 3672 2483 3747 κρίσεως
2516 3675 2730 3745 μισθὸν,
2781 3675 2866 3728 καὶ
2909 3675 3061 3751 ταφῶ
3110 3674 3186 3735 εἷς
3234 3675 3301 3729 τὰ
3331 3675 3614 3748 οἷκγςματά
3675 3698 3781 3749 μου

2133 3758 2391 3829 πλησίον.
2447 3763 2505 3818 Ὀ
2565 3759 2621 3815 δὶ
2678 3760 2933 3835 βασιλεὺς
2988 3764 3253 3837 ὑπέσχετο
3314 3764 3482 3831 αὐτὴν
3541 3773 3778 3843 ταφῆναι

2135 3848 2341 3921 ἐκεῖσε,
2403 3850 2535 3923 μετὰ
2593 3850 2654 3905 τὸ
2711 3852 3068 3922 τελειωθῆναι
3125 3854 3215 3907 τὸν
3275 3853 3443 3921 ναὸν,
3504 3854 3579 3915 ὡς
3641 3852 3780 3909 ἴδιον

2131 3947 2316 4012 κτῆμα
2363 3937 2579 4009 δοῦσαν,
2611 3942 2699 3995 καὶ
2736 3941 3168 4015 μνημονεύεσθαι
3200 3940 3484 4013 διηνεκῶς.
3537 3946 3691 4001 Ἐστι
3726 3944 3783 4000 δὲ

2133 4029 2160 4082 ὁ
2189 4028 2357 4091 τόπος
2386 4033 2492 4082 τῶν
2529 4028 2846 4102 οἰκημάτων
2877 4030 3043 4100 αὐτῆς
3073 4033 3135 4085 τὸ
3163 4030 3589 4108 σκευοφυλάκιον
3625 4034 3781 4089 ὅλον.

372 4189 484 4257 Quo
533 4186 650 4265 loco
694 4184 937 4265 primurn
988 4188 1105 4237 erat
1129 4181 1346 4265 idomas
1389 4180 1647 4265 Antnioelti
1702 4182 1941 4265 eunuchi
2005 4189 2058 4237 et
2114 4184 2351 4265 ostiarii,
2398 4200 2549 4239 sacer
2587 4185 3036 4265 ριιιειιδηὺρηια,
3088 4191 3249 4258 atque
3287 4185 3446 4239 ambo
3500 4202 3671 4256 usque
3717 4186 3788 4239 ad

438 4253 705 4313 medium
742 4255 936 4326 templi
989 4257 1405 4309 construuntur.
1468 4253 1685 4323 Quibus
1742 4253 1957 4308 artibus
2016 4256 2234 4323 cogitur
2285 4253 2917 4327 prw/atus'Antiochus
2972 4259 3043 4312 ad
3118 4253 3489 4313 vindz‘tionem
3536 4253 3787 4329 praprz}?

439 4330 653 4385 domus.

437 4460 610 4510 Sacer
638 4459 834 4510 autem
867 4456 1102 4525 puteus,
1128 4455 1193 4507 ut
1215 4453 1739 4521 vocant,totusque
1771 4449 2022 4505 bematis

367 4546 546 4613 atque
590 4541 861 4597 ambonis
911 4541 1076 4595 locus
1126 4555 1315 4611 usque
1363 4540 1431 4594 ad
1486 4538 1744 4593 medium
1794 4537 2019 4609 templi,

366 4632 579 4687 domus
608 4635 732 4685 erat
762 4629 1032 4685 Antiochi
1066 4628 1321 4684 eunuchi
1353 4633 1412 4683 et
1461 4627 1681 4682 ostiarii
1719 4644 1731 4681 :
1762 4627 2017 4681 aestima-

366 4723 544 4791 taque
578 4717 686 4773 fuit
718 4717 959 4790 triginta
988 4722 1044 4772 et
1074 4722 1200 4773 octo
1250 4716 1439 4771 libris.
1474 4716 1575 4771 Illo
1625 4720 1820 4770 autem
1870 4731 2020 4787 aegre

367 4808 585 4863 ferente
618 4823 731 4862 non
756 4808 922 4877 justo
955 4807 1138 4877 pretio
1171 4806 1405 4860 divendi
1427 4804 2019 4875 domum,imperator

2201 4451 2269 4504 Τὸ
2312 4448 2369 4505 δέ
2423 4450 2824 4524 ὀνομαζόμενον
2868 4454 3055 4529 ’Ἃγιον
3106 4454 3309 4527 Φρέαρ,
3359 4451 3543 4506 καὶτὸ
3596 4465 3781 4517 θυσια-

2132 4541 2355 4613 στήριον
2403 4538 2563 4608 ὅλον,
2609 4542 2697 4595 καὶ
2755 4542 2782 4595 ὁ
2833 4540 3002 4603 τόπος
3050 4545 3147 4596 τοῦ
3193 4536 3471 4613 ἅμϐωνος,
3537 4543 3630 4596 καὶ
3679 4542 3781 4603 ἓως

2127 4634 2225 4696 τῆς
2274 4626 2440 4699 μέσης
2487 4633 2583 4683 τοῦ
2631 4633 2783 4695 ναοῦ,
2836 4629 3082 4705 ὑπῆρχεν
3135 4630 3304 4691 οἶκος.
3360 4630 3660 4704 Ἀντιόχου
3693 4631 3779 4685 εὑ-

2131 4716 2337 4791 νούχου
2395 4717 2485 4771 καὶ
2542 4718 2843 4793 ὀστιαρίου·
2902 4719 2989 4772 καὶ
3051 4719 3366 4789 ἀπετιμήθη
3418 4717 3619 4792 λίτρας
3671 4719 3776 4789 λη’.

2126 4810 2229 4859 Τοῦ
2290 4803 2345 4859 δὲ
2402 4803 2848 4880 δυσχεραίνοντος
2903 4810 2998 4861 τοῦ
3059 4808 3134 4878 μὴ
3195 4807 3393 4880 πράσαι
3464 4807 3634 4876 ἀξίως
3691 4809 3777 4861 τὸν

365 4897 518 4969 διουί
550 4912 757 4953 amans
780 4900 837 4951 et
866 4897 938 4950 ab
967 4895 1187 4965 injuria
1218 4894 1520 4949 inferenda
1550 4893 1800 4958 alienus,
1834 4894 2018 4948 incer-

2133 4891 2262 4947 ἴδιον
2323 4895 2469 4948 οἶκον
2513 4899 2591 4966 τῷ
2649 4896 2887 4969 βασιλεῖ,
2919 4893 3267 4971 φιλοδίκαιος
3324 4892 3396 4948 ὢν
3430 4897 3456 4950 6
3493 4895 3775 4969 βασιλεὺς,

363 4991 464 5042 tus
495 4985 723 5041 consilii
755 4985 895 5056 quid
931 4984 1191 5039 facturus
1234 4987 1388 5039 esset
1411 4984 1716 5053 ignorabat
1748 5000 1760 5037 :
1790 4984 2004 5038 Strate-

365 5076 502 5147 gius
530 5091 668 5130 vero
703 5073 1006 5145 magister,
1050 5071 1410 5142 imperatorii
1461 5071 1649 5127 aerarii
1704 5071 2015 5141 praefectus

363 5164 671 5236 ipsiusque
716 5161 1093 5233 imperatoris
1145 5161 1324 5217 frater
1375 5159 1727 5232 spiritualis,
1784 5176 1900 5214 rem
1951 5175 2013 5215 se

361 5258 484 5309 arte
571 5253 770 5325 aliqua
854 5251 1193 5306 effecturum
1267 5250 1605 5321 imperatori
1682 5248 2007 5320 pollicetur.

361 5341 651 5397 Ostiarius
709 5342 835 5411 jam
903 5346 1265 5395 memoratus
1344 5338 1666 5393 Antiochus
1733 5337 2009 5393 ludorum

360 5430 715 5486 circensium
750 5428 1199 5484 amantissimus
1229 5431 1534 5483 erat.Cum
1571 5428 1768 5499 itaque
1791 5428 2007 5482 circen-

358 5536 454 5576 ses
486 5519 609 5575 ludi
634 5516 1324 5588 imminerent,magister
1345 5516 1672 5586 Strategius
1704 5515 2009 5571 ostiarium

358 5607 624 5665 detrudit
651 5606 711 5662 in
739 5622 1050 5662 carcerem.
1085 5605 1217 5678 Ipso
1268 5607 1465 5661 autem
1496 5604 1771 5660 ludorum
1802 5602 2007 5659 dieille

2124 4983 2211 5035 καὶ
2246 4983 2321 5053 μὴ
2376 4981 2548 5036 θέλων
2596 4984 2757 5038 αὐτὸν
2808 4982 3087 5054 ἀδικῆσαι,
3131 4984 3332 5055 ἠθύμει
3394 4981 3694 5056 ἀδημονῶν
3725 4985 3773 5039 τί

2123 5070 2362 5140 πράξοι.
2443 5074 2783 5145 Στρατήγιος
2862 5074 3157 5147 μάγιστρος
3216 5070 3292 5125 ὢν
3340 5075 3434 5126 τοῦ
3500 5072 3773 5146 βασιλέως

2121 5155 2580 5235 ἀδελφοποιητὸς,
2613 5160 2699 5213 καὶ
2732 5159 2904 5237 φύλαξ
2951 5161 3055 5230 ξῶν
3098 5160 3397 5236 βασιλικῶν
3434 5160 3769 5235 χρημάτων,

2126 5248 2440 5321 ὑπισχνεῖτο
2471 5252 2547 5319 τῷ
2582 5248 2798 5322 βασιλεῖ
2843 5254 2940 5303 τοῦ
2973 5247 3249 5319 διοικῆσαι
3293 5253 3452 5303 τοῦτο
3488 5246 3580 5303 διά
3630 5271 3772 5311 τινος

2123 5343 2400 5409 μηχανῆς.
2451 5337 2513 5392 Ὀ
2565 5334 2622 5391 δὲ
2671 5336 2855 5411 ῥηθεὶς
2885 5338 3172 5413 Ἀντίοχος
3225 5339 3521 5411 ὀπιάριος,
3576 5336 3770 5414 φιλιπο

2117 5422 2400 5500 πόδρομος
2433 5424 2529 5496 ὢν,
2581 5426 2810 5481 ἱππικοῦ
2860 5425 3153 5501 ἀγαμένου,
3188 5427 3217 5481 ὁ
3252 5429 3548 5501 μάγιστρος
3597 5433 3768 5501 Στρα-

2114 5514 2304 5584 τήγιος
2354 5516 2626 5587 καθεῖρξεν
2656 5513 2815 5568 αὐτὸν
2876 5514 2929 5569 ἰν
2986 5519 3054 5587 τῇ
3099 5520 3332 5591 φρουρᾷ.
3361 5516 3443 5587 Τῇ
3471 5511 3531 5568 δὲ
3586 5513 3766 5589 ἡμέρᾳ

2113 5605 2210 5655 τοῦ
2239 5602 2468 5656 ἱππικοῦ
2516 5600 2719 5677 ἤρξατο
2751 5604 2879 5677 βοᾷν
2931 5602 2989 5659 ἐκ
3031 5604 3129 5674 τῆς
3173 5603 3414 5679 εῗρκτῆς.
3470 5602 3757 5675 Θιάσωμαι
