4084 6218
318 327 471 388 1293

1445 325 1806 391 ΑΝΟΝΥΜΙ
1851 327 2432 401 ANTIQUI'I‘ATES
2478 337 2596 396 ΟΡ.

3574 351 3728 411 1294

310 460 374 514 τὸ
465 457 885 534 Ἰπποδρόμιον,
962 460 1049 514 καὶ
1116 459 1182 515 τὸ
1273 458 1490 532 θελημά
1539 464 1636 515 τοῦ
1697 459 1958 535 βασιλέως

2079 464 2354 535 ejulando
2421 469 2671 528 clamare
2738 476 2912 546 coepit
2979 493 3047 532 ex
3096 495 3349 552 carcere,
3411 482 3720 540 Circenses

310 551 550 619 ποιήσω.
583 551 825 623 ’Ἠγαγον
888 546 945 603 δὲ
976 549 1135 604 αὐτὸν
1166 549 1216 603 ἐν
1261 554 1340 620 τῷ
1393 549 1621 623 στάματι
1678 554 1775 604 τοῦ
1824 561 1958 613 καο-

316 637 556 710 ἰσματος,
612 637 663 692 ἐν
725 637 769 709 ᾦ
819 637 1099 707 ἐκαθέζετο
1149 639 1176 692 ὁ
1229 637 1483 712 βασιλεὺς
1541 637 1594 693 ἐν
1659 644 1740 712 τῷ
1771 644 1956 694 Ἱππο-

312 725 548 802 δρομίῳ,
608 728 698 781 καὶ
755 726 926 782 ἐκεῖσε
953 725 1176 798 ἐποίησε
1222 729 1322 797 τήν
1376 725 1681 801 διάπρασιν,
1718 729 1958 804 ὑπογρά-

309 819 508 890 ψαντος
568 814 739 870 ὶκεῖσε
792 820 889 871 τοῦ
956 816 1302 891 κοιαίστορος
1355 816 1444 872 καί
1503 825 1603 887 τῆς
1650 817 1960 894 συγκλήτου

312 905 510 976 πάσης,
562 907 668 980 πρὸ
732 909 829 960 τοῦ
887 906 1013 967 τοὺς
1058 904 1262 968 ’ίππους
1318 909 1610 981 γυμνάσαι.
1665 909 1846 969 Τόπος
1904 907 1960 962 δὲ

309 999 372 1064 ἦν
434 994 494 1048 ἐκ
555 992 812 1062 παλαιοῦ,
872 995 1038 1063 ἡνίκα
1096 996 1370 1070 ἀνήρχετο
1428 997 1456 1049 ὁ
1513 996 1764 1071 βασιλεὺς
1798 997 1848 1050 ὲν
1878 1001 1958 1068 τῷ

306 1083 618 1156 καθίσματι,
665 1083 933 1158 παρευθὺς
983 1082 1206 1159 ἔτρεχον
1263 1085 1314 1138 οἱ
1345 1086 1726 1159 ἡνιοχευτικοὶ
1770 1083 1956 1140 ’ίπποιο

308 1171 393 1228 διὸ
435 1171 492 1228 δὶ
516 1171 764 1248 ἤργησαν
825 1173 902 1234 εἷς
956 1174 1056 1242 τήν
1117 1178 1313 1245 πρᾶσιν
1370 1178 1481 1228 τῶν
1513 1174 1830 1247 οἰκημάτων
1863 1179 1959 1230 τοῦ

307 1261 598 1337 εὐνούχου,
655 1265 831 1338 ἀργῶς
863 1260 1177 1336 ἐξέρχονται
1214 1263 1282 1316 τὰ
1333 1263 1694 1338 ἡνιοχευτικᾶι
1746 1261 1960 1339 ἅρματα

303 1356 415 1408 τῶν
439 1349 626 1406 ’ἰππων
637 1396 650 1409 .

2071 558 2349 625 spectem,
2385 562 2440 614 et
2470 577 2573 631 pro
2603 561 2977 634 imperatoris
3007 566 3192 623 lubito
3223 569 3454 626 faciam.
3492 576 3714 630 Ductus

2070 642 2266 713 itaque
2295 647 2365 701 ad
2395 648 2656 705 tribunal
2689 653 3069 724 Hippodromi
3103 673 3218 728 quo
3245 659 3367 714 loco
3397 660 3716 732 imperator

2069 732 2479 798 sedebat,suas
2510 737 2629 794 illic
2661 742 2812 796 ades
2839 743 3708 810 divendidit,subscribentibus

2070 827 2356 890 quaestore
2387 841 2452 880 ac
2484 834 2689 883 senatu
2727 832 3019 888 universo.
3055 835 3232 906 quue
3266 838 3483 893 factum
3519 839 3709 910 prius-

2071 926 2244 980 quam
2280 914 2414 985 equi
2448 916 2827 987 agitarentur.
2876 921 2939 975 In
2991 939 3150 978 more
3183 929 3376 980 autem
3409 927 3520 982 fuit
3550 928 3712 993 olim,

2073 1004 2135 1054 ut
2166 1002 2363 1057 statim
2395 1008 2568 1075 atque
2599 1006 2920 1079 imperator
2949 1012 3020 1066 ad
3064 1013 3320 1068 tribunal
3352 1017 3712 1084 ascenderat,

2071 1090 2283 1161 auriga
2333 1107 2617 1163 equorum
2681 1113 2921 1153 cursum
2987 1101 3329 1172 inciperent.
3394 1104 3540 1167 Quia
3587 1123 3719 1162 vero

2072 1182 2219 1247 tum,
2253 1184 2318 1235 ut
2368 1182 2626 1238 eunuchi
2677 1186 2828 1242 sedes
2874 1189 3372 1260 venundarentur,
3421 1197 3718 1249 cessatum

2071 1272 2180 1335 est,
2211 1268 2350 1324 hinc
2381 1275 2745 1329 consuetudo
2795 1275 3052 1331 obtinuit
3076 1281 3140 1332 ut
3187 1279 3244 1332 in
3290 1279 3447 1335 ludis
3495 1281 3719 1337 circen-

2072 1355 2258 1424 sibus,
2292 1361 2544 1430 egressis
2575 1363 2767 1433 equis,
2799 1379 3007 1420 currus
3039 1365 3344 1438 paululum
3377 1385 3550 1426 morae
3571 1371 3721 1427 face-

2074 1450 2223 1500 rent.

307 1575 447 1648 Pars
476 1571 706 1648 (tegetem
734 1570 1155 1648 gynaeconitidis
1185 1586 1359 1642 usque
1385 1569 1454 1624 ad
1482 1571 1797 1625 columnam
1928 1570 2146 1648 Basilii,
2201 1587 2412 1648 necnon
2452 1590 2580 1644 pars
2631 1575 2831 1647 templi
2878 1579 3152 1648 quaedam,
3202 1580 3392 1636 domus
3419 1588 3536 1638 erat
3569 1584 3715 1642 Cha-

377 1645 578 1700 ritonis
620 1646 859 1698 eunuchi
903 1643 1178 1698 :sinistra
1225 1658 1353 1720 verp
1400 1655 1749 1720 primusque
1795 1647 1865 1696 ad
1906 1644 2220 1720 columnam
2267 1642 2341 1720 8..Δ
2376 1642 2642 1720 Gregorii
2674 1642 3085 1720 Thaumaturgz',
3135 1642 3333 1706 domus
3379 1663 3498 1709 erat
3545 1658 3716 1711 Xeno-

376 1716 596 1788 phontis
640 1716 930 1788 cujusdam
972 1717 1095 1769 arte
1141 1716 1346 1769 sutoris
1398 1729 1411 1769 :

1464 1715 1562 1798 qui
1611 1715 1916 1798 in/erorum
1967 1716 2229 1796 princeps
2283 1713 2566 1798 dicebatur
2611 1718 2740 1773 dum
2783 1721 2852 1798 ab
2880 1713 3093 1798 aurigis
3121 1723 3449 1798 ador-aretur
3477 1728 3557 1798 in,
3584 1729 3720 1798 Hip-

377 1785 657 1858 podromo.
692 1785 896 1858 Templi
923 1803 1080 1854 arca,
1111 1790 1354 1856 quatuor
1381 1787 1683 1856 nartheces,
1712 1785 2100 1857 baptisterium
2131 1801 2194 1840 ac
2225 1786 2436 1855 reliqua
2484 1790 2874 1861 circumposita
2903 1785 3043 1848 ade}
3090 1803 3252 1849 erant
3299 1797 3560 1852 Damiani
3603 1785 3713 1870 pa-

378 1861 527 1916 tricii
545 1859 832 1916 Seleuciae.

379 1974 457 2030 Τὸ
515 1972 572 2028 δὶ
629 1971 798 2044 δεξιὸν
829 1973 994 2048 μέρος
1019 1971 1149 2027 ὅλον
1180 1976 1276 2026 τοῦ
1297 1971 1688 2046 γυναικωνίτου
1716 1969 1820 2034 ἕως
1847 1971 1946 2025 τοῦ

2130 1971 2370 2029 Dextera
2400 1991 2536 2046 pars
2567 1977 3007 2047 gynaconitidis
3033 1983 3154 2035 tota
3185 1997 3374 2053 usque
3399 1984 3467 2037 ad
3496 1983 3718 2039 colum-

299 2063 489 2124 κίονος
531 2060 628 2117 τοῦ
687 2061 840 2137 ἁγίου
890 2059 1202 2128 Βασιλείου,
1257 2061 1345 2116 καὶ
1379 2061 1438 2115 ἇκ
1464 2065 1562 2115 τοῦ
1611 2065 1741 2115 ναοῦ
1795 2061 1957 2134 μέρος

305 2173 385 2221 τι,
439 2152 689 2226 ὑπῆρχον
741 2149 1016 2224 οἰκήματα
1068 2149 1372 2219 Χαρίτωνος
1416 2147 1680 2224 εὐνούχου
1709 2154 1806 2202 τοῦ
1838 2149 1956 2202 ἐπί-

300 2240 444 2310 κλην
507 2238 886 2309 Χηνοπώλου,
941 2238 975 2293 ἃ
1017 2240 1106 2293 καὶ
1164 2238 1509 2309 ἐξωνήθησαν
1574 2240 1688 2311 μετ’
1734 2239 1954 2314 εὔχαρι-

299 2329 473 2392 στίας.
545 2329 621 2386 Τὸ
694 2326 751 2384 δὲ
829 2329 1108 2405 ἀριστερὸν
1183 2329 1348 2404 μέρος
1402 2331 1500 2382 τοῦ
1560 2328 1954 2401 γυναικωνίτου

294 2416 406 2480 ἕως
480 2423 576 2474 τοῦ
629 2417 812 2480 κίονος
868 2422 966 2474 τοῦ
1023 2416 1176 2494 ἁγίου
1237 2416 1544 2493 Γρηγορίου
1592 2421 1688 2471 τοῦ
1745 2423 1958 2487 Θαυμα-

297 2512 557 2584 τουργοῦ,
629 2509 884 2582 ὑπῆρχον
943 2506 1219 2580 οἰκήματα
1275 2506 1634 2581 Ξενοφῶντός
1688 2525 1833 2568 τινος
1885 2510 1953 2579 τῇ

295 2601 472 2673 τέχνῃ
551 2595 1006 2674 βασιλισκαρίου·
1089 2596 1148 2658 ὃς
1222 2595 1395 2652 θέλων
1467 2594 1834 2666 ἕξωνήσασθαι
1889 2597 1955 2650 τὰ

303 2687 583 2760 οἷ’κήματα
637 2687 837 2755 αὐτοῦ,
888 2685 1132 2760 ᾐτήσατο
1185 2687 1274 2740 τὸν
1339 2683 1586 2760 βασιλέα,
1649 2687 1724 2756 μή
1786 2684 1951 2758 μόνον

297 2776 523 2850 τίμημα
593 2773 818 2830 διπλοῦν
894 2769 1081 2829 λαϐεῖν
1161 2773 1236 2836 εἰς
1308 2774 1403 2834 τὰς
1480 2773 1682 2843 σκηνὰς
1766 2772 1950 2827 αὐτοῦ’

300 2864 435 2921 ἀλλ’
485 2862 576 2919 ’ίνα
630 2866 836 2937 ποιήσῃ
890 2867 1079 2918 τοῦτον
1138 2860 1190 2916 ἐν
1239 2866 1320 2934 τῷ
1350 2861 1606 2936 ἀγομένῳ
1637 2861 1866 2933 ίππικῳ,
1900 2861 1952 2916 ἐν

300 2958 344 3027 ᾖ
406 2953 778 3019 ἐπιτελεῖται,
854 2953 1112 3024 τιμᾶσθαι
1184 2949 1275 3005 καὶ
1340 2956 1751 3024 προσκυνεῖσθαι
1809 2950 1955 3023 παρὰ

300 3048 418 3099 τῶν
473 3043 748 3118 τεσσάρων
808 3041 1078 3116 ἡνιόχων.
1137 3044 1241 3094 Τοῦ
1300 3036 1357 3093 δὲ
1419 3037 1684 3114 βασιλέως
1715 3038 1954 3113 προστά-

300 3138 464 3207 ξαντο
519 3136 701 3196 τοῦτο,
749 3131 883 3206 πρὸς
930 3130 1145 3204 γέλωτα
1202 3127 1496 3198 πεποίηκεν
1555 3127 1633 3190 εἷς
1679 3129 1742 3183 τὸ
1773 3125 1952 3198 διηνε-

299 3224 419 3292 κὲς,
473 3219 562 3275 ’ίνα
617 3221 842 3290 τυπωθῇ
902 3218 979 3280 εἷς
1035 3219 1127 3272 τὸν
1188 3216 1267 3271 ἀεὶ
1302 3217 1526 3291 χρόνον,
1588 3215 1738 3290 ἐντῇ
1773 3215 1954 3292 ἡμέρᾳ

297 3315 402 3365 τοῦ
472 3309 740 3384 ἀγομένου
810 3308 1038 3362 ⁴ἱππικοῦ
1114 3304 1427 3373 καθέζεσθαι
1478 3308 1670 3358 τοῦτον
1727 3303 1778 3359 ἐν
1837 3309 1954 3366 τοῖς
1985 3340 2027 3406 C

301 3397 637 3474 καγκέλλοις
699 3398 892 3469 μέσον,
949 3396 1038 3450 καὶ
1096 3394 1164 3450 τά
1221 3394 1443 3458 ὀπίσθια
1492 3393 1657 3447 αὐτοῦ
1712 3414 1950 3468 προσκυ-

303 3489 510 3542 νεῖσθαι
563 3487 708 3560 παρᾶ
764 3488 872 3540 τῶν
927 3484 1174 3559 ἡνιόχων
1235 3483 1372 3559 πρὸς
1417 3481 1652 3556 γέλωτα,
1711 3484 1817 3555 πρὸ
1856 3485 1952 3536 τοῦ

308 3571 571 3645 ἀναϐῆναι
649 3573 845 3635 αὐτοὺς
921 3573 1009 3628 ἐπὶ
1084 3576 1192 3627 τῶν
1270 3573 1550 3647 ἁρμάτων.
1631 3571 1733 3626 Καὶ
1792 3575 1952 3625 τοῦτο

309 3664 560 3740 διήρκεσε
594 3666 761 3738 μέχρι
789 3669 888 3732 τῆς
921 3664 985 3732 σή
998 3681 1183 3737 μερον.
1216 3663 1314 3723 "Oc
1343 3658 1589 3715 καλεῖται
1630 3659 1816 3735 ἅρχων
1847 3663 1953 3714 τῶν

306 3753 707 3830 καταχθονίωυ·
762 3751 1114 3829 ἀμφιέννυται
1166 3748 1223 3805 δὲ
1272 3748 1535 3825 χλαμύδα
1568 3749 1768 3818 λευκὴν
1821 3751 1955 3822 μετὰ

313 3842 514 3920 βύσσου
543 3842 948 3920 ἠμφιεσμένην.
980 3841 1050 3895 Τὸ
1083 3837 1140 3895 δὲ
1169 3836 1422 3894 ἰπίπεδον
1450 3842 1546 3892 τοῦ
1589 3843 1714 3892 ναοῦ
1760 3838 1849 3892 καὶ
1901 3839 1952 3892 οἱ

305 3934 561 4007 τέσσαρες
583 3932 870 4003 νάρθηκας,
903 3930 992 3984 καὶ
1039 3931 1066 3984 ὁ
1098 3929 1327 4003 λουτὴρ,
1359 3927 1448 3983 καὶ
1473 3928 1540 3982 τὰ
1570 3927 1722 4001 περῖξ
1753 3926 1951 3994 αὐτῶν,

2069 2079 2205 2117 nam
2238 2063 2426 2118 sancti
2455 2063 2677 2133 Basilii,
2709 2083 2934 2122 necnon
2987 2085 3124 2139 pars
3174 2070 3376 2140 templi
3423 2073 3715 2143 quadam,

2066 2153 2218 2207 aedes
2250 2159 2415 2207 erant
2438 2154 2770 2210 Charitonis
2799 2157 3080 2223 eunuchi,
3129 2161 3475 2231 cognomine
3498 2162 3716 2219 Cheno-

2067 2240 2204 2311 poli,
2239 2257 2366 2312 qua
2398 2243 2551 2299 bona
2581 2259 2714 2299 cum
2759 2246 2948 2315 gratia
2995 2248 3239 2303 vendita:
3274 2255 3433 2305 sunt.
3467 2249 3718 2308 Sinistra

2063 2344 2198 2384 vero
2221 2345 2356 2400 pars
2379 2332 2844 2402 gyneconitidis,
2864 2351 3050 2406 usque
3072 2337 3142 2390 ad
3167 2337 3504 2394 columnam
3528 2341 3714 2396 sancti

2065 2417 2323 2489 Gregorii
2375 2419 2822 2492 Thaumaturgi,
2877 2424 3031 2479 mdes
3093 2432 3259 2480 erant
3307 2426 3713 2500 Xenophontis

2064 2506 2371 2575 cujusdam
2406 2512 2529 2562 arte
2561 2510 2796 2565 sutoris.
2833 2512 2886 2566 Is
2917 2528 3046 2567 cum
3079 2515 3230 2570 aades
3251 2531 3464 2571 venum
3492 2523 3714 2587 prosta-

2062 2599 2210 2663 rent,
2247 2595 2319 2649 ab
2350 2596 2703 2668 imperatore
2734 2616 2846 2654 non
2881 2601 3095 2672 duplex
3129 2604 3303 2658 modo
3334 2605 3583 2675 pretium
3609 2623 3711 2678 pro

2061 2682 2160 2737 vili
2193 2699 2328 2739 casa
2375 2685 2712 2756 postulavit,
2746 2688 2844 2742 sed
2897 2689 3075 2744 etiam
3123 2691 3346 2763 rogavit
3375 2697 3440 2747 ut
3469 2693 3565 2748 die
3595 2695 3707 2749 cir-

2063 2771 2326 2826 censium
2360 2778 2609 2843 quatuor
2647 2775 2966 2831 factionum
3018 2779 3231 2850 auriga;
3265 2796 3326 2835 se
3357 2781 3714 2838 honorarent

2062 2864 2118 2915 et
2149 2867 2583 2918 venerarentur.
2616 2864 2775 2926 Quod
2810 2882 2943 2920 cum
2977 2865 3295 2937 imperator
3344 2870 3608 2940 praestari
3639 2872 3712 2926 ad

2063 2950 2248 3004 risum
2301 2953 2693 3020 spectantium
2737 2954 3035 3023 jussisset,
3085 2957 3339 3011 decrevit
3405 2959 3580 3013 etiam
3652 2963 3715 3013 ut

2063 3038 2121 3092 in
2171 3045 2520 3109 perpetuum
2566 3040 2929 3096 circensibus
2981 3043 3136 3098 ludis
3199 3044 3248 3099 is
3293 3044 3351 3099 in
3430 3047 3714 3102 cancellis

2064 3127 2292 3181 medius
2326 3128 2572 3198 sederet,
2606 3129 2852 3200 ejusque
2882 3135 3045 3201 terga
3066 3133 3138 3186 ab
3155 3132 3374 3203 aurigis
3392 3139 3708 3206 antequam

2063 3233 2271 3270 currus
2303 3218 2760 3273 conscenderent
2790 3220 2858 3272 ad
2897 3219 3081 3274 risum
3134 3225 3190 3274 et
3222 3222 3543 3276 ludibrium
3572 3225 3710 3279 ado-

2063 3309 2369 3360 rerentur:
2404 3307 2560 3377 quod
2611 3307 2681 3361 ad
2733 3306 2892 3362 hunc
2936 3324 3123 3379 usque
3173 3309 3327 3364 diem
3379 3311 3708 3366 factitatum

2063 3398 2172 3448 est.
2206 3392 2306 3449 Ille
2337 3411 2470 3449 vero
2501 3399 2738 3450 vocatur
2765 3396 3088 3463 inferorum
3123 3398 3414 3470 princeps.
3440 3399 3712 3454 Induitur

2063 3487 2256 3538 autem
2313 3483 2618 3554 chlamyde
2670 3485 2921 3539 candida
2970 3485 3145 3556 bysso
3194 3485 3432 3543 intexta.
3485 3487 3708 3559 Templi

2066 3589 2197 3627 vero
2246 3589 2400 3640 area,
2451 3577 2510 3626 et
2549 3578 2799 3642 quatuor
2842 3574 3144 3629 nartheces
3193 3590 3295 3630 seu
3346 3576 3606 3646 porticus
3640 3593 3706 3632 ac

2063 3661 2477 3733 baptisterium
2533 3666 2591 3716 et
2655 3679 2781 3733 quae
2847 3663 3266 3734 circumposita
3328 3670 3487 3732 sunt,
3558 3666 3710 3721 ades

2063 3755 2230 3805 erant
2261 3750 2528 3805 Damiani
2570 3750 2799 3821 patricii
2849 3750 3146 3822 Seleuciae,
3199 3768 3347 3822 quas
3392 3753 3711 3825 nonaginta

2064 3839 2230 3896 libris
2278 3840 2597 3895 aestimatas
2661 3841 2884 3912 ingenti
2936 3841 3150 3911 gaudio
3207 3841 3544 3913 imperatori
3593 3847 3714 3898 tra-

2067 3928 2234 3984 didit.

311 4022 564 4096 ὑπῆρχον
597 4020 871 4093 οἰκήματα
902 4023 1179 4091 Δαμιανοῦ
1208 4016 1494 4093 πατρικίου
1527 4014 1839 4077 Σελευκίας·
1873 4017 2007 4092 ἅπερ
2042 4015 2353 4088 ἀπετιμήθη
2389 4013 2576 4088 λίτρας
2603 4015 2670 4093 '1',
2704 4017 2794 4070 καὶ
2830 4017 2964 4089 μετὰ
3005 4014 3227 4087 πολλῆς
3273 4016 3598 4094 περιχαρίας
3639 4015 3716 4072 δὲ-

310 4105 453 4162 δωκε
480 4112 646 4162 ταῦτα
673 4107 753 4178 τῷ
785 4103 1018 4181 βασιλεῖ.

309 4253 488 4310 Trulli
515 4251 894 4322 fundamenta
922 4267 1092 4320 supra
1147 4258 1359 4330 petram
1391 4248 1760 4330 Stephaneam
1782 4245 2431 4330 jaciunlupfulgclzius
2459 4246 2777 4316 patriarcha
2807 4263 2906 4316 pro
2961 4247 3206 4330 ecclesiae
3233 4250 3509 4301 structura
3537 4263 3724 4330 preces

377 4317 587 4395 fundit.
620 4325 942 4401 Oratorium
969 4317 1266 4377 rotundum
1293 4336 1463 4401 prape
1491 4320 1843 4401 horologium
1871 4320 2073 4401 Joanm’
2102 4320 2364 4401 Baptista?
2389 4333 2630 4401 sacrum,
2661 4333 2897 4401 necnon
2915 4321 3158 4387 porticus
3204 4335 3241 4370 (ι
3285 4333 3484 4401 magno
3513 4317 3723 4401 palatio

383 4388 454 4450 ad
483 4396 654 4451 aedem
702 4394 1039 4464 Saphianam
1089 4408 1256 4463 usque
1293 4388 2088 4464 pertingentesexstruuntur.
2141 4390 2400 4459 Magistri
2440 4388 2731 4443 architecti
2780 4399 3018 4453 centum,
3065 4404 3240 4460 operae
3288 4388 3467 4444 decem
3520 4389 3722 4443 millia.

387 4467 726 4524 Cwmentum
756 4471 818 4520 ut
848 4466 1155 4521 subactum.

382 4583 445 4639 Ὀ
497 4579 553 4635 δὲ
608 4578 861 4654 βασιλεὺς
914 4579 1289 4639 Ἰουστινιανὸς
1341 4578 1431 4631 τὸν
1490 4576 1658 4630 τόπον
1719 4595 1954 4646 καταμε-

2137 4576 2354 4630 Locum
2421 4574 2726 4629 dimensus
2787 4575 3107 4646 imperator
3149 4573 3545 4644 Justinianus,
3596 4591 3732 4630 cum

310 4674 540 4748 τρήσας,
608 4670 698 4724 καὶ
768 4668 936 4742 εὑρὼν
998 4666 1286 4743 στεφανὲαν
1343 4666 1539 4742 πέτραν
1602 4665 1708 4720 ἀπό
1761 4685 1816 4718 τε
1869 4666 1965 4718 τοῦ

315 4759 704 4835 θυσιαστηρίου
753 4757 842 4812 καί
902 4759 1069 4833 μέχρι
1124 4763 1224 4825 τῆς
1282 4753 1431 4809 κάτω
1489 4753 1719 4828 ἀψίδος,
1780 4752 1966 4822 ἐθεμε-

315 4846 514 4902 λίωσεν
561 4847 726 4916 αὐτὴν
780 4845 1021 4921 γόρωθεν
1052 4844 1119 4900 τὰ
1162 4844 1332 4918 βάθρα
1356 4847 1452 4897 τοῦ
1487 4840 1729 4915 μεγάλου
1759 4837 1968 4915 Τροῦλ-

315 4933 441 4992 λου.
475 4936 612 4991 Ἀπό
644 4933 701 4989 δὲ
736 4939 844 4989 τῶν
891 4932 1102 5007 ἀψίδων
1156 4933 1322 5006 μόχρι
1371 4935 1468 4985 τοῦ
1527 4929 1793 5000 ἐξωτάτου
1841 4929 1968 5001 νάρ-

315 5037 510 5097 θηκος,
560 5024 635 5086 εἷς
665 5025 756 5078 τὸν
786 5027 988 5099 χαῦνον
1032 5022 1120 5077 καὶ
1172 5018 1396 5091 ἀλσώδη
1458 5020 1626 5075 κόπον
1677 5016 1970 5089 ἐθεμελίω-

315 5135 430 5171 σεν.
493 5112 819 5188 ’Δρξάμενος
871 5110 927 5167 δὶ
967 5111 1034 5167 τὰ
1077 5110 1304 5184 θεμέλια
1352 5108 1574 5181 κτίζειν,
1633 5106 1965 5178 προσεκαλέ-

314 5223 447 5258 σατο
481 5203 752 5278 Εὐτύχιον
785 5201 1154 5278 πατριάρχην,
1204 5199 1293 5254 καὶ
1353 5199 1602 5268 ἐποίησεν
1649 5197 1817 5270 εὐχὴν
1847 5193 1969 5268 περὶ

318 5290 625 5354 συστάσεως
671 5297 770 5360 τῆς
819 5289 1137 5359 ἐκκλησίας.
1198 5287 1335 5346 Τότε
1367 5287 1393 5340 ὁ
1429 5284 1682 5361 βασιλεὺς
1743 5284 1968 5337 Ἰουστι-

315 5382 500 5443 νιανὸς
550 5381 723 5453 κόψας
753 5380 843 5434 καὶ
903 5379 1128 5440 οἰκείαις
1190 5377 1376 5453 χερσὶν
1406 5369 1661 5428 ἄσϐεστον
1699 5371 1831 5445 μετίι
1876 5373 1973 5423 τοῦ

321 5472 589 5545 ὀστράκου
623 5513 637 5538 ,
715 5469 1052 5545 εὐχαριστῶν
1111 5472 1189 5540 τῷ
1258 5470 1375 5538 Θεῷ
1410 5507 1424 5532 ,
1501 5458 1691 5518 ἔϐαλεν
1761 5461 1846 5516 ἐπὶ
1909 5463 1972 5517 τὸ

319 5559 574 5634 θεμέλιον
634 5559 740 5633 πρὸ
800 5560 1054 5614 πάντων·
1116 5559 1228 5632 Πρὸ
1279 5560 1376 5610 τοῦ
1434 5551 1493 5609 δὲ
1543 5552 1795 5626 ἄρξασθαι
1852 5552 1974 5605 κτί-

327 5656 434 5723 ζειν
511 5651 603 5708 τὸν
679 5649 826 5720 ναὸν,
905 5646 1219 5726 προίκτισεν
1286 5645 1569 5721 εὑκτήριον
1627 5640 1971 5718 χρυσόροφον

2077 4668 2303 4736 petram
2351 4663 2746 4734 Stephaneam
2793 4681 2826 4719 a
2875 4665 3102 4719 bemate
3163 4665 3235 4718 ad
3307 4665 3489 4719 imam
3543 4681 3732 4736 usque

2079 4752 2344 4823 apsidem
2378 4751 2712 4823 reperisset,
2747 4753 2989 4821 majoris
3019 4751 3198 4806 Trulli
3232 4769 3410 4825 super
3440 4769 3564 4808 eam
3598 4754 3730 4807 t'un-

2078 4842 2350 4896 damenta
2373 4841 2536 4911 jecit.
2571 4840 2655 4894 Ab
2690 4840 2892 4912 apside
2914 4856 3049 4895 vero
3074 4841 3143 4895 ad
3167 4841 3511 4896 exteriorem
3547 4856 3733 4909 usque

2079 4929 2439 4999 narthecem,
2486 4929 2545 4984 in
2597 4929 2721 4985 solo
2775 4929 3020 5000 palustri
3071 4933 3127 4984 et
3176 4928 3388 4985 limoso
3441 4928 3731 4983 fundavit.

2081 5019 2553 5073 Fundamentum
2596 5021 2788 5073 autem
2839 5035 3176 5090 aggressus,
3229 5016 3581 5088 Eutychium
3631 5033 3736 5086 pa-

2080 5107 2394 5163 triarcham
2427 5107 2755 5178 evocat,qui
2785 5124 2886 5178 pro
2917 5107 3176 5163 ecclesiae
3209 5110 3507 5160 structura
3539 5117 3740 5172 preces

2079 5197 2370 5252 funderet.
2406 5198 2556 5251 Tum
2588 5196 2911 5268 imperator
2941 5197 3067 5251 suis
3100 5196 3225 5265 ipse
3281 5190 3557 5246 manibus
3606 5206 3743 5244 cum

2080 5289 2232 5340 testa
2262 5289 2610 5339 caementum
2645 5284 2938 5356 accipiens
2970 5286 3202 5352 Dcoque
3260 5280 3482 5350 gratias
3535 5294 3741 5350 agens,

2082 5373 2139 5428 id
2185 5373 2409 5444 primus
2459 5372 2720 5428 omnium
2773 5373 2832 5428 in
2880 5372 3327 5428 fundamentum
3372 5369 3536 5438 jecit.
3588 5369 3736 5422 Ante

2083 5467 2334 5533 emptam
2367 5478 2499 5517 vero
2532 5461 2732 5533 templi
2764 5466 3146 5521 structuram,
3171 5457 3490 5513 oratorium
3526 5462 3727 5511 rotun-

2085 5552 2226 5606 dum
2258 5568 2432 5607 aureo
2465 5551 2684 5606 fornice
2714 5550 3094 5615 instructum,
3118 5546 3350 5619 egregio
3374 5545 3747 5616 circumqua-

2086 5657 2200 5714 que
2229 5639 2565 5713 lapillorum
2596 5643 2828 5710 ornatu,
2859 5637 3108 5695 Joannis
3160 5635 3544 5693 Praecurso-ris
3573 5649 3743 5691 voca-
