4084 6218
393 319 546 377 {393

1347 311 1744 373 APPENDIX
1789 310 1895 369 AD
1942 305 2399 369 MICHAELEM
2441 304 2831 370 PSELLUM.

3639 309 3789 371 1296

389 457 582 508 catum
646 465 823 522 prope
878 448 1247 521 horologium
1327 445 1617 510 excitavit,
1694 444 1848 515 quod
1879 442 2024 514 'jam

2148 437 2476 513 περικαλλὲς
2521 437 2785 495 κυκλικὸν
2855 440 2989 512 μετὰ
3048 441 3215 498 λίθων
3268 439 3614 513 πολυτίμων,
3663 439 3793 514 ὅπερ

387 539 803 611 baptisterium
865 540 1281 607 nuncupatur;
1355 535 1615 604 itemque
1662 532 1800 586 huic
1843 529 2034 585 vicina

392 629 671 685 Metatorii
704 627 967 691 aadilicia,
997 627 1091 681 ubi
1126 641 1257 680 cum
1291 623 1626 694 proceribus
1667 621 1788 676 suis
1835 637 2033 674 mane-

391 725 499 787 ret,
533 724 587 771 et
618 734 768 788 szepe
799 717 993 770 cibum
1019 718 1295 768 sumeret.
1317 712 1478 766 Tunc
1497 727 1727 781 quoque
1750 711 2030 781 porticum

392 813 600 872 totam,
635 824 750 877 qua
784 805 1069 859 transitus
1104 820 1136 857 a
1168 817 1379 873 magno
1412 800 1627 872 palatio
1661 800 1728 853 ad
1763 799 2030 869 Magnam

392 895 694 952 ecclesiam
756 895 935 953 ﬁeret.
996 891 1339 954 aediﬁcavit;
1402 894 1465 943 ut
1523 888 1784 959 quotidie
1835 886 2035 957 templi

395 991 748 1041 structuram
802 982 1002 1035 adiens
1035 998 1067 1035 a
1100 980 1328 1035 nemine
1362 979 1816 1050 conspiceretur.
1858 977 2037 1030 Erant

395 1091 565 1146 porro
599 1071 863 1143 magistri
899 1069 1195 1124 architecti
1224 1072 1483 1133 centum,
1510 1083 1761 1137 quorum
1786 1064 2034 1136 singulis

396 1168 648 1217 centenae
671 1175 856 1231 operaa
879 1160 1142 1226 aderant,
1178 1158 1259 1210 ita
1301 1160 1366 1210 ut
1401 1157 1602 1211 decem
1636 1153 1890 1208 millium
1924 1169 2037 1206 nu-

394 1266 618 1305 merum
652 1248 969 1320 explerent.
1005 1247 1073 1299 Et
1115 1244 1551 1318 quinquaginta
1580 1242 1816 1314 quidem
1852 1240 2034 1311 magi-

392 1337 497 1393 stri
527 1354 662 1393 cum
694 1338 908 1391 turmis
949 1335 1074 1389 suis
1104 1335 1373 1388 dextrum
1425 1332 1585 1388 latus
1632 1331 2034 1396 aedificabant;

393 1426 823 1498 quinquaginta
853 1423 948 1477 alii
983 1423 1101 1492 pari
1137 1423 1307 1477 modo
1330 1421 1661 1489 sinistrum,
1692 1435 1805 1490 quo
1830 1417 2039 1472 aemula

395 1516 649 1587 quadam
706 1511 1007 1584 diligentia
1065 1512 1239 1565 citius
1308 1509 1619 1564 aedificium
1681 1511 2033 1577 assurgeret.

393 1603 622 1675 Templi
655 1603 902 1673 ﬁguram
936 1599 1419 1668 angelusDomini
1444 1599 1500 1651 in
1530 1595 2037 1667 somnis'impera-

396 1693 506 1749 tori
539 1692 893 1746 ostenderat.
951 1690 1225 1758 Princeps
1283 1693 1481 1742 autem
1532 1686 1884 1739 architectus
1926 1702 2039 1739 me-

396 1781 679 1836 chanicus
711 1796 774 1834 ac
811 1779 1045 1847 templis
1097 1776 1422 1833 excitandis
1454 1775 1700 1828 idoneus
1734 1779 1876 1828 erat.
1928 1777 2037 1826 Pro
2071 1811 2117 1874 Β

395 1886 547 1938 aqua
574 1884 728 1933 vero,
775 1866 978 1921 hordei
1020 1866 1077 1919 in
1128 1864 1361 1919 cacabis
1408 1862 1540 1918 elixi
1590 1861 1872 1930 liquorem
1905 1878 2039 1915 cum

395 1957 551 2013 calce
582 1960 637 2011 et
666 1960 815 2009 testa
833 1954 1178 2009 miscebant.
1205 1952 1453 2021 Eratque
1479 1949 2043 2019 hordeaceusliquor

395 2044 494 2099 ille
517 2044 806 2108 viscosus,
858 2057 1133 2096 mucosus
1176 2044 1350 2109 atque
1390 2042 1579 2093 tenax.
1634 2036 1825 2093 Simili
1870 2038 2040 2093 modo

400 2133 685 2188 dissectos
724 2130 983 2200 salignos
1025 2128 1264 2183 cortices
1288 2128 1346 2181 in
1375 2128 1621 2182 cacabos
1662 2143 1795 2181 cum
1825 2126 2040 2181 hordeo

398 2222 711 2290 miserunt,
762 2218 1133 2290 quadrasque
1182 2232 1411 2271 massas
1460 2219 1815 2286 paraverunt
1866 2215 2039 2285 quin-

399 2309 679 2379 quaginta
714 2308 889 2379 pedes
941 2305 1170 2376 longas,
1217 2304 1462 2359 totidem
1512 2303 1662 2359 latas
1705 2319 1768 2357 ac
1811 2320 2041 2358 crassas

396 2398 633 2469 viginti;
668 2413 766 2451 eas
789 2413 891 2451 nec
920 2395 1161 2467 frigidas
1186 2411 1289 2449 nec
1312 2394 1552 2460 calidas,
1577 2392 1674 2448 sed
1701 2392 1770 2446 ad
1794 2391 2041 2464 glutinis

398 2486 772 2542 tenacitatem
797 2486 1220 2555 intepescentes
1244 2483 1303 2537 in
1335 2482 1722 2536 fundamenta
1740 2481 2038 2551 jecerunt:

398 2576 826 2644 substratasque
859 2590 1066 2627 massae
1100 2571 1259 2643 paris
1291 2569 1677 2642 longitudinis
1707 2574 1763 2623 et
1785 2567 2042 2623 latitudi-

397 2664 489 2717 nis
518 2662 742 2732 lapides
776 2661 1184 2731 imposuerunt
1220 2676 1232 2716 :
1266 2676 1393 2730 qua;
1436 2657 1862 2729 coagmentatio
1905 2658 2040 2713 ferri

395 2751 673 2805 duritiem
695 2750 1104 2819 simulabatur.

2143 527 2395 600 ὥνόμασε
2457 531 2554 582 τοῦ
2595 528 2747 603 ἁγίου
2795 528 3047 584 Ἰωάννου
3102 534 3201 585 τοῦ
3254 527 3600 603 Προδρόμου·
3660 528 3791 604 ὅπερ

2143 616 2253 671 ἐστὶ
2303 615 2535 687 πλησίον
2569 622 2666 671 τοῖ’)
2716 616 3068 693 Ὠρολογίου,
3126 620 3188 674 τὸ
3218 618 3557 692 καλούμενον
3590 621 3794 676 Βαπτι-

2143 708 2386 780 στήριον,
2429 706 2520 760 καὶ
2577 708 2642 760 τὰ
2685 704 3062 776 πλησιάσαντα
3120 710 3214 763 τοὺ
3274 707 3641 783 Μετατωρίου·
3698 706 3791 761 ’ἱνα

2142 793 2311 848 ἐκεῖσε
2362 794 2645 867 παραμὲνη
2714 795 2845 867 μετὰ
2900 801 3004 849 τῶν
3056 798 3339 872 ἀρχόντων
3394 797 3591 866 αὐτοῦ,
3647 796 3791 851 πολ-

2148 883 2300 944 λάκις
2350 881 2407 937 δὲ
2456 883 2630 954 ἐσθίη.
2681 884 2812 939 Τότε
2855 886 2957 960 γὰρ
3007 886 3096 940 καὶ
3144 892 3211 940 τὰ
3243 880 3527 940 διαϐατικὰ
3556 886 3660 939 ἀπὸ
3690 890 3788 939 to?)

2149 971 2391 1047 μεγάλου
2451 972 2724 1028 Παλατίου
2796 976 2961 1050 μέχρι
3019 981 3120 1044 τῆς
3179 974 3447 1049 Μεγάλης
3498 971 3792 1042 ἐκκλησίας

2145 1060 2388 1129 ἔκτισεν,
2442 1060 2534 1115 ’ίνα
2592 1060 2957 1138 διερχόμενος
3018 1064 3373 1135 κατεκάστην,
3435 1065 3510 1135 μὴ
3574 1064 3794 1137 ὁρᾶσθαι

2144 1151 2290 1224 παρά
2346 1171 2513 1221 τινος,
2570 1150 2645 1211 εἷς
2676 1153 2738 1206 τὸ
2795 1153 3150 1228 παρὶστασθαι
3211 1152 3263 1207 ὲν
3289 1156 3357 1225 τῇ
3391 1149 3664 1226 οἷκοδομῇ
3695 1157 3793 1207 τοῦ

2144 1243 2300 1296 ναοῦ.
2349 1241 2625 1314 Ὑπηρχον
2688 1237 2745 1294 δὲ
2805 1240 3095 1316 μαίστορες
3159 1237 3623 1317 ἒκατὸν,ἔχοντες
3678 1239 3801 1296 ἱκα-

2147 1349 2270 1389 στος
2301 1327 2476 1382 αὐτῶν
2523 1328 2621 1383 ἀνὰ
2673 1330 2863 1385 ὶκατὸν
2895 1328 3125 1405 ἀνδρῶν,
3172 1331 3479 1405 γινομένων
3518 1328 3795 1405 χιλιάδων

2148 1414 2291 1471 δέκα.
2348 1418 2441 1471 Καὶ
2492 1418 2543 1470 οἳ.
2605 1419 2698 1490 μὶν
2757 1421 3095 1489 πεντήκοντα
3162 1418 3449 1493 μαίστορες
3506 1421 3640 1492 μετὰ
3698 1423 3796 1472 τοῦ

2148 1511 2283 1560 λαοῦ
2330 1506 2503 1559 αὐτῶν
2536 1506 2597 1561 τὸ
2630 1504 2801 1577 δεξιὸν
2854 1506 3018 1581 μέρος
3046 1506 3389 1580 ᾠκοδόμουν·
3443 1510 3495 1561 oi
3554 1506 3611 1562 δὲ
3665 1529 3795 1562 πενο

2144 1597 2382 1665 τήκοντα
2440 1595 2649 1666 ὁμοίως
2698 1596 2759 1650 τὸ
2816 1595 3089 1669 εὐώνυμον
3144 1598 3334 1672 μέρος,
3394 1595 3483 1652 διὰ
3534 1598 3596 1651 τὸ
3656 1597 3797 1670 πρὸς

2148 1680 2297 1757 ἔριδα
2348 1685 2437 1737 καὶ
2470 1682 2709 1754 σπουδὴν
2761 1686 3031 1754 κτίζεσθαι
3082 1688 3295 1761 ταχέως
3355 1687 3418 1741 τὸ
3458 1684 3634 1762 ἔργον.
3696 1687 3800 1740 Καὶ

2146 1773 2207 1826 τὸ
2258 1778 2454 1846 σχῆμα
2507 1778 2604 1827 τοῦ
2660 1778 2789 1827 ναοῦ
2846 1775 2959 1828 κατ’
3019 1770 3147 1850 ὄναρ
3192 1772 3357 1844 ἔδειξε
3402 1780 3482 1846 τῷ
3517 1772 3737 1849 βασιλεῖ
3770 1776 3798 1829 6

2151 1858 2378 1936 ἄγγελος
2433 1861 2659 1937 Κορίου.
2722 1864 2966 1937 Ὑπῆρχε
3024 1860 3081 1917 δὲ
3137 1864 3163 1917 6
3222 1868 3440 1937 πρῶτος
3500 1861 3800 1935 οἰκοδόμος

2158 1951 2485 2024 μηχανικὸς,
2538 1950 2627 2005 καὶ
2676 1951 2753 2015 είς
2806 1953 2868 2006 τὸ
2928 1953 3193 2027 ἀνεγεῖραι
3249 1950 3412 2016 ναοὺς
3467 1950 3805 2021 ἐπιτήδειος.

2152 2039 2245 2099 Εἰς
2308 2038 2435 2101 τοὺς
2489 2034 2759 2102 κακάὗους
2821 2038 2879 2095 δὲ
2932 2036 3065 2110 ἔπτη
3131 2042 3230 2108 τήν
3282 2042 3500 2116 κριθὴν,
3558 2041 3651 2095 καὶ
3708 2042 3804 2096 τὸν

2152 2125 2325 2200 χυλὸν
2374 2127 2540 2196 αὐτῆς
2600 2127 2847 2204 ἔμίγνυον
2878 2133 2958 2200 τῷ
2989 2124 3231 2201 ἀσϐέστῳ
3288 2127 3381 2182 σὺν
3428 2133 3507 2200 τῷ
3550 2128 3807 2203 ὀστράκῳ

2152 2215 2268 2269 ἀντὶ
2328 2213 2544 2278 ὕδατος.
2602 2218 2658 2271 '0
2712 2214 2770 2271 δὶ
2814 2218 2983 2287 αὐτῆς
3043 2218 3219 2293 χυλὸς
3254 2218 3471 2292 ὑπῆρχε
3501 2216 3809 2293 γλισχρὸς,

2150 2303 2238 2357 καὶ
2301 2302 2580 2375 μυξώδης,
2632 2305 2722 2359 καὶ
2780 2304 3134 2376 κολλητικός.
3198 2306 3441 2378 Ὁμοίως
3484 2303 3542 2361 δὲ
3571 2307 3805 2362 καὶτῶν

2150 2390 2319 2469 φλοῦν
2396 2392 2636 2448 πτελεῶν
2714 2396 3137 2466 κατατέμιοντες
3216 2390 3507 2450 ἐνέϐαλλον
3569 2395 3623 2450 ἰν
3680 2403 3805 2459 τοῖς

2148 2476 2409 2545 κακάϐοις
2490 2483 2623 2555 μετὰ
2700 2490 2798 2552 τῆς
2844 2486 3087 2558 κριθῆς,
3147 2484 3237 2538 καὶ
3298 2484 3559 2555 ἐποίησαν
3622 2488 3805 2558 μάζας

2148 2572 2485 2647 τετραγώνοις
2518 2571 2750 2647 ἐχούσας
2784 2572 2883 2627 ἀνὰ
2914 2571 3096 2628 ποδῶν
3127 2576 3464 2644 πεντήκοντα
3493 2575 3558 2629 τὸ
3592 2574 3801 2647 μῆκος,

2149 2659 2238 2713 καὶ
2266 2666 2327 2725 ν’,
2386 2661 2449 2714 τὸ
2506 2659 2736 2730 πλάτος,
2764 2664 2854 2715 καὶ
2914 2660 3083 2717 εἶ’κοσι
3114 2663 3175 2717 τὸ
3228 2665 3433 2737 πάχος⁹
3465 2662 3557 2717 καὶ
3586 2661 3803 2727 ἐτίθουν

2060 2812 2065 2817 ι
2152 2747 2227 2811 είς
2272 2747 2398 2811 τοὺς
2442 2748 2748 2822 θεμελίους
2806 2750 2895 2806 καὶ
2954 2748 3078 2806 οὔτε
3116 2752 3312 2827 θερμὸν
3370 2756 3532 2807 τοῦτο
3592 2752 3804 2816 ἐτίθουν

392 2834 515 2891 οὔτε
541 2836 706 2891 πάλιν
739 2836 975 2910 ψυχρὸν,
1016 2834 1161 2890 ἀλλὰ
1188 2834 1422 2909 χλιαρὸν
1457 2832 1545 2888 διὰ
1572 2834 1632 2888 τὸ
1693 2835 1823 2889 εἶναι
1875 2832 2231 2905 κολλητικόν.
2286 2836 2380 2890 Καὶ
2432 2835 2611 2892 ἐπάνω
2656 2837 2749 2900 τὰς
2807 2838 2976 2911 μάζας
3008 2837 3214 2903 ἐτίθουν
3246 2839 3432 2902 λίθους
3465 2840 3807 2915 εύμεγᾶθεις,

392 2925 699 2999 ἷσομήκεις,
731 2924 1078 2986 ἷσοπλάτους’
1109 2926 1174 2993 ἧν
1203 2922 1334 2978 ΐδεῖν
1363 2925 1487 2979 τότε
1515 2922 1709 2985 αὐτοὺς
1738 2929 1950 2999 κρατεῖν
1984 2923 2174 3001 οἷάπερ
2209 2922 2455 3001 σίδηρον.

389 3067 785 3135 Eat-pensurum
830 3060 1367 3135 prima_subduclio.
1418 3060 1678 3135 Magister
1726 3060 2033 3135 Strategius
2098 3061 2367 3135 solvenda
2402 3062 2653 3133 pecuniae
2700 3063 3014 3129 deputatur.
3066 3065 3367 3135 Imperator
3413 3064 3569 3119 horis
3613 3081 3807 3135 pome-

459 3132 719 3208 ridianis,
755 3134 931 3208 Troilo
955 3133 1303 3188 cubiculario
1329 3134 1547 3200 comite,
1579 3147 1682 3201 quo
1711 3132 1862 3186 cultu
1894 3134 2122 3187 vestium
2152 3132 2222 3187 ad
2251 3132 2585 3189 structuram
2615 3135 2920 3203 accedebat,
2968 3132 3156 3205 fabris
3186 3152 3250 3191 ac
3299 3139 3481 3205 operi:
3515 3132 3808 3208 promissi:

458 3205 836 3261 stimulandis.

464 3303 573 3357 Ubi
605 3308 798 3358 autem
852 3302 1235 3356 fundamenta
1282 3302 1353 3356 ad
1404 3301 1651 3355 duorum
1704 3300 2034 3356 cubitorum
2068 3303 2110 3369 C

391 3390 765 3447 altitudinem
797 3407 827 3446 e
856 3395 1011 3445 terra
1040 3394 1231 3445 erecta
1261 3393 1420 3455 sunt,
1456 3394 1519 3443 ut
1549 3388 1629 3442 ait
1661 3390 2039 3460 supradictus

390 3486 613 3548 auctor,
638 3481 1147 3550 quiexpensarum
1194 3478 1476 3533 rationem
1519 3477 1737 3548 scripto
1774 3478 2037 3545 tradidit,

388 3570 460 3624 ad
495 3568 925 3640 quadringenta
955 3568 1387 3638 quinquaginta
1409 3567 1525 3621 duo
1557 3567 1895 3621 centenaria
1916 3571 2039 3620 tota

390 3675 625 3714 summa
683 3658 933 3711 deducta
989 3661 1097 3711 est.
1159 3655 1461 3710 Miliarisia
1510 3654 1665 3709 enim
1710 3660 2035 3724 argenteae

388 3746 607 3818 palatio
638 3746 1048 3813 etl'erebantur,
1082 3761 1210 3815 quae
1242 3745 1299 3798 in
1334 3742 1634 3815 horologio
1666 3743 2032 3812 deponeban-

393 3840 512 3897 tur,
548 3838 604 3888 et
659 3832 1188 3903 quotquntlapides
1244 3831 1634 3896 advehebant,
1687 3836 2032 3901 argenteum

392 3920 655 3990 quotidie
691 3920 1072 3990 accipiebant,
1107 3937 1177 3974 ne
1207 3918 1341 3989 quis
1372 3935 1599 3973 morose
1639 3924 1740 3973 aut
1769 3936 1900 3972 cum
1934 3924 2033 3973 tae-

393 4009 489 4062 dio
526 4011 749 4079 ageret,
772 4007 1495 4078 maledictaquejactaret.
1529 4007 1775 4069 Quidam
1806 4023 1941 4063 vero
1968 4024 2035 4062 ex

392 4097 467 4151 iis
499 4097 598 4168 qui
628 4095 851 4167 lapides
890 4096 1217 4165 gestabant,
1250 4112 1383 4150 cum
1432 4095 1620 4150 iratus
1675 4100 2035 4167 maestusque

393 4190 565 4249 esset,
599 4186 657 4239 in
689 4189 902 4240 terram
935 4184 1153 4239 decidit
1208 4190 1264 4239 et
1316 4184 1550 4241 attritus
1580 4189 1685 4240 est.
1724 4185 2031 4240 Pecuniam

392 4274 671 4347 erogabat
703 4273 1013 4345 praedictus
1037 4274 1366 4345 Strategius
1387 4274 1702 4328 Justiniani
1728 4274 2034 4345 imperato-

392 4365 472 4418 ris
504 4362 828 4432 spiritualis
848 4364 1045 4417 frater.
1080 4363 1302 4417 Erectis
1324 4362 1807 4433 pilis,imperator
1827 4379 2033 4417 somno

391 4452 714 4506 meridiano
739 4451 1059 4514 abstinens,
1103 4468 1433 4521 magnaque
1466 4469 1605 4506 cura
1648 4461 1702 4505 et
1750 4451 2031 4505 sollicitu-

388 4541 546 4608 dine,
603 4539 887 4611 polientes
964 4542 1368 4612 cadentesque
1441 4540 1666 4611 lapides
1725 4545 1781 4595 et
1839 4542 2033 4596 fabros

387 4628 650 4699 aliasque
695 4644 925 4699 operas,
958 4628 1152 4685 Troilo
1184 4628 1544 4684 cubiculario
1575 4629 1804 4693 comite,
1838 4630 2030 4701 inspe-

2222 3299 2324 3355 Δύο
2357 3298 2415 3355 δὶ
2443 3304 2671 3378 πήχεων
2704 3306 2800 3357 τοῦ
2832 3302 3091 3375 θεμελίου
3124 3304 3428 3377 ὑψωθέντος
3458 3303 3518 3359 ἐκ
3546 3312 3645 3374 τῆς
3676 3313 3808 3380 γῆς,

2149 3390 2223 3449 ὥς
2271 3410 2433 3465 φησιν
2479 3391 2507 3444 6
2554 3392 2956 3464 προειρημένος
3003 3393 3262 3462 ποιητὴς,
3311 3392 3400 3446 καὶ
3461 3394 3804 3471 ἀπογράφων

2145 3475 2243 3542 τὴν
2295 3470 2495 3545 ἔξοδον,
2564 3475 2961 3548 ἐξιυδιάσθησαν
3010 3479 3239 3553 χρυσίου
3288 3480 3613 3555 κεντηνάρια
3664 3470 3804 3537 υνϐ’.

2148 3562 2475 3638 Μιλιαρίσια
2502 3563 2603 3639 γὰρ
2663 3565 2873 3640 ἀργυρᾶ
2915 3565 3234 3639 ἐκομίζοντο
3288 3567 3345 3623 ὲκ
3372 3568 3468 3623 τοῦ
3500 3568 3801 3637 παλατίο),

2144 3650 2234 3705 καὶ
2281 3651 2485 3715 ἐτίθουν
2518 3652 2651 3707 αὐτὰ
2706 3656 2783 3717 εἷς
2817 3655 2879 3709 τὸ
2908 3655 3250 3730 Ὠρολόγιον,
3308 3657 3398 3711 καὶ
3449 3656 3567 3711 ὅσοι
3618 3654 3809 3712 ἀνεϐί-

2146 3735 2301 3809 ϐαζεν
2377 3740 2590 3811 λίθους,
2658 3738 2966 3815 ἐλάμϐανον
3035 3746 3347 3818 καθημὲραν
3404 3745 3505 3800 ἆνὰ
3560 3746 3806 3821 ἀργυροῦ

2145 3829 2283 3896 ἑνὸς,
2347 3826 2436 3883 διὰ
2462 3831 2524 3884 τὸ
2575 3833 2649 3904 μή
2686 3829 2977 3901 ἀκηδιάσαι
3006 3834 3128 3887 τινὰ
3160 3834 3210 3904 ἐξ
3242 3834 3445 3904 αὐτῶν,
3474 3835 3509 3904 ἢ
3547 3834 3805 3913 βλασφη-

2146 3923 2336 3987 μῆσαι.
2400 3920 2493 3979 Εἷς
2554 3916 2611 3973 δέ
2669 3941 2751 3981 τις
2806 3924 2909 3975 τῶν
2969 3922 3339 3994 βασταζόντων
3377 3922 3565 3983 λίθους
3603 3926 3807 3998 ἀγανα-

2142 4006 2344 4075 κτήσας
2403 4004 2493 4060 καί
2545 4008 2831 4078 στενάξας,
2893 4008 2971 4071 εἷς
3026 4012 3125 4079 τήν
3175 4013 3275 4084 γῆν
3329 4012 3646 4086 κατηνέχθη
3709 4014 3806 4067 καὶ

2143 4089 2452 4170 συνετρίϐη.
2502 4097 2577 4165 Τή
2614 4093 2672 4150 δὲ
2701 4094 2881 4167 ἔξοδον
2912 4096 3080 4152 ἰποίει
3114 4099 3141 4152 6
3185 4098 3370 4174 ῥηθεὶς
3428 4104 3801 4175 Στρατήγιος,

2144 4183 2202 4245 ὃς
2247 4183 2336 4237 καὶ
2398 4185 2614 4260 ὑπῆρχε
2670 4187 3037 4259 πνευματικὸς
3074 4184 3308 4251 ἀδελφὸς
3362 4192 3458 4242 τοῦ
3521 4190 3799 4263 βασιλέως

2142 4272 2546 4329 Ἰουστινιανοῦ.
2593 4278 2709 4327 Τῶν
2759 4273 2816 4329 δὲ
2866 4280 3072 4330 πινσῶν
3125 4276 3443 4350 ὑψωθέντων
3479 4278 3507 4332 6
3538 4278 3806 4353 βασιλεὺς

2139 4361 2201 4415 τὸ
2233 4358 2463 4415 δειλινὸν
2493 4362 2592 4417 οὐκ
2622 4361 2922 4433 ἐκάθευδεν,
2956 4363 3084 4419 ἀλλ’
3113 4366 3231 4440 εἶχε
3273 4364 3492 4435 πολλὴν
3551 4365 3805 4436 σπουδὴν

2140 4449 2229 4504 καὶ
2290 4448 2604 4523 ἐπιμέλειαν
2640 4451 2717 4515 εἷς
2766 4454 2829 4506 τὸ
2883 4454 3008 4528 ὁρᾷν
3059 4452 3189 4517 τούς
3226 4475 3284 4508 τε
3338 4454 3648 4526 λιθοξόους,
3711 4457 3804 4511 καὶ

2142 4533 2440 4611 λατόμους,
2500 4541 2592 4595 καὶ
2640 4543 3007 4613 τεκτονικοὺς,
3034 4543 3125 4597 καὶ
3166 4542 3369 4605 πάντας
3398 4544 3530 4605 τοὺς
3577 4543 3806 4600 οἰκοδό-

2144 4647 2318 4698 μους,
2400 4628 2535 4699 μετᾶ
2607 4628 2696 4683 καὶ
2748 4629 3003 4704 Τρωῗλου
3054 4626 3518 4707 κουόικουλαρίου
3569 4634 3808 4695 τούτους

702 4680 925 4699 _r-_s-,
968 4680 1147 4685 _--_-_
1189 4680 1537 4684 -__,-__“__-
1839 4680 2000 4701 --ηρ

387 4718 602 4786 ctabat,
630 4722 687 4771 et
719 4718 785 4771 ad
821 4734 966 4786 opus
994 4718 1243 4790 impigre
1274 4719 1699 4789 capessendum
1726 4719 2029 4789 promissis

2148 4716 2304 4790 δρῶν,
2336 4714 2580 4786 σπουδὴν
2613 4680 2831 4786 πολλὴΓν
2891 4718 3074 4781 αὐτοῖς
3105 4680 3493 4794 ἐπηγγείλαῗτο·
3556 4722 3649 4775 καὶ
3711 4720 3807 4777 διὰ

387 4804 750 4861 stimulabat.
786 4808 851 4860 Et
908 4807 1033 4862 ideo
1088 4806 1267 4862 semel
1302 4813 1405 4863 aut
1436 4808 1647 4862 iterum
1683 4824 1784 4878 per
1812 4808 2030 4863 hebdo-

384 4895 640 4958 madam,
675 4900 880 4966 printer
910 4896 1289 4951 constitutam
1319 4896 1665 4962 mercedem,
1714 4896 1885 4951 modo
1918 4913 2028 4951 nu-

388 4982 627 5050 misma,
690 4984 861 5038 modo
919 4984 1035 5037 duo
1085 4983 1298 5054 cuique
1356 4983 1729 5055 largiebatur.
1791 4985 2029 5048 Quoties

388 5077 583 5126 autem
615 5077 942 5142 spectatum
988 5071 1319 5140 accedebat,
1368 5071 1523 5128 linea
1565 5076 1724 5128 veste
1772 5072 1931 5126 tenui
1973 5077 2029 5127 et

386 5160 638 5214 candida
685 5161 1063 5227 induebatur,
1106 5165 1280 5215 tenue
1320 5160 1457 5215 item
1492 5160 1794 5214 sudarium
1840 5161 1896 5213 in
1930 5177 2024 5215 ca-

386 5246 506 5317 pite
536 5264 765 5319 gerens,
802 5248 859 5302 in
889 5264 1067 5303 manu
1102 5264 1235 5303 vero
1262 5248 1564 5302 bacillum.

2138 4809 2299 4860 τοῦτο
2358 4804 2550 4876 ἔξωθεν
2609 4811 2704 4860 τοῦ
2768 4809 2964 4879 μισθοῦ
2996 4809 3173 4862 αὐτῶν
3206 4807 3469 4885 ἐργατῶν,
3502 4811 3603 4879 τὴν
3638 4806 3807 4866 ἐϐδο-

2144 4892 2286 4965 μάδα
2336 4895 2472 4964 ἅπαξ
2521 4895 2555 4963 ἢ
2594 4892 2677 4956 δὶς
2711 4896 2978 4970 εὐεργέτει
3035 4897 3281 4965 τούτους,
3340 4897 3473 4952 πότε
3536 4898 3633 4971 μὲν
3693 4901 3803 4954 ἀπὸ

2138 4982 2274 5050 ἰνὸς,
2335 4984 2467 5036 ποτε
2524 4980 2581 5037 δὲ
2624 4983 2729 5038 ἀπὸ
2779 4980 2897 5041 δύο.
2934 4985 3303 5057 Πορευόμενος
3358 4983 3415 5040 δε
3447 4987 3475 5039 6
3511 4985 3805 5061 βασιλεὺς,

2135 5071 2470 5147 ἠμφιέννυτο
2504 5071 2701 5143 ὀθόνην
2748 5072 2947 5140 λευκὴν
3004 5075 3091 5128 καὶ
3131 5072 3328 5147 ψιλὴν,
3360 5073 3447 5129 καί
3500 5072 3796 5151 σουδάριον

2136 5156 2375 5231 ἀμυδρὸν
2427 5159 2478 5214 ἂν
2525 5164 2593 5233 τῇ
2642 5159 2854 5237 κεφαλῇ
2912 5161 3096 5217 αὐτοῦ’
3141 5161 3194 5217 ἰν
3228 5161 3285 5218 δὶ
3314 5167 3381 5237 τῇ
3421 5165 3571 5240 χειρὶ
3630 5164 3801 5221 αὐτοῦ

2136 5243 2337 5322 ῥάϐδον
2371 5249 2569 5318 πτενήν
2601 5255 2871 5324 κατεῖχεν.

378 5382 636 5460 Ignotius
667 5383 1095 5460 architectorum
1119 5382 1388 5460 princeps.
1424 5382 1594 5460 Hujus
1624 5380 1739 5460 ﬁlio
1764 5398 1934 5460 supra
1959 5383 2207 5460 porticus
2256 5384 2447 5460 deagtri
2486 5386 2958 5460 lateruuapparet
3001 5389 3250 5459 angelus,
3299 5391 3547 5445 eunuchi
3590 5393 3801 5459 forma,

448 5452 543 5531 qui
571 5453 833 5531 templum
863 5454 1086 5511 Sanam
1116 5452 1335 5525 Saphiae
1360 5456 1577 5507 nomine
1602 5452 1917 5507 donandum
1947 5456 2304 5511 innuit.Puer
2332 5456 2543 5513 divitiis
2571 5474 2635 5514 ac
2664 5452 2934 5527 dignitate
2957 5452 3157 5516 auctu:
3177 5452 3251 5516 ad
3278 5461 3545 5531 Cycladas
3576 5452 3803 5517 insulas

450 5522 752 5593 relegatur,
782 5528 834 5578 et
858 5542 1046 5595 quare.

448 5620 667 5675 Erectis
700 5636 870 5691 porro
903 5622 1198 5694 supremis
1229 5626 1348 5678 tam
1383 5620 1567 5677 dextri
1592 5635 1770 5691 quam
1794 5620 2022 5677 sinistri

2207 5623 2605 5700 Ἀνεγειραντες
2651 5622 2708 5680 δὶ
2754 5626 2849 5689 τὰς
2901 5624 3094 5702 ἀψίδας
3147 5631 3255 5684 τῶν
3318 5628 3580 5705 ὑπερῴων
3615 5674 3632 5701 ,
3685 5633 3797 5683 τῶν

3615 5674 3632 5701 9
