4084 6218
376 356 531 414 1297

1507 364 1871 426 ΛΝΟΝΥΜΙ
1916 366 2496 437 ANTIOUITATES
2541 371 2660 429 ΟΡ.

3629 373 3779 434 1298

369 504 429 538 τε
488 484 785 560 εὐωνύμων
843 492 931 545 καὶ
992 489 1201 563 δεξιῶν,
1261 494 1351 547 καὶ
1416 495 1613 557 ταύτας
1673 494 1993 569 στεγάσαντε

2105 559 2107 563 τ
2142 499 2340 555 lateris
2374 502 2719 568 fornicibus,
2754 504 2983 574 ipsique
3020 506 3079 558 in
3120 504 3324 575 scyphi
3358 522 3578 561 morem
3610 510 3777 563 obte-

367 576 630 649 σκυφικᾶς
672 575 891 651 ἀψίδας,
924 580 1126 656 ὡρίσθη
1183 582 1399 657 ἀγαγεῖν
1463 584 1771 657 μιλιαρίσια
1824 584 1883 639 έκ
1929 589 2025 638 τοῦ

366 664 642 722 παλατίου
692 671 719 723 6
776 677 986 746 κρατῶν
1060 675 1242 749 ἡμέρᾳ
1324 670 1647 730 Σαϐϐἅτου’
1707 679 1774 747 ἦν
1831 679 1931 751 γὰρ
1981 690 2027 739 ς’

368 753 487 829 ὥρα
533 764 633 827 τῆς
682 758 893 833 ἡμέρας
930 782 943 797 ο
996 762 1083 817 καὶ
1124 764 1439 839 προσέταξιν
1474 767 1502 819 6
1536 768 1872 841 Στραγήγιος
1925 771 2022 820 τοῦ

366 842 605 913 ἐξελθεῖν
649 846 776 910 τοὺς
826 848 1050 925 έργάτας
1094 852 1180 906 καὶ
1230 854 1479 929 τεχνίτας
1528 855 1603 917 εἲς
1659 855 1722 910 τὸ
1779 853 2018 929 ἄριστον.

366 934 779 1009 Κατερχόμενος
826 936 881 992 δὲ
914 941 941 994 ὁ
972 940 1305 1016 προρῥηθείς
1356 944 1621 1018 Ἰγνάτιος
1686 945 2017 1018 μηχανικὸς,

360 1019 625 1078 κατέλιπε
676 1027 766 1080 τὸν
818 1028 931 1082 υἱὸν
983 1030 1151 1084 αὐτοῦ
1194 1028 1396 1095 ἄνωθεν
1446 1037 1554 1087 τῶν
1626 1032 1889 1107 ὑπερῴων
1941 1032 2017 1095 εἰς

358 1112 422 1166 τὸ
474 1110 645 1183 δεξιὸν
707 1117 892 1191 μέρος,
954 1119 1030 1181 εἷς
1086 1121 1148 1175 τὸ
1208 1123 1334 1195 ὁρᾷν
1394 1123 1459 1177 τὰ
1514 1124 1651 1197 πρὸς
1711 1120 2013 1195 οἰκοδομὴν

358 1199 615 1275 ὶργαλεῖα
666 1203 857 1263 πάντα.
914 1209 974 1265 Ὀ
1022 1206 1077 1263 δὲ
1111 1214 1239 1272 παῖς
1287 1213 1354 1279 ἦν
1407 1210 1533 1266 ὡσεὶ
1586 1212 1804 1287 χρόνων
1860 1209 2014 1265 δεκα-

355 1292 655 1365 τεσσάρων.
709 1298 1083 1369 Καθεζομένου
1127 1296 1185 1353 δὲ
1222 1304 1320 1353 τοῦ
1369 1297 1583 1367 παιδὸς,
1640 1300 1807 1374 ἐφάνη
1867 1302 2016 1371 αὐτῴ

357 1380 645 1457 εὐνοῦχος,
695 1382 923 1459 λαμπρᾷ
992 1385 1176 1452 ἐσθῆτι
1237 1389 1630 1466 ἠμφιεσμένος,
1688 1391 1888 1461 ὡραῖος
1938 1394 2014 1461 τῷ

355 1467 509 1539 εἷ’δει,
543 1472 617 1533 ὡς
652 1469 813 1542 δῆθεν
842 1473 902 1529 ἐκ
929 1480 1027 1530 τοῦ
1066 1475 1336 1532 παλατίου
1393 1480 1682 1555 πεμφθεὶς,
1724 1478 1813 1532 καὶ
1865 1477 2010 1553 λέγει

353 1563 435 1630 τῷ
464 1557 737 1636 παιδαρίῳ
775 1582 787 1595 °
819 1565 984 1626 Τίνος
1020 1567 1181 1640 χάριν
1210 1566 1309 1620 οὐκ
1361 1566 1696 1641 ἐκπληροῦσι
1742 1567 1805 1621 τὸ
1854 1565 2006 1643 ἔργον

351 1653 449 1701 τοῦ
501 1654 632 1703 Θεοῦ
682 1652 734 1704 οἱ
789 1651 1057 1724 καμόντες
1110 1658 1345 1730 ταχέως,
1409 1654 1555 1711 ἀλλὰ
1620 1654 2008 1718 καταλιπόντες

351 1736 482 1791 αὐτὸ
540 1738 789 1809 ἀπῆλθον
850 1740 1079 1812 ἕσϐίειν;
1150 1746 1210 1800 Ὁ
1272 1742 1329 1798 δὲ
1390 1751 1516 1806 παῖς
1589 1744 1733 1821 λέγει
1809 1744 2002 1817 αὐτῷ·

2132 589 2260 653 ctis,
2314 589 2499 644 voluit
2528 590 2845 662 imperator
2887 598 2951 647 ut
2980 593 3289 648 miliarisia
3321 594 3377 647 in
3404 595 3496 649 die
3526 596 3772 651 Sabbati

2134 692 2202 730 ex
2251 677 2464 748 palatio
2507 686 2971 751 exportarentur;
3014 688 3137 737 erat
3191 682 3408 753 quippe
3464 682 3608 739 hora
3660 685 3771 740 diei

2133 770 2294 836 sexta
2317 767 2616 838 jussitque
2650 770 2979 841 Strategius
3019 788 3152 825 cum
3194 788 3400 842 operas
3440 777 3565 826 tum
3590 773 3769 828 artiﬁ-

2131 870 2225 909 ces
2256 872 2537 925 pransum
2573 858 2674 912 ire.
2702 859 3071 914 Descendens
3091 875 3223 915 vero
3256 860 3568 930 praedictus
3600 865 3771 932 Igna-

2130 943 2251 998 tius
2282 944 2680 1012 mechanicus,
2706 947 2891 1002 ﬁlium
2935 965 3115 1018 supra
3138 949 3393 1017 porticus
3424 949 3605 1003 dextri
3628 950 3770 1005 late-

2129 1032 2210 1089 ris
2258 1034 2913 1092 adv‘instrumentorum
2969 1037 3296 1093 custodiam
3348 1037 3603 1108 reliquit.
3637 1040 3773 1094 Erat

2129 1127 2326 1176 autem
2362 1140 2505 1193 puer
2536 1141 2823 1180 annorum
2876 1126 3105 1181 circiter
3153 1127 3614 1196 quatuordecim.
3667 1128 3770 1181 Se-

2127 1212 2300 1266 dente
2347 1228 2552 1283 puero,
2607 1215 2917 1269 eunuchus
2966 1215 3204 1285 quidam
3266 1214 3573 1285 splendida
3614 1221 3771 1271 veste

2128 1300 2390 1367 indutus,
2428 1301 2614 1355 forma
2644 1304 2913 1367 decorus,
2946 1304 3101 1357 velut
3141 1304 3421 1357 nimirum
3449 1321 3517 1359 ex
3557 1305 3769 1374 palatio

2127 1388 2343 1443 missus
2384 1407 2511 1445 sese
2571 1408 2749 1460 puero
2803 1391 2964 1445 sistit
2995 1397 3052 1447 et
3085 1393 3207 1446 ait:
3243 1394 3390 1456 Quid
3444 1410 3634 1448 causae
3683 1398 3769 1448 est

2123 1493 2225 1531 cur
2254 1479 2491 1549 opiﬁces
2523 1496 2670 1551 Opus
2726 1480 2826 1534 Dei
2886 1498 3001 1535 non
3052 1482 3166 1537 cito
3212 1482 3533 1551 perﬁciant,
3566 1482 3665 1537 sed
3699 1499 3764 1537 eo

2122 1565 2319 1621 relicto
2352 1575 2745 1624 comessatum
2778 1571 3089 1625 abierunt?
3120 1571 3220 1625 Cui
3271 1587 3433 1640 puer,
3481 1571 3758 1640 Jamjam,

2117 1654 2327 1725 inquit,
2362 1656 2616 1727 domine,
2671 1659 2938 1713 aderunt.
2994 1658 3093 1714 Ille
3142 1676 3295 1728 vero,
3346 1660 3503 1715 Vade
3556 1660 3669 1714 cito
3701 1666 3759 1717 et

2114 1759 2288 1798 evoca
2330 1761 2342 1800 :
2386 1761 2521 1799 nam
2572 1762 2720 1816 opus
2766 1746 2965 1816 perﬁci
3014 1764 3245 1801 summo
3307 1746 3499 1801 studio
3560 1747 3753 1817 cupio.

350 1826 517 1901 Κύριέ
569 1849 696 1901 μου,
726 1829 940 1905 ταχέως
984 1833 1385 1907 παραγίνονται.
1423 1835 1665 1888 Ἐκείνου
1724 1831 1779 1888 δὲ
1835 1833 1994 1889 πάλιν

378 1915 392 1931 .
457 1917 469 1931 .
698 1925 739 1931 ._
879 1921 899 1931 -
939 1920 950 1931 .
1034 1920 1051 1931 .
1088 1921 1125 1931 ..
1400 1922 1412 1931 .
1490 1929 1512 1931 μ
1754 1921 1801 1931 .-
1946 1925 1957 1931 .

2112 1833 2297 1887 Puero
2346 1841 2539 1889 autem
2598 1851 2660 1889 se
2717 1835 3083 1891 dicessurum
3134 1840 3404 1907 negante,
3450 1852 3520 1890 ne
3572 1836 3753 1891 ferra-

350 1915 596 1978 εἰπόντος
631 1938 643 1950 ·
698 1920 985 1994 Πορευθεὶς
1034 1920 1277 1992 λάλησον
1357 1922 1539 1985 αὐτοῖς
1574 1943 1585 1955 ·
1637 1921 1853 1977 σπεύδω
1901 1925 2001 1998 γὰρ

348 2010 447 2059 τοῦ
490 2008 702 2082 ταχέως
768 2008 1127 2080 τελειωθῆναι
1181 2014 1241 2066 τὸ
1300 2010 1461 2087 ἔργον
1494 2033 1506 2045 ο
1540 2017 1637 2067 τοῦ
1698 2010 1754 2066 δὲ
1810 2010 2004 2076 παιδὸς

353 2096 648 2170 φήσαντος,
683 2096 838 2151 αὑτὸν
895 2100 969 2171 μὴ
1031 2099 1310 2168 ἀπελθεῖν,
1351 2099 1441 2155 διὰ
1497 2102 1558 2155 τὸ
1620 2104 1820 2173 μήπως
1864 2103 2001 2155 ἀπο-

349 2181 607 2253 λεσθῆναι
660 2188 728 2240 τὰ
776 2185 1054 2263 ἐργαλεῖα,
1086 2190 1175 2243 καί
1223 2212 1386 2267 φησιν
1440 2192 1467 2244 6
1517 2190 1779 2266 εὐνοῦχος
1812 2211 1823 2223 ·
1858 2193 2000 2245 ’Ἅπ-

349 2272 474 2337 ελθε
506 2272 557 2328 έν
592 2272 826 2350 σπουδῇ,
860 2279 948 2331 καὶ
981 2279 1233 2355 φώνησον
1264 2279 1459 2343 αὐτοὺς
1511 2279 1727 2354 ταχέως
1779 2280 1952 2335 ἐλθεῖν
1986 2299 1997 2311 ⁸

346 2362 439 2416 καὶ
490 2362 600 2438 ἐγὼ
654 2359 862 2437 ὄμνυμί
919 2388 1027 2434 σοι,
1074 2368 1282 2436 τέκνον,
1318 2365 1511 2436 οὕτως,
1557 2371 1633 2439 μὰ
1686 2370 1785 2437 τήν
1844 2370 1997 2442 ἁγίαν

352 2451 551 2527 Σοφίαν
607 2452 699 2507 τὸν
753 2453 926 2529 Λόγον
977 2460 1073 2508 τοῦ
1132 2460 1289 2525 Θεοῦ,
1342 2458 1442 2525 τὴν
1502 2460 1594 2511 νῦν
1649 2456 1997 2529 κτιζομένην,

348 2540 462 2615 οὐχ
495 2541 776 2617 ὑποχωρῶ
808 2542 914 2597 ἀπὸ
944 2547 1051 2597 τῶν
1085 2541 1212 2614 ὧδε,
1239 2541 1344 2606 ἕως
1376 2546 1464 2599 ὅτε
1488 2545 1578 2599 καὶ
1604 2545 1944 2620 ὑποστρέψῃς
1981 2568 1993 2580 '

346 2624 571 2683 ἐνταῦθα
654 2629 759 2705 γὰρ
842 2630 1078 2706 ἐτάχθην
1164 2631 1440 2688 δουλεύειν
1518 2631 1610 2688 καί
1685 2632 1992 2712 φυλάττειν.

344 2720 528 2774 Ταῦτα
584 2718 816 2781 ἀκούσας
875 2721 903 2774 6
951 2726 1100 2789 παῖς,
1152 2720 1433 2795 δρομαίως
1483 2721 1772 2797 ἐπορεύθη,
1832 2745 1995 2779 κατα-

342 2804 520 2861 λιπὼν
581 2806 633 2862 έν
689 2809 769 2882 τῷ
828 2810 1058 2883 ὑπερῴῳ
1105 2810 1357 2883 κτίσματι
1425 2812 1516 2865 τὸν
1604 2810 1837 2887 ἄγγελον
1895 2819 1993 2869 τοῦ

339 2896 545 2967 Κυρίου
590 2895 899 2971 φυλάττειν.
948 2904 1035 2962 Ὠς
1093 2896 1150 2953 δὲ
1211 2898 1478 2969 κατῆλθεν
1535 2900 1562 2953 6
1611 2906 1762 2969 παῖς,
1820 2902 1989 2976 εὑρὼν

334 3004 429 3037 τον
481 2983 685 3054 πατέρα
744 2986 907 3041 αὐτοῦ
962 2988 1054 3043 τὸν
1105 2992 1320 3062 πρῶτον
1369 2985 1662 3061 οἰκοδόμον
1719 2991 1853 3061 μετᾶ
1903 2991 1991 3045 καὶ

332 3074 444 3126 των
494 3071 727 3143 λοιπῶν,
762 3074 1065 3150 ἐξηγήσατο
1113 3076 1287 3131 πάντα
1320 3097 1332 3109 ·
1366 3076 1457 3131 καὶ
1510 3078 1538 3132 6
1582 3079 1762 3152 πατὴρ
1805 3073 1987 3133 λαϐὼν

332 3160 427 3214 τὸν
480 3160 669 3231 παῖδα,
722 3162 922 3240 ⁹ἤγαγεν
980 3164 1057 3226 εἰς
1120 3166 1210 3219 τὸν
1270 3164 1536 3241 βασιλέα·
1598 3165 1711 3222 ἐκεῖ
1759 3168 1861 3242 γὰρ
1920 3169 1986 3237 ἦν

2114 1928 2313 1978 menta
2336 1923 2614 1994 perirent,
2637 1925 2719 1978 ait
2743 1923 3051 1979 eunuchus
3078 1941 3089 1978 :
3112 1924 3218 1978 Abi
3245 1925 3682 1994 quamprimum
3699 1929 3757 1979 et

2111 2011 2204 2066 dic
2261 2015 2323 2065 ut
2371 2011 2638 2067 celeriter
2686 2011 2940 2067 veniant.
2992 2012 3137 2067 Nam
3179 2013 3309 2083 iuro
3357 2012 3484 2076 tibi,
3520 2012 3624 2077 ﬁli,
3659 2028 3758 2082 per

2111 2104 2376 2154 sanctam
2409 2100 2686 2170 Sophiam
2742 2100 2835 2155 Dei
2867 2101 3129 2168 verbum,
3163 2118 3288 2172 quae
3322 2118 3477 2156 nunc
3509 2102 3756 2156 aediﬁca-

2110 2192 2225 2257 tur,
2262 2204 2354 2243 me
2388 2205 2501 2243 non
2530 2189 2667 2243 hinc
2699 2190 3069 2244 dicessurum
3110 2191 3295 2245 donec
3324 2194 3386 2244 tu
3420 2191 3750 2254 revertaris,

2109 2277 2320 2347 quippe
2341 2276 2441 2348 qui
2467 2278 2675 2347 jussus
2709 2278 2819 2332 sim
2854 2278 2947 2332 hic
2976 2277 3312 2333 ministrare
3335 2282 3391 2333 et
3426 2279 3753 2333 custodiam

2110 2382 2298 2437 agere.
2350 2367 2453 2422 His
2491 2366 2709 2421 auditis
2756 2383 2898 2437 puer
2928 2366 3097 2421 celeri
3131 2384 3307 2421 cursu
3342 2367 3752 2437 proﬁciscitur,

2108 2453 2307 2510 relicto
2361 2454 2457 2509 Dei
2501 2454 2705 2526 angelo
2762 2456 2818 2509 in
2871 2455 3172 2527 superiore
3205 2460 3367 2527 parte
3398 2456 3625 2510 aediﬁcii
3655 2473 3753 2510 cu-

2106 2544 2271 2597 stode
2296 2559 2310 2598 :
2336 2560 2400 2597 ac
2424 2544 2521 2597 ubi
2550 2548 2775 2614 patrem
2802 2544 3251 2599 architectorum
3278 2545 3594 2616 principem
3612 2561 3747 2600 cum

2106 2630 2348 2703 reliquis
2370 2632 2657 2701 convenit,
2686 2650 2807 2687 rem
2839 2632 3042 2687 ordine
3075 2633 3351 2688 narravit.
3401 2634 3569 2689 Pater
3615 2651 3747 2690 vero

2105 2720 2293 2775 ﬁlium
2326 2722 2395 2775 ad
2421 2722 2835 2793 imperatorem
2860 2721 3120 2776 adduxit.
3148 2722 3466 2792 Imperator
3490 2722 3646 2777 enim
3671 2724 3745 2778 ad

2101 2810 2417 2866 oratorium
2439 2810 2623 2865 sancti
2647 2810 2895 2866 Joannis
2930 2812 3312 2866 Przecursoris
3348 2812 3401 2866 in
3450 2812 3749 2883 horologia

2102 2902 2444 2973 prandebat.
2466 2902 2783 2971 lmperator
2814 2906 3032 2967 autem,
3065 2901 3283 2957 auditis
3307 2919 3433 2973 quae
3474 2903 3752 2959 narrabat

2101 3006 2263 3060 puer,
2322 2989 2624 3043 eunuchos
2663 3006 2868 3043 omnes
2900 2995 3122 3052 evocat,
3156 3006 3221 3044 ac
3251 3007 3429 3058 puero
3464 2993 3745 3060 ostendit,

2101 3078 2431 3147 sciscitans,
2458 3077 2695 3132 Hiccine
2717 3077 2844 3132 est?
2882 3078 3030 3133 Tum
3055 3095 3223 3149 puer,
3256 3078 3498 3147 Horum,
3534 3080 3752 3151 inquit,

2102 3183 2273 3222 nemo
2325 3171 2433 3236 est,
2486 3182 2671 3237 neque
2724 3166 2879 3220 enim
2930 3166 3140 3221 horum
3193 3168 3504 3239 quisquam
3556 3169 3751 3224 simile

338 3250 370 3303 6
434 3250 688 3325 βασιλεὺς
762 3236 951 3307 ἐσθίων
1029 3252 1114 3308 ἰπὶ
1192 3236 1614 3329 16'c6x115ptov
1674 3236 1987 3331 106'dvtou

2105 3256 2242 3327 quid
2276 3255 2452 3310 habet
2500 3236 2605 3321 illi,
2642 3270 2813 3326 quem
2866 3255 2923 3308 in
2970 3236 3536 3326 temploiconspexi.
3583 3257 3745 3311 Tunc

337 3338 596 3395 Ἰωάννου
651 3346 746 3396 τοῦ
806 3340 1133 3418 Προδρόμου
1198 3341 1249 3397 ἐν
1302 3348 1382 3415 τῷ
1438 3344 1762 3419 Ὠρολογίῳ.
1817 3346 1877 3402 Ὁ
1932 3344 1989 3400 δὶ

340 3426 597 3503 βασιλεὺς
641 3430 871 3493 ἀκούσας
915 3435 1024 3485 τῶν
1070 3431 1329 3507 ῥημάτων
1396 3432 1492 3485 τοῦ
1548 3430 1762 3500 παιδὸς,
1818 3453 1986 3508 προσ-

338 3517 633 3574 εκαλέσατο
685 3521 886 3582 πάντας
932 3520 1058 3583 τοὺς
1111 3521 1432 3595 εὐνούχους,
1477 3522 1565 3575 καὶ
1628 3520 1865 3592 ὑπέδειξε
1907 3527 1987 3595 τῷ

332 3605 633 3683 παιδαρίῳ,
694 3607 915 3684 λέγων’
977 3611 1064 3678 Μὴ
1143 3610 1298 3671 οὗτός
1373 3609 1553 3678 έστιν;
1616 3612 1677 3666 Ὁ
1745 3609 1802 3665 δὲ
1856 3618 1985 3674 παῖς

332 3717 497 3769 φησιν
535 3717 547 3730 ·
592 3695 783 3759 Οὐδεὶς
816 3696 865 3770 ἐξ
898 3698 1077 3753 αὐτῶν
1131 3696 1299 3764 ἐστιν,
1332 3697 1459 3753 ἀλλ’
1512 3697 1639 3753 οὐδὲ
1690 3706 1788 3769 τῆς
1840 3697 1984 3761 ἰδέας

328 3781 451 3858 ἔχει
485 3806 567 3845 τις
592 3784 642 3857 ἐξ
677 3786 851 3840 αὐτῶν
884 3785 1113 3859 ἐκείνου,
1148 3787 1206 3841 ’ὸν
1241 3786 1290 3841 ὶν
1323 3792 1402 3859 τῷ
1440 3791 1551 3859 ναῷ
1597 3787 1703 3863 ἐγὼ
1751 3789 1983 3864 ἑώρακα.

328 3873 466 3926 Τότε
522 3872 663 3948 ἔγνω
723 3876 750 3929 6
814 3875 1091 3947 βασιλεὺς,
1154 3876 1235 3931 ὅτι
1304 3874 1533 3952 ἅγγελος
1593 3877 1792 3952 Κυρίου
1850 3878 1983 3949 ἐστὶ,

324 3962 420 4016 καὶ
470 3963 530 4016 τὸ
583 3963 734 4038 ῥῆμα
782 3964 1062 4039 γνώριμόν
1126 3964 1259 4034 ἐστι,
1321 3965 1411 4019 καὶ
1471 3966 1498 4018 6
1559 3964 1719 4039 ὅρκος
1772 3967 1979 4021 αὐτοῦ·

328 4050 582 4113 εἰπόντος
635 4052 725 4105 καὶ
783 4056 878 4106 τοῦ
949 4050 1142 4114 παιδὸς
1187 4054 1269 4108 ὅτι
1333 4052 1665 4130 λευκοφόρος
1714 4053 1845 4121 ἐστὶ,
1895 4057 1985 4108 καὶ

324 4142 382 4195 αἱ
431 4140 650 4215 παρειαὶ
700 4139 863 4194 αὐτοῦ
918 4145 1023 4216 πῦρ
1070 4140 1413 4214 ἀπέπεμπον,
1464 4139 1554 4195 καὶ
1599 4140 1981 4217 ἐνηλλαγμένη

324 4232 361 4298 ἡ
400 4231 583 4304 ὅρασις
632 4229 818 4298 αὑτοῦ,
857 4228 1111 4304 μεγάλως
1161 4227 1377 4300 ἂδόξασε
1425 4230 1515 4284 τὸν
1571 4232 1698 4285 Θεὸν
1751 4232 1778 4285 6
1834 4234 1984 4299 βασι-

327 4317 481 4383 λεὺς,
533 4318 733 4393 λέγων,
784 4321 910 4375 ’Ότι
954 4316 1161 4374 εὑδύκει
1215 4320 1241 4373 ὁ
1299 4321 1427 4381 Θεὸς
1482 4319 1546 4373 τὸ
1591 4314 1748 4395 ἔργον
1800 4320 1983 4389 τοῦτο,

320 4407 414 4460 καὶ
447 4408 528 4461 ὅτι
566 4404 835 4483 λογισμὸς
869 4406 1036 4482 μέγας
1082 4430 1175 4482 μοι
1236 4410 1555 4483 περιέπιπτε
1604 4414 1722 4470 πῶς
1770 4406 1984 4464 καλέσω

320 4497 415 4550 τὸν
466 4496 611 4551 ναόν.
671 4496 771 4550 Καὶ
826 4491 1009 4552 ἔκτοτε
1082 4499 1502 4574 προσηγορεύθη
1562 4500 1589 4552 6
1642 4499 1766 4559 ναὸς
1831 4499 1986 4573 Ἀγία

2100 3344 2417 3415 imperator
2446 3343 2718 3416 angelum
2770 3360 2899 3399 esse
2946 3344 3178 3399 Domini
3205 3350 3332 3399 tum
3366 3360 3433 3399 ex
3462 3346 3588 3414 ejus
3615 3361 3742 3400 ser-

2098 3450 2267 3489 mone
2322 3439 2446 3487 tum
2501 3449 2568 3487 ex
2621 3433 3010 3504 jurejurando
3064 3433 3354 3504 cognovit,
3413 3436 3736 3504 praesertim

2094 3539 2274 3593 puero
2308 3522 2639 3576 afﬁrmante
2673 3521 2855 3577 fuisse
2888 3521 3051 3576 illum
3084 3526 3243 3577 veste
3274 3521 3544 3592 candida,
3573 3523 3739 3593 genis

2093 3611 2286 3683 ignem
2319 3611 2703 3679 vibrantibus,
2728 3616 2783 3665 et
2803 3611 2962 3664 vario
2984 3611 3142 3665 vultu
3170 3628 3184 3677 ;
3212 3627 3277 3665 ac
3299 3611 3481 3666 Deum
3506 3612 3737 3683 magnis

2094 3698 2371 3755 laudibus
2427 3699 2748 3754 cumulavit
2800 3699 3117 3770 imperator
3158 3700 3357 3755 dicens
3393 3716 3405 3753 :
3439 3701 3545 3755 Deo
3596 3718 3732 3757 sane

2091 3797 2372 3860 acceptum
2401 3792 2479 3843 est
2508 3789 2606 3843 hoc
2633 3804 2786 3859 opus,
2828 3789 3206 3860 haerebamque
3254 3791 3493 3844 multum
3534 3793 3737 3847 anxius

2094 3895 2201 3950 quo
2247 3880 2472 3933 nomine
2509 3886 2751 3949 tempum
2809 3877 3169 3948 appellarem.
3208 3877 3544 3950 Exindeque
3577 3886 3727 3934 tem-

2095 3968 2256 4039 plum
2292 3967 2659 4039 appellatum
2690 3972 2779 4022 est
2808 3967 3019 4021 Sancta
3042 3966 3279 4037 Sophia,
3312 3969 3466 4038 quod
3516 3968 3736 4040 signiﬁ-

2094 4062 2205 4125 cat,
2239 4056 2492 4110 Verbum
2534 4057 2649 4110 Dei.
2686 4060 2761 4111 Re
2810 4072 2945 4111 vero
2979 4072 3176 4111 secum
3212 4073 3516 4127 perpensa,
3550 4056 3738 4127 impe-

2094 4149 2249 4199 rator
2283 4144 2366 4199 sic
2394 4144 2509 4199 ait:
2534 4145 2658 4198 Non
2679 4145 2868 4199 sinam
2892 4161 3137 4215 puerum
3163 4145 3232 4198 ad
3258 4145 3540 4217 templum
3566 4146 3738 4200 remi-

2094 4248 2281 4304 grare,
2348 4237 2410 4286 ut
2465 4232 2706 4302 angelus
2766 4233 2998 4286 Domini
3067 4231 3207 4285 illud
3270 4233 3330 4285 in
3390 4238 3735 4303 perpetuum

2093 4320 2407 4387 custodiat,
2440 4321 2935 4390 quemadmodum
2952 4320 3287 4390 juramento
3303 4320 3597 4389 pollicitus
3627 4327 3735 4376 est.

2092 4410 2148 4463 Si
2171 4410 2326 4464 enim
2351 4409 2421 4463 ad
2448 4409 2728 4464 fabricam
2752 4408 2989 4462 redierit
3011 4423 3174 4478 puer,
3210 4408 3456 4479 angelus
3509 4410 3737 4464 Domini

2093 4499 2298 4560 abibit,
2334 4514 2466 4553 cum
2494 4514 2671 4567 puero
2696 4496 2927 4563 dixerit,
2961 4497 3154 4551 Donec
3185 4497 3447 4568 redieris,
3482 4502 3737 4568 Impera—

320 4584 517 4661 Σοφία.
588 4586 616 4639 6
682 4584 861 4659 Λόγος
942 4590 1039 4639 τοῦ
1123 4591 1257 4640 Θεοῦ
1335 4585 1798 4660 ἑρμηνευόμενος.
1878 4588 1983 4643 Καὶ

2105 4592 2183 4643 tor
2211 4587 2410 4659 itaque
2443 4585 2688 4643 consilio
2721 4602 2852 4641 cum
2904 4585 3217 4656 praecipuis
3269 4592 3607 4642 senatorum
3642 4606 3734 4644 sa-

320 4676 601 4745 σκοπήσας
659 4675 686 4727 6
751 4673 1007 4749 βασιλεὺς
1068 4676 1212 4730 εἶπεν
1271 4675 1444 4737 οὕτως
1478 4695 1492 4708 '
1534 4677 1624 4744 Μὴ
1680 4676 1819 4730 ὲάσω
1884 4678 1974 4731 τὸν

318 4761 492 4819 παῖδα
542 4764 894 4838 ὑποστρέψαι,
945 4761 1035 4818 ’ίνα
1085 4763 1161 4827 εἰς
1215 4764 1278 4819 τὸ
1335 4761 1578 4835 διηνεκὲς
1651 4763 1895 4841 φυλάττῃ
1948 4767 1974 4820 6

322 4852 564 4926 ἅγγελος
626 4852 849 4927 Κυρίου,
903 4853 977 4914 ὡς
1043 4853 1155 4906 εἶπε
1202 4850 1478 4916 κατελθὼν
1540 4853 1591 4907 ἐν
1652 4852 1861 4927 ὅρκοις.
1912 4855 1974 4911 Εἰ

321 4941 426 5014 γὰρ
477 4942 504 4993 6
553 4946 679 5002 παῖς
716 4940 1027 5014 ὑποστρέψῃ
1087 4941 1176 4993 καὶ
1234 4939 1406 5003 ἐλθὼν
1461 4939 1513 4994 ἐν
1566 4946 1644 5013 τῷ
1700 4941 1974 5015 κτίσματι,

318 5029 413 5083 καὶ
458 5030 688 5104 ἄγγελος
736 5028 941 5102 Κυρίου
996 5028 1339 5103 ὑποστρέφει,
1380 5029 1519 5092 καθά
1575 5031 1852 5107 προέφησε
1896 5033 1976 5103 τῷ

317 5114 598 5193 παιδαρίῳ
668 5118 751 5189 τὸ,
805 5119 950 5179 Ἕως
1027 5118 1088 5171 οὗ
1160 5115 1349 5192 ἔλθῃς.
1414 5118 1870 5191 Βουλευσαμένου
1921 5117 1977 5174 δὶ

214 5230 217 5231 '
316 5212 415 5262 τοῦ
469 5206 737 5282 βασιλέως
807 5206 933 5269 τοὺς
991 5204 1301 5279 κρείττονας
1356 5210 1455 5275 τῆς
1515 5206 1827 5279 συγκλήτου
1886 5208 1973 5263 καὶ

317 5296 626 5371 ἱερατικοὺς
705 5294 991 5369 ποιμέκας,
1052 5294 1199 5348 εἶπον
1258 5294 1403 5367 αύτῷ
1445 5317 1457 5330 ο
1518 5297 1610 5364 Μὴ
1675 5295 1977 5351 ὑπόστελλε

315 5386 409 5440 τὸν
468 5382 636 5438 παῖδα
692 5384 767 5446 εἷς
821 5386 919 5453 τήν
978 5380 1305 5456 οἰκοδομὴν,
1339 5384 1473 5438 κατὰ
1528 5385 1619 5438 τὸν
1672 5384 1833 5458 ὅρκον
1880 5391 1976 5439 τοῦ

2091 4676 2291 4748 crique
2322 4676 2548 4731 ordinis
2582 4675 2919 4747 pastoribus
2948 4673 3115 4743 inito,
3150 4674 3299 4729 hanc
3331 4676 3401 4730 ab
3437 4675 3551 4730 illis
3605 4694 3736 4732 sen-

2088 4764 2329 4821 tentiam
2362 4765 2584 4835 accepit
2617 4782 2628 4819 :
2664 4764 2745 4818 Ne
2794 4765 2993 4818 mittas
3026 4780 3272 4835 puerum
3320 4765 3390 4819 ad
3433 4766 3737 4835 fabricam,

2087 4857 2151 4907 ut
2182 4853 2426 4925 angelus
2459 4852 2602 4906 illud
2636 4868 2705 4906 ex
2748 4852 3138 4922 jurejurando
3172 4870 3286 4924 quo
3308 4870 3371 4908 se
3402 4854 3735 4923 obstrinxit,

2085 4943 2156 4997 ad
2193 4942 2367 4997 ﬁnem
2406 4957 2591 5012 usque
2624 4941 2851 5010 mundi,
2890 4942 2981 4996 Dei
3008 4942 3207 5011 jussu,
3242 4942 3548 4996 custodiat.
3582 4942 3734 4995 Divi-

2084 5032 2185 5086 tiis
2222 5030 2400 5101 igitur
2455 5035 2511 5085 et
2554 5030 2843 5102 dignitate
2896 5036 3134 5085 auctum
3187 5047 3458 5101 puerum,
3512 5029 3733 5084 volente

2087 5127 2268 5191 patre,
2289 5120 2360 5173 ad
2393 5119 2670 5190 Cycladas
2705 5118 2933 5172 insulas
2964 5119 3264 5189 relegavit.
3297 5119 3407 5171 lloc
3436 5134 3606 5187 porro
3629 5133 3732 5170 an-

2086 5208 2197 5280 geli
2229 5224 2363 5262 cum
2398 5225 2575 5278 puero
2609 5207 2992 5277 colloquium,
3025 5207 3081 5260 in
3116 5208 3351 5261 dextera
3398 5210 3563 5274 parte
3604 5204 3732 5275 pilas

2087 5296 2407 5366 superioris
2430 5296 2690 5366 fornicis,
2717 5298 2783 5351 ad
2811 5296 3078 5351 Trullum
3104 5292 3584 5364 ascendentibus,
3621 5294 3730 5349 ba-

2087 5388 2276 5442 bitum
2313 5391 2422 5440 est.

321 5472 575 5549 ἆγγέλου,
608 5472 759 5536 ὅπως
787 5472 846 5528 ἔκ
871 5478 1005 5528 Θεοῦ
1036 5472 1246 5551 φυλάξῃ
1275 5473 1366 5526 τὸν
1392 5473 1515 5527 ναὸν
1550 5471 1652 5535 ἕως
1683 5475 1874 5536 τέλους
1906 5476 2139 5547 κόσμου.
2174 5475 2231 5527 Ὀ
2265 5469 2321 5526 δὲ
2368 5472 2617 5545 βασιλεὺς
2662 5471 2960 5531 πλουτίσας
3004 5470 3095 5522 τὸν
3146 5465 3312 5522 παῖδα
3359 5469 3448 5523 καὶ
3500 5470 3730 5539 ἀξιώσας

318 5562 480 5616 αὐτὸν
509 5569 679 5634 τιμῆς
715 5562 982 5636 μεγάλης,
1017 5560 1301 5616 ἀπέστειλε
1334 5562 1470 5635 μετὰ
1504 5562 1709 5636 βουλῆς
1738 5569 1835 5617 τοῦ
1866 5565 2069 5639 πατρὸς
2102 5563 2262 5618 οὑτοῦ
2291 5562 2366 5623 εἷς
2399 5561 2604 5637 ἐξορίαν
2637 5561 2711 5621 είς
2759 5560 2852 5620 τὰς
2906 5553 3189 5618 Κυκλάδας
3237 5560 3456 5628 νήσους.
3490 5561 3731 5634 Ἐγένετο

318 5648 377 5705 δὲ
430 5650 496 5704 τὸ
556 5649 708 5725 ῥῆμα
757 5655 854 5707 τοῦ
911 5650 1140 5727 ἀγγέλου
1200 5648 1277 5713 εἷς
1330 5651 1393 5705 τὸ
1455 5648 1623 5720 δεξιὸν
1691 5653 1854 5727 μέρος
1907 5649 2003 5705 τοῦ
2060 5657 2254 5706 πινσοῦ
2312 5658 2411 5721 τῆς
2475 5652 2581 5705 ἄνω
2640 5645 2854 5721 ἀψίδος,
2902 5650 3019 5707 τοῖς
3079 5647 3469 5722 ἄνερχομένοις
3511 5649 3598 5702 ἐπὶ
3640 5651 3730 5705 τὸν

315 5736 593 5815 Τροῦλον.
