4018 6220
416 344 444 399 1
455 341 569 400 299

1371 340 1769 401 APPENDIX
1816 340 1919 400 AD
1966 337 2429 399 MIGHAELEM
2473 336 2859 397 PSELLUM.

3635 343 3754 404 1300

416 469 675 539 Angelus,
705 471 944 527 eunuchi
970 473 1177 542 forma,
1197 472 1729 551 imperatorianxio
1777 471 1840 526 ab
1888 470 2130 551 pec-auiae
2166 470 2487 551 penuriam,
2524 474 2782 551 apparet,
2814 476 2865 523 et
2888 483 3148 540 magnam
3193 471 3329 525 auri
3354 471 3553 542 capiam
3571 474 3623 526 in
3652 488 3757 545 opus

1465 544 1693 615 fabrica:
1720 540 2011 615 promittit,
2045 547 2097 596 et
2127 540 2372 613 sequenti
2400 540 2490 595 die
2520 540 2779 610 largitur.

492 639 633 693 Cum
667 644 859 695 autem
884 642 1156 705 artifices,
1182 646 1496 714 postquam
1520 642 1590 697 ad
1618 642 1904 696 secundas
1929 657 2057 711 por-

2246 638 2575 691 Φθασάντων
2609 632 2665 689 δὲ
2693 639 2799 688 τῶν
2834 632 3145 708 οἰκοδόμων
3207 636 3283 699 εἷς
3313 639 3381 692 τὰ
3410 638 3607 713 δεύτερα
3632 640 3760 715 ὑπερ.

421 728 573 783 ticus
604 730 985 799 pertigerunt,
1028 731 1452 801 superioribus,
1505 729 1797 785 columnis
1832 747 1898 784 ao
1948 731 2061 785 for-

422 816 652 872 nicibus
685 820 912 883 erectis,
949 818 1378 890 circumpositae
1407 820 1636 876 fabricae
1682 824 1831 875 tecta
1872 820 2061 890 impo-

420 906 703 975 suissent,
742 907 1057 978 imperator
1104 909 1175 963 ob
1230 910 1490 979 pecuniae
1541 909 1847 981 penuriam
1895 909 2062 963 vehe-

424 1001 650 1050 menter
673 996 807 1065 angi
838 996 1034 1067 coepit.
1059 1000 1258 1052 Stante
1290 1001 1487 1053 autem
1546 997 1643 1052 illo
1685 998 1743 1053 in
1777 996 2065 1069 superiori

426 1084 655 1138 fabrica
703 1088 889 1155 parte,
945 1101 1078 1140 cum
1134 1086 1402 1141 Trullum
1452 1087 1846 1143 aedificaturus
1887 1090 2064 1154 esset,

423 1171 678 1225 Sabbato
722 1172 847 1242 jam
905 1172 1223 1229 inclinante
1283 1175 1396 1243 die,
1446 1177 1753 1231 eunuchus
1785 1176 1882 1231 ille
1912 1179 2067 1230 veste

423 1259 672 1312 candida
701 1260 871 1314 anxio
904 1261 1246 1332 imperatori
1278 1280 1341 1318 se
1374 1263 1551 1334 sistit,
1585 1265 1787 1336 sicque
1810 1263 2065 1335 compel-

423 1345 541 1402 lat:
576 1346 724 1409 Quid
757 1350 1017 1419 pecunias
1050 1368 1230 1406 causa
1288 1352 1546 1419 domine,
1600 1353 1870 1424 angeris?
1918 1353 2068 1408 Jube

426 1450 555 1489 cras
582 1436 695 1490 cito
731 1438 926 1492 venire
976 1440 1265 1508 quosdam
1302 1458 1366 1495 ex
1417 1441 1801 1511 optimatibus
1842 1441 1982 1510 tuis,
2013 1446 2070 1496 et

425 1528 706 1594 quantam
731 1526 907 1582 fuerit
930 1544 1077 1598 opus
1099 1529 1224 1583 auri
1248 1530 1463 1601 signati
1486 1547 1783 1586 summam
1806 1531 2066 1585 afferam.

426 1614 705 1683 Sequenti
756 1630 885 1670 vero
924 1616 1016 1671 die
1047 1617 1287 1674 veniens
1326 1620 1635 1674 eunuchus
1658 1620 1936 1674 fabricam
1982 1619 2070 1672 vi—

432 1707 659 1757 sentem
683 1702 1098 1775 imperatorem
1131 1708 1371 1763 oﬂ'endit
1405 1726 1419 1764 :
1455 1710 1556 1780 qui
1587 1707 1941 1777 Strategium
1972 1708 2071 1764 de-

435 1792 755 1861 putavit,et
784 1793 1096 1850 Basilidem
1132 1801 1505 1867 quaestorem,
1554 1798 1916 1853 Theodorum
1972 1815 2072 1869 pa-

432 1880 691 1949 tricium,
732 1888 1117 1954 cognomento
1148 1886 1582 1958 Colocyntbem,
1615 1887 1715 1958 qui
1742 1888 1915 1943 etiam
1950 1892 2077 1944 erat

436 1970 765 2038 praefectus,
791 1988 925 2025 cum
949 1973 1133 2029 servis
1165 1974 1397 2030 circiter
1421 1976 1870 2048 quinquaginta,
1898 1977 2077 2033 mulis

432 2058 753 2128 viginti,ac
780 2060 1094 2131 bulgarum
1136 2063 1342 2134 viginti
1395 2070 1615 2136 septem
1665 2068 1926 2137 paribus.
1981 2067 2078 2122 His

432 2145 530 2201 ille
556 2149 874 2219 assumptis
904 2164 1010 2221 per
1054 2153 1298 2208 Auream
1333 2158 1561 2224 portam
1612 2171 1745 2209 cum
1789 2157 1858 2210 ad
1898 2156 2082 2212 tribu'

435 2235 594 2290 nalia
624 2237 901 2306 venisset,
962 2239 1062 2308 qui
1096 2241 1261 2296 missi
1293 2247 1460 2297 erant
1490 2243 1763 2299 viderunt
1792 2247 2083 2317 swpenda

426 2324 647 2394 palatia
680 2342 691 2379 :
721 2330 896 2397 atque
954 2346 1021 2383 ex
1069 2331 1233 2399 equis
1279 2348 1412 2387 cum
1464 2334 1929 2403 descendissent,
1982 2352 2083 2406 per

424 2414 830 2470 admirandam
878 2416 1096 2472 scalam
1138 2420 1209 2474 ab
1239 2422 1510 2477 eunucho
1563 2424 1881 2478 ducuntur.
1932 2425 2079 2479 Tum

424 2502 581 2557 clave
613 2520 771 2559 aenea
795 2509 851 2558 et
883 2506 1188 2577 splendida
1217 2510 1561 2565 cubiculum
1589 2512 1834 2582 aperuit.
1858 2513 2079 2568 Utvero

421 2593 706 2662 magister
752 2594 1077 2664 Strategius
1119 2598 1400 2666 narravit,
1438 2599 1840 2669 pavimentum
1890 2606 2077 2657 totum

430 2695 571 2733 auro
605 2680 835 2749 signato
866 2686 1119 2737 stratum
1154 2690 1210 2738 et
1246 2685 1487 2756 plenum
1521 2692 1646 2743 erat
1678 2705 1690 2742 :
1726 2694 2078 2760 acceptaque

422 2766 558 2836 pala
615 2768 948 2833 eunuchus,
1008 2771 1260 2842 singulis
1316 2774 1512 2847 bulgis
1572 2778 1698 2831 auri
1747 2780 2080 2834 centenaria

426 2856 988 2926 quatuorimmisit;
1041 2878 1253 2933 nempe
1305 2864 1484 2919 simul
1541 2868 1878 2922 centenaria
1923 2875 2077 2925 octo-

420 2940 604 3014 ginta,
636 2948 691 2998 et
743 2961 878 3000 cum
925 2951 1087 3004 tanto
1139 2967 1382 3007 munere
1435 2954 1851 3026 imperatorem
1903 2958 2079 3013 remi-

434 3030 531 3099 sit,
566 3030 881 3104 clausoque
912 3053 1109 3092 coram
1143 3039 1227 3094 eis
1259 3042 1553 3113 cubiculo,
1606 3045 1662 3098 in
1704 3062 1818 3117 quo
1867 3064 2077 3102 aurum

425 3120 724 3192 signatum
764 3129 906 3191 erat,
945 3125 1024 3181 ait
1048 3127 1167 3183 illis
1194 3146 1205 3182 :
1232 3131 1359 3185 Haec
1384 3133 1582 3187 aﬂ'erte
1620 3133 1980 3207 imperatori,
2015 3142 2080 3191 ut

418 3209 478 3264 in
510 3211 739 3266 fabricae
773 3230 920 3285 Opus
973 3223 1191 3287 eroget.
1246 3219 1359 3285 Illi,
1407 3223 1678 3278 eunucho
1725 3224 1806 3277 ibi
1855 3224 2078 3295 relicto,

418 3301 575 3370 quod
607 3309 974 3373 acceperant,
1009 3305 1350 3376 imperatori
1383 3326 1594 3365 aurum
1651 3312 1941 3368 deferunt.
1976 3313 2079 3368 Ille

2173 731 2275 798 ᾦα,
2324 747 2415 779 και
2472 722 2790 800 ἐγειράντων
2845 725 2972 785 τοὺς
3028 723 3208 779 ἐπάνω
3264 726 3445 788 κίονας
3494 729 3570 782 καὶ
3624 730 3764 801 καμά-

2172 835 2288 889 ρας,
2322 813 2413 868 καὶ
2468 812 2842 867 σκεπασάντων
2894 812 2961 867 τὰ
3009 814 3184 887 πέριξ,
3216 815 3413 887 ἠθύμει
3465 816 3490 870 6
3533 815 3763 890 βασιλεὺς,

2175 901 2262 956 διὰ
2304 891 2369 956 ’τὸ
2423 904 2498 975 μὴ
2546 896 2692 977 ἔχειν
2756 907 2962 978 χρυσοῦ
3012 903 3310 974 ποσότητα.
3369 906 3647 978 Ἰσταμένου
3694 904 3765 959 οὖν

2172 995 2275 1053 τοῦ,
2317 989 2584 1066 βασιλέως
2654 991 2729 1052 εἷς
2787 993 2855 1045 τά
2918 993 3136 1068 ὑπερῷα
3191 998 3301 1047 τῶν
3349 996 3657 1067 κτισμάτων,
3698 995 3767 1049 καὶ

2180 1080 2477 1152 μέλλοντος
2510 1079 2716 1155 ἐγεῖραι
2768 1081 2858 1134 τὸν
2907 1080 3151 1155 Τροῦλον
3196 1083 3331 1155 μετὰ
3370 1084 3467 1151 τήν
3524 1083 3650 1159 ὤραν
3693 1088 3769 1138 τοῦ

2178 1164 2486 1238 Σαϐϐάτου,
2539 1170 2612 1232 ὡς
2686 1166 2794 1240 ἤδη
2872 1169 3062 1245 βαθὲος
3118 1170 3363 1243 ἀρίστου,
3415 1170 3772 1245 ἀδημονοῦντος

2174 1264 2270 1313 τοῦ
2333 1258 2622 1334 βασιλέως,
2676 1257 2844 1333 ἐφάνη
2914 1259 3060 1331 αὐτῷ
3136 1259 3419 1336 εὐνοῦχος,
3468 1260 3771 1339 λευκοοόροςι

2179 1349 2415 1424 εἰρηκὼς
2472 1348 2617 1420 αὐτῷ
2652 1367 2663 1379 ·
2724 1350 2783 1401 Τί
2844 1345 2991 1422 λυπῇ
3042 1350 3163 1423 περὶ
3211 1349 3545 1425 χρημάτων;
3578 1351 3774 1425 πρόστα-

2179 1438 2264 1507 ξον
2327 1437 2503 1501 ἐλθεῖν
2557 1436 2700 1513 ταχὺ
2742 1438 2840 1505 τήν
2875 1435 3059 1514 αὔριον
3096 1438 3149 1493 ἐκ
3179 1443 3289 1494 τῶν
3325 1442 3636 1514 μεγιστάνων
3680 1461 3774 1508 σου,

2178 1528 2262 1581 καὶ
2315 1527 2532 1599 κομίσω
2583 1548 2666 1581 σοι
2715 1527 2945 1602 χρυσίου
2994 1529 3253 1604 χάραγμα
3298 1528 3423 1583 ὅσον
3473 1528 3527 1583 ἂν
3574 1527 3776 1607 ὀφείλῃς.

2180 1618 2265 1688 Τῇ
2311 1612 2367 1669 δὲ
2418 1614 2674 1691 ἐπαύριον
2738 1614 2909 1679 ἐλθὼν
2958 1617 2984 1669 6
3036 1615 3317 1692 εὐνοῦχος,
3365 1618 3455 1671 καὶ
3504 1618 3656 1693 εὑρὼν
3705 1618 3776 1672 τὸν

2186 1703 2433 1777 βασιλέα,
2468 1704 2549 1759 ὅτι
2587 1703 2873 1779 ἐπορεύετο
2921 1706 3050 1779 ὁρᾷν
3097 1706 3161 1759 τὰ
3206 1706 3492 1779 κτίσματα,
3525 1704 3721 1762 δέδωκεν
3758 1709 3779 1758 ὁ

2187 1792 2442 1869 βασιλεὺς
2481 1794 2573 1849 τὸν
2626 1796 2983 1869 Στρατηγιον,
3028 1793 3115 1849 καὶ
3168 1793 3466 1865 Βασιλίδην
3510 1796 3591 1849 τὸν
3643 1793 3784 1849 xani-

2185 1904 2370 1959 στορα,
2402 1883 2491 1938 καὶ
2540 1881 2819 1959 Θεόδωρον
2864 1882 3173 1959 πατρίκιον,
3216 1885 3305 1938 τὸν
3368 1884 3590 1956 ἐπίκλην
3636 1882 3783 1939 Κολο-

2184 1971 2407 2043 κύνθην,
2462 1973 2551 2026 τὸν
2598 1973 2687 2026 καὶ
2738 1969 3001 2048 ἔπαρχον,
3048 1972 3135 2027 καὶ
3190 1973 3465 2047 ὑπηρέτας
3514 1972 3664 2049 μέχρι
3699 1976 3785 2026 τῶν

2191 2064 2545 2132 πεντήκοντα,
2603 2061 2692 2116 καὶ
2752 2061 3017 2134 ἡμιόνους
3080 2060 3250 2117 εἷ’κοσι
3311 2063 3449 2135 μετὰ
3503 2060 3787 2137 βουλγιὲίων

2195 2155 2370 2225 ζυγῶν
2417 2152 2515 2219 κζ’.
2564 2150 2798 2213 Τούτους
2850 2146 3033 2206 λαϐὼν
3081 2152 3108 2205 6
3161 2152 3431 2228 εὐνοῦχος
3497 2150 3673 2222 ἐξῆλθε
3711 2157 3790 2217 τῆς

2192 2240 2429 2315 Χρυσίας
2489 2240 2714 2313 πόρτας,
2770 2238 2860 2293 καὶ
2920 2238 3092 2293 ἐλθὼν
3160 2240 3238 2303 εἲς
3310 2242 3378 2295 τὰ
3454 2235 3793 2316 Τριῦουνάλια,

2191 2328 2357 2406 ἐφάνη
2415 2330 2508 2401 μὲν
2570 2335 2689 2391 τοῖς
2749 2328 3101 2383 ἀποσταλεῖσι
3159 2326 3403 2383 παλάτια
3459 2329 3636 2384 κτιστὰ
3694 2340 3797 2391 θαυ-

2193 2419 2387 2491 μαστά.
2450 2420 2546 2476 Ἐκ
2602 2423 2709 2472 τῶν
2765 2416 2950 2473 ’ίππων
3014 2415 3070 2472 δὶ
3124 2413 3475 2490 καταϐάντες,
3532 2412 3799 2472 ἀνεϐίϐασεν

2191 2508 2385 2570 αὐτοὺς
2418 2509 2445 2560 6
2477 2507 2735 2583 εὐνοῦχος
2769 2509 2843 2570 εἷς
2875 2506 3119 2580 κλίμακα
3169 2510 3510 2581 θαυμαστὴν,
3548 2507 3632 2562 καὶ
3671 2500 3798 2561 ἐκϐα-

2192 2596 2302 2652 λὼν
2353 2595 2546 2652 κλεῖδα
2594 2597 2847 2673 λαμπρὰν
2898 2594 3144 2672 χαλκῆν,
3192 2595 3379 2667 ἤνοιξε
3434 2591 3799 2651 κουϐούκλιον·

2189 2686 2301 2757 καὶ,
2335 2685 2408 2749 ὥς
2459 2708 2590 2764 φησι
2641 2688 2979 2761 Στρατήγιος
3009 2686 3035 2738 ὁ
3076 2684 3395 2762 μάγιστρος,
3430 2686 3495 2754 ἦν
3540 2686 3597 2740 16
3638 2682 3799 2761 ἔδαφος

2192 2775 2533 2849 ἐστρωμένον
2564 2776 2652 2830 καὶ
2693 2774 3134 2851 πεπληρωμένον
3178 2774 3413 2849 χρυσίου
3461 2777 3798 2851 χαράγματος.

2190 2866 2289 2918 Καὶ
2339 2860 2523 2918 λαϐὼν
2576 2864 2743 2919 πτύον
2797 2864 2824 2918 ὀ
2875 2863 3157 2938 εὐνοῦχος,
3203 2857 3399 2918 ἔϐαλεν
3462 2862 3539 2940 ἐφ’
3577 2861 3657 2916 ἕνα
3696 2859 3798 2914 gm-

2192 2973 2313 3007 στον
2352 2950 2685 3027 βουλγίδιον,
2719 2956 2927 3028 χρυσοῦ
2957 2952 3282 3028 κεντηνάρια
3307 2952 3545 3027 τέσσαρα
3573 2970 3584 2983 ·
3617 2953 3655 3027 ρ’
3679 2951 3715 3024 ρ’
3740 2951 3798 3004 π’,

2192 3042 2287 3098 Καὶ
2340 3040 2466 3103 δοὺς
2516 3042 2703 3104 αὐτοῖς
2750 3040 3035 3096 ἀπέστειλε
3080 3042 3216 3116 πρὸς
3263 3042 3358 3095 τὸν
3438 3038 3651 3117 βασιλέα
3680 3058 3691 3071 ·
3725 3038 3798 3092 καὶ

2188 3129 2408 3192 κλείσας
2460 3129 2759 3205 ἔμπροσθεν
2811 3130 2985 3185 αὐτῶν
3035 3132 3096 3185 τὸ
3143 3126 3538 3198 κουῦούκλιον,
3578 3130 3623 3184 ἐν
3667 3129 3704 3199 ᾧ
3745 3126 3802 3193 ἦν

2188 3220 2250 3274 τὸ
2308 3219 2590 3295 χάραγμα,
2648 3217 2750 3294 ἔφη
2805 3221 2990 3280 αὐτοῖς
3024 3238 3036 3251 ·
3096 3220 3279 3291 Ὑμεῖς
3334 3220 3602 3292 κομίσατε
3664 3221 3805 3272 ταῦτα

2189 3314 2267 3378 τῷ
2333 3308 2568 3382 βασιλεῖ,
2621 3309 2700 3371 εἵς
2763 3310 2825 3364 τὸ
2883 3312 3253 3363 κατακειιῶσαι
3303 3308 3442 3364 αὐτὰ
3504 3309 3577 3373 εἰς
3625 3303 3806 3362 οἱκοδο-

417 3403 551 3442 vero
588 3389 1032 3460 obstupefactus
1062 3410 1072 3448 :
1100 3396 1387 3462 Quonam,
1423 3398 1637 3470 inquit,
1669 3402 2071 3466 concessistis,

2193 3398 2299 3468 μὴν
2336 3403 2437 3451 τοῦ
2480 3404 2635 3456 ναοῦ.
2677 3400 2733 3451 Ὀ
2790 3396 2847 3452 δὲ
2895 3398 3153 3472 εὐνοῦχος
3211 3396 3545 3469 κατελείφθη
3605 3396 3721 3454 ἐκεῖ.
3755 3395 3807 3452 Οἳ

421 3476 624 3545 quisve
651 3480 961 3535 eunuchus
993 3481 1132 3537 ille?
1154 3485 1271 3554 Ipsi
1312 3502 1446 3541 vero
1471 3493 1683 3542 cuncta
1716 3490 1920 3544 ordine
1944 3508 2076 3545 nar-

421 3571 555 3620 rant
586 3565 781 3622 locum
805 3570 1057 3635 aedificii,
1084 3573 1324 3644 vimque
1362 3578 1489 3631 auri
1522 3578 1870 3635 immensam
1896 3581 1951 3635 in
1976 3598 2081 3635 cu-

422 3654 951 3726 biculojacentem.
978 3660 1198 3731 Cupide
1240 3665 1561 3733 imperator
1607 3670 1979 3739 exspectabat
2000 3688 2083 3724 re-

425 3743 613 3798 ditum
646 3748 901 3801 eunuchi
937 3766 950 3803 :
986 3765 1117 3803 cum
1155 3756 1351 3808 autem
1377 3770 1492 3809 non
1517 3756 1760 3822 veniret,
1792 3774 2023 3813 servum
2048 3778 2081 3814 a

422 3832 671 3901 pedibus
702 3835 772 3887 ad
807 3834 972 3890 illum
1008 3838 1173 3893 misit
1223 3857 1476 3914 cumque
1523 3843 1717 3899 locum
1745 3846 1803 3900 in
1838 3863 1951 3916 quo
1984 3865 2079 3918 pa-

424 3918 566 3973 latia
586 3920 873 3990 viderant,
894 3925 1066 3981 domo
1090 3943 1339 3983 vacuum
1370 3933 2072 4002 deprehendisset,rever-

422 4024 525 4062 sus
556 4014 766 4065 cuncta
813 4012 1152 4081 imperatori
1201 4020 1517 4075 renuntiat.
1577 4023 1825 4094 Stupore
1856 4024 2077 4094 percul-

423 4112 525 4153 sus
560 4096 677 4167 ille,
721 4116 779 4153 re
809 4100 1128 4173 intellecta,
1167 4106 1347 4162 dixit:
1373 4108 1518 4164 Vere
1542 4110 1669 4182 ipse
1701 4112 1795 4166 Dei
1831 4114 2073 4183 angelus

420 4189 563 4251 erat,
585 4190 643 4241 et
673 4187 1027 4246 miraculum
1056 4193 1326 4251 effectum
1359 4204 1469 4268 est,
1499 4204 1562 4253 ut
1586 4202 1934 4271 sciamus,ac
1957 4203 2073 4257 Deo

418 4273 665 4345 gloriam
695 4277 1049 4337 tribuamus.

2192 3484 2249 3540 δὲ
2289 3486 2494 3562 ἤγαγον
2542 3493 2625 3560 τῷ
2670 3484 2887 3563 βασιλεῖ
2934 3488 2995 3542 τὸ
3041 3507 3297 3563 χρυσιον,
3328 3489 3426 3542 καὶ
3481 3486 3745 3561 ἐκπλαγεῖς
3784 3484 3807 3537 ὃ

2195 3575 2472 3649 βασιλεὺς,
2502 3572 2603 3653 ἔφη
2648 3576 2833 3637 αὐτοῖς
2865 3595 2878 3608 ’
2915 3577 3000 3632 Ἐν
3049 3577 3192 3648 ποίῳ
3234 3575 3395 3648 τόπῳ
3438 3571 3805 3641 ἀπέλθατε,καί

2188 3665 2271 3726 τίς
2302 3667 2328 3718 ὁ
2365 3666 2671 3740 εὐνοῦχος;
2707 3664 2809 3721 Καὶ
2859 3662 3182 3740 ἀνήγγειλαν
3220 3664 3370 3737 αὐτῷ
3426 3666 3615 3735 πάντα,
3642 3664 3722 3717 τόν
3759 3680 3808 3714 τε

2189 3754 2354 3809 τόπον
2400 3759 2506 3809 τῶν
2557 3753 2874 3827 οἰκημάτων
2922 3754 3091 3827 αὐτῷ,
3143 3754 3233 3810 καὶ
3292 3755 3378 3809 ὅτι
3440 3755 3659 3831 χρυσίον
3712 3750 3807 3825 εἴγε

2188 3843 2493 3917 κεχυμένον
2523 3841 2609 3897 ἐπὶ
2634 3843 2695 3897 τὸ
2726 3839 3086 3898 κουϐούκλιον
3122 3843 3197 3905 εἷς
3247 3843 3469 3912 πλῆθος
3514 3840 3671 3897 πολ-3.
3716 3845 3805 3895 Κα-

2192 3931 2435 4007 ραδοκῶν
2484 3934 2512 3987 ὁ
2570 3931 2825 4007 βασιλεὺς
2877 3932 2969 3986 τὸν
3008 3930 3271 4006 εὐνοῦχον
3333 3932 3517 3997 ἐλθεῖν
3567 3934 3693 4007 πρὸς
3738 3927 3807 3982 αὖα

2185 4024 2275 4078 τὸν
2346 4021 2480 4095 μετὰ
2534 4021 2661 4083 τοὺς
2716 4020 3027 4090 σταλέντας,
3086 4021 3176 4076 γαὶ
3232 4021 3308 4084 ὡς
3366 4023 3435 4075 οὐ
3500 4018 3805 4095 παρεγένετο,

2186 4110 2470 4166 ἀπέστειλε
2523 4110 2614 4164 τὸν
2668 4109 2973 4174 ἀκόλουθον
3032 4110 3201 4165 αὐτοῦ
3262 4109 3339 4171 εἷς
3402 4111 3496 4165 τὸν
3545 4109 3806 4182 εὐνοῦχον

2185 4201 2276 4255 καὶ
2332 4200 2500 4275 εὑρὼν
2554 4199 2646 4252 τὸν
2698 4199 2865 4254 τόπον
2922 4199 2973 4253 ἐν
3036 4198 3082 4271 ᾦ
3149 4197 3405 4254 ἐθεάσατο
3467 4200 3536 4254 τά
3605 4194 3809 4252 παλάτια

2187 4288 2316 4344 ὅλον
2368 4286 2600 4360 ἄνοικον,
2625 4288 2715 4342 καὶ
2768 4288 3128 4361 ὑποστρέψας,
3176 4286 3443 4363 ἐγνώρισε
3491 4287 3570 4358 τῷ
3629 4281 3811 4360 βασιλεῖ

419 4363 593 4419 πάντα
624 4366 723 4421 ὅσα
755 4367 1029 4427 ἐθεάσατο.
1066 4372 1391 4449 Ἐκπλαγεὶς
1422 4373 1479 4431 δὲ
1508 4378 1599 4432 καὶ
1630 4381 1809 4455 γνοὺς,
1836 4380 1997 4449 εἶπεν,
2033 4384 2155 4437 ’Ὁτι
2186 4379 2409 4451 ἀληθῶς
2443 4379 2601 4443 αὐτὸς
2627 4377 2853 4456 ἅγγελος
2885 4383 3017 4434 Θεοῦ
3041 4379 3131 4448 ἦν,
3162 4381 3253 4433 καὶ
3286 4378 3472 4451 θοῦμα
3498 4371 3807 4454 γὲγονεν,ἳν²

417 4456 651 4525 γνῶμεν,
679 4457 768 4509 καὶ
806 4460 1059 4533 μεγάλως
1091 4457 1399 4537 δοξάσωμεν
1444 4467 1535 4520 τὸν
1569 4468 1721 4525 Θεόν.

418 4580 619 4669 Divina
643 4586 859 4668 monita
892 4590 1101 4658 triplici
1128 4593 1318 4669 apside
1346 4612 1444 4649 seu
1474 4598 1685 4666 [amice
1718 4598 1871 4652 bema
1902 4597 2253 4654 illustratur.
2286 4600 2427 4655 Pila:
2475 4615 2669 4655 omnes
2713 4600 2952 4655 interius
2977 4600 3330 4669 exteriusque
3356 4598 3561 4668 ferrei:
3600 4592 3805 4651 vectibus

596 4656 1062 4728 ferruminaniur,
1098 4656 1307 4721 ac'olea
1336 4674 1388 4721 et
1420 4656 1567 4722 calce
1596 4669 1961 4737 abducuntur,
1994 4676 2047 4724 et
2091 4674 2173 4725 ita
2220 4673 2503 4726 variarum
2540 4687 2880 4726 marmorum
2912 4656 3653 4741 incrustatia'nes'aplantur.

487 4758 631 4815 Cum
656 4766 849 4817 autem
876 4781 1107 4822 sacrum
1137 4769 1309 4826 bema
1343 4776 1674 4843 perfecturi,
1711 4793 1777 4830 ac
1822 4793 1923 4847 per
1953 4778 2067 4831 for-
2098 4781 2148 4844 ι)

415 4844 573 4902 nices
598 4848 741 4905 vitro
775 4850 1094 4911 instructos
1147 4856 1340 4916 lucem
1392 4863 1793 4918 intromissuri
1846 4870 2065 4930 essent,

413 4938 688 5009 praecepit
719 4941 1055 5010 architecto,
1079 4951 1144 5001 ut
1175 4949 1349 5004 unica
1389 4952 1594 5022 apside
1626 4952 1849 5007 concha
1875 4953 2062 5008 lucem

414 5026 704 5096 acciperet
738 5047 749 5084 :
787 5048 1141 5103 rursumque
1166 5044 1386 5092 mutata
1419 5042 1724 5109 sententia,
1752 5043 1934 5110 jussit
1964 5059 2065 5111 per

409 5114 702 5185 duplicem
738 5120 1000 5190 apsidem
1035 5123 1273 5178 immitti
1300 5125 1513 5194 lucem,
1539 5131 1677 5199 quia
1700 5147 1904 5184 murus
1929 5130 2057 5184 nul-

408 5200 482 5256 lis
516 5204 782 5262 firmatus
840 5210 1048 5281 tignis,
1100 5213 1294 5281 qualia
1360 5217 1619 5271 nartheci
1664 5235 1729 5272 ac
1776 5219 2059 5274 lateribus

408 5292 671 5349 adhibita
705 5297 956 5364 fuerant,
989 5302 1219 5369 pondus
1252 5319 1369 5357 non
1412 5305 1777 5361 admittebat.
1826 5306 2055 5379 Reliqui

405 5395 539 5434 vero
575 5384 829 5440 artifices
858 5389 1311 5459 contendebant,
1346 5396 1587 5448 unicum
1623 5396 1901 5450 fornicem
1925 5413 2054 5452 esse

406 5466 759 5527 illustrando
785 5474 1004 5531 bemati
1063 5478 1227 5533 satis.
1280 5481 1502 5536 Anxius
1537 5484 1730 5554 itaque
1779 5486 2050 5557 princeps

411 5559 864 5617 architectorum
889 5565 1177 5638 inopsque
1199 5570 1430 5625 consilii
1481 5575 1787 5643 erat,quod
1808 5574 2050 5643 impera-

407 5650 500 5701 tor
531 5652 703 5705 modo
732 5652 992 5722 apsidem
1015 5660 1396 5724 unam,modo
1427 5662 1573 5718 duas
1596 5662 1853 5717 construi
1873 5663 2050 5732 jube-

2251 4777 2335 4829 Ἑν
2385 4774 2441 4830 δὲ
2488 4780 2567 4848 τῷ
2616 4774 2839 4849 μέλλειν
2883 4777 2945 4830 τὸ
2995 4777 3144 4848 ἅγιον
3198 4776 3584 4849 θυσιαστήριον
3609 4767 3801 4823 τελειῶ-

2178 4885 2288 4933 σαι,
2340 4864 2430 4919 καὶ
2490 4863 2577 4920 διὰ
2628 4870 2738 4920 τῶν
2796 4869 2968 4919 στοῶν
3026 4871 3433 4939 φωταγωγῆσαι
3496 4861 3584 4916 διὰ
3639 4858 3803 4914 ὁελίων

2174 4954 2467 5028 προσέταξε
2508 4960 2588 5025 τῷ
2643 4958 2961 5029 μηχανικῷ,
3006 4951 3101 5007 ’ίνα
3149 4954 3356 5027 γὲνοιτο
3409 4953 3437 5005 6
3488 4949 3622 5022 μύαξ
3666 4964 3805 5019 μονο-

2172 5044 2421 5117 κάμαρος
2457 5064 2469 5075 ·
2522 5044 2611 5097 καὶ
2656 5042 2823 5098 πάλιν
2882 5040 3287 5115 μεταμεληθεὶς
3344 5038 3638 5112 προσέταξε
3682 5033 3808 5109 γενέ-

2172 5134 2287 5186 σθαι
2325 5131 2580 5209 δίφωτον,
2617 5131 2705 5187 διὰ
2736 5130 2830 5186 δύο
2864 5129 3101 5205 ἀψίδωνο
3134 5129 3222 5185 διὰ
3249 5130 3312 5184 τὸ
3343 5132 3421 5202 μή
3459 5126 3695 5197 δέξασθαι
3726 5124 3805 5196 βά-

2170 5240 2286 5295 ρος,
2333 5222 2415 5276 ὅτι
2466 5223 2638 5276 ἐκεῖσε
2689 5220 2986 5297 ἴκριόματα
3038 5221 3134 5275 οὐκ
3183 5216 3383 5288 ἔθεντο,
3422 5219 3603 5290 ὥσπερ
3646 5214 3693 5268 ἐν
3744 5232 3809 5297 τῳ

2166 5312 2423 5386 νάρθηκι,
2474 5312 2560 5365 κοὶ
2637 5310 2725 5365 ἐπὶ
2797 5311 2891 5373 τὰς
2958 5308 3205 5384 πλευρὰς
3260 5312 3355 5362 τοῦ
3406 5311 3561 5361 ναοῦ.
3610 5306 3713 5356 Τῶν
3765 5296 3811 5351 δὲ

2168 5397 2380 5453 λοιπῶν
2421 5404 2687 5475 τεχνιτῶν
2756 5398 3173 5473 ἀντιλεγόντων,
3210 5398 3287 5460 ὡς
3335 5396 3438 5469 μία
3478 5393 3689 5467 καμάρα
3714 5410 3809 5466 ﬁsa"

2162 5488 2293 5557 τίζει
2346 5490 2407 5542 τὸ
2468 5490 2881 5562 θυσιαστήριον,
2922 5489 3012 5543 καὶ
3062 5485 3479 5561 ἀδημονοῦντος
3532 5487 3627 5538 τοῦ
3680 5499 3805 5553 πρω-

2159 5576 2530 5651 τοοικοδόμου
2560 5579 2613 5634 τί
2644 5576 2704 5632 ἂν
2736 5599 2978 5649 ποιησει,
3013 5578 3096 5632 ὅτι
3128 5580 3259 5633 ποτὶ
3309 5575 3408 5649 μὲν
3460 5573 3606 5647 λέγει
3656 5571 3683 5624 6
3721 5568 3803 5641 βα·

2160 5665 2345 5731 σιλεὺς
2391 5668 2519 5739 μίαν
2581 5665 2747 5742 ἁψίδα
2788 5668 3055 5743 γενέσθαι,
3091 5665 3294 5722 ἄλλοτε
3324 5664 3383 5718 δὲ
3410 5660 3643 5733 δύο,καὶ
3686 5655 3799 5709 ἔστῦ
