  <div class='ocr_page' id='page_1' title='image "/cluster/home/n/w/nwhite01/storage/ocr_20150623/122/hvd.32044073502460/672.png"; bbox 0 0 4018 6220; ppageno 0'>
   <div class='ocr_carea' id='block_1_1' title="bbox 315 364 466 424">
    <p class='ocr_par' dir='ltr' id='par_1_1' title="bbox 315 364 466 424">
     <span class='ocr_line' id='line_1_1' title="bbox 315 364 466 424; baseline 0.013 -2"><span class='ocrx_word' id='word_1_1' title='bbox 315 364 466 424; x_wconf 76' lang='grc'><strong>1301</strong></span> 
     </span>
    </p>
   </div>
   <div class='ocr_carea' id='block_1_2' title="bbox 1447 367 2592 439">
    <p class='ocr_par' dir='ltr' id='par_1_2' title="bbox 1447 367 2592 439">
     <span class='ocr_line' id='line_1_2' title="bbox 1447 367 2592 439; baseline 0.003 -13"><span class='ocrx_word' id='word_1_2' title='bbox 1447 367 1811 429; x_wconf 78' lang='grc' dir='ltr'>ΑΝΟΝῩΜῙ</span> <span class='ocrx_word' id='word_1_3' title='bbox 1855 368 2434 439; x_wconf 82' lang='lat' dir='ltr'>ANTIOUITATES</span> <span class='ocrx_word' id='word_1_4' title='bbox 2479 369 2592 430; x_wconf 78' lang='grc' dir='ltr'>ΟΡ.</span> 
     </span>
    </p>
   </div>
   <div class='ocr_carea' id='block_1_3' title="bbox 3569 373 3727 433">
    <p class='ocr_par' dir='ltr' id='par_1_3' title="bbox 3569 373 3727 433">
     <span class='ocr_line' id='line_1_3' title="bbox 3569 373 3727 433; baseline 0 -1"><span class='ocrx_word' id='word_1_5' title='bbox 3569 373 3727 433; x_wconf 76' lang='grc'>1302</span> 
     </span>
    </p>
   </div>
   <div class='ocr_carea' id='block_1_4' title="bbox 305 492 1962 576">
    <p class='ocr_par' dir='ltr' id='par_1_4' title="bbox 305 492 1950 573">
     <span class='ocr_line' id='line_1_4' title="bbox 305 492 1950 573; baseline 0.004 -26"><span class='ocrx_word' id='word_1_6' title='bbox 305 514 400 555; x_wconf 84' lang='grc' dir='ltr'>τος</span> <span class='ocrx_word' id='word_1_7' title='bbox 456 495 624 548; x_wconf 79' lang='grc' dir='ltr'>αὑτοῦ</span> <span class='ocrx_word' id='word_1_8' title='bbox 686 492 858 548; x_wconf 78' lang='grc' dir='ltr'>ἐκεῖσε</span> <span class='ocrx_word' id='word_1_9' title='bbox 904 494 993 548; x_wconf 80' lang='grc' dir='ltr'>καὶ</span> <span class='ocrx_word' id='word_1_10' title='bbox 1044 493 1438 565; x_wconf 75' lang='grc' dir='ltr'>ἀκηδιάσαντος</span> <span class='ocrx_word' id='word_1_11' title='bbox 1466 497 1648 573; x_wconf 81' lang='grc' dir='ltr'>ἡμέρᾳ</span> <span class='ocrx_word' id='word_1_12' title='bbox 1679 495 1721 552; x_wconf 81' lang='grc' dir='ltr'>δ’</span> <span class='ocrx_word' id='word_1_13' title='bbox 1751 498 1868 572; x_wconf 80' lang='grc' dir='ltr'>ὥρᾳ</span> <span class='ocrx_word' id='word_1_14' title='bbox 1894 499 1950 570; x_wconf 87' lang='grc' dir='ltr'>ε’,</span> 
     </span>
    </p>
   </div>
   <div class='ocr_carea' id='block_1_5' title="bbox 2074 492 3724 576">
    <p class='ocr_par' dir='ltr' id='par_1_5' title="bbox 2074 499 3724 576">
     <span class='ocr_line' id='line_1_5' title="bbox 2074 499 3724 576; baseline 0.004 -22"><span class='ocrx_word' id='word_1_15' title='bbox 2074 515 2147 554; x_wconf 90' lang='lat' dir='ltr'>re.</span> <span class='ocrx_word' id='word_1_16' title='bbox 2179 499 2436 556; x_wconf 87' lang='lat' dir='ltr'>Sollicito</span> <span class='ocrx_word' id='word_1_17' title='bbox 2467 505 2667 556; x_wconf 83' lang='lat' dir='ltr'>autem</span> <span class='ocrx_word' id='word_1_18' title='bbox 2699 500 2782 555; x_wconf 88' lang='lat' dir='ltr'>illi</span> <span class='ocrx_word' id='word_1_19' title='bbox 2818 505 2873 555; x_wconf 88' lang='lat' dir='ltr'>et</span> <span class='ocrx_word' id='word_1_20' title='bbox 2906 500 3124 557; x_wconf 82' lang='lat' dir='ltr'>ibidem</span> <span class='ocrx_word' id='word_1_21' title='bbox 3147 501 3329 556; x_wconf 82' lang='lat' dir='ltr'>stanti</span> <span class='ocrx_word' id='word_1_22' title='bbox 3358 503 3515 559; x_wconf 72' lang='lat' dir='ltr'>feriae</span> <span class='ocrx_word' id='word_1_23' title='bbox 3546 521 3724 576; x_wconf 82' lang='lat' dir='ltr'>quar-</span> 
     </span>
    </p>
   </div>
   <div class='ocr_carea' id='block_1_6' title="bbox 305 579 1964 658">
    <p class='ocr_par' dir='ltr' id='par_1_6' title="bbox 305 579 1964 658">
     <span class='ocr_line' id='line_1_6' title="bbox 305 579 1964 658; baseline 0.002 -21"><span class='ocrx_word' id='word_1_24' title='bbox 305 581 474 657; x_wconf 76' lang='grc' dir='ltr'>ἐφάνη</span> <span class='ocrx_word' id='word_1_25' title='bbox 509 582 657 655; x_wconf 81' lang='grc' dir='ltr'>αότῷ</span> <span class='ocrx_word' id='word_1_26' title='bbox 681 579 920 657; x_wconf 74' lang='grc' dir='ltr'>ἄγγελος</span> <span class='ocrx_word' id='word_1_27' title='bbox 972 584 1168 658; x_wconf 79' lang='grc' dir='ltr'>Κυρίου</span> <span class='ocrx_word' id='word_1_28' title='bbox 1201 584 1252 638; x_wconf 89' lang='grc' dir='ltr'>ἐν</span> <span class='ocrx_word' id='word_1_29' title='bbox 1283 586 1600 658; x_wconf 83' lang='grc' dir='ltr'>ὁμοιώματι</span> <span class='ocrx_word' id='word_1_30' title='bbox 1646 588 1964 643; x_wconf 85' lang='grc' dir='ltr'>Ἰουστινια-</span> 
     </span>
    </p>
   </div>
   <div class='ocr_carea' id='block_1_7' title="bbox 305 672 1966 749">
    <p class='ocr_par' dir='ltr' id='par_1_7' title="bbox 305 672 1966 749">
     <span class='ocr_line' id='line_1_7' title="bbox 305 672 1966 749; baseline 0.001 -22"><span class='ocrx_word' id='word_1_31' title='bbox 305 675 403 727; x_wconf 92' lang='grc' dir='ltr'>νοῦ</span> <span class='ocrx_word' id='word_1_32' title='bbox 459 672 594 744; x_wconf 73' lang='grc' dir='ltr'>μετὰ</span> <span class='ocrx_word' id='word_1_33' title='bbox 641 672 934 746; x_wconf 81' lang='grc' dir='ltr'>βασιλικης</span> <span class='ocrx_word' id='word_1_34' title='bbox 965 672 1193 742; x_wconf 83' lang='grc' dir='ltr'>ἐσθῆτος</span> <span class='ocrx_word' id='word_1_35' title='bbox 1239 674 1330 728; x_wconf 84' lang='grc' dir='ltr'>καὶ</span> <span class='ocrx_word' id='word_1_36' title='bbox 1383 674 1644 749; x_wconf 75' lang='grc' dir='ltr'>ἐρυθριῶν</span> <span class='ocrx_word' id='word_1_37' title='bbox 1699 674 1966 746; x_wconf 85' lang='grc' dir='ltr'>πεδιλῶν,</span> 
     </span>
    </p>
   </div>
   <div class='ocr_carea' id='block_1_8' title="bbox 303 760 1961 838">
    <p class='ocr_par' dir='ltr' id='par_1_8' title="bbox 303 760 1961 838">
     <span class='ocr_line' id='line_1_8' title="bbox 303 760 1961 838; baseline 0.001 -23"><span class='ocrx_word' id='word_1_38' title='bbox 303 762 396 815; x_wconf 85' lang='grc' dir='ltr'>καί</span> <span class='ocrx_word' id='word_1_39' title='bbox 431 782 563 838; x_wconf 71' lang='grc' dir='ltr'>φησι</span> <span class='ocrx_word' id='word_1_40' title='bbox 592 766 674 833; x_wconf 79' lang='grc' dir='ltr'>τῷ</span> <span class='ocrx_word' id='word_1_41' title='bbox 702 762 949 836; x_wconf 79' lang='grc' dir='ltr'>τεχνίτῃ’</span> <span class='ocrx_word' id='word_1_42' title='bbox 985 761 1138 817; x_wconf 90' lang='grc' dir='ltr'>Θέλω</span> <span class='ocrx_word' id='word_1_43' title='bbox 1191 760 1284 816; x_wconf 85' lang='grc' dir='ltr'>’ίνα</span> <span class='ocrx_word' id='word_1_44' title='bbox 1343 785 1434 834; x_wconf 90' lang='grc' dir='ltr'>μοι</span> <span class='ocrx_word' id='word_1_45' title='bbox 1467 766 1699 838; x_wconf 85' lang='grc' dir='ltr'>ποιήσῃς</span> <span class='ocrx_word' id='word_1_46' title='bbox 1745 764 1961 838; x_wconf 80' lang='grc' dir='ltr'>τρίφοι-</span> 
     </span>
    </p>
   </div>
   <div class='ocr_carea' id='block_1_9' title="bbox 308 849 1965 928">
    <p class='ocr_par' dir='ltr' id='par_1_9' title="bbox 308 849 1965 928">
     <span class='ocr_line' id='line_1_9' title="bbox 308 849 1965 928; baseline 0.002 -24"><span class='ocrx_word' id='word_1_47' title='bbox 308 871 407 904; x_wconf 92' lang='grc' dir='ltr'>τον</span> <span class='ocrx_word' id='word_1_48' title='bbox 456 851 658 923; x_wconf 74' lang='grc' dir='ltr'>μὺακα,</span> <span class='ocrx_word' id='word_1_49' title='bbox 718 851 806 905; x_wconf 83' lang='grc' dir='ltr'>καὶ</span> <span class='ocrx_word' id='word_1_50' title='bbox 841 849 930 905; x_wconf 80' lang='grc' dir='ltr'>διὰ</span> <span class='ocrx_word' id='word_1_51' title='bbox 957 856 1122 925; x_wconf 80' lang='grc' dir='ltr'>τριῶν</span> <span class='ocrx_word' id='word_1_52' title='bbox 1158 857 1330 906; x_wconf 81' lang='grc' dir='ltr'><strong>στοῶν</strong></span> <span class='ocrx_word' id='word_1_53' title='bbox 1365 854 1615 928; x_wconf 79' lang='grc' dir='ltr'>φωτίζειν</span> <span class='ocrx_word' id='word_1_54' title='bbox 1667 854 1729 908; x_wconf 86' lang='grc' dir='ltr'>τὸ</span> <span class='ocrx_word' id='word_1_55' title='bbox 1779 856 1965 907; x_wconf 80' lang='grc' dir='ltr'>θυσια-</span> 
     </span>
    </p>
   </div>
   <div class='ocr_carea' id='block_1_10' title="bbox 312 936 1966 1016">
    <p class='ocr_par' dir='ltr' id='par_1_10' title="bbox 312 936 1966 1016">
     <span class='ocr_line' id='line_1_10' title="bbox 312 936 1966 1016; baseline 0.001 -22"><span class='ocrx_word' id='word_1_56' title='bbox 312 943 560 1014; x_wconf 76' lang='grc' dir='ltr'>στήριον,</span> <span class='ocrx_word' id='word_1_57' title='bbox 595 937 672 1003; x_wconf 65' lang='grc' dir='ltr'>εἴς</span> <span class='ocrx_word' id='word_1_58' title='bbox 720 936 891 1012; x_wconf 77' lang='grc' dir='ltr'>ὄνομα</span> <span class='ocrx_word' id='word_1_59' title='bbox 941 941 1148 1015; x_wconf 86' lang='grc' dir='ltr'>Πατρὸς</span> <span class='ocrx_word' id='word_1_60' title='bbox 1197 942 1288 996; x_wconf 89' lang='lat' dir='ltr'>xui</span> <span class='ocrx_word' id='word_1_61' title='bbox 1320 942 1446 995; x_wconf 74' lang='grc' dir='ltr'>Υἱοῦ</span> <span class='ocrx_word' id='word_1_62' title='bbox 1471 942 1560 997; x_wconf 83' lang='grc' dir='ltr'>καὶ</span> <span class='ocrx_word' id='word_1_63' title='bbox 1610 942 1765 1016; x_wconf 85' lang='grc' dir='ltr'>ἁγίου</span> <span class='ocrx_word' id='word_1_64' title='bbox 1799 943 1966 997; x_wconf 62' lang='lat' dir='ltr'>Ilvati-</span> 
     </span>
    </p>
   </div>
   <div class='ocr_carea' id='block_1_11' title="bbox 311 1028 1968 1107">
    <p class='ocr_par' dir='ltr' id='par_1_11' title="bbox 311 1028 1968 1107">
     <span class='ocr_line' id='line_1_11' title="bbox 311 1028 1968 1107; baseline 0.002 -25"><span class='ocrx_word' id='word_1_65' title='bbox 311 1050 505 1102; x_wconf 87' lang='grc' dir='ltr'>ματος.</span> <span class='ocrx_word' id='word_1_66' title='bbox 585 1029 686 1084; x_wconf 69' lang='grc' dir='ltr'>Καὶ</span> <span class='ocrx_word' id='word_1_67' title='bbox 762 1028 919 1091; x_wconf 78' lang='grc' dir='ltr'>εὐθὺς</span> <span class='ocrx_word' id='word_1_68' title='bbox 999 1031 1172 1107; x_wconf 54' lang='lat' dir='ltr'>atst</span> <span class='ocrx_word' id='word_1_69' title='bbox 1233 1029 1484 1104; x_wconf 80' lang='grc' dir='ltr'>ἐγένετο’</span> <span class='ocrx_word' id='word_1_70' title='bbox 1544 1031 1633 1085; x_wconf 82' lang='grc' dir='ltr'>καὶ</span> <span class='ocrx_word' id='word_1_71' title='bbox 1689 1030 1968 1086; x_wconf 83' lang='grc' dir='ltr'>καταπλα-</span> 
     </span>
    </p>
   </div>
   <div class='ocr_carea' id='block_1_12' title="bbox 303 1116 1964 1193">
    <p class='ocr_par' dir='ltr' id='par_1_12' title="bbox 303 1116 1964 1193">
     <span class='ocr_line' id='line_1_12' title="bbox 303 1116 1964 1193; baseline 0.002 -21"><span class='ocrx_word' id='word_1_72' title='bbox 303 1119 423 1191; x_wconf 82' lang='grc' dir='ltr'>γεὶς</span> <span class='ocrx_word' id='word_1_73' title='bbox 454 1120 480 1172; x_wconf 99' lang='lat'>6</span> <span class='ocrx_word' id='word_1_74' title='bbox 517 1116 786 1192; x_wconf 78' lang='grc' dir='ltr'>μαίστωρ,</span> <span class='ocrx_word' id='word_1_75' title='bbox 814 1119 1132 1193; x_wconf 84' lang='grc' dir='ltr'>παρεγένετο</span> <span class='ocrx_word' id='word_1_76' title='bbox 1164 1119 1250 1174; x_wconf 81' lang='grc' dir='ltr'>ἐπὶ</span> <span class='ocrx_word' id='word_1_77' title='bbox 1281 1120 1344 1174; x_wconf 84' lang='grc' dir='ltr'>τὸ</span> <span class='ocrx_word' id='word_1_78' title='bbox 1390 1118 1677 1190; x_wconf 71' lang='grc' dir='ltr'>παλᾶτιον,</span> <span class='ocrx_word' id='word_1_79' title='bbox 1718 1121 1808 1175; x_wconf 77' lang='grc' dir='ltr'>καὶ</span> <span class='ocrx_word' id='word_1_80' title='bbox 1839 1120 1964 1175; x_wconf 81' lang='grc' dir='ltr'>ἀντ-</span> 
     </span>
    </p>
   </div>
   <div class='ocr_carea' id='block_1_13' title="bbox 307 1205 1963 1284">
    <p class='ocr_par' dir='ltr' id='par_1_13' title="bbox 307 1205 1963 1284">
     <span class='ocr_line' id='line_1_13' title="bbox 307 1205 1963 1284; baseline 0.002 -23"><span class='ocrx_word' id='word_1_81' title='bbox 307 1205 462 1282; x_wconf 82' lang='grc' dir='ltr'>έλεγε</span> <span class='ocrx_word' id='word_1_82' title='bbox 493 1212 570 1278; x_wconf 80' lang='grc' dir='ltr'>τῷ</span> <span class='ocrx_word' id='word_1_83' title='bbox 605 1206 820 1282; x_wconf 88' lang='grc' dir='ltr'>βασιλεῖ</span> <span class='ocrx_word' id='word_1_84' title='bbox 837 1207 1144 1282; x_wconf 77' lang='grc' dir='ltr'>αὐστηρῶς,</span> <span class='ocrx_word' id='word_1_85' title='bbox 1174 1210 1297 1266; x_wconf 83' lang='grc' dir='ltr'>’Ότι</span> <span class='ocrx_word' id='word_1_86' title='bbox 1331 1209 1394 1263; x_wconf 80' lang='grc' dir='ltr'>σὺ</span> <span class='ocrx_word' id='word_1_87' title='bbox 1430 1208 1683 1284; x_wconf 78' lang='grc' dir='ltr'>βασιλεὺς</span> <span class='ocrx_word' id='word_1_88' title='bbox 1713 1215 1963 1271; x_wconf 89' lang='grc' dir='ltr'>τοιοῦτος</span> 
     </span>
    </p>
   </div>
   <div class='ocr_carea' id='block_1_14' title="bbox 309 1290 1960 1374">
    <p class='ocr_par' dir='ltr' id='par_1_14' title="bbox 309 1290 1960 1374">
     <span class='ocr_line' id='line_1_14' title="bbox 309 1290 1960 1374; baseline 0.002 -26"><span class='ocrx_word' id='word_1_89' title='bbox 309 1295 409 1363; x_wconf 84' lang='grc' dir='ltr'>ὢν,</span> <span class='ocrx_word' id='word_1_90' title='bbox 454 1292 546 1351; x_wconf 74' lang='grc' dir='ltr'>ἕνα</span> <span class='ocrx_word' id='word_1_91' title='bbox 581 1295 743 1372; x_wconf 86' lang='grc' dir='ltr'>λόγον</span> <span class='ocrx_word' id='word_1_92' title='bbox 778 1297 877 1352; x_wconf 87' lang='grc' dir='ltr'>οὑκ</span> <span class='ocrx_word' id='word_1_93' title='bbox 904 1290 1072 1372; x_wconf 79' lang='grc' dir='ltr'>ἔχεις·</span> <span class='ocrx_word' id='word_1_94' title='bbox 1113 1298 1278 1373; x_wconf 80' lang='grc' dir='ltr'>μέχρι</span> <span class='ocrx_word' id='word_1_95' title='bbox 1304 1305 1405 1368; x_wconf 76' lang='grc' dir='ltr'>τῆς</span> <span class='ocrx_word' id='word_1_96' title='bbox 1437 1297 1555 1374; x_wconf 74' lang='grc' dir='ltr'>ἄρτι</span> <span class='ocrx_word' id='word_1_97' title='bbox 1589 1294 1750 1360; x_wconf 74' lang='grc' dir='ltr'>ἐϐόας</span> <span class='ocrx_word' id='word_1_98' title='bbox 1780 1304 1960 1354; x_wconf 82' lang='grc' dir='ltr'>ποιεῖν</span> 
     </span>
    </p>
   </div>
   <div class='ocr_carea' id='block_1_15' title="bbox 312 1384 1960 1461">
    <p class='ocr_par' dir='ltr' id='par_1_15' title="bbox 312 1384 1960 1461">
     <span class='ocr_line' id='line_1_15' title="bbox 312 1384 1960 1461; baseline 0.001 -23"><span class='ocrx_word' id='word_1_99' title='bbox 312 1405 381 1457; x_wconf 87' lang='grc' dir='ltr'>με</span> <span class='ocrx_word' id='word_1_100' title='bbox 442 1384 564 1455; x_wconf 89' lang='grc' dir='ltr'>μίαν</span> <span class='ocrx_word' id='word_1_101' title='bbox 624 1386 809 1456; x_wconf 77' lang='grc' dir='ltr'>στοὰν,</span> <span class='ocrx_word' id='word_1_102' title='bbox 871 1385 1074 1442; x_wconf 75' lang='grc' dir='ltr'>ἄλλοτε</span> <span class='ocrx_word' id='word_1_103' title='bbox 1106 1385 1163 1441; x_wconf 76' lang='grc' dir='ltr'>δὲ</span> <span class='ocrx_word' id='word_1_104' title='bbox 1209 1385 1326 1454; x_wconf 76' lang='grc' dir='ltr'>δύο,</span> <span class='ocrx_word' id='word_1_105' title='bbox 1356 1387 1409 1442; x_wconf 76' lang='grc' dir='ltr'>ἐν</span> <span class='ocrx_word' id='word_1_106' title='bbox 1458 1392 1538 1458; x_wconf 79' lang='grc' dir='ltr'>τῷ</span> <span class='ocrx_word' id='word_1_107' title='bbox 1569 1387 1960 1461; x_wconf 77' lang='grc' dir='ltr'>Θυσιαστηρίῳ·</span> 
     </span>
    </p>
   </div>
   <div class='ocr_carea' id='block_1_16' title="bbox 307 1470 1963 1551">
    <p class='ocr_par' dir='ltr' id='par_1_16' title="bbox 307 1470 1963 1551">
     <span class='ocr_line' id='line_1_16' title="bbox 307 1470 1963 1551; baseline 0.001 -23"><span class='ocrx_word' id='word_1_108' title='bbox 307 1475 396 1528; x_wconf 80' lang='grc' dir='ltr'>καὶ</span> <span class='ocrx_word' id='word_1_109' title='bbox 433 1473 522 1528; x_wconf 76' lang='grc' dir='ltr'>ὅτε</span> <span class='ocrx_word' id='word_1_110' title='bbox 552 1473 845 1544; x_wconf 79' lang='grc' dir='ltr'>ἐτελειώθη</span> <span class='ocrx_word' id='word_1_111' title='bbox 879 1476 940 1530; x_wconf 87' lang='grc' dir='ltr'>τὸ</span> <span class='ocrx_word' id='word_1_112' title='bbox 987 1470 1170 1550; x_wconf 81' lang='grc' dir='ltr'>ἔργον,</span> <span class='ocrx_word' id='word_1_113' title='bbox 1219 1476 1486 1551; x_wconf 81' lang='grc' dir='ltr'>παρίστῃς</span> <span class='ocrx_word' id='word_1_114' title='bbox 1514 1498 1608 1549; x_wconf 87' lang='grc' dir='ltr'>μοι</span> <span class='ocrx_word' id='word_1_115' title='bbox 1650 1475 1850 1551; x_wconf 83' lang='grc' dir='ltr'>λέγων,</span> <span class='ocrx_word' id='word_1_116' title='bbox 1877 1475 1963 1530; x_wconf 81' lang='grc' dir='ltr'>ὅτι</span> 
     </span>
    </p>
   </div>
   <div class='ocr_carea' id='block_1_17' title="bbox 309 1563 1961 1642">
    <p class='ocr_par' dir='ltr' id='par_1_17' title="bbox 309 1563 1961 1642">
     <span class='ocr_line' id='line_1_17' title="bbox 309 1563 1961 1642; baseline -0.001 -23"><span class='ocrx_word' id='word_1_117' title='bbox 309 1563 400 1619; x_wconf 84' lang='grc' dir='ltr'>Ἐν</span> <span class='ocrx_word' id='word_1_118' title='bbox 429 1564 574 1638; x_wconf 88' lang='grc' dir='ltr'>τρισὶ</span> <span class='ocrx_word' id='word_1_119' title='bbox 605 1563 876 1638; x_wconf 86' lang='grc' dir='ltr'>καμάραις</span> <span class='ocrx_word' id='word_1_120' title='bbox 908 1565 1144 1642; x_wconf 71' lang='grc' dir='ltr'>φώτισον</span> <span class='ocrx_word' id='word_1_121' title='bbox 1175 1567 1238 1620; x_wconf 88' lang='grc' dir='ltr'>τὸ</span> <span class='ocrx_word' id='word_1_122' title='bbox 1288 1567 1668 1641; x_wconf 69' lang='grc' dir='ltr'>θυσιαστήριον</span> <span class='ocrx_word' id='word_1_123' title='bbox 1717 1563 1807 1620; x_wconf 75' lang='grc' dir='ltr'>διὰ</span> <span class='ocrx_word' id='word_1_124' title='bbox 1862 1566 1961 1632; x_wconf 80' lang='grc' dir='ltr'>τήν</span> 
     </span>
    </p>
   </div>
   <div class='ocr_carea' id='block_1_18' title="bbox 310 1650 1962 1730">
    <p class='ocr_par' dir='ltr' id='par_1_18' title="bbox 310 1650 1962 1730">
     <span class='ocr_line' id='line_1_18' title="bbox 310 1650 1962 1730; baseline 0.002 -25"><span class='ocrx_word' id='word_1_125' title='bbox 310 1659 413 1720; x_wconf 79' lang='grc' dir='ltr'>τῆς</span> <span class='ocrx_word' id='word_1_126' title='bbox 462 1650 700 1726; x_wconf 79' lang='grc' dir='ltr'>Τριάδος</span> <span class='ocrx_word' id='word_1_127' title='bbox 750 1653 956 1711; x_wconf 85' lang='grc' dir='ltr'>πίστιν.</span> <span class='ocrx_word' id='word_1_128' title='bbox 1029 1654 1193 1717; x_wconf 79' lang='grc' dir='ltr'>Γνοὺς</span> <span class='ocrx_word' id='word_1_129' title='bbox 1235 1653 1293 1709; x_wconf 74' lang='grc' dir='ltr'>δὲ</span> <span class='ocrx_word' id='word_1_130' title='bbox 1324 1656 1351 1709; x_wconf 87' lang='lat'>6</span> <span class='ocrx_word' id='word_1_131' title='bbox 1397 1653 1674 1730; x_wconf 82' lang='grc' dir='ltr'>βασιλεὺς,</span> <span class='ocrx_word' id='word_1_132' title='bbox 1710 1653 1792 1709; x_wconf 78' lang='grc' dir='ltr'>ὅτι</span> <span class='ocrx_word' id='word_1_133' title='bbox 1825 1653 1962 1724; x_wconf 82' lang='grc' dir='ltr'>αὑτῇ</span> 
     </span>
    </p>
   </div>
   <div class='ocr_carea' id='block_1_19' title="bbox 307 1740 1956 1817">
    <p class='ocr_par' dir='ltr' id='par_1_19' title="bbox 307 1740 1956 1817">
     <span class='ocr_line' id='line_1_19' title="bbox 307 1740 1956 1817; baseline 0 -21"><span class='ocrx_word' id='word_1_134' title='bbox 307 1740 492 1815; x_wconf 73' lang='grc' dir='ltr'>ἡμέρᾳ</span> <span class='ocrx_word' id='word_1_135' title='bbox 535 1743 624 1796; x_wconf 82' lang='grc' dir='ltr'>καὶ</span> <span class='ocrx_word' id='word_1_136' title='bbox 681 1742 797 1817; x_wconf 82' lang='grc' dir='ltr'>ὥρᾳ</span> <span class='ocrx_word' id='word_1_137' title='bbox 846 1743 905 1798; x_wconf 88' lang='grc' dir='ltr'>ἐκ</span> <span class='ocrx_word' id='word_1_138' title='bbox 951 1748 1048 1798; x_wconf 89' lang='grc' dir='ltr'>τοῦ</span> <span class='ocrx_word' id='word_1_139' title='bbox 1097 1741 1368 1798; x_wconf 84' lang='grc' dir='ltr'>παλατίου</span> <span class='ocrx_word' id='word_1_140' title='bbox 1417 1743 1581 1799; x_wconf 84' lang='grc' dir='ltr'>αὑτοῦ</span> <span class='ocrx_word' id='word_1_141' title='bbox 1614 1743 1712 1798; x_wconf 84' lang='grc' dir='ltr'>οὑκ</span> <span class='ocrx_word' id='word_1_142' title='bbox 1743 1741 1956 1813; x_wconf 80' lang='grc' dir='ltr'>ἐξῆλθε.</span> 
     </span>
    </p>
   </div>
   <div class='ocr_carea' id='block_1_20' title="bbox 305 1825 1957 1908">
    <p class='ocr_par' dir='ltr' id='par_1_20' title="bbox 305 1825 1957 1908">
     <span class='ocr_line' id='line_1_20' title="bbox 305 1825 1957 1908; baseline 0 -22"><span class='ocrx_word' id='word_1_143' title='bbox 305 1825 581 1902; x_wconf 76' lang='grc' dir='ltr'>Ἀκριϐῶς</span> <span class='ocrx_word' id='word_1_144' title='bbox 613 1830 825 1907; x_wconf 77' lang='grc' dir='ltr'>[φησὶν]</span> <span class='ocrx_word' id='word_1_145' title='bbox 866 1831 1101 1906; x_wconf 83' lang='grc' dir='ltr'>ἐπέγνων</span> <span class='ocrx_word' id='word_1_146' title='bbox 1128 1831 1213 1886; x_wconf 81' lang='grc' dir='ltr'>ὅτι</span> <span class='ocrx_word' id='word_1_147' title='bbox 1244 1830 1480 1908; x_wconf 76' lang='grc' dir='ltr'>ἄγγελός</span> <span class='ocrx_word' id='word_1_148' title='bbox 1510 1832 1618 1888; x_wconf 82' lang='grc' dir='ltr'>ἐτιν</span> <span class='ocrx_word' id='word_1_149' title='bbox 1648 1833 1676 1886; x_wconf 86' lang='grc' dir='ltr'>ὁ</span> <span class='ocrx_word' id='word_1_150' title='bbox 1711 1830 1957 1902; x_wconf 90' lang='grc' dir='ltr'>λαλήσας</span> 
     </span>
    </p>
   </div>
   <div class='ocr_carea' id='block_1_21' title="bbox 306 1919 1959 1991">
    <p class='ocr_par' dir='ltr' id='par_1_21' title="bbox 306 1919 1959 1991">
     <span class='ocr_line' id='line_1_21' title="bbox 306 1919 1959 1991; baseline 0.002 -19"><span class='ocrx_word' id='word_1_151' title='bbox 306 1939 416 1973; x_wconf 86' lang='grc' dir='ltr'>σοι·</span> <span class='ocrx_word' id='word_1_152' title='bbox 448 1921 536 1974; x_wconf 86' lang='grc' dir='ltr'>καὶ</span> <span class='ocrx_word' id='word_1_153' title='bbox 571 1919 799 1991; x_wconf 88' lang='grc' dir='ltr'>ποίησον</span> <span class='ocrx_word' id='word_1_154' title='bbox 834 1921 1006 1982; x_wconf 77' lang='grc' dir='ltr'>οὕτως</span> <span class='ocrx_word' id='word_1_155' title='bbox 1039 1922 1113 1983; x_wconf 87' lang='grc' dir='ltr'>ὡς</span> <span class='ocrx_word' id='word_1_156' title='bbox 1143 1923 1234 1976; x_wconf 85' lang='grc' dir='ltr'>καὶ</span> <span class='ocrx_word' id='word_1_157' title='bbox 1265 1921 1380 1976; x_wconf 75' lang='grc' dir='ltr'>εἶπέ</span> <span class='ocrx_word' id='word_1_158' title='bbox 1412 1943 1519 1977; x_wconf 85' lang='grc' dir='ltr'>σοι.</span> <span class='ocrx_word' id='word_1_159' title='bbox 1552 1923 1752 1982; x_wconf 80' lang='grc' dir='ltr'>Πάντες</span> <span class='ocrx_word' id='word_1_160' title='bbox 1800 1919 1858 1976; x_wconf 70' lang='grc' dir='ltr'>δὲ</span> <span class='ocrx_word' id='word_1_161' title='bbox 1907 1923 1959 1976; x_wconf 80' lang='grc' dir='ltr'>οἱ</span> 
     </span>
    </p>
   </div>
   <div class='ocr_carea' id='block_1_22' title="bbox 317 2003 1962 2085">
    <p class='ocr_par' dir='ltr' id='par_1_22' title="bbox 317 2003 1962 2085">
     <span class='ocr_line' id='line_1_22' title="bbox 317 2003 1962 2085; baseline 0.002 -23"><span class='ocrx_word' id='word_1_162' title='bbox 317 2010 495 2063; x_wconf 87' lang='grc' dir='ltr'>πινσοὶ</span> <span class='ocrx_word' id='word_1_163' title='bbox 529 2003 724 2073; x_wconf 79' lang='grc' dir='ltr'>ἔσωθεν</span> <span class='ocrx_word' id='word_1_164' title='bbox 759 2010 862 2064; x_wconf 88' lang='grc' dir='ltr'>ὑπὸ</span> <span class='ocrx_word' id='word_1_165' title='bbox 893 2007 1130 2083; x_wconf 83' lang='grc' dir='ltr'>σιδηρῶν</span> <span class='ocrx_word' id='word_1_166' title='bbox 1180 2007 1410 2085; x_wconf 85' lang='grc' dir='ltr'>μοχλῶν</span> <span class='ocrx_word' id='word_1_167' title='bbox 1461 2013 1782 2084; x_wconf 79' lang='grc' dir='ltr'>κρατοῦνται</span> <span class='ocrx_word' id='word_1_168' title='bbox 1815 2010 1962 2085; x_wconf 86' lang='grc' dir='ltr'>ἐγκε-</span> 
     </span>
    </p>
   </div>
   <div class='ocr_carea' id='block_1_23' title="bbox 316 2095 1962 2174">
    <p class='ocr_par' dir='ltr' id='par_1_23' title="bbox 316 2095 1962 2174">
     <span class='ocr_line' id='line_1_23' title="bbox 316 2095 1962 2174; baseline 0.002 -23"><span class='ocrx_word' id='word_1_169' title='bbox 316 2095 797 2170; x_wconf 79' lang='grc' dir='ltr'>κλεισμένοιπρὸς</span> <span class='ocrx_word' id='word_1_170' title='bbox 826 2096 1112 2168; x_wconf 75' lang='grc' dir='ltr'>ἀλλήλους</span> <span class='ocrx_word' id='word_1_171' title='bbox 1157 2105 1396 2174; x_wconf 82' lang='grc' dir='ltr'>κρατεῖν,</span> <span class='ocrx_word' id='word_1_172' title='bbox 1447 2101 1534 2154; x_wconf 84' lang='grc' dir='ltr'>καὶ</span> <span class='ocrx_word' id='word_1_173' title='bbox 1587 2100 1717 2153; x_wconf 72' lang='grc' dir='ltr'>εἶναι</span> <span class='ocrx_word' id='word_1_174' title='bbox 1765 2100 1962 2172; x_wconf 83' lang='grc' dir='ltr'>ἀμετα-</span> 
     </span>
    </p>
   </div>
   <div class='ocr_carea' id='block_1_24' title="bbox 315 2184 1965 2260">
    <p class='ocr_par' dir='ltr' id='par_1_24' title="bbox 315 2184 1965 2260">
     <span class='ocr_line' id='line_1_24' title="bbox 315 2184 1965 2260; baseline 0.002 -20"><span class='ocrx_word' id='word_1_175' title='bbox 315 2188 592 2256; x_wconf 87' lang='grc' dir='ltr'>κινήτους.</span> <span class='ocrx_word' id='word_1_176' title='bbox 622 2188 694 2244; x_wconf 81' lang='grc' dir='ltr'>’Ἡ</span> <span class='ocrx_word' id='word_1_177' title='bbox 727 2184 783 2241; x_wconf 70' lang='grc' dir='ltr'>δὲ</span> <span class='ocrx_word' id='word_1_178' title='bbox 813 2185 1084 2259; x_wconf 77' lang='grc' dir='ltr'>ἕμπλασις</span> <span class='ocrx_word' id='word_1_179' title='bbox 1115 2188 1350 2259; x_wconf 88' lang='grc' dir='ltr'>πάντων,</span> <span class='ocrx_word' id='word_1_180' title='bbox 1392 2192 1498 2242; x_wconf 89' lang='grc' dir='ltr'>τῶν</span> <span class='ocrx_word' id='word_1_181' title='bbox 1549 2192 1779 2258; x_wconf 89' lang='grc' dir='ltr'>πινσῶν,</span> <span class='ocrx_word' id='word_1_182' title='bbox 1831 2188 1965 2260; x_wconf 86' lang='grc' dir='ltr'>μετά</span> 
     </span>
    </p>
   </div>
   <div class='ocr_carea' id='block_1_25' title="bbox 313 2270 1964 2348">
    <p class='ocr_par' dir='ltr' id='par_1_25' title="bbox 313 2270 1964 2348">
     <span class='ocr_line' id='line_1_25' title="bbox 313 2270 1964 2348; baseline 0.001 -20"><span class='ocrx_word' id='word_1_183' title='bbox 313 2271 502 2329; x_wconf 85' lang='grc' dir='ltr'>ἐλαίου</span> <span class='ocrx_word' id='word_1_184' title='bbox 532 2276 621 2329; x_wconf 87' lang='grc' dir='ltr'>καὶ</span> <span class='ocrx_word' id='word_1_185' title='bbox 652 2270 940 2331; x_wconf 62' lang='grc' dir='ltr'>ἀσϐάστοω</span> <span class='ocrx_word' id='word_1_186' title='bbox 978 2276 1067 2330; x_wconf 88' lang='grc' dir='ltr'>καὶ</span> <span class='ocrx_word' id='word_1_187' title='bbox 1101 2275 1276 2339; x_wconf 79' lang='grc' dir='ltr'>οὕτως</span> <span class='ocrx_word' id='word_1_188' title='bbox 1307 2277 1488 2332; x_wconf 80' lang='grc' dir='ltr'>ἐπάνω</span> <span class='ocrx_word' id='word_1_189' title='bbox 1544 2276 1836 2348; x_wconf 85' lang='grc' dir='ltr'>ἀνέστησαν</span> <span class='ocrx_word' id='word_1_190' title='bbox 1870 2277 1964 2338; x_wconf 81' lang='grc' dir='ltr'>τὰς</span> 
     </span>
    </p>
   </div>
   <div class='ocr_carea' id='block_1_26' title="bbox 313 2361 1150 2441">
    <p class='ocr_par' dir='ltr' id='par_1_26' title="bbox 313 2361 1150 2441">
     <span class='ocr_line' id='line_1_26' title="bbox 313 2361 1150 2441; baseline 0.006 -24"><span class='ocrx_word' id='word_1_191' title='bbox 313 2361 573 2426; x_wconf 85' lang='grc' dir='ltr'>ποικίλας</span> <span class='ocrx_word' id='word_1_192' title='bbox 603 2365 1150 2441; x_wconf 85' lang='grc' dir='ltr'>ὀρθομαρμαρώσεις.</span> 
     </span>
    </p>
   </div>
   <div class='ocr_carea' id='block_1_27' title="bbox 2079 589 3724 666">
    <p class='ocr_par' dir='ltr' id='par_1_27' title="bbox 2079 589 3724 666">
     <span class='ocr_line' id='line_1_27' title="bbox 2079 589 3724 666; baseline 0.004 -22"><span class='ocrx_word' id='word_1_193' title='bbox 2079 595 2150 644; x_wconf 71' lang='grc' dir='ltr'>ιω</span> <span class='ocrx_word' id='word_1_194' title='bbox 2182 589 2324 646; x_wconf 89' lang='lat' dir='ltr'>hora</span> <span class='ocrx_word' id='word_1_195' title='bbox 2353 589 2582 661; x_wconf 85' lang='lat' dir='ltr'>quinta,</span> <span class='ocrx_word' id='word_1_196' title='bbox 2630 590 2904 661; x_wconf 79' lang='lat' dir='ltr'>apparuit</span> <span class='ocrx_word' id='word_1_197' title='bbox 2951 589 3198 663; x_wconf 83' lang='lat' dir='ltr'>angelus</span> <span class='ocrx_word' id='word_1_198' title='bbox 3250 591 3497 658; x_wconf 78' lang='lat' dir='ltr'>Domini,</span> <span class='ocrx_word' id='word_1_199' title='bbox 3529 594 3724 666; x_wconf 83' lang='lat' dir='ltr'>specie</span> 
     </span>
    </p>
   </div>
   <div class='ocr_carea' id='block_1_28' title="bbox 2078 678 3724 751">
    <p class='ocr_par' dir='ltr' id='par_1_28' title="bbox 2078 678 3724 751">
     <span class='ocr_line' id='line_1_28' title="bbox 2078 678 3724 751; baseline 0.004 -20"><span class='ocrx_word' id='word_1_200' title='bbox 2078 681 2135 732; x_wconf 89' lang='lat' dir='ltr'>et</span> <span class='ocrx_word' id='word_1_201' title='bbox 2158 678 2344 734; x_wconf 82' lang='lat' dir='ltr'>forma</span> <span class='ocrx_word' id='word_1_202' title='bbox 2373 679 2786 751; x_wconf 81' lang='lat' dir='ltr'>imperatorem</span> <span class='ocrx_word' id='word_1_203' title='bbox 2806 680 3471 750; x_wconf 87' lang='lat' dir='ltr'>roferens,imperatorio</span> <span class='ocrx_word' id='word_1_204' title='bbox 3490 683 3724 751; x_wconf 88' lang='lat' dir='ltr'>vestitu,</span> 
     </span>
    </p>
   </div>
   <div class='ocr_carea' id='block_1_29' title="bbox 2080 767 3724 839">
    <p class='ocr_par' dir='ltr' id='par_1_29' title="bbox 2080 767 3724 839">
     <span class='ocr_line' id='line_1_29' title="bbox 2080 767 3724 839; baseline 0.003 -19"><span class='ocrx_word' id='word_1_205' title='bbox 2080 767 2273 822; x_wconf 81' lang='lat' dir='ltr'>rubris</span> <span class='ocrx_word' id='word_1_206' title='bbox 2301 769 2536 832; x_wconf 73' lang='lat' dir='ltr'>calceis,</span> <span class='ocrx_word' id='word_1_207' title='bbox 2571 785 2826 839; x_wconf 90' lang='lat' dir='ltr'>eumque</span> <span class='ocrx_word' id='word_1_208' title='bbox 2869 769 2954 824; x_wconf 90' lang='lat' dir='ltr'>sic</span> <span class='ocrx_word' id='word_1_209' title='bbox 3012 770 3224 824; x_wconf 78' lang='lat' dir='ltr'>aﬂ&#39;atur</span> <span class='ocrx_word' id='word_1_210' title='bbox 3253 780 3268 816; x_wconf 68' lang='grc' dir='ltr'>ε</span> <span class='ocrx_word' id='word_1_211' title='bbox 3303 768 3498 825; x_wconf 82' lang='lat' dir='ltr'>Placet</span> <span class='ocrx_word' id='word_1_212' title='bbox 3527 774 3592 825; x_wconf 90' lang='lat' dir='ltr'>ut</span> <span class='ocrx_word' id='word_1_213' title='bbox 3620 772 3724 826; x_wconf 90' lang='lat' dir='ltr'>tri-</span> 
     </span>
    </p>
   </div>
   <div class='ocr_carea' id='block_1_30' title="bbox 2078 856 3726 930">
    <p class='ocr_par' dir='ltr' id='par_1_30' title="bbox 2078 856 3726 930">
     <span class='ocr_line' id='line_1_30' title="bbox 2078 856 3726 930; baseline 0.003 -21"><span class='ocrx_word' id='word_1_214' title='bbox 2078 856 2228 927; x_wconf 90' lang='lat' dir='ltr'>plice</span> <span class='ocrx_word' id='word_1_215' title='bbox 2247 858 2451 927; x_wconf 87' lang='lat' dir='ltr'>apside</span> <span class='ocrx_word' id='word_1_216' title='bbox 2474 859 2700 913; x_wconf 89' lang='lat' dir='ltr'>concha</span> <span class='ocrx_word' id='word_1_217' title='bbox 2723 858 2912 914; x_wconf 87' lang='lat' dir='ltr'>lucem</span> <span class='ocrx_word' id='word_1_218' title='bbox 2938 858 3207 930; x_wconf 87' lang='lat' dir='ltr'>accipiat,</span> <span class='ocrx_word' id='word_1_219' title='bbox 3233 858 3569 930; x_wconf 86' lang='lat' dir='ltr'>triplicique</span> <span class='ocrx_word' id='word_1_220' title='bbox 3593 876 3726 930; x_wconf 90' lang='lat' dir='ltr'>por-</span> 
     </span>
    </p>
   </div>
   <div class='ocr_carea' id='block_1_31' title="bbox 2077 945 3732 1016">
    <p class='ocr_par' dir='ltr' id='par_1_31' title="bbox 2077 945 3732 1016">
     <span class='ocr_line' id='line_1_31' title="bbox 2077 945 3732 1016; baseline 0.003 -17"><span class='ocrx_word' id='word_1_221' title='bbox 2077 945 2195 1001; x_wconf 88' lang='lat' dir='ltr'>ticu</span> <span class='ocrx_word' id='word_1_222' title='bbox 2229 947 2397 1001; x_wconf 89' lang='lat' dir='ltr'>bema</span> <span class='ocrx_word' id='word_1_223' title='bbox 2428 946 2779 1016; x_wconf 90' lang='lat' dir='ltr'>illustretur,</span> <span class='ocrx_word' id='word_1_224' title='bbox 2815 947 2874 1002; x_wconf 90' lang='lat' dir='ltr'>in</span> <span class='ocrx_word' id='word_1_225' title='bbox 2909 949 3146 1002; x_wconf 87' lang='lat' dir='ltr'>nomine</span> <span class='ocrx_word' id='word_1_226' title='bbox 3173 947 3361 1003; x_wconf 78' lang='lat' dir='ltr'>Patris</span> <span class='ocrx_word' id='word_1_227' title='bbox 3409 952 3468 1004; x_wconf 92' lang='lat' dir='ltr'>et</span> <span class='ocrx_word' id='word_1_228' title='bbox 3516 947 3647 1004; x_wconf 87' lang='lat' dir='ltr'>Filii</span> <span class='ocrx_word' id='word_1_229' title='bbox 3675 953 3732 1004; x_wconf 90' lang='lat' dir='ltr'>et</span> 
     </span>
    </p>
   </div>
   <div class='ocr_carea' id='block_1_32' title="bbox 2075 1035 3726 1107">
    <p class='ocr_par' dir='ltr' id='par_1_32' title="bbox 2075 1035 3726 1107">
     <span class='ocr_line' id='line_1_32' title="bbox 2075 1035 3726 1107; baseline 0.003 -19"><span class='ocrx_word' id='word_1_230' title='bbox 2075 1035 2332 1106; x_wconf 72' lang='lat' dir='ltr'>Spiritus</span> <span class='ocrx_word' id='word_1_231' title='bbox 2381 1036 2688 1092; x_wconf 82' lang='lat' dir='ltr'>sanctizet</span> <span class='ocrx_word' id='word_1_232' title='bbox 2727 1038 2927 1091; x_wconf 80' lang='lat' dir='ltr'>statim</span> <span class='ocrx_word' id='word_1_233' title='bbox 2972 1037 3043 1092; x_wconf 89' lang='lat' dir='ltr'>ab</span> <span class='ocrx_word' id='word_1_234' title='bbox 3075 1035 3264 1092; x_wconf 88' lang='lat' dir='ltr'>oculis</span> <span class='ocrx_word' id='word_1_235' title='bbox 3293 1037 3422 1107; x_wconf 82' lang='lat' dir='ltr'>ejus</span> <span class='ocrx_word' id='word_1_236' title='bbox 3472 1037 3726 1093; x_wconf 84' lang='lat' dir='ltr'>evanuit.</span> 
     </span>
    </p>
   </div>
   <div class='ocr_carea' id='block_1_33' title="bbox 2075 1123 3728 1197">
    <p class='ocr_par' dir='ltr' id='par_1_33' title="bbox 2075 1123 3728 1197">
     <span class='ocr_line' id='line_1_33' title="bbox 2075 1123 3728 1197; baseline 0.002 -18"><span class='ocrx_word' id='word_1_237' title='bbox 2075 1123 2501 1180; x_wconf 80' lang='lat' dir='ltr'>Consternatus</span> <span class='ocrx_word' id='word_1_238' title='bbox 2524 1124 2882 1181; x_wconf 85' lang='lat' dir='ltr'>architectus</span> <span class='ocrx_word' id='word_1_239' title='bbox 2912 1125 2972 1180; x_wconf 84' lang='lat' dir='ltr'>in</span> <span class='ocrx_word' id='word_1_240' title='bbox 3005 1125 3288 1196; x_wconf 86' lang='lat' dir='ltr'>palatium</span> <span class='ocrx_word' id='word_1_241' title='bbox 3322 1131 3560 1197; x_wconf 87' lang='lat' dir='ltr'>repente</span> <span class='ocrx_word' id='word_1_242' title='bbox 3590 1143 3728 1183; x_wconf 90' lang='lat' dir='ltr'>con-</span> 
     </span>
    </p>
   </div>
   <div class='ocr_carea' id='block_1_34' title="bbox 2075 1213 3728 1286">
    <p class='ocr_par' dir='ltr' id='par_1_34' title="bbox 2075 1213 3728 1286">
     <span class='ocr_line' id='line_1_34' title="bbox 2075 1213 3728 1286; baseline 0.002 -19"><span class='ocrx_word' id='word_1_243' title='bbox 2075 1213 2248 1280; x_wconf 88' lang='lat' dir='ltr'>cedit,</span> <span class='ocrx_word' id='word_1_244' title='bbox 2282 1218 2340 1268; x_wconf 90' lang='lat' dir='ltr'>et</span> <span class='ocrx_word' id='word_1_245' title='bbox 2371 1213 2783 1284; x_wconf 76' lang='lat' dir='ltr'>imperatorem</span> <span class='ocrx_word' id='word_1_246' title='bbox 2837 1214 3108 1284; x_wconf 82' lang='lat' dir='ltr'>asperius</span> <span class='ocrx_word' id='word_1_247' title='bbox 3155 1215 3440 1286; x_wconf 83' lang='lat' dir='ltr'>increpat.</span> <span class='ocrx_word' id='word_1_248' title='bbox 3491 1215 3603 1284; x_wconf 89' lang='lat' dir='ltr'>Tu,</span> <span class='ocrx_word' id='word_1_249' title='bbox 3636 1215 3728 1271; x_wconf 89' lang='lat' dir='ltr'>in-</span> 
     </span>
    </p>
   </div>
   <div class='ocr_carea' id='block_1_35' title="bbox 2074 1301 3726 1373">
    <p class='ocr_par' dir='ltr' id='par_1_35' title="bbox 2074 1301 3726 1373">
     <span class='ocr_line' id='line_1_35' title="bbox 2074 1301 3726 1373; baseline 0.001 -17"><span class='ocrx_word' id='word_1_250' title='bbox 2074 1302 2221 1373; x_wconf 91' lang='lat' dir='ltr'>quit,</span> <span class='ocrx_word' id='word_1_251' title='bbox 2256 1302 2576 1372; x_wconf 87' lang='lat' dir='ltr'>imperator</span> <span class='ocrx_word' id='word_1_252' title='bbox 2609 1301 2740 1356; x_wconf 89' lang='lat' dir='ltr'>talis</span> <span class='ocrx_word' id='word_1_253' title='bbox 2761 1317 2892 1357; x_wconf 91' lang='lat' dir='ltr'>cum</span> <span class='ocrx_word' id='word_1_254' title='bbox 2925 1301 3030 1368; x_wconf 85' lang='lat' dir='ltr'>sis,</span> <span class='ocrx_word' id='word_1_255' title='bbox 3065 1318 3181 1357; x_wconf 90' lang='lat' dir='ltr'>non</span> <span class='ocrx_word' id='word_1_256' title='bbox 3215 1305 3556 1358; x_wconf 89' lang='lat' dir='ltr'>constanter</span> <span class='ocrx_word' id='word_1_257' title='bbox 3576 1319 3726 1358; x_wconf 89' lang='lat' dir='ltr'>uno-</span> 
     </span>
    </p>
   </div>
   <div class='ocr_carea' id='block_1_36' title="bbox 2073 1391 3717 1462">
    <p class='ocr_par' dir='ltr' id='par_1_36' title="bbox 2073 1391 3717 1462">
     <span class='ocr_line' id='line_1_36' title="bbox 2073 1391 3717 1462; baseline 0.001 -17"><span class='ocrx_word' id='word_1_258' title='bbox 2073 1407 2186 1462; x_wconf 90' lang='lat' dir='ltr'>que</span> <span class='ocrx_word' id='word_1_259' title='bbox 2236 1393 2408 1446; x_wconf 93' lang='lat' dir='ltr'>modo</span> <span class='ocrx_word' id='word_1_260' title='bbox 2457 1391 2734 1461; x_wconf 88' lang='lat' dir='ltr'>loqueris.</span> <span class='ocrx_word' id='word_1_261' title='bbox 2784 1391 3076 1446; x_wconf 82' lang='lat' dir='ltr'>Hactenus</span> <span class='ocrx_word' id='word_1_262' title='bbox 3139 1391 3474 1461; x_wconf 87' lang='lat' dir='ltr'>imperabas</span> <span class='ocrx_word' id='word_1_263' title='bbox 3530 1409 3717 1447; x_wconf 90' lang='lat' dir='ltr'>unum</span> 
     </span>
    </p>
   </div>
   <div class='ocr_carea' id='block_1_37' title="bbox 2071 1477 3721 1549">
    <p class='ocr_par' dir='ltr' id='par_1_37' title="bbox 2071 1477 3721 1549">
     <span class='ocr_line' id='line_1_37' title="bbox 2071 1477 3721 1549; baseline 0.001 -16"><span class='ocrx_word' id='word_1_264' title='bbox 2071 1479 2381 1549; x_wconf 83' lang='lat' dir='ltr'>fornicem,</span> <span class='ocrx_word' id='word_1_265' title='bbox 2410 1496 2546 1534; x_wconf 89' lang='lat' dir='ltr'>mox</span> <span class='ocrx_word' id='word_1_266' title='bbox 2577 1481 2724 1533; x_wconf 92' lang='lat' dir='ltr'>duos</span> <span class='ocrx_word' id='word_1_267' title='bbox 2753 1480 2825 1533; x_wconf 91' lang='lat' dir='ltr'>ad</span> <span class='ocrx_word' id='word_1_268' title='bbox 2857 1477 3279 1535; x_wconf 84' lang='lat' dir='ltr'>illustrandum</span> <span class='ocrx_word' id='word_1_269' title='bbox 3335 1480 3506 1536; x_wconf 90' lang='lat' dir='ltr'>bema</span> <span class='ocrx_word' id='word_1_270' title='bbox 3536 1480 3721 1535; x_wconf 66' lang='lat' dir='ltr'>aedili-</span> 
     </span>
    </p>
   </div>
   <div class='ocr_carea' id='block_1_38' title="bbox 2073 1567 3724 1639">
    <p class='ocr_par' dir='ltr' id='par_1_38' title="bbox 2073 1567 3724 1639">
     <span class='ocr_line' id='line_1_38' title="bbox 2073 1567 3724 1639; baseline 0.002 -17"><span class='ocrx_word' id='word_1_271' title='bbox 2073 1568 2228 1634; x_wconf 86' lang='lat' dir='ltr'>cari;</span> <span class='ocrx_word' id='word_1_272' title='bbox 2254 1570 2379 1638; x_wconf 78' lang='lat' dir='ltr'>jam</span> <span class='ocrx_word' id='word_1_273' title='bbox 2416 1585 2589 1639; x_wconf 92' lang='lat' dir='ltr'>opere</span> <span class='ocrx_word' id='word_1_274' title='bbox 2619 1567 2886 1624; x_wconf 79' lang='lat' dir='ltr'>absoluto</span> <span class='ocrx_word' id='word_1_275' title='bbox 2902 1569 2973 1622; x_wconf 90' lang='lat' dir='ltr'>ad</span> <span class='ocrx_word' id='word_1_276' title='bbox 2997 1584 3087 1624; x_wconf 88' lang='lat' dir='ltr'>me</span> <span class='ocrx_word' id='word_1_277' title='bbox 3117 1569 3280 1624; x_wconf 90' lang='lat' dir='ltr'>venis</span> <span class='ocrx_word' id='word_1_278' title='bbox 3297 1568 3498 1624; x_wconf 89' lang='lat' dir='ltr'>dicens</span> <span class='ocrx_word' id='word_1_279' title='bbox 3532 1587 3546 1625; x_wconf 88' lang='lat'>:</span> <span class='ocrx_word' id='word_1_280' title='bbox 3581 1570 3724 1625; x_wconf 88' lang='lat' dir='ltr'>Tres</span> 
     </span>
    </p>
   </div>
   <div class='ocr_carea' id='block_1_39' title="bbox 2073 1656 3722 1729">
    <p class='ocr_par' dir='ltr' id='par_1_39' title="bbox 2073 1656 3722 1729">
     <span class='ocr_line' id='line_1_39' title="bbox 2073 1656 3722 1729; baseline 0.001 -18"><span class='ocrx_word' id='word_1_281' title='bbox 2073 1656 2325 1711; x_wconf 79' lang='lat' dir='ltr'>fornices</span> <span class='ocrx_word' id='word_1_282' title='bbox 2361 1656 2548 1711; x_wconf 89' lang='lat' dir='ltr'>lucem</span> <span class='ocrx_word' id='word_1_283' title='bbox 2574 1657 2789 1711; x_wconf 89' lang='lat' dir='ltr'>bemati</span> <span class='ocrx_word' id='word_1_284' title='bbox 2822 1657 3039 1712; x_wconf 85' lang='lat' dir='ltr'>faciunt</span> <span class='ocrx_word' id='word_1_285' title='bbox 3068 1663 3304 1729; x_wconf 81' lang='lat' dir='ltr'>propter</span> <span class='ocrx_word' id='word_1_286' title='bbox 3335 1658 3508 1713; x_wconf 83' lang='lat' dir='ltr'>ﬁdem</span> <span class='ocrx_word' id='word_1_287' title='bbox 3531 1657 3722 1712; x_wconf 89' lang='lat' dir='ltr'>Trini-</span> 
     </span>
    </p>
   </div>
   <div class='ocr_carea' id='block_1_40' title="bbox 2071 1745 3719 1816">
    <p class='ocr_par' dir='ltr' id='par_1_40' title="bbox 2071 1745 3719 1816">
     <span class='ocr_line' id='line_1_40' title="bbox 2071 1745 3719 1816; baseline 0.001 -16"><span class='ocrx_word' id='word_1_288' title='bbox 2071 1745 2231 1800; x_wconf 82' lang='lat' dir='ltr'>tatis.</span> <span class='ocrx_word' id='word_1_289' title='bbox 2265 1745 2590 1816; x_wconf 87' lang='lat' dir='ltr'>Imperator</span> <span class='ocrx_word' id='word_1_290' title='bbox 2620 1763 2754 1802; x_wconf 91' lang='lat' dir='ltr'>cum</span> <span class='ocrx_word' id='word_1_291' title='bbox 2798 1751 2998 1802; x_wconf 86' lang='lat' dir='ltr'>nosset</span> <span class='ocrx_word' id='word_1_292' title='bbox 3027 1763 3090 1802; x_wconf 91' lang='lat' dir='ltr'>se</span> <span class='ocrx_word' id='word_1_293' title='bbox 3119 1745 3220 1801; x_wconf 88' lang='lat' dir='ltr'>illa</span> <span class='ocrx_word' id='word_1_294' title='bbox 3269 1746 3360 1802; x_wconf 90' lang='lat' dir='ltr'>die</span> <span class='ocrx_word' id='word_1_295' title='bbox 3409 1752 3467 1801; x_wconf 90' lang='lat' dir='ltr'>et</span> <span class='ocrx_word' id='word_1_296' title='bbox 3515 1747 3659 1802; x_wconf 89' lang='lat' dir='ltr'>hora</span> <span class='ocrx_word' id='word_1_297' title='bbox 3688 1763 3719 1802; x_wconf 89' lang='lat' dir='ltr'>e</span> 
     </span>
    </p>
   </div>
   <div class='ocr_carea' id='block_1_41' title="bbox 2071 1833 3719 1906">
    <p class='ocr_par' dir='ltr' id='par_1_41' title="bbox 2071 1833 3719 1906">
     <span class='ocr_line' id='line_1_41' title="bbox 2071 1833 3719 1906; baseline 0.001 -18"><span class='ocrx_word' id='word_1_298' title='bbox 2071 1833 2286 1906; x_wconf 89' lang='lat' dir='ltr'>palatio</span> <span class='ocrx_word' id='word_1_299' title='bbox 2319 1836 2527 1905; x_wconf 90' lang='lat' dir='ltr'>pedem</span> <span class='ocrx_word' id='word_1_300' title='bbox 2561 1851 2674 1889; x_wconf 93' lang='lat' dir='ltr'>non</span> <span class='ocrx_word' id='word_1_301' title='bbox 2724 1833 3032 1890; x_wconf 83' lang='lat' dir='ltr'>extulisse.</span> <span class='ocrx_word' id='word_1_302' title='bbox 3089 1835 3279 1906; x_wconf 86' lang='lat' dir='ltr'>Certo,</span> <span class='ocrx_word' id='word_1_303' title='bbox 3338 1835 3550 1906; x_wconf 90' lang='lat' dir='ltr'>inquit,</span> <span class='ocrx_word' id='word_1_304' title='bbox 3586 1834 3719 1890; x_wconf 88' lang='lat' dir='ltr'>novi</span> 
     </span>
    </p>
   </div>
   <div class='ocr_carea' id='block_1_42' title="bbox 2069 1922 3718 1995">
    <p class='ocr_par' dir='ltr' id='par_1_42' title="bbox 2069 1922 3718 1995">
     <span class='ocr_line' id='line_1_42' title="bbox 2069 1922 3718 1995; baseline 0 -17"><span class='ocrx_word' id='word_1_305' title='bbox 2069 1922 2340 1994; x_wconf 81' lang='lat' dir='ltr'>angelum</span> <span class='ocrx_word' id='word_1_306' title='bbox 2372 1923 2606 1979; x_wconf 90' lang='lat' dir='ltr'>Domini</span> <span class='ocrx_word' id='word_1_307' title='bbox 2642 1939 2770 1980; x_wconf 91' lang='lat' dir='ltr'>esse</span> <span class='ocrx_word' id='word_1_308' title='bbox 2801 1923 2902 1995; x_wconf 86' lang='lat' dir='ltr'>qui</span> <span class='ocrx_word' id='word_1_309' title='bbox 2946 1928 3002 1979; x_wconf 91' lang='lat' dir='ltr'>te</span> <span class='ocrx_word' id='word_1_310' title='bbox 3033 1923 3326 1979; x_wconf 84' lang='lat' dir='ltr'>allocutus</span> <span class='ocrx_word' id='word_1_311' title='bbox 3375 1928 3498 1995; x_wconf 88' lang='lat' dir='ltr'>est;</span> <span class='ocrx_word' id='word_1_312' title='bbox 3539 1927 3718 1994; x_wconf 88' lang='lat' dir='ltr'>utque</span> 
     </span>
    </p>
   </div>
   <div class='ocr_carea' id='block_1_43' title="bbox 2064 2011 3718 2084">
    <p class='ocr_par' dir='ltr' id='par_1_43' title="bbox 2064 2011 3718 2084">
     <span class='ocr_line' id='line_1_43' title="bbox 2064 2011 3718 2084; baseline 0.001 -18"><span class='ocrx_word' id='word_1_313' title='bbox 2064 2012 2305 2082; x_wconf 89' lang='lat' dir='ltr'>jussum</span> <span class='ocrx_word' id='word_1_314' title='bbox 2334 2016 2424 2066; x_wconf 91' lang='lat' dir='ltr'>est</span> <span class='ocrx_word' id='word_1_315' title='bbox 2453 2012 2654 2069; x_wconf 87' lang='lat' dir='ltr'>facito.</span> <span class='ocrx_word' id='word_1_316' title='bbox 2685 2013 2902 2067; x_wconf 89' lang='lat' dir='ltr'>Omnes</span> <span class='ocrx_word' id='word_1_317' title='bbox 2932 2028 3103 2083; x_wconf 84' lang='lat' dir='ltr'>porro</span> <span class='ocrx_word' id='word_1_318' title='bbox 3132 2012 3260 2084; x_wconf 70' lang='lat' dir='ltr'>pilis</span> <span class='ocrx_word' id='word_1_319' title='bbox 3290 2011 3538 2068; x_wconf 89' lang='lat' dir='ltr'>interius</span> <span class='ocrx_word' id='word_1_320' title='bbox 3562 2016 3718 2067; x_wconf 82' lang='lat' dir='ltr'>exte-</span> 
     </span>
    </p>
   </div>
   <div class='ocr_carea' id='block_1_44' title="bbox 2075 2101 3724 2172">
    <p class='ocr_par' dir='ltr' id='par_1_44' title="bbox 2075 2101 3724 2172">
     <span class='ocr_line' id='line_1_44' title="bbox 2075 2101 3724 2172; baseline -0.001 -16"><span class='ocrx_word' id='word_1_321' title='bbox 2075 2101 2316 2172; x_wconf 85' lang='lat' dir='ltr'>riusque</span> <span class='ocrx_word' id='word_1_322' title='bbox 2351 2101 2555 2157; x_wconf 80' lang='lat' dir='ltr'>ferreis</span> <span class='ocrx_word' id='word_1_323' title='bbox 2580 2102 2848 2157; x_wconf 83' lang='lat' dir='ltr'>vectibus</span> <span class='ocrx_word' id='word_1_324' title='bbox 2891 2101 3291 2157; x_wconf 69' lang='lat' dir='ltr'>ferruminatai</span> <span class='ocrx_word' id='word_1_325' title='bbox 3337 2104 3612 2157; x_wconf 90' lang='lat' dir='ltr'>tenentur</span> <span class='ocrx_word' id='word_1_326' title='bbox 3657 2104 3724 2156; x_wconf 90' lang='lat' dir='ltr'>ut</span> 
     </span>
    </p>
   </div>
   <div class='ocr_carea' id='block_1_45' title="bbox 2074 2190 3726 2262">
    <p class='ocr_par' dir='ltr' id='par_1_45' title="bbox 2074 2190 3726 2262">
     <span class='ocr_line' id='line_1_45' title="bbox 2074 2190 3726 2262; baseline 0 -16"><span class='ocrx_word' id='word_1_327' title='bbox 2074 2191 2228 2246; x_wconf 90' lang='lat' dir='ltr'>inter</span> <span class='ocrx_word' id='word_1_328' title='bbox 2257 2206 2318 2246; x_wconf 87' lang='lat' dir='ltr'>se</span> <span class='ocrx_word' id='word_1_329' title='bbox 2349 2190 2627 2257; x_wconf 74' lang='lat' dir='ltr'>haereant,</span> <span class='ocrx_word' id='word_1_330' title='bbox 2678 2198 2732 2246; x_wconf 87' lang='lat' dir='ltr'>et</span> <span class='ocrx_word' id='word_1_331' title='bbox 2774 2191 3031 2246; x_wconf 79' lang='lat' dir='ltr'>immotae</span> <span class='ocrx_word' id='word_1_332' title='bbox 3079 2191 3428 2261; x_wconf 88' lang='lat' dir='ltr'>consistant,</span> <span class='ocrx_word' id='word_1_333' title='bbox 3477 2190 3726 2262; x_wconf 90' lang='lat' dir='ltr'>oleoque</span> 
     </span>
    </p>
   </div>
   <div class='ocr_carea' id='block_1_46' title="bbox 2075 2279 3723 2335">
    <p class='ocr_par' dir='ltr' id='par_1_46' title="bbox 2075 2279 3723 2335">
     <span class='ocr_line' id='line_1_46' title="bbox 2075 2279 3723 2335; baseline -0.001 0"><span class='ocrx_word' id='word_1_334' title='bbox 2075 2284 2133 2335; x_wconf 90' lang='lat' dir='ltr'>et</span> <span class='ocrx_word' id='word_1_335' title='bbox 2189 2279 2343 2334; x_wconf 89' lang='lat' dir='ltr'>calce</span> <span class='ocrx_word' id='word_1_336' title='bbox 2401 2279 2671 2335; x_wconf 66' lang='lat' dir='ltr'>obductae</span> <span class='ocrx_word' id='word_1_337' title='bbox 2715 2295 2728 2334; x_wconf 91' lang='lat'>:</span> <span class='ocrx_word' id='word_1_338' title='bbox 2780 2284 2838 2334; x_wconf 85' lang='lat' dir='ltr'>et</span> <span class='ocrx_word' id='word_1_339' title='bbox 2891 2279 2976 2334; x_wconf 88' lang='lat' dir='ltr'>ita</span> <span class='ocrx_word' id='word_1_340' title='bbox 3031 2280 3325 2335; x_wconf 88' lang='lat' dir='ltr'>variorum</span> <span class='ocrx_word' id='word_1_341' title='bbox 3360 2294 3723 2334; x_wconf 90' lang='lat' dir='ltr'>marmorum</span> 
     </span>
    </p>
   </div>
   <div class='ocr_carea' id='block_1_47' title="bbox 2077 2368 2990 2439">
    <p class='ocr_par' dir='ltr' id='par_1_47' title="bbox 2077 2368 2990 2439">
     <span class='ocr_line' id='line_1_47' title="bbox 2077 2368 2990 2439; baseline 0.001 -16"><span class='ocrx_word' id='word_1_342' title='bbox 2077 2368 2533 2424; x_wconf 89' lang='lat' dir='ltr'>incrustationes</span> <span class='ocrx_word' id='word_1_343' title='bbox 2566 2371 2776 2439; x_wconf 68' lang='lat' dir='ltr'>aptata:</span> <span class='ocrx_word' id='word_1_344' title='bbox 2809 2369 2990 2424; x_wconf 78' lang='lat' dir='ltr'>fuere.</span> 
     </span>
    </p>
   </div>
   <div class='ocr_carea' id='block_1_48' title="bbox 312 2513 3724 2585">
    <p class='ocr_par' dir='ltr' id='par_1_48' title="bbox 312 2513 3724 2585">
     <span class='ocr_line' id='line_1_48' title="bbox 312 2513 3724 2585; baseline 0 -17"><span class='ocrx_word' id='word_1_345' title='bbox 312 2515 398 2568; x_wconf 67' lang='lat' dir='ltr'>Ex</span> <span class='ocrx_word' id='word_1_346' title='bbox 429 2514 616 2568; x_wconf 80' lang='lat' dir='ltr'>insula</span> <span class='ocrx_word' id='word_1_347' title='bbox 647 2513 830 2569; x_wconf 72' lang='lat' dir='ltr'>Rhodo</span> <span class='ocrx_word' id='word_1_348' title='bbox 852 2515 1049 2569; x_wconf 84' lang='lat' dir='ltr'>lateres</span> <span class='ocrx_word' id='word_1_349' title='bbox 1081 2513 1150 2568; x_wconf 84' lang='lat' dir='ltr'>ad</span> <span class='ocrx_word' id='word_1_350' title='bbox 1173 2514 1347 2569; x_wconf 88' lang='lat' dir='ltr'>Trulli</span> <span class='ocrx_word' id='word_1_351' title='bbox 1374 2518 1709 2570; x_wconf 82' lang='lat' dir='ltr'>structuram</span> <span class='ocrx_word' id='word_1_352' title='bbox 1739 2515 2075 2585; x_wconf 76' lang='lat' dir='ltr'>aﬂeruniur.</span> <span class='ocrx_word' id='word_1_353' title='bbox 2113 2515 2383 2585; x_wconf 61' lang='lat' dir='ltr'>Reliquiw</span> <span class='ocrx_word' id='word_1_354' title='bbox 2410 2518 2726 2570; x_wconf 84' lang='lat' dir='ltr'>sanctorum</span> <span class='ocrx_word' id='word_1_355' title='bbox 2747 2516 2804 2570; x_wconf 85' lang='lat' dir='ltr'>in</span> <span class='ocrx_word' id='word_1_356' title='bbox 2826 2513 3120 2569; x_wconf 79' lang='lat' dir='ltr'>duodecim</span> <span class='ocrx_word' id='word_1_357' title='bbox 3138 2530 3208 2569; x_wconf 74' lang='lat' dir='ltr'>ex</span> <span class='ocrx_word' id='word_1_358' title='bbox 3249 2514 3320 2570; x_wconf 84' lang='lat' dir='ltr'>iis</span> <span class='ocrx_word' id='word_1_359' title='bbox 3362 2521 3724 2584; x_wconf 79' lang='lat' dir='ltr'>reponuntur.</span> 
     </span>
    </p>
   </div>
   <div class='ocr_carea' id='block_1_49' title="bbox 384 2585 3724 2660">
    <p class='ocr_par' dir='ltr' id='par_1_49' title="bbox 384 2585 3724 2660">
     <span class='ocr_line' id='line_1_49' title="bbox 384 2585 3724 2660; baseline 0 -22"><span class='ocrx_word' id='word_1_360' title='bbox 384 2585 712 2660; x_wconf 55' lang='lat' dir='ltr'>.Eacerdotes</span> <span class='ocrx_word' id='word_1_361' title='bbox 738 2601 839 2660; x_wconf 74' lang='lat' dir='ltr'>pro</span> <span class='ocrx_word' id='word_1_362' title='bbox 870 2587 1115 2641; x_wconf 73' lang='lat' dir='ltr'>ecclesiae</span> <span class='ocrx_word' id='word_1_363' title='bbox 1163 2585 1426 2660; x_wconf 77' lang='lat' dir='ltr'>ﬁrmitate</span> <span class='ocrx_word' id='word_1_364' title='bbox 1453 2602 1638 2657; x_wconf 81' lang='lat' dir='ltr'>preces</span> <span class='ocrx_word' id='word_1_365' title='bbox 1686 2587 1952 2660; x_wconf 70' lang='lat' dir='ltr'>fundunt.</span> <span class='ocrx_word' id='word_1_366' title='bbox 2004 2586 2387 2660; x_wconf 74' lang='lat' dir='ltr'>commissurae</span> <span class='ocrx_word' id='word_1_367' title='bbox 2432 2603 2497 2642; x_wconf 88' lang='lat' dir='ltr'>ac</span> <span class='ocrx_word' id='word_1_368' title='bbox 2529 2585 2766 2660; x_wconf 79' lang='lat' dir='ltr'>reliqua</span> <span class='ocrx_word' id='word_1_369' title='bbox 2812 2592 3146 2660; x_wconf 63' lang='lat' dir='ltr'>ornamenta</span> <span class='ocrx_word' id='word_1_370' title='bbox 3184 2601 3322 2660; x_wconf 80' lang='lat' dir='ltr'>auro</span> <span class='ocrx_word' id='word_1_371' title='bbox 3361 2585 3724 2660; x_wconf 74' lang='lat' dir='ltr'>abducuntur.</span> 
     </span>
    </p>
   </div>
   <div class='ocr_carea' id='block_1_50' title="bbox 387 2657 3728 2728">
    <p class='ocr_par' dir='ltr' id='par_1_50' title="bbox 387 2657 3728 2728">
     <span class='ocr_line' id='line_1_50' title="bbox 387 2657 3728 2728; baseline 0.001 -18"><span class='ocrx_word' id='word_1_372' title='bbox 387 2657 594 2726; x_wconf 82' lang='lat' dir='ltr'>Templi</span> <span class='ocrx_word' id='word_1_373' title='bbox 621 2657 1028 2727; x_wconf 68' lang='lat' dir='ltr'>parvimentum</span> <span class='ocrx_word' id='word_1_374' title='bbox 1054 2659 1310 2727; x_wconf 77' lang='lat' dir='ltr'>pretiosis</span> <span class='ocrx_word' id='word_1_375' title='bbox 1338 2667 1575 2714; x_wconf 80' lang='lat' dir='ltr'>ornatur</span> <span class='ocrx_word' id='word_1_376' title='bbox 1601 2657 1989 2714; x_wconf 68' lang='lat' dir='ltr'>marmoribus.</span> <span class='ocrx_word' id='word_1_377' title='bbox 2024 2659 2227 2714; x_wconf 85' lang='lat' dir='ltr'>Latera</span> <span class='ocrx_word' id='word_1_378' title='bbox 2259 2661 2394 2715; x_wconf 81' lang='lat' dir='ltr'>item</span> <span class='ocrx_word' id='word_1_379' title='bbox 2415 2659 2587 2714; x_wconf 85' lang='lat' dir='ltr'>variis</span> <span class='ocrx_word' id='word_1_380' title='bbox 2616 2659 2985 2712; x_wconf 82' lang='lat' dir='ltr'>marmoribus</span> <span class='ocrx_word' id='word_1_381' title='bbox 3012 2657 3310 2726; x_wconf 75' lang='lat' dir='ltr'>decoravit,</span> <span class='ocrx_word' id='word_1_382' title='bbox 3332 2674 3395 2713; x_wconf 90' lang='lat' dir='ltr'>ac</span> <span class='ocrx_word' id='word_1_383' title='bbox 3418 2659 3728 2728; x_wconf 76' lang='lat' dir='ltr'>ingentibus</span> 
     </span>
    </p>
   </div>
   <div class='ocr_carea' id='block_1_51' title="bbox 383 2729 1392 2800">
    <p class='ocr_par' dir='ltr' id='par_1_51' title="bbox 383 2729 1392 2800">
     <span class='ocr_line' id='line_1_51' title="bbox 383 2729 1392 2800; baseline 0 -16"><span class='ocrx_word' id='word_1_384' title='bbox 383 2732 438 2784; x_wconf 79' lang='lat' dir='ltr'>et</span> <span class='ocrx_word' id='word_1_385' title='bbox 465 2730 719 2799; x_wconf 85' lang='lat' dir='ltr'>pretiosis</span> <span class='ocrx_word' id='word_1_386' title='bbox 747 2729 1030 2800; x_wconf 77' lang='lat' dir='ltr'>lapidibus</span> <span class='ocrx_word' id='word_1_387' title='bbox 1057 2732 1392 2784; x_wconf 81' lang='lat' dir='ltr'>constravit.</span> 
     </span>
    </p>
   </div>
   <div class='ocr_carea' id='block_1_52' title="bbox 387 2847 1964 2927">
    <p class='ocr_par' dir='ltr' id='par_1_52' title="bbox 387 2847 1964 2927">
     <span class='ocr_line' id='line_1_52' title="bbox 387 2847 1964 2927; baseline 0.001 -21"><span class='ocrx_word' id='word_1_388' title='bbox 387 2849 706 2906; x_wconf 77' lang='grc' dir='ltr'>’Δπέστειλε</span> <span class='ocrx_word' id='word_1_389' title='bbox 735 2847 793 2905; x_wconf 75' lang='grc' dir='ltr'>δὲ</span> <span class='ocrx_word' id='word_1_390' title='bbox 841 2851 867 2905; x_wconf 83' lang='grc' dir='ltr'><strong>ὁ</strong></span> <span class='ocrx_word' id='word_1_391' title='bbox 920 2851 1176 2927; x_wconf 76' lang='grc' dir='ltr'>βασιλεὺς</span> <span class='ocrx_word' id='word_1_392' title='bbox 1222 2851 1476 2927; x_wconf 85' lang='grc' dir='ltr'>Τρώϊλον</span> <span class='ocrx_word' id='word_1_393' title='bbox 1529 2851 1619 2906; x_wconf 82' lang='grc' dir='ltr'>τὸν</span> <span class='ocrx_word' id='word_1_394' title='bbox 1669 2847 1964 2907; x_wconf 77' lang='grc' dir='ltr'>κουϐικου-</span> 
     </span>
    </p>
   </div>
   <div class='ocr_carea' id='block_1_53' title="bbox 315 2937 1963 3016">
    <p class='ocr_par' dir='ltr' id='par_1_53' title="bbox 315 2937 1963 3016">
     <span class='ocr_line' id='line_1_53' title="bbox 315 2937 1963 3016; baseline 0 -20"><span class='ocrx_word' id='word_1_395' title='bbox 315 2940 554 3016; x_wconf 83' lang='grc' dir='ltr'>λάρίον,</span> <span class='ocrx_word' id='word_1_396' title='bbox 609 2939 700 2995; x_wconf 80' lang='grc' dir='ltr'>καὶ</span> <span class='ocrx_word' id='word_1_397' title='bbox 761 2937 1044 3012; x_wconf 80' lang='grc' dir='ltr'>Θεόδωρον</span> <span class='ocrx_word' id='word_1_398' title='bbox 1103 2940 1387 3016; x_wconf 90' lang='grc' dir='ltr'>πατρίκιον</span> <span class='ocrx_word' id='word_1_399' title='bbox 1426 2987 1440 3013; x_wconf 87' lang='grc'>,</span> <span class='ocrx_word' id='word_1_400' title='bbox 1511 2941 1602 2994; x_wconf 80' lang='grc' dir='ltr'>καὶ</span> <span class='ocrx_word' id='word_1_401' title='bbox 1679 2941 1963 2998; x_wconf 83' lang='grc' dir='ltr'>Βασίλειον</span> 
     </span>
    </p>
   </div>
   <div class='ocr_carea' id='block_1_54' title="bbox 313 3027 1968 3103">
    <p class='ocr_par' dir='ltr' id='par_1_54' title="bbox 313 3027 1968 3103">
     <span class='ocr_line' id='line_1_54' title="bbox 313 3027 1968 3103; baseline 0 -19"><span class='ocrx_word' id='word_1_402' title='bbox 313 3029 637 3103; x_wconf 86' lang='grc' dir='ltr'>κοιαίστορα</span> <span class='ocrx_word' id='word_1_403' title='bbox 692 3029 744 3083; x_wconf 87' lang='grc' dir='ltr'>ἐν</span> <span class='ocrx_word' id='word_1_404' title='bbox 797 3033 864 3103; x_wconf 82' lang='grc' dir='ltr'>τῇ</span> <span class='ocrx_word' id='word_1_405' title='bbox 923 3027 1094 3101; x_wconf 79' lang='grc' dir='ltr'>Ῥόδῳ</span> <span class='ocrx_word' id='word_1_406' title='bbox 1151 3032 1324 3102; x_wconf 87' lang='grc' dir='ltr'>νήσῳ,</span> <span class='ocrx_word' id='word_1_407' title='bbox 1382 3031 1472 3084; x_wconf 81' lang='grc' dir='ltr'>καὶ</span> <span class='ocrx_word' id='word_1_408' title='bbox 1528 3027 1737 3102; x_wconf 72' lang='grc' dir='ltr'>ἓκαμον</span> <span class='ocrx_word' id='word_1_409' title='bbox 1797 3031 1968 3084; x_wconf 83' lang='grc' dir='ltr'>ἐκεῖσε</span> 
     </span>
    </p>
   </div>
   <div class='ocr_carea' id='block_1_55' title="bbox 319 3115 1968 3194">
    <p class='ocr_par' dir='ltr' id='par_1_55' title="bbox 319 3115 1968 3194">
     <span class='ocr_line' id='line_1_55' title="bbox 319 3115 1968 3194; baseline 0 -22"><span class='ocrx_word' id='word_1_410' title='bbox 319 3119 456 3190; x_wconf 79' lang='grc' dir='ltr'>μετᾶ</span> <span class='ocrx_word' id='word_1_411' title='bbox 497 3115 682 3187; x_wconf 86' lang='grc' dir='ltr'>πηλοῦ</span> <span class='ocrx_word' id='word_1_412' title='bbox 743 3115 960 3194; x_wconf 86' lang='grc' dir='ltr'>βήσαλα</span> <span class='ocrx_word' id='word_1_413' title='bbox 1011 3117 1330 3192; x_wconf 82' lang='grc' dir='ltr'>ἶσόσταθμα,</span> <span class='ocrx_word' id='word_1_414' title='bbox 1384 3119 1472 3172; x_wconf 87' lang='lat' dir='ltr'>xui</span> <span class='ocrx_word' id='word_1_415' title='bbox 1531 3119 1775 3190; x_wconf 73' lang='grc' dir='ltr'>ἰσόμηκα</span> <span class='ocrx_word' id='word_1_416' title='bbox 1823 3139 1968 3190; x_wconf 88' lang='grc' dir='ltr'>παμ-</span> 
     </span>
    </p>
   </div>
   <div class='ocr_carea' id='block_1_56' title="bbox 318 3205 1968 3285">
    <p class='ocr_par' dir='ltr' id='par_1_56' title="bbox 318 3205 1968 3285">
     <span class='ocr_line' id='line_1_56' title="bbox 318 3205 1968 3285; baseline 0 -24"><span class='ocrx_word' id='word_1_417' title='bbox 318 3206 551 3282; x_wconf 85' lang='grc' dir='ltr'>μεγέθη,</span> <span class='ocrx_word' id='word_1_418' title='bbox 608 3207 988 3285; x_wconf 76' lang='grc' dir='ltr'>σφραγίζοντες</span> <span class='ocrx_word' id='word_1_419' title='bbox 1047 3206 1242 3274; x_wconf 68' lang='grc' dir='ltr'>οὕτως,</span> <span class='ocrx_word' id='word_1_420' title='bbox 1307 3232 1332 3257; x_wconf 85' lang='grc'><em>‹‹</em></span> <span class='ocrx_word' id='word_1_421' title='bbox 1391 3208 1452 3264; x_wconf 89' lang='grc' dir='ltr'>Ὁ</span> <span class='ocrx_word' id='word_1_422' title='bbox 1483 3207 1613 3268; x_wconf 83' lang='grc' dir='ltr'>Θεὸς</span> <span class='ocrx_word' id='word_1_423' title='bbox 1671 3205 1968 3280; x_wconf 84' lang='grc' dir='ltr'>ἐθεμελίω-</span> 
     </span>
    </p>
   </div>
   <div class='ocr_carea' id='block_1_57' title="bbox 314 3295 1969 3371">
    <p class='ocr_par' dir='ltr' id='par_1_57' title="bbox 314 3295 1969 3371">
     <span class='ocr_line' id='line_1_57' title="bbox 314 3295 1969 3371; baseline 0 -21"><span class='ocrx_word' id='word_1_424' title='bbox 314 3317 403 3350; x_wconf 81' lang='grc' dir='ltr'>σιν</span> <span class='ocrx_word' id='word_1_425' title='bbox 459 3296 648 3366; x_wconf 71' lang='grc' dir='ltr'>αὐτὴν,</span> <span class='ocrx_word' id='word_1_426' title='bbox 704 3298 794 3352; x_wconf 69' lang='grc' dir='ltr'>καὶ</span> <span class='ocrx_word' id='word_1_427' title='bbox 855 3297 918 3351; x_wconf 81' lang='grc' dir='ltr'>οὗ</span> <span class='ocrx_word' id='word_1_428' title='bbox 980 3295 1392 3366; x_wconf 81' lang='grc' dir='ltr'>σαλευθησεται’</span> <span class='ocrx_word' id='word_1_429' title='bbox 1431 3297 1694 3370; x_wconf 77' lang='grc' dir='ltr'>βοηθήσει</span> <span class='ocrx_word' id='word_1_430' title='bbox 1743 3296 1879 3371; x_wconf 78' lang='grc' dir='ltr'>αὐτῇ</span> <span class='ocrx_word' id='word_1_431' title='bbox 1941 3297 1969 3350; x_wconf 91' lang='lat'>6</span> 
     </span>
    </p>
   </div>
   <div class='ocr_carea' id='block_1_58' title="bbox 2148 2851 3725 2926">
    <p class='ocr_par' dir='ltr' id='par_1_58' title="bbox 2148 2851 3725 2926">
     <span class='ocr_line' id='line_1_58' title="bbox 2148 2851 3725 2926; baseline -0.001 -17"><span class='ocrx_word' id='word_1_432' title='bbox 2148 2853 2860 2926; x_wconf 90' lang='lat' dir='ltr'>Misitveroimperatorin</span> <span class='ocrx_word' id='word_1_433' title='bbox 2887 2853 3142 2910; x_wconf 86' lang='lat' dir='ltr'>insulam</span> <span class='ocrx_word' id='word_1_434' title='bbox 3168 2853 3438 2908; x_wconf 80' lang='lat' dir='ltr'>Rhodum</span> <span class='ocrx_word' id='word_1_435' title='bbox 3463 2851 3725 2909; x_wconf 88' lang='lat' dir='ltr'>Troilum</span> 
     </span>
    </p>
   </div>
   <div class='ocr_carea' id='block_1_59' title="bbox 2079 2942 3722 3013">
    <p class='ocr_par' dir='ltr' id='par_1_59' title="bbox 2079 2942 3722 3013">
     <span class='ocr_line' id='line_1_59' title="bbox 2079 2942 3722 3013; baseline 0 -15"><span class='ocrx_word' id='word_1_436' title='bbox 2079 2943 2528 3013; x_wconf 88' lang='lat' dir='ltr'>cubicularium,</span> <span class='ocrx_word' id='word_1_437' title='bbox 2559 2942 2933 2998; x_wconf 90' lang='lat' dir='ltr'>Theodorum</span> <span class='ocrx_word' id='word_1_438' title='bbox 2979 2942 3291 3013; x_wconf 88' lang='lat' dir='ltr'>patricium</span> <span class='ocrx_word' id='word_1_439' title='bbox 3322 2947 3380 2998; x_wconf 90' lang='lat' dir='ltr'>et</span> <span class='ocrx_word' id='word_1_440' title='bbox 3410 2942 3722 2998; x_wconf 88' lang='lat' dir='ltr'>Basilidem</span> 
     </span>
    </p>
   </div>
   <div class='ocr_carea' id='block_1_60' title="bbox 2079 3031 3721 3102">
    <p class='ocr_par' dir='ltr' id='par_1_60' title="bbox 2079 3031 3721 3102">
     <span class='ocr_line' id='line_1_60' title="bbox 2079 3031 3721 3102; baseline -0.001 -16"><span class='ocrx_word' id='word_1_441' title='bbox 2079 3037 2428 3102; x_wconf 65' lang='lat' dir='ltr'>questorem</span> <span class='ocrx_word' id='word_1_442' title='bbox 2456 3049 2468 3086; x_wconf 93' lang='lat'><strong>:</strong></span> <span class='ocrx_word' id='word_1_443' title='bbox 2497 3031 2596 3102; x_wconf 90' lang='lat' dir='ltr'>qui</span> <span class='ocrx_word' id='word_1_444' title='bbox 2637 3031 2719 3085; x_wconf 85' lang='lat' dir='ltr'>ibi</span> <span class='ocrx_word' id='word_1_445' title='bbox 2757 3047 2826 3085; x_wconf 82' lang='lat' dir='ltr'>ex</span> <span class='ocrx_word' id='word_1_446' title='bbox 2851 3037 3010 3086; x_wconf 87' lang='lat' dir='ltr'>creta</span> <span class='ocrx_word' id='word_1_447' title='bbox 3030 3032 3296 3100; x_wconf 76' lang='lat' dir='ltr'>ingentes</span> <span class='ocrx_word' id='word_1_448' title='bbox 3333 3031 3544 3086; x_wconf 74' lang='lat' dir='ltr'>lateres</span> <span class='ocrx_word' id='word_1_449' title='bbox 3563 3031 3721 3102; x_wconf 89' lang='lat' dir='ltr'>paris</span> 
     </span>
    </p>
   </div>
   <div class='ocr_carea' id='block_1_61' title="bbox 2081 3119 3718 3190">
    <p class='ocr_par' dir='ltr' id='par_1_61' title="bbox 2081 3119 3718 3190">
     <span class='ocr_line' id='line_1_61' title="bbox 2081 3119 3718 3190; baseline -0.002 -15"><span class='ocrx_word' id='word_1_450' title='bbox 2081 3121 2357 3190; x_wconf 88' lang='lat' dir='ltr'>ponderis</span> <span class='ocrx_word' id='word_1_451' title='bbox 2373 3124 2430 3175; x_wconf 91' lang='lat' dir='ltr'>et</span> <span class='ocrx_word' id='word_1_452' title='bbox 2449 3119 2839 3190; x_wconf 84' lang='lat' dir='ltr'>longitudinis</span> <span class='ocrx_word' id='word_1_453' title='bbox 2860 3120 3257 3184; x_wconf 80' lang='lat' dir='ltr'>confecerunt,</span> <span class='ocrx_word' id='word_1_454' title='bbox 3280 3119 3358 3174; x_wconf 87' lang='lat' dir='ltr'>ita</span> <span class='ocrx_word' id='word_1_455' title='bbox 3384 3119 3718 3190; x_wconf 84' lang='lat' dir='ltr'>inscriptos.</span> 
     </span>
    </p>
   </div>
   <div class='ocr_carea' id='block_1_62' title="bbox 2083 3206 3722 3275">
    <p class='ocr_par' dir='ltr' id='par_1_62' title="bbox 2083 3206 3722 3275">
     <span class='ocr_line' id='line_1_62' title="bbox 2083 3206 3722 3275; baseline 0.001 -16"><span class='ocrx_word' id='word_1_456' title='bbox 2083 3231 2110 3259; x_wconf 84' lang='lat'><strong>«</strong></span> <span class='ocrx_word' id='word_1_457' title='bbox 2144 3210 2299 3264; x_wconf 91' lang='lat' dir='ltr'>Deus</span> <span class='ocrx_word' id='word_1_458' title='bbox 2331 3209 2598 3264; x_wconf 84' lang='lat' dir='ltr'>fundavit</span> <span class='ocrx_word' id='word_1_459' title='bbox 2627 3224 2778 3275; x_wconf 91' lang='lat' dir='ltr'>eam,</span> <span class='ocrx_word' id='word_1_460' title='bbox 2808 3213 2866 3263; x_wconf 91' lang='lat' dir='ltr'>et</span> <span class='ocrx_word' id='word_1_461' title='bbox 2913 3224 3028 3262; x_wconf 94' lang='lat' dir='ltr'>non</span> <span class='ocrx_word' id='word_1_462' title='bbox 3077 3206 3543 3262; x_wconf 90' lang='lat' dir='ltr'>commovebitur</span> <span class='ocrx_word' id='word_1_463' title='bbox 3573 3222 3587 3262; x_wconf 89' lang='lat'><strong>:</strong></span> <span class='ocrx_word' id='word_1_464' title='bbox 3621 3207 3722 3260; x_wconf 89' lang='lat' dir='ltr'>ad-</span> 
     </span>
    </p>
   </div>
   <div class='ocr_carea' id='block_1_63' title="bbox 2075 3294 3720 3370">
    <p class='ocr_par' dir='ltr' id='par_1_63' title="bbox 2075 3294 3720 3370">
     <span class='ocr_line' id='line_1_63' title="bbox 2075 3294 3720 3370; baseline -0.002 -17"><span class='ocrx_word' id='word_1_465' title='bbox 2075 3298 2310 3370; x_wconf 84' lang='lat' dir='ltr'>juvabit</span> <span class='ocrx_word' id='word_1_466' title='bbox 2360 3314 2489 3353; x_wconf 90' lang='lat' dir='ltr'>eam</span> <span class='ocrx_word' id='word_1_467' title='bbox 2549 3302 2701 3352; x_wconf 89' lang='lat' dir='ltr'>Deus</span> <span class='ocrx_word' id='word_1_468' title='bbox 2754 3313 2928 3351; x_wconf 87' lang='lat' dir='ltr'>mane</span> <span class='ocrx_word' id='word_1_469' title='bbox 2984 3295 3267 3351; x_wconf 88' lang='lat' dir='ltr'>diliculo:</span> <span class='ocrx_word' id='word_1_470' title='bbox 3306 3317 3333 3344; x_wconf 85' lang='lat'>»</span> <span class='ocrx_word' id='word_1_471' title='bbox 3365 3298 3542 3366; x_wconf 89' lang='lat' dir='ltr'>atque</span> <span class='ocrx_word' id='word_1_472' title='bbox 3589 3294 3720 3362; x_wconf 90' lang='lat' dir='ltr'>bos,</span> 
     </span>
    </p>
   </div>
   <div class='ocr_carea' id='block_1_64' title="bbox 315 3382 1962 3461">
    <p class='ocr_par' dir='ltr' id='par_1_64' title="bbox 315 3382 1962 3461">
     <span class='ocr_line' id='line_1_64' title="bbox 315 3382 1962 3461; baseline 0.001 -22"><span class='ocrx_word' id='word_1_473' title='bbox 315 3386 446 3446; x_wconf 84' lang='grc' dir='ltr'>Θεὸς</span> <span class='ocrx_word' id='word_1_474' title='bbox 492 3385 556 3440; x_wconf 87' lang='grc' dir='ltr'>τὸ</span> <span class='ocrx_word' id='word_1_475' title='bbox 612 3387 748 3461; x_wconf 87' lang='grc' dir='ltr'>πρὸς</span> <span class='ocrx_word' id='word_1_476' title='bbox 805 3383 951 3461; x_wconf 71' lang='grc' dir='ltr'>πρωί</span> <span class='ocrx_word' id='word_1_477' title='bbox 1008 3383 1174 3459; x_wconf 76' lang='grc' dir='ltr'>πρωί.</span> <span class='ocrx_word' id='word_1_478' title='bbox 1239 3409 1266 3436; x_wconf 77' lang='lat' dir='ltr'>n</span> <span class='ocrx_word' id='word_1_479' title='bbox 1295 3387 1391 3438; x_wconf 82' lang='grc' dir='ltr'>Καὶ</span> <span class='ocrx_word' id='word_1_480' title='bbox 1425 3382 1839 3459; x_wconf 74' lang='grc' dir='ltr'>διαμετροῦντες</span> <span class='ocrx_word' id='word_1_481' title='bbox 1872 3385 1962 3440; x_wconf 84' lang='grc' dir='ltr'>αὑ-</span> 
     </span>
    </p>
   </div>
   <div class='ocr_carea' id='block_1_65' title="bbox 2074 3382 3717 3461">
    <p class='ocr_par' dir='ltr' id='par_1_65' title="bbox 2079 3384 3717 3455">
     <span class='ocr_line' id='line_1_65' title="bbox 2079 3384 3717 3455; baseline -0.002 -13"><span class='ocrx_word' id='word_1_482' title='bbox 2079 3403 2211 3442; x_wconf 89' lang='lat' dir='ltr'>cum</span> <span class='ocrx_word' id='word_1_483' title='bbox 2243 3403 2446 3442; x_wconf 91' lang='lat' dir='ltr'>eorum</span> <span class='ocrx_word' id='word_1_484' title='bbox 2461 3385 2676 3441; x_wconf 91' lang='lat' dir='ltr'>molem</span> <span class='ocrx_word' id='word_1_485' title='bbox 2704 3389 2900 3441; x_wconf 90' lang='lat' dir='ltr'>essent</span> <span class='ocrx_word' id='word_1_486' title='bbox 2919 3384 3285 3447; x_wconf 89' lang='lat' dir='ltr'>dimensi,ad</span> <span class='ocrx_word' id='word_1_487' title='bbox 3304 3384 3717 3455; x_wconf 84' lang='lat' dir='ltr'>imperatorem</span> 
     </span>
    </p>
   </div>
   <div class='ocr_carea' id='block_1_66' title="bbox 313 3471 1966 3548">
    <p class='ocr_par' dir='ltr' id='par_1_66' title="bbox 313 3471 1966 3548">
     <span class='ocr_line' id='line_1_66' title="bbox 313 3471 1966 3548; baseline 0 -20"><span class='ocrx_word' id='word_1_488' title='bbox 313 3479 423 3528; x_wconf 87' lang='grc' dir='ltr'>τῶν</span> <span class='ocrx_word' id='word_1_489' title='bbox 480 3476 580 3544; x_wconf 74' lang='grc' dir='ltr'>τὴν</span> <span class='ocrx_word' id='word_1_490' title='bbox 637 3473 936 3544; x_wconf 80' lang='grc' dir='ltr'>ποσότητα,</span> <span class='ocrx_word' id='word_1_491' title='bbox 998 3473 1331 3528; x_wconf 71' lang='grc' dir='ltr'>ἀπέστελλον</span> <span class='ocrx_word' id='word_1_492' title='bbox 1384 3477 1465 3545; x_wconf 81' lang='grc' dir='ltr'>τῷ</span> <span class='ocrx_word' id='word_1_493' title='bbox 1522 3475 1757 3548; x_wconf 78' lang='grc' dir='ltr'>βασιλεῖ.</span> <span class='ocrx_word' id='word_1_494' title='bbox 1805 3476 1866 3530; x_wconf 90' lang='grc' dir='ltr'>Ὁ</span> <span class='ocrx_word' id='word_1_495' title='bbox 1909 3471 1966 3528; x_wconf 76' lang='grc' dir='ltr'>δὲ</span> 
     </span>
    </p>
   </div>
   <div class='ocr_carea' id='block_1_67' title="bbox 315 3560 1964 3638">
    <p class='ocr_par' dir='ltr' id='par_1_67' title="bbox 315 3560 1964 3638">
     <span class='ocr_line' id='line_1_67' title="bbox 315 3560 1964 3638; baseline -0.001 -20"><span class='ocrx_word' id='word_1_496' title='bbox 315 3565 553 3636; x_wconf 84' lang='grc' dir='ltr'>σταθμὸς</span> <span class='ocrx_word' id='word_1_497' title='bbox 621 3568 727 3618; x_wconf 89' lang='grc' dir='ltr'>τῶν</span> <span class='ocrx_word' id='word_1_498' title='bbox 811 3561 1022 3617; x_wconf 80' lang='grc' dir='ltr'>δώδεκα</span> <span class='ocrx_word' id='word_1_499' title='bbox 1103 3562 1360 3637; x_wconf 77' lang='grc' dir='ltr'>βησάλων</span> <span class='ocrx_word' id='word_1_500' title='bbox 1421 3560 1634 3617; x_wconf 80' lang='grc' dir='ltr'>ἐκείνων</span> <span class='ocrx_word' id='word_1_501' title='bbox 1693 3561 1964 3638; x_wconf 72' lang='grc' dir='ltr'>ἡμετέρου</span> 
     </span>
    </p>
   </div>
   <div class='ocr_carea' id='block_1_68' title="bbox 319 3648 1962 3726">
    <p class='ocr_par' dir='ltr' id='par_1_68' title="bbox 319 3648 1962 3726">
     <span class='ocr_line' id='line_1_68' title="bbox 319 3648 1962 3726; baseline -0.002 -19"><span class='ocrx_word' id='word_1_502' title='bbox 319 3651 571 3726; x_wconf 81' lang='grc' dir='ltr'>βησάλου</span> <span class='ocrx_word' id='word_1_503' title='bbox 629 3652 740 3707; x_wconf 75' lang='grc' dir='ltr'>ἐστὶ</span> <span class='ocrx_word' id='word_1_504' title='bbox 783 3653 1019 3724; x_wconf 80' lang='grc' dir='ltr'>σταθμὸς</span> <span class='ocrx_word' id='word_1_505' title='bbox 1049 3651 1185 3718; x_wconf 81' lang='grc' dir='ltr'>ἐνὸς,</span> <span class='ocrx_word' id='word_1_506' title='bbox 1220 3648 1310 3704; x_wconf 78' lang='grc' dir='ltr'>διὰ</span> <span class='ocrx_word' id='word_1_507' title='bbox 1362 3650 1424 3704; x_wconf 89' lang='grc' dir='ltr'>τὸ</span> <span class='ocrx_word' id='word_1_508' title='bbox 1464 3652 1613 3719; x_wconf 72' lang='grc' dir='ltr'>εἶναι,</span> <span class='ocrx_word' id='word_1_509' title='bbox 1643 3654 1742 3719; x_wconf 80' lang='grc' dir='ltr'>τὴν</span> <span class='ocrx_word' id='word_1_510' title='bbox 1783 3651 1962 3722; x_wconf 90' lang='grc' dir='ltr'>πηλὸν</span> 
     </span>
    </p>
   </div>
   <div class='ocr_carea' id='block_1_69' title="bbox 313 3738 1962 3820">
    <p class='ocr_par' dir='ltr' id='par_1_69' title="bbox 313 3738 1962 3820">
     <span class='ocr_line' id='line_1_69' title="bbox 313 3738 1962 3820; baseline -0.001 -25"><span class='ocrx_word' id='word_1_511' title='bbox 313 3740 520 3812; x_wconf 85' lang='grc' dir='ltr'>ἐκείνην</span> <span class='ocrx_word' id='word_1_512' title='bbox 566 3741 802 3820; x_wconf 71' lang='grc' dir='ltr'>ἐλαφρὰν</span> <span class='ocrx_word' id='word_1_513' title='bbox 849 3741 1007 3812; x_wconf 81' lang='grc' dir='ltr'>πάνυ,</span> <span class='ocrx_word' id='word_1_514' title='bbox 1053 3741 1142 3794; x_wconf 81' lang='grc' dir='ltr'>καὶ</span> <span class='ocrx_word' id='word_1_515' title='bbox 1177 3738 1531 3816; x_wconf 83' lang='grc' dir='ltr'>σπογγοειδῆ,</span> <span class='ocrx_word' id='word_1_516' title='bbox 1592 3739 1682 3794; x_wconf 86' lang='grc' dir='ltr'>καὶ</span> <span class='ocrx_word' id='word_1_517' title='bbox 1738 3745 1962 3817; x_wconf 77' lang='grc' dir='ltr'>κοῦφον,</span> 
     </span>
    </p>
   </div>
   <div class='ocr_carea' id='block_1_70' title="bbox 312 3828 1962 3906">
    <p class='ocr_par' dir='ltr' id='par_1_70' title="bbox 312 3828 1962 3906">
     <span class='ocr_line' id='line_1_70' title="bbox 312 3828 1962 3906; baseline -0.002 -21"><span class='ocrx_word' id='word_1_518' title='bbox 312 3833 402 3885; x_wconf 73' lang='grc' dir='ltr'>καὶ</span> <span class='ocrx_word' id='word_1_519' title='bbox 439 3829 814 3906; x_wconf 81' lang='grc' dir='ltr'>λευκόχρωον.</span> <span class='ocrx_word' id='word_1_520' title='bbox 875 3830 967 3883; x_wconf 84' lang='grc' dir='ltr'>Διὸ</span> <span class='ocrx_word' id='word_1_521' title='bbox 997 3829 1084 3883; x_wconf 80' lang='grc' dir='ltr'>καὶ</span> <span class='ocrx_word' id='word_1_522' title='bbox 1119 3828 1286 3903; x_wconf 91' lang='grc' dir='ltr'>λόγος</span> <span class='ocrx_word' id='word_1_523' title='bbox 1319 3829 1594 3904; x_wconf 73' lang='grc' dir='ltr'>ἱστορικὸς</span> <span class='ocrx_word' id='word_1_524' title='bbox 1653 3828 1962 3906; x_wconf 76' lang='grc' dir='ltr'>ἐμφέρεται,</span> 
     </span>
    </p>
   </div>
   <div class='ocr_carea' id='block_1_71' title="bbox 311 3915 1964 3994">
    <p class='ocr_par' dir='ltr' id='par_1_71' title="bbox 311 3915 1964 3994">
     <span class='ocr_line' id='line_1_71' title="bbox 311 3915 1964 3994; baseline 0.001 -22"><span class='ocrx_word' id='word_1_525' title='bbox 311 3919 566 3994; x_wconf 82' lang='grc' dir='ltr'>κισηρίου</span> <span class='ocrx_word' id='word_1_526' title='bbox 599 3918 738 3973; x_wconf 75' lang='grc' dir='ltr'>ἐστὶν</span> <span class='ocrx_word' id='word_1_527' title='bbox 773 3919 800 3972; x_wconf 87' lang='grc' dir='ltr'>ὁ</span> <span class='ocrx_word' id='word_1_528' title='bbox 846 3916 1118 3994; x_wconf 83' lang='grc' dir='ltr'>Τροῦλος⁶</span> <span class='ocrx_word' id='word_1_529' title='bbox 1180 3917 1306 3972; x_wconf 73' lang='grc' dir='ltr'>ἀλλ’</span> <span class='ocrx_word' id='word_1_530' title='bbox 1364 3919 1466 3972; x_wconf 82' lang='grc' dir='ltr'>οὐκ</span> <span class='ocrx_word' id='word_1_531' title='bbox 1516 3915 1626 3973; x_wconf 78' lang='grc' dir='ltr'>ἔστι</span> <span class='ocrx_word' id='word_1_532' title='bbox 1661 3919 1776 3990; x_wconf 66' lang='grc' dir='ltr'>μὲν,</span> <span class='ocrx_word' id='word_1_533' title='bbox 1839 3916 1964 3973; x_wconf 89' lang='grc' dir='ltr'>ἐλα-</span> 
     </span>
    </p>
   </div>
   <div class='ocr_carea' id='block_1_72' title="bbox 314 4004 1963 4083">
    <p class='ocr_par' dir='ltr' id='par_1_72' title="bbox 314 4004 1963 4083">
     <span class='ocr_line' id='line_1_72' title="bbox 314 4004 1963 4083; baseline -0.001 -21"><span class='ocrx_word' id='word_1_534' title='bbox 314 4008 450 4082; x_wconf 71' lang='grc' dir='ltr'>φρὸς</span> <span class='ocrx_word' id='word_1_535' title='bbox 499 4005 555 4063; x_wconf 77' lang='grc' dir='ltr'>δὲ</span> <span class='ocrx_word' id='word_1_536' title='bbox 613 4008 866 4083; x_wconf 80' lang='grc' dir='ltr'>ὑπάρχει.</span> <span class='ocrx_word' id='word_1_537' title='bbox 931 4009 1057 4062; x_wconf 86' lang='grc' dir='ltr'>Μετ’</span> <span class='ocrx_word' id='word_1_538' title='bbox 1114 4006 1289 4061; x_wconf 80' lang='grc' dir='ltr'>αὑτων</span> <span class='ocrx_word' id='word_1_539' title='bbox 1343 4004 1400 4061; x_wconf 78' lang='grc' dir='ltr'>ὃὶ</span> <span class='ocrx_word' id='word_1_540' title='bbox 1429 4005 1963 4079; x_wconf 80' lang='grc' dir='ltr'>ἀνοικοδομήσαντες</span> 
     </span>
    </p>
   </div>
   <div class='ocr_carea' id='block_1_73' title="bbox 309 4094 1963 4173">
    <p class='ocr_par' dir='ltr' id='par_1_73' title="bbox 309 4094 1963 4173">
     <span class='ocr_line' id='line_1_73' title="bbox 309 4094 1963 4173; baseline -0.001 -23"><span class='ocrx_word' id='word_1_541' title='bbox 309 4098 408 4159; x_wconf 76' lang='grc' dir='ltr'>τὰς</span> <span class='ocrx_word' id='word_1_542' title='bbox 463 4098 720 4172; x_wconf 86' lang='grc' dir='ltr'>τέσσαρας</span> <span class='ocrx_word' id='word_1_543' title='bbox 774 4095 1014 4173; x_wconf 78' lang='grc' dir='ltr'>μεγάλας</span> <span class='ocrx_word' id='word_1_544' title='bbox 1074 4094 1312 4170; x_wconf 80' lang='grc' dir='ltr'>ἀψίδας·</span> <span class='ocrx_word' id='word_1_545' title='bbox 1372 4095 1460 4151; x_wconf 83' lang='grc' dir='ltr'>καὶ</span> <span class='ocrx_word' id='word_1_546' title='bbox 1521 4095 1807 4170; x_wconf 80' lang='grc' dir='ltr'>ἀρξάμενοι</span> <span class='ocrx_word' id='word_1_547' title='bbox 1867 4117 1963 4149; x_wconf 84' lang='grc' dir='ltr'>κυ-</span> 
     </span>
    </p>
   </div>
   <div class='ocr_carea' id='block_1_74' title="bbox 312 4182 1957 4261">
    <p class='ocr_par' dir='ltr' id='par_1_74' title="bbox 312 4182 1957 4261">
     <span class='ocr_line' id='line_1_74' title="bbox 312 4182 1957 4261; baseline -0.002 -19"><span class='ocrx_word' id='word_1_548' title='bbox 312 4187 451 4242; x_wconf 87' lang='grc' dir='ltr'>λίειν</span> <span class='ocrx_word' id='word_1_549' title='bbox 526 4187 618 4242; x_wconf 86' lang='grc' dir='ltr'>τὸν</span> <span class='ocrx_word' id='word_1_550' title='bbox 694 4185 977 4261; x_wconf 88' lang='grc' dir='ltr'>Τροῦλον,</span> <span class='ocrx_word' id='word_1_551' title='bbox 1041 4182 1253 4239; x_wconf 82' lang='grc' dir='ltr'>δώδεκα</span> <span class='ocrx_word' id='word_1_552' title='bbox 1315 4183 1532 4260; x_wconf 89' lang='grc' dir='ltr'>βήσαλα</span> <span class='ocrx_word' id='word_1_553' title='bbox 1582 4183 1810 4247; x_wconf 84' lang='grc' dir='ltr'>ἐτίθουν’</span> <span class='ocrx_word' id='word_1_554' title='bbox 1870 4187 1957 4238; x_wconf 84' lang='grc' dir='ltr'>καὶ</span> 
     </span>
    </p>
   </div>
   <div class='ocr_carea' id='block_1_75' title="bbox 310 4272 1963 4350">
    <p class='ocr_par' dir='ltr' id='par_1_75' title="bbox 310 4272 1963 4350">
     <span class='ocr_line' id='line_1_75' title="bbox 310 4272 1963 4350; baseline -0.001 -22"><span class='ocrx_word' id='word_1_555' title='bbox 310 4274 612 4348; x_wconf 79' lang='grc' dir='ltr'>ἀναμεταξὺ</span> <span class='ocrx_word' id='word_1_556' title='bbox 669 4281 774 4330; x_wconf 84' lang='grc' dir='ltr'>τῶν</span> <span class='ocrx_word' id='word_1_557' title='bbox 825 4272 1033 4330; x_wconf 85' lang='grc' dir='ltr'>δώδεκα</span> <span class='ocrx_word' id='word_1_558' title='bbox 1094 4273 1351 4350; x_wconf 86' lang='grc' dir='ltr'>βησάλων</span> <span class='ocrx_word' id='word_1_559' title='bbox 1411 4272 1630 4329; x_wconf 79' lang='grc' dir='ltr'>ἐποίουν</span> <span class='ocrx_word' id='word_1_560' title='bbox 1689 4275 1740 4327; x_wconf 72' lang='grc' dir='ltr'>οἱ</span> <span class='ocrx_word' id='word_1_561' title='bbox 1800 4274 1963 4345; x_wconf 72' lang='grc' dir='ltr'>ἱερεῖς</span> 
     </span>
    </p>
   </div>
   <div class='ocr_carea' id='block_1_76' title="bbox 311 4361 1960 4440">
    <p class='ocr_par' dir='ltr' id='par_1_76' title="bbox 311 4361 1960 4440">
     <span class='ocr_line' id='line_1_76' title="bbox 311 4361 1960 4440; baseline -0.001 -22"><span class='ocrx_word' id='word_1_562' title='bbox 311 4365 482 4439; x_wconf 75' lang='grc' dir='ltr'>εὐχὴν</span> <span class='ocrx_word' id='word_1_563' title='bbox 533 4364 656 4440; x_wconf 81' lang='grc' dir='ltr'>περὶ</span> <span class='ocrx_word' id='word_1_564' title='bbox 715 4363 1018 4426; x_wconf 65' lang='grc' dir='ltr'>συστάσεως</span> <span class='ocrx_word' id='word_1_565' title='bbox 1071 4362 1401 4434; x_wconf 85' lang='grc' dir='ltr'>ἐκκλησίας,</span> <span class='ocrx_word' id='word_1_566' title='bbox 1475 4364 1561 4417; x_wconf 85' lang='lat' dir='ltr'>xui</span> <span class='ocrx_word' id='word_1_567' title='bbox 1632 4361 1848 4416; x_wconf 87' lang='grc' dir='ltr'>ἐποίουν</span> <span class='ocrx_word' id='word_1_568' title='bbox 1909 4364 1960 4417; x_wconf 75' lang='grc' dir='ltr'>οἱ</span> 
     </span>
    </p>
   </div>
   <div class='ocr_carea' id='block_1_77' title="bbox 309 4446 1958 4529">
    <p class='ocr_par' dir='ltr' id='par_1_77' title="bbox 309 4446 1958 4529">
     <span class='ocr_line' id='line_1_77' title="bbox 309 4446 1958 4529; baseline -0.002 -21"><span class='ocrx_word' id='word_1_569' title='bbox 309 4454 520 4508; x_wconf 80' lang='grc' dir='ltr'>κτίσται</span> <span class='ocrx_word' id='word_1_570' title='bbox 582 4460 716 4509; x_wconf 83' lang='grc' dir='ltr'>κατά</span> <span class='ocrx_word' id='word_1_571' title='bbox 773 4451 984 4508; x_wconf 81' lang='grc' dir='ltr'>δώδεκα</span> <span class='ocrx_word' id='word_1_572' title='bbox 1045 4453 1263 4529; x_wconf 84' lang='grc' dir='ltr'>βήσαλα</span> <span class='ocrx_word' id='word_1_573' title='bbox 1321 4446 1845 4523; x_wconf 73' lang='grc' dir='ltr'>ὁπήν,ἐμ6αλὸντες</span> <span class='ocrx_word' id='word_1_574' title='bbox 1907 4450 1958 4505; x_wconf 78' lang='grc' dir='ltr'>ἐν</span> 
     </span>
    </p>
   </div>
   <div class='ocr_carea' id='block_1_78' title="bbox 311 4539 1959 4618">
    <p class='ocr_par' dir='ltr' id='par_1_78' title="bbox 311 4539 1959 4618">
     <span class='ocr_line' id='line_1_78' title="bbox 311 4539 1959 4618; baseline -0.002 -21"><span class='ocrx_word' id='word_1_575' title='bbox 311 4549 431 4606; x_wconf 82' lang='grc' dir='ltr'>ταῖς</span> <span class='ocrx_word' id='word_1_576' title='bbox 464 4545 624 4606; x_wconf 82' lang='grc' dir='ltr'>ὀπαῖς</span> <span class='ocrx_word' id='word_1_577' title='bbox 653 4544 812 4617; x_wconf 89' lang='grc' dir='ltr'>τίμια</span> <span class='ocrx_word' id='word_1_578' title='bbox 860 4543 948 4599; x_wconf 82' lang='grc' dir='ltr'>καὶ</span> <span class='ocrx_word' id='word_1_579' title='bbox 1002 4545 1129 4618; x_wconf 72' lang='grc' dir='ltr'>ἅγια</span> <span class='ocrx_word' id='word_1_580' title='bbox 1176 4541 1406 4616; x_wconf 78' lang='grc' dir='ltr'>Λείψανα</span> <span class='ocrx_word' id='word_1_581' title='bbox 1439 4539 1710 4618; x_wconf 79' lang='grc' dir='ltr'>διαφόρων</span> <span class='ocrx_word' id='word_1_582' title='bbox 1766 4539 1959 4616; x_wconf 86' lang='grc' dir='ltr'>ἁγίων,</span> 
     </span>
    </p>
   </div>
   <div class='ocr_carea' id='block_1_79' title="bbox 312 4627 1964 4704">
    <p class='ocr_par' dir='ltr' id='par_1_79' title="bbox 312 4627 1964 4704">
     <span class='ocr_line' id='line_1_79' title="bbox 312 4627 1964 4704; baseline -0.002 -18"><span class='ocrx_word' id='word_1_583' title='bbox 312 4629 417 4694; x_wconf 78' lang='grc' dir='ltr'>ἕως</span> <span class='ocrx_word' id='word_1_584' title='bbox 479 4634 540 4686; x_wconf 76' lang='grc' dir='ltr'>οῦ</span> <span class='ocrx_word' id='word_1_585' title='bbox 598 4633 890 4703; x_wconf 84' lang='grc' dir='ltr'>ἐτελειώθη</span> <span class='ocrx_word' id='word_1_586' title='bbox 941 4633 968 4687; x_wconf 92' lang='lat'>6</span> <span class='ocrx_word' id='word_1_587' title='bbox 1016 4631 1280 4703; x_wconf 87' lang='grc' dir='ltr'>Τροῦλος.</span> <span class='ocrx_word' id='word_1_588' title='bbox 1331 4633 1430 4687; x_wconf 86' lang='grc' dir='ltr'>Ἦν</span> <span class='ocrx_word' id='word_1_589' title='bbox 1485 4627 1596 4684; x_wconf 76' lang='grc' dir='ltr'>δέὁ</span> <span class='ocrx_word' id='word_1_590' title='bbox 1645 4629 1964 4704; x_wconf 81' lang='grc' dir='ltr'>νεωτερικὸς</span> 
     </span>
    </p>
   </div>
   <div class='ocr_carea' id='block_1_80' title="bbox 313 4717 1963 4797">
    <p class='ocr_par' dir='ltr' id='par_1_80' title="bbox 313 4717 1963 4797">
     <span class='ocr_line' id='line_1_80' title="bbox 313 4717 1963 4797; baseline -0.003 -21"><span class='ocrx_word' id='word_1_591' title='bbox 313 4718 496 4797; x_wconf 60' lang='grc' dir='ltr'>ὄρϐιος</span> <span class='ocrx_word' id='word_1_592' title='bbox 554 4722 867 4795; x_wconf 70' lang='grc' dir='ltr'>ἱστάμενος.</span> <span class='ocrx_word' id='word_1_593' title='bbox 925 4722 1024 4775; x_wconf 83' lang='grc' dir='ltr'>Καὶ</span> <span class='ocrx_word' id='word_1_594' title='bbox 1083 4723 1176 4776; x_wconf 72' lang='grc' dir='ltr'>εἶθ’</span> <span class='ocrx_word' id='word_1_595' title='bbox 1233 4719 1406 4782; x_wconf 71' lang='grc' dir='ltr'>οὕτως</span> <span class='ocrx_word' id='word_1_596' title='bbox 1449 4717 1841 4794; x_wconf 80' lang='grc' dir='ltr'>πληρώσαντες</span> <span class='ocrx_word' id='word_1_597' title='bbox 1869 4719 1963 4779; x_wconf 80' lang='grc' dir='ltr'>τὰς</span> 
     </span>
    </p>
   </div>
   <div class='ocr_carea' id='block_1_81' title="bbox 314 4807 1962 4886">
    <p class='ocr_par' dir='ltr' id='par_1_81' title="bbox 314 4807 1962 4886">
     <span class='ocr_line' id='line_1_81' title="bbox 314 4807 1962 4886; baseline -0.004 -21"><span class='ocrx_word' id='word_1_598' title='bbox 314 4809 573 4884; x_wconf 71' lang='grc' dir='ltr'>λαμπρὰς</span> <span class='ocrx_word' id='word_1_599' title='bbox 640 4811 728 4865; x_wconf 85' lang='lat' dir='ltr'>xui</span> <span class='ocrx_word' id='word_1_600' title='bbox 786 4808 1142 4886; x_wconf 75' lang='grc' dir='ltr'>περικαλλεῖς</span> <span class='ocrx_word' id='word_1_601' title='bbox 1205 4807 1766 4884; x_wconf 82' lang='grc' dir='ltr'>ὀρθομαρμαρώσεις,</span> <span class='ocrx_word' id='word_1_602' title='bbox 1839 4827 1962 4860; x_wconf 87' lang='grc' dir='ltr'>κατ-</span> 
     </span>
    </p>
   </div>
   <div class='ocr_carea' id='block_1_82' title="bbox 314 4894 1959 4974">
    <p class='ocr_par' dir='ltr' id='par_1_82' title="bbox 314 4894 1959 4974">
     <span class='ocr_line' id='line_1_82' title="bbox 314 4894 1959 4974; baseline -0.004 -20"><span class='ocrx_word' id='word_1_603' title='bbox 314 4899 632 4974; x_wconf 75' lang='grc' dir='ltr'>εχρὺσωσαν</span> <span class='ocrx_word' id='word_1_604' title='bbox 665 4901 760 4961; x_wconf 73' lang='grc' dir='ltr'>τὰς</span> <span class='ocrx_word' id='word_1_605' title='bbox 806 4899 1003 4968; x_wconf 76' lang='grc' dir='ltr'>ζεόξεις</span> <span class='ocrx_word' id='word_1_606' title='bbox 1059 4902 1166 4952; x_wconf 91' lang='grc' dir='ltr'>τῶν</span> <span class='ocrx_word' id='word_1_607' title='bbox 1226 4895 1690 4971; x_wconf 79' lang='grc' dir='ltr'>ἀρθομαρμάρων,</span> <span class='ocrx_word' id='word_1_608' title='bbox 1721 4895 1809 4948; x_wconf 85' lang='grc' dir='ltr'>καὶ</span> <span class='ocrx_word' id='word_1_609' title='bbox 1865 4894 1959 4955; x_wconf 78' lang='grc' dir='ltr'>τὰς</span> 
     </span>
    </p>
   </div>
   <div class='ocr_carea' id='block_1_83' title="bbox 309 4981 1960 5064">
    <p class='ocr_par' dir='ltr' id='par_1_83' title="bbox 309 4981 1960 5064">
     <span class='ocr_line' id='line_1_83' title="bbox 309 4981 1960 5064; baseline -0.004 -21"><span class='ocrx_word' id='word_1_610' title='bbox 309 4985 554 5064; x_wconf 64' lang='grc' dir='ltr'>κεςραλᾶς</span> <span class='ocrx_word' id='word_1_611' title='bbox 605 4993 713 5043; x_wconf 87' lang='grc' dir='ltr'>τῶν</span> <span class='ocrx_word' id='word_1_612' title='bbox 771 4987 991 5054; x_wconf 86' lang='grc' dir='ltr'>κιόνων,</span> <span class='ocrx_word' id='word_1_613' title='bbox 1045 4985 1133 5041; x_wconf 85' lang='lat' dir='ltr'>xui</span> <span class='ocrx_word' id='word_1_614' title='bbox 1190 4987 1283 5047; x_wconf 72' lang='grc' dir='ltr'>τὰς</span> <span class='ocrx_word' id='word_1_615' title='bbox 1343 4984 1634 5059; x_wconf 73' lang='grc' dir='ltr'>λαγαρικᾶ,</span> <span class='ocrx_word' id='word_1_616' title='bbox 1685 4983 1775 5037; x_wconf 82' lang='grc' dir='ltr'>καὶ</span> <span class='ocrx_word' id='word_1_617' title='bbox 1834 4981 1960 5045; x_wconf 84' lang='grc' dir='ltr'>τοὺς</span> 
     </span>
    </p>
   </div>
   <div class='ocr_carea' id='block_1_84' title="bbox 310 5071 1960 5151">
    <p class='ocr_par' dir='ltr' id='par_1_84' title="bbox 310 5071 1960 5151">
     <span class='ocr_line' id='line_1_84' title="bbox 310 5071 1960 5151; baseline -0.005 -19"><span class='ocrx_word' id='word_1_618' title='bbox 310 5080 594 5148; x_wconf 82' lang='grc' dir='ltr'>κοσμήτας</span> <span class='ocrx_word' id='word_1_619' title='bbox 642 5081 750 5132; x_wconf 89' lang='grc' dir='ltr'>τῶν</span> <span class='ocrx_word' id='word_1_620' title='bbox 803 5076 1083 5151; x_wconf 82' lang='grc' dir='ltr'>ὑπερῴων,</span> <span class='ocrx_word' id='word_1_621' title='bbox 1140 5080 1248 5129; x_wconf 84' lang='grc' dir='ltr'>τῶν</span> <span class='ocrx_word' id='word_1_622' title='bbox 1303 5095 1362 5129; x_wconf 86' lang='grc' dir='ltr'>τε</span> <span class='ocrx_word' id='word_1_623' title='bbox 1393 5071 1662 5149; x_wconf 77' lang='grc' dir='ltr'>διορόιρων</span> <span class='ocrx_word' id='word_1_624' title='bbox 1691 5093 1780 5126; x_wconf 86' lang='grc' dir='ltr'>και</span> <span class='ocrx_word' id='word_1_625' title='bbox 1810 5091 1960 5145; x_wconf 88' lang='grc' dir='ltr'>τριο-</span> 
     </span>
    </p>
   </div>
   <div class='ocr_carea' id='block_1_85' title="bbox 312 5161 1960 5244">
    <p class='ocr_par' dir='ltr' id='par_1_85' title="bbox 312 5161 1960 5244">
     <span class='ocr_line' id='line_1_85' title="bbox 312 5161 1960 5244; baseline -0.005 -24"><span class='ocrx_word' id='word_1_626' title='bbox 312 5166 521 5244; x_wconf 72' lang='grc' dir='ltr'>ρόφων.</span> <span class='ocrx_word' id='word_1_627' title='bbox 581 5165 893 5241; x_wconf 73' lang='grc' dir='ltr'>Ἐχρὺσωσε</span> <span class='ocrx_word' id='word_1_628' title='bbox 949 5162 1006 5219; x_wconf 73' lang='grc' dir='ltr'>δὲ</span> <span class='ocrx_word' id='word_1_629' title='bbox 1061 5166 1235 5218; x_wconf 85' lang='grc' dir='ltr'>πάντα</span> <span class='ocrx_word' id='word_1_630' title='bbox 1292 5162 1352 5217; x_wconf 88' lang='grc' dir='ltr'>ἐκ</span> <span class='ocrx_word' id='word_1_631' title='bbox 1408 5161 1639 5237; x_wconf 82' lang='grc' dir='ltr'>χρυσίου</span> <span class='ocrx_word' id='word_1_632' title='bbox 1703 5162 1960 5235; x_wconf 78' lang='grc' dir='ltr'>καθαροῦ,</span> 
     </span>
    </p>
   </div>
   <div class='ocr_carea' id='block_1_86' title="bbox 310 5245 1956 5328">
    <p class='ocr_par' dir='ltr' id='par_1_86' title="bbox 310 5245 1956 5328">
     <span class='ocr_line' id='line_1_86' title="bbox 310 5245 1956 5328; baseline -0.005 -19"><span class='ocrx_word' id='word_1_633' title='bbox 310 5256 552 5310; x_wconf 83' lang='grc' dir='ltr'>πετάλου</span> <span class='ocrx_word' id='word_1_634' title='bbox 605 5255 666 5310; x_wconf 81' lang='grc' dir='ltr'>τὸ</span> <span class='ocrx_word' id='word_1_635' title='bbox 724 5254 1015 5328; x_wconf 69' lang='grc' dir='ltr'>σῦμπαχον</span> <span class='ocrx_word' id='word_1_636' title='bbox 1072 5257 1170 5307; x_wconf 89' lang='grc' dir='ltr'>τοῦ</span> <span class='ocrx_word' id='word_1_637' title='bbox 1225 5253 1616 5328; x_wconf 86' lang='grc' dir='ltr'>χρυσώματος,</span> <span class='ocrx_word' id='word_1_638' title='bbox 1675 5245 1956 5302; x_wconf 78' lang='grc' dir='ltr'>δακτύλων</span> 
     </span>
    </p>
   </div>
   <div class='ocr_carea' id='block_1_87' title="bbox 311 5338 1958 5420">
    <p class='ocr_par' dir='ltr' id='par_1_87' title="bbox 311 5338 1958 5420">
     <span class='ocr_line' id='line_1_87' title="bbox 311 5338 1958 5420; baseline -0.005 -21"><span class='ocrx_word' id='word_1_639' title='bbox 311 5343 433 5399; x_wconf 77' lang='grc' dir='ltr'>δύο·</span> <span class='ocrx_word' id='word_1_640' title='bbox 493 5342 616 5404; x_wconf 64' lang='grc' dir='ltr'>τοὺς</span> <span class='ocrx_word' id='word_1_641' title='bbox 647 5341 703 5398; x_wconf 72' lang='grc' dir='ltr'>δὲ</span> <span class='ocrx_word' id='word_1_642' title='bbox 733 5342 966 5420; x_wconf 77' lang='grc' dir='ltr'>ὀρόφους</span> <span class='ocrx_word' id='word_1_643' title='bbox 997 5344 1220 5409; x_wconf 84' lang='grc' dir='ltr'>πάντας,</span> <span class='ocrx_word' id='word_1_644' title='bbox 1277 5340 1382 5394; x_wconf 83' lang='grc' dir='ltr'>ἀπό</span> <span class='ocrx_word' id='word_1_645' title='bbox 1419 5360 1478 5393; x_wconf 87' lang='grc' dir='ltr'>τε</span> <span class='ocrx_word' id='word_1_646' title='bbox 1527 5342 1635 5393; x_wconf 87' lang='grc' dir='ltr'>τῶν</span> <span class='ocrx_word' id='word_1_647' title='bbox 1700 5338 1958 5409; x_wconf 71' lang='grc' dir='ltr'>ὑπερῴων</span> 
     </span>
    </p>
   </div>
   <div class='ocr_carea' id='block_1_88' title="bbox 308 5428 1958 5510">
    <p class='ocr_par' dir='ltr' id='par_1_88' title="bbox 308 5428 1958 5510">
     <span class='ocr_line' id='line_1_88' title="bbox 308 5428 1958 5510; baseline -0.004 -23"><span class='ocrx_word' id='word_1_648' title='bbox 308 5439 420 5488; x_wconf 84' lang='grc' dir='ltr'>τῶν</span> <span class='ocrx_word' id='word_1_649' title='bbox 476 5430 744 5510; x_wconf 77' lang='grc' dir='ltr'>διορόφων</span> <span class='ocrx_word' id='word_1_650' title='bbox 798 5433 889 5486; x_wconf 83' lang='grc' dir='ltr'>καὶ</span> <span class='ocrx_word' id='word_1_651' title='bbox 943 5436 1052 5486; x_wconf 86' lang='grc' dir='ltr'>τῶν</span> <span class='ocrx_word' id='word_1_652' title='bbox 1099 5431 1157 5485; x_wconf 86' lang='grc' dir='ltr'>ἐκ</span> <span class='ocrx_word' id='word_1_653' title='bbox 1212 5429 1468 5504; x_wconf 88' lang='grc' dir='ltr'>πλαγίου,</span> <span class='ocrx_word' id='word_1_654' title='bbox 1497 5429 1584 5482; x_wconf 82' lang='lat' dir='ltr'>xui</span> <span class='ocrx_word' id='word_1_655' title='bbox 1620 5431 1729 5482; x_wconf 85' lang='grc' dir='ltr'>τῶν</span> <span class='ocrx_word' id='word_1_656' title='bbox 1781 5428 1958 5499; x_wconf 83' lang='grc' dir='ltr'>πέριξ,</span> 
     </span>
    </p>
   </div>
   <div class='ocr_carea' id='block_1_89' title="bbox 309 5515 1962 5596">
    <p class='ocr_par' dir='ltr' id='par_1_89' title="bbox 309 5515 1962 5596">
     <span class='ocr_line' id='line_1_89' title="bbox 309 5515 1962 5596; baseline -0.006 -18"><span class='ocrx_word' id='word_1_657' title='bbox 309 5523 403 5578; x_wconf 84' lang='grc' dir='ltr'>καὶ</span> <span class='ocrx_word' id='word_1_658' title='bbox 471 5527 576 5576; x_wconf 85' lang='grc' dir='ltr'>τῶν</span> <span class='ocrx_word' id='word_1_659' title='bbox 634 5522 904 5595; x_wconf 58' lang='grc' dir='ltr'>τεσσάρων</span> <span class='ocrx_word' id='word_1_660' title='bbox 963 5522 1289 5596; x_wconf 83' lang='grc' dir='ltr'>ναρθήκων,</span> <span class='ocrx_word' id='word_1_661' title='bbox 1341 5516 1724 5591; x_wconf 76' lang='grc' dir='ltr'>κατεχρὺσωσε</span> <span class='ocrx_word' id='word_1_662' title='bbox 1779 5515 1844 5569; x_wconf 89' lang='grc' dir='ltr'>τά</span> <span class='ocrx_word' id='word_1_663' title='bbox 1903 5535 1962 5569; x_wconf 88' lang='grc' dir='ltr'>τε</span> 
     </span>
    </p>
   </div>
   <div class='ocr_carea' id='block_1_90' title="bbox 312 5604 1959 5688">
    <p class='ocr_par' dir='ltr' id='par_1_90' title="bbox 312 5604 1959 5688">
     <span class='ocr_line' id='line_1_90' title="bbox 312 5604 1959 5688; baseline -0.005 -22"><span class='ocrx_word' id='word_1_664' title='bbox 312 5609 489 5688; x_wconf 65' lang='grc' dir='ltr'>ὅροφα</span> <span class='ocrx_word' id='word_1_665' title='bbox 543 5610 594 5680; x_wconf 76' lang='grc' dir='ltr'>ἐξ</span> <span class='ocrx_word' id='word_1_666' title='bbox 653 5609 866 5666; x_wconf 82' lang='grc' dir='ltr'>ὑελίνου</span> <span class='ocrx_word' id='word_1_667' title='bbox 925 5613 1133 5686; x_wconf 79' lang='grc' dir='ltr'>χρυσοῦ</span> <span class='ocrx_word' id='word_1_668' title='bbox 1182 5608 1582 5683; x_wconf 81' lang='grc' dir='ltr'>λαμπρότατα,</span> <span class='ocrx_word' id='word_1_669' title='bbox 1642 5604 1731 5658; x_wconf 86' lang='lat' dir='ltr'>xui</span> <span class='ocrx_word' id='word_1_670' title='bbox 1795 5605 1959 5678; x_wconf 76' lang='grc' dir='ltr'>μέχρι</span> 
     </span>
    </p>
   </div>
   <div class='ocr_carea' id='block_1_91' title="bbox 312 5693 1959 5776">
    <p class='ocr_par' dir='ltr' id='par_1_91' title="bbox 312 5693 1959 5776">
     <span class='ocr_line' id='line_1_91' title="bbox 312 5693 1959 5776; baseline -0.004 -23"><span class='ocrx_word' id='word_1_671' title='bbox 312 5705 423 5754; x_wconf 86' lang='grc' dir='ltr'>τῶν</span> <span class='ocrx_word' id='word_1_672' title='bbox 476 5698 630 5776; x_wconf 78' lang='grc' dir='ltr'>πέριξ</span> <span class='ocrx_word' id='word_1_673' title='bbox 685 5697 1000 5772; x_wconf 88' lang='grc' dir='ltr'>προαυλίων</span> <span class='ocrx_word' id='word_1_674' title='bbox 1037 5717 1051 5732; x_wconf 88' lang='grc'>⁶</span> <span class='ocrx_word' id='word_1_675' title='bbox 1129 5697 1388 5758; x_wconf 79' lang='grc' dir='ltr'>ὡσαύτως</span> <span class='ocrx_word' id='word_1_676' title='bbox 1445 5693 1726 5770; x_wconf 81' lang='grc' dir='ltr'>ἐχρύσωσε</span> <span class='ocrx_word' id='word_1_677' title='bbox 1779 5694 1846 5748; x_wconf 86' lang='grc' dir='ltr'>τά</span> <span class='ocrx_word' id='word_1_678' title='bbox 1900 5714 1959 5749; x_wconf 89' lang='grc' dir='ltr'>τε</span> 
     </span>
    </p>
   </div>
   <div class='ocr_carea' id='block_1_92' title="bbox 2076 3471 3720 3544">
    <p class='ocr_par' dir='ltr' id='par_1_92' title="bbox 2076 3471 3720 3544">
     <span class='ocr_line' id='line_1_92' title="bbox 2076 3471 3720 3544; baseline -0.004 -12"><span class='ocrx_word' id='word_1_679' title='bbox 2076 3477 2388 3532; x_wconf 89' lang='lat' dir='ltr'>miserunt.</span> <span class='ocrx_word' id='word_1_680' title='bbox 2428 3476 2744 3531; x_wconf 90' lang='lat' dir='ltr'>Duodecim</span> <span class='ocrx_word' id='word_1_681' title='bbox 2793 3490 2923 3529; x_wconf 85' lang='lat' dir='ltr'>vero</span> <span class='ocrx_word' id='word_1_682' title='bbox 2978 3474 3190 3529; x_wconf 89' lang='lat' dir='ltr'>lateres</span> <span class='ocrx_word' id='word_1_683' title='bbox 3221 3471 3562 3544; x_wconf 89' lang='lat' dir='ltr'>bujusmodi</span> <span class='ocrx_word' id='word_1_684' title='bbox 3617 3471 3720 3526; x_wconf 86' lang='lat' dir='ltr'>uni</span> 
     </span>
    </p>
   </div>
   <div class='ocr_carea' id='block_1_93' title="bbox 2075 3560 3722 3636">
    <p class='ocr_par' dir='ltr' id='par_1_93' title="bbox 2075 3560 3722 3636">
     <span class='ocr_line' id='line_1_93' title="bbox 2075 3560 3722 3636; baseline -0.002 -16"><span class='ocrx_word' id='word_1_685' title='bbox 2075 3568 2409 3620; x_wconf 90' lang='lat' dir='ltr'>nostrorum</span> <span class='ocrx_word' id='word_1_686' title='bbox 2445 3564 2700 3636; x_wconf 90' lang='lat' dir='ltr'>pondere</span> <span class='ocrx_word' id='word_1_687' title='bbox 2730 3580 2900 3635; x_wconf 91' lang='lat' dir='ltr'>pares</span> <span class='ocrx_word' id='word_1_688' title='bbox 2929 3566 3105 3630; x_wconf 90' lang='lat' dir='ltr'>sunt;</span> <span class='ocrx_word' id='word_1_689' title='bbox 3134 3562 3285 3634; x_wconf 91' lang='lat' dir='ltr'>quod</span> <span class='ocrx_word' id='word_1_690' title='bbox 3311 3563 3368 3616; x_wconf 93' lang='lat' dir='ltr'>in</span> <span class='ocrx_word' id='word_1_691' title='bbox 3400 3577 3588 3632; x_wconf 87' lang='lat' dir='ltr'>genus</span> <span class='ocrx_word' id='word_1_692' title='bbox 3611 3560 3722 3617; x_wconf 85' lang='lat' dir='ltr'>luti</span> 
     </span>
    </p>
   </div>
   <div class='ocr_carea' id='block_1_94' title="bbox 2072 3649 3718 3726">
    <p class='ocr_par' dir='ltr' id='par_1_94' title="bbox 2072 3649 3718 3726">
     <span class='ocr_line' id='line_1_94' title="bbox 2072 3649 3718 3726; baseline -0.002 -18"><span class='ocrx_word' id='word_1_693' title='bbox 2072 3654 2438 3710; x_wconf 87' lang='lat' dir='ltr'>levissimum</span> <span class='ocrx_word' id='word_1_694' title='bbox 2455 3653 2942 3726; x_wconf 85' lang='lat' dir='ltr'>sit,spongiosum</span> <span class='ocrx_word' id='word_1_695' title='bbox 2962 3656 3019 3707; x_wconf 91' lang='lat' dir='ltr'>et</span> <span class='ocrx_word' id='word_1_696' title='bbox 3043 3649 3530 3707; x_wconf 84' lang='lat' dir='ltr'>candidum.Hinc</span> <span class='ocrx_word' id='word_1_697' title='bbox 3547 3649 3718 3704; x_wconf 90' lang='lat' dir='ltr'>etiam</span> 
     </span>
    </p>
   </div>
   <div class='ocr_carea' id='block_1_95' title="bbox 2072 3738 3723 3814">
    <p class='ocr_par' dir='ltr' id='par_1_95' title="bbox 2072 3738 3723 3814">
     <span class='ocr_line' id='line_1_95' title="bbox 2072 3738 3723 3814; baseline -0.002 -16"><span class='ocrx_word' id='word_1_698' title='bbox 2072 3741 2310 3798; x_wconf 89' lang='lat' dir='ltr'>Trullus</span> <span class='ocrx_word' id='word_1_699' title='bbox 2345 3741 2616 3814; x_wconf 90' lang='lat' dir='ltr'>pumicea</span> <span class='ocrx_word' id='word_1_700' title='bbox 2663 3757 2792 3797; x_wconf 91' lang='lat' dir='ltr'>esse</span> <span class='ocrx_word' id='word_1_701' title='bbox 2835 3739 3008 3810; x_wconf 80' lang='lat' dir='ltr'>vulgo</span> <span class='ocrx_word' id='word_1_702' title='bbox 3031 3740 3322 3808; x_wconf 88' lang='lat' dir='ltr'>creditur;</span> <span class='ocrx_word' id='word_1_703' title='bbox 3358 3739 3460 3795; x_wconf 90' lang='lat' dir='ltr'>sed</span> <span class='ocrx_word' id='word_1_704' title='bbox 3493 3754 3609 3794; x_wconf 90' lang='lat' dir='ltr'>non</span> <span class='ocrx_word' id='word_1_705' title='bbox 3641 3738 3723 3794; x_wconf 91' lang='lat' dir='ltr'>ita</span> 
     </span>
    </p>
   </div>
   <div class='ocr_carea' id='block_1_96' title="bbox 2075 3828 3722 3901">
    <p class='ocr_par' dir='ltr' id='par_1_96' title="bbox 2075 3828 3722 3901">
     <span class='ocr_line' id='line_1_96' title="bbox 2075 3828 3722 3901; baseline -0.003 -14"><span class='ocrx_word' id='word_1_706' title='bbox 2075 3848 2136 3888; x_wconf 88' lang='lat' dir='ltr'>se</span> <span class='ocrx_word' id='word_1_707' title='bbox 2165 3848 2256 3886; x_wconf 85' lang='lat' dir='ltr'>res</span> <span class='ocrx_word' id='word_1_708' title='bbox 2288 3830 2484 3896; x_wconf 88' lang='lat' dir='ltr'>habet,</span> <span class='ocrx_word' id='word_1_709' title='bbox 2524 3829 2796 3901; x_wconf 90' lang='lat' dir='ltr'>quamvis</span> <span class='ocrx_word' id='word_1_710' title='bbox 2827 3829 2906 3884; x_wconf 90' lang='lat' dir='ltr'>sit</span> <span class='ocrx_word' id='word_1_711' title='bbox 2933 3829 3254 3885; x_wconf 89' lang='lat' dir='ltr'>levissima.</span> <span class='ocrx_word' id='word_1_712' title='bbox 3287 3828 3434 3884; x_wconf 90' lang='lat' dir='ltr'>Tum</span> <span class='ocrx_word' id='word_1_713' title='bbox 3467 3831 3722 3900; x_wconf 89' lang='lat' dir='ltr'>quatuor</span> 
     </span>
    </p>
   </div>
   <div class='ocr_carea' id='block_1_97' title="bbox 2073 3916 3721 3992">
    <p class='ocr_par' dir='ltr' id='par_1_97' title="bbox 2073 3916 3721 3992">
     <span class='ocr_line' id='line_1_97' title="bbox 2073 3916 3721 3992; baseline -0.002 -18"><span class='ocrx_word' id='word_1_714' title='bbox 2073 3920 2332 3992; x_wconf 86' lang='lat' dir='ltr'>ingentis</span> <span class='ocrx_word' id='word_1_715' title='bbox 2363 3919 2532 3974; x_wconf 90' lang='lat' dir='ltr'>molis</span> <span class='ocrx_word' id='word_1_716' title='bbox 2565 3919 2773 3975; x_wconf 88' lang='lat' dir='ltr'>structi</span> <span class='ocrx_word' id='word_1_717' title='bbox 2809 3918 3057 3974; x_wconf 80' lang='lat' dir='ltr'>fornices</span> <span class='ocrx_word' id='word_1_718' title='bbox 3090 3934 3104 3972; x_wconf 91' lang='lat'><strong>:</strong></span> <span class='ocrx_word' id='word_1_719' title='bbox 3139 3922 3344 3990; x_wconf 91' lang='lat' dir='ltr'>postea</span> <span class='ocrx_word' id='word_1_720' title='bbox 3371 3933 3504 3972; x_wconf 91' lang='lat' dir='ltr'>vero</span> <span class='ocrx_word' id='word_1_721' title='bbox 3552 3916 3721 3972; x_wconf 89' lang='lat' dir='ltr'>Trul-</span> 
     </span>
    </p>
   </div>
   <div class='ocr_carea' id='block_1_98' title="bbox 2073 4004 3719 4070">
    <p class='ocr_par' dir='ltr' id='par_1_98' title="bbox 2073 4004 3719 4070">
     <span class='ocr_line' id='line_1_98' title="bbox 2073 4004 3719 4070; baseline -0.002 -7"><span class='ocrx_word' id='word_1_722' title='bbox 2073 4009 2194 4064; x_wconf 92' lang='lat' dir='ltr'>lum</span> <span class='ocrx_word' id='word_1_723' title='bbox 2229 4011 2286 4063; x_wconf 91' lang='lat' dir='ltr'>in</span> <span class='ocrx_word' id='word_1_724' title='bbox 2320 4008 2634 4064; x_wconf 89' lang='lat' dir='ltr'>rotundam</span> <span class='ocrx_word' id='word_1_725' title='bbox 2659 4009 2905 4063; x_wconf 81' lang='lat' dir='ltr'>formam</span> <span class='ocrx_word' id='word_1_726' title='bbox 2930 4007 3216 4063; x_wconf 59' lang='lat' dir='ltr'>aedificare</span> <span class='ocrx_word' id='word_1_727' title='bbox 3236 4006 3377 4070; x_wconf 89' lang='lat' dir='ltr'>orsi,</span> <span class='ocrx_word' id='word_1_728' title='bbox 3400 4022 3478 4061; x_wconf 84' lang='lat' dir='ltr'>xu</span> <span class='ocrx_word' id='word_1_729' title='bbox 3504 4004 3719 4061; x_wconf 88' lang='lat' dir='ltr'>lateres</span> 
     </span>
    </p>
   </div>
   <div class='ocr_carea' id='block_1_99' title="bbox 2072 4087 3721 4168">
    <p class='ocr_par' dir='ltr' id='par_1_99' title="bbox 2072 4087 3721 4168">
     <span class='ocr_line' id='line_1_99' title="bbox 2072 4087 3721 4168; baseline -0.002 -16"><span class='ocrx_word' id='word_1_730' title='bbox 2072 4101 2415 4168; x_wconf 89' lang='lat' dir='ltr'>posuerunt,</span> <span class='ocrx_word' id='word_1_731' title='bbox 2449 4102 2505 4151; x_wconf 92' lang='lat' dir='ltr'>et</span> <span class='ocrx_word' id='word_1_732' title='bbox 2535 4096 2688 4151; x_wconf 90' lang='lat' dir='ltr'>inter</span> <span class='ocrx_word' id='word_1_733' title='bbox 2717 4113 2797 4150; x_wconf 85' lang='lat' dir='ltr'>xu</span> <span class='ocrx_word' id='word_1_734' title='bbox 2830 4097 3040 4151; x_wconf 88' lang='lat' dir='ltr'>lateres</span> <span class='ocrx_word' id='word_1_735' title='bbox 3090 4087 3441 4163; x_wconf 85' lang='lat' dir='ltr'>sacerdotes,</span> <span class='ocrx_word' id='word_1_736' title='bbox 3492 4110 3597 4164; x_wconf 90' lang='lat' dir='ltr'>pro</span> <span class='ocrx_word' id='word_1_737' title='bbox 3627 4110 3721 4149; x_wconf 91' lang='lat' dir='ltr'>ec-</span> 
     </span>
    </p>
   </div>
   <div class='ocr_carea' id='block_1_100' title="bbox 2072 4179 3722 4253">
    <p class='ocr_par' dir='ltr' id='par_1_100' title="bbox 2072 4179 3722 4253">
     <span class='ocr_line' id='line_1_100' title="bbox 2072 4179 3722 4253; baseline -0.003 -15"><span class='ocrx_word' id='word_1_738' title='bbox 2072 4183 2259 4239; x_wconf 68' lang='lat' dir='ltr'>clesiis</span> <span class='ocrx_word' id='word_1_739' title='bbox 2291 4189 2517 4238; x_wconf 88' lang='lat' dir='ltr'>structu</span> <span class='ocrx_word' id='word_1_740' title='bbox 2530 4200 2590 4238; x_wconf 92' lang='lat' dir='ltr'>ra</span> <span class='ocrx_word' id='word_1_741' title='bbox 2619 4183 2962 4237; x_wconf 76' lang='lat' dir='ltr'>etfirmitate</span> <span class='ocrx_word' id='word_1_742' title='bbox 2986 4197 3188 4253; x_wconf 90' lang='lat' dir='ltr'>preces</span> <span class='ocrx_word' id='word_1_743' title='bbox 3215 4181 3558 4236; x_wconf 89' lang='lat' dir='ltr'>fundebant.</span> <span class='ocrx_word' id='word_1_744' title='bbox 3577 4179 3722 4233; x_wconf 82' lang='lat' dir='ltr'>Hinc</span> 
     </span>
    </p>
   </div>
   <div class='ocr_carea' id='block_1_101' title="bbox 2071 4267 3720 4343">
    <p class='ocr_par' dir='ltr' id='par_1_101' title="bbox 2071 4267 3720 4343">
     <span class='ocr_line' id='line_1_101' title="bbox 2071 4267 3720 4343; baseline -0.005 -15"><span class='ocrx_word' id='word_1_745' title='bbox 2071 4289 2255 4343; x_wconf 66' lang='lat' dir='ltr'>operae</span> <span class='ocrx_word' id='word_1_746' title='bbox 2287 4273 2346 4325; x_wconf 89' lang='lat' dir='ltr'>in</span> <span class='ocrx_word' id='word_1_747' title='bbox 2376 4271 2630 4343; x_wconf 83' lang='lat' dir='ltr'>singulis</span> <span class='ocrx_word' id='word_1_748' title='bbox 2661 4271 2949 4326; x_wconf 88' lang='lat' dir='ltr'>duodenis</span> <span class='ocrx_word' id='word_1_749' title='bbox 2987 4269 3268 4324; x_wconf 88' lang='lat' dir='ltr'>lateribus</span> <span class='ocrx_word' id='word_1_750' title='bbox 3298 4267 3533 4338; x_wconf 88' lang='lat' dir='ltr'>singula</span> <span class='ocrx_word' id='word_1_751' title='bbox 3563 4267 3720 4321; x_wconf 88' lang='lat' dir='ltr'>fora-</span> 
     </span>
    </p>
   </div>
   <div class='ocr_carea' id='block_1_102' title="bbox 2071 4356 3720 4432">
    <p class='ocr_par' dir='ltr' id='par_1_102' title="bbox 2071 4356 3720 4432">
     <span class='ocr_line' id='line_1_102' title="bbox 2071 4356 3720 4432; baseline -0.004 -16"><span class='ocrx_word' id='word_1_752' title='bbox 2071 4362 2234 4416; x_wconf 90' lang='lat' dir='ltr'>mina</span> <span class='ocrx_word' id='word_1_753' title='bbox 2263 4365 2566 4430; x_wconf 82' lang='lat' dir='ltr'>excavant,</span> <span class='ocrx_word' id='word_1_754' title='bbox 2621 4361 2841 4432; x_wconf 87' lang='lat' dir='ltr'>quibus</span> <span class='ocrx_word' id='word_1_755' title='bbox 2891 4356 3254 4413; x_wconf 89' lang='lat' dir='ltr'>venerabiles</span> <span class='ocrx_word' id='word_1_756' title='bbox 3303 4360 3359 4412; x_wconf 91' lang='lat' dir='ltr'>et</span> <span class='ocrx_word' id='word_1_757' title='bbox 3390 4372 3589 4411; x_wconf 86' lang='lat' dir='ltr'>sacras</span> <span class='ocrx_word' id='word_1_758' title='bbox 3619 4371 3720 4410; x_wconf 84' lang='lat' dir='ltr'>va-</span> 
     </span>
    </p>
   </div>
   <div class='ocr_carea' id='block_1_103' title="bbox 2069 4446 3718 4520">
    <p class='ocr_par' dir='ltr' id='par_1_103' title="bbox 2069 4446 3718 4520">
     <span class='ocr_line' id='line_1_103' title="bbox 2069 4446 3718 4520; baseline -0.003 -15"><span class='ocrx_word' id='word_1_759' title='bbox 2069 4450 2291 4505; x_wconf 89' lang='lat' dir='ltr'>riorum</span> <span class='ocrx_word' id='word_1_760' title='bbox 2334 4455 2674 4506; x_wconf 87' lang='lat' dir='ltr'>sanctorum</span> <span class='ocrx_word' id='word_1_761' title='bbox 2731 4448 3016 4520; x_wconf 89' lang='lat' dir='ltr'>reliquias</span> <span class='ocrx_word' id='word_1_762' title='bbox 3065 4446 3482 4514; x_wconf 90' lang='lat' dir='ltr'>immittebant,</span> <span class='ocrx_word' id='word_1_763' title='bbox 3533 4446 3718 4500; x_wconf 88' lang='lat' dir='ltr'>donec</span> 
     </span>
    </p>
   </div>
   <div class='ocr_carea' id='block_1_104' title="bbox 2073 4533 3720 4609">
    <p class='ocr_par' dir='ltr' id='par_1_104' title="bbox 2073 4533 3720 4609">
     <span class='ocr_line' id='line_1_104' title="bbox 2073 4533 3720 4609; baseline -0.002 -15"><span class='ocrx_word' id='word_1_764' title='bbox 2073 4540 2324 4609; x_wconf 84' lang='lat' dir='ltr'>perfecta</span> <span class='ocrx_word' id='word_1_765' title='bbox 2356 4545 2412 4594; x_wconf 91' lang='lat' dir='ltr'>et</span> <span class='ocrx_word' id='word_1_766' title='bbox 2444 4538 2712 4594; x_wconf 89' lang='lat' dir='ltr'>absoluta</span> <span class='ocrx_word' id='word_1_767' title='bbox 2740 4537 2978 4592; x_wconf 88' lang='lat' dir='ltr'>Trullus</span> <span class='ocrx_word' id='word_1_768' title='bbox 3018 4540 3192 4591; x_wconf 89' lang='lat' dir='ltr'>esset.</span> <span class='ocrx_word' id='word_1_769' title='bbox 3228 4536 3363 4590; x_wconf 82' lang='lat' dir='ltr'>Erat</span> <span class='ocrx_word' id='word_1_770' title='bbox 3392 4538 3589 4590; x_wconf 90' lang='lat' dir='ltr'>autem</span> <span class='ocrx_word' id='word_1_771' title='bbox 3619 4533 3720 4590; x_wconf 89' lang='lat' dir='ltr'>illa</span> 
     </span>
    </p>
   </div>
   <div class='ocr_carea' id='block_1_105' title="bbox 2071 4622 3716 4697">
    <p class='ocr_par' dir='ltr' id='par_1_105' title="bbox 2071 4622 3716 4697">
     <span class='ocr_line' id='line_1_105' title="bbox 2071 4622 3716 4697; baseline -0.003 -15"><span class='ocrx_word' id='word_1_772' title='bbox 2071 4627 2351 4684; x_wconf 89' lang='lat' dir='ltr'>insolenti</span> <span class='ocrx_word' id='word_1_773' title='bbox 2382 4633 2439 4683; x_wconf 89' lang='lat' dir='ltr'>et</span> <span class='ocrx_word' id='word_1_774' title='bbox 2473 4644 2619 4682; x_wconf 91' lang='lat' dir='ltr'>novo</span> <span class='ocrx_word' id='word_1_775' title='bbox 2662 4626 2895 4681; x_wconf 69' lang='lat' dir='ltr'>fabricae</span> <span class='ocrx_word' id='word_1_776' title='bbox 2945 4641 3156 4697; x_wconf 89' lang='lat' dir='ltr'>genere</span> <span class='ocrx_word' id='word_1_777' title='bbox 3203 4623 3479 4680; x_wconf 87' lang='lat' dir='ltr'>sublimis</span> <span class='ocrx_word' id='word_1_778' title='bbox 3527 4622 3716 4678; x_wconf 90' lang='lat' dir='ltr'>consi-</span> 
     </span>
    </p>
   </div>
   <div class='ocr_carea' id='block_1_106' title="bbox 2073 4711 3716 4786">
    <p class='ocr_par' dir='ltr' id='par_1_106' title="bbox 2073 4711 3716 4786">
     <span class='ocr_line' id='line_1_106' title="bbox 2073 4711 3716 4786; baseline -0.002 -14"><span class='ocrx_word' id='word_1_779' title='bbox 2073 4725 2249 4773; x_wconf 79' lang='lat' dir='ltr'>stens.</span> <span class='ocrx_word' id='word_1_780' title='bbox 2287 4723 2368 4772; x_wconf 82' lang='lat' dir='ltr'>Ac</span> <span class='ocrx_word' id='word_1_781' title='bbox 2397 4716 2608 4772; x_wconf 85' lang='lat' dir='ltr'>deinde</span> <span class='ocrx_word' id='word_1_782' title='bbox 2639 4714 2926 4771; x_wconf 88' lang='lat' dir='ltr'>absolutis</span> <span class='ocrx_word' id='word_1_783' title='bbox 2957 4713 3324 4786; x_wconf 85' lang='lat' dir='ltr'>elegantibus</span> <span class='ocrx_word' id='word_1_784' title='bbox 3353 4711 3471 4768; x_wconf 88' lang='lat' dir='ltr'>illis</span> <span class='ocrx_word' id='word_1_785' title='bbox 3501 4717 3560 4768; x_wconf 88' lang='lat' dir='ltr'>et</span> <span class='ocrx_word' id='word_1_786' title='bbox 3591 4729 3716 4768; x_wconf 90' lang='lat' dir='ltr'>ma-</span> 
     </span>
    </p>
   </div>
   <div class='ocr_carea' id='block_1_107' title="bbox 2071 4803 3718 4878">
    <p class='ocr_par' dir='ltr' id='par_1_107' title="bbox 2071 4803 3718 4878">
     <span class='ocr_line' id='line_1_107' title="bbox 2071 4803 3718 4878; baseline -0.002 -18"><span class='ocrx_word' id='word_1_787' title='bbox 2071 4806 2301 4878; x_wconf 78' lang='lat' dir='ltr'>gnificis</span> <span class='ocrx_word' id='word_1_788' title='bbox 2351 4805 2696 4861; x_wconf 86' lang='lat' dir='ltr'>marmoreis</span> <span class='ocrx_word' id='word_1_789' title='bbox 2738 4803 3292 4870; x_wconf 87' lang='lat' dir='ltr'>inscrutationibus,</span> <span class='ocrx_word' id='word_1_790' title='bbox 3325 4819 3526 4858; x_wconf 90' lang='lat' dir='ltr'>earum</span> <span class='ocrx_word' id='word_1_791' title='bbox 3559 4817 3718 4857; x_wconf 91' lang='lat' dir='ltr'>com-</span> 
     </span>
    </p>
   </div>
   <div class='ocr_carea' id='block_1_108' title="bbox 2073 4891 3713 4960">
    <p class='ocr_par' dir='ltr' id='par_1_108' title="bbox 2073 4891 3713 4960">
     <span class='ocr_line' id='line_1_108' title="bbox 2073 4891 3713 4960; baseline -0.004 -11"><span class='ocrx_word' id='word_1_792' title='bbox 2073 4895 2361 4950; x_wconf 89' lang='lat' dir='ltr'>missuras</span> <span class='ocrx_word' id='word_1_793' title='bbox 2405 4912 2547 4950; x_wconf 88' lang='lat' dir='ltr'>auro</span> <span class='ocrx_word' id='word_1_794' title='bbox 2596 4894 2991 4960; x_wconf 84' lang='lat' dir='ltr'>obduxerunt,</span> <span class='ocrx_word' id='word_1_795' title='bbox 3051 4909 3277 4948; x_wconf 90' lang='lat' dir='ltr'>necnon</span> <span class='ocrx_word' id='word_1_796' title='bbox 3309 4891 3713 4948; x_wconf 82' lang='lat' dir='ltr'>columnarum</span> 
     </span>
    </p>
   </div>
   <div class='ocr_carea' id='block_1_109' title="bbox 2071 4977 3718 5054">
    <p class='ocr_par' dir='ltr' id='par_1_109' title="bbox 2071 4977 3718 5054">
     <span class='ocr_line' id='line_1_109' title="bbox 2071 4977 3718 5054; baseline -0.006 -16"><span class='ocrx_word' id='word_1_797' title='bbox 2071 4983 2338 5054; x_wconf 84' lang='lat' dir='ltr'>capitella</span> <span class='ocrx_word' id='word_1_798' title='bbox 2368 4988 2424 5038; x_wconf 89' lang='lat' dir='ltr'>et</span> <span class='ocrx_word' id='word_1_799' title='bbox 2446 4981 2814 5054; x_wconf 77' lang='lat' dir='ltr'>anaglypba;</span> <span class='ocrx_word' id='word_1_800' title='bbox 2843 4982 3179 5054; x_wconf 87' lang='lat' dir='ltr'>pariterque</span> <span class='ocrx_word' id='word_1_801' title='bbox 3211 4978 3508 5052; x_wconf 88' lang='lat' dir='ltr'>perystilia</span> <span class='ocrx_word' id='word_1_802' title='bbox 3540 4977 3718 5049; x_wconf 89' lang='lat' dir='ltr'>porti-</span> 
     </span>
    </p>
   </div>
   <div class='ocr_carea' id='block_1_110' title="bbox 2070 5064 3719 5143">
    <p class='ocr_par' dir='ltr' id='par_1_110' title="bbox 2070 5064 3719 5143">
     <span class='ocr_line' id='line_1_110' title="bbox 2070 5064 3719 5143; baseline -0.005 -17"><span class='ocrx_word' id='word_1_803' title='bbox 2070 5089 2247 5126; x_wconf 91' lang='lat' dir='ltr'>cuum</span> <span class='ocrx_word' id='word_1_804' title='bbox 2278 5073 2551 5128; x_wconf 68' lang='lat' dir='ltr'>secundaa</span> <span class='ocrx_word' id='word_1_805' title='bbox 2582 5073 2884 5143; x_wconf 65' lang='lat' dir='ltr'>tertiisque</span> <span class='ocrx_word' id='word_1_806' title='bbox 2917 5067 3460 5125; x_wconf 89' lang='lat' dir='ltr'>concamerationis.</span> <span class='ocrx_word' id='word_1_807' title='bbox 3510 5064 3719 5119; x_wconf 89' lang='lat' dir='ltr'>Omnia</span> 
     </span>
    </p>
   </div>
   <div class='ocr_carea' id='block_1_111' title="bbox 2071 5152 3716 5231">
    <p class='ocr_par' dir='ltr' id='par_1_111' title="bbox 2071 5152 3716 5231">
     <span class='ocr_line' id='line_1_111' title="bbox 2071 5152 3716 5231; baseline -0.007 -15"><span class='ocrx_word' id='word_1_808' title='bbox 2071 5162 2309 5216; x_wconf 89' lang='lat' dir='ltr'>demum</span> <span class='ocrx_word' id='word_1_809' title='bbox 2341 5177 2483 5216; x_wconf 87' lang='lat' dir='ltr'>auro</span> <span class='ocrx_word' id='word_1_810' title='bbox 2516 5178 2661 5231; x_wconf 90' lang='lat' dir='ltr'>puro</span> <span class='ocrx_word' id='word_1_811' title='bbox 2685 5162 2937 5216; x_wconf 86' lang='lat' dir='ltr'>obducta</span> <span class='ocrx_word' id='word_1_812' title='bbox 2967 5164 3024 5214; x_wconf 87' lang='lat' dir='ltr'>et</span> <span class='ocrx_word' id='word_1_813' title='bbox 3053 5159 3320 5212; x_wconf 85' lang='lat' dir='ltr'>decorata</span> <span class='ocrx_word' id='word_1_814' title='bbox 3342 5158 3506 5218; x_wconf 89' lang='lat' dir='ltr'>sunt;</span> <span class='ocrx_word' id='word_1_815' title='bbox 3545 5152 3716 5221; x_wconf 85' lang='lat' dir='ltr'>cujus</span> 
     </span>
    </p>
   </div>
   <div class='ocr_carea' id='block_1_112' title="bbox 2070 5240 3716 5324">
    <p class='ocr_par' dir='ltr' id='par_1_112' title="bbox 2070 5240 3716 5324">
     <span class='ocr_line' id='line_1_112' title="bbox 2070 5240 3716 5324; baseline -0.005 -22"><span class='ocrx_word' id='word_1_816' title='bbox 2070 5247 2303 5304; x_wconf 67' lang='lat' dir='ltr'>laminae</span> <span class='ocrx_word' id='word_1_817' title='bbox 2372 5250 2489 5304; x_wconf 91' lang='lat' dir='ltr'>duo</span> <span class='ocrx_word' id='word_1_818' title='bbox 2546 5250 2752 5321; x_wconf 72' lang='lat' dir='ltr'>spissa:</span> <span class='ocrx_word' id='word_1_819' title='bbox 2811 5248 3028 5324; x_wconf 86' lang='lat' dir='ltr'>digitos</span> <span class='ocrx_word' id='word_1_820' title='bbox 3097 5248 3284 5299; x_wconf 87' lang='lat' dir='ltr'>erant.</span> <span class='ocrx_word' id='word_1_821' title='bbox 3346 5243 3519 5296; x_wconf 87' lang='lat' dir='ltr'>Tecta</span> <span class='ocrx_word' id='word_1_822' title='bbox 3575 5240 3716 5294; x_wconf 85' lang='lat' dir='ltr'>item</span> 
     </span>
    </p>
   </div>
   <div class='ocr_carea' id='block_1_113' title="bbox 2070 5330 3716 5410">
    <p class='ocr_par' dir='ltr' id='par_1_113' title="bbox 2070 5330 3716 5410">
     <span class='ocr_line' id='line_1_113' title="bbox 2070 5330 3716 5410; baseline -0.005 -17"><span class='ocrx_word' id='word_1_823' title='bbox 2070 5339 2269 5393; x_wconf 87' lang='lat' dir='ltr'>omnia</span> <span class='ocrx_word' id='word_1_824' title='bbox 2315 5339 2434 5394; x_wconf 89' lang='lat' dir='ltr'>sive</span> <span class='ocrx_word' id='word_1_825' title='bbox 2465 5356 2498 5394; x_wconf 90' lang='lat' dir='ltr'>a</span> <span class='ocrx_word' id='word_1_826' title='bbox 2525 5338 2812 5410; x_wconf 89' lang='lat' dir='ltr'>superiori</span> <span class='ocrx_word' id='word_1_827' title='bbox 2850 5335 3072 5408; x_wconf 87' lang='lat' dir='ltr'>porticu</span> <span class='ocrx_word' id='word_1_828' title='bbox 3107 5330 3374 5387; x_wconf 68' lang='lat' dir='ltr'>secunda:</span> <span class='ocrx_word' id='word_1_829' title='bbox 3407 5345 3716 5385; x_wconf 88' lang='lat' dir='ltr'>concame-</span> 
     </span>
    </p>
   </div>
   <div class='ocr_carea' id='block_1_114' title="bbox 2073 5419 3713 5495">
    <p class='ocr_par' dir='ltr' id='par_1_114' title="bbox 2073 5419 3713 5495">
     <span class='ocr_line' id='line_1_114' title="bbox 2073 5419 3713 5495; baseline -0.004 -14"><span class='ocrx_word' id='word_1_830' title='bbox 2073 5427 2336 5495; x_wconf 90' lang='lat' dir='ltr'>rationis,</span> <span class='ocrx_word' id='word_1_831' title='bbox 2370 5428 2490 5482; x_wconf 85' lang='lat' dir='ltr'>sive</span> <span class='ocrx_word' id='word_1_832' title='bbox 2521 5445 2555 5481; x_wconf 89' lang='lat' dir='ltr'>a</span> <span class='ocrx_word' id='word_1_833' title='bbox 2585 5427 2868 5481; x_wconf 85' lang='lat' dir='ltr'>lateribus</span> <span class='ocrx_word' id='word_1_834' title='bbox 2925 5428 2983 5476; x_wconf 90' lang='lat' dir='ltr'>et</span> <span class='ocrx_word' id='word_1_835' title='bbox 3032 5421 3177 5475; x_wconf 84' lang='lat' dir='ltr'>locis</span> <span class='ocrx_word' id='word_1_836' title='bbox 3253 5419 3713 5489; x_wconf 87' lang='lat' dir='ltr'>circumpositis,</span> 
     </span>
    </p>
   </div>
   <div class='ocr_carea' id='block_1_115' title="bbox 2069 5509 3716 5587">
    <p class='ocr_par' dir='ltr' id='par_1_115' title="bbox 2069 5509 3716 5587">
     <span class='ocr_line' id='line_1_115' title="bbox 2069 5509 3716 5587; baseline -0.005 -16"><span class='ocrx_word' id='word_1_837' title='bbox 2069 5522 2433 5587; x_wconf 84' lang='lat' dir='ltr'>quatuorque</span> <span class='ocrx_word' id='word_1_838' title='bbox 2474 5514 2850 5570; x_wconf 87' lang='lat' dir='ltr'>narthecibus</span> <span class='ocrx_word' id='word_1_839' title='bbox 2884 5525 3067 5581; x_wconf 89' lang='lat' dir='ltr'>usque</span> <span class='ocrx_word' id='word_1_840' title='bbox 3115 5509 3187 5563; x_wconf 90' lang='lat' dir='ltr'>ad</span> <span class='ocrx_word' id='word_1_841' title='bbox 3238 5509 3716 5578; x_wconf 85' lang='lat' dir='ltr'>circumjacentia</span> 
     </span>
    </p>
   </div>
   <div class='ocr_carea' id='block_1_116' title="bbox 2071 5597 3712 5670">
    <p class='ocr_par' dir='ltr' id='par_1_116' title="bbox 2071 5597 3712 5670">
     <span class='ocr_line' id='line_1_116' title="bbox 2071 5597 3712 5670; baseline -0.005 -12"><span class='ocrx_word' id='word_1_842' title='bbox 2071 5605 2359 5660; x_wconf 87' lang='lat' dir='ltr'>vestibula</span> <span class='ocrx_word' id='word_1_843' title='bbox 2389 5621 2532 5659; x_wconf 89' lang='lat' dir='ltr'>auro</span> <span class='ocrx_word' id='word_1_844' title='bbox 2563 5600 2897 5658; x_wconf 89' lang='lat' dir='ltr'>encaustico</span> <span class='ocrx_word' id='word_1_845' title='bbox 2929 5615 3102 5670; x_wconf 90' lang='lat' dir='ltr'>opere</span> <span class='ocrx_word' id='word_1_846' title='bbox 3150 5599 3413 5653; x_wconf 77' lang='lat' dir='ltr'>confecto</span> <span class='ocrx_word' id='word_1_847' title='bbox 3453 5597 3712 5666; x_wconf 79' lang='lat' dir='ltr'>splendi-</span> 
     </span>
    </p>
   </div>
   <div class='ocr_carea' id='block_1_117' title="bbox 2070 5685 3712 5760">
    <p class='ocr_par' dir='ltr' id='par_1_117' title="bbox 2070 5685 3712 5760">
     <span class='ocr_line' id='line_1_117' title="bbox 2070 5685 3712 5760; baseline -0.005 -12"><span class='ocrx_word' id='word_1_848' title='bbox 2070 5693 2314 5749; x_wconf 86' lang='lat' dir='ltr'>dissime</span> <span class='ocrx_word' id='word_1_849' title='bbox 2343 5691 2644 5749; x_wconf 84' lang='lat' dir='ltr'>exornavit</span> <span class='ocrx_word' id='word_1_850' title='bbox 2687 5707 2700 5746; x_wconf 90' lang='lat'>:</span> <span class='ocrx_word' id='word_1_851' title='bbox 2743 5686 3006 5760; x_wconf 88' lang='lat' dir='ltr'>porticus</span> <span class='ocrx_word' id='word_1_852' title='bbox 3053 5687 3194 5743; x_wconf 89' lang='lat' dir='ltr'>item</span> <span class='ocrx_word' id='word_1_853' title='bbox 3238 5685 3589 5758; x_wconf 84' lang='lat' dir='ltr'>superiores,</span> <span class='ocrx_word' id='word_1_854' title='bbox 3621 5701 3712 5741; x_wconf 91' lang='lat' dir='ltr'>co-</span> 
     </span>
    </p>
   </div>
  </div>
