4018 6220
405 328 433 385 1
445 326 559 387 303

401 458 648 514 lumnas
698 464 755 514 et
802 460 1258 517 incrustationes
1292 479 1651 519 marmoreas
1706 465 1832 535 pari
1885 479 2055 518 orna-
2085 465 2141 531 Α

408 554 607 603 mento
638 549 958 605 decoravit.
983 551 1210 622 Templi
1251 568 1488 624 quoque
1517 552 1922 623 pavimentum
1953 569 2052 607 va-

411 636 514 691 riis
564 639 955 710 pretiosisque
1005 640 1399 695 marmoribus
1452 640 1697 696 ornavit.
1752 641 2055 696 Laleribus

411 741 546 780 vero
578 727 943 783 extrinsecus
982 732 1038 783 et
1068 745 1097 783 e
1127 729 1316 784 vicino
1368 730 1577 798 positis
1617 729 1943 801 perpolitis,
1988 746 2057 785 ea

413 816 681 872 candidis
704 817 1091 888 pretiosisque
1111 835 1176 873 ac
1201 818 1539 889 ingentibus
1571 818 1871 891 lapidibus
1918 836 2053 873 con-

413 905 639 960 stravit.

1368 331 1762 392 APPENDIX
1804 332 1907 391 AD
1952 330 2412 392 MIGHAELEM
2457 328 2849 392 PSELLUM.

3619 332 3735 391 13οι

2173 461 2389 536 ὑπερῷα
2416 462 2505 515 καὶ
2536 459 2664 522 τοὺς
2703 458 2913 527 κίονας,
2971 456 3064 512 καὶ
3118 457 3215 519 τὰς
3269 457 3741 534 ὀρθομαρμαρώσεις.

2165 552 2233 604 Τὸ
2267 547 2323 604 δὲ
2350 547 2546 628 ἔδαφος
2572 554 2669 604 τοῦ
2699 552 2830 603 ναοῦ
2859 546 3233 620 κατεκόσμησε
3265 544 3353 601 διὰ
3380 546 3619 602 ποικίλων
3674 550 3744 603 καὶ

2164 637 2487 695 πολυτελῶν
2519 640 2844 714 μαρμάρων·
2878 637 2969 692 καὶ
2996 631 3301 698 πιλὸώσας
3326 634 3381 691 δὲ
3408 635 3591 711 πλάγια
3604 638 3675 692 καὶ
3697 640 3747 693 τὰ

2164 726 2266 798 ἕξω
2305 729 2391 783 καὶ
2419 729 2485 783 τὰ
2514 728 2665 804 πὲριξ
2695 726 3035 803 κατέστρωσε
3064 723 3153 780 διὰ
3185 725 3389 781 λευκῶν
3436 724 3583 790 λίθων
3609 727 3748 782 πολυ-

2165 815 2340 891 τίμων
2379 817 2669 893 μεγίστων.

412 1031 640 1086 Sacrum
672 1030 826 1085 bema
855 1048 927 1085 ea:
953 1042 1177 1102 argento
1207 1035 1456 1116 con/egit.
1496 1035 1733 1102 Ostiola,
1755 1042 2000 1116 lqualuor
2026 1049 2273 1116 mensas,
2299 1032 3009 1116 arcaiepéscopi'trhonum,
3022 1033 3431 1116 eisacerdotum.
3458 1033 3631 1116 sedilia
3661 1049 3753 1116 sep-

478 1112 610 1177 tem,
653 1117 725 1157 ex
752 1107 976 1172 argento
1008 1107 1300 1159 deaurata.
1340 1105 1565 1177 Sancta
1610 1104 1927 1161 sanctorum
1956 1108 2109 1175 intra
2137 1105 2338 1174 gradus
2358 1107 2483 1159 sita.
2520 1106 2805 1161 Ciborium
2834 1121 2899 1160 ac
2927 1106 3143 1177 reliqua
3175 1105 3373 1159 altaris
3398 1104 3754 1160 describuntur.

479 1176 651 1228 Sacra
679 1190 865 1229 mensa
894 1192 963 1230 em
992 1178 1169 1231 variis
1198 1176 1479 1247 lapidibus
1503 1180 1760 1248 pretiosis
1790 1184 1839 1233 et
1869 1178 2084 1231 metalli
2109 1177 2401 1247 generibus
2428 1191 2592 1248 opere
2617 1177 2782 1248 fusili
2810 1176 3069 1246 conﬂata.

479 1278 721 1327 Sacrum
756 1275 927 1330 bema
984 1292 1053 1330 ex
1111 1281 1352 1348 argento
1402 1276 1730 1348 splendido,
1767 1274 2061 1349 perystilia

410 1366 467 1417 et
496 1362 801 1418 columnas
833 1380 966 1418 cum
1000 1365 1227 1421 ostiolis
1249 1384 1316 1421 ex
1339 1372 1578 1439 argento
1610 1369 1891 1423 deaurata
1923 1382 2056 1422 con-

414 1451 712 1507 oinnavil:
757 1459 970 1508 cuncta
1017 1458 1297 1526 argentea
1345 1472 1487 1511 auro
1534 1456 1731 1511 oblita.
1784 1459 1845 1511 In
1893 1472 2057 1510 sacro

417 1546 610 1597 autem
643 1542 868 1596 bernate
899 1548 1154 1613 quatuor
1208 1561 1442 1600 mensas
1489 1544 1779 1601 columnis
1828 1545 2058 1600 innixas

417 1631 621 1699 erexit,
656 1647 802 1701 quas
848 1632 1023 1686 etiam
1077 1650 1219 1687 auro
1259 1634 1535 1690 obduxit:
1568 1634 1902 1705 pariterque
1926 1650 2055 1704 sep-

416 1722 533 1773 tem
566 1719 771 1774 sedilia
799 1721 1169 1776 sacerdotum
1200 1739 1336 1777 cum
1369 1722 1791 1795 archiepiscopi
1822 1723 2055 1793 throno,
2088 1710 2135 1774 B

416 1813 472 1861 et
514 1812 765 1878 quatuor
799 1807 1112 1875 columnis,
1166 1813 1474 1883 ustrinque
1505 1813 1697 1883 posita
1734 1812 2056 1867 deauravit.

412 1897 554 1950 Cum
609 1901 803 1952 autem
859 1898 1124 1969 religioni
1166 1901 1403 1956 duceret
1445 1901 1673 1972 ingredi
1703 1901 1761 1955 in
1794 1902 2056 1970 adytum,

413 1986 569 2055 quod
605 1985 862 2057 Cyclium
897 1993 1128 2053 vocant,
1166 1989 1319 2044 infra
1364 1990 1584 2061 gradus
1610 1991 1814 2058 situm,
1849 1991 2062 2045 Sancta

413 2078 751 2130 sanctorum
814 2074 958 2131 illud
1021 2076 1359 2148 appellavit.
1393 2079 1711 2135 Columnas
1768 2080 1943 2135 etiam
1978 2081 2061 2133 in-

411 2162 602 2233 gentis
658 2162 829 2218 molis
876 2165 1058 2221 erexit
1106 2172 1438 2237 argenteas,
1474 2186 1615 2223 auro
1669 2168 1879 2223 oblitas
1928 2184 2063 2223 cum

416 2252 634 2306 ciborio
669 2256 846 2323 atque
878 2252 1041 2309 liliis.
1095 2255 1398 2310 Ciborium
1450 2262 1644 2312 autem
1691 2265 1929 2330 argento
1961 2275 2065 2313 en-

419 2346 690 2394 caustum
746 2340 898 2396 fecit.
953 2341 1180 2398 Ciborio
1233 2344 1516 2416 imposuit
1562 2346 1799 2418 globum
1832 2364 1899 2402 ex
1926 2364 2067 2403 auro

418 2428 696 2499 solidum,
724 2431 916 2501 pondo
941 2432 1413 2489 centenariorum
1454 2436 1793 2505 octodecim,
1831 2436 2070 2507 liliaque

420 2534 597 2573 aurea
622 2519 938 2590 pendentia
957 2518 1141 2576 libras
1163 2528 1399 2577 centum
1426 2525 1749 2592 sexdecim;
1775 2541 2069 2597 supraque

421 2606 523 2660 illa
552 2624 793 2662 auream
836 2624 1071 2664 crucem
1113 2625 1249 2665 cum
1288 2610 1510 2682 lapillis
1550 2614 1844 2684 pretiosis,
1879 2614 2071 2685 iisque

419 2694 766 2750 rarissimis.
801 2698 949 2751 Crux
1004 2714 1137 2753 vero
1195 2700 1570 2772 septuaginta
1599 2702 1859 2774 quinque
1889 2702 2070 2758 libra-

419 2798 553 2837 rum
616 2784 874 2854 pondere
927 2789 1050 2839 erat
1107 2785 1251 2840 illud
1310 2796 1502 2844 autem
1537 2790 1904 2861 excogitavit,
1937 2809 2069 2847 cum

424 2886 653 2925 sacram
685 2887 947 2927 mensam
984 2876 1473 2944 prestantiorem,
1522 2883 1580 2934 et
1608 2878 1736 2951 ipso
1767 2897 1908 2935 auro
1939 2898 2066 2952 pre-

414 2959 693 3014 tiosorem
725 2960 953 3017 efﬁcere
982 2962 1197 3019 vellet:
1245 2966 1549 3021 accercitis
1582 2967 1785 3038 peritis
1819 2968 2068 3023 homini-

418 3048 532 3103 bus
565 3050 711 3104 bene
743 3050 945 3106 multis
979 3052 1291 3108 consilium
1325 3072 1499 3110 suum
1516 3057 1765 3128 aperuit.
1797 3057 1883 3112 Illi
1915 3075 2067 3125 vero,
2098 3078 2140 3144 ρ

427 3139 489 3191 In
526 3137 841 3208 fornacem,
903 3140 1197 3211 inquiunt,
1249 3144 1631 3214 conjiciamus
1692 3164 1920 3215 aurum,
1973 3165 2069 3202 ar-

425 3231 691 3297 gentum,
724 3227 949 3299 lapides
978 3231 1267 3301 pretiosos
1316 3234 1506 3289 omnis
1556 3236 1808 3305 generis,
1847 3253 2072 3309 marga-

425 3314 589 3385 ritas,
612 3317 924 3387 zambicas,
958 3336 1056 3390 :es,
1102 3322 1432 3389 succinum,
1461 3322 1793 3394 plumbum,
1830 3326 2073 3391 ferrum,

427 3407 732 3474 stannum,
793 3406 1034 3478 vitrum,
1096 3415 1153 3463 et
1213 3410 1263 3464 si
1320 3412 1475 3481 quod
1526 3417 1615 3466 est
1660 3412 1817 3467 aliud
1852 3413 2074 3469 metalli

429 3495 772 3563 genusllaac
794 3512 924 3550 vero
946 3496 1003 3550 in
1029 3499 1317 3555 mottariis
1340 3502 1592 3555 contrita
1608 3501 2075 3573 etconglutinata

433 3581 490 3634 in
524 3598 619 3637 vas
649 3582 937 3639 fusorium
972 3586 1314 3641 infuderunt
1347 3605 1360 3643 :
1396 3595 1644 3660 postque
1696 3592 1893 3646 eadem
1941 3592 2073 3664 igne

424 3669 673 3741 liquata,
698 3678 954 3728 extracta
993 3677 1063 3730 ab
1102 3677 1427 3732 artificibus
1452 3678 1509 3732 in
1534 3680 1780 3734 formam
1807 3683 2072 3751 conjecta

422 3763 568 3813 sunt
593 3776 605 3813 :
630 3764 809 3829 atque
842 3760 951 3815 hac
984 3762 1259 3820 mistione
1299 3766 1627 3836 composita
1671 3784 1836 3822 sacra
1867 3784 2072 3824 mensa

420 3845 679 3917 ingentis
702 3848 867 3918 pretii
895 3849 1104 3905 educta
1122 3856 1209 3906 est
1236 3869 1248 3905 :
1276 3870 1455 3924 quam
1476 3858 1599 3910 tum
1622 3855 1943 3926 imperator
1962 3875 2068 3912 suo

346 3992 349 3997 ί
418 3932 544 3988 loco
569 3935 1151 4006 positam,columnis
1177 3956 1245 3994 ex
1268 3959 1408 3997 auro
1436 3941 1642 3999 solidis
1665 3944 1823 4000 varia
1838 3962 2068 4015 gemma

417 4023 636 4077 ornatis
656 4024 917 4080 suﬂ'ulsit
941 4046 954 4093 ;
977 4030 1033 4081 et
1055 4027 1507 4100 circumpositos
1529 4033 1747 4104 gradus
1769 4033 1828 4088 in
1851 4035 2067 4105 quibus

418 4116 573 4167 stare
596 4112 788 4168 solent
832 4116 1165 4172 sacerdotes
1199 4119 1269 4172 ad
1303 4126 1561 4175 sanctam
1599 4138 1861 4177 mensam
1896 4141 2065 4179 oscu-

415 4198 655 4257 landam
717 4208 868 4259 totos
926 4204 1063 4260 item
1120 4212 1449 4277 argenteos,
1495 4211 1807 4267 doauratos
1856 4213 2061 4268 ellecit.

416 4293 573 4346 Mare
595 4295 887 4359 autem,ut
916 4299 1147 4365 vocant,
1173 4313 1351 4352 sacrae
1375 4315 1613 4365 menses,
1639 4300 2062 4356 inaestimabili-

414 4380 526 4435 bus
550 4380 766 4453 lapillis
787 4384 1104 4439 constravit
1126 4390 1182 4439 et
1203 4404 1343 4442 auro
1368 4388 1628 4443 obduxit.
1650 4390 1790 4453 Quis
1811 4407 1946 4445 vero
1970 4408 2061 4446 sa-

2239 1273 2312 1327 Τὸ
2363 1270 2420 1327 δὲ
2473 1275 2631 1347 ἅγιον
2695 1275 3077 1349 θυσιαστήριον
3128 1272 3179 1343 ἐξ
3227 1273 3467 1347 ἀργύρου
3522 1270 3756 1347 λαμπροῦ.

2166 1362 2231 1416 τά
2306 1382 2363 1417 τε
2422 1365 2618 1433 στήθεα
2660 1364 2751 1417 καὶ
2801 1362 3007 1435 κίονας,
3064 1362 3289 1437 ἀργύρῳ
3330 1361 3498 1417 πάντα
3549 1362 3755 1435 περιεκύ-

2166 1451 2349 1507 κλωσε
2379 1451 2474 1507 σὺν
2503 1458 2621 1514 τοῖς
2673 1451 2970 1508 πυλαιῶσι·
3031 1452 3204 1506 πάντα
3235 1453 3440 1526 ἀργυρᾶ
3491 1449 3572 1505 καί
3621 1471 3759 1525 χρυσ-

2167 1537 2402 1618 έμϐαφα.
2478 1542 2760 1617 Τραπέζας
2842 1540 2899 1596 δὲ
2977 1543 3233 1615 τέσσαρας
3307 1544 3388 1611 τῷ
3436 1539 3562 1615 ἁγίῳ
3612 1552 3757 1602 θυσια-

2167 1630 2375 1701 στηρίῳ
2428 1624 2649 1699 ἔστησεν
2708 1629 2795 1685 ἐπὶ
2844 1629 2970 1691 τοὺς
3026 1631 3232 1696 κίονας,
3292 1628 3384 1684 καὶ
3439 1627 3617 1691 αὐτοὺς
3659 1649 3758 1683 κατ-

2168 1719 2466 1794 εχρῦσωσε.
2527 1720 2628 1781 Τὰς
2682 1720 2818 1774 ἑπτά
2870 1720 3052 1793 βάσεις
3106 1723 3213 1773 τῶν
3248 1719 3459 1794 ἱερέων,
3489 1718 3536 1772 ὲν
3566 1720 3758 1781 αἷςκαθ.

2167 1807 2372 1876 ἕζονται
2425 1802 2710 1869 ἀναϐάντες
2747 1849 2762 1875 ,
2821 1813 2911 1861 σὺν
2965 1812 3047 1879 τῷ
3096 1811 3194 1861 τοῦ
3253 1808 3547 1883 ἀρχιερὲως
3600 1804 3761 1883 θρόνῳ,

2168 1897 2257 1951 καὶ
2331 1900 2437 1951 τῶν
2508 1898 2777 1971 τεσσάρων
2852 1896 3105 1973 ἀργυρῶν
3161 1896 3359 1951 κιόνων
3411 1896 3761 1970 κατεχρύσωσε,

2171 1988 2369 2056 στήσας
2431 1986 2666 2058 ἐκατέρῳ
2722 1984 2870 2059 μέρει
2902 2029 2915 2042 .
2976 1983 3248 2042 Ἀναδύων
3298 2007 3358 2040 τε
3415 1984 3764 2059 εἰσπορεύεσθαι

2172 2072 2223 2127 ἐν
2272 2079 2350 2144 τῷ
2398 2074 2626 2147 ΐλύματι
2675 2074 2754 2147 τῷ
2794 2073 3119 2147 καλουμένῳ
3176 2073 3427 2146 Κυκλίῳ,
3488 2074 3613 2145 ὅπερ
3663 2072 3773 2126 ἆστὶν

2176 2163 2430 2218 ὑποκάτω
2494 2168 2603 2218 τῶν
2649 2161 2953 2238 βαθμίδων,
3017 2167 3179 2218 τοῦτο
3237 2166 3407 2237 ’Ἅγια
3461 2163 3616 2237 ἁγίων
3638 2180 3774 2235 προσ-

2178 2253 2508 2329 ηγόρευσεν.
2568 2255 2797 2324 Ἔστησε
2849 2250 2907 2307 δὲ
2961 2253 3052 2307 καὶ
3103 2252 3285 2315 κίονας
3340 2251 3653 2328 εὐμεγὲθεις,
3700 2250 3771 2303 καὶ

2177 2342 2377 2405 αὐτοὺς
2422 2342 2904 2418 ἀργυροχρύσους,
2970 2340 3062 2395 σὺν
3119 2346 3199 2413 τῷ
3254 2337 3504 2417 κιϐωρίῳ
3554 2339 3636 2393 καὶ
3682 2344 3773 2398 τοῖς

2175 2431 2401 2507 κρίνοις.
2477 2432 2551 2487 Τὸ
2630 2429 2687 2485 δὲ
2759 2427 3023 2507 κιϐώριον
3083 2430 3578 2506 ἀργυροὲγκαυστον
3631 2427 3780 2496 ἐποίη-

2177 2542 2287 2579 σεν.
2346 2519 2559 2576 Ἐπάνω
2618 2517 2675 2574 δὲ
2729 2525 2826 2575 τοῦ
2866 2515 3131 2596 κιϐωρίου
3189 2516 3383 2591 ἔστησε
3442 2524 3654 2597 σφαῖραν
3682 2515 3782 2571 ὁλό-

2179 2630 2416 2685 χρυσον,
2474 2609 2705 2685 ἔχουσαν
2766 2611 3005 2682 σταθμὸν
3060 2609 3292 2685 χρυσίου
3351 2609 3660 2682 κεντηνάρια
3709 2607 3781 2675 ιη’,

2178 2700 2267 2753 καὶ
2332 2699 2489 2774 κρίνα
2535 2705 2715 2775 χρυσᾶ
2770 2700 3040 2770 στήσαντα
3107 2705 3226 2773 ρις’,
3282 2697 3377 2753 καὶ
3420 2698 3591 2752 ἐπάνω
3617 2695 3781 2761 αὐτῶν,

2179 2788 2405 2864 σταυρὸν
2466 2788 2704 2865 χρυσοῦν
2759 2788 2893 2861 μετά
2951 2786 3119 2851 λίθων
3144 2785 3473 2842 πολυτελῶν
3504 2786 3589 2840 καὶ
3616 2780 3781 2838 δυσπο-

2181 2877 2413 2952 Ρίστωνν
2482 2876 2629 2940 δστις
2704 2877 2929 2949 σταυρὸς
3005 2876 3121 2950 εἶχε
3177 2877 3425 2949 σταθμον
3478 2877 3667 2949 χρυσοῦ
3714 2869 3781 2923 λίο

2176 2985 2307 3039 τρας
2369 2967 2459 3020 οε’.
2517 2965 2773 3036 Ἐποίησε
2832 2962 2887 3019 δὲ
2948 2964 3203 3039 μηχανὴν
3233 2963 3516 3034 τοιαύτην,
3551 2957 3781 3037 βουλόμε-

2178 3075 2269 3118 νος
2321 3055 2423 3130 γὰρ
2481 3054 2760 3128 κρείττονα
2816 3056 2914 3123 τήν
2973 3053 3127 3128 ἁγίαν
3184 3055 3455 3127 τράπεζαν
3513 3051 3597 3106 καὶ
3639 3045 3782 3102 πολυ-

2178 3142 2311 3211 τελῆ
2370 3142 2571 3213 ταύτην
2631 3148 2858 3211 ποιῆσαι
2920 3142 3052 3218 ὑπὲρ
3102 3142 3357 3217 χρυσίον,
3392 3137 3784 3217 προσεκαλὲσατο

2181 3230 2547 3304 ἐπιστήμονας
2588 3230 2858 3300 πολλοὺς,
2912 3224 3147 3304 εἰρηκὼς
3186 3230 3376 3295 αὐτοῖς
3429 3234 3603 3285 τοῦτο’
3658 3227 3703 3280 οἱ
3743 3221 3788 3277 δὲ

2183 3318 2385 3397 ἔφησαν
2439 3319 2601 3393 αὐτῷ’
2654 3321 2749 3383 Εἰς
2799 3323 3171 3396 γωνευτήριον
3228 3315 3561 3393 ἐμϐάλωμεν
3598 3314 3789 3392 χρυσὸν,

2183 3408 2417 3485 ἄργυρον
2453 3455 2467 3479 ,
2525 3408 2712 3473 λίθους
2768 3409 2986 3482 τιμίους
3041 3409 3337 3470 παντοίους
3370 3452 3385 3477 ,
3450 3405 3787 3485 μαργαρίτας,

2185 3496 2483 3572 ζάμϐυκας,
2544 3498 2779 3573 χαλκὸν,
2835 3497 3142 3575 ἤλεκτρον,
3205 3493 3520 3570 μόλιϐδον,
3578 3492 3788 3568 σίδηρον,

2181 3589 2537 3663 κασσίτερον,
2598 3586 2793 3657 ὕελον,
2859 3588 2950 3642 καὶ
3005 3586 3205 3654 λοιπὴν
3262 3592 3437 3641 πᾶσαν
3495 3582 3789 3658 μεταλλικὴν

2182 3677 2341 3747 ὕλην·
2396 3676 2486 3730 καὶ
2518 3675 2800 3752 τρίψαντες
2848 3676 2982 3731 αὐτὰ
3029 3675 3309 3751 ἀμφότερα
3350 3675 3429 3737 εἷς
3476 3673 3670 3748 ὅλμους
3715 3668 3787 3724 καὶ

2181 3764 2459 3837 δήσαντες,
2518 3765 2605 3821 ἐπὶ
2662 3767 2723 3820 τὸ
2782 3767 3155 3841 χωνευτήριον
3211 3761 3436 3840 ἕχυσαν’
3487 3765 3575 3818 καὶ
3623 3764 3788 3831 ἀναμα-

2179 3857 2399 3928 ξάμενοι
2444 3853 2505 3909 τό
2552 3859 2680 3928 πῦρ,
2738 3849 3004 3909 ἀνέλαϐον
3048 3859 3218 3909 ταῦτα
3274 3855 3326 3908 οἱ
3366 3859 3610 3929 τεχνῖται
3638 3850 3689 3905 ἐκ
3710 3847 3787 3902 τοῦ

2176 3945 2368 4017 πυρὸς,
2421 3943 2511 3999 καὶ
2569 3941 2770 4018 ἕχυσαν
2833 3942 2911 4002 είς
2956 3944 3207 4018 τυπάριν·
3266 3942 3361 3996 καὶ
3420 3941 3619 4016 ἐγένετο
3672 3938 3787 4013 χυτή

2176 4037 2468 4108 πάμμιγος
2526 4031 2794 4105 ἀτίμητος
2854 4035 2887 4100 ἡ
2941 4031 3065 4107 ἀγία
3120 4032 3363 4107 τράπεζα
3396 4051 3410 4064 ·
3496 4031 3588 4093 εἶθ’
3644 4028 3787 4085 οὕτως

2176 4119 2398 4192 ἔστησεν
2455 4120 2646 4191 αὐτήν·
2699 4120 3043 4175 ὑποκάτωθεν
3108 4118 3164 4175 δὲ
3196 4120 3368 4191 αὐτῆς
3411 4118 3599 4189 ἔστησε
3641 4117 3793 4172 κίονας

2175 4210 2521 4285 ὁλοχρύσους
2572 4209 2661 4264 καὶ
2707 4209 2905 4272 αὐτοὺς
2960 4211 3096 4281 μετὰ
3144 4207 3312 4273 λίθων
3342 4206 3677 4264 πολυτελῶν
3716 4202 3787 4257 καὶ

2171 4301 2269 4368 τήν
2305 4298 2454 4375 πέριξ
2502 4297 2742 4373 κλίματα
2773 4299 2825 4355 ἐν
2927 4297 3174 4353 ἵστανται
3210 4300 3376 4372 ἱερεῖς
3435 4298 3512 4359 είς
3540 4297 3598 4351 τὸ
3646 4294 3789 4348 cimi-

2176 4390 2484 4458 ζεσθαιτὴν
2538 4389 2693 4463 ἁγίαν
2744 4389 3035 4464 τράπεζαν,
3087 4387 3178 4442 καὶ
3224 4388 3397 4456 αὐτὴν
3462 4385 3786 4459 ὁλοάργυρον,

413 4484 574 4524 cram
608 4487 874 4526 mensam
908 4475 1283 4545 conspicatus
1334 4494 1446 4532 non
1481 4483 1718 4549 stupoat
1740 4480 1765 4531 ‘I
1797 4484 1898 4535 aut
1928 4480 2060 4551 quis

2175 4452 2624 4554 κεχρυσωμὲνην.
2847 4474 2905 4531 δὲ
2958 4473 3229 4540 θάλασσαν
3283 4480 3387 4543 τῆς
3444 4475 3591 4551 ἁγίας
3620 4468 3789 4546 τραπέ-

410 4573 539 4612 eam
575 4559 763 4629 possit
792 4561 1017 4617 diutius
1041 4564 1473 4636 contemplari?
1514 4584 1645 4621 cum
1692 4569 1871 4622 variis
1916 4568 2062 4624 colo-

415 4646 580 4701 ribus
628 4647 783 4702 varie
830 4650 1039 4718 micet;
1091 4652 1473 4725 videaturque
1524 4673 1679 4711 nunc
1728 4658 1875 4725 auri,
1906 4674 2062 4713 nunc

409 4736 635 4807 argenti
694 4736 978 4807 fulgorem
1038 4740 1276 4808 referre,
1337 4745 1511 4798 modo
1570 4744 1833 4816 sapphiri
1878 4746 2064 4802 instar

408 4824 669 4891 rutilare,
701 4830 779 4889 et,
802 4830 867 4879 ut
895 4827 1070 4882 verbo
1103 4828 1319 4896 dicam,
1352 4831 1773 4903 multiplicium
1801 4834 2061 4890 colorum

420 4913 617 4968 radios
650 4913 940 4981 emittere,
996 4918 1321 4972 secundum
1382 4925 1650 4976 naturam
1703 4923 2061 4994 lapillorum,

412 5018 773 5058 marmorum
808 5008 863 5057 et
895 5006 1087 5060 omnis
1118 5008 1349 5090 generis
1380 5010 1777 5067 metallorum.

407 5094 520 5161 ζον,
555 5089 633 5151 είς
663 5088 805 5145 ἄλλο
838 5094 1187 5168 σαπιρειρίζον
1219 5088 1599 5173 ἐξαστράπτον,
1625 5098 1712 5152 καὶ
1746 5097 1935 5163 ἁπλῶς
1969 5099 2135 5155 εἰπεῖν

406 5178 575 5242 λίθων
609 5180 697 5233 καὶ
735 5180 1059 5255 μαρμάρων,
1093 5183 1182 5236 καὶ
1213 5183 1427 5239 πάντων
1453 5191 1563 5241 τῶν
1599 5186 1922 5259 μετάλλων;

2172 4572 2269 4636 ζης
2330 4566 2380 4636 ἐξ
2438 4566 2718 4639 ἀτιμήτων
2775 4565 2941 4628 λίθων
3002 4565 3292 4636 πεποίηκε,
3349 4565 3443 4619 καὶ
3474 4562 3786 4637 κατεχρῦσωο

2171 4677 2254 4711 σεν
2315 4656 2508 4725 αὐτήν.
2567 4653 2667 4717 Τίς
2724 4654 2826 4729 γὰρ
2888 4656 3145 4724 θεάσηται
3199 4656 3261 4707 τὸ
3316 4652 3462 4715 εἶδος
3516 4660 3613 4720 τῆς
3657 4649 3787 4722 ἁγίας

2168 4744 2441 4816 τραπέζης
2477 4785 2491 4811 ,
2568 4742 2659 4797 καὶ
2715 4741 2776 4796 οὐ
2834 4741 3246 4818 καταπλαγείη;
3297 4744 3333 4811 ἢ
3394 4743 3481 4803 τίς
3537 4738 3784 4808 δυνήσεται

2168 4839 2497 4901 κατανοῆσαι
2555 4830 2788 4900 ταύτην,
2865 4829 2955 4885 διὰ
3029 4832 3124 4892 τὰς
3180 4829 3442 4892 ποικίλας
3502 4829 3663 4905 χρόας
3714 4823 3787 4878 καὶ

2171 4921 2567 4991 στιλπνότητας
2622 4918 3015 4989 ἐναλλάσσειν,
3078 4920 3151 4981 ὠς
3211 4920 3439 4993 ὁρᾶσθαι
3506 4920 3566 4973 τὸ
3617 4915 3787 4980 ταύτης

2172 5009 2332 5081 εἶδος,
2390 5010 2524 5066 ποτε
2586 5010 2681 5082 μὶν
2739 5010 3029 5083 χρυσίζον,
3063 5007 3113 5063 ἐν
3150 5006 3310 5082 ἄλλῳ
3342 5007 3400 5064 δὲ
3430 5008 3583 5080 τόπῳ
3610 4999 3791 5078 ἀργυρί·

2149 5146 2163 5170 ,
2196 5097 2554 5155 ἀποστέλλειν
2583 5093 2774 5153 ὀλϐίαν
2808 5097 3006 5173 χρόαν,
3036 5099 3174 5153 κατὰ
3220 5098 3317 5161 τὰς
3364 5098 3550 5175 φύσεις
3602 5094 3700 5148 τῶν
3742 5108 3789 5142 τε

399 5309 563 5390 Fores
593 5308 914 5390 superiores_
931 5326 994 5363 ac
1024 5312 1316 5390 inferiores
1339 5315 1480 5370 adis
1511 5314 2093 5390 Sophiqnxebumeee
2130 5317 2461 5390 anaglyphis
2508 5321 2719 5373 ornata
2747 5334 2812 5374 ac
2838 5318 3121 5377 deaurata:
3147 5334 3373 5374 numero
3395 5316 3523 5371 365.
3554 5312 3683 5390 Aliae
3699 5320 3786 5390 ρον

471 5382 541 5432 ta:
570 5387 853 5444 argenteae
882 5380 1185 5439 deaurata.
1223 5386 1460 5461 Lignum
1490 5380 1656 5443 areae.
1693 5388 2074 5442 Pavimenlum
2094 5380 2453 5461 auro'sb'lido
2486 5398 2737 5445 sternere
2758 5392 2964 5461 cogitat
2992 5393 3357 5448 Justinianus.
3393 5390 3549 5444 Intra
3574 5383 3783 5454 spatium

471 5465 746 5503 annorum
775 5457 892 5505 octo
930 5461 980 5507 et
1008 5459 1245 5524 quatuor
1271 5458 1548 5511 mensium
1576 5461 1917 5513 construitur
1947 5460 2089 5515 sedes
2118 5460 2425 5531 Sophiana.

477 5552 631 5608 Fecit
663 5552 837 5607 etiam
873 5553 1026 5607 fores
1056 5552 1113 5608 in
1149 5554 1527 5612 inferioribus
1560 5562 1616 5612 et
1644 5557 2050 5629 superioribus

399 5642 623 5698 aedibus
653 5658 721 5697 ex
769 5641 942 5697 ebore
985 5642 1333 5716 anaglyphis
1382 5652 1585 5702 ornato
1616 5647 2047 5719 'deauratoque,

2234 5560 2495 5630 Ἐποίησε
2525 5557 2583 5615 δὶ
2613 5557 2872 5621 πυλῶνας
2917 5561 3160 5624 κάτωθεν
3209 5560 3297 5615 καὶ
3345 5556 3549 5620 ἀνωθεν
3581 5548 3645 5606 δι’
3678 5545 3781 5602 ἐλε-

2160 5648 2425 5726 φαντίνων
2499 5646 2753 5723 μεγάλων
2830 5648 3001 5703 ὀστῶν
3060 5647 3315 5724 γλυπτῶν
3367 5638 3778 5719 κεχρυσωμένων
