4018 6220
309 350 467 411 1305

1442 348 1799 410 ANONYMI
1843 348 2429 419 ANTIOUITATES
2475 350 2593 410 GP.

3554 348 3708 411 1306

300 478 393 533 τὸν
426 478 660 552 ἀριθμὸν
689 477 808 549 τξεπ
842 478 929 534 Ἐν
962 474 1020 532 δὶ
1060 480 1129 551 τῇ
1162 478 1372 552 πρώτῃ
1418 475 1613 550 εἰσόδῳ
1668 476 1765 533 τοῦ
1822 477 1948 533 λου-

2066 496 2309 537 numero
2329 484 2587 537 trecenta
2625 482 2925 553 sexaginta
2945 480 3293 553 quinque.ln
3319 480 3495 553 priori
3510 486 3707 538 autem

300 574 470 641 τῆρος
519 566 743 635 ἐποίησε
789 565 1045 628 πυλῶνας
1094 566 1533 641 ἠλέκτρους,καὶ
1586 566 1660 629 εἰς
1709 567 1799 621 τὸν
1832 568 1957 642 νάρ-

302 659 445 727 θηκα
475 655 828 733 ἠλεκτρίνους
879 655 1055 717 πύλας
1106 655 1434 731 ἐμμέτρους.
1469 658 1555 711 Ἐν
1612 653 1669 710 Si
1718 660 1799 727 τῷ
1847 653 1961 709 δευ-

297 746 444 819 τέρῳ
491 746 722 819 νάρθηκι
775 744 1025 815 ἐποίησεν
1076 744 1455 819 ἐλεφαντίνους
1500 743 1676 807 πύλας
1713 744 1802 799 καὶ
1860 766 1958 799 πυ-

302 834 484 895 λῶνας
530 839 674 909 τρεῖς
706 853 718 866 ·
773 831 868 889 δύο
917 833 1247 908 ἐμμέτρους,
1288 836 1375 889 καὶ
1429 837 1590 909 μέσον
1644 838 1751 888 τῶν
1810 831 1958 888 δυοῖν

304 924 591 997 μεγίστην,
649 923 907 998 ἀργυρᾷν,
968 919 1384 1001 χρυσέμϐαφον,
1459 925 1547 978 καὶ
1617 924 1713 985 τὰς
1790 923 1964 985 πάσας

298 1012 478 1073 πύλας
509 1011 919 1087 κατεχρύσωσεν
957 1032 969 1045 ·
1006 1007 1203 1076 ἔσωθεν
1239 1010 1295 1067 δὶ
1322 1016 1429 1067 τῶν
1489 1018 1657 1087 τριῶν
1690 1009 1960 1066 πυλώνων

298 1100 419 1155 ἀντὶ
453 1099 627 1171 ξύλων
679 1105 902 1169 καινῶν,
937 1095 1127 1156 ἔϐαλεν
1174 1099 1235 1155 ἐκ
1281 1106 1389 1155 τῶν
1438 1107 1538 1170 τῆς
1592 1095 1831 1155 κιϐωτοῦ
1875 1098 1960 1169 ξύ-

297 1188 799 1263 λωνήΒουλὸμενος
831 1188 887 1244 δὲ
915 1190 1003 1244 καὶ
1035 1190 1126 1245 τὸν
1159 1192 1330 1245 πάτον
1364 1189 1678 1265 ὁλόχρυσον
1712 1196 1960 1259 ποιῆσαι,

296 1278 579 1333 κωλύουσι
638 1279 828 1333 τοῦτόν
896 1300 1039 1340 τινες
1114 1280 1491 1353 μαθηματικοὶ
1551 1278 1829 1354 λέγοντες,
1881 1277 1965 1332 ὅτι

296 1369 417 1424 Ἐπ’
470 1367 715 1441 ἐσχάτων
766 1371 987 1443 ἡμερῶν
1041 1366 1352 1424 ἐλεύσονται
1410 1366 1655 1439 βασιλεῖς
1715 1369 1961 1437 πένητες,

294 1457 383 1511 καὶ
426 1454 702 1533 ἐδαφιοῦσι
751 1457 843 1511 τὸν
895 1456 1017 1512 ναόν
1055 1479 1066 1491 ·
1115 1459 1202 1513 καὶ
1259 1458 1319 1512 ἐκ
1367 1465 1471 1527 τῆς
1522 1457 1729 1531 βουλῆς
1783 1456 1960 1510 αὐτῶν

296 1545 444 1601 εἴασε
471 1551 656 1603 τοῦτο.
690 1548 815 1601 Καθ’
847 1548 1074 1616 ἑκάστην
1115 1544 1171 1601 δὲ
1216 1548 1426 1621 ἡμέραν
1482 1543 1675 1603 ἔϐαλεν
1727 1547 1754 1599 ὁ
1808 1548 1958 1617 βασι-

297 1634 426 1697 λεὺς
482 1635 559 1699 εἷς
609 1636 701 1690 τὸν
755 1640 889 1711 χοῦν
946 1634 1254 1711 μιλιαρίσια
1300 1634 1560 1712 χιλιάδας
1617 1636 1684 1711 β’,
1734 1636 1825 1689 καὶ
1873 1634 1961 1689 ὅτε

295 1723 577 1799 ἐπλήρουν
604 1725 668 1779 τὸ
714 1718 868 1800 ἔργον
902 1726 954 1779 οἱ
997 1724 1265 1800 τεχνίται,
1298 1730 1367 1799 τῇ
1418 1726 1617 1799 ἑσπέρᾳ
1667 1722 1957 1779 ἐσκύλευον

288 1814 383 1867 τὸν
438 1818 597 1887 χοῦν,
630 1813 719 1867 καὶ
765 1814 1011 1889 εὕρισκον
1060 1816 1128 1869 τὰ
1178 1814 1506 1889 μιλιαρίσια.
1556 1817 1731 1871 Τοῦτο
1780 1810 1837 1868 δὶ
1880 1813 1956 1875 είς

291 1902 469 1976 χαρὰν
502 1907 601 1956 τοῦ
632 1901 769 1957 λαοῦ
802 1901 1052 1973 ἐποίησιν
1073 1905 1100 1958 ὁ
1132 1902 1386 1980 βασιλεὺς
1408 1903 1499 1958 καὶ
1523 1903 1597 1965 εἷς
1621 1904 1955 1978 προθυμίαν,

300 1991 401 2045 Καὶ
461 1994 495 2061 ἡ
548 1993 641 2065 μὶν
692 1991 827 2063 ὕλη,
877 1995 1055 2055 καθὼς
1122 1999 1414 2067 προεῖπον,
1460 1994 1819 2068 ἀποσυνήχθη
1880 1991 1957 2052 είς

297 2081 539 2154 χρόνους
589 2081 721 2135 ἑπτά
770 2081 966 2154 ἥμισυ,
1007 2082 1096 2136 καὶ
1148 2082 1401 2152 ἀπετέθη.
1435 2083 1497 2138 Ὀ
1538 2078 1595 2135 δί
1644 2082 1768 2143 ναὸς
1810 2079 1955 2135 έκτί-

300 2170 403 2238 σθη
435 2170 525 2223 καὶ
559 2167 851 2239 ἐτελειώθη
913 2170 1059 2245 παρὰ
1114 2175 1222 2225 τῶν
1271 2171 1684 2245 προειρημένων
1744 2166 1950 2243 ἀνδρῶν

297 2254 427 2311 δέκα
460 2254 754 2332 χιλιάδων,
793 2260 908 2331 μετ’
947 2257 1261 2331 ἐπιμελείας
1311 2258 1401 2314 καὶ
1450 2256 1668 2329 πολλῆς
1714 2256 1956 2326 σπουδῆς

303 2345 381 2409 εἷς
412 2347 654 2421 χρόνους
686 2347 830 2402 όκτὼ
861 2349 949 2403 καὶ
986 2351 1158 2422 μῆνας
1207 2349 1489 2425 τέσσαρας,
1523 2350 1596 2409 ὡς
1644 2349 1773 2402 εἶναι
1822 2346 1949 2409 τοὺς

292 2436 500 2498 πάντας
532 2435 767 2512 χρόνους
803 2444 891 2501 ις’.

2070 570 2397 642 baptisterii
2450 572 2692 627 introitu
2743 570 3051 626 electrinas
3071 575 3268 641 portas
3292 571 3611 626 adornavit.
3646 574 3708 628 In

2071 658 2346 715 narthece
2375 660 2513 715 item
2539 659 2850 716 electrinas
2899 664 3097 732 portas
3150 659 3460 715 mediocris
3484 661 3712 732 magni-

2070 749 2313 804 tudinis.
2348 752 2411 804 In
2443 750 2703 805 secundo
2727 754 2921 805 autem
2950 748 3227 804 nartboce
3265 748 3556 805 eburneas
3587 766 3718 822 por-

2070 842 2163 892 tas
2193 842 2249 892 et
2278 842 2395 893 tres
2432 838 2619 899 fores;
2648 854 2898 908 quarum
2942 838 3072 892 duae
3121 837 3359 908 quidem
3412 836 3722 893 mediocris

2073 926 2519 998 magnitudinis,
2562 928 2757 982 media
2788 943 2924 982 vero
2955 925 3127 997 longe
3156 926 3413 980 maxima
3444 930 3722 997 argentea

2072 1032 2216 1071 auro
2246 1016 2501 1071 obducta
2524 1032 2537 1070 :
2562 1032 2885 1088 omnesque
2908 1016 3043 1070 item
3080 1020 3277 1087 portas
3297 1032 3440 1069 auro
3463 1016 3714 1085 operuit.

2071 1104 2271 1160 Trium
2304 1104 2513 1159 barum
2566 1105 2783 1159 forium
2838 1104 3140 1173 interiora,
3188 1102 3494 1174 prolignis
3526 1103 3713 1171 novis,

2071 1194 2249 1267 lignis
2270 1208 2338 1249 ex
2356 1210 2489 1249 arca
2506 1194 3066 1249 communivit.Cum
3086 1198 3284 1247 autem
3313 1191 3712 1263 pavimentum

2072 1300 2214 1339 auro
2247 1284 2433 1339 solido
2456 1288 2717 1338 sternere
2746 1281 2938 1350 vellet,
2962 1281 3257 1337 cohibitus
3288 1284 3378 1335 est
3407 1297 3436 1335 ο
3477 1280 3717 1351 quibus-

2071 1372 2205 1426 dam
2242 1371 2669 1427 mathematicis
2699 1371 3031 1425 dicentibus
3059 1387 3073 1426 :
3098 1368 3332 1425 Futuris
3348 1368 3715 1439 temporibus

2071 1461 2297 1515 venturi
2325 1466 2460 1515 sunt
2481 1464 2814 1531 operatores
2855 1459 3082 1531 inopes,
3126 1458 3227 1530 qui
3265 1458 3549 1528 templum
3590 1458 3714 1513 solo

2070 1551 2383 1620 aequabunt
2408 1567 2420 1603 :
2444 1551 2514 1604 de
2539 1549 2891 1620 illorumque
2914 1546 3557 1618 sententiaaproposito
3581 1546 3713 1601 abs-

2069 1639 2262 1693 tinuit.
2286 1638 2548 1710 Singulis
2579 1655 2747 1709 porro
2780 1638 2989 1692 diebus
3020 1638 3343 1708 imperator
3371 1636 3489 1689 duo
3522 1633 3709 1689 millia

2069 1727 2512 1783 miliarisiorum
2547 1728 2604 1781 in
2648 1726 2943 1799 pulverem
3001 1725 3383 1797 projiciebat;
3445 1723 3707 1795 expleto-

2068 1834 2182 1889 que
2212 1832 2405 1889 opere,
2431 1817 2683 1872 artifices
2713 1832 2949 1887 vespere
2986 1814 3281 1887 pulverem
3315 1818 3709 1884 exportantes,

2068 1906 2299 1977 sibique
2330 1906 2622 1977 rapientes
2652 1903 2957 1960 miliarisia
2984 1904 3371 1975 reperiebant.
3394 1903 3557 1967 Quod
3581 1903 3709 1957 ideo

2066 1996 2277 2065 agebat
2306 1994 2621 2067 imperator
2638 2000 2701 2049 ut
2720 2010 2927 2065 operas
2948 1992 3111 2048 laetas
3142 1992 3480 2063 alacresque
3514 1991 3711 2046 redde-

2066 2089 2170 2139 ret.
2207 2085 2270 2139 Et
2303 2085 2386 2139 sic
2427 2084 2685 2156 quidem,
2721 2090 2783 2137 ut
2816 2084 3036 2138 dictum
3071 2088 3180 2148 est,
3214 2080 3457 2136 materia
3489 2085 3712 2153 septem

2064 2173 2235 2229 annis
2264 2190 2398 2228 cum
2431 2172 2678 2227 dimidio
2708 2171 2949 2227 collecta
2980 2172 3109 2226 fuit.
3136 2171 3440 2242 Templum
3476 2185 3609 2225 vero
3641 2170 3713 2224 ab

2064 2261 2181 2317 illis
2211 2264 2409 2317 decem
2469 2260 2729 2316 millibus
2764 2276 2975 2332 magna
3020 2277 3161 2315 cura
3210 2266 3267 2315 et
3317 2258 3713 2315 sollicitudine

2062 2350 2222 2421 operi
2256 2349 2737 2406 incumbentibus
2784 2350 2939 2404 intra
2982 2365 3270 2404 annorum
3319 2353 3448 2403 octo
3478 2354 3535 2402 et
3561 2364 3705 2416 qua-

2061 2446 2196 2494 tuor
2225 2438 2513 2493 mensium
2544 2439 2826 2510 spatium,
2883 2442 3245 2492 exstructum
3286 2442 3345 2490 et
3383 2435 3702 2507 perfectum

2060 2533 2169 2584 est.
2204 2528 2291 2583 Ita
2320 2532 2384 2582 ut
2413 2527 2473 2582 in
2503 2531 2692 2583 totum
2728 2543 2877 2598 opus
2908 2526 3048 2581 anni
3078 2525 3367 2581 sexdecim
3400 2524 3703 2594 impende-

2064 2622 2290 2673 rentur.

291 2741 460 2797 Ambo
489 2738 731 2796 lrullum
763 2757 993 2797 auream
1024 2742 1307 2814 lapidibus
1335 2745 1598 2814 pretiosis
1634 2743 2141 2869 oraclzlanlil
2163 2744 2358 2870 “Crux
2386 2759 2453 2799 ac
2482 2744 2696 2814 reliqua
2730 2741 2977 2797 umbonis
2998 2747 3323 2796 ornamenta
3345 2754 3517 2794 aurea
3547 2743 3710 2794 erant

1772 2830 1865 2870 am
1917 2831 1963 2868 is
2029 2832 2075 2869 is
2100 2832 2157 2869 in
2217 2833 2268 2869 a.

1772 2830 1963 2885 apuus
1990 2830 2268 2870 distincta.

368 2919 468 2972 Τὸν
525 2915 581 2972 Si
627 2912 853 2990 ἅμόωνα
919 2916 1145 2989 ἐποίησε
1192 2917 1283 2973 σὺν
1330 2921 1399 2991 τῇ
1453 2917 1651 2989 σωλέᾳ.
1704 2920 1842 2992 Εἶχε
1900 2916 1956 2973 δὶ

294 3004 533 3075 τροῦλον
590 3012 853 3082 χρυσοῦν,
910 3008 1043 3081 μετὰ
1098 3006 1266 3072 λίθων
1336 3008 1425 3061 καὶ
1487 3007 1951 3083 μαργαριταρίων.

296 3097 355 3148 Ὀ
388 3093 445 3150 δὲ
475 3096 703 3172 σταυρὸς
752 3100 849 3152 τοῦ
897 3091 1153 3169 ἅμϐωνος
1199 3097 1317 3171 εἶχε
1357 3101 1599 3169 σταθμοῦ
1650 3094 1838 3171 λίτρας
1884 3098 1948 3170 ρ’⁸

294 3188 420 3260 εἶχε
476 3183 531 3240 δὶ
588 3187 724 3240 κατὰ
781 3186 960 3240 σειστᾶ
1016 3185 1279 3261 λυχνίτας
1339 3185 1431 3240 σῦν
1504 3186 1953 3261 μαργαριταρίοις

297 3272 602 3346 ἆπηδότοις
636 3294 650 3307 ⁶
681 3274 966 3352 ὁλόχρυσα
1004 3273 1061 3331 δὲ
1085 3276 1332 3346 πετάσια,
1368 3276 1484 3330 ἀντὶ
1516 3278 1754 3347 στήθεων
1802 3278 1948 3350 εἶχεν

294 3362 479 3419 ἐπάνω
513 3366 541 3419 ὁ
572 3359 762 3438 ἄμόων
775 3407 787 3420 .

2133 2923 2455 2978 Ambonem
2504 2938 2638 2977 cum
2684 2920 2843 2977 solea
2890 2920 3219 2976 construxit
3262 2938 3274 2976 :
3310 2919 3516 2975 habuit
3564 2918 3705 2973 item

2061 3012 2235 3066 ambo
2265 3010 2511 3066 trullum
2543 3027 2777 3065 auream
2818 3026 2953 3066 cum
2986 3009 3285 3081 lapidibus
3327 3013 3385 3063 et
3420 3008 3705 3078 margari-

2060 3101 2160 3155 tis.
2191 3100 2475 3155 Ambonis
2522 3117 2664 3154 crux
2706 3103 2829 3154 erat
2878 3100 3072 3171 pondo
3117 3102 3350 3152 centum
3392 3097 3700 3166 librarum,

2062 3194 2268 3244 ornata
2297 3189 2673 3244 carbunculis
2710 3193 2767 3243 et
2797 3188 3079 3243 teretibus
3113 3186 3466 3258 margaritis.
3508 3185 3702 3240 Galeri

2060 3294 2129 3333 ex
2159 3295 2301 3333 auro
2342 3276 2535 3348 solidi,
2587 3276 3033 3334 columellarum
3068 3275 3193 3331 loco
3225 3274 3496 3330 ambonis
3528 3290 3700 3345 supe-

1976 3351 2019 3417 C
2059 3368 2212 3423 riora
2241 3367 2629 3439 occupabant.

281 3492 354 3546 0s
382 3494 539 3563 pulei
565 3508 634 3548 ex
664 3493 921 3548 Samaria
952 3492 1293 3560 advehitur;
1335 3493 1497 3550 Tuba
1553 3508 1677 3548 vero
1726 3507 1897 3550 aenea
1921 3493 2324 3618 (Hierichunle.
2374 3493 2525 3548 Crux
2554 3494 2613 3547 in
2650 3491 3094 3563 scevophylacio.
3129 3490 3397 3562 Reliquiw
3422 3491 3704 3560 imposita

1856 3581 1915 3618 eo
1944 3582 2145 3618 amnis.

1856 3581 2145 3620 calumnis.

360 3670 439 3726 T6
488 3667 545 3723 δὶ
594 3668 876 3743 στομίδιον
926 3675 1023 3725 τοῦ
1055 3670 1283 3748 φρέατος
1316 3668 1466 3746 ἤχθη
1500 3671 1605 3726 ἀπὸ
1641 3670 1946 3747 Σαμαρίας.

282 3759 499 3813 Τούτου
538 3757 699 3833 χάριν
754 3756 961 3829 ἐκλήθη
995 3761 1179 3835 ’Ἃγιον
1229 3761 1433 3833 Φρέαρ,
1486 3758 1624 3815 διότι
1692 3760 1743 3815 ἐν
1803 3760 1949 3832 αύτῷ

282 3848 575 3920 ὡμίλησεν
632 3850 660 3901 ὁ
705 3849 943 3923 Χριστὸς
987 3852 1056 3920 τῇ
1106 3847 1481 3924 Σαμαρείτιδι.
1515 3852 1582 3907 Αἱ
1616 3848 1671 3905 δὶ
1694 3850 1945 3922 τέσσαρες

290 3935 591 4012 σάλπιγγες
642 3938 696 3991 αἱ
740 3937 949 4011 χαλκαῖ
998 3936 1060 3999 ἃς
1108 3932 1325 4007 ἔστησεν
1378 3938 1430 3992 ἐν
1484 3944 1563 4011 τῷ
1618 3939 1817 4012 Φρέατι
1865 3943 1946 4011 τῷ

286 4026 466 4101 Ἀγίῳ
533 4026 639 4080 ἀπὸ
715 4027 937 4101 Ἱεριχὼ
1016 4026 1339 4100 ἐκομίσαντο
1417 4026 1604 4093 αύτὰς,
1664 4027 1723 4089 ἃς
1790 4029 1940 4103 εἶχον

275 4116 406 4169 τότε
436 4116 487 4168 οἱ
519 4113 743 4189 ἄγγελοι
778 4114 853 4176 εἷς
890 4114 1148 4187 μίμησιν,
1180 4114 1268 4170 ὅτε
1316 4113 1511 4171 ἔπεσον
1558 4117 1624 4170 τά
1652 4116 1809 4191 τείχη
1842 4118 1941 4172 Ἰε-

282 4204 455 4278 ριχώ.
489 4204 550 4259 Ὀ
584 4201 640 4257 δὲ
668 4203 852 4275 τίμιος
904 4205 1141 4279 Σταυρὸς
1186 4206 1213 4258 6
1260 4204 1549 4277 ἱστάμενος
1600 4206 1839 4278 σήμερον
1891 4204 1941 4258 έν

278 4297 363 4364 τῷ
421 4290 862 4370 σκευοφυλακίῳ,
892 4294 953 4347 τὸ
1014 4294 1207 4369 μέτρον
1268 4292 1356 4348 ἐπὶ
1410 4301 1507 4363 τῆς
1564 4292 1787 4362 ἡλικίας
1842 4298 1939 4348 τοῦ

283 4381 489 4455 Κυρίου
538 4384 695 4453 ἡμῶν
744 4379 927 4450 Ἰησοῦ
974 4386 1241 4455 Χριστοῦ,
1274 4382 1333 4444 ὃς
1386 4378 1625 4459 ἀκριϐῶς
1658 4380 1931 4458 ἐμετρήθη

278 4471 431 4544 παρὰ
485 4474 692 4525 πιστῶν
739 4469 829 4523 καὶ
860 4468 1163 4544 ἀξιολόγων
1197 4467 1405 4545 ἀνδρῶν
1453 4469 1504 4525 ἐν
1548 4468 1934 4545 Ἰερουσαλήμ.

278 4559 381 4613 Διὰ
410 4563 569 4613 τοῦτο
601 4555 835 4613 ἐνέδυσεν
857 4558 1020 4613 αύτὸν
1046 4558 1303 4633 ἀργύριον
1328 4561 1417 4614 καὶ
1442 4558 1654 4627 λίθους,
1672 4562 1763 4614 καὶ
1787 4582 1938 4615 κατε-

280 4648 566 4722 χρύσωσεν
600 4647 758 4702 αὐτόν
797 4666 808 4679 ·
841 4648 931 4701 καὶ
967 4648 1135 4722 μέχρι
1166 4650 1262 4716 τῆς
1296 4651 1533 4721 σήμερον
1569 4648 1735 4711 ἰάσεις
1767 4656 1933 4717 ποιεῖ,

2129 3675 2291 3730 Putei
2337 3692 2402 3730 os
2449 3690 2517 3729 ex
2563 3673 2828 3729 Samaria
2859 3673 3191 3739 advectum;
3250 3672 3496 3741 ideoque
3536 3687 3704 3725 sacer

2059 3768 2271 3835 puteus
2302 3768 2543 3819 vocatus
2559 3768 2668 3829 est,
2692 3762 3015 3833 quiajuxta
3036 3761 3198 3816 illum
3222 3760 3699 3816 ChristusSama-

2058 3854 2307 3908 ritanam
2330 3852 2624 3907 allocutus
2661 3857 2768 3907 est.
2798 3851 2971 3906 Tuba:
3009 3856 3203 3905 autem
3227 3868 3396 3904 (εοεαε
3420 3854 3697 3921 quatuor,

2058 3958 2203 4013 quas
2226 3942 2283 3996 in
2326 3958 2491 3996 sacro
2529 3946 2703 4012 puteo
2730 3939 3056 4007 collocavit,
3091 3939 3465 3994 Hierichunte
3488 3937 3701 3993 deferri

2056 4031 2296 4099 curavit,
2351 4048 2499 4101 quas
2530 4035 2671 4084 tunc
2711 4030 2900 4099 angeli
2940 4029 3236 4095 tenebant,
3280 4033 3345 4084 ut
3373 4028 3525 4098 quod
3562 4026 3698 4082 olim

2054 4121 2271 4174 factum
2305 4126 2459 4174 esset
2500 4136 2635 4173 cum
2679 4118 3092 4173 Hierechuntis
3140 4118 3293 4171 muri
3339 4116 3698 4172 corruissent

2050 4208 2449 4263 imitarentur.
2485 4208 2830 4261 Veneranda
2862 4210 3056 4259 autem
3092 4205 3191 4259 illa
3222 4222 3384 4274 crux,
3418 4221 3544 4275 quas
3578 4206 3695 4258 stat

2050 4296 2300 4351 hodiein
2342 4294 2807 4367 scevophylacio,
2842 4299 2933 4349 est
2959 4310 3237 4349 mensura
3278 4297 3515 4348 statura:
3546 4292 3687 4347 Jesu

2048 4384 2261 4440 Christi
2296 4383 2524 4439 Domini
2557 4383 2763 4450 nostri,
2796 4399 2973 4451 quam
3008 4382 3112 4435 viri
3146 4381 3347 4436 fideles
3387 4385 3445 4437 et
3490 4378 3685 4451 magni

2048 4473 2328 4529 momenti
2360 4474 2432 4528 ad
2465 4473 2659 4543 ipsum
2690 4472 2985 4528 Christum
3011 4471 3067 4525 in
3091 4469 3416 4526 Jerusalem
3449 4486 3688 4525 accura-

2046 4562 2274 4617 tissime
2310 4566 2447 4617 sunt
2484 4560 2759 4615 dimensi.
2809 4564 3005 4630 anue
3036 4560 3105 4614 de
3137 4576 3317 4615 causa
3346 4564 3589 4630 argento
3620 4556 3689 4613 il-

2045 4650 2162 4706 lam
2178 4658 2233 4705 et
2247 4648 2464 4721 lapillis
2486 4649 2999 4704 circumdederunt
3016 4664 3277 4719 auroque
3298 4648 3689 4703 obduxerunt:

276 4738 369 4792 καὶ
421 4739 705 4808 νοσήματα
761 4733 969 4806 διώκει,
1024 4738 1113 4791 καὶ
1183 4734 1444 4809 δαίμονος
1490 4735 1802 4795 ἀπελαύνει.
1849 4740 1934 4795 Ἐν

2063 4745 2103 4795 ιι
2134 4741 2203 4794 ad
2237 4739 2386 4793 hanc
2420 4755 2605 4810 usque
2627 4738 2781 4792 diem
2810 4736 3044 4791 morbos
3085 4742 3272 4805 curat,
3313 4736 3691 4809 egritudines

278 4826 491 4897 ἑκάστῳ
538 4826 681 4880 κίονι
731 4830 837 4881 τῶν
885 4824 996 4881 ἅνω
1055 4826 1143 4880 καὶ
1188 4830 1296 4880 τῶν
1323 4827 1471 4881 κάτω
1502 4827 1650 4902 ἅγιον
1685 4826 1937 4902 λείψανον

275 4910 397 4989 ἔχει
426 4914 804 4989 ἐνθρονιασμέν
815 4935 894 4970 ον.

277 5132 417 5186 Vasa
446 5144 510 5183 ac
537 5127 654 5182 alia
678 5133 1009 5200 ornamenta
1038 5126 1115 5181 ad
1146 5127 1519 5200 quadraginta
1548 5129 1653 5184 duo
1675 5130 1859 5185 millia
1879 5129 2053 5200 conﬁc

2052 4833 2282 4884 amovet
2303 4832 2359 4882 et
2389 4825 2676 4881 diemonia
2710 4825 2891 4897 pellit.
2916 4826 3181 4897 Singulis
3206 4825 3500 4881 columnis
3524 4842 3692 4895 supe-

2046 4918 2267 4972 riorum
2303 4921 2358 4970 et
2402 4914 2743 4970 inferiorum
2773 4914 2988 4969 aedium
3022 4918 3237 4970 sanctas
3282 4913 3546 4984 reliquiae
3583 4913 3685 4967 ἰω-

2044 5008 2245 5078 ροεὶιω
2270 5011 2600 5061 servantur.

2056 5131 2267 5185 iunlur.
2294 5129 2420 5183 Alia
2448 5135 2578 5182 sunt
2609 5141 2780 5180 aurea
2812 5130 3047 5192 tantum,
3080 5125 3205 5181 alia
3226 5126 3435 5195 lapillis
3465 5128 3680 5178 ornata.

668 5197 1077 5253 Possesionibus
1104 5216 1168 5253 ac
1197 5199 1339 5255 aliis
1367 5197 1643 5256 reditibus
1664 5201 1923 5257 ecclesias
1952 5197 2115 5257 ditat.
2146 5200 2496 5257 Sacerdolum
2517 5214 2581 5253 ac
2605 5199 2972 5253 cantatricum
3008 5213 3290 5252 numerus.

342 5312 602 5382 Ἐποίησε
634 5309 691 5365 δὶ
721 5310 809 5365 καὶ
867 5312 1029 5382 σκεύη
1072 5312 1354 5390 ὁλόχρυσα
1400 5320 1507 5370 τῶν
1563 5312 1771 5371 δώδεκα
1815 5317 1933 5389 έορ-

262 5408 374 5457 τῶν
427 5400 574 5455 ἄλλα
626 5399 717 5454 καὶ
768 5398 933 5469 ἄλλα,
969 5401 1075 5455 ἀπό
1132 5423 1189 5456 τε
1246 5402 1593 5479 Εύαγγελίων
1626 5405 1810 5479 ἱερῶν,
1842 5404 1930 5459 καὶ

272 5485 723 5566 χερνιῦοξέστων,
788 5487 1107 5562 ὁρκιολίων,
1167 5488 1626 5568 δισκοποτηρίων,
1678 5490 1874 5547 δίσκων
1911 5512 1923 5524 '

271 5579 503 5649 ἐποίησε
534 5576 592 5633 δέ
619 5579 687 5633 τὰ
715 5579 888 5632 πάντα
920 5576 1204 5654 ὁλόχρυσα
1254 5578 1341 5636 διὰ
1389 5580 1558 5637 λίθων
1600 5582 1733 5654 μετᾶ
1784 5603 1927 5658 μαρ-

275 5668 612 5747 γαριταρίων
648 5688 661 5702 ο
723 5668 954 5742 ἀριθμὸν
1010 5674 1213 5725 σκευῶν
1277 5669 1536 5746 χιλιάδας
1594 5667 1683 5745 με’
1719 5690 1733 5705 ⁶
1769 5669 1923 5727 ἐνδυ-

2112 5316 2291 5371 Multa
2322 5320 2518 5370 autem
2568 5318 2626 5369 et
2683 5314 2860 5379 varia,
2904 5329 3030 5383 qua)
3074 5311 3143 5366 ad
3196 5309 3504 5365 duodecim
3539 5311 3684 5366 sole-

2044 5407 2269 5461 mnium
2318 5405 2545 5460 dierum
2590 5403 2871 5459 festorum
2919 5399 3143 5455 cultum
3192 5398 3573 5470 pertinerent,
3615 5417 3681 5455 ex

2041 5512 2184 5552 auro
2232 5499 2353 5550 tota
2396 5493 2664 5549 facienda
2698 5488 2942 5551 curavit,
2995 5488 3264 5544 videlicet
3293 5506 3460 5545 sacra
3492 5491 3677 5544 Evan-

2038 5585 2213 5658 gelia,
2246 5581 2546 5652 maltuvia,
2581 5579 2866 5646 urceolos,
2890 5576 3123 5645 calices,
3151 5584 3413 5649 patenas,
3437 5580 3631 5635 discos
3657 5597 3671 5635 :

2033 5676 2234 5730 omnia
2262 5689 2330 5729 ex
2354 5686 2497 5727 auro
2526 5668 2678 5724 facta
2706 5670 2763 5721 et
2793 5664 3128 5738 margaritis
3174 5666 3537 5739 gemmisque
3586 5683 3673 5724 or-
