4084 6218
369 356 524 416 1309

1496 354 1862 416 ANONYMI
1909 353 2488 425 ANTIOUITATES
2531 353 2649 416 ΟΡ.

3618 352 3774 414 1310

385 479 493 552 ιϐ’,
552 481 642 538 καὶ
699 479 925 542 λέοντας
975 477 1219 544 λἰθίνους
1263 478 1567 557 ἐρεύγεσθαι
1619 483 1682 538 τὸ
1740 480 1886 558 ὕδωρ
1941 482 2015 545 εἷς

2133 488 2314 553 retur,
2339 485 2470 541 istic
2496 484 2807 540 stationem
2833 481 3092 536 haberet.
3138 481 3302 536 Circa
3329 497 3463 537 vero
3511 481 3772 538 Phialam

363 572 617 646 ἀπόνιψιν
661 575 758 625 τοῦ
798 569 954 627 λαοῦ.
991 571 1079 626 Ἑν
1113 566 1170 624 δὲ
1199 573 1267 643 τῇ
1301 567 1445 641 δεξιᾷ
1468 570 1679 645 πλευρᾷ
1709 576 1804 626 τοῦ
1838 570 2012 642 δεξιοῦ

361 663 672 738 γυναικίτω
732 659 956 730 ἐποίησε
1023 658 1292 723 θάλασσαν
1347 661 1514 736 μέχρι
1565 663 1866 734 σπιθαμῆς,
1922 659 2015 716 ’ἱνα

364 752 658 826 ἇνὲρχηται
715 749 777 804 τὸ
828 746 998 824 ὕδωρ,
1031 747 1120 803 καὶ
1167 747 1411 821 κλίμακα
1474 750 1599 822 μίαν
1636 751 1885 825 ὑπεράνω
1914 758 2014 820 τῆς

365 840 666 909 Θαλάσσης,
692 837 782 893 ’ἶνα
814 835 1141 913 διὲρχωνται
1174 838 1226 892 οἱ
1259 839 1448 910 ἱερεῖς·
1478 834 1669 911 ἔστησε
1703 837 1758 894 δὲ
1790 837 2013 912 δεξαμε-

362 929 457 990 νάς
512 923 885 1003 ὀμϐριμαίους
934 925 1214 999 ναμάτων,
1274 927 1363 980 καὶ
1408 925 1613 1001 ἔγλυψε
1658 927 1878 990 λέοντας
1910 926 2016 982 δώ-

363 1015 512 1087 δεκα,
545 1017 636 1072 καὶ
666 1013 964 1092 παρδάλεις
1015 1013 1248 1083 δώδεκα,
1305 1013 1504 1091 δόρκας
1537 1014 1768 1085 δώδεκα,
1818 1016 1910 1072 ἵνα
1958 1016 2017 1072 ix

359 1111 469 1160 τῶν
520 1104 806 1184 φαρύγγων
859 1103 1033 1159 αὐτῶν
1083 1103 1327 1178 ἐμεῖσθαι
1375 1105 1439 1160 τὸ
1489 1103 1634 1182 ὕδωρ
1685 1103 1776 1160 διὰ
1826 1126 2016 1182 μηχα-

361 1202 484 1265 νῆς,
544 1194 622 1258 sic
680 1194 742 1248 τὸ
797 1193 924 1258 τοὺς
979 1196 1142 1269 ἱερεῖς
1193 1194 1469 1259 νίπτεσθαι
1535 1196 1722 1268 μόνον.
1761 1195 2018 1253 Ἐκάλεσε

363 1282 423 1340 δὲ
477 1285 569 1339 τὸν
622 1283 788 1339 τόπον
843 1284 1190 1358 Λεοντάριον·
1253 1283 1340 1339 καὶ
1406 1285 1816 1360 Μητατώριον,
1883 1285 2015 1360 ὅπερ

363 1372 536 1428 ἐκεῖσε
589 1373 841 1448 ἀνήγειρε
890 1377 1125 1427 κοιτῶνα
1174 1373 1372 1448 ὡραῖοιν
1427 1370 1748 1448 διάχρυσον,
1794 1371 1886 1428 ’ίνα
1915 1395 2016 1428 πο-

362 1462 663 1535 ρευομένου
697 1460 860 1516 αὐτοῦ
889 1461 996 1517 ἀπὸ
1020 1466 1116 1516 τοῦ
1146 1467 1299 1532 ναοῦ,
1331 1463 1501 1516 ἐκεῖσε
1530 1461 1788 1538 καθεύδῃ.
1819 1465 1926 1532 Τὴν
1961 1461 2019 1518 δὲ

362 1551 678 1626 ὡραιότητα
706 1552 794 1605 καί
829 1547 1140 1624 ὑπερϐολὴν
1185 1556 1282 1606 τοῦ
1307 1550 1553 1615 κάλλους
1586 1557 1682 1607 τοῦ
1731 1572 2014 1628 κεχρυσω-

365 1642 530 1713 μὲνου
560 1639 650 1695 καὶ
683 1639 1128 1716 διηργυρωμένου
1159 1645 1312 1710 ναοῦ,
1338 1642 1443 1696 ἀπὸ
1476 1641 1708 1720 ὀρόφους
1736 1640 1841 1706 ἕως
1891 1639 2010 1697 ἐδά-

363 1751 523 1808 φους,
554 1729 637 1792 τίς
669 1727 982 1805 διηγήσεται
1013 1752 1026 1800 ς

2125 574 2262 629 fecit
2313 573 2620 630 duodecim
2678 572 2940 644 porticus
3002 587 3135 625 cum
3196 569 3408 640 puteis,
3458 570 3770 643 leonesque

2124 664 2388 735 lapideos
2411 679 2770 734 aquam,quo
2795 677 2857 716 se
2880 660 3133 732 populus
3154 658 3393 727 lavaret,
3414 665 3766 716 eructantes.

2126 753 2189 807 In
2207 753 2440 807 dextero
2463 757 2656 807 autem
2679 751 2860 807 latere
2882 750 3074 806 dextri
3097 749 3388 821 gynaciti,
3423 765 3581 803 mare
3594 749 3772 805 unius

2127 842 2308 897 cubiti
2330 841 2719 910 concinnavit,
2745 846 2986 913 utaqua
3027 841 3389 903 ascenderet,
3431 837 3771 909 scalamque

2126 947 2326 998 unam,
2360 935 2426 985 ut
2457 947 2639 1002 supra
2670 947 2831 986 mare
2853 931 3184 986 sacerdotes
3208 928 3549 984 transirent.
3579 927 3772 982 Posuit

2125 1020 2266 1075 item
2281 1019 2534 1076 conchas
2557 1036 2660 1076 seu
2684 1018 3050 1091 receptacula
3071 1035 3234 1090 aqua:
3285 1018 3513 1089 pluviae,
3547 1017 3771 1071 duode-

2127 1112 2359 1182 cimque
2396 1109 2593 1165 leones
2634 1108 2905 1181 sculpsit,
2940 1110 3153 1180 pardos
3204 1107 3534 1174 duodecim,
3567 1107 3773 1160 damas

2128 1199 2480 1265 duodecim;
2513 1214 2644 1268 quae
2675 1199 2966 1252 machinis
2999 1198 3355 1267 quihusdam
3389 1212 3603 1266 aquam
3636 1211 3774 1250 evo-

2131 1288 2363 1350 mendo.
2385 1287 2525 1343 solis
2548 1285 3202 1356 sacerdotibusﬂavandi
3225 1284 3453 1356 copiam
3477 1284 3732 1339 facerent
3757 1301 3770 1353 ;

2129 1375 2321 1432 locum
2380 1393 2513 1430 vero
2562 1375 2938 1431 Leontarium
3009 1375 3385 1444 nuncupavit.
3446 1373 3772 1445 Appellavit

2128 1481 2298 1536 porro
2334 1465 2701 1520 Metatorium
2744 1462 3084 1519 cubiculum
3111 1463 3254 1519 illud
3281 1463 3631 1535 speciosum,
3665 1478 3770 1516 au-

2129 1570 2311 1624 roque
2341 1557 2615 1608 ornatum
2640 1553 2711 1608 ab
2736 1571 2798 1609 se
2822 1554 3038 1609 ibiclem
3063 1558 3449 1620 exstructum,
3485 1555 3549 1606 ut
3580 1567 3708 1606 cum
3743 1567 3772 1606 ο

2129 1643 2346 1713 templo
2378 1643 2584 1710 exiret,
2609 1642 2812 1713 ibique
2829 1647 3036 1698 sceret.
3078 1641 3303 1713 Templi
3350 1642 3587 1695 demum
3623 1658 3655 1693 a
3689 1645 3770 1693 te-

2128 1737 2219 1788 cto
2253 1732 2324 1788 ad
2351 1732 2749 1803 pavimentum
2781 1750 2922 1787 auro
2974 1737 3330 1803 argentoque
3370 1729 3603 1785 obducti
3637 1744 3773 1798 spe-

2127 1821 2274 1877 ciem
2297 1820 2690 1892 eximiamque
2715 1819 3212 1893 pulchritudinem
3237 1818 3392 1891 quis,
3427 1823 3490 1873 ut
3527 1834 3631 1890 par
3661 1821 3772 1886 est,

2047 1891 2093 1954 Β
2126 1927 2364 1966 narrare
2397 1891 2643 1982 posset?

362 2035 711 2092 Justinianu:
739 2034 832 2090 die
861 2036 1122 2109 uigeszma
1148 2035 1392 2090 secunda
1422 2036 1754 2109 Novembris,
1804 2037 2038 2092 solemni
2060 2053 2262 2109 pompa
2298 2037 2565 2105 templum
2612 2035 2952 2106 Sophianum
3009 2051 3123 2090 una
3162 2051 3288 2090 cum
3328 2033 3647 2109 patriarcha
3680 2035 3771 2088 in-

753 2107 1022 2175 greditur.
1055 2108 1154 2161 Dei
1181 2109 1429 2178 sequenti
1455 2108 1653 2178 templi
1680 2111 2026 2179 apertionem
2060 2107 2216 2181 facit.

434 2205 627 2276 Ὅμως
679 2200 974 2265 τελειώσας
1010 2203 1103 2257 τὸν
1152 2202 1277 2257 ναὸν
1336 2204 1426 2258 καὶ
1479 2204 1546 2257 τά
1573 2203 1692 2278 ἱερᾶ
1728 2203 2010 2276 σκεύηῗκαὶ

357 2291 701 2364 ἀναθήματα,
760 2291 896 2366 αὐτῇ
926 2296 995 2365 τῇ
1045 2287 1148 2360 κδ’,
1178 2296 1276 2346 τοῦ
1333 2287 1644 2365 Νοεμϐρίου
1679 2293 1872 2364 μηνὸς,
1906 2292 2008 2347 εἰσ·

358 2379 527 2450 ἦλθεν
581 2382 689 2436 ἀπὸ
743 2386 842 2436 τοῦ
897 2379 1177 2438 Παλατίου
1217 2381 1353 2454 μετᾶ
1382 2380 1755 2455 προελεύσεως
1781 2383 1875 2436 τὸν
1908 2403 2009 2436 πυ-

360 2468 512 2524 λῶνα
567 2475 664 2525 τοῦ
731 2470 1144 2543 Αὐγουστιῶνος
1199 2475 1298 2524 τοῦ
1366 2470 1754 2546 εἱσερχομὲνου
1808 2470 1885 2532 εἷς
1947 2471 2012 2525 τὸ

356 2558 704 2634 Ὠρολόγιον,
760 2559 1124 2632 καθεζόμενος
1182 2557 1270 2613 ἐπὶ
1331 2560 1572 2633 ἅρματος
1635 2559 1770 2632 μετὰ
1827 2557 1870 2613 δ’
1921 2557 2017 2614 ἳπ-

356 2668 498 2714 πων,
545 2648 637 2702 καὶ
670 2643 822 2712 ἔθυσε
887 2647 1019 2722 βόας
1048 2649 1092 2702 α’
1139 2647 1229 2702 καὶ
1260 2643 1528 2724 πρόϐατα,
1563 2649 1626 2716 ς’,
1671 2647 1907 2726 ἐλάφους
1937 2656 2010 2724 χ’,

358 2735 487 2797 σύας
539 2737 605 2804 α’,
687 2733 906 2811 ὄρνιθας
984 2736 1075 2791 καὶ
1141 2735 1520 2811 άλεκτρυῶνας
1585 2737 1686 2791 ἀνὰ
1756 2736 2015 2812 χιλιάδας

361 2821 512 2882 δέκα.
572 2822 783 2879 Δὲδωκε
841 2821 899 2879 δὲ
953 2824 1043 2879 καὶ
1100 2832 1218 2888 τοῖς
1248 2827 1442 2895 πένησι
1498 2827 1589 2880 καὶ
1622 2823 1901 2899 δεομένοις
1935 2828 2014 2882 σί-

362 2934 460 2967 του
513 2912 677 2986 μόδια
729 2912 994 2988 μυριάδας
1043 2916 1109 2989 γ’,
1169 2918 1238 2989 τῇ
1297 2916 1483 2990 ἡμέρα
1539 2915 1715 2990 ἐκείνῃ
1751 2914 1821 2969 δι’
1854 2916 2011 2991 ὡρῶν

361 3007 528 3076 τριῶν
561 3021 573 3034 ·
629 3003 718 3056 καὶ
778 3001 901 3056 τότε
932 3000 1250 3057 εἷ’σώδευσεν
1301 3003 1329 3057 6
1383 3002 1636 3078 βασιλεὺς
1695 3005 2010 3060 Ἰουστινια-

359 3091 452 3152 νὸς
495 3093 628 3163 μετὰ
656 3095 754 3145 τοῦ
787 3096 1018 3166 σταυροῦ
1063 3092 1155 3146 καὶ
1212 3096 1307 3146 τοῦ
1339 3094 1683 3168 πατριάρχου
1717 3092 2010 3169 Εὐτυχίου.

355 3179 464 3234 Καὶ
514 3176 823 3255 ἀποδράσας
854 3185 974 3241 ταῖς
1009 3180 1165 3254 χερσὶ
1222 3184 1318 3234 τοῦ
1378 3182 1721 3256 πατριάρχου
1755 3181 1860 3237 ἀπὸ
1903 3187 2012 3236 τῶν

362 3265 661 3342 βασιλικῶν
693 3266 909 3337 πυλῶν,
943 3265 1146 3344 ἔδραμε
1197 3265 1362 3341 μόνος
1414 3268 1578 3344 μέχρι
1600 3274 1697 3324 τοῦ
1731 3265 2006 3342 ἅμϐωνος·

359 3357 451 3410 καὶ
520 3356 755 3418 ἐκτείνας
821 3358 915 3419 τὰς
991 3362 1180 3432 χεῖρας
1246 3357 1321 3418 εἰς
1385 3359 1475 3412 τὸν
1550 3358 1800 3433 οὐρανὸν,
1874 3361 2010 3415 εἶπε·

359 3445 494 3516 Δόξα
549 3450 629 3518 τῷ
680 3451 819 3518 Θεῷ,
865 3451 943 3518 τῷ
988 3445 1380 3518 καταξιώσαντί
1443 3468 1508 3519 με
1547 3451 1795 3502 τοιοῦτον
1857 3447 2008 3524 ἔργον

357 3533 682 3589 ἀποτελέσαι
716 3554 729 3567 ·

357 3621 661 3679 εἷσοδεῦσαι
693 3668 706 3693 ,
759 3624 1010 3694 ἐποίησεν
1066 3624 1304 3694 ὑπάτια,
1351 3625 1440 3680 καὶ
1495 3623 1696 3680 δέδωκε
1750 3631 1830 3698 τῷ
1897 3625 2015 3699 λαῷ

358 3716 682 3787 κεντηνάρια
738 3715 860 3788 τρία
929 3711 1019 3768 διὰ
1085 3714 1427 3789 Στρατηγίου
1502 3715 1800 3789 μαγίστρου
1853 3715 2021 3771 ταῦτα

360 3801 626 3876 χνόνοντος
658 3801 732 3863 εἰς
761 3801 824 3856 τό
879 3799 1095 3880 ἔδαφος·
1143 3803 1228 3856 καὶ
1283 3806 1349 3875 τῇ
1383 3801 1642 3877 ἐπαύριον
1676 3802 1901 3874 ἐποίησε
1955 3805 2021 3860 τά

361 3891 570 3961 ἆνοίξια
625 3895 724 3945 τοῦ
772 3896 926 3962 ναοῦ,
974 3896 1211 3946 τοσαῦτα
1276 3891 1365 3945 καὶ
1421 3891 1646 3947 πλεῖονα
1698 3892 2016 3948 ὁλοκαυτώ-

363 4001 508 4053 ματα
555 3979 736 4049 θύσας,
769 3981 856 4035 καὶ
893 3979 1057 4056 μέχρι
1088 3985 1196 4036 τῶν
1244 3979 1409 4056 ἁγίων
1445 3982 1746 4059 Θεοφανίων
1783 3979 1851 4037 δι’
1882 3985 2018 4056 ἡμε-

359 4074 471 4146 ρῶν
495 4067 873 4125 πεντεκαίδεκα
894 4068 1251 4146 κλητορεύων
1280 4072 1486 4133 πάντας
1516 4070 1605 4125 καὶ
1641 4070 1898 4146 ῥογεύων,
1927 4073 2016 4127 καὶ

352 4158 694 4234 εὐχαριστῶν
725 4163 805 4231 τῷ
855 4163 999 4231 Θεῷ.
1053 4161 1156 4216 Καὶ
1207 4158 1381 4224 οὕτως
1409 4159 1691 4214 ἐτελείωσε
1719 4161 1782 4215 τὸ
1835 4161 2018 4238 ἐφετὸν

368 4244 525 4323 ἔργον
559 4246 744 4304 αὐτοῦ.

2255 2109 2401 2176 Quas
2435 2109 2754 2176 largitiones
2777 2109 2977 2178 papula
3012 2111 3140 2161 tunc
3166 2108 3378 2178 fecerit.

2197 2206 2478 2262 Absoluto
2511 2204 2732 2276 templo
2766 2204 3067 2276 sacrisque
3108 2205 3266 2260 vasis
3307 2204 3646 2275 caeterisque
3678 2220 3771 2258 or-

2122 2295 2441 2362 namentis,
2467 2294 2716 2349 solemni
2753 2311 2986 2366 pompa,
3013 2295 3104 2348 die
3127 2294 3468 2349 Novembris
3490 2293 3771 2364 vigesima

2124 2385 2388 2440 secunda
2417 2399 2446 2438 e
2479 2383 2694 2455 palatio
2728 2383 2783 2437 in
2821 2383 3201 2452 Augustionis
3255 2385 3492 2447 atrium,
3552 2399 3665 2454 qua
3697 2383 3768 2436 ad

2122 2472 2490 2543 horologium
2522 2471 2634 2527 iter
2661 2477 2771 2538 est,
2802 2471 2862 2526 in
2906 2472 3223 2544 quadragis
3272 2476 3361 2526 est
3413 2472 3720 2542 ingressus
3755 2488 3767 2526 :

2124 2561 2517 2633 mactavitque
2549 2561 2722 2616 boves
2756 2560 2939 2626 mille,
2973 2561 3166 2616 ovium
3203 2577 3301 2615 sex
3333 2559 3538 2625 millia,
3572 2574 3772 2614 cervos

2124 2656 2452 2717 sexcentos,
2487 2666 2624 2705 sues
2672 2649 2855 2718 mille,
2908 2649 3158 2722 gallinas
3209 2650 3402 2704 decem
3437 2648 3598 2704 mille
3637 2649 3770 2704 toti-

2125 2741 2379 2811 demque
2432 2737 2650 2810 pullos.
2715 2740 3052 2810 Eademque
3113 2738 3204 2793 die
3261 2738 3440 2793 trium
3491 2737 3772 2791 horarum

2124 2831 2314 2901 spatio
2349 2828 2632 2900 elargitus
2654 2835 2742 2883 est
2763 2829 3118 2900 pauperibus
3143 2832 3196 2882 et
3219 2827 3418 2898 egenis
3439 2826 3616 2881 tritici
3652 2842 3776 2879 mo-

2124 2918 2378 2974 diorium
2403 2918 2642 2989 triginta
2700 2915 2909 2971 millia.
2951 2917 3074 2980 Quo
3123 2919 3378 2988 peracto,
3409 2915 3782 2970 Justinianus

2132 3009 2449 3078 imperator
2478 3023 2612 3061 cum
2645 3023 2817 3060 cruce
2866 3022 2931 3060 ac
2982 3005 3264 3078 Eutychio
3299 3004 3628 3076 patriarcha
3677 3020 3775 3056 co-

2126 3097 2264 3151 mite
2316 3095 2606 3166 templum
2655 3096 2958 3166 ingressus
3009 3099 3134 3149 est:
3171 3099 3295 3148 tum
3356 3111 3388 3148 a
3438 3091 3775 3164 patriarcha

2124 3184 2392 3255 dilapsus
2425 3201 2456 3236 a
2491 3183 2660 3253 regiis
2694 3183 2917 3236 foribus
2967 3181 3133 3237 solus
3180 3183 3250 3236 ad
3309 3183 3620 3236 ambonem
3675 3198 3776 3235 us-

2125 3288 2238 3343 que
2269 3271 2547 3336 cucurrit,
2582 3270 2958 3340 extensisque
3001 3271 3060 3324 in
3092 3270 3300 3325 caelum
3332 3269 3604 3324 manibus
3650 3269 3731 3322 ait
3764 3286 3777 3323 :

2124 3362 2321 3416 Gloria
2354 3362 2466 3416 Deo
2497 3360 2595 3432 qui
2622 3377 2714 3414 me
2738 3360 2955 3415 honore
2979 3364 3070 3415 est
3092 3360 3391 3432 dignatus,
3409 3365 3474 3413 ut
3497 3359 3610 3413 tale
3631 3375 3780 3430 opus

2125 3450 2461 3521 perficerem
2498 3468 2510 3506 :
2548 3449 2655 3504 vici
2710 3455 2792 3520 te,
2853 3448 3149 3504 Salomon.
3225 3450 3360 3504 Post
3417 3447 3776 3519 ingressum,

790 3535 1049 3606 νενίκηκα
1107 3557 1194 3604 σε,
1251 3534 1543 3610 Σολομών.
1607 3536 1704 3590 Καὶ
1768 3539 1904 3609 μετά
1952 3539 2013 3593 τὸ

2131 3541 2472 3596 consulares
2497 3541 2843 3613 largitiones
2867 3542 3021 3607 fecit,
3061 3541 3461 3612 magistroque
3485 3540 3776 3610 Strategio

2130 3631 2188 3684 in
2223 3631 2621 3701 pavimentum
2651 3632 3004 3695 eti'undente,
3045 3631 3159 3684 tria
3188 3629 3523 3685 centenaria
3557 3629 3778 3700 pepulo

2129 3718 2453 3774 distribuit.
2488 3719 2727 3774 Postero
2761 3719 2852 3774 die
2891 3719 3133 3774 totidem
3167 3723 3253 3773 vel
3310 3718 3780 3773 liolocautomata

2133 3825 2266 3862 cum
2299 3813 2642 3877 mactasset,
2699 3809 2903 3879 templi
2954 3810 3314 3879 apertionem
3369 3808 3522 3872 fecit,
3571 3813 3626 3861 et
3678 3824 3779 3878 per

2128 3898 2256 3953 dies
2287 3898 2626 3968 quindecim
2659 3913 2849 3969 usque
2879 3898 2947 3952 ad
2973 3902 3173 3952 sancta
3202 3897 3602 3969 Theophania,
3635 3914 3776 3968 epu—

2127 3985 2215 4042 las
2240 3991 2297 4041 et
2330 3987 2636 4058 pecuniam
2679 3986 2892 4058 populo
2947 3986 3391 4058 dilargiebatur,
3441 3986 3777 4058 gratiasque

2128 4077 2245 4132 Deo
2305 4077 2538 4147 agebat.
2573 4077 2639 4131 Et
2668 4075 2778 4131 hoc
2837 4076 3008 4129 modo
3040 4075 3437 4130 desideratum
3469 4075 3580 4130 sibi
3629 4092 3776 4146 opus

2130 4165 2392 4236 perfecit.

360 4364 584 4419 Trulla:
612 4364 747 4440 aedis
779 4364 1270 4440 Sophianaianno
1309 4367 1544 4440 secundo
1589 4368 1798 4422 Justini
1849 4384 1976 4422 cum
2030 4372 2344 4437 corruisset,
2375 4371 2686 4438 ambonem,
2718 4370 2921 4423 soleam
2968 4385 3033 4423 ac
3105 4369 3483 4440 pavimentum
3514 4368 3778 4422 contrivit

430 4438 860 4512 cantamina.
889 4438 1272 4507 Readiﬁcatar
1303 4438 1499 4494 iisdem
1559 4440 1828 4494 lateribus
1886 4441 2128 4497 Rhodiis.
2163 4443 2332 4498 Ambo
2364 4459 2489 4499 vero
2525 4443 2681 4497 solea
2702 4446 2753 4496 et
2780 4438 3163 4512 pavimentum
3215 4457 3285 4495 ex
3329 4442 3568 4496 materia
3615 4441 3777 4509 longe

431 4507 664 4563 minoris
694 4511 861 4579 pretii
886 4513 1306 4566 construuntur.

435 4606 694 4678 Διήρκεσε
724 4601 780 4658 δὲ
810 4605 838 4659 6
869 4607 1189 4681 νεωτερικὸς
1220 4605 1482 4681 τροῦλος,
1515 4607 1544 4662 6
1566 4606 1710 4680 παρὰ
1738 4611 1834 4662 τοῦ
1864 4609 2015 4685 μεγά-

2201 4611 2442 4668 Duravit
2471 4615 2668 4668 autem
2703 4610 2941 4666 Trullus
2988 4610 3090 4666 illa
3138 4628 3284 4666 nova
3323 4610 3560 4666 insolito
3613 4614 3774 4665 stru-

360 4689 465 4747 λου
484 4692 863 4746 Ίουιπιτιανοῦ
884 4692 1239 4764 κτισθεὶς,καὶ
1264 4694 1293 4748 6
1325 4689 1516 4766 ἄμϐῶν
1539 4695 1566 4749 ὁ
1588 4690 1906 4758 πολύολϐος
1929 4697 2018 4751 καὶ

359 4779 818 4853 πολυθαύμαστος
850 4780 940 4835 συν
973 4788 1072 4850 τῆς
1105 4781 1316 4844 σωλὲας
1339 4784 1426 4837 καὶ
1450 4787 1547 4836 τοῦ
1567 4781 1826 4838 ποικίλου
1848 4784 2020 4839 πάτου

360 4874 460 4926 τοῦ
490 4874 615 4924 ναοῦ
635 4870 869 4944 χρόνους
904 4876 986 4940 ιζ’.
1013 4873 1166 4928 Μετά
1187 4869 1243 4925 δὲ
1268 4872 1494 4926 θάνατον
1512 4876 1612 4925 τοῦ
1638 4873 2018 4945 Ἰουστινιανοῦ

361 4957 653 5032 ἐκράτησεν
703 4960 992 5021 Ἰουστῖνος
1048 4960 1075 5013 6
1125 4959 1343 5034 ἀνεψιὸς
1376 4959 1540 5015 αὐτοῦ
1569 4967 1669 5030 τῆς
1719 4960 2017 5036 βασιλείας,

357 5045 449 5100 καὶ
481 5045 556 5108 εἷς
587 5046 679 5100 τὸν
716 5043 964 5121 δεύτερον
995 5046 1197 5122 χρόνον
1233 5047 1420 5117 αὐτοῦ,
1445 5046 1628 5122 ἡμέρᾳ
1659 5049 1715 5116 ε’,
1751 5048 1864 5122 ὥρα
1896 5045 2020 5122 ἕκτῃ

354 5142 458 5204 τῆς
487 5135 716 5210 ἡμέρας,
751 5134 963 5210 ἐγένετο
993 5141 1173 5191 πεσεῖν
1205 5137 1298 5192 τὸν
1330 5137 1588 5213 τροῦλον,
1624 5137 1713 5192 καὶ
1742 5136 2020 5213 συνέτριψε

356 5225 453 5278 τὸν
483 5223 912 5296 ἀξιοθαύμαστον
947 5221 1199 5298 ἄμῦῶνα,
1231 5225 1321 5280 καὶ
1350 5227 1449 5294 τὴν
1493 5223 1726 5281 σωλὲαν·
1781 5227 1909 5288 τούς
1963 5249 2021 5282 τε

360 5310 754 5388 σαρδονύχους,
815 5314 905 5368 καὶ
976 5309 1310 5388 ζαμϐόκους,
1377 5317 1468 5370 καὶ
1524 5315 1874 5390 σαπφείρους,
1929 5317 2019 5371 καὶ

365 5401 702 5476 μαργαρίτας
736 5401 826 5456 σὺν
858 5409 964 5458 τῶν
998 5409 1216 5479 χρυσῶν
1252 5407 1512 5475 στήθεων.
1570 5406 1637 5462 Αἱ
1697 5402 1754 5459 δὶ
1813 5402 2018 5478 ἀψίδες,

361 5493 455 5547 καὶ
507 5492 558 5546 οἱ
607 5491 802 5560 κίονες,
852 5493 942 5547 καὶ
995 5493 1062 5548 τά
1093 5493 1264 5548 λοιπά
1302 5495 1575 5568 κτίσματα
1622 5491 1838 5568 ἔμειναν
1897 5495 2022 5550 ἀσά-

368 5581 555 5638 λευτα.
606 5584 667 5640 Ὁ
715 5580 773 5638 δὲ
822 5583 982 5650 αὐτὸς
1039 5584 1292 5660 βασιλεὺς
1324 5583 1836 5660 προσκαλεσάμενος
1889 5585 2019 5650 τοὺς

369 5672 643 5746 καμόντας
697 5672 867 5734 ἐκεῖσε
937 5674 1302 5750 μηχανικοὺς,
1358 5673 1678 5733 ἐπυνθάνετο
1731 5677 1861 5753 παρ’
1919 5677 2019 5748 αῦ-

2131 4706 2310 4758 cturae
2356 4719 2564 4772 genere
2609 4717 2641 4755 a
2677 4701 3015 4756 Justiniano
3065 4701 3334 4768 excitata,
3367 4705 3426 4755 et
3453 4700 3629 4755 ambo
3675 4698 3773 4754 ille

2131 4790 2691 4862 sumptuosissimus
2723 4795 2779 4845 et
2809 4790 3199 4846 admiratione
3225 4789 3441 4860 dignus
3459 4805 3592 4844 cum
3615 4787 3774 4842 solea

2129 4885 2188 4934 et
2220 4880 2375 4935 vario
2403 4879 2608 4951 templi
2633 4879 2964 4951 pavimento
2988 4896 3172 4935 annos
3194 4877 3775 4950 septemdecim.Post

2131 4973 2375 5024 mortem
2391 4969 2562 5024 νει·οᾶ
2575 4967 2857 5024 ustiniani
2870 4967 3206 5040 ,imperium
3226 4966 3450 5038 excepit
3473 4966 3500 5021 J
3513 4966 3768 5032 ustinus,

2128 5059 2257 5127 ejus
2304 5075 2373 5113 ex
2411 5073 2610 5114 sorore
2658 5074 2878 5128 nepos;
2929 5059 3101 5128 cujus
3132 5072 3282 5112 anno
3318 5055 3596 5119 secundo,
3635 5053 3775 5107 feria

2130 5147 2335 5218 quinta
2362 5147 2476 5202 diei
2534 5147 2679 5204 hora
2728 5152 2907 5211 sexta,
2970 5147 3178 5202 (rullus
3228 5141 3495 5199 corruit:
3530 5146 3773 5212 stupen-

2130 5235 2389 5306 dumque
2427 5237 2761 5303 umbonem,
2811 5237 3054 5300 soleam,
3086 5232 3502 5304 sardonyches,
3537 5231 3772 5302 zamhy-

2130 5340 2248 5391 cos,
2309 5325 2620 5396 sapphiros
2671 5330 2729 5380 et
2788 5327 3154 5396 margaritas,
3211 5339 3345 5376 cum
3397 5321 3589 5376 aureis
3619 5321 3776 5377 colu-

2130 5413 2322 5468 mellis
2344 5414 2635 5470 contrivit.
2664 5413 2914 5486 Apsides
2938 5429 3094 5476 vero,
3121 5410 3405 5466 columna)
3449 5415 3505 5466 et
3535 5410 3778 5466 ediﬁcia

2131 5504 2356 5576 reliqua
2384 5505 2980 5576 intactaimmotaque
2999 5506 3362 5557 manserunt.
3395 5504 3560 5556 Tunc
3585 5501 3774 5571 impe-

2131 5599 2307 5661 rator,
2343 5595 2594 5651 evocatis
2614 5594 2975 5660 architectis,
3011 5591 3433 5648 sciscitabatur
3453 5607 3577 5662 quae
3601 5605 3779 5645 causa

2129 5683 2315 5739 ruinas
2367 5683 2545 5739 trullo
2594 5684 2826 5740 fuisset.
2883 5684 3046 5750 Quod
3100 5683 3429 5739 avunculus
3466 5685 3625 5748 tuus,
3678 5679 3770 5734 in-
