4084 6218
408 333 555 392 1311

1354 333 1745 396 APPENDIX
1789 337 1891 394 AD
1939 332 2396 395 MICHAELEM
2443 333 2826 397 PSELLUM.

3658 335 3798 395 1312

411 464 649 535 quiunt,
684 463 900 520 amotis
928 465 1103 520 citius
1134 482 1308 537 quam
1334 482 1437 538 per
1484 471 1609 521 erat
1646 466 1859 537 lignies
1891 463 2052 520 fulci-

2169 467 2297 533 τῶν,
2357 462 2409 517 τί
2459 464 2521 519 τὸ
2550 458 2760 537 συμϐὰν
2792 464 2868 527 εἷς
2894 465 2956 519 τὸ
2986 458 3224 540 χαλάσαι
3252 460 3353 519 τὸν
3375 462 3631 539 τροῦλον,
3663 465 3730 521 Oi
3760 462 3810 518 εὶ

409 553 646 620 mentis,
670 554 962 609 maturius
987 554 1215 611 musivo
1234 572 1403 627 opere
1425 572 1705 611 exornare
1728 554 2052 611 studuerit:

407 643 705 713 quodque,
759 649 823 698 ut
871 644 1047 699 latius
1103 650 1325 717 pateret
1370 650 1633 716 aspectu,
1664 662 1831 716 aequo
1863 643 2055 700 subli-

408 730 654 785 miorem
700 730 859 786 illam
920 734 1167 788 stuxerit
1201 750 1213 788 :
1248 738 1305 788 et
1335 736 1489 805 quod
1550 750 1736 805 operte
1778 732 1968 789 scalas
1999 738 2057 788 et

409 820 814 876 sustentacula
872 822 1160 877 caedentes
1220 823 1601 894 projicerent;
1650 823 1786 877 hinc
1836 824 2053 879 factum

409 913 519 978 est,
555 914 620 963 ut
650 926 715 963 ex
750 925 949 965 eorum
984 912 1240 982 pondere
1280 912 1445 967 trulli
1492 913 1876 968 fundamenta
1923 928 2055 966 nec-

410 996 552 1052 dum
586 997 729 1052 satis
766 1004 1012 1054 excoctae
1066 1000 1410 1057 dissilirent.
1436 1006 1565 1057 Hanc
1587 1000 1839 1057 artiﬁces
1869 1000 2055 1073 impe-

409 1086 607 1151 ratori,
658 1088 756 1158 qui
812 1087 948 1143 item
999 1090 1398 1146 addiderunt:
1434 1091 1493 1146 Si
1529 1091 1764 1162 jubeas,
1799 1090 2053 1159 domine,

413 1174 653 1229 trullum
705 1175 1033 1247 planiorem
1086 1180 1141 1233 in
1195 1179 1429 1251 cymbali
1510 1181 1744 1235 convexi
1805 1179 2052 1235 formam

411 1264 701 1333 construi,
737 1265 907 1320 mitte
936 1266 996 1321 in
1030 1268 1299 1323 Rhodum
1327 1268 1608 1339 insulam,
1642 1273 1705 1323 ut
1734 1268 2058 1324 avunculus

409 1350 998 1424 fecit,jubequeistio
1043 1358 1251 1412 lateres
1276 1374 1343 1412 ex
1374 1364 1529 1413 creta
1570 1358 1794 1413 Rhodia
1840 1358 2054 1429 parari,

406 1441 617 1512 aequali
648 1459 779 1497 cum
815 1445 1081 1514 pristinis
1115 1449 1369 1516 pondere
1391 1454 1447 1503 et
1476 1447 1687 1519 sigillo.
1715 1448 2053 1517 Tumjussu

407 1529 782 1601 imperatoris
799 1551 967 1604 pares
986 1535 1209 1590 advecti
1263 1536 1477 1591 lateres
1514 1542 1672 1592 sunt.
1714 1538 1807 1591 Sic
1848 1553 2055 1591 rursus

405 1624 599 1675 erecta
622 1621 860 1691 trullus,
885 1624 1142 1695 demptis
1174 1642 1202 1680 ο
1232 1626 1489 1697 pristinae
1512 1626 1876 1682 sublimitate
1898 1624 2054 1681 ulnis

409 1709 771 1778 quindecim,
806 1728 990 1783 eaque
1038 1712 1094 1767 in
1148 1714 1413 1785 tympani
1463 1730 1683 1770 morem
1734 1719 1953 1785 aptata,
1988 1732 2055 1769 ac

408 1801 567 1851 metu
600 1798 779 1853 ruinae
810 1800 985 1856 citius
1017 1801 1318 1873 iterandee,
1352 1803 1692 1859 fulcimenta
1736 1803 1923 1874 lignea
1954 1818 2055 1876 per

408 1902 634 1940 annum
667 1887 965 1959 integrum
996 1890 1199 1945 relicta
1223 1897 1381 1958 sunt,
1400 1893 1583 1947 donec
1605 1898 1839 1947 excocto
1852 1893 2055 1947 humo-

412 1991 471 2029 re
495 1975 653 2029 trulli
700 1976 980 2032 fabricam
1000 1981 1126 2049 jam
1156 1980 1400 2035 ﬁrmiter
1419 1982 1739 2037 consistere
1763 1980 1929 2053 periti
1962 1982 2056 2035 de-

412 2063 874 2133 prehenderunt.
905 2068 1232 2123 Ambonem
1264 2086 1395 2124 vero
1418 2074 1474 2125 et
1496 2069 1718 2125 soleam
1742 2087 1874 2125 cum
1899 2069 2056 2141 paris

413 2156 687 2223 sumptus
719 2158 775 2208 et
808 2156 1255 2226 magniﬁcentiae
1278 2165 1616 2215 construere
1646 2176 1760 2214 non
1796 2163 2055 2230 possent,

411 2238 582 2309 longe
616 2242 860 2298 minoris
888 2244 1049 2300 illum
1076 2248 1240 2317 pretii
1264 2246 1643 2318 exlapidibus
1674 2252 1731 2303 et
1771 2246 2058 2302 columnis

415 2336 658 2400 argento
687 2332 939 2390 vestitis.
974 2352 1105 2390 cum
1133 2336 1408 2393 cancellis
1442 2337 1498 2391 in
1532 2338 1731 2393 orbem
1766 2337 2058 2409 argenteis

414 2421 470 2472 et
526 2418 682 2474 solea
748 2422 1199 2480 exaadificarunt.
1261 2425 1530 2481 Trullum
1576 2430 1769 2481 autem
1822 2425 2059 2481 amboni

410 2506 715 2578 imponere
746 2511 934 2567 noluit
963 2518 1281 2585 imperator
1311 2531 1698 2587 expensarum
1731 2515 1780 2568 vi
1813 2514 2056 2569 deterri-

408 2599 527 2649 tus.
554 2596 879 2653 Sternendo
905 2601 1240 2671 pavimento
1272 2619 1405 2657 cum
1440 2603 1538 2657 iile
1568 2602 1745 2658 variis
1762 2602 2058 2658 coloribus

409 2682 700 2739 distincta:
746 2692 801 2741 et
844 2691 1214 2759 praegrandes
1246 2690 1456 2745 tabulae
1510 2708 1624 2746 non
1657 2695 2056 2763 suppeterent,

412 2770 594 2827 misso
626 2773 897 2830 Manasse
922 2779 1165 2847 patricio
1200 2788 1249 2834 et
1276 2780 1577 2851 proposito
1610 2781 1666 2834 in
1722 2785 2055 2836 Proconne-

410 2876 543 2915 sum
578 2862 697 2918 illic
729 2880 1026 2921 marmora
1058 2868 1302 2939 paravit,
1341 2874 1507 2924 terra:
1556 2870 1807 2926 colorem
1853 2871 2055 2941 praefe-

408 2949 618 3018 rentia,
650 2968 873 3008 necnon
914 2953 1028 3010 alia
1060 2957 1281 3028 prasini
1307 2958 1540 3028 coloris,
1571 2976 1700 3031 quae
1723 2960 1967 3015 ﬂumina
1995 2960 2055 3014 in

410 3054 569 3094 mare
603 3040 912 3098 inﬂuentia
943 3050 1344 3116 representat.

2170 553 2316 608 εἷπον
2371 558 2452 625 τῷ
2504 551 2740 629 βασιλεῖ,
2793 554 2877 608 δτι
2924 554 2984 610 Ὀ
3039 555 3185 618 θεῖος
3229 574 3325 608 σου
3358 553 3587 615 σπεύσας
3646 552 3810 627 ὶπῇρε

2164 640 2290 703 τοὺς
2344 642 2661 705 ἀντινύκτας
2688 643 2816 706 τοὺς
2844 637 3002 706 ὄντας
3034 641 3086 697 ἒν
3135 647 3215 715 τῷ
3261 641 3481 717 τρούλῳ
3538 641 3804 712 ξυλῖνους,

2165 732 2256 784 καὶ
2320 734 2533 806 ταχέως
2610 731 2938 804 ἑμουσίωσεν
3017 731 3199 786 αὐτόν·
3284 732 3373 786 καὶ
3446 730 3525 786 ὅτι
3596 729 3802 803 ὑψηλὸν

2167 818 2416 891 ἐποίησεν
2471 821 2633 875 αὐτὸν
2691 821 2827 896 πρὸς
2883 822 2944 876 τὸ
2992 822 3325 897 πανταχόθεν
3386 822 3646 895 ὁρᾶσθαι·
3720 820 3809 873 καὶ

2166 909 2247 964 ὅτι
2309 910 2403 972 τὰς
2436 909 2737 971 σκαλώσεις
2796 910 3089 972 κόπτοντες
3148 912 3198 965 οἱ
3256 910 3499 985 τεχνίται
3533 907 3801 985 ἔρῥιπτον,

2163 998 2253 1053 καὶ
2288 998 2345 1054 ἐκ
2374 1003 2470 1054 τοῦ
2498 999 2671 1054 αὐτῶν
2703 998 2949 1075 [βάρους]
2998 997 3404 1075 ἐσπαράσσοντο
3447 999 3514 1054 τὰ
3567 996 3807 1071 Θεμὲλια,

2164 1090 2252 1144 καὶ
2285 1088 2428 1162 [οὐκ]
2477 1084 2638 1145 ἔλαϐε
2681 1089 2841 1162 πέψιν
2875 1090 2903 1143 6
2932 1087 3190 1165 τροῦλος.
3236 1088 3425 1151 Οὕτως
3470 1089 3520 1142 οἱ
3570 1092 3809 1162 τεχνῖται

2105 1209 2114 1219 ~
2164 1175 2364 1256 ἔφησαν
2412 1183 2492 1250 τῷ
2539 1176 2774 1252 βασιλεῖ·
2826 1178 2976 1233 εἶπον
3033 1175 3091 1232 δὲ
3140 1177 3304 1250 αὐτῷ,
3361 1176 3442 1231 ὅτι
3476 1177 3597 1232 Ἐάν
3631 1175 3811 1230 κελεύ·

2164 1289 2263 1337 εις,
2298 1266 2550 1337 δέσποτα,
2585 1266 2678 1322 ’ίνα
2710 1268 2932 1343 γένηται
2960 1269 2987 1322 6
3016 1267 3247 1343 τροῦλος
3303 1264 3555 1327 ἐπίπεδος
3601 1260 3807 1337 κυμϐαα

2165 1354 2353 1423 λικῶς,
2400 1354 2724 1411 ἀπόστειλον
2775 1356 2850 1417 είς
2876 1358 2976 1425 τὴν
3010 1354 3219 1425 Ῥόδον,
3251 1357 3451 1425 καθὼς,
3482 1354 3575 1409 καὶ
3609 1356 3637 1409 6
3670 1356 3805 1414 Θεῖος

2166 1466 2261 1499 σου
2292 1444 2536 1516 ἰποίησε,
2581 1446 2668 1499 καὶ
2723 1444 2782 1499 ἐκ
2830 1450 2927 1499 τοῦ
2976 1444 3178 1515 ταύτης
3224 1442 3409 1514 πηλοῦ
3456 1443 3544 1497 καὶ
3599 1442 3658 1497 ἐκ
3710 1450 3805 1512 τῆς

2161 1533 2421 1604 τοιαύτης
2495 1530 2816 1612 σφραγίδος,
2890 1533 3193 1605 ἱσόσταθμα
3247 1531 3463 1607 βήσαλα
3514 1536 3616 1587 τοῦ
3674 1553 3808 1605 προ-

2163 1624 2325 1695 τὲρου
2386 1622 2587 1699 μιτρου
2626 1622 2895 1698 ἀγάγωσι.
2952 1621 3050 1677 Καὶ
3082 1622 3404 1698 προσέταξεν
3454 1623 3482 1675 6
3536 1619 3812 1695 βασιλεὺς⁹

2163 1712 2253 1765 καὶ
2302 1709 2512 1786 ἤγαγον
2567 1712 2634 1766 τὰ
2694 1710 2911 1786 βήσαλα
2955 1711 3061 1766 ἀπὸ
3108 1713 3204 1766 τοῦ
3254 1708 3444 1765 Ῥόδου
3492 1708 3677 1770 καθὼς
3728 1708 3811 1763 καὶ

2164 1800 2455 1875 πρότερον·
2498 1800 2670 1863 οὕτως
2722 1801 2897 1855 τοίνυν
2942 1800 3031 1855 καὶ
3064 1800 3227 1855 πάλιν
3283 1798 3545 1872 ἐκαμώϐη
3583 1800 3611 1852 6
3658 1802 3813 1873 τροῦο

2167 1887 2263 1951 λος
2312 1891 2573 1963 κόψαντες
2612 1890 2671 1945 ἆκ
2696 1894 2793 1945 τοῦ
2826 1890 3094 1965 προτέρου
3139 1888 3379 1963 τρούλου
3406 1888 3634 1963 ὀργυιὰς
3663 1885 3813 1941 δεκα-

2164 1984 2365 2048 πέντε,
2421 1984 2746 2052 ποιήσαντες
2804 1981 2966 2035 αὐτὸν
3034 1980 3398 2053 τυμπανικὸν,
3463 1977 3809 2049 πτούμενοι,

2159 2067 2251 2124 ’ἱνα
2304 2071 2380 2143 μὴ
2440 2069 2606 2125 πάλιν
2658 2071 2871 2145 ταχέως
2902 2070 3080 2139 πᾶσοι,
3131 2068 3381 2130 ἐάσαντες
3426 2069 3497 2121 τὰ
3541 2065 3675 2136 ξύλα
3724 2064 3815 2119 καὶ

2164 2159 2289 2221 τοὺς
2339 2159 2525 2234 κριοὺς
2583 2165 2690 2215 τῶν
2742 2159 3066 2214 ἀντινύκτων
3126 2159 3326 2234 χρόνον
3385 2154 3495 2226 ἕνα,
3562 2153 3668 2216 ἕως
3724 2155 3809 2207 οὖν

2166 2243 2405 2322 ἔγνωσαν
2446 2255 2672 2318 ποιῆσαι
2702 2250 2801 2317 τὴν
2854 2248 3015 2321 πέψιν
3043 2248 3132 2301 τὸν
3178 2243 3434 2321 τροῦλον.
3486 2245 3593 2299 Τὸν
3626 2239 3684 2297 δὶ
3716 2243 3812 2315 ἆμ-

2168 2332 2319 2392 ϐωνα
2361 2337 2451 2392 καὶ
2493 2338 2594 2405 τήν
2646 2336 2852 2393 σωλὲαν
2905 2338 2981 2409 μὴ
3031 2334 3319 2409 δυνάμενοι
3377 2341 3608 2403 ποιῆσαι
3639 2336 3814 2387 τοιοῦ-

2166 2447 2257 2481 τον
2318 2423 2646 2497 πολυὲξοδον
2698 2424 2788 2481 καί
2817 2424 3150 2498 πολύτιμον,
3202 2422 3463 2494 ἐποίησαν
3502 2421 3664 2477 αὐτὸν
3724 2423 3812 2476 οὐ·

2168 2513 2417 2587 δαμινὸν,
2474 2512 2564 2569 διὰ
2627 2513 2795 2579 λίθων
2845 2514 2933 2570 καὶ
2987 2514 3184 2569 κιόνων
3245 2510 3684 2589 ἀργυρενδύτων,
3731 2511 3815 2564 καὶ

2167 2605 2406 2670 στήθεων
2490 2604 2736 2679 ἀργυρῶν
2817 2604 2952 2676 μετά
3009 2606 3317 2678 περιφερῶν
3375 2600 3636 2676 ἀργυρῶν
3688 2598 3814 2672 μετὰ

2165 2698 2267 2761 τῆς
2327 2690 2559 2753 σωλὲας.
2613 2690 2861 2768 Τροῦλον
2915 2688 2971 2745 δὲ
3028 2696 3127 2746 τοῦ
3157 2685 3412 2763 άμϐωνος
3446 2688 3551 2744 οὐκ
3582 2688 3817 2758 ἠθέλησε

2165 2783 2414 2851 ποιῆσαι,
2467 2781 2541 2842 ὡς
2571 2781 2737 2852 εἶπεν,
2773 2777 2861 2834 διὰ
2888 2781 2987 2848 τήν
3020 2778 3241 2847 πολλὴν
3268 2775 3471 2851 ἔξοδον.
3506 2778 3605 2840 Εἷς
3639 2776 3695 2832 δὲ
3722 2779 3807 2832 τὸν

2164 2867 2356 2940 πάτον,
2410 2870 2484 2942 μὴ
2520 2866 2770 2939 δυνηθεὶς
2819 2869 2991 2944 εὑρεῖν
3032 2872 3252 2923 τοιαῦτα
3294 2865 3676 2923 πολυποίκιλα
3722 2865 3806 2921 καὶ

2169 2958 2393 3034 μέγιστα
2450 2953 2687 3027 ἀϐάκια,
2747 2958 2837 3012 καὶ
2903 2958 3227 3019 ἀποστείλας
3302 2964 3558 3026 Μανασσῆ
3620 2955 3806 3031 πατρί-

2165 3067 2281 3101 κιον
2356 3046 2444 3101 καὶ
2520 3046 2876 3121 πραιπόσιτον
2955 3046 3007 3102 ἰν
3086 3048 3499 3122 Προικοννήσῳ,
3558 3044 3807 3115 ἐποίησεν

406 3123 517 3181 ἐκεῖ
571 3128 640 3183 τά
703 3129 964 3205 μάρμαρα
1022 3132 1097 3195 εἷς
1158 3135 1461 3207 ὁμοιότητα
1506 3142 1605 3205 τῆς
1660 3143 1785 3210 γῆς,
1834 3136 1900 3191 τά
1956 3136 2187 3211 πράσινα
2217 3135 2291 3198 εἷς
2323 3136 2628 3209 ὁμοιότητα
2651 3141 2758 3192 τῶν
2789 3140 3051 3209 ποταμῶν
3085 3141 3191 3191 τῶν
3223 3130 3596 3210 ἐμϐαινόντων
3658 3134 3710 3188 ὲν
3741 3137 3805 3206 τῇ

405 3214 669 3293 Θαλάσσῃ.

396 3380 537 3435 Dum
569 3384 730 3438 trulli
753 3396 1011 3463 pegmata
1040 3387 1449 3463 dirumperent,
1481 3389 1655 3463 aedem
1686 3390 2025 3461 Sophianam
2042 3407 2188 3463 aqua
2217 3392 2455 3459 replent.
2488 3391 2885 3463 Fallunturqui
2918 3393 3143 3449 Iustino
3168 3390 3367 3463 Thraci
3387 3388 3551 3445 illius
3580 3390 3811 3463 structu-

471 3470 590 3535 ram
619 3459 918 3535 ascribunt.
952 3461 1063 3535 Sub
1092 3462 1406 3516 Iustiniano
1424 3462 1733 3535 celebratur
1755 3459 1957 3534 ‘quinta
1986 3459 2243 3535 synodus.
2269 3464 2527 3521 Encaenia
2552 3459 3457 3535 ecclesiw’b'apostoiorumeodem
3486 3463 3669 3532 imper

3668 3462 3809 3514 ante.

469 3526 606 3604 ᾕρεε
634 3531 939 3585 saevissima
968 3533 1159 3586 urbem
1192 3535 1301 3588 ΟΡ.
1337 3533 1574 3600 invadit,
1602 3526 1806 3589 deinde
1835 3544 1991 3589 terra
2015 3526 2217 3591 motus.
2253 3535 2640 3590 Conrubitores
2661 3526 3040 3590 masculorum
3068 3543 3316 3603 graviter
3336 3526 3809 3604 puniunturJuso

469 3598 1051 3677 t_z'nia7_zus_equestrem
1080 3604 1187 3658 sibi
1231 3609 1476 3659 statuam
1523 3598 1583 3660 iu
1632 3608 1965 3674 Augustione
2021 3608 2204 3677 erigit.
2260 3607 2565 3661 Belisarius
2611 3607 2669 3661 in
2716 3608 2961 3675 Africam
3008 3598 3205 3662 coutra
3240 3598 3507 3660 Varidalos
3548 3607 3809 3659 mittitur.

471 3668 672 3724 Deinde
698 3668 814 3727 duo}
840 3675 1111 3729 exercitus
1142 3677 1203 3729 in
1232 3677 1348 3747 ejus
1380 3685 1558 3733 locum
1587 3694 1619 3731 a
1648 3668 1969 3733 Juitiniano
1994 3668 2215 3734 creatur
2243 3677 2548 3741 Salomon;
2578 3677 2668 3733 sed
2696 3668 2846 3733 malo
2869 3679 3073 3735 omine.

472 3782 615 3881 tium
641 3791 836 3881 autem
870 3789 1032 3843 trulli
1067 3797 1340 3861 pegmata
1362 3791 1784 3881 dirumperent,
1816 3793 2049 3865 etligna
2080 3813 2122 3881 ς

402 3871 686 3941 dejecturi
717 3883 935 3946 essent,
968 3877 1270 3935 ecclesiam
1296 3898 1449 3950 aqua
1498 3882 1567 3935 ad
1606 3880 1880 3937 ulnarum
1922 3888 2049 3939 octo

404 3958 778 4017 altitudinem
810 3964 1181 4037 repleverunt
1214 3984 1226 4022 :
1261 3968 1460 4039 sicque
1504 3970 1887 4027 fundamenta
1934 3988 2048 4026 non

406 4051 911 4108 concutiebantur.
945 4054 1251 4110 Falluntur
1280 4056 1478 4128 itaque
1509 4058 1609 4129 qui
1643 4065 1872 4131 putant,
1911 4060 2047 4115 Jus-

407 4138 598 4193 tinum
628 4140 947 4197 Justiniani
994 4145 1347 4200 avunculum
1381 4146 1682 4219 quidpiam
1728 4149 1783 4202 in
1836 4165 1903 4204 ea
1949 4166 2048 4204 ex-

404 4228 721 4298 struxisse;
782 4237 899 4287 tres
950 4234 1241 4304 siquidem
1308 4240 1470 4303 sunt,
1528 4236 1823 4292 Justiniue
1873 4238 2045 4306 Trax,

400 4316 775 4375 Justinianus
834 4322 1103 4377 conditor
1160 4328 1217 4378 et
1273 4324 1480 4380 deinde
1524 4325 1798 4381 Justinus
1829 4326 2047 4381 sororis

400 4406 530 4475 ejus
562 4406 738 4475 Illius,
773 4409 841 4463 de
881 4410 1101 4480 quibus
1124 4410 1396 4483 pluribus
1427 4414 1485 4468 in
1509 4414 1812 4469 Chronicis
1849 4431 2047 4469 narra-

397 4498 496 4547 tur
527 4496 847 4553 utcuilibet
870 4498 1085 4570 legenti
1116 4501 1483 4573 patebit.Sub
1504 4502 1840 4559 Justiniano
1866 4503 2047 4574 igitur

399 4582 500 4652 qui
534 4584 735 4656 templi
796 4588 1063 4644 conditor
1117 4590 1251 4657 fuit,
1308 4590 1599 4648 celebrata
1652 4596 1741 4647 est
1784 4593 2044 4664 synodus

398 4671 604 4741 quinta
636 4678 837 4730 contra
867 4676 1144 4733 Severum
1178 4696 1331 4735 anno
1363 4681 1593 4753 imperii
1625 4684 1753 4753 ejus
1786 4682 2037 4752 decimo:

398 4761 662 4833 itemque
695 4780 846 4819 anno
874 4766 1261 4839 ejusimperii
1302 4770 1583 4841 vigesimo
1633 4772 1845 4841 primo,
1892 4771 2039 4827 cele-

398 4848 569 4905 brata
600 4855 741 4907 sunt
766 4854 1023 4910 encaenia
1055 4856 1277 4929 Magna)
1306 4858 1581 4915 ecclesiae.
1632 4860 1766 4916 Post
1812 4858 2039 4916 obitum

396 4953 529 4993 vero
558 4940 872 4997 Theodore:
907 4946 1105 5000 uxoris
1142 4947 1270 5015 ejus
1292 4946 1580 5003 celebrata
1612 4954 1753 5004 sunt
1783 4949 2041 5005 encaenia

392 5026 485 5082 SS.
523 5030 943 5100 Apostolorum
978 5047 991 5085 :
1025 5048 1141 5103 quo
1192 5040 1452 5106 tempore
1482 5041 1645 5092 tanta
1691 5037 1820 5093 lues
1868 5042 2039 5093 Cons-

389 5117 742 5189 tantinopoli
798 5120 932 5189 fuit,
996 5126 1059 5176 ut
1117 5123 1334 5178 mortui
1379 5124 1659 5197 insepulti
1709 5132 2036 5193 manerent,

2231 3794 2398 3849 ’Όταν
2456 3790 2513 3847 δὲ
2570 3786 2765 3866 ἔκοψαν
2817 3792 2911 3854 τὰς
2962 3791 3261 3853 σκαλωσεις
3293 3794 3387 3846 τοῦ
3424 3787 3690 3863 τρουλου,
3720 3785 3811 3841 καὶ

2160 3880 2359 3950 ἤθελον
2405 3876 2761 3936 καταϐιϐάσαι
2812 3881 2879 3935 τὰ
2928 3882 3104 3953 ξύλα,
3154 3879 3404 3956 ἐγᾶμισαν
3455 3879 3556 3946 τήν
3608 3874 3809 3946 ἐκκλη-

2162 3970 2276 4024 σίαν
2328 3968 2475 4045 ὕδωρ
2516 3967 2621 4031 ἕως
2652 3970 2872 4046 ὀργυιάς
2908 3969 3074 4039 ὀκτὼ,
3125 3970 3215 4024 καὶ
3247 3970 3349 4023 οὐκ
3378 3968 3715 4042 ἐσπάρασσον
3746 3965 3810 4019 τά

2161 4058 2407 4131 θεμέλια.
2454 4057 2757 4113 Ψεύδονται
2790 4056 2847 4113 δὲ
2898 4060 2949 4113 ei
2983 4057 3254 4133 λέγοντες,
3289 4058 3372 4113 ὅτι
3395 4056 3484 4111 καὶ
3518 4058 3811 4114 Ἰουστῖνος

2159 4149 2187 4202 6
2236 4148 2452 4221 ἀνεψιὸς
2513 4149 2681 4203 αὐτοῦ
2726 4146 2929 4202 ἔκτισεν
2989 4146 3041 4202 ἐν
3089 4146 3245 4220 αὐτῇ·
3297 4151 3443 4222 τρεῖς
3498 4146 3601 4219 γάρ
3664 4142 3815 4208 εἶσιν,

2159 4237 2451 4299 Ἰουστῖνος
2484 4238 2511 4290 6
2561 4238 2722 4309 Θρᾲξ,
2782 4236 2871 4290 καὶ
2935 4235 3333 4297 Ἰουστινιανὸς
3394 4236 3421 4288 6
3471 4234 3684 4300 κτίσας,
3732 4228 3816 4283 καί

2161 4332 2274 4397 μετ’
2331 4324 2490 4380 αὐτὸν
2550 4328 2842 4387 Ἰουστῖνος
2895 4326 2923 4379 6
2984 4324 3200 4398 ἀνεψιὸς
3254 4323 3440 4378 αὐτοῦ·
3494 4322 3623 4397 περὶ
3673 4321 3747 4373 ὧν
3790 4319 3815 4370 ὁ

2157 4410 2327 4487 λόγος
2376 4410 2574 4487 διεξῄει
2624 4413 2675 4469 ἰν
2726 4419 2843 4475 τοῖς
2883 4414 3175 4484 Χρονικοῖς
3216 4411 3581 4485 πλατύτερον,
3641 4409 3731 4463 καὶ
3790 4407 3814 4460 6

2155 4500 2541 4577 ἀναγινώσκων
2604 4503 2849 4577 εὑρήσῃ.
2925 4502 3047 4555 Ἐπί
3124 4502 3213 4555 οὖν
3275 4501 3666 4557 Ἰουστινιανοῦ
3722 4498 3813 4550 τοῦ

2151 4591 2433 4653 κτίσαντος
2480 4592 2544 4645 τὸ
2592 4590 2745 4667 ἔργον
2802 4591 2993 4660 αὐτοῦ,
3042 4589 3167 4645 τότε
3217 4591 3403 4664 γέγονε
3450 4586 3537 4642 καὶ
3587 4589 3625 4656 ἡ
3688 4585 3811 4639 σύν-

2153 4677 2281 4742 οδος
2338 4681 2400 4749 ε’,
2453 4682 2488 4749 ἡ
2541 4680 2679 4735 κατὰ
2720 4682 2997 4754 Σευήρου,
3049 4684 3129 4751 τῷ
3183 4677 3388 4750 δεκάτῳ
3438 4674 3605 4731 αὑτοῦ
3667 4674 3808 4729 ἔτει*

2152 4768 2340 4843 γέγονε
2383 4768 2473 4823 καὶ
2515 4769 2582 4823 τά
2631 4767 2874 4844 ὶγκαίνια
2920 4775 3019 4838 τῆς
3070 4766 3333 4842 Μεγάλης
3382 4764 3677 4835 ἐκκλησίας
3728 4767 3809 4833 τῷ

2152 4858 2232 4910 κα¹
2273 4860 2373 4925 τῆς
2425 4857 2589 4912 αὐτοῦ
2648 4856 2949 4933 βασιλείας.
3004 4855 3106 4913 Καὶ
3154 4853 3555 4924 τελευτησάσης
3598 4850 3811 4907 Θεοδώο

2152 4965 2247 5019 ρας
2307 4948 2405 5015 τῆς
2475 4946 2638 5001 αὐτοῦ
2710 4948 2984 5023 γυναικὸς,
3045 4944 3237 5021 γέγονε
3298 4945 3365 4999 τά
3411 4942 3657 5017 ἐγκαίνια
3712 4944 3814 4994 τῶν

2150 5036 2353 5109 Ἀγίων
2414 5035 2774 5091 Ἀποστόλων
2811 5055 2824 5068 ·
2888 5034 2967 5113 ἐφ’
3026 5034 3088 5089 οὗ
3148 5034 3431 5089 Θανατικὸν
3489 5031 3710 5105 γέγονεν
3767 5026 3815 5081 εν

2160 5123 2769 5193 Κωνσταντινουπόλει,
2830 5124 2968 5179 ὥστε
3020 5125 3196 5196 μένειν
3253 5123 3486 5199 ἀτάφους
3530 5119 3661 5180 τοὺς
3694 5118 3817 5172 ἀπο·

385 5207 538 5274 quod
573 5208 859 5278 grabbatu
885 5210 1266 5267 ecclesiarum
1297 5218 1356 5268 et
1392 5191 1608 5269 aedium
1663 5191 2048 5273 cadaveribus

2163 5213 2514 5283 θνήσκοντας,
2549 5211 2638 5268 διὰ
2668 5213 2730 5269 τὸ
2759 5191 2763 5193 ν
2788 5215 2863 5285 μή
2898 5191 3137 5287 ἐξαρκεῖν
3164 5212 3290 5273 τοὺς
3320 5191 3664 5287 κραϐὃάτους
3713 5210 3816 5259 τῶν

387 5294 696 5351 etl'erendis
730 5314 844 5352 non
876 5298 1233 5356 sufficerent.
1284 5303 1429 5358 Cum
1479 5308 1677 5359 autem
1733 5306 2052 5375 imperator

389 5382 676 5450 grabbata
705 5385 863 5440 mille
907 5387 1117 5442 conﬁci
1178 5390 1481 5461 jussisset,
1517 5408 1648 5446 cum
1698 5408 1769 5447 ne
1795 5393 1896 5446 illa
1924 5395 2050 5464 qui-

385 5468 518 5523 dem
543 5471 687 5526 satis
719 5479 940 5542 essent,
958 5491 1166 5531 currus
1200 5494 1380 5547 quam
1399 5477 1681 5547 plurimos
1705 5482 2047 5550 etjumenta

381 5558 575 5628 parari
616 5559 829 5632 jussit,
860 5568 923 5616 ut
959 5565 1170 5619 mortui
1198 5565 1270 5619 iis
1301 5565 1669 5623 efferrentur.
1712 5568 2042 5624 Persevera-

399 5645 485 5702 vit
514 5664 687 5719 porro
718 5649 838 5707 haec
868 5651 1220 5722 gravissima
1242 5654 1507 5725 contagio
1530 5654 1686 5712 binis
1714 5655 2040 5727 mensibus,

2161 5299 2472 5371 ἐκκλησιῶν
2521 5301 2749 5357 καὶτῶν
2802 5298 2970 5355 οἷ’κων
3027 5299 3267 5377 ὶκφᾶρειν
3314 5296 3536 5357 αὐτούς.
3593 5298 3705 5350 Τοῦ
3765 5290 3819 5346 ὂὶ

2163 5390 2437 5464 βασιλέως
2490 5386 2833 5466 κραὸϐάτους
2891 5392 3224 5460 ποιήσαντος
3280 5409 3361 5461 ια,
3422 5384 3537 5440 ἐπεὶ
3600 5385 3679 5456 μή
3739 5382 3819 5451 ἐξ·

2156 5483 2385 5553 ἤρκουν,
2441 5481 2647 5553 ἀμάξας
2718 5479 3011 5555 προσέταξε
3093 5476 3350 5537 πλείστας
3406 5474 3820 5547 εὐτρεπισθῆναι

2154 5568 2244 5621 καὶ
2300 5564 2494 5643 ἄλογα,
2550 5569 2642 5624 καὶ
2697 5568 2826 5629 τοὺς
2883 5570 3182 5631 τεθνεῶτας
3243 5564 3295 5619 ἦν
3330 5562 3515 5622 αὐτοῖς
3544 5559 3809 5634 ἐκφέρειν

2158 5654 2423 5732 ἰκράτησε
2479 5654 2537 5713 δὲ
2593 5660 2629 5728 ἠ
2676 5656 2903 5727 τοιαύτη
2963 5659 3171 5718 πτῶσις
3218 5654 3307 5708 καὶ
3354 5650 3575 5728 χαλεπὴ
3637 5654 3816 5721 μῆνας
