  <div class='ocr_page' id='page_1' title='image "/cluster/home/n/w/nwhite01/storage/ocr_20150623/122/hvd.32044073502460/678.png"; bbox 0 0 4018 6220; ppageno 0'>
   <div class='ocr_carea' id='block_1_1' title="bbox 269 332 418 395">
    <p class='ocr_par' dir='ltr' id='par_1_1' title="bbox 269 332 418 395">
     <span class='ocr_line' id='line_1_1' title="bbox 269 332 418 395; baseline 0 -2"><span class='ocrx_word' id='word_1_1' title='bbox 269 332 418 395; x_wconf 83' lang='grc'><strong>1313</strong></span> 
     </span>
    </p>
   </div>
   <div class='ocr_carea' id='block_1_2' title="bbox 1391 321 2550 395">
    <p class='ocr_par' dir='ltr' id='par_1_2' title="bbox 1391 321 2550 395">
     <span class='ocr_line' id='line_1_2' title="bbox 1391 321 2550 395; baseline 0.001 -10"><span class='ocrx_word' id='word_1_2' title='bbox 1391 324 1600 386; x_wconf 79' lang='grc' dir='ltr'><strong>ΑΝΟΝ</strong></span> <span class='ocrx_word' id='word_1_3' title='bbox 1614 321 1753 384; x_wconf 81' lang='grc' dir='ltr'><strong>ΥΜΙ</strong></span> <span class='ocrx_word' id='word_1_4' title='bbox 1801 322 2386 395; x_wconf 75' lang='lat' dir='ltr'><strong>ANTIQUITATES</strong></span> <span class='ocrx_word' id='word_1_5' title='bbox 2432 325 2550 389; x_wconf 77' lang='grc' dir='ltr'><strong>ΟΡ.</strong></span> 
     </span>
    </p>
   </div>
   <div class='ocr_carea' id='block_1_3' title="bbox 3520 338 3673 397">
    <p class='ocr_par' dir='ltr' id='par_1_3' title="bbox 3520 338 3673 397">
     <span class='ocr_line' id='line_1_3' title="bbox 3520 338 3673 397; baseline 0.013 -2"><span class='ocrx_word' id='word_1_6' title='bbox 3520 338 3673 397; x_wconf 72' lang='grc'><strong>1314</strong></span> 
     </span>
    </p>
   </div>
   <div class='ocr_carea' id='block_1_4' title="bbox 269 448 1918 540">
    <p class='ocr_par' dir='ltr' id='par_1_4' title="bbox 269 448 1908 540">
     <span class='ocr_line' id='line_1_4' title="bbox 269 448 1908 540; baseline 0.011 -29"><span class='ocrx_word' id='word_1_7' title='bbox 269 462 335 538; x_wconf 84' lang='grc' dir='ltr'><strong>β’,</strong></span> <span class='ocrx_word' id='word_1_8' title='bbox 383 457 613 517; x_wconf 91' lang='grc' dir='ltr'>Ἰούλιον</span> <span class='ocrx_word' id='word_1_9' title='bbox 686 454 776 511; x_wconf 78' lang='grc' dir='ltr'><strong>καὶ</strong></span> <span class='ocrx_word' id='word_1_10' title='bbox 838 451 1172 531; x_wconf 63' lang='grc' dir='ltr'>Αὔγουστον.</span> <span class='ocrx_word' id='word_1_11' title='bbox 1247 450 1520 540; x_wconf 22' lang='grc' dir='ltr'>Μεγάλων</span> <span class='ocrx_word' id='word_1_12' title='bbox 1550 448 1608 505; x_wconf 60' lang='grc' dir='ltr'><strong>δὶ</strong></span> <span class='ocrx_word' id='word_1_13' title='bbox 1663 449 1908 526; x_wconf 68' lang='grc' dir='ltr'>ἐγίνοντο</span> 
     </span>
    </p>
   </div>
   <div class='ocr_carea' id='block_1_5' title="bbox 2031 448 3674 540">
    <p class='ocr_par' dir='ltr' id='par_1_5' title="bbox 2031 452 3674 540">
     <span class='ocr_line' id='line_1_5' title="bbox 2031 452 3674 540; baseline 0.01 -32"><span class='ocrx_word' id='word_1_14' title='bbox 2031 452 2181 508; x_wconf 82' lang='lat' dir='ltr'><strong>Julio</strong></span> <span class='ocrx_word' id='word_1_15' title='bbox 2212 457 2269 509; x_wconf 91' lang='lat' dir='ltr'><strong>et</strong></span> <span class='ocrx_word' id='word_1_16' title='bbox 2299 455 2579 528; x_wconf 82' lang='lat' dir='ltr'><strong>Augusto.</strong></span> <span class='ocrx_word' id='word_1_17' title='bbox 2614 457 2759 514; x_wconf 88' lang='lat' dir='ltr'><strong>Hinc</strong></span> <span class='ocrx_word' id='word_1_18' title='bbox 2803 476 3016 533; x_wconf 86' lang='lat' dir='ltr'><strong>magna</strong></span> <span class='ocrx_word' id='word_1_19' title='bbox 3062 463 3321 520; x_wconf 79' lang='lat' dir='ltr'><strong>tonitrua</strong></span> <span class='ocrx_word' id='word_1_20' title='bbox 3351 469 3409 521; x_wconf 91' lang='lat' dir='ltr'><strong>et</strong></span> <span class='ocrx_word' id='word_1_21' title='bbox 3442 466 3674 540; x_wconf 81' lang='lat' dir='ltr'><strong>fulgura</strong></span> 
     </span>
    </p>
   </div>
   <div class='ocr_carea' id='block_1_6' title="bbox 269 537 1904 625">
    <p class='ocr_par' dir='ltr' id='par_1_6' title="bbox 269 537 1904 625">
     <span class='ocr_line' id='line_1_6' title="bbox 269 537 1904 625; baseline -0.007 -21"><span class='ocrx_word' id='word_1_22' title='bbox 269 548 484 625; x_wconf 85' lang='grc' dir='ltr'>βρονταὶ</span> <span class='ocrx_word' id='word_1_23' title='bbox 533 546 623 603; x_wconf 83' lang='grc' dir='ltr'><strong>καὶ</strong></span> <span class='ocrx_word' id='word_1_24' title='bbox 677 544 966 620; x_wconf 80' lang='grc' dir='ltr'>ἀστραπαὶ,</span> <span class='ocrx_word' id='word_1_25' title='bbox 1020 545 1095 605; x_wconf 85' lang='grc' dir='ltr'>ὡς</span> <span class='ocrx_word' id='word_1_26' title='bbox 1147 541 1278 605; x_wconf 75' lang='grc' dir='ltr'>τοὺς</span> <span class='ocrx_word' id='word_1_27' title='bbox 1327 537 1572 601; x_wconf 76' lang='grc' dir='ltr'>πολλοὺς</span> <span class='ocrx_word' id='word_1_28' title='bbox 1622 540 1904 609; x_wconf 79' lang='grc' dir='ltr'><strong>καυθῆναι·</strong></span> 
     </span>
    </p>
   </div>
   <div class='ocr_carea' id='block_1_7' title="bbox 262 630 1904 708">
    <p class='ocr_par' dir='ltr' id='par_1_7' title="bbox 262 630 1904 708">
     <span class='ocr_line' id='line_1_7' title="bbox 262 630 1904 708; baseline -0.007 -14"><span class='ocrx_word' id='word_1_29' title='bbox 262 638 404 694; x_wconf 79' lang='grc' dir='ltr'><strong>ἀλλᾶ</strong></span> <span class='ocrx_word' id='word_1_30' title='bbox 458 636 547 692; x_wconf 83' lang='grc' dir='ltr'><strong>καὶ</strong></span> <span class='ocrx_word' id='word_1_31' title='bbox 603 635 827 707; x_wconf 84' lang='grc' dir='ltr'>σεισμὸς</span> <span class='ocrx_word' id='word_1_32' title='bbox 888 634 1139 708; x_wconf 78' lang='grc' dir='ltr'>μέγιστος</span> <span class='ocrx_word' id='word_1_33' title='bbox 1192 631 1283 685; x_wconf 82' lang='grc' dir='ltr'><strong>καὶ</strong></span> <span class='ocrx_word' id='word_1_34' title='bbox 1352 630 1694 705; x_wconf 80' lang='grc' dir='ltr'>παγκόσμιος</span> <span class='ocrx_word' id='word_1_35' title='bbox 1731 674 1746 698; x_wconf 88' lang='grc'><strong>,</strong></span> <span class='ocrx_word' id='word_1_36' title='bbox 1818 630 1904 683; x_wconf 81' lang='grc' dir='ltr'><strong>καὶ</strong></span> 
     </span>
    </p>
   </div>
   <div class='ocr_carea' id='block_1_8' title="bbox 263 717 1910 791">
    <p class='ocr_par' dir='ltr' id='par_1_8' title="bbox 263 717 1910 791">
     <span class='ocr_line' id='line_1_8' title="bbox 263 717 1910 791; baseline -0.008 -9"><span class='ocrx_word' id='word_1_37' title='bbox 263 724 446 782; x_wconf 72' lang='grc' dir='ltr'>ἔπεσον</span> <span class='ocrx_word' id='word_1_38' title='bbox 494 726 637 779; x_wconf 79' lang='grc' dir='ltr'>οἶκοι</span> <span class='ocrx_word' id='word_1_39' title='bbox 704 724 793 778; x_wconf 88' lang='grc' dir='ltr'><strong>καὶ</strong></span> <span class='ocrx_word' id='word_1_40' title='bbox 850 720 1134 791; x_wconf 76' lang='grc' dir='ltr'><strong>ἐκκλησίαι</strong></span> <span class='ocrx_word' id='word_1_41' title='bbox 1194 717 1403 774; x_wconf 88' lang='grc' dir='ltr'>ποΛλαὶ</span> <span class='ocrx_word' id='word_1_42' title='bbox 1462 718 1512 772; x_wconf 80' lang='grc' dir='ltr'><strong>έν</strong></span> <span class='ocrx_word' id='word_1_43' title='bbox 1574 721 1910 775; x_wconf 83' lang='grc' dir='ltr'>Κωνσταντι-</span> 
     </span>
    </p>
   </div>
   <div class='ocr_carea' id='block_1_9' title="bbox 262 805 1911 882">
    <p class='ocr_par' dir='ltr' id='par_1_9' title="bbox 262 805 1911 882">
     <span class='ocr_line' id='line_1_9' title="bbox 262 805 1911 882; baseline -0.007 -11"><span class='ocrx_word' id='word_1_44' title='bbox 262 813 552 882; x_wconf 89' lang='grc' dir='ltr'>νουπόλει,</span> <span class='ocrx_word' id='word_1_45' title='bbox 608 813 745 868; x_wconf 86' lang='grc' dir='ltr'>ὥστε</span> <span class='ocrx_word' id='word_1_46' title='bbox 800 810 1048 873; x_wconf 85' lang='grc' dir='ltr'>πολλοὺς</span> <span class='ocrx_word' id='word_1_47' title='bbox 1103 808 1445 877; x_wconf 83' lang='grc' dir='ltr'>τελευτῆσαι·</span> <span class='ocrx_word' id='word_1_48' title='bbox 1506 805 1653 861; x_wconf 72' lang='grc' dir='ltr'>ἀλλὰ</span> <span class='ocrx_word' id='word_1_49' title='bbox 1704 805 1793 861; x_wconf 87' lang='grc' dir='ltr'><strong>καὶ</strong></span> <span class='ocrx_word' id='word_1_50' title='bbox 1848 805 1911 859; x_wconf 85' lang='grc' dir='ltr'>τὸ</span> 
     </span>
    </p>
   </div>
   <div class='ocr_carea' id='block_1_10' title="bbox 261 896 1913 981">
    <p class='ocr_par' dir='ltr' id='par_1_10' title="bbox 261 896 1913 981">
     <span class='ocr_line' id='line_1_10' title="bbox 261 896 1913 981; baseline -0.007 -21"><span class='ocrx_word' id='word_1_51' title='bbox 261 911 446 981; x_wconf 86' lang='grc' dir='ltr'>τεῖχος</span> <span class='ocrx_word' id='word_1_52' title='bbox 502 910 601 973; x_wconf 81' lang='grc' dir='ltr'>τῆς</span> <span class='ocrx_word' id='word_1_53' title='bbox 660 900 899 968; x_wconf 83' lang='grc' dir='ltr'>πόλεως,</span> <span class='ocrx_word' id='word_1_54' title='bbox 963 897 1177 972; x_wconf 74' lang='grc' dir='ltr'>μᾶλλον</span> <span class='ocrx_word' id='word_1_55' title='bbox 1228 896 1286 953; x_wconf 73' lang='grc' dir='ltr'><strong>δὲ</strong></span> <span class='ocrx_word' id='word_1_56' title='bbox 1314 900 1413 963; x_wconf 77' lang='grc' dir='ltr'><strong>τῆς</strong></span> <span class='ocrx_word' id='word_1_57' title='bbox 1444 903 1682 972; x_wconf 80' lang='grc' dir='ltr'>Χρυσῆς.</span> <span class='ocrx_word' id='word_1_58' title='bbox 1716 897 1913 952; x_wconf 84' lang='grc' dir='ltr'>Ἔπεσε</span> 
     </span>
    </p>
   </div>
   <div class='ocr_carea' id='block_1_11' title="bbox 266 984 1909 1066">
    <p class='ocr_par' dir='ltr' id='par_1_11' title="bbox 266 984 1909 1066">
     <span class='ocr_line' id='line_1_11' title="bbox 266 984 1909 1066; baseline -0.007 -17"><span class='ocrx_word' id='word_1_59' title='bbox 266 994 321 1050; x_wconf 75' lang='grc' dir='ltr'><strong>δὲ</strong></span> <span class='ocrx_word' id='word_1_60' title='bbox 375 994 465 1048; x_wconf 81' lang='grc' dir='ltr'><strong>καὶ</strong></span> <span class='ocrx_word' id='word_1_61' title='bbox 521 995 556 1062; x_wconf 81' lang='grc' dir='ltr'>ἡ</span> <span class='ocrx_word' id='word_1_62' title='bbox 592 991 777 1066; x_wconf 86' lang='grc' dir='ltr'>λόγχη</span> <span class='ocrx_word' id='word_1_63' title='bbox 810 992 870 1059; x_wconf 81' lang='grc' dir='ltr'>ἢν</span> <span class='ocrx_word' id='word_1_64' title='bbox 905 989 1115 1064; x_wconf 74' lang='grc' dir='ltr'>ἰκράτει</span> <span class='ocrx_word' id='word_1_65' title='bbox 1148 990 1176 1042; x_wconf 83' lang='grc' dir='ltr'>ὁ</span> <span class='ocrx_word' id='word_1_66' title='bbox 1207 985 1426 1062; x_wconf 82' lang='grc' dir='ltr'>ἀνδριὰς</span> <span class='ocrx_word' id='word_1_67' title='bbox 1454 986 1481 1040; x_wconf 82' lang='grc' dir='ltr'>ὁ</span> <span class='ocrx_word' id='word_1_68' title='bbox 1512 984 1680 1047; x_wconf 78' lang='grc' dir='ltr'>ἑστὼς</span> <span class='ocrx_word' id='word_1_69' title='bbox 1714 984 1789 1047; x_wconf 75' lang='grc' dir='ltr'>εἰς</span> <span class='ocrx_word' id='word_1_70' title='bbox 1820 986 1909 1039; x_wconf 87' lang='grc' dir='ltr'>τὸν</span> 
     </span>
    </p>
   </div>
   <div class='ocr_carea' id='block_1_12' title="bbox 265 1073 1908 1159">
    <p class='ocr_par' dir='ltr' id='par_1_12' title="bbox 265 1073 1908 1159">
     <span class='ocr_line' id='line_1_12' title="bbox 265 1073 1908 1159; baseline -0.008 -20"><span class='ocrx_word' id='word_1_71' title='bbox 265 1085 427 1159; x_wconf 78' lang='grc' dir='ltr'>φόρον</span> <span class='ocrx_word' id='word_1_72' title='bbox 454 1086 553 1137; x_wconf 76' lang='grc' dir='ltr'><strong>τοῦ</strong></span> <span class='ocrx_word' id='word_1_73' title='bbox 600 1081 753 1157; x_wconf 84' lang='grc' dir='ltr'>άγίου</span> <span class='ocrx_word' id='word_1_74' title='bbox 802 1076 1232 1147; x_wconf 81' lang='grc' dir='ltr'>Κωνσταντίνου,</span> <span class='ocrx_word' id='word_1_75' title='bbox 1278 1077 1369 1131; x_wconf 83' lang='grc' dir='ltr'>καὶ</span> <span class='ocrx_word' id='word_1_76' title='bbox 1402 1073 1683 1150; x_wconf 70' lang='grc' dir='ltr'>ἐπεκράτει</span> <span class='ocrx_word' id='word_1_77' title='bbox 1740 1076 1775 1143; x_wconf 81' lang='grc' dir='ltr'><strong>ἡ</strong></span> <span class='ocrx_word' id='word_1_78' title='bbox 1837 1080 1908 1149; x_wconf 84' lang='grc' dir='ltr'>γῆ</span> 
     </span>
    </p>
   </div>
   <div class='ocr_carea' id='block_1_13' title="bbox 266 1162 1914 1246">
    <p class='ocr_par' dir='ltr' id='par_1_13' title="bbox 266 1162 1914 1246">
     <span class='ocr_line' id='line_1_13' title="bbox 266 1162 1914 1246; baseline -0.006 -19"><span class='ocrx_word' id='word_1_79' title='bbox 266 1173 517 1246; x_wconf 82' lang='grc' dir='ltr'>σειομένη</span> <span class='ocrx_word' id='word_1_80' title='bbox 565 1169 653 1225; x_wconf 74' lang='grc' dir='ltr'><strong>ἐπὶ</strong></span> <span class='ocrx_word' id='word_1_81' title='bbox 702 1166 869 1225; x_wconf 89' lang='grc' dir='ltr'>πολύ.</span> <span class='ocrx_word' id='word_1_82' title='bbox 903 1169 1000 1225; x_wconf 67' lang='grc' dir='ltr'><strong>Ἐκ.</strong></span> <span class='ocrx_word' id='word_1_83' title='bbox 1030 1164 1088 1222; x_wconf 63' lang='grc' dir='ltr'>δέ</span> <span class='ocrx_word' id='word_1_84' title='bbox 1116 1174 1215 1236; x_wconf 80' lang='grc' dir='ltr'>τῆς</span> <span class='ocrx_word' id='word_1_85' title='bbox 1248 1164 1424 1231; x_wconf 86' lang='grc' dir='ltr'>λύπης</span> <span class='ocrx_word' id='word_1_86' title='bbox 1455 1166 1483 1220; x_wconf 82' lang='grc' dir='ltr'>ὁ</span> <span class='ocrx_word' id='word_1_87' title='bbox 1530 1162 1786 1240; x_wconf 77' lang='grc' dir='ltr'>βασιλεὺς</span> <span class='ocrx_word' id='word_1_88' title='bbox 1836 1164 1914 1227; x_wconf 64' lang='grc' dir='ltr'><strong>είς</strong></span> 
     </span>
    </p>
   </div>
   <div class='ocr_carea' id='block_1_14' title="bbox 264 1251 1911 1331">
    <p class='ocr_par' dir='ltr' id='par_1_14' title="bbox 264 1251 1911 1331">
     <span class='ocr_line' id='line_1_14' title="bbox 264 1251 1911 1331; baseline -0.006 -15"><span class='ocrx_word' id='word_1_89' title='bbox 264 1264 331 1316; x_wconf 79' lang='grc' dir='ltr'>τὰ</span> <span class='ocrx_word' id='word_1_90' title='bbox 373 1259 625 1324; x_wconf 85' lang='grc' dir='ltr'>Γενέθλια</span> <span class='ocrx_word' id='word_1_91' title='bbox 670 1263 767 1314; x_wconf 78' lang='grc' dir='ltr'><strong>τοῦ</strong></span> <span class='ocrx_word' id='word_1_92' title='bbox 816 1258 1094 1331; x_wconf 73' lang='grc' dir='ltr'>Χριστοῦ,</span> <span class='ocrx_word' id='word_1_93' title='bbox 1143 1255 1232 1310; x_wconf 88' lang='grc' dir='ltr'><strong>καὶ</strong></span> <span class='ocrx_word' id='word_1_94' title='bbox 1283 1254 1359 1317; x_wconf 78' lang='grc' dir='ltr'>εἷς</span> <span class='ocrx_word' id='word_1_95' title='bbox 1403 1255 1470 1308; x_wconf 67' lang='grc' dir='ltr'><strong>τὰ</strong></span> <span class='ocrx_word' id='word_1_96' title='bbox 1520 1254 1649 1329; x_wconf 78' lang='grc' dir='ltr'>ἅγια</span> <span class='ocrx_word' id='word_1_97' title='bbox 1705 1251 1911 1329; x_wconf 77' lang='grc' dir='ltr'>Θεοφά-</span> 
     </span>
    </p>
   </div>
   <div class='ocr_carea' id='block_1_15' title="bbox 268 1340 1910 1423">
    <p class='ocr_par' dir='ltr' id='par_1_15' title="bbox 268 1340 1910 1423">
     <span class='ocr_line' id='line_1_15' title="bbox 268 1340 1910 1423; baseline -0.005 -20"><span class='ocrx_word' id='word_1_98' title='bbox 268 1372 399 1423; x_wconf 72' lang='grc' dir='ltr'><strong>-ιια⁹</strong></span> <span class='ocrx_word' id='word_1_99' title='bbox 457 1348 577 1404; x_wconf 77' lang='grc' dir='ltr'>ἄνευ</span> <span class='ocrx_word' id='word_1_100' title='bbox 629 1349 936 1421; x_wconf 76' lang='grc' dir='ltr'>πέμματος</span> <span class='ocrx_word' id='word_1_101' title='bbox 986 1342 1262 1419; x_wconf 78' lang='grc' dir='ltr'><strong>προῆλθεν</strong></span> <span class='ocrx_word' id='word_1_102' title='bbox 1299 1386 1312 1412; x_wconf 97' lang='grc'><strong>,</strong></span> <span class='ocrx_word' id='word_1_103' title='bbox 1379 1344 1467 1397; x_wconf 84' lang='grc' dir='ltr'><strong>καὶ</strong></span> <span class='ocrx_word' id='word_1_104' title='bbox 1527 1342 1596 1397; x_wconf 80' lang='grc' dir='ltr'>τὰ</span> <span class='ocrx_word' id='word_1_105' title='bbox 1651 1340 1700 1414; x_wconf 70' lang='grc' dir='ltr'><strong>ἐξ</strong></span> <span class='ocrx_word' id='word_1_106' title='bbox 1759 1340 1910 1403; x_wconf 82' lang='grc' dir='ltr'>ἔθους</span> 
     </span>
    </p>
   </div>
   <div class='ocr_carea' id='block_1_16' title="bbox 264 1428 1913 1516">
    <p class='ocr_par' dir='ltr' id='par_1_16' title="bbox 264 1428 1913 1516">
     <span class='ocr_line' id='line_1_16' title="bbox 264 1428 1913 1516; baseline -0.007 -22"><span class='ocrx_word' id='word_1_107' title='bbox 264 1437 645 1516; x_wconf 80' lang='grc' dir='ltr'>ἆρισ-τόδειπνα</span> <span class='ocrx_word' id='word_1_108' title='bbox 695 1440 790 1492; x_wconf 73' lang='grc' dir='ltr'>τοῦ</span> <span class='ocrx_word' id='word_1_109' title='bbox 822 1433 1249 1507; x_wconf 82' lang='grc' dir='ltr'>δωδεκαημέρου</span> <span class='ocrx_word' id='word_1_110' title='bbox 1308 1432 1407 1487; x_wconf 80' lang='grc' dir='ltr'><strong>οὐκ</strong></span> <span class='ocrx_word' id='word_1_111' title='bbox 1464 1429 1724 1486; x_wconf 75' lang='grc' dir='ltr'>ἔτέλεσεν·</span> <span class='ocrx_word' id='word_1_112' title='bbox 1786 1428 1913 1485; x_wconf 82' lang='grc' dir='ltr'>ἀλλ’</span> 
     </span>
    </p>
   </div>
   <div class='ocr_carea' id='block_1_17' title="bbox 265 1518 1909 1600">
    <p class='ocr_par' dir='ltr' id='par_1_17' title="bbox 265 1518 1909 1600">
     <span class='ocr_line' id='line_1_17' title="bbox 265 1518 1909 1600; baseline -0.007 -16"><span class='ocrx_word' id='word_1_113' title='bbox 265 1533 468 1585; x_wconf 80' lang='grc' dir='ltr'>ἅπαντα</span> <span class='ocrx_word' id='word_1_114' title='bbox 518 1534 636 1591; x_wconf 82' lang='grc' dir='ltr'>τοῖς</span> <span class='ocrx_word' id='word_1_115' title='bbox 694 1531 945 1600; x_wconf 79' lang='grc' dir='ltr'>πτωχοῖς</span> <span class='ocrx_word' id='word_1_116' title='bbox 1006 1522 1241 1595; x_wconf 79' lang='grc' dir='ltr'>διένειμε</span> <span class='ocrx_word' id='word_1_117' title='bbox 1277 1567 1289 1578; x_wconf 96' lang='grc'>.</span> <span class='ocrx_word' id='word_1_118' title='bbox 1358 1523 1468 1590; x_wconf 80' lang='grc' dir='ltr'>Τὴν</span> <span class='ocrx_word' id='word_1_119' title='bbox 1530 1518 1588 1574; x_wconf 75' lang='grc' dir='ltr'>δὲ</span> <span class='ocrx_word' id='word_1_120' title='bbox 1640 1518 1909 1582; x_wconf 79' lang='grc' dir='ltr'>θάλασσάν</span> 
     </span>
    </p>
   </div>
   <div class='ocr_carea' id='block_1_18' title="bbox 266 1605 1914 1697">
    <p class='ocr_par' dir='ltr' id='par_1_18' title="bbox 266 1605 1914 1697">
     <span class='ocr_line' id='line_1_18' title="bbox 266 1605 1914 1697; baseline -0.007 -26"><span class='ocrx_word' id='word_1_121' title='bbox 266 1640 419 1697; x_wconf 71' lang='grc' dir='ltr'>φασιν</span> <span class='ocrx_word' id='word_1_122' title='bbox 474 1614 580 1671; x_wconf 79' lang='grc' dir='ltr'>άπὸ</span> <span class='ocrx_word' id='word_1_123' title='bbox 636 1622 738 1685; x_wconf 82' lang='grc' dir='ltr'>τῆς</span> <span class='ocrx_word' id='word_1_124' title='bbox 794 1622 897 1689; x_wconf 84' lang='grc' dir='ltr'>γῆς</span> <span class='ocrx_word' id='word_1_125' title='bbox 951 1613 1196 1688; x_wconf 82' lang='grc' dir='ltr'>γενέσθαι</span> <span class='ocrx_word' id='word_1_126' title='bbox 1255 1610 1315 1665; x_wconf 77' lang='grc' dir='ltr'>ἐκ</span> <span class='ocrx_word' id='word_1_127' title='bbox 1341 1614 1439 1665; x_wconf 81' lang='grc' dir='ltr'>τοῦ</span> <span class='ocrx_word' id='word_1_128' title='bbox 1469 1612 1697 1697; x_wconf 76' lang='grc' dir='ltr'>σεισμοῦ</span> <span class='ocrx_word' id='word_1_129' title='bbox 1755 1605 1914 1681; x_wconf 87' lang='grc' dir='ltr'>μίλια</span> 
     </span>
    </p>
   </div>
   <div class='ocr_carea' id='block_1_19' title="bbox 264 1694 1911 1775">
    <p class='ocr_par' dir='ltr' id='par_1_19' title="bbox 264 1694 1911 1775">
     <span class='ocr_line' id='line_1_19' title="bbox 264 1694 1911 1775; baseline -0.009 -12"><span class='ocrx_word' id='word_1_130' title='bbox 264 1694 405 1775; x_wconf 75' lang='grc' dir='ltr'>τρία·</span> <span class='ocrx_word' id='word_1_131' title='bbox 460 1707 551 1761; x_wconf 81' lang='grc' dir='ltr'><strong>καὶ</strong></span> <span class='ocrx_word' id='word_1_132' title='bbox 615 1703 914 1767; x_wconf 74' lang='grc' dir='ltr'>ἀπολέσθαι</span> <span class='ocrx_word' id='word_1_133' title='bbox 964 1699 1135 1756; x_wconf 83' lang='grc' dir='ltr'>πλοῖα</span> <span class='ocrx_word' id='word_1_134' title='bbox 1186 1700 1239 1755; x_wconf 84' lang='grc' dir='ltr'><strong>έν</strong></span> <span class='ocrx_word' id='word_1_135' title='bbox 1281 1703 1351 1773; x_wconf 76' lang='grc' dir='ltr'>τῇ</span> <span class='ocrx_word' id='word_1_136' title='bbox 1398 1703 1494 1753; x_wconf 75' lang='grc' dir='ltr'><strong>τοῦ</strong></span> <span class='ocrx_word' id='word_1_137' title='bbox 1548 1694 1739 1759; x_wconf 75' lang='grc' dir='ltr'>ὕδατος</span> <span class='ocrx_word' id='word_1_138' title='bbox 1789 1697 1911 1750; x_wconf 84' lang='grc' dir='ltr'>ἀνα-</span> 
     </span>
    </p>
   </div>
   <div class='ocr_carea' id='block_1_20' title="bbox 270 1785 1994 1899">
    <p class='ocr_par' dir='ltr' id='par_1_20' title="bbox 270 1785 1994 1899">
     <span class='ocr_line' id='line_1_20' title="bbox 270 1785 1994 1899; baseline -0.008 -47"><span class='ocrx_word' id='word_1_139' title='bbox 270 1798 535 1873; x_wconf 79' lang='grc' dir='ltr'>χωρήσει.</span> <span class='ocrx_word' id='word_1_140' title='bbox 577 1796 773 1851; x_wconf 81' lang='grc' dir='ltr'>Ἔπεσε</span> <span class='ocrx_word' id='word_1_141' title='bbox 821 1790 878 1847; x_wconf 77' lang='grc' dir='ltr'><strong>δὶ</strong></span> <span class='ocrx_word' id='word_1_142' title='bbox 920 1791 1030 1899; x_wconf 46' lang='grc' dir='ltr'><strong>καὶ.⁸</strong></span> <span class='ocrx_word' id='word_1_143' title='bbox 1062 1788 1369 1899; x_wconf 45' lang='grc' dir='ltr'>Ξιτροῦλος</span> <span class='ocrx_word' id='word_1_144' title='bbox 1384 1794 1496 1899; x_wconf 31' lang='grc' dir='ltr'>’,τῆς</span> <span class='ocrx_word' id='word_1_145' title='bbox 1532 1785 1794 1899; x_wconf 42' lang='lat' dir='ltr'><strong>Mariam;</strong></span> <span class='ocrx_word' id='word_1_146' title='bbox 1826 1785 1911 1840; x_wconf 77' lang='grc' dir='ltr'><strong>ἐκ·</strong></span> <span class='ocrx_word' id='word_1_147' title='bbox 1946 1834 1994 1899; x_wconf 79' lang='grc' dir='ltr'>Β</span> 
     </span>
    </p>
   </div>
   <div class='ocr_carea' id='block_1_21' title="bbox 270 1874 1916 1955">
    <p class='ocr_par' dir='ltr' id='par_1_21' title="bbox 270 1874 1916 1955">
     <span class='ocr_line' id='line_1_21' title="bbox 270 1874 1916 1955; baseline -0.008 -15"><span class='ocrx_word' id='word_1_148' title='bbox 270 1884 531 1954; x_wconf 84' lang='grc' dir='ltr'>κλησίας,</span> <span class='ocrx_word' id='word_1_149' title='bbox 585 1883 661 1945; x_wconf 84' lang='grc' dir='ltr'>ὡς</span> <span class='ocrx_word' id='word_1_150' title='bbox 712 1882 968 1955; x_wconf 76' lang='grc' dir='ltr'>ἀνωτέρω</span> <span class='ocrx_word' id='word_1_151' title='bbox 1003 1876 1333 1949; x_wconf 80' lang='grc' dir='ltr'>δεδήλωται’</span> <span class='ocrx_word' id='word_1_152' title='bbox 1384 1878 1443 1931; x_wconf 81' lang='grc' dir='ltr'>ὃν</span> <span class='ocrx_word' id='word_1_153' title='bbox 1486 1875 1575 1930; x_wconf 85' lang='grc' dir='ltr'><strong>καὶ</strong></span> <span class='ocrx_word' id='word_1_154' title='bbox 1624 1874 1916 1945; x_wconf 72' lang='grc' dir='ltr'>ἀνέκτισεν,</span> 
     </span>
    </p>
   </div>
   <div class='ocr_carea' id='block_1_22' title="bbox 271 1963 1919 2048">
    <p class='ocr_par' dir='ltr' id='par_1_22' title="bbox 271 1963 1919 2048">
     <span class='ocr_line' id='line_1_22' title="bbox 271 1963 1919 2048; baseline -0.008 -18"><span class='ocrx_word' id='word_1_155' title='bbox 271 1976 455 2030; x_wconf 75' lang='grc' dir='ltr'>καὶτᾶ</span> <span class='ocrx_word' id='word_1_156' title='bbox 505 1971 724 2048; x_wconf 84' lang='grc' dir='ltr'>δεύτερα</span> <span class='ocrx_word' id='word_1_157' title='bbox 775 1968 1019 2045; x_wconf 83' lang='grc' dir='ltr'>έγκαίνια</span> <span class='ocrx_word' id='word_1_158' title='bbox 1071 1973 1174 2036; x_wconf 81' lang='grc' dir='ltr'>τῆς</span> <span class='ocrx_word' id='word_1_159' title='bbox 1232 1966 1398 2031; x_wconf 79' lang='grc' dir='ltr'>αὐτῆς</span> <span class='ocrx_word' id='word_1_160' title='bbox 1449 1963 1742 2033; x_wconf 83' lang='grc' dir='ltr'>ἐκκλησίας</span> <span class='ocrx_word' id='word_1_161' title='bbox 1795 1984 1919 2038; x_wconf 78' lang='grc' dir='ltr'>φαι-</span> 
     </span>
    </p>
   </div>
   <div class='ocr_carea' id='block_1_23' title="bbox 273 2053 1915 2138">
    <p class='ocr_par' dir='ltr' id='par_1_23' title="bbox 273 2053 1915 2138">
     <span class='ocr_line' id='line_1_23' title="bbox 273 2053 1915 2138; baseline -0.008 -19"><span class='ocrx_word' id='word_1_162' title='bbox 273 2062 497 2138; x_wconf 83' lang='grc' dir='ltr'>δρότερα</span> <span class='ocrx_word' id='word_1_163' title='bbox 553 2062 643 2116; x_wconf 85' lang='grc' dir='ltr'><strong>καὶ</strong></span> <span class='ocrx_word' id='word_1_164' title='bbox 701 2058 1058 2133; x_wconf 85' lang='grc' dir='ltr'>λαμπρότερα</span> <span class='ocrx_word' id='word_1_165' title='bbox 1112 2055 1443 2126; x_wconf 82' lang='grc' dir='ltr'>πεποίηκεν.</span> <span class='ocrx_word' id='word_1_166' title='bbox 1497 2053 1670 2115; x_wconf 83' lang='grc' dir='ltr'>Οὗτος</span> <span class='ocrx_word' id='word_1_167' title='bbox 1734 2054 1915 2125; x_wconf 85' lang='grc' dir='ltr'>μαθὼν</span> 
     </span>
    </p>
   </div>
   <div class='ocr_carea' id='block_1_24' title="bbox 270 2141 1918 2225">
    <p class='ocr_par' dir='ltr' id='par_1_24' title="bbox 270 2141 1918 2225">
     <span class='ocr_line' id='line_1_24' title="bbox 270 2141 1918 2225; baseline -0.008 -18"><span class='ocrx_word' id='word_1_168' title='bbox 270 2153 394 2225; x_wconf 74' lang='grc' dir='ltr'>περί</span> <span class='ocrx_word' id='word_1_169' title='bbox 446 2172 611 2206; x_wconf 89' lang='grc' dir='ltr'>τινων</span> <span class='ocrx_word' id='word_1_170' title='bbox 669 2146 1078 2225; x_wconf 77' lang='grc' dir='ltr'>ἇρρενοφθὸρων</span> <span class='ocrx_word' id='word_1_171' title='bbox 1117 2191 1132 2214; x_wconf 81' lang='grc'><strong>,</strong></span> <span class='ocrx_word' id='word_1_172' title='bbox 1207 2142 1495 2219; x_wconf 77' lang='grc' dir='ltr'>ἐρευνήσας</span> <span class='ocrx_word' id='word_1_173' title='bbox 1553 2141 1643 2196; x_wconf 86' lang='grc' dir='ltr'><strong>καὶ</strong></span> <span class='ocrx_word' id='word_1_174' title='bbox 1693 2141 1918 2202; x_wconf 86' lang='grc' dir='ltr'>τούτους</span> 
     </span>
    </p>
   </div>
   <div class='ocr_carea' id='block_1_25' title="bbox 271 2228 1918 2316">
    <p class='ocr_par' dir='ltr' id='par_1_25' title="bbox 271 2228 1918 2316">
     <span class='ocr_line' id='line_1_25' title="bbox 271 2228 1918 2316; baseline -0.009 -19"><span class='ocrx_word' id='word_1_175' title='bbox 271 2241 467 2316; x_wconf 73' lang='grc' dir='ltr'>εὑρὼν,</span> <span class='ocrx_word' id='word_1_176' title='bbox 524 2238 653 2301; x_wconf 79' lang='grc' dir='ltr'>τοὺς</span> <span class='ocrx_word' id='word_1_177' title='bbox 716 2239 809 2311; x_wconf 81' lang='grc' dir='ltr'><strong>μὶν</strong></span> <span class='ocrx_word' id='word_1_178' title='bbox 873 2233 1306 2303; x_wconf 81' lang='grc' dir='ltr'>ἐκαυλοκόπησε,</span> <span class='ocrx_word' id='word_1_179' title='bbox 1365 2238 1481 2293; x_wconf 83' lang='grc' dir='ltr'>τοῖς</span> <span class='ocrx_word' id='word_1_180' title='bbox 1524 2229 1581 2286; x_wconf 72' lang='grc' dir='ltr'><strong>δὲ</strong></span> <span class='ocrx_word' id='word_1_181' title='bbox 1636 2228 1918 2302; x_wconf 83' lang='grc' dir='ltr'>καλάμους</span> 
     </span>
    </p>
   </div>
   <div class='ocr_carea' id='block_1_26' title="bbox 271 2317 1915 2402">
    <p class='ocr_par' dir='ltr' id='par_1_26' title="bbox 271 2317 1915 2402">
     <span class='ocr_line' id='line_1_26' title="bbox 271 2317 1915 2402; baseline -0.008 -17"><span class='ocrx_word' id='word_1_182' title='bbox 271 2330 410 2400; x_wconf 79' lang='grc' dir='ltr'>ὀξεῖς</span> <span class='ocrx_word' id='word_1_183' title='bbox 448 2322 817 2402; x_wconf 70' lang='grc' dir='ltr'>ἐμϐάλλεσθαι</span> <span class='ocrx_word' id='word_1_184' title='bbox 846 2325 920 2387; x_wconf 87' lang='grc' dir='ltr'>εἷς</span> <span class='ocrx_word' id='word_1_185' title='bbox 950 2323 1078 2386; x_wconf 74' lang='grc' dir='ltr'>τοὺς</span> <span class='ocrx_word' id='word_1_186' title='bbox 1110 2322 1313 2398; x_wconf 84' lang='grc' dir='ltr'>πόρους</span> <span class='ocrx_word' id='word_1_187' title='bbox 1361 2325 1469 2376; x_wconf 83' lang='grc' dir='ltr'><strong>τῶν</strong></span> <span class='ocrx_word' id='word_1_188' title='bbox 1516 2317 1737 2374; x_wconf 78' lang='grc' dir='ltr'>αἶ’δοίων</span> <span class='ocrx_word' id='word_1_189' title='bbox 1801 2318 1915 2373; x_wconf 83' lang='grc' dir='ltr'>έκέ-</span> 
     </span>
    </p>
   </div>
   <div class='ocr_carea' id='block_1_27' title="bbox 267 2404 1917 2491">
    <p class='ocr_par' dir='ltr' id='par_1_27' title="bbox 267 2404 1917 2491">
     <span class='ocr_line' id='line_1_27' title="bbox 267 2404 1917 2491; baseline -0.008 -17"><span class='ocrx_word' id='word_1_190' title='bbox 267 2418 446 2487; x_wconf 82' lang='grc' dir='ltr'>λευσε,</span> <span class='ocrx_word' id='word_1_191' title='bbox 501 2418 591 2472; x_wconf 81' lang='grc' dir='ltr'>καὶ</span> <span class='ocrx_word' id='word_1_192' title='bbox 648 2413 894 2491; x_wconf 76' lang='grc' dir='ltr'>γυμνοὺς</span> <span class='ocrx_word' id='word_1_193' title='bbox 951 2414 1089 2468; x_wconf 75' lang='grc' dir='ltr'>κατὰ</span> <span class='ocrx_word' id='word_1_194' title='bbox 1145 2413 1244 2480; x_wconf 77' lang='grc' dir='ltr'>τὴν</span> <span class='ocrx_word' id='word_1_195' title='bbox 1294 2410 1495 2485; x_wconf 70' lang='grc' dir='ltr'>ἀγορὰν</span> <span class='ocrx_word' id='word_1_196' title='bbox 1557 2404 1917 2484; x_wconf 73' lang='grc' dir='ltr'>θριαμϐευθῆ-</span> 
     </span>
    </p>
   </div>
   <div class='ocr_carea' id='block_1_28' title="bbox 264 2496 1916 2580">
    <p class='ocr_par' dir='ltr' id='par_1_28' title="bbox 264 2496 1916 2580">
     <span class='ocr_line' id='line_1_28' title="bbox 264 2496 1916 2580; baseline -0.008 -18"><span class='ocrx_word' id='word_1_197' title='bbox 264 2529 373 2562; x_wconf 81' lang='grc' dir='ltr'>ναι.</span> <span class='ocrx_word' id='word_1_198' title='bbox 431 2512 704 2580; x_wconf 82' lang='grc' dir='ltr'>Ὑπῆρχον</span> <span class='ocrx_word' id='word_1_199' title='bbox 762 2504 944 2576; x_wconf 77' lang='grc' dir='ltr'>μέντοι</span> <span class='ocrx_word' id='word_1_200' title='bbox 995 2501 1055 2555; x_wconf 80' lang='grc' dir='ltr'><strong>ἐκ</strong></span> <span class='ocrx_word' id='word_1_201' title='bbox 1084 2504 1193 2555; x_wconf 80' lang='grc' dir='ltr'>τῶν</span> <span class='ocrx_word' id='word_1_202' title='bbox 1224 2497 1467 2553; x_wconf 81' lang='grc' dir='ltr'>πολιτῶν</span> <span class='ocrx_word' id='word_1_203' title='bbox 1514 2496 1603 2552; x_wconf 85' lang='grc' dir='ltr'><strong>καὶ</strong></span> <span class='ocrx_word' id='word_1_204' title='bbox 1652 2501 1758 2551; x_wconf 80' lang='grc' dir='ltr'><strong>τῶν</strong></span> <span class='ocrx_word' id='word_1_205' title='bbox 1789 2516 1916 2571; x_wconf 89' lang='grc' dir='ltr'>συγ-</span> 
     </span>
    </p>
   </div>
   <div class='ocr_carea' id='block_1_29' title="bbox 264 2585 1917 2666">
    <p class='ocr_par' dir='ltr' id='par_1_29' title="bbox 264 2585 1917 2666">
     <span class='ocr_line' id='line_1_29' title="bbox 264 2585 1917 2666; baseline -0.007 -15"><span class='ocrx_word' id='word_1_206' title='bbox 264 2593 547 2666; x_wconf 78' lang='grc' dir='ltr'>κλητικῶν</span> <span class='ocrx_word' id='word_1_207' title='bbox 603 2592 809 2649; x_wconf 87' lang='grc' dir='ltr'>πολλοὶ</span> <span class='ocrx_word' id='word_1_208' title='bbox 862 2595 969 2646; x_wconf 80' lang='grc' dir='ltr'>τῶν</span> <span class='ocrx_word' id='word_1_209' title='bbox 1023 2587 1081 2644; x_wconf 75' lang='grc' dir='ltr'><strong>δὶ</strong></span> <span class='ocrx_word' id='word_1_210' title='bbox 1136 2586 1437 2663; x_wconf 82' lang='grc' dir='ltr'>ἀρχιερέων</span> <span class='ocrx_word' id='word_1_211' title='bbox 1472 2586 1570 2641; x_wconf 82' lang='grc' dir='ltr'><strong>οὐκ</strong></span> <span class='ocrx_word' id='word_1_212' title='bbox 1600 2585 1804 2660; x_wconf 78' lang='grc' dir='ltr'>ὀλίγοι·</span> <span class='ocrx_word' id='word_1_213' title='bbox 1865 2587 1917 2639; x_wconf 83' lang='lat' dir='ltr'><strong>oi</strong></span> 
     </span>
    </p>
   </div>
   <div class='ocr_carea' id='block_1_30' title="bbox 268 2676 1915 2757">
    <p class='ocr_par' dir='ltr' id='par_1_30' title="bbox 268 2676 1915 2757">
     <span class='ocr_line' id='line_1_30' title="bbox 268 2676 1915 2757; baseline -0.008 -17"><span class='ocrx_word' id='word_1_214' title='bbox 268 2684 630 2757; x_wconf 78' lang='grc' dir='ltr'>δημευθέντες</span> <span class='ocrx_word' id='word_1_215' title='bbox 689 2680 864 2741; x_wconf 73' lang='grc' dir='ltr'>οὕτως</span> <span class='ocrx_word' id='word_1_216' title='bbox 912 2679 1300 2755; x_wconf 85' lang='grc' dir='ltr'>περιαγόμενοι</span> <span class='ocrx_word' id='word_1_217' title='bbox 1358 2677 1494 2730; x_wconf 75' lang='grc' dir='ltr'>κατὰ</span> <span class='ocrx_word' id='word_1_218' title='bbox 1555 2676 1654 2743; x_wconf 76' lang='grc' dir='ltr'>τὴν</span> <span class='ocrx_word' id='word_1_219' title='bbox 1715 2676 1915 2750; x_wconf 80' lang='grc' dir='ltr'>ἀγορὰν</span> 
     </span>
    </p>
   </div>
   <div class='ocr_carea' id='block_1_31' title="bbox 267 2763 1917 2849">
    <p class='ocr_par' dir='ltr' id='par_1_31' title="bbox 267 2763 1917 2849">
     <span class='ocr_line' id='line_1_31' title="bbox 267 2763 1917 2849; baseline -0.006 -22"><span class='ocrx_word' id='word_1_220' title='bbox 267 2772 507 2849; x_wconf 80' lang='grc' dir='ltr'>γυμνοὶ,</span> <span class='ocrx_word' id='word_1_221' title='bbox 568 2772 800 2847; x_wconf 75' lang='grc' dir='ltr'>οἰκτρῶς</span> <span class='ocrx_word' id='word_1_222' title='bbox 867 2767 1263 2837; x_wconf 72' lang='grc' dir='ltr'>ἐτελεύτησανο</span> <span class='ocrx_word' id='word_1_223' title='bbox 1322 2764 1413 2819; x_wconf 82' lang='grc' dir='ltr'><strong>καὶ</strong></span> <span class='ocrx_word' id='word_1_224' title='bbox 1469 2768 1766 2839; x_wconf 81' lang='grc' dir='ltr'>γενομένου</span> <span class='ocrx_word' id='word_1_225' title='bbox 1820 2763 1917 2841; x_wconf 84' lang='grc' dir='ltr'><strong>φό-</strong></span> 
     </span>
    </p>
   </div>
   <div class='ocr_carea' id='block_1_32' title="bbox 269 2851 1917 2936">
    <p class='ocr_par' dir='ltr' id='par_1_32' title="bbox 269 2851 1917 2936">
     <span class='ocr_line' id='line_1_32' title="bbox 269 2851 1917 2936; baseline -0.007 -18"><span class='ocrx_word' id='word_1_226' title='bbox 269 2860 374 2918; x_wconf 74' lang='grc' dir='ltr'>ϐου</span> <span class='ocrx_word' id='word_1_227' title='bbox 433 2860 696 2936; x_wconf 76' lang='grc' dir='ltr'>μεγάλου,</span> <span class='ocrx_word' id='word_1_228' title='bbox 755 2860 808 2914; x_wconf 72' lang='grc' dir='ltr'>οἱ</span> <span class='ocrx_word' id='word_1_229' title='bbox 840 2857 1025 2912; x_wconf 80' lang='grc' dir='ltr'>Αοιποὶ</span> <span class='ocrx_word' id='word_1_230' title='bbox 1058 2852 1553 2933; x_wconf 77' lang='grc' dir='ltr'>έσωφρονίσθησαν.</span> <span class='ocrx_word' id='word_1_231' title='bbox 1587 2851 1917 2921; x_wconf 82' lang='grc' dir='ltr'>Ὀλολύζετο</span> 
     </span>
    </p>
   </div>
   <div class='ocr_carea' id='block_1_33' title="bbox 269 2938 1919 3028">
    <p class='ocr_par' dir='ltr' id='par_1_33' title="bbox 269 2938 1919 3028">
     <span class='ocr_line' id='line_1_33' title="bbox 269 2938 1919 3028; baseline -0.007 -22"><span class='ocrx_word' id='word_1_232' title='bbox 269 2952 400 3028; x_wconf 76' lang='grc' dir='ltr'>γὰρ,</span> <span class='ocrx_word' id='word_1_233' title='bbox 433 2951 586 3026; x_wconf 81' lang='grc' dir='ltr'>φησὶ,</span> <span class='ocrx_word' id='word_1_234' title='bbox 641 2947 818 3016; x_wconf 83' lang='grc' dir='ltr'>πίτυς,</span> <span class='ocrx_word' id='word_1_235' title='bbox 886 2945 968 3000; x_wconf 80' lang='grc' dir='ltr'>ὅτι</span> <span class='ocrx_word' id='word_1_236' title='bbox 1025 2945 1278 2999; x_wconf 82' lang='grc' dir='ltr'>πέπτωκε</span> <span class='ocrx_word' id='word_1_237' title='bbox 1324 2940 1535 3015; x_wconf 83' lang='grc' dir='ltr'>κέδρος.</span> <span class='ocrx_word' id='word_1_238' title='bbox 1597 2944 1832 3028; x_wconf 81' lang='grc' dir='ltr'>Ἔστησε</span> <span class='ocrx_word' id='word_1_239' title='bbox 1862 2938 1919 3028; x_wconf 68' lang='grc' dir='ltr'><strong>δί</strong></span> 
     </span>
    </p>
   </div>
   <div class='ocr_carea' id='block_1_34' title="bbox 267 3027 1917 3109">
    <p class='ocr_par' dir='ltr' id='par_1_34' title="bbox 267 3027 1917 3109">
     <span class='ocr_line' id='line_1_34' title="bbox 267 3027 1917 3109; baseline -0.008 -14"><span class='ocrx_word' id='word_1_240' title='bbox 267 3027 362 3095; x_wconf 78' lang='grc' dir='ltr'><strong>καὶ</strong></span> <span class='ocrx_word' id='word_1_241' title='bbox 404 3041 496 3094; x_wconf 86' lang='grc' dir='ltr'>τὸν</span> <span class='ocrx_word' id='word_1_242' title='bbox 547 3039 705 3091; x_wconf 86' lang='grc' dir='ltr'>κίονα</span> <span class='ocrx_word' id='word_1_243' title='bbox 747 3036 837 3091; x_wconf 89' lang='grc' dir='ltr'>τὸν</span> <span class='ocrx_word' id='word_1_244' title='bbox 893 3029 1192 3109; x_wconf 84' lang='grc' dir='ltr'>λεγόμενον</span> <span class='ocrx_word' id='word_1_245' title='bbox 1244 3031 1654 3105; x_wconf 80' lang='grc' dir='ltr'>Δύγουστιῶνα,</span> <span class='ocrx_word' id='word_1_246' title='bbox 1715 3027 1917 3092; x_wconf 76' lang='grc' dir='ltr'>ἐπιθεὶς</span> 
     </span>
    </p>
   </div>
   <div class='ocr_carea' id='block_1_35' title="bbox 268 3118 1916 3204">
    <p class='ocr_par' dir='ltr' id='par_1_35' title="bbox 268 3118 1916 3204">
     <span class='ocr_line' id='line_1_35' title="bbox 268 3118 1916 3204; baseline -0.008 -19"><span class='ocrx_word' id='word_1_247' title='bbox 268 3128 454 3185; x_wconf 70' lang='grc' dir='ltr'>έπάνω</span> <span class='ocrx_word' id='word_1_248' title='bbox 528 3122 758 3204; x_wconf 75' lang='grc' dir='ltr'>ἔφιππον</span> <span class='ocrx_word' id='word_1_249' title='bbox 826 3124 926 3192; x_wconf 79' lang='grc' dir='ltr'>τὴν</span> <span class='ocrx_word' id='word_1_250' title='bbox 985 3121 1149 3176; x_wconf 81' lang='grc' dir='ltr'><strong>αύτοῦ</strong></span> <span class='ocrx_word' id='word_1_251' title='bbox 1202 3118 1435 3189; x_wconf 80' lang='grc' dir='ltr'>στήλην,</span> <span class='ocrx_word' id='word_1_252' title='bbox 1493 3121 1790 3196; x_wconf 74' lang='grc' dir='ltr'>κρατοῦσαν</span> <span class='ocrx_word' id='word_1_253' title='bbox 1848 3120 1916 3190; x_wconf 80' lang='grc' dir='ltr'>τῇ</span> 
     </span>
    </p>
   </div>
   <div class='ocr_carea' id='block_1_36' title="bbox 2021 542 3667 625">
    <p class='ocr_par' dir='ltr' id='par_1_36' title="bbox 2021 542 3667 625">
     <span class='ocr_line' id='line_1_36' title="bbox 2021 542 3667 625; baseline 0.009 -28"><span class='ocrx_word' id='word_1_254' title='bbox 2021 542 2284 615; x_wconf 84' lang='lat' dir='ltr'><strong>delapsa,</strong></span> <span class='ocrx_word' id='word_1_255' title='bbox 2327 560 2456 615; x_wconf 61' lang='lat' dir='ltr'><strong>qua:</strong></span> <span class='ocrx_word' id='word_1_256' title='bbox 2506 547 2722 604; x_wconf 86' lang='lat' dir='ltr'><strong>multos</strong></span> <span class='ocrx_word' id='word_1_257' title='bbox 2772 551 3224 607; x_wconf 90' lang='lat' dir='ltr'><strong>combusserunt</strong></span> <span class='ocrx_word' id='word_1_258' title='bbox 3256 570 3269 609; x_wconf 91' lang='lat'><strong>:</strong></span> <span class='ocrx_word' id='word_1_259' title='bbox 3304 554 3444 625; x_wconf 90' lang='lat' dir='ltr'><strong>quin</strong></span> <span class='ocrx_word' id='word_1_260' title='bbox 3493 559 3667 613; x_wconf 89' lang='lat' dir='ltr'><strong>etiam</strong></span> 
     </span>
    </p>
   </div>
   <div class='ocr_carea' id='block_1_37' title="bbox 2020 635 3668 708">
    <p class='ocr_par' dir='ltr' id='par_1_37' title="bbox 2020 635 3668 708">
     <span class='ocr_line' id='line_1_37' title="bbox 2020 635 3668 708; baseline 0.01 -23"><span class='ocrx_word' id='word_1_261' title='bbox 2020 635 2185 686; x_wconf 63' lang='lat' dir='ltr'><strong>terrae</strong></span> <span class='ocrx_word' id='word_1_262' title='bbox 2219 638 2410 690; x_wconf 88' lang='lat' dir='ltr'><strong>motus</strong></span> <span class='ocrx_word' id='word_1_263' title='bbox 2457 635 2753 693; x_wconf 84' lang='lat' dir='ltr'><strong>maximus</strong></span> <span class='ocrx_word' id='word_1_264' title='bbox 2777 642 2838 693; x_wconf 87' lang='lat' dir='ltr'><strong>et</strong></span> <span class='ocrx_word' id='word_1_265' title='bbox 2912 640 3288 708; x_wconf 81' lang='lat' dir='ltr'><strong>universalis,</strong></span> <span class='ocrx_word' id='word_1_266' title='bbox 3323 643 3405 699; x_wconf 85' lang='lat' dir='ltr'><strong>ita</strong></span> <span class='ocrx_word' id='word_1_267' title='bbox 3452 651 3515 699; x_wconf 89' lang='lat' dir='ltr'><strong>ut</strong></span> <span class='ocrx_word' id='word_1_268' title='bbox 3563 648 3668 702; x_wconf 72' lang='lat' dir='ltr'><strong>do~</strong></span> 
     </span>
    </p>
   </div>
   <div class='ocr_carea' id='block_1_38' title="bbox 2024 723 3668 802">
    <p class='ocr_par' dir='ltr' id='par_1_38' title="bbox 2024 723 3668 802">
     <span class='ocr_line' id='line_1_38' title="bbox 2024 723 3668 802; baseline 0.01 -28"><span class='ocrx_word' id='word_1_269' title='bbox 2024 737 2158 776; x_wconf 90' lang='lat' dir='ltr'><strong>mus</strong></span> <span class='ocrx_word' id='word_1_270' title='bbox 2206 725 2263 776; x_wconf 91' lang='lat' dir='ltr'><strong>et</strong></span> <span class='ocrx_word' id='word_1_271' title='bbox 2314 723 2570 779; x_wconf 74' lang='lat' dir='ltr'><strong>ecclesiaa</strong></span> <span class='ocrx_word' id='word_1_272' title='bbox 2631 726 2828 781; x_wconf 68' lang='lat' dir='ltr'><strong>multae</strong></span> <span class='ocrx_word' id='word_1_273' title='bbox 2877 729 3382 802; x_wconf 75' lang='lat' dir='ltr'><strong>Constantinopoli</strong></span> <span class='ocrx_word' id='word_1_274' title='bbox 3433 749 3668 790; x_wconf 87' lang='lat' dir='ltr'><strong>corrue-</strong></span> 
     </span>
    </p>
   </div>
   <div class='ocr_carea' id='block_1_39' title="bbox 2023 811 3672 886">
    <p class='ocr_par' dir='ltr' id='par_1_39' title="bbox 2023 811 3672 886">
     <span class='ocr_line' id='line_1_39' title="bbox 2023 811 3672 886; baseline 0.01 -23"><span class='ocrx_word' id='word_1_275' title='bbox 2023 815 2176 880; x_wconf 87' lang='lat' dir='ltr'><strong>rent,</strong></span> <span class='ocrx_word' id='word_1_276' title='bbox 2208 811 2497 883; x_wconf 79' lang='lat' dir='ltr'><strong>multique</strong></span> <span class='ocrx_word' id='word_1_277' title='bbox 2549 815 3055 886; x_wconf 80' lang='lat' dir='ltr'><strong>opprimerentur;</strong></span> <span class='ocrx_word' id='word_1_278' title='bbox 3091 818 3209 875; x_wconf 89' lang='lat' dir='ltr'><strong>imo</strong></span> <span class='ocrx_word' id='word_1_279' title='bbox 3258 822 3432 876; x_wconf 88' lang='lat' dir='ltr'><strong>etiam</strong></span> <span class='ocrx_word' id='word_1_280' title='bbox 3468 840 3672 880; x_wconf 88' lang='lat' dir='ltr'><strong>murus</strong></span> 
     </span>
    </p>
   </div>
   <div class='ocr_carea' id='block_1_40' title="bbox 2022 899 3669 979">
    <p class='ocr_par' dir='ltr' id='par_1_40' title="bbox 2022 899 3669 979">
     <span class='ocr_line' id='line_1_40' title="bbox 2022 899 3669 979; baseline 0.009 -27"><span class='ocrx_word' id='word_1_281' title='bbox 2022 899 2208 969; x_wconf 86' lang='lat' dir='ltr'><strong>urbis,</strong></span> <span class='ocrx_word' id='word_1_282' title='bbox 2268 906 2324 955; x_wconf 86' lang='lat' dir='ltr'><strong>et</strong></span> <span class='ocrx_word' id='word_1_283' title='bbox 2380 902 2631 957; x_wconf 81' lang='lat' dir='ltr'><strong>maxime</strong></span> <span class='ocrx_word' id='word_1_284' title='bbox 2687 904 2758 959; x_wconf 91' lang='lat' dir='ltr'><strong>ad</strong></span> <span class='ocrx_word' id='word_1_285' title='bbox 2814 908 3059 961; x_wconf 87' lang='lat' dir='ltr'><strong>Auream</strong></span> <span class='ocrx_word' id='word_1_286' title='bbox 3116 913 3343 979; x_wconf 89' lang='lat' dir='ltr'><strong>portam</strong></span> <span class='ocrx_word' id='word_1_287' title='bbox 3396 927 3409 963; x_wconf 90' lang='lat'><strong>:</strong></span> <span class='ocrx_word' id='word_1_288' title='bbox 3466 910 3669 968; x_wconf 77' lang='lat' dir='ltr'><strong>lancea</strong></span> 
     </span>
    </p>
   </div>
   <div class='ocr_carea' id='block_1_41' title="bbox 2022 986 3675 1060">
    <p class='ocr_par' dir='ltr' id='par_1_41' title="bbox 2022 986 3675 1060">
     <span class='ocr_line' id='line_1_41' title="bbox 2022 986 3675 1060; baseline 0.008 -19"><span class='ocrx_word' id='word_1_289' title='bbox 2022 986 2185 1058; x_wconf 87' lang='lat' dir='ltr'><strong>item,</strong></span> <span class='ocrx_word' id='word_1_290' title='bbox 2244 1005 2420 1060; x_wconf 90' lang='lat' dir='ltr'><strong>quam</strong></span> <span class='ocrx_word' id='word_1_291' title='bbox 2484 995 2679 1047; x_wconf 82' lang='lat' dir='ltr'><strong>statua</strong></span> <span class='ocrx_word' id='word_1_292' title='bbox 2736 993 2795 1047; x_wconf 91' lang='lat' dir='ltr'><strong>in</strong></span> <span class='ocrx_word' id='word_1_293' title='bbox 2861 995 3004 1050; x_wconf 87' lang='lat' dir='ltr'><strong>Foro</strong></span> <span class='ocrx_word' id='word_1_294' title='bbox 3068 998 3253 1051; x_wconf 84' lang='lat' dir='ltr'><strong>sancti</strong></span> <span class='ocrx_word' id='word_1_295' title='bbox 3307 998 3675 1054; x_wconf 83' lang='lat' dir='ltr'><strong>Constantini</strong></span> 
     </span>
    </p>
   </div>
   <div class='ocr_carea' id='block_1_42' title="bbox 2022 1080 3678 1157">
    <p class='ocr_par' dir='ltr' id='par_1_42' title="bbox 2022 1080 3678 1157">
     <span class='ocr_line' id='line_1_42' title="bbox 2022 1080 3678 1157; baseline 0.007 -25"><span class='ocrx_word' id='word_1_296' title='bbox 2022 1083 2213 1133; x_wconf 86' lang='lat' dir='ltr'><strong>erecta</strong></span> <span class='ocrx_word' id='word_1_297' title='bbox 2261 1080 2551 1150; x_wconf 78' lang='lat' dir='ltr'><strong>gestabat,</strong></span> <span class='ocrx_word' id='word_1_298' title='bbox 2586 1080 2643 1135; x_wconf 89' lang='lat' dir='ltr'><strong>in</strong></span> <span class='ocrx_word' id='word_1_299' title='bbox 2699 1086 2916 1137; x_wconf 91' lang='lat' dir='ltr'><strong>terram</strong></span> <span class='ocrx_word' id='word_1_300' title='bbox 2958 1084 3204 1154; x_wconf 88' lang='lat' dir='ltr'><strong>decidit;</strong></span> <span class='ocrx_word' id='word_1_301' title='bbox 3255 1086 3475 1157; x_wconf 86' lang='lat' dir='ltr'><strong>diuque</strong></span> <span class='ocrx_word' id='word_1_302' title='bbox 3523 1093 3678 1144; x_wconf 89' lang='lat' dir='ltr'><strong>terra</strong></span> 
     </span>
    </p>
   </div>
   <div class='ocr_carea' id='block_1_43' title="bbox 2021 1167 3678 1234">
    <p class='ocr_par' dir='ltr' id='par_1_43' title="bbox 2021 1167 3678 1234">
     <span class='ocr_line' id='line_1_43' title="bbox 2021 1167 3678 1234; baseline 0.007 -13"><span class='ocrx_word' id='word_1_303' title='bbox 2021 1167 2080 1222; x_wconf 93' lang='lat' dir='ltr'><strong>in</strong></span> <span class='ocrx_word' id='word_1_304' title='bbox 2122 1168 2222 1223; x_wconf 88' lang='lat' dir='ltr'><strong>illa</strong></span> <span class='ocrx_word' id='word_1_305' title='bbox 2253 1172 2645 1226; x_wconf 85' lang='lat' dir='ltr'><strong>commotione</strong></span> <span class='ocrx_word' id='word_1_306' title='bbox 2694 1173 2933 1228; x_wconf 85' lang='lat' dir='ltr'><strong>mansit.</strong></span> <span class='ocrx_word' id='word_1_307' title='bbox 2969 1176 3047 1229; x_wconf 85' lang='lat' dir='ltr'><strong>Ex</strong></span> <span class='ocrx_word' id='word_1_308' title='bbox 3096 1180 3275 1231; x_wconf 66' lang='lat' dir='ltr'><strong>tantas</strong></span> <span class='ocrx_word' id='word_1_309' title='bbox 3326 1176 3678 1234; x_wconf 83' lang='lat' dir='ltr'><strong>calamitatis</strong></span> 
     </span>
    </p>
   </div>
   <div class='ocr_carea' id='block_1_44' title="bbox 2023 1256 3675 1337">
    <p class='ocr_par' dir='ltr' id='par_1_44' title="bbox 2023 1256 3675 1337">
     <span class='ocr_line' id='line_1_44' title="bbox 2023 1256 3675 1337; baseline 0.005 -26"><span class='ocrx_word' id='word_1_310' title='bbox 2023 1272 2269 1313; x_wconf 75' lang='lat' dir='ltr'><strong>maerore</strong></span> <span class='ocrx_word' id='word_1_311' title='bbox 2302 1256 2621 1329; x_wconf 84' lang='lat' dir='ltr'><strong>imperator</strong></span> <span class='ocrx_word' id='word_1_312' title='bbox 2645 1260 2706 1315; x_wconf 92' lang='lat' dir='ltr'><strong>in</strong></span> <span class='ocrx_word' id='word_1_313' title='bbox 2730 1260 2920 1316; x_wconf 86' lang='lat' dir='ltr'><strong>Natali</strong></span> <span class='ocrx_word' id='word_1_314' title='bbox 2942 1265 2999 1317; x_wconf 92' lang='lat' dir='ltr'><strong>et</strong></span> <span class='ocrx_word' id='word_1_315' title='bbox 3027 1262 3086 1317; x_wconf 92' lang='lat' dir='ltr'><strong>in</strong></span> <span class='ocrx_word' id='word_1_316' title='bbox 3120 1268 3321 1320; x_wconf 89' lang='lat' dir='ltr'><strong>sancta</strong></span> <span class='ocrx_word' id='word_1_317' title='bbox 3348 1265 3675 1337; x_wconf 88' lang='lat' dir='ltr'><strong>Epiphania</strong></span> 
     </span>
    </p>
   </div>
   <div class='ocr_carea' id='block_1_45' title="bbox 2022 1344 3672 1421">
    <p class='ocr_par' dir='ltr' id='par_1_45' title="bbox 2022 1344 3672 1421">
     <span class='ocr_line' id='line_1_45' title="bbox 2022 1344 3672 1421; baseline 0.005 -21"><span class='ocrx_word' id='word_1_318' title='bbox 2022 1344 2263 1413; x_wconf 89' lang='lat' dir='ltr'><strong>Christi,</strong></span> <span class='ocrx_word' id='word_1_319' title='bbox 2315 1347 2442 1402; x_wconf 90' lang='lat' dir='ltr'><strong>sine</strong></span> <span class='ocrx_word' id='word_1_320' title='bbox 2494 1365 2708 1404; x_wconf 87' lang='lat' dir='ltr'><strong>corona</strong></span> <span class='ocrx_word' id='word_1_321' title='bbox 2758 1351 2994 1421; x_wconf 86' lang='lat' dir='ltr'><strong>prodiit,</strong></span> <span class='ocrx_word' id='word_1_322' title='bbox 3026 1357 3082 1406; x_wconf 91' lang='lat' dir='ltr'><strong>et</strong></span> <span class='ocrx_word' id='word_1_323' title='bbox 3129 1359 3409 1408; x_wconf 88' lang='lat' dir='ltr'><strong>consueta</strong></span> <span class='ocrx_word' id='word_1_324' title='bbox 3451 1355 3672 1410; x_wconf 90' lang='lat' dir='ltr'><strong>duode-</strong></span> 
     </span>
    </p>
   </div>
   <div class='ocr_carea' id='block_1_46' title="bbox 2023 1433 3674 1509">
    <p class='ocr_par' dir='ltr' id='par_1_46' title="bbox 2023 1433 3674 1509">
     <span class='ocr_line' id='line_1_46' title="bbox 2023 1433 3674 1509; baseline 0.006 -21"><span class='ocrx_word' id='word_1_325' title='bbox 2023 1433 2137 1488; x_wconf 90' lang='lat' dir='ltr'><strong>cim</strong></span> <span class='ocrx_word' id='word_1_326' title='bbox 2169 1435 2397 1490; x_wconf 90' lang='lat' dir='ltr'><strong>dierum</strong></span> <span class='ocrx_word' id='word_1_327' title='bbox 2445 1438 2711 1491; x_wconf 89' lang='lat' dir='ltr'><strong>convivia</strong></span> <span class='ocrx_word' id='word_1_328' title='bbox 2754 1454 2868 1493; x_wconf 90' lang='lat' dir='ltr'><strong>non</strong></span> <span class='ocrx_word' id='word_1_329' title='bbox 2925 1439 3268 1509; x_wconf 85' lang='lat' dir='ltr'><strong>celebravit;</strong></span> <span class='ocrx_word' id='word_1_330' title='bbox 3319 1443 3419 1497; x_wconf 89' lang='lat' dir='ltr'><strong>sed</strong></span> <span class='ocrx_word' id='word_1_331' title='bbox 3475 1443 3674 1498; x_wconf 88' lang='lat' dir='ltr'><strong>omnia</strong></span> 
     </span>
    </p>
   </div>
   <div class='ocr_carea' id='block_1_47' title="bbox 2022 1524 3675 1595">
    <p class='ocr_par' dir='ltr' id='par_1_47' title="bbox 2022 1524 3675 1595">
     <span class='ocr_line' id='line_1_47' title="bbox 2022 1524 3675 1595; baseline 0.006 -20"><span class='ocrx_word' id='word_1_332' title='bbox 2022 1524 2382 1595; x_wconf 85' lang='lat' dir='ltr'><strong>pauperibus</strong></span> <span class='ocrx_word' id='word_1_333' title='bbox 2413 1525 2732 1581; x_wconf 90' lang='lat' dir='ltr'><strong>distribuit.</strong></span> <span class='ocrx_word' id='word_1_334' title='bbox 2760 1532 3008 1583; x_wconf 84' lang='lat' dir='ltr'><strong>Narrant</strong></span> <span class='ocrx_word' id='word_1_335' title='bbox 3033 1534 3226 1584; x_wconf 90' lang='lat' dir='ltr'><strong>autem</strong></span> <span class='ocrx_word' id='word_1_336' title='bbox 3262 1546 3421 1585; x_wconf 90' lang='lat' dir='ltr'><strong>mare</strong></span> <span class='ocrx_word' id='word_1_337' title='bbox 3453 1547 3486 1584; x_wconf 90' lang='lat' dir='ltr'><strong>a</strong></span> <span class='ocrx_word' id='word_1_338' title='bbox 3520 1536 3675 1585; x_wconf 88' lang='lat' dir='ltr'><strong>terra</strong></span> 
     </span>
    </p>
   </div>
   <div class='ocr_carea' id='block_1_48' title="bbox 2023 1611 3674 1687">
    <p class='ocr_par' dir='ltr' id='par_1_48' title="bbox 2023 1611 3674 1687">
     <span class='ocr_line' id='line_1_48' title="bbox 2023 1611 3674 1687; baseline 0.007 -23"><span class='ocrx_word' id='word_1_339' title='bbox 2023 1611 2214 1666; x_wconf 89' lang='lat' dir='ltr'><strong>tribus</strong></span> <span class='ocrx_word' id='word_1_340' title='bbox 2235 1613 2586 1669; x_wconf 81' lang='lat' dir='ltr'><strong>milliaribus</strong></span> <span class='ocrx_word' id='word_1_341' title='bbox 2608 1632 2722 1687; x_wconf 65' lang='lat' dir='ltr'><strong>prce</strong></span> <span class='ocrx_word' id='word_1_342' title='bbox 2746 1617 3131 1670; x_wconf 87' lang='lat' dir='ltr'><strong>concussione</strong></span> <span class='ocrx_word' id='word_1_343' title='bbox 3161 1618 3498 1686; x_wconf 88' lang='lat' dir='ltr'><strong>recessisse,</strong></span> <span class='ocrx_word' id='word_1_344' title='bbox 3529 1624 3586 1674; x_wconf 89' lang='lat' dir='ltr'><strong>et</strong></span> <span class='ocrx_word' id='word_1_345' title='bbox 3615 1619 3674 1675; x_wconf 88' lang='lat' dir='ltr'><strong>in</strong></span> 
     </span>
    </p>
   </div>
   <div class='ocr_carea' id='block_1_49' title="bbox 2025 1704 3679 1779">
    <p class='ocr_par' dir='ltr' id='par_1_49' title="bbox 2025 1704 3679 1779">
     <span class='ocr_line' id='line_1_49' title="bbox 2025 1704 3679 1779; baseline 0.005 -24"><span class='ocrx_word' id='word_1_346' title='bbox 2025 1716 2311 1772; x_wconf 87' lang='lat' dir='ltr'><strong>aquarum</strong></span> <span class='ocrx_word' id='word_1_347' title='bbox 2346 1719 2580 1759; x_wconf 86' lang='lat' dir='ltr'><strong>recessu</strong></span> <span class='ocrx_word' id='word_1_348' title='bbox 2628 1704 2870 1775; x_wconf 89' lang='lat' dir='ltr'><strong>periisse</strong></span> <span class='ocrx_word' id='word_1_349' title='bbox 2913 1721 3108 1760; x_wconf 85' lang='lat' dir='ltr'><strong>naves.</strong></span> <span class='ocrx_word' id='word_1_350' title='bbox 3145 1706 3393 1779; x_wconf 81' lang='lat' dir='ltr'><strong>Delapsa</strong></span> <span class='ocrx_word' id='word_1_351' title='bbox 3424 1708 3557 1763; x_wconf 89' lang='lat' dir='ltr'><strong>item</strong></span> <span class='ocrx_word' id='word_1_352' title='bbox 3590 1713 3679 1763; x_wconf 89' lang='lat' dir='ltr'><strong>est</strong></span> 
     </span>
    </p>
   </div>
   <div class='ocr_carea' id='block_1_50' title="bbox 2023 1789 3674 1867">
    <p class='ocr_par' dir='ltr' id='par_1_50' title="bbox 2023 1789 3674 1867">
     <span class='ocr_line' id='line_1_50' title="bbox 2023 1789 3674 1867; baseline 0.005 -24"><span class='ocrx_word' id='word_1_353' title='bbox 2023 1789 2237 1845; x_wconf 88' lang='lat' dir='ltr'><strong>trullus</strong></span> <span class='ocrx_word' id='word_1_354' title='bbox 2287 1792 2509 1863; x_wconf 63' lang='lat' dir='ltr'><strong>Magnae</strong></span> <span class='ocrx_word' id='word_1_355' title='bbox 2558 1793 2837 1859; x_wconf 83' lang='lat' dir='ltr'><strong>ecclesiae,</strong></span> <span class='ocrx_word' id='word_1_356' title='bbox 2874 1800 2935 1848; x_wconf 89' lang='lat' dir='ltr'><strong>ut</strong></span> <span class='ocrx_word' id='word_1_357' title='bbox 2990 1794 3263 1867; x_wconf 84' lang='lat' dir='ltr'><strong>superius</strong></span> <span class='ocrx_word' id='word_1_358' title='bbox 3319 1796 3674 1852; x_wconf 89' lang='lat' dir='ltr'><strong>recensitum</strong></span> 
     </span>
    </p>
   </div>
   <div class='ocr_carea' id='block_1_51' title="bbox 2026 1881 3679 1954">
    <p class='ocr_par' dir='ltr' id='par_1_51' title="bbox 2026 1881 3679 1954">
     <span class='ocr_line' id='line_1_51' title="bbox 2026 1881 3679 1954; baseline 0.005 -22"><span class='ocrx_word' id='word_1_359' title='bbox 2026 1884 2140 1947; x_wconf 89' lang='lat' dir='ltr'><strong>est;</strong></span> <span class='ocrx_word' id='word_1_360' title='bbox 2177 1897 2352 1953; x_wconf 87' lang='lat' dir='ltr'><strong>quam</strong></span> <span class='ocrx_word' id='word_1_361' title='bbox 2404 1881 2529 1954; x_wconf 89' lang='lat' dir='ltr'><strong>ipse</strong></span> <span class='ocrx_word' id='word_1_362' title='bbox 2583 1881 2953 1947; x_wconf 86' lang='lat' dir='ltr'><strong>restauravit,</strong></span> <span class='ocrx_word' id='word_1_363' title='bbox 2989 1899 3054 1937; x_wconf 90' lang='lat' dir='ltr'><strong>ac</strong></span> <span class='ocrx_word' id='word_1_364' title='bbox 3104 1885 3362 1939; x_wconf 90' lang='lat' dir='ltr'><strong>secunda</strong></span> <span class='ocrx_word' id='word_1_365' title='bbox 3409 1885 3679 1940; x_wconf 72' lang='lat' dir='ltr'><strong>Enczenia</strong></span> 
     </span>
    </p>
   </div>
   <div class='ocr_carea' id='block_1_52' title="bbox 2026 1968 3679 2040">
    <p class='ocr_par' dir='ltr' id='par_1_52' title="bbox 2026 1968 3679 2040">
     <span class='ocr_line' id='line_1_52' title="bbox 2026 1968 3679 2040; baseline 0.003 -17"><span class='ocrx_word' id='word_1_366' title='bbox 2026 1968 2247 2024; x_wconf 59' lang='lat' dir='ltr'><strong>laetiora</strong></span> <span class='ocrx_word' id='word_1_367' title='bbox 2293 1974 2350 2024; x_wconf 93' lang='lat' dir='ltr'><strong>et</strong></span> <span class='ocrx_word' id='word_1_368' title='bbox 2396 1969 2798 2040; x_wconf 86' lang='lat' dir='ltr'><strong>splendidiora</strong></span> <span class='ocrx_word' id='word_1_369' title='bbox 2847 1971 3173 2027; x_wconf 88' lang='lat' dir='ltr'><strong>celebravit.</strong></span> <span class='ocrx_word' id='word_1_370' title='bbox 3209 1973 3262 2027; x_wconf 90' lang='lat' dir='ltr'><strong>Is</strong></span> <span class='ocrx_word' id='word_1_371' title='bbox 3304 1990 3439 2028; x_wconf 77' lang='lat' dir='ltr'><strong>cum</strong></span> <span class='ocrx_word' id='word_1_372' title='bbox 3489 1974 3679 2028; x_wconf 88' lang='lat' dir='ltr'><strong>edidi-</strong></span> 
     </span>
    </p>
   </div>
   <div class='ocr_carea' id='block_1_53' title="bbox 2026 2058 3679 2135">
    <p class='ocr_par' dir='ltr' id='par_1_53' title="bbox 2026 2058 3679 2135">
     <span class='ocr_line' id='line_1_53' title="bbox 2026 2058 3679 2135; baseline 0.003 -22"><span class='ocrx_word' id='word_1_373' title='bbox 2026 2058 2201 2113; x_wconf 88' lang='lat' dir='ltr'><strong>cisset</strong></span> <span class='ocrx_word' id='word_1_374' title='bbox 2235 2060 2627 2114; x_wconf 85' lang='lat' dir='ltr'><strong>masculorum</strong></span> <span class='ocrx_word' id='word_1_375' title='bbox 2661 2060 3067 2115; x_wconf 87' lang='lat' dir='ltr'><strong>concubitores</strong></span> <span class='ocrx_word' id='word_1_376' title='bbox 3098 2077 3245 2129; x_wconf 89' lang='lat' dir='ltr'><strong>esse,</strong></span> <span class='ocrx_word' id='word_1_377' title='bbox 3279 2078 3411 2117; x_wconf 91' lang='lat' dir='ltr'><strong>cum</strong></span> <span class='ocrx_word' id='word_1_378' title='bbox 3445 2063 3679 2135; x_wconf 88' lang='lat' dir='ltr'><strong>perqui-</strong></span> 
     </span>
    </p>
   </div>
   <div class='ocr_carea' id='block_1_54' title="bbox 2026 2147 3679 2221">
    <p class='ocr_par' dir='ltr' id='par_1_54' title="bbox 2026 2147 3679 2221">
     <span class='ocr_line' id='line_1_54' title="bbox 2026 2147 3679 2221; baseline 0.004 -20"><span class='ocrx_word' id='word_1_379' title='bbox 2026 2147 2238 2202; x_wconf 89' lang='lat' dir='ltr'><strong>sitione</strong></span> <span class='ocrx_word' id='word_1_380' title='bbox 2270 2148 2422 2202; x_wconf 83' lang='lat' dir='ltr'><strong>facta</strong></span> <span class='ocrx_word' id='word_1_381' title='bbox 2452 2148 2767 2219; x_wconf 83' lang='lat' dir='ltr'><strong>reperisset</strong></span> <span class='ocrx_word' id='word_1_382' title='bbox 2796 2165 2920 2214; x_wconf 89' lang='lat' dir='ltr'><strong>eos,</strong></span> <span class='ocrx_word' id='word_1_383' title='bbox 2953 2150 3086 2205; x_wconf 88' lang='lat' dir='ltr'><strong>aliis</strong></span> <span class='ocrx_word' id='word_1_384' title='bbox 3122 2151 3354 2221; x_wconf 85' lang='lat' dir='ltr'><strong>quidem</strong></span> <span class='ocrx_word' id='word_1_385' title='bbox 3387 2158 3679 2207; x_wconf 90' lang='lat' dir='ltr'><strong>veretrum</strong></span> 
     </span>
    </p>
   </div>
   <div class='ocr_carea' id='block_1_55' title="bbox 2026 2236 3681 2307">
    <p class='ocr_par' dir='ltr' id='par_1_55' title="bbox 2026 2236 3681 2307">
     <span class='ocr_line' id='line_1_55' title="bbox 2026 2236 3681 2307; baseline 0.002 -16"><span class='ocrx_word' id='word_1_386' title='bbox 2026 2238 2321 2307; x_wconf 89' lang='lat' dir='ltr'><strong>amputari</strong></span> <span class='ocrx_word' id='word_1_387' title='bbox 2362 2238 2566 2306; x_wconf 87' lang='lat' dir='ltr'><strong>jussit,</strong></span> <span class='ocrx_word' id='word_1_388' title='bbox 2599 2236 2732 2291; x_wconf 86' lang='lat' dir='ltr'><strong>aliis</strong></span> <span class='ocrx_word' id='word_1_389' title='bbox 2784 2237 3043 2293; x_wconf 91' lang='lat' dir='ltr'><strong>calamos</strong></span> <span class='ocrx_word' id='word_1_390' title='bbox 3074 2244 3280 2295; x_wconf 88' lang='lat' dir='ltr'><strong>acutos</strong></span> <span class='ocrx_word' id='word_1_391' title='bbox 3311 2239 3369 2294; x_wconf 92' lang='lat' dir='ltr'><strong>in</strong></span> <span class='ocrx_word' id='word_1_392' title='bbox 3401 2241 3681 2295; x_wconf 89' lang='lat' dir='ltr'><strong>verendo-</strong></span> 
     </span>
    </p>
   </div>
   <div class='ocr_carea' id='block_1_56' title="bbox 2027 2325 3678 2398">
    <p class='ocr_par' dir='ltr' id='par_1_56' title="bbox 2027 2325 3678 2398">
     <span class='ocr_line' id='line_1_56' title="bbox 2027 2325 3678 2398; baseline 0.002 -18"><span class='ocrx_word' id='word_1_393' title='bbox 2027 2341 2156 2381; x_wconf 89' lang='lat' dir='ltr'><strong>rum</strong></span> <span class='ocrx_word' id='word_1_394' title='bbox 2217 2328 2446 2380; x_wconf 82' lang='lat' dir='ltr'><strong>meatus</strong></span> <span class='ocrx_word' id='word_1_395' title='bbox 2506 2325 2692 2398; x_wconf 87' lang='lat' dir='ltr'><strong>infigi,</strong></span> <span class='ocrx_word' id='word_1_396' title='bbox 2756 2326 3034 2398; x_wconf 88' lang='lat' dir='ltr'><strong>ipsosque</strong></span> <span class='ocrx_word' id='word_1_397' title='bbox 3096 2328 3286 2383; x_wconf 89' lang='lat' dir='ltr'><strong>nudos</strong></span> <span class='ocrx_word' id='word_1_398' title='bbox 3345 2328 3404 2382; x_wconf 93' lang='lat' dir='ltr'><strong>in</strong></span> <span class='ocrx_word' id='word_1_399' title='bbox 3468 2330 3678 2384; x_wconf 86' lang='lat' dir='ltr'><strong>Forum</strong></span> 
     </span>
    </p>
   </div>
   <div class='ocr_carea' id='block_1_57' title="bbox 2027 2414 3678 2487">
    <p class='ocr_par' dir='ltr' id='par_1_57' title="bbox 2027 2414 3678 2487">
     <span class='ocr_line' id='line_1_57' title="bbox 2027 2414 3678 2487; baseline 0.004 -19"><span class='ocrx_word' id='word_1_400' title='bbox 2027 2414 2196 2487; x_wconf 79' lang='lat' dir='ltr'><strong>quasi</strong></span> <span class='ocrx_word' id='word_1_401' title='bbox 2262 2415 2333 2469; x_wconf 91' lang='lat' dir='ltr'><strong>ad</strong></span> <span class='ocrx_word' id='word_1_402' title='bbox 2393 2414 2762 2485; x_wconf 84' lang='lat' dir='ltr'><strong>triumphum</strong></span> <span class='ocrx_word' id='word_1_403' title='bbox 2825 2415 3037 2471; x_wconf 90' lang='lat' dir='ltr'><strong>adduci</strong></span> <span class='ocrx_word' id='word_1_404' title='bbox 3094 2415 3297 2487; x_wconf 86' lang='lat' dir='ltr'><strong>jussit.</strong></span> <span class='ocrx_word' id='word_1_405' title='bbox 3360 2418 3516 2472; x_wconf 89' lang='lat' dir='ltr'><strong>Inter</strong></span> <span class='ocrx_word' id='word_1_406' title='bbox 3579 2434 3678 2474; x_wconf 87' lang='lat' dir='ltr'><strong>eos</strong></span> 
     </span>
    </p>
   </div>
   <div class='ocr_carea' id='block_1_58' title="bbox 2026 2502 3679 2578">
    <p class='ocr_par' dir='ltr' id='par_1_58' title="bbox 2026 2502 3679 2578">
     <span class='ocr_line' id='line_1_58' title="bbox 2026 2502 3679 2578; baseline 0 -19"><span class='ocrx_word' id='word_1_407' title='bbox 2026 2508 2194 2559; x_wconf 89' lang='lat' dir='ltr'><strong>erant</strong></span> <span class='ocrx_word' id='word_1_408' title='bbox 2223 2502 2378 2558; x_wconf 92' lang='lat' dir='ltr'><strong>cives</strong></span> <span class='ocrx_word' id='word_1_409' title='bbox 2407 2507 2463 2558; x_wconf 91' lang='lat' dir='ltr'><strong>et</strong></span> <span class='ocrx_word' id='word_1_410' title='bbox 2506 2504 2784 2558; x_wconf 88' lang='lat' dir='ltr'><strong>senatorii</strong></span> <span class='ocrx_word' id='word_1_411' title='bbox 2816 2504 2924 2558; x_wconf 89' lang='lat' dir='ltr'><strong>viri</strong></span> <span class='ocrx_word' id='word_1_412' title='bbox 2968 2504 3163 2573; x_wconf 82' lang='lat' dir='ltr'><strong>multi,</strong></span> <span class='ocrx_word' id='word_1_413' title='bbox 3196 2522 3300 2561; x_wconf 90' lang='lat' dir='ltr'><strong>nec</strong></span> <span class='ocrx_word' id='word_1_414' title='bbox 3331 2507 3502 2578; x_wconf 84' lang='lat' dir='ltr'><strong>pauci</strong></span> <span class='ocrx_word' id='word_1_415' title='bbox 3534 2524 3679 2578; x_wconf 57' lang='lat' dir='ltr'><strong>prie—</strong></span> 
     </span>
    </p>
   </div>
   <div class='ocr_carea' id='block_1_59' title="bbox 2027 2592 3679 2663">
    <p class='ocr_par' dir='ltr' id='par_1_59' title="bbox 2027 2592 3679 2663">
     <span class='ocr_line' id='line_1_59' title="bbox 2027 2592 3679 2663; baseline 0.001 -16"><span class='ocrx_word' id='word_1_416' title='bbox 2027 2592 2221 2659; x_wconf 86' lang='lat' dir='ltr'><strong>sules;</strong></span> <span class='ocrx_word' id='word_1_417' title='bbox 2254 2592 2352 2663; x_wconf 92' lang='lat' dir='ltr'><strong>qui</strong></span> <span class='ocrx_word' id='word_1_418' title='bbox 2405 2592 2486 2647; x_wconf 90' lang='lat' dir='ltr'><strong>ita</strong></span> <span class='ocrx_word' id='word_1_419' title='bbox 2533 2592 2768 2663; x_wconf 90' lang='lat' dir='ltr'><strong>publice</strong></span> <span class='ocrx_word' id='word_1_420' title='bbox 2794 2593 3180 2650; x_wconf 87' lang='lat' dir='ltr'><strong>circumducti</strong></span> <span class='ocrx_word' id='word_1_421' title='bbox 3230 2595 3287 2649; x_wconf 93' lang='lat' dir='ltr'><strong>in</strong></span> <span class='ocrx_word' id='word_1_422' title='bbox 3339 2595 3482 2650; x_wconf 90' lang='lat' dir='ltr'><strong>Foro</strong></span> <span class='ocrx_word' id='word_1_423' title='bbox 3534 2594 3679 2649; x_wconf 90' lang='lat' dir='ltr'><strong>nudi</strong></span> 
     </span>
    </p>
   </div>
   <div class='ocr_carea' id='block_1_60' title="bbox 2028 2680 3681 2749">
    <p class='ocr_par' dir='ltr' id='par_1_60' title="bbox 2028 2680 3681 2749">
     <span class='ocr_line' id='line_1_60' title="bbox 2028 2680 3681 2749; baseline 0.001 -14"><span class='ocrx_word' id='word_1_424' title='bbox 2028 2680 2241 2736; x_wconf 89' lang='lat' dir='ltr'><strong>misere</strong></span> <span class='ocrx_word' id='word_1_425' title='bbox 2302 2680 2675 2736; x_wconf 88' lang='lat' dir='ltr'><strong>interierunt.</strong></span> <span class='ocrx_word' id='word_1_426' title='bbox 2736 2681 2883 2737; x_wconf 88' lang='lat' dir='ltr'><strong>Hinc</strong></span> <span class='ocrx_word' id='word_1_427' title='bbox 2944 2683 3184 2737; x_wconf 89' lang='lat' dir='ltr'><strong>incusso</strong></span> <span class='ocrx_word' id='word_1_428' title='bbox 3248 2688 3406 2739; x_wconf 88' lang='lat' dir='ltr'><strong>metu</strong></span> <span class='ocrx_word' id='word_1_429' title='bbox 3464 2682 3681 2749; x_wconf 88' lang='lat' dir='ltr'><strong>valido,</strong></span> 
     </span>
    </p>
   </div>
   <div class='ocr_carea' id='block_1_61' title="bbox 2028 2769 3679 2844">
    <p class='ocr_par' dir='ltr' id='par_1_61' title="bbox 2028 2769 3679 2844">
     <span class='ocr_line' id='line_1_61' title="bbox 2028 2769 3679 2844; baseline 0.001 -20"><span class='ocrx_word' id='word_1_430' title='bbox 2028 2769 2220 2824; x_wconf 66' lang='lat' dir='ltr'><strong>caeteri</strong></span> <span class='ocrx_word' id='word_1_431' title='bbox 2266 2771 2638 2840; x_wconf 90' lang='lat' dir='ltr'><strong>resipuerunt</strong></span> <span class='ocrx_word' id='word_1_432' title='bbox 2666 2788 2678 2825; x_wconf 95' lang='lat'>:</span> <span class='ocrx_word' id='word_1_433' title='bbox 2714 2770 2859 2825; x_wconf 83' lang='lat' dir='ltr'><strong>Nam</strong></span> <span class='ocrx_word' id='word_1_434' title='bbox 2914 2770 3202 2839; x_wconf 88' lang='lat' dir='ltr'><strong>ulnlabat,</strong></span> <span class='ocrx_word' id='word_1_435' title='bbox 3236 2771 3454 2843; x_wconf 83' lang='lat' dir='ltr'><strong>inquit,</strong></span> <span class='ocrx_word' id='word_1_436' title='bbox 3483 2771 3679 2844; x_wconf 91' lang='lat' dir='ltr'><strong>pinus,</strong></span> 
     </span>
    </p>
   </div>
   <div class='ocr_carea' id='block_1_62' title="bbox 2028 2858 3676 2931">
    <p class='ocr_par' dir='ltr' id='par_1_62' title="bbox 2028 2858 3676 2931">
     <span class='ocr_line' id='line_1_62' title="bbox 2028 2858 3676 2931; baseline 0.002 -18"><span class='ocrx_word' id='word_1_437' title='bbox 2028 2858 2169 2931; x_wconf 76' lang='lat' dir='ltr'><strong>quia</strong></span> <span class='ocrx_word' id='word_1_438' title='bbox 2235 2858 2445 2914; x_wconf 89' lang='lat' dir='ltr'><strong>cecidit</strong></span> <span class='ocrx_word' id='word_1_439' title='bbox 2502 2859 2733 2914; x_wconf 89' lang='lat' dir='ltr'><strong>cedrus.</strong></span> <span class='ocrx_word' id='word_1_440' title='bbox 2796 2859 2989 2914; x_wconf 83' lang='lat' dir='ltr'><strong>Erexit</strong></span> <span class='ocrx_word' id='word_1_441' title='bbox 3054 2865 3248 2915; x_wconf 90' lang='lat' dir='ltr'><strong>autem</strong></span> <span class='ocrx_word' id='word_1_442' title='bbox 3318 2860 3676 2926; x_wconf 87' lang='lat' dir='ltr'><strong>columnam,</strong></span> 
     </span>
    </p>
   </div>
   <div class='ocr_carea' id='block_1_63' title="bbox 2028 2948 3677 3020">
    <p class='ocr_par' dir='ltr' id='par_1_63' title="bbox 2028 2948 3677 3020">
     <span class='ocr_line' id='line_1_63' title="bbox 2028 2948 3677 3020; baseline 0.001 -18"><span class='ocrx_word' id='word_1_443' title='bbox 2028 2963 2204 3019; x_wconf 90' lang='lat' dir='ltr'><strong>quam</strong></span> <span class='ocrx_word' id='word_1_444' title='bbox 2265 2954 2473 3001; x_wconf 92' lang='lat' dir='ltr'><strong>vocant</strong></span> <span class='ocrx_word' id='word_1_445' title='bbox 2526 2948 2981 3018; x_wconf 86' lang='lat' dir='ltr'><strong>Augustionem,</strong></span> <span class='ocrx_word' id='word_1_446' title='bbox 3028 2952 3121 3003; x_wconf 87' lang='lat' dir='ltr'><strong>cui</strong></span> <span class='ocrx_word' id='word_1_447' title='bbox 3170 2956 3504 3020; x_wconf 89' lang='lat' dir='ltr'><strong>equestrem</strong></span> <span class='ocrx_word' id='word_1_448' title='bbox 3556 2959 3677 3003; x_wconf 90' lang='lat' dir='ltr'><strong>sla-</strong></span> 
     </span>
    </p>
   </div>
   <div class='ocr_carea' id='block_1_64' title="bbox 2028 3036 3677 3108">
    <p class='ocr_par' dir='ltr' id='par_1_64' title="bbox 2028 3036 3677 3108">
     <span class='ocr_line' id='line_1_64' title="bbox 2028 3036 3677 3108; baseline 0.001 -18"><span class='ocrx_word' id='word_1_449' title='bbox 2028 3041 2187 3091; x_wconf 85' lang='lat' dir='ltr'><strong>tuam</strong></span> <span class='ocrx_word' id='word_1_450' title='bbox 2241 3051 2409 3090; x_wconf 90' lang='lat' dir='ltr'><strong>suam</strong></span> <span class='ocrx_word' id='word_1_451' title='bbox 2467 3036 2797 3106; x_wconf 88' lang='lat' dir='ltr'><strong>imposuit:</strong></span> <span class='ocrx_word' id='word_1_452' title='bbox 2833 3052 2956 3107; x_wconf 73' lang='lat' dir='ltr'><strong>quea</strong></span> <span class='ocrx_word' id='word_1_453' title='bbox 3004 3037 3247 3093; x_wconf 87' lang='lat' dir='ltr'><strong>sinistra</strong></span> <span class='ocrx_word' id='word_1_454' title='bbox 3294 3038 3529 3108; x_wconf 88' lang='lat' dir='ltr'><strong>quidem</strong></span> <span class='ocrx_word' id='word_1_455' title='bbox 3581 3055 3677 3092; x_wconf 91' lang='lat' dir='ltr'><strong>ro-</strong></span> 
     </span>
    </p>
   </div>
   <div class='ocr_carea' id='block_1_65' title="bbox 2026 3123 3676 3198">
    <p class='ocr_par' dir='ltr' id='par_1_65' title="bbox 2026 3123 3676 3198">
     <span class='ocr_line' id='line_1_65' title="bbox 2026 3123 3676 3198; baseline 0.002 -20"><span class='ocrx_word' id='word_1_456' title='bbox 2026 3124 2280 3178; x_wconf 83' lang='lat' dir='ltr'><strong>tundum</strong></span> <span class='ocrx_word' id='word_1_457' title='bbox 2328 3138 2567 3194; x_wconf 89' lang='lat' dir='ltr'><strong>pomum</strong></span> <span class='ocrx_word' id='word_1_458' title='bbox 2600 3128 2779 3190; x_wconf 90' lang='lat' dir='ltr'><strong>tenet,</strong></span> <span class='ocrx_word' id='word_1_459' title='bbox 2814 3140 2927 3194; x_wconf 92' lang='lat' dir='ltr'><strong>quo</strong></span> <span class='ocrx_word' id='word_1_460' title='bbox 2959 3123 3252 3179; x_wconf 91' lang='lat' dir='ltr'><strong>indicatur</strong></span> <span class='ocrx_word' id='word_1_461' title='bbox 3282 3126 3439 3181; x_wconf 87' lang='lat' dir='ltr'><strong>orbis</strong></span> <span class='ocrx_word' id='word_1_462' title='bbox 3488 3126 3676 3198; x_wconf 89' lang='lat' dir='ltr'><strong>impe-</strong></span> 
     </span>
    </p>
   </div>
   <div class='ocr_carea' id='block_1_66' title="bbox 272 3202 1918 3294">
    <p class='ocr_par' dir='ltr' id='par_1_66' title="bbox 272 3202 1918 3294">
     <span class='ocr_line' id='line_1_66' title="bbox 272 3202 1918 3294; baseline -0.007 -22"><span class='ocrx_word' id='word_1_463' title='bbox 272 3220 372 3294; x_wconf 72' lang='grc' dir='ltr'><strong>μὶν</strong></span> <span class='ocrx_word' id='word_1_464' title='bbox 421 3202 674 3292; x_wconf 76' lang='grc' dir='ltr'>ἀριστερᾷ</span> <span class='ocrx_word' id='word_1_465' title='bbox 723 3216 869 3289; x_wconf 74' lang='grc' dir='ltr'>χειρί</span> <span class='ocrx_word' id='word_1_466' title='bbox 924 3209 1103 3283; x_wconf 85' lang='grc' dir='ltr'>μῆλον</span> <span class='ocrx_word' id='word_1_467' title='bbox 1152 3204 1507 3287; x_wconf 77' lang='grc' dir='ltr'>σφαιροειδὶς,</span> <span class='ocrx_word' id='word_1_468' title='bbox 1567 3208 1642 3270; x_wconf 86' lang='grc' dir='ltr'><strong>ὡς</strong></span> <span class='ocrx_word' id='word_1_469' title='bbox 1688 3213 1791 3275; x_wconf 85' lang='grc' dir='ltr'>τῆς</span> <span class='ocrx_word' id='word_1_470' title='bbox 1818 3212 1918 3282; x_wconf 86' lang='grc' dir='ltr'>γῆς</span> 
     </span>
    </p>
   </div>
   <div class='ocr_carea' id='block_1_67' title="bbox 2031 3202 3674 3294">
    <p class='ocr_par' dir='ltr' id='par_1_67' title="bbox 2031 3212 3674 3284">
     <span class='ocr_line' id='line_1_67' title="bbox 2031 3212 3674 3284; baseline 0.001 -19"><span class='ocrx_word' id='word_1_471' title='bbox 2031 3212 2181 3266; x_wconf 91' lang='lat' dir='ltr'><strong>rium</strong></span> <span class='ocrx_word' id='word_1_472' title='bbox 2233 3226 2412 3282; x_wconf 81' lang='lat' dir='ltr'><strong>penes</strong></span> <span class='ocrx_word' id='word_1_473' title='bbox 2462 3213 2658 3282; x_wconf 90' lang='lat' dir='ltr'><strong>ipsum</strong></span> <span class='ocrx_word' id='word_1_474' title='bbox 2707 3226 2882 3266; x_wconf 90' lang='lat' dir='ltr'><strong>esse:</strong></span> <span class='ocrx_word' id='word_1_475' title='bbox 2918 3212 3216 3267; x_wconf 82' lang='lat' dir='ltr'><strong>dexteram</strong></span> <span class='ocrx_word' id='word_1_476' title='bbox 3260 3229 3394 3268; x_wconf 91' lang='lat' dir='ltr'><strong>vero</strong></span> <span class='ocrx_word' id='word_1_477' title='bbox 3437 3219 3674 3284; x_wconf 91' lang='lat' dir='ltr'><strong>proten-</strong></span> 
     </span>
    </p>
   </div>
   <div class='ocr_carea' id='block_1_68' title="bbox 266 3294 1919 3378">
    <p class='ocr_par' dir='ltr' id='par_1_68' title="bbox 266 3294 1919 3378">
     <span class='ocr_line' id='line_1_68' title="bbox 266 3294 1919 3378; baseline -0.01 -14"><span class='ocrx_word' id='word_1_478' title='bbox 266 3309 486 3377; x_wconf 77' lang='grc' dir='ltr'>ἀπάσης</span> <span class='ocrx_word' id='word_1_479' title='bbox 535 3304 698 3359; x_wconf 70' lang='grc' dir='ltr'>αὐτοῦ</span> <span class='ocrx_word' id='word_1_480' title='bbox 744 3301 1159 3378; x_wconf 74' lang='grc' dir='ltr'>κυριεύσαντος·</span> <span class='ocrx_word' id='word_1_481' title='bbox 1218 3299 1317 3366; x_wconf 83' lang='grc' dir='ltr'>τήν</span> <span class='ocrx_word' id='word_1_482' title='bbox 1361 3294 1533 3368; x_wconf 79' lang='grc' dir='ltr'>δεξιὰν</span> <span class='ocrx_word' id='word_1_483' title='bbox 1594 3294 1671 3363; x_wconf 60' lang='grc' dir='ltr'>δέ,</span> <span class='ocrx_word' id='word_1_484' title='bbox 1735 3296 1919 3350; x_wconf 81' lang='grc' dir='ltr'>ἀνατε-</span> 
     </span>
    </p>
   </div>
   <div class='ocr_carea' id='block_1_69' title="bbox 264 3385 1918 3469">
    <p class='ocr_par' dir='ltr' id='par_1_69' title="bbox 264 3385 1918 3469">
     <span class='ocr_line' id='line_1_69' title="bbox 264 3385 1918 3469; baseline -0.009 -17"><span class='ocrx_word' id='word_1_485' title='bbox 264 3395 509 3469; x_wconf 82' lang='grc' dir='ltr'>ταμένην</span> <span class='ocrx_word' id='word_1_486' title='bbox 560 3390 819 3468; x_wconf 74' lang='grc' dir='ltr'>ἔχουσαν,</span> <span class='ocrx_word' id='word_1_487' title='bbox 864 3389 954 3445; x_wconf 87' lang='grc' dir='ltr'><strong>καὶ</strong></span> <span class='ocrx_word' id='word_1_488' title='bbox 1005 3385 1485 3459; x_wconf 68' lang='grc' dir='ltr'>διακελευομένην,</span> <span class='ocrx_word' id='word_1_489' title='bbox 1546 3392 1719 3454; x_wconf 78' lang='grc' dir='ltr'>Στῆτε</span> <span class='ocrx_word' id='word_1_490' title='bbox 1761 3385 1918 3458; x_wconf 68' lang='grc' dir='ltr'>[Πέρι</span> 
     </span>
    </p>
   </div>
   <div class='ocr_carea' id='block_1_70' title="bbox 268 3470 1920 3557">
    <p class='ocr_par' dir='ltr' id='par_1_70' title="bbox 268 3470 1920 3557">
     <span class='ocr_line' id='line_1_70' title="bbox 268 3470 1920 3557; baseline -0.007 -18"><span class='ocrx_word' id='word_1_491' title='bbox 268 3488 407 3557; x_wconf 67' lang='lat' dir='ltr'><strong>aut],</strong></span> <span class='ocrx_word' id='word_1_492' title='bbox 456 3482 544 3537; x_wconf 86' lang='grc' dir='ltr'><strong>καὶ</strong></span> <span class='ocrx_word' id='word_1_493' title='bbox 592 3488 693 3550; x_wconf 83' lang='grc' dir='ltr'>τῆς</span> <span class='ocrx_word' id='word_1_494' title='bbox 742 3478 1023 3552; x_wconf 84' lang='grc' dir='ltr'>Ῥωμαίων</span> <span class='ocrx_word' id='word_1_495' title='bbox 1074 3483 1177 3551; x_wconf 78' lang='grc' dir='ltr'>γῆς</span> <span class='ocrx_word' id='word_1_496' title='bbox 1218 3476 1294 3548; x_wconf 74' lang='grc' dir='ltr'>μὴ</span> <span class='ocrx_word' id='word_1_497' title='bbox 1328 3470 1575 3543; x_wconf 76' lang='grc' dir='ltr'>ἐπιϐῆτε.</span> <span class='ocrx_word' id='word_1_498' title='bbox 1608 3471 1920 3529; x_wconf 77' lang='grc' dir='ltr'>Ἀπέστειλε</span> 
     </span>
    </p>
   </div>
   <div class='ocr_carea' id='block_1_71' title="bbox 269 3561 1922 3644">
    <p class='ocr_par' dir='ltr' id='par_1_71' title="bbox 269 3561 1922 3644">
     <span class='ocr_line' id='line_1_71' title="bbox 269 3561 1922 3644; baseline -0.008 -17"><span class='ocrx_word' id='word_1_499' title='bbox 269 3570 332 3627; x_wconf 69' lang='grc' dir='ltr'>δὶ</span> <span class='ocrx_word' id='word_1_500' title='bbox 376 3571 464 3626; x_wconf 83' lang='grc' dir='ltr'><strong>καὶ</strong></span> <span class='ocrx_word' id='word_1_501' title='bbox 515 3568 833 3644; x_wconf 75' lang='grc' dir='ltr'>Βελισάριον</span> <span class='ocrx_word' id='word_1_502' title='bbox 894 3566 1194 3641; x_wconf 86' lang='grc' dir='ltr'>στρατηγὸν</span> <span class='ocrx_word' id='word_1_503' title='bbox 1250 3565 1383 3637; x_wconf 82' lang='grc' dir='ltr'>μετᾶ</span> <span class='ocrx_word' id='word_1_504' title='bbox 1426 3561 1678 3633; x_wconf 83' lang='grc' dir='ltr'>πλήθους</span> <span class='ocrx_word' id='word_1_505' title='bbox 1728 3562 1922 3637; x_wconf 67' lang='grc' dir='ltr'>ἀναρια</span> 
     </span>
    </p>
   </div>
   <div class='ocr_carea' id='block_1_72' title="bbox 270 3648 1919 3734">
    <p class='ocr_par' dir='ltr' id='par_1_72' title="bbox 270 3648 1919 3734">
     <span class='ocr_line' id='line_1_72' title="bbox 270 3648 1919 3734; baseline -0.007 -19"><span class='ocrx_word' id='word_1_506' title='bbox 270 3663 510 3734; x_wconf 85' lang='grc' dir='ltr'>θμήτου,</span> <span class='ocrx_word' id='word_1_507' title='bbox 555 3660 644 3713; x_wconf 82' lang='grc' dir='ltr'><strong>καὶ</strong></span> <span class='ocrx_word' id='word_1_508' title='bbox 675 3657 910 3723; x_wconf 79' lang='grc' dir='ltr'>πλοίων,</span> <span class='ocrx_word' id='word_1_509' title='bbox 958 3654 1049 3708; x_wconf 83' lang='grc' dir='ltr'><strong>καὶ</strong></span> <span class='ocrx_word' id='word_1_510' title='bbox 1098 3657 1307 3728; x_wconf 78' lang='grc' dir='ltr'>χρυσοῦ</span> <span class='ocrx_word' id='word_1_511' title='bbox 1364 3649 1582 3706; x_wconf 77' lang='grc' dir='ltr'>πολλοῦ</span> <span class='ocrx_word' id='word_1_512' title='bbox 1610 3648 1919 3705; x_wconf 87' lang='grc' dir='ltr'>καταπολε-</span> 
     </span>
    </p>
   </div>
   <div class='ocr_carea' id='block_1_73' title="bbox 274 3742 1920 3825">
    <p class='ocr_par' dir='ltr' id='par_1_73' title="bbox 274 3742 1920 3825">
     <span class='ocr_line' id='line_1_73' title="bbox 274 3742 1920 3825; baseline -0.007 -21"><span class='ocrx_word' id='word_1_513' title='bbox 274 3753 446 3825; x_wconf 76' lang='grc' dir='ltr'>μῆσαι</span> <span class='ocrx_word' id='word_1_514' title='bbox 505 3746 847 3807; x_wconf 82' lang='grc' dir='ltr'>Ούανδάλους</span> <span class='ocrx_word' id='word_1_515' title='bbox 894 3745 984 3799; x_wconf 80' lang='grc' dir='ltr'><strong>καὶ</strong></span> <span class='ocrx_word' id='word_1_516' title='bbox 1037 3743 1302 3821; x_wconf 75' lang='grc' dir='ltr'>Ἀφρικὴν</span> <span class='ocrx_word' id='word_1_517' title='bbox 1364 3742 1697 3816; x_wconf 85' lang='grc' dir='ltr'>έκπορθῆσαι</span> <span class='ocrx_word' id='word_1_518' title='bbox 1733 3785 1745 3798; x_wconf 92' lang='grc'><strong>.</strong></span> <span class='ocrx_word' id='word_1_519' title='bbox 1824 3744 1920 3802; x_wconf 80' lang='grc' dir='ltr'><strong>’⁷ος</strong></span> 
     </span>
    </p>
   </div>
   <div class='ocr_carea' id='block_1_74' title="bbox 270 3831 1918 3914">
    <p class='ocr_par' dir='ltr' id='par_1_74' title="bbox 270 3831 1918 3914">
     <span class='ocr_line' id='line_1_74' title="bbox 270 3831 1918 3914; baseline -0.007 -21"><span class='ocrx_word' id='word_1_520' title='bbox 270 3838 535 3914; x_wconf 81' lang='grc' dir='ltr'>ἀγχινοίᾳ</span> <span class='ocrx_word' id='word_1_521' title='bbox 580 3838 670 3891; x_wconf 81' lang='grc' dir='ltr'><strong>καὶ</strong></span> <span class='ocrx_word' id='word_1_522' title='bbox 717 3836 973 3911; x_wconf 76' lang='grc' dir='ltr'>φρονήσει</span> <span class='ocrx_word' id='word_1_523' title='bbox 1024 3832 1198 3888; x_wconf 86' lang='grc' dir='ltr'>πάντα</span> <span class='ocrx_word' id='word_1_524' title='bbox 1248 3831 1605 3903; x_wconf 74' lang='grc' dir='ltr'>ληϊσάμενος,</span> <span class='ocrx_word' id='word_1_525' title='bbox 1658 3831 1918 3905; x_wconf 77' lang='grc' dir='ltr'>ἀνήγαγεν</span> 
     </span>
    </p>
   </div>
   <div class='ocr_carea' id='block_1_75' title="bbox 272 3916 1921 3995">
    <p class='ocr_par' dir='ltr' id='par_1_75' title="bbox 272 3916 1921 3995">
     <span class='ocr_line' id='line_1_75' title="bbox 272 3916 1921 3995; baseline -0.007 -12"><span class='ocrx_word' id='word_1_526' title='bbox 272 3929 328 3984; x_wconf 76' lang='grc' dir='ltr'>ἑν</span> <span class='ocrx_word' id='word_1_527' title='bbox 381 3931 452 3992; x_wconf 82' lang='grc' dir='ltr'>τῆ</span> <span class='ocrx_word' id='word_1_528' title='bbox 501 3924 665 3981; x_wconf 85' lang='grc' dir='ltr'>πόλει</span> <span class='ocrx_word' id='word_1_529' title='bbox 709 3924 760 3979; x_wconf 74' lang='grc' dir='ltr'><strong>έν</strong></span> <span class='ocrx_word' id='word_1_530' title='bbox 815 3922 1090 3995; x_wconf 87' lang='grc' dir='ltr'>συντόμῳ,</span> <span class='ocrx_word' id='word_1_531' title='bbox 1127 3920 1261 3994; x_wconf 80' lang='grc' dir='ltr'>μετὰ</span> <span class='ocrx_word' id='word_1_532' title='bbox 1285 3919 1528 3976; x_wconf 85' lang='grc' dir='ltr'>πλούτου</span> <span class='ocrx_word' id='word_1_533' title='bbox 1559 3916 1797 3988; x_wconf 78' lang='grc' dir='ltr'>πολλοῦ,</span> <span class='ocrx_word' id='word_1_534' title='bbox 1829 3918 1921 3973; x_wconf 79' lang='grc' dir='ltr'>καὶ</span> 
     </span>
    </p>
   </div>
   <div class='ocr_carea' id='block_1_76' title="bbox 260 4006 1915 4091">
    <p class='ocr_par' dir='ltr' id='par_1_76' title="bbox 260 4006 1915 4091">
     <span class='ocr_line' id='line_1_76' title="bbox 260 4006 1915 4091; baseline -0.007 -20"><span class='ocrx_word' id='word_1_535' title='bbox 260 4010 655 4091; x_wconf 71' lang='grc' dir='ltr'>ἐθριάμϐευσεν</span> <span class='ocrx_word' id='word_1_536' title='bbox 715 4012 767 4067; x_wconf 83' lang='grc' dir='ltr'><strong>έν</strong></span> <span class='ocrx_word' id='word_1_537' title='bbox 825 4016 904 4083; x_wconf 79' lang='grc' dir='ltr'>τῷ</span> <span class='ocrx_word' id='word_1_538' title='bbox 961 4013 1230 4082; x_wconf 83' lang='grc' dir='ltr'>Ἱππικῷ,</span> <span class='ocrx_word' id='word_1_539' title='bbox 1294 4009 1522 4063; x_wconf 83' lang='grc' dir='ltr'>ὑπατίαν</span> <span class='ocrx_word' id='word_1_540' title='bbox 1574 4010 1807 4077; x_wconf 82' lang='grc' dir='ltr'>ποιήσας</span> <span class='ocrx_word' id='word_1_541' title='bbox 1864 4006 1915 4061; x_wconf 81' lang='grc' dir='ltr'>ἐν</span> 
     </span>
    </p>
   </div>
   <div class='ocr_carea' id='block_1_77' title="bbox 262 4093 1922 4179">
    <p class='ocr_par' dir='ltr' id='par_1_77' title="bbox 262 4093 1922 4179">
     <span class='ocr_line' id='line_1_77' title="bbox 262 4093 1922 4179; baseline -0.007 -19"><span class='ocrx_word' id='word_1_542' title='bbox 262 4110 337 4179; x_wconf 74' lang='grc' dir='ltr'>τῇ</span> <span class='ocrx_word' id='word_1_543' title='bbox 386 4104 567 4159; x_wconf 66' lang='grc' dir='ltr'>πόλιν</span> <span class='ocrx_word' id='word_1_544' title='bbox 630 4102 767 4156; x_wconf 85' lang='grc' dir='ltr'>ὣστε</span> <span class='ocrx_word' id='word_1_545' title='bbox 821 4099 1200 4160; x_wconf 85' lang='grc' dir='ltr'>ἰουστινιανὸς</span> <span class='ocrx_word' id='word_1_546' title='bbox 1251 4097 1327 4158; x_wconf 80' lang='grc' dir='ltr'>εἷς</span> <span class='ocrx_word' id='word_1_547' title='bbox 1380 4097 1473 4169; x_wconf 78' lang='grc' dir='ltr'><strong>μὶν</strong></span> <span class='ocrx_word' id='word_1_548' title='bbox 1526 4096 1589 4150; x_wconf 86' lang='grc' dir='ltr'>τὸ</span> <span class='ocrx_word' id='word_1_549' title='bbox 1644 4093 1697 4150; x_wconf 75' lang='grc' dir='ltr'>ἓν</span> <span class='ocrx_word' id='word_1_550' title='bbox 1760 4095 1922 4171; x_wconf 84' lang='grc' dir='ltr'>μέρος</span> 
     </span>
    </p>
   </div>
   <div class='ocr_carea' id='block_1_78' title="bbox 261 4182 1925 4266">
    <p class='ocr_par' dir='ltr' id='par_1_78' title="bbox 261 4182 1925 4266">
     <span class='ocr_line' id='line_1_78' title="bbox 261 4182 1925 4266; baseline -0.008 -17"><span class='ocrx_word' id='word_1_551' title='bbox 261 4200 367 4251; x_wconf 69' lang='grc' dir='ltr'>τοῦ</span> <span class='ocrx_word' id='word_1_552' title='bbox 420 4192 761 4266; x_wconf 86' lang='grc' dir='ltr'>νομίσματος</span> <span class='ocrx_word' id='word_1_553' title='bbox 812 4190 996 4244; x_wconf 61' lang='grc' dir='ltr'>ἑαυτὸν</span> <span class='ocrx_word' id='word_1_554' title='bbox 1060 4186 1319 4263; x_wconf 76' lang='grc' dir='ltr'>έχάραξε,</span> <span class='ocrx_word' id='word_1_555' title='bbox 1380 4185 1453 4246; x_wconf 82' lang='grc' dir='ltr'>εἰς</span> <span class='ocrx_word' id='word_1_556' title='bbox 1512 4182 1569 4239; x_wconf 73' lang='grc' dir='ltr'><strong>δὶ</strong></span> <span class='ocrx_word' id='word_1_557' title='bbox 1626 4184 1688 4238; x_wconf 84' lang='grc' dir='ltr'>τὸ</span> <span class='ocrx_word' id='word_1_558' title='bbox 1742 4182 1925 4258; x_wconf 72' lang='grc' dir='ltr'>ἕτερον</span> 
     </span>
    </p>
   </div>
   <div class='ocr_carea' id='block_1_79' title="bbox 265 4272 1921 4355">
    <p class='ocr_par' dir='ltr' id='par_1_79' title="bbox 265 4272 1921 4355">
     <span class='ocr_line' id='line_1_79' title="bbox 265 4272 1921 4355; baseline -0.009 -17"><span class='ocrx_word' id='word_1_559' title='bbox 265 4281 595 4355; x_wconf 78' lang='grc' dir='ltr'>Βελισάριον</span> <span class='ocrx_word' id='word_1_560' title='bbox 658 4278 931 4347; x_wconf 78' lang='grc' dir='ltr'>ἔνοπλον,</span> <span class='ocrx_word' id='word_1_561' title='bbox 989 4276 1080 4331; x_wconf 84' lang='grc' dir='ltr'><strong>καὶ</strong></span> <span class='ocrx_word' id='word_1_562' title='bbox 1137 4276 1444 4348; x_wconf 67' lang='grc' dir='ltr'>ἐπέγραψε·</span> <span class='ocrx_word' id='word_1_563' title='bbox 1510 4272 1831 4346; x_wconf 87' lang='grc' dir='ltr'>Βελισάριος</span> <span class='ocrx_word' id='word_1_564' title='bbox 1886 4275 1921 4340; x_wconf 79' lang='grc' dir='ltr'><strong>ἡ</strong></span> 
     </span>
    </p>
   </div>
   <div class='ocr_carea' id='block_1_80' title="bbox 268 4357 1924 4442">
    <p class='ocr_par' dir='ltr' id='par_1_80' title="bbox 268 4357 1924 4442">
     <span class='ocr_line' id='line_1_80' title="bbox 268 4357 1924 4442; baseline -0.01 -14"><span class='ocrx_word' id='word_1_565' title='bbox 268 4371 402 4442; x_wconf 78' lang='grc' dir='ltr'>δόξα</span> <span class='ocrx_word' id='word_1_566' title='bbox 457 4375 567 4425; x_wconf 82' lang='grc' dir='ltr'><strong>τῶν</strong></span> <span class='ocrx_word' id='word_1_567' title='bbox 623 4366 925 4440; x_wconf 83' lang='grc' dir='ltr'>Ῥωμαίων.</span> <span class='ocrx_word' id='word_1_568' title='bbox 985 4362 1143 4422; x_wconf 85' lang='grc' dir='ltr'>Ἀλλ’</span> <span class='ocrx_word' id='word_1_569' title='bbox 1175 4366 1263 4417; x_wconf 80' lang='grc' dir='ltr'><strong>οἷα</strong></span> <span class='ocrx_word' id='word_1_570' title='bbox 1316 4363 1345 4416; x_wconf 81' lang='grc' dir='ltr'>ὁ</span> <span class='ocrx_word' id='word_1_571' title='bbox 1394 4361 1591 4438; x_wconf 72' lang='grc' dir='ltr'>φθόνος</span> <span class='ocrx_word' id='word_1_572' title='bbox 1622 4359 1672 4413; x_wconf 81' lang='grc' dir='ltr'>ἐν</span> <span class='ocrx_word' id='word_1_573' title='bbox 1710 4357 1924 4434; x_wconf 82' lang='grc' dir='ltr'>μεγάλη</span> 
     </span>
    </p>
   </div>
   <div class='ocr_carea' id='block_1_81' title="bbox 270 4446 1923 4531">
    <p class='ocr_par' dir='ltr' id='par_1_81' title="bbox 270 4446 1923 4531">
     <span class='ocr_line' id='line_1_81' title="bbox 270 4446 1923 4531; baseline -0.007 -17"><span class='ocrx_word' id='word_1_574' title='bbox 270 4457 597 4531; x_wconf 79' lang='grc' dir='ltr'>εὐδαιμονίᾳ</span> <span class='ocrx_word' id='word_1_575' title='bbox 626 4453 782 4511; x_wconf 77' lang='grc' dir='ltr'>εἷ’ωθε</span> <span class='ocrx_word' id='word_1_576' title='bbox 836 4458 1039 4520; x_wconf 85' lang='grc' dir='ltr'>ποιεῖν,</span> <span class='ocrx_word' id='word_1_577' title='bbox 1101 4447 1262 4506; x_wconf 79' lang='grc' dir='ltr'>ὥδινε</span> <span class='ocrx_word' id='word_1_578' title='bbox 1317 4449 1408 4505; x_wconf 81' lang='grc' dir='ltr'><strong>καὶ</strong></span> <span class='ocrx_word' id='word_1_579' title='bbox 1467 4448 1519 4508; x_wconf 76' lang='grc' dir='ltr'><strong>ές</strong></span> <span class='ocrx_word' id='word_1_580' title='bbox 1577 4446 1923 4523; x_wconf 84' lang='grc' dir='ltr'>Βελισάριον.</span> 
     </span>
    </p>
   </div>
   <div class='ocr_carea' id='block_1_82' title="bbox 2030 3300 3673 3376">
    <p class='ocr_par' dir='ltr' id='par_1_82' title="bbox 2030 3300 3673 3376">
     <span class='ocr_line' id='line_1_82' title="bbox 2030 3300 3673 3376; baseline 0.001 -21"><span class='ocrx_word' id='word_1_581' title='bbox 2030 3301 2204 3357; x_wconf 89' lang='lat' dir='ltr'><strong>debat</strong></span> <span class='ocrx_word' id='word_1_582' title='bbox 2251 3300 2521 3371; x_wconf 87' lang='lat' dir='ltr'><strong>jubentis</strong></span> <span class='ocrx_word' id='word_1_583' title='bbox 2570 3316 2750 3366; x_wconf 87' lang='lat' dir='ltr'><strong>more,</strong></span> <span class='ocrx_word' id='word_1_584' title='bbox 2802 3317 2868 3356; x_wconf 90' lang='lat' dir='ltr'><strong>ac</strong></span> <span class='ocrx_word' id='word_1_585' title='bbox 2916 3301 3208 3357; x_wconf 90' lang='lat' dir='ltr'><strong>dicentis:</strong></span> <span class='ocrx_word' id='word_1_586' title='bbox 3249 3306 3407 3357; x_wconf 88' lang='lat' dir='ltr'><strong>State</strong></span> <span class='ocrx_word' id='word_1_587' title='bbox 3442 3302 3673 3376; x_wconf 79' lang='lat' dir='ltr'><strong>[Persas]</strong></span> 
     </span>
    </p>
   </div>
   <div class='ocr_carea' id='block_1_83' title="bbox 2027 3388 3675 3461">
    <p class='ocr_par' dir='ltr' id='par_1_83' title="bbox 2027 3388 3675 3461">
     <span class='ocr_line' id='line_1_83' title="bbox 2027 3388 3675 3461; baseline 0.001 -17"><span class='ocrx_word' id='word_1_588' title='bbox 2027 3393 2084 3445; x_wconf 92' lang='lat' dir='ltr'><strong>et</strong></span> <span class='ocrx_word' id='word_1_589' title='bbox 2134 3388 2193 3443; x_wconf 91' lang='lat' dir='ltr'><strong>in</strong></span> <span class='ocrx_word' id='word_1_590' title='bbox 2246 3390 2642 3443; x_wconf 82' lang='lat' dir='ltr'><strong>Romanorum</strong></span> <span class='ocrx_word' id='word_1_591' title='bbox 2690 3394 2907 3443; x_wconf 86' lang='lat' dir='ltr'><strong>terram</strong></span> <span class='ocrx_word' id='word_1_592' title='bbox 2960 3405 3031 3444; x_wconf 90' lang='lat' dir='ltr'><strong>ne</strong></span> <span class='ocrx_word' id='word_1_593' title='bbox 3080 3390 3530 3461; x_wconf 86' lang='lat' dir='ltr'><strong>impressionem</strong></span> <span class='ocrx_word' id='word_1_594' title='bbox 3589 3392 3675 3445; x_wconf 81' lang='lat' dir='ltr'><strong>fa-</strong></span> 
     </span>
    </p>
   </div>
   <div class='ocr_carea' id='block_1_84' title="bbox 2028 3476 3678 3547">
    <p class='ocr_par' dir='ltr' id='par_1_84' title="bbox 2028 3476 3678 3547">
     <span class='ocr_line' id='line_1_84' title="bbox 2028 3476 3678 3547; baseline 0.001 -15"><span class='ocrx_word' id='word_1_595' title='bbox 2028 3477 2217 3532; x_wconf 89' lang='lat' dir='ltr'><strong>ciatis.</strong></span> <span class='ocrx_word' id='word_1_596' title='bbox 2253 3476 2411 3531; x_wconf 86' lang='lat' dir='ltr'><strong>Misit</strong></span> <span class='ocrx_word' id='word_1_597' title='bbox 2460 3493 2632 3547; x_wconf 91' lang='lat' dir='ltr'><strong>porro</strong></span> <span class='ocrx_word' id='word_1_598' title='bbox 2683 3476 3030 3532; x_wconf 87' lang='lat' dir='ltr'><strong>Belisarium</strong></span> <span class='ocrx_word' id='word_1_599' title='bbox 3083 3479 3290 3533; x_wconf 92' lang='lat' dir='ltr'><strong>ducem</strong></span> <span class='ocrx_word' id='word_1_600' title='bbox 3340 3495 3472 3533; x_wconf 92' lang='lat' dir='ltr'><strong>cum</strong></span> <span class='ocrx_word' id='word_1_601' title='bbox 3505 3480 3678 3533; x_wconf 86' lang='lat' dir='ltr'><strong>innu-</strong></span> 
     </span>
    </p>
   </div>
   <div class='ocr_carea' id='block_1_85' title="bbox 2031 3565 3679 3638">
    <p class='ocr_par' dir='ltr' id='par_1_85' title="bbox 2031 3565 3679 3638">
     <span class='ocr_line' id='line_1_85' title="bbox 2031 3565 3679 3638; baseline 0 -17"><span class='ocrx_word' id='word_1_602' title='bbox 2031 3566 2209 3621; x_wconf 91' lang='lat' dir='ltr'><strong>meris</strong></span> <span class='ocrx_word' id='word_1_603' title='bbox 2276 3565 2499 3637; x_wconf 89' lang='lat' dir='ltr'><strong>c0piis,</strong></span> <span class='ocrx_word' id='word_1_604' title='bbox 2565 3566 2815 3621; x_wconf 87' lang='lat' dir='ltr'><strong>navibus</strong></span> <span class='ocrx_word' id='word_1_605' title='bbox 2872 3575 2927 3621; x_wconf 93' lang='lat' dir='ltr'><strong>et</strong></span> <span class='ocrx_word' id='word_1_606' title='bbox 2982 3568 3232 3638; x_wconf 82' lang='lat' dir='ltr'><strong>pecunia</strong></span> <span class='ocrx_word' id='word_1_607' title='bbox 3299 3567 3517 3637; x_wconf 90' lang='lat' dir='ltr'><strong>multa,</strong></span> <span class='ocrx_word' id='word_1_608' title='bbox 3578 3568 3679 3638; x_wconf 92' lang='lat' dir='ltr'><strong>qui</strong></span> 
     </span>
    </p>
   </div>
   <div class='ocr_carea' id='block_1_86' title="bbox 2029 3654 3681 3724">
    <p class='ocr_par' dir='ltr' id='par_1_86' title="bbox 2029 3654 3681 3724">
     <span class='ocr_line' id='line_1_86' title="bbox 2029 3654 3681 3724; baseline 0.002 -16"><span class='ocrx_word' id='word_1_609' title='bbox 2029 3654 2323 3710; x_wconf 86' lang='lat' dir='ltr'><strong>Vandalos</strong></span> <span class='ocrx_word' id='word_1_610' title='bbox 2372 3654 2712 3724; x_wconf 89' lang='lat' dir='ltr'><strong>debellaret,</strong></span> <span class='ocrx_word' id='word_1_611' title='bbox 2771 3660 2829 3710; x_wconf 92' lang='lat' dir='ltr'><strong>et</strong></span> <span class='ocrx_word' id='word_1_612' title='bbox 2877 3656 3122 3711; x_wconf 82' lang='lat' dir='ltr'><strong>Atricam</strong></span> <span class='ocrx_word' id='word_1_613' title='bbox 3171 3658 3522 3713; x_wconf 88' lang='lat' dir='ltr'><strong>devastaret.</strong></span> <span class='ocrx_word' id='word_1_614' title='bbox 3572 3657 3681 3720; x_wconf 87' lang='lat' dir='ltr'><strong>Qui</strong></span> 
     </span>
    </p>
   </div>
   <div class='ocr_carea' id='block_1_87' title="bbox 2032 3744 3684 3817">
    <p class='ocr_par' dir='ltr' id='par_1_87' title="bbox 2032 3744 3684 3817">
     <span class='ocr_line' id='line_1_87' title="bbox 2032 3744 3684 3817; baseline 0.002 -20"><span class='ocrx_word' id='word_1_615' title='bbox 2032 3745 2352 3816; x_wconf 89' lang='lat' dir='ltr'><strong>prudenter</strong></span> <span class='ocrx_word' id='word_1_616' title='bbox 2392 3747 2449 3798; x_wconf 89' lang='lat' dir='ltr'><strong>et</strong></span> <span class='ocrx_word' id='word_1_617' title='bbox 2489 3744 2781 3815; x_wconf 82' lang='lat' dir='ltr'><strong>sagaciter</strong></span> <span class='ocrx_word' id='word_1_618' title='bbox 2827 3745 3025 3800; x_wconf 86' lang='lat' dir='ltr'><strong>omnia</strong></span> <span class='ocrx_word' id='word_1_619' title='bbox 3072 3746 3463 3817; x_wconf 69' lang='lat' dir='ltr'><strong>depraedatus,</strong></span> <span class='ocrx_word' id='word_1_620' title='bbox 3494 3748 3684 3817; x_wconf 85' lang='lat' dir='ltr'><strong>spolia</strong></span> 
     </span>
    </p>
   </div>
   <div class='ocr_carea' id='block_1_88' title="bbox 2031 3833 3686 3890">
    <p class='ocr_par' dir='ltr' id='par_1_88' title="bbox 2031 3833 3686 3890">
     <span class='ocr_line' id='line_1_88' title="bbox 2031 3833 3686 3890; baseline 0.001 -2"><span class='ocrx_word' id='word_1_621' title='bbox 2031 3833 2191 3888; x_wconf 92' lang='lat' dir='ltr'><strong>brevi</strong></span> <span class='ocrx_word' id='word_1_622' title='bbox 2240 3833 2300 3887; x_wconf 91' lang='lat' dir='ltr'><strong>in</strong></span> <span class='ocrx_word' id='word_1_623' title='bbox 2351 3835 2555 3887; x_wconf 89' lang='lat' dir='ltr'><strong>urbem</strong></span> <span class='ocrx_word' id='word_1_624' title='bbox 2617 3833 2858 3888; x_wconf 82' lang='lat' dir='ltr'><strong>deduxit</strong></span> <span class='ocrx_word' id='word_1_625' title='bbox 2916 3850 3050 3888; x_wconf 90' lang='lat' dir='ltr'><strong>cum</strong></span> <span class='ocrx_word' id='word_1_626' title='bbox 3100 3834 3320 3889; x_wconf 91' lang='lat' dir='ltr'><strong>divitiis</strong></span> <span class='ocrx_word' id='word_1_627' title='bbox 3373 3835 3577 3890; x_wconf 89' lang='lat' dir='ltr'><strong>multis</strong></span> <span class='ocrx_word' id='word_1_628' title='bbox 3628 3840 3686 3890; x_wconf 89' lang='lat' dir='ltr'><strong>et</strong></span> 
     </span>
    </p>
   </div>
   <div class='ocr_carea' id='block_1_89' title="bbox 2030 3920 3682 3993">
    <p class='ocr_par' dir='ltr' id='par_1_89' title="bbox 2030 3920 3682 3993">
     <span class='ocr_line' id='line_1_89' title="bbox 2030 3920 3682 3993; baseline 0.001 -17"><span class='ocrx_word' id='word_1_629' title='bbox 2030 3920 2421 3993; x_wconf 83' lang='lat' dir='ltr'><strong>triumphavit</strong></span> <span class='ocrx_word' id='word_1_630' title='bbox 2442 3921 2501 3975; x_wconf 93' lang='lat' dir='ltr'><strong>in</strong></span> <span class='ocrx_word' id='word_1_631' title='bbox 2526 3922 2942 3992; x_wconf 81' lang='lat' dir='ltr'><strong>Hippudromo,</strong></span> <span class='ocrx_word' id='word_1_632' title='bbox 2971 3923 3348 3977; x_wconf 90' lang='lat' dir='ltr'><strong>consulatum</strong></span> <span class='ocrx_word' id='word_1_633' title='bbox 3380 3939 3589 3992; x_wconf 87' lang='lat' dir='ltr'><strong>gerens</strong></span> <span class='ocrx_word' id='word_1_634' title='bbox 3622 3924 3682 3977; x_wconf 91' lang='lat' dir='ltr'><strong>in</strong></span> 
     </span>
    </p>
   </div>
   <div class='ocr_carea' id='block_1_90' title="bbox 2034 4010 3687 4077">
    <p class='ocr_par' dir='ltr' id='par_1_90' title="bbox 2034 4010 3687 4077">
     <span class='ocr_line' id='line_1_90' title="bbox 2034 4010 3687 4077; baseline 0.002 -12"><span class='ocrx_word' id='word_1_635' title='bbox 2034 4011 2208 4077; x_wconf 89' lang='lat' dir='ltr'><strong>urbe;</strong></span> <span class='ocrx_word' id='word_1_636' title='bbox 2260 4010 2338 4063; x_wconf 87' lang='lat' dir='ltr'><strong>ita</strong></span> <span class='ocrx_word' id='word_1_637' title='bbox 2397 4014 2463 4065; x_wconf 91' lang='lat' dir='ltr'><strong>ut</strong></span> <span class='ocrx_word' id='word_1_638' title='bbox 2519 4011 2894 4067; x_wconf 84' lang='lat' dir='ltr'><strong>Justinianus</strong></span> <span class='ocrx_word' id='word_1_639' title='bbox 2951 4010 3012 4065; x_wconf 90' lang='lat' dir='ltr'><strong>in</strong></span> <span class='ocrx_word' id='word_1_640' title='bbox 3072 4011 3251 4067; x_wconf 90' lang='lat' dir='ltr'><strong>altera</strong></span> <span class='ocrx_word' id='word_1_641' title='bbox 3310 4012 3687 4068; x_wconf 88' lang='lat' dir='ltr'><strong>numismatis</strong></span> 
     </span>
    </p>
   </div>
   <div class='ocr_carea' id='block_1_91' title="bbox 2032 4098 3687 4170">
    <p class='ocr_par' dir='ltr' id='par_1_91' title="bbox 2032 4098 3687 4170">
     <span class='ocr_line' id='line_1_91' title="bbox 2032 4098 3687 4170; baseline 0.001 -18"><span class='ocrx_word' id='word_1_642' title='bbox 2032 4104 2199 4170; x_wconf 88' lang='lat' dir='ltr'><strong>parte</strong></span> <span class='ocrx_word' id='word_1_643' title='bbox 2242 4098 2505 4169; x_wconf 88' lang='lat' dir='ltr'><strong>seipsum</strong></span> <span class='ocrx_word' id='word_1_644' title='bbox 2557 4104 3022 4170; x_wconf 81' lang='lat' dir='ltr'><strong>repraesentaret,</strong></span> <span class='ocrx_word' id='word_1_645' title='bbox 3057 4100 3112 4153; x_wconf 92' lang='lat' dir='ltr'><strong>in</strong></span> <span class='ocrx_word' id='word_1_646' title='bbox 3164 4100 3345 4155; x_wconf 86' lang='lat' dir='ltr'><strong>altera</strong></span> <span class='ocrx_word' id='word_1_647' title='bbox 3375 4117 3506 4154; x_wconf 89' lang='lat' dir='ltr'><strong>vero</strong></span> <span class='ocrx_word' id='word_1_648' title='bbox 3538 4100 3687 4154; x_wconf 88' lang='lat' dir='ltr'>Beli-</span> 
     </span>
    </p>
   </div>
   <div class='ocr_carea' id='block_1_92' title="bbox 2032 4187 3688 4258">
    <p class='ocr_par' dir='ltr' id='par_1_92' title="bbox 2032 4187 3688 4258">
     <span class='ocr_line' id='line_1_92' title="bbox 2032 4187 3688 4258; baseline 0 -16"><span class='ocrx_word' id='word_1_649' title='bbox 2032 4187 2254 4242; x_wconf 89' lang='lat' dir='ltr'><strong>sarium</strong></span> <span class='ocrx_word' id='word_1_650' title='bbox 2289 4192 2606 4254; x_wconf 89' lang='lat' dir='ltr'><strong>armatum,</strong></span> <span class='ocrx_word' id='word_1_651' title='bbox 2642 4203 2774 4241; x_wconf 91' lang='lat' dir='ltr'><strong>cum</strong></span> <span class='ocrx_word' id='word_1_652' title='bbox 2814 4187 2917 4242; x_wconf 87' lang='lat' dir='ltr'><strong>hac</strong></span> <span class='ocrx_word' id='word_1_653' title='bbox 2948 4187 3352 4258; x_wconf 88' lang='lat' dir='ltr'><strong>inscriptione,</strong></span> <span class='ocrx_word' id='word_1_654' title='bbox 3381 4190 3688 4243; x_wconf 72' lang='lat' dir='ltr'><strong>Belz&#39;sariue</strong></span> 
     </span>
    </p>
   </div>
   <div class='ocr_carea' id='block_1_93' title="bbox 2032 4275 3688 4345">
    <p class='ocr_par' dir='ltr' id='par_1_93' title="bbox 2032 4275 3688 4345">
     <span class='ocr_line' id='line_1_93' title="bbox 2032 4275 3688 4345; baseline 0 -16"><span class='ocrx_word' id='word_1_655' title='bbox 2032 4277 2213 4345; x_wconf 81' lang='lat' dir='ltr'><strong>gloria</strong></span> <span class='ocrx_word' id='word_1_656' title='bbox 2280 4277 2675 4330; x_wconf 77' lang='lat' dir='ltr'><strong>Romanorum.</strong></span> <span class='ocrx_word' id='word_1_657' title='bbox 2734 4275 3040 4330; x_wconf 88' lang='lat' dir='ltr'><strong>Enimvero</strong></span> <span class='ocrx_word' id='word_1_658' title='bbox 3107 4275 3356 4341; x_wconf 90' lang='lat' dir='ltr'><strong>invidia,</strong></span> <span class='ocrx_word' id='word_1_659' title='bbox 3416 4281 3481 4330; x_wconf 92' lang='lat' dir='ltr'><strong>ut</strong></span> <span class='ocrx_word' id='word_1_660' title='bbox 3539 4276 3688 4330; x_wconf 89' lang='lat' dir='ltr'><strong>solet</strong></span> 
     </span>
    </p>
   </div>
   <div class='ocr_carea' id='block_1_94' title="bbox 2032 4362 3683 4434">
    <p class='ocr_par' dir='ltr' id='par_1_94' title="bbox 2032 4362 3683 4434">
     <span class='ocr_line' id='line_1_94' title="bbox 2032 4362 3683 4434; baseline 0 -17"><span class='ocrx_word' id='word_1_661' title='bbox 2032 4363 2209 4418; x_wconf 88' lang='lat' dir='ltr'><strong>rebus</strong></span> <span class='ocrx_word' id='word_1_662' title='bbox 2262 4363 2653 4434; x_wconf 89' lang='lat' dir='ltr'><strong>prosperrime</strong></span> <span class='ocrx_word' id='word_1_663' title='bbox 2706 4362 3160 4418; x_wconf 88' lang='lat' dir='ltr'><strong>succedentibus</strong></span> <span class='ocrx_word' id='word_1_664' title='bbox 3207 4363 3499 4428; x_wconf 89' lang='lat' dir='ltr'><strong>insidiari,</strong></span> <span class='ocrx_word' id='word_1_665' title='bbox 3533 4362 3683 4417; x_wconf 89' lang='lat' dir='ltr'><strong>Beli-</strong></span> 
     </span>
    </p>
   </div>
   <div class='ocr_carea' id='block_1_95' title="bbox 2034 4452 3688 4523">
    <p class='ocr_par' dir='ltr' id='par_1_95' title="bbox 2034 4452 3688 4523">
     <span class='ocr_line' id='line_1_95' title="bbox 2034 4452 3688 4523; baseline 0 -16"><span class='ocrx_word' id='word_1_666' title='bbox 2034 4452 2255 4507; x_wconf 84' lang='lat' dir='ltr'><strong>sarium</strong></span> <span class='ocrx_word' id='word_1_667' title='bbox 2292 4467 2523 4523; x_wconf 90' lang='lat' dir='ltr'><strong>quoque</strong></span> <span class='ocrx_word' id='word_1_668' title='bbox 2554 4453 2639 4507; x_wconf 90' lang='lat' dir='ltr'><strong>ita</strong></span> <span class='ocrx_word' id='word_1_669' title='bbox 2668 4453 2877 4506; x_wconf 88' lang='lat' dir='ltr'><strong>adorta</strong></span> <span class='ocrx_word' id='word_1_670' title='bbox 2908 4456 3014 4506; x_wconf 90' lang='lat' dir='ltr'><strong>est.</strong></span> <span class='ocrx_word' id='word_1_671' title='bbox 3051 4452 3194 4506; x_wconf 87' lang='lat' dir='ltr'><strong>Nam</strong></span> <span class='ocrx_word' id='word_1_672' title='bbox 3229 4452 3545 4507; x_wconf 89' lang='lat' dir='ltr'><strong>calumniis</strong></span> <span class='ocrx_word' id='word_1_673' title='bbox 3578 4454 3688 4507; x_wconf 89' lang='lat' dir='ltr'><strong>im-</strong></span> 
     </span>
    </p>
   </div>
   <div class='ocr_carea' id='block_1_96' title="bbox 272 4536 1918 4641">
    <p class='ocr_par' dir='ltr' id='par_1_96' title="bbox 272 4536 1918 4641">
     <span class='ocr_line' id='line_1_96' title="bbox 272 4536 1918 4641; baseline -0.009 -37"><span class='ocrx_word' id='word_1_674' title='bbox 272 4544 607 4617; x_wconf 76' lang='grc' dir='ltr'>Διαϐληθεὶς</span> <span class='ocrx_word' id='word_1_675' title='bbox 659 4545 783 4620; x_wconf 78' lang='grc' dir='ltr'>γὰρ,</span> <span class='ocrx_word' id='word_1_676' title='bbox 829 4543 1055 4617; x_wconf 82' lang='grc' dir='ltr'>μετέστη</span> <span class='ocrx_word' id='word_1_677' title='bbox 1086 4548 1186 4610; x_wconf 81' lang='grc' dir='ltr'>τῆς</span> <span class='ocrx_word' id='word_1_678' title='bbox 1245 4539 1449 4641; x_wconf 61' lang='grc' dir='ltr'>ἀρχῆς,</span> <span class='ocrx_word' id='word_1_679' title='bbox 1654 4536 1918 4641; x_wconf 69' lang='grc' dir='ltr'>Σαλομῶν</span> 
     </span>
    </p>
   </div>
   <div class='ocr_carea' id='block_1_97' title="bbox 2031 4536 3693 4641">
    <p class='ocr_par' dir='ltr' id='par_1_97' title="bbox 2036 4540 3693 4612">
     <span class='ocr_line' id='line_1_97' title="bbox 2036 4540 3693 4612; baseline 0.001 -17"><span class='ocrx_word' id='word_1_680' title='bbox 2036 4540 2256 4612; x_wconf 90' lang='lat' dir='ltr'><strong>petitus</strong></span> <span class='ocrx_word' id='word_1_681' title='bbox 2306 4557 2339 4594; x_wconf 89' lang='lat' dir='ltr'><strong>a</strong></span> <span class='ocrx_word' id='word_1_682' title='bbox 2388 4541 2732 4611; x_wconf 67' lang='lat' dir='ltr'><strong>praefectura</strong></span> <span class='ocrx_word' id='word_1_683' title='bbox 2775 4544 3106 4595; x_wconf 85' lang='lat' dir='ltr'><strong>summotus</strong></span> <span class='ocrx_word' id='word_1_684' title='bbox 3153 4546 3276 4608; x_wconf 87' lang='lat' dir='ltr'><strong>est;</strong></span> <span class='ocrx_word' id='word_1_685' title='bbox 3332 4541 3392 4596; x_wconf 90' lang='lat' dir='ltr'><strong>in</strong></span> <span class='ocrx_word' id='word_1_686' title='bbox 3445 4544 3693 4612; x_wconf 89' lang='lat' dir='ltr'><strong>ejusque</strong></span> 
     </span>
    </p>
   </div>
   <div class='ocr_carea' id='block_1_98' title="bbox 272 4624 1928 4707">
    <p class='ocr_par' dir='ltr' id='par_1_98' title="bbox 272 4624 1928 4707">
     <span class='ocr_line' id='line_1_98' title="bbox 272 4624 1928 4707; baseline -0.008 -15"><span class='ocrx_word' id='word_1_687' title='bbox 272 4638 391 4693; x_wconf 79' lang='grc' dir='ltr'>ἀντ’</span> <span class='ocrx_word' id='word_1_688' title='bbox 452 4634 617 4690; x_wconf 76' lang='grc' dir='ltr'>αὐτοῦ</span> <span class='ocrx_word' id='word_1_689' title='bbox 673 4630 977 4707; x_wconf 79' lang='grc' dir='ltr'>στρατηγὸς</span> <span class='ocrx_word' id='word_1_690' title='bbox 1035 4629 1322 4706; x_wconf 72' lang='grc' dir='ltr'>ἐπέμφθη,</span> <span class='ocrx_word' id='word_1_691' title='bbox 1400 4627 1459 4689; x_wconf 79' lang='grc' dir='ltr'>ὃς</span> <span class='ocrx_word' id='word_1_692' title='bbox 1529 4627 1597 4681; x_wconf 82' lang='grc' dir='ltr'>τὰ</span> <span class='ocrx_word' id='word_1_693' title='bbox 1653 4624 1928 4689; x_wconf 72' lang='grc' dir='ltr'>κτισθέντα</span> 
     </span>
    </p>
   </div>
   <div class='ocr_carea' id='block_1_99' title="bbox 273 4711 1928 4798">
    <p class='ocr_par' dir='ltr' id='par_1_99' title="bbox 273 4711 1928 4798">
     <span class='ocr_line' id='line_1_99' title="bbox 273 4711 1928 4798; baseline -0.008 -18"><span class='ocrx_word' id='word_1_694' title='bbox 273 4724 583 4798; x_wconf 82' lang='grc' dir='ltr'>Βελισαρίῳ</span> <span class='ocrx_word' id='word_1_695' title='bbox 650 4723 881 4797; x_wconf 80' lang='grc' dir='ltr'>φυλάξαι</span> <span class='ocrx_word' id='word_1_696' title='bbox 941 4720 1017 4793; x_wconf 82' lang='grc' dir='ltr'>μὴ</span> <span class='ocrx_word' id='word_1_697' title='bbox 1077 4717 1350 4789; x_wconf 81' lang='grc' dir='ltr'>δυνηθεὶς,</span> <span class='ocrx_word' id='word_1_698' title='bbox 1407 4720 1526 4778; x_wconf 88' lang='grc' dir='ltr'>τοῖς</span> <span class='ocrx_word' id='word_1_699' title='bbox 1585 4711 1928 4776; x_wconf 83' lang='grc' dir='ltr'>Οὐανδάλοις</span> 
     </span>
    </p>
   </div>
   <div class='ocr_carea' id='block_1_100' title="bbox 271 4812 950 4887">
    <p class='ocr_par' dir='ltr' id='par_1_100' title="bbox 271 4812 950 4887">
     <span class='ocr_line' id='line_1_100' title="bbox 271 4812 950 4887; baseline -0.006 -17"><span class='ocrx_word' id='word_1_700' title='bbox 271 4818 496 4870; x_wconf 78' lang='grc' dir='ltr'>πάντων</span> <span class='ocrx_word' id='word_1_701' title='bbox 527 4812 950 4887; x_wconf 84' lang='grc' dir='ltr'>παρεχώρησεν.</span> 
     </span>
    </p>
   </div>
   <div class='ocr_carea' id='block_1_101' title="bbox 2040 4628 3693 4702">
    <p class='ocr_par' dir='ltr' id='par_1_101' title="bbox 2040 4628 3693 4702">
     <span class='ocr_line' id='line_1_101' title="bbox 2040 4628 3693 4702; baseline 0.001 -19"><span class='ocrx_word' id='word_1_702' title='bbox 2040 4628 2232 4684; x_wconf 90' lang='lat' dir='ltr'><strong>locum</strong></span> <span class='ocrx_word' id='word_1_703' title='bbox 2269 4629 2542 4684; x_wconf 88' lang='lat' dir='ltr'><strong>Salomon</strong></span> <span class='ocrx_word' id='word_1_704' title='bbox 2574 4630 2691 4683; x_wconf 80' lang='lat' dir='ltr'><strong>dux</strong></span> <span class='ocrx_word' id='word_1_705' title='bbox 2721 4629 3011 4683; x_wconf 88' lang='lat' dir='ltr'><strong>exercitus</strong></span> <span class='ocrx_word' id='word_1_706' title='bbox 3037 4629 3259 4684; x_wconf 89' lang='lat' dir='ltr'><strong>missus</strong></span> <span class='ocrx_word' id='word_1_707' title='bbox 3288 4634 3398 4697; x_wconf 89' lang='lat' dir='ltr'><strong>est,</strong></span> <span class='ocrx_word' id='word_1_708' title='bbox 3426 4632 3523 4702; x_wconf 90' lang='lat' dir='ltr'><strong>qui</strong></span> <span class='ocrx_word' id='word_1_709' title='bbox 3557 4647 3693 4686; x_wconf 89' lang='lat' dir='ltr'><strong>cum</strong></span> 
     </span>
    </p>
   </div>
   <div class='ocr_carea' id='block_1_102' title="bbox 2042 4717 3693 4791">
    <p class='ocr_par' dir='ltr' id='par_1_102' title="bbox 2042 4717 3693 4791">
     <span class='ocr_line' id='line_1_102' title="bbox 2042 4717 3693 4791; baseline 0.001 -17"><span class='ocrx_word' id='word_1_710' title='bbox 2042 4735 2159 4774; x_wconf 90' lang='lat' dir='ltr'><strong>non</strong></span> <span class='ocrx_word' id='word_1_711' title='bbox 2210 4717 2431 4773; x_wconf 86' lang='lat' dir='ltr'><strong>valeret</strong></span> <span class='ocrx_word' id='word_1_712' title='bbox 2478 4735 2567 4780; x_wconf 87' lang='lat' dir='ltr'><strong>ea,</strong></span> <span class='ocrx_word' id='word_1_713' title='bbox 2600 4735 2731 4789; x_wconf 68' lang='lat' dir='ltr'><strong>quas</strong></span> <span class='ocrx_word' id='word_1_714' title='bbox 2780 4718 3096 4774; x_wconf 85' lang='lat' dir='ltr'><strong>Belisarius</strong></span> <span class='ocrx_word' id='word_1_715' title='bbox 3144 4725 3471 4791; x_wconf 83' lang='lat' dir='ltr'><strong>paraverat,</strong></span> <span class='ocrx_word' id='word_1_716' title='bbox 3521 4720 3693 4787; x_wconf 90' lang='lat' dir='ltr'><strong>tueri,</strong></span> 
     </span>
    </p>
   </div>
   <div class='ocr_carea' id='block_1_103' title="bbox 2046 4807 2894 4863">
    <p class='ocr_par' dir='ltr' id='par_1_103' title="bbox 2046 4807 2894 4863">
     <span class='ocr_line' id='line_1_103' title="bbox 2046 4807 2894 4863; baseline -0.001 0"><span class='ocrx_word' id='word_1_717' title='bbox 2046 4807 2246 4863; x_wconf 89' lang='lat' dir='ltr'><strong>omnia</strong></span> <span class='ocrx_word' id='word_1_718' title='bbox 2274 4807 2555 4863; x_wconf 85' lang='lat' dir='ltr'><strong>Vandalis</strong></span> <span class='ocrx_word' id='word_1_719' title='bbox 2586 4807 2894 4863; x_wconf 87' lang='lat' dir='ltr'><strong>concessit.</strong></span> 
     </span>
    </p>
   </div>
   <div class='ocr_carea' id='block_1_104' title="bbox 272 4929 3698 5013">
    <p class='ocr_par' dir='ltr' id='par_1_104' title="bbox 272 4929 3698 5013">
     <span class='ocr_line' id='line_1_104' title="bbox 272 4929 3698 5013; baseline -0.003 -16"><span class='ocrx_word' id='word_1_720' title='bbox 272 4942 357 4997; x_wconf 86' lang='lat' dir='ltr'><strong>De</strong></span> <span class='ocrx_word' id='word_1_721' title='bbox 378 4939 697 5013; x_wconf 75' lang='lat' dir='ltr'><strong>prodigiosa</strong></span> <span class='ocrx_word' id='word_1_722' title='bbox 726 4952 879 4992; x_wconf 84' lang='lat' dir='ltr'><strong>cane.</strong></span> <span class='ocrx_word' id='word_1_723' title='bbox 918 4936 1139 5013; x_wconf 66' lang='lat' dir='ltr'><strong>Ponlem</strong></span> <span class='ocrx_word' id='word_1_724' title='bbox 1166 4932 1462 5013; x_wconf 53' lang='lat' dir='ltr'><strong>Sangam,</strong></span> <span class='ocrx_word' id='word_1_725' title='bbox 1480 4945 1692 5013; x_wconf 62' lang='lat' dir='ltr'><strong>necnon</strong></span> <span class='ocrx_word' id='word_1_726' title='bbox 1726 4929 1931 5013; x_wconf 61' lang='lat' dir='ltr'><strong>multo:</strong></span> <span class='ocrx_word' id='word_1_727' title='bbox 1961 4931 2215 4986; x_wconf 77' lang='lat' dir='ltr'><strong>ecclesias</strong></span> <span class='ocrx_word' id='word_1_728' title='bbox 2244 4948 2321 5013; x_wconf 57' lang='lat' dir='ltr'><strong>ac</strong></span> <span class='ocrx_word' id='word_1_729' title='bbox 2345 4931 2512 5013; x_wconf 36' lang='lat' dir='ltr'><strong>urbes.</strong></span> <span class='ocrx_word' id='word_1_730' title='bbox 2530 4933 2879 5013; x_wconf 54' lang='lat' dir='ltr'><strong>Iustiniano;</strong></span> <span class='ocrx_word' id='word_1_731' title='bbox 2909 4934 3166 4989; x_wconf 77' lang='lat' dir='ltr'><strong>exstruit.</strong></span> <span class='ocrx_word' id='word_1_732' title='bbox 3200 4935 3275 4989; x_wconf 90' lang='lat' dir='ltr'><strong>De</strong></span> <span class='ocrx_word' id='word_1_733' title='bbox 3304 4934 3374 4989; x_wconf 74' lang='lat' dir='ltr'><strong>iis</strong></span> <span class='ocrx_word' id='word_1_734' title='bbox 3404 4934 3698 5005; x_wconf 65' lang='lat' dir='ltr'><strong>Promptus</strong></span> 
     </span>
    </p>
   </div>
   <div class='ocr_carea' id='block_1_105' title="bbox 1021 5001 2959 5073">
    <p class='ocr_par' dir='ltr' id='par_1_105' title="bbox 1021 5001 2959 5073">
     <span class='ocr_line' id='line_1_105' title="bbox 1021 5001 2959 5073; baseline -0.002 -12"><span class='ocrx_word' id='word_1_735' title='bbox 1021 5006 1161 5061; x_wconf 76' lang='lat' dir='ltr'><strong>libro</strong></span> <span class='ocrx_word' id='word_1_736' title='bbox 1190 5001 1401 5060; x_wconf 72' lang='lat' dir='ltr'><strong>octavo.</strong></span> <span class='ocrx_word' id='word_1_737' title='bbox 1432 5003 1786 5058; x_wconf 73' lang='lat' dir='ltr'><strong>Justinianus</strong></span> <span class='ocrx_word' id='word_1_738' title='bbox 1814 5001 2034 5057; x_wconf 76' lang='lat' dir='ltr'><strong>alienus</strong></span> <span class='ocrx_word' id='word_1_739' title='bbox 2063 5020 2097 5057; x_wconf 89' lang='lat' dir='ltr'><strong>a</strong></span> <span class='ocrx_word' id='word_1_740' title='bbox 2124 5019 2251 5058; x_wconf 87' lang='lat' dir='ltr'><strong>vera</strong></span> <span class='ocrx_word' id='word_1_741' title='bbox 2281 5004 2379 5057; x_wconf 81' lang='lat' dir='ltr'><strong>Dei</strong></span> <span class='ocrx_word' id='word_1_742' title='bbox 2406 5004 2675 5073; x_wconf 74' lang='lat' dir='ltr'><strong>religione</strong></span> <span class='ocrx_word' id='word_1_743' title='bbox 2702 5006 2959 5059; x_wconf 81' lang='lat' dir='ltr'><strong>moritur.</strong></span> 
     </span>
    </p>
   </div>
   <div class='ocr_carea' id='block_1_106' title="bbox 349 5103 1933 5188">
    <p class='ocr_par' dir='ltr' id='par_1_106' title="bbox 349 5103 1933 5188">
     <span class='ocr_line' id='line_1_106' title="bbox 349 5103 1933 5188; baseline -0.009 -14"><span class='ocrx_word' id='word_1_744' title='bbox 349 5118 454 5173; x_wconf 84' lang='grc' dir='ltr'>Ἦν</span> <span class='ocrx_word' id='word_1_745' title='bbox 489 5113 547 5171; x_wconf 81' lang='grc' dir='ltr'>δέ</span> <span class='ocrx_word' id='word_1_746' title='bbox 599 5135 682 5176; x_wconf 84' lang='grc' dir='ltr'><strong>τις</strong></span> <span class='ocrx_word' id='word_1_747' title='bbox 731 5111 969 5188; x_wconf 65' lang='grc' dir='ltr'>χαλκεὺς</span> <span class='ocrx_word' id='word_1_748' title='bbox 1018 5108 1070 5165; x_wconf 75' lang='grc' dir='ltr'><strong>έν</strong></span> <span class='ocrx_word' id='word_1_749' title='bbox 1118 5112 1196 5180; x_wconf 84' lang='grc' dir='ltr'>τῷ</span> <span class='ocrx_word' id='word_1_750' title='bbox 1224 5112 1399 5182; x_wconf 85' lang='grc' dir='ltr'>καιρῷ</span> <span class='ocrx_word' id='word_1_751' title='bbox 1432 5106 1621 5179; x_wconf 84' lang='grc' dir='ltr'>έκείνῳ</span> <span class='ocrx_word' id='word_1_752' title='bbox 1682 5103 1933 5181; x_wconf 79' lang='grc' dir='ltr'>Ἀνδρέας</span> 
     </span>
    </p>
   </div>
   <div class='ocr_carea' id='block_1_107' title="bbox 266 5192 1936 5279">
    <p class='ocr_par' dir='ltr' id='par_1_107' title="bbox 266 5192 1936 5279">
     <span class='ocr_line' id='line_1_107' title="bbox 266 5192 1936 5279; baseline -0.007 -18"><span class='ocrx_word' id='word_1_753' title='bbox 266 5204 547 5276; x_wconf 72' lang='grc' dir='ltr'>τοῖἲνομα,</span> <span class='ocrx_word' id='word_1_754' title='bbox 579 5200 722 5279; x_wconf 71' lang='grc' dir='ltr'>ἔχων</span> <span class='ocrx_word' id='word_1_755' title='bbox 776 5202 889 5275; x_wconf 86' lang='grc' dir='ltr'>μετ’</span> <span class='ocrx_word' id='word_1_756' title='bbox 945 5199 1108 5255; x_wconf 77' lang='grc' dir='ltr'>αὑτοῦ</span> <span class='ocrx_word' id='word_1_757' title='bbox 1154 5197 1291 5252; x_wconf 82' lang='grc' dir='ltr'>κύνα</span> <span class='ocrx_word' id='word_1_758' title='bbox 1334 5196 1517 5269; x_wconf 81' lang='grc' dir='ltr'>ξανθὸν</span> <span class='ocrx_word' id='word_1_759' title='bbox 1564 5193 1653 5250; x_wconf 80' lang='grc' dir='ltr'><strong>καὶ</strong></span> <span class='ocrx_word' id='word_1_760' title='bbox 1708 5192 1936 5272; x_wconf 77' lang='grc' dir='ltr'>τυφλὸν,</span> 
     </span>
    </p>
   </div>
   <div class='ocr_carea' id='block_1_108' title="bbox 272 5281 1936 5368">
    <p class='ocr_par' dir='ltr' id='par_1_108' title="bbox 272 5281 1936 5368">
     <span class='ocr_line' id='line_1_108' title="bbox 272 5281 1936 5368; baseline -0.009 -18"><span class='ocrx_word' id='word_1_761' title='bbox 272 5296 340 5355; x_wconf 77' lang='grc' dir='ltr'><strong>’ὸς</strong></span> <span class='ocrx_word' id='word_1_762' title='bbox 397 5293 567 5348; x_wconf 76' lang='grc' dir='ltr'>ἐποίει</span> <span class='ocrx_word' id='word_1_763' title='bbox 610 5292 825 5368; x_wconf 80' lang='grc' dir='ltr'>τέρατα.</span> <span class='ocrx_word' id='word_1_764' title='bbox 878 5289 1228 5366; x_wconf 82' lang='grc' dir='ltr'>Παρεστῶτος</span> <span class='ocrx_word' id='word_1_765' title='bbox 1276 5287 1377 5362; x_wconf 79' lang='grc' dir='ltr'>γὰρ</span> <span class='ocrx_word' id='word_1_766' title='bbox 1426 5285 1574 5356; x_wconf 78' lang='grc' dir='ltr'>αὐτῷ</span> <span class='ocrx_word' id='word_1_767' title='bbox 1618 5281 1820 5358; x_wconf 68' lang='grc' dir='ltr'>ὄχλου,</span> <span class='ocrx_word' id='word_1_768' title='bbox 1880 5282 1936 5338; x_wconf 77' lang='grc' dir='ltr'>ἓν</span> 
     </span>
    </p>
   </div>
   <div class='ocr_carea' id='block_1_109' title="bbox 273 5372 1939 5455">
    <p class='ocr_par' dir='ltr' id='par_1_109' title="bbox 273 5372 1939 5455">
     <span class='ocr_line' id='line_1_109' title="bbox 273 5372 1939 5455; baseline -0.008 -17"><span class='ocrx_word' id='word_1_769' title='bbox 273 5404 342 5438; x_wconf 87' lang='grc' dir='ltr'><strong>τε</strong></span> <span class='ocrx_word' id='word_1_770' title='bbox 400 5388 518 5444; x_wconf 82' lang='grc' dir='ltr'>τοῖς</span> <span class='ocrx_word' id='word_1_771' title='bbox 578 5377 993 5455; x_wconf 82' lang='grc' dir='ltr'>Ἀρτοπωλίοις,</span> <span class='ocrx_word' id='word_1_772' title='bbox 1051 5376 1139 5431; x_wconf 81' lang='grc' dir='ltr'><strong>καὶ</strong></span> <span class='ocrx_word' id='word_1_773' title='bbox 1199 5374 1250 5429; x_wconf 76' lang='grc' dir='ltr'><strong>έν</strong></span> <span class='ocrx_word' id='word_1_774' title='bbox 1305 5375 1385 5446; x_wconf 83' lang='grc' dir='ltr'>τῷ</span> <span class='ocrx_word' id='word_1_775' title='bbox 1446 5373 1631 5449; x_wconf 81' lang='grc' dir='ltr'>Φόρῳ,</span> <span class='ocrx_word' id='word_1_776' title='bbox 1684 5372 1939 5426; x_wconf 74' lang='grc' dir='ltr'>καὶκατὰ</span> 
     </span>
    </p>
   </div>
   <div class='ocr_carea' id='block_1_110' title="bbox 277 5461 1939 5543">
    <p class='ocr_par' dir='ltr' id='par_1_110' title="bbox 277 5461 1939 5543">
     <span class='ocr_line' id='line_1_110' title="bbox 277 5461 1939 5543; baseline -0.008 -16"><span class='ocrx_word' id='word_1_777' title='bbox 277 5473 470 5541; x_wconf 78' lang='grc' dir='ltr'>πάσης</span> <span class='ocrx_word' id='word_1_778' title='bbox 530 5473 626 5535; x_wconf 81' lang='grc' dir='ltr'>τῆς</span> <span class='ocrx_word' id='word_1_779' title='bbox 672 5468 911 5537; x_wconf 82' lang='grc' dir='ltr'>πόλεως,</span> <span class='ocrx_word' id='word_1_780' title='bbox 966 5467 1145 5543; x_wconf 87' lang='grc' dir='ltr'>λάθρα</span> <span class='ocrx_word' id='word_1_781' title='bbox 1172 5468 1273 5519; x_wconf 74' lang='grc' dir='ltr'><strong>τοῦ</strong></span> <span class='ocrx_word' id='word_1_782' title='bbox 1322 5463 1481 5527; x_wconf 87' lang='grc' dir='ltr'>κυνὸς</span> <span class='ocrx_word' id='word_1_783' title='bbox 1528 5462 1817 5535; x_wconf 73' lang='grc' dir='ltr'>έκομίζετο</span> <span class='ocrx_word' id='word_1_784' title='bbox 1872 5461 1939 5515; x_wconf 72' lang='grc' dir='ltr'>τὰ</span> 
     </span>
    </p>
   </div>
   <div class='ocr_carea' id='block_1_111' title="bbox 277 5551 1939 5631">
    <p class='ocr_par' dir='ltr' id='par_1_111' title="bbox 277 5551 1939 5631">
     <span class='ocr_line' id='line_1_111' title="bbox 277 5551 1939 5631; baseline -0.007 -15"><span class='ocrx_word' id='word_1_785' title='bbox 277 5565 398 5616; x_wconf 77' lang='grc' dir='ltr'>τῶν</span> <span class='ocrx_word' id='word_1_786' title='bbox 450 5557 699 5614; x_wconf 77' lang='grc' dir='ltr'>ἑστώτων</span> <span class='ocrx_word' id='word_1_787' title='bbox 760 5554 1101 5625; x_wconf 81' lang='grc' dir='ltr'>δακτυλίδια,</span> <span class='ocrx_word' id='word_1_788' title='bbox 1156 5558 1337 5631; x_wconf 76' lang='grc' dir='ltr'>χρυσᾶ</span> <span class='ocrx_word' id='word_1_789' title='bbox 1362 5574 1421 5608; x_wconf 89' lang='grc' dir='ltr'><strong>τε</strong></span> <span class='ocrx_word' id='word_1_790' title='bbox 1448 5552 1537 5607; x_wconf 78' lang='grc' dir='ltr'><strong>καὶ</strong></span> <span class='ocrx_word' id='word_1_791' title='bbox 1571 5553 1803 5627; x_wconf 79' lang='grc' dir='ltr'>ἀργυρᾶ,</span> <span class='ocrx_word' id='word_1_792' title='bbox 1850 5551 1939 5605; x_wconf 82' lang='grc' dir='ltr'><strong>καὶ</strong></span> 
     </span>
    </p>
   </div>
   <div class='ocr_carea' id='block_1_112' title="bbox 280 5640 1942 5727">
    <p class='ocr_par' dir='ltr' id='par_1_112' title="bbox 280 5640 1942 5727">
     <span class='ocr_line' id='line_1_112' title="bbox 280 5640 1942 5727; baseline -0.004 -21"><span class='ocrx_word' id='word_1_793' title='bbox 280 5648 502 5727; x_wconf 82' lang='grc' dir='ltr'>χαλκᾶ,</span> <span class='ocrx_word' id='word_1_794' title='bbox 550 5649 639 5703; x_wconf 85' lang='grc' dir='ltr'><strong>καὶ</strong></span> <span class='ocrx_word' id='word_1_795' title='bbox 690 5647 850 5704; x_wconf 71' lang='grc' dir='ltr'>ἐτίθει</span> <span class='ocrx_word' id='word_1_796' title='bbox 904 5646 981 5710; x_wconf 76' lang='grc' dir='ltr'>εἷς</span> <span class='ocrx_word' id='word_1_797' title='bbox 1031 5647 1094 5701; x_wconf 87' lang='grc' dir='ltr'>τὸ</span> <span class='ocrx_word' id='word_1_798' title='bbox 1144 5640 1361 5721; x_wconf 58' lang='grc' dir='ltr'>ἔδαφος,</span> <span class='ocrx_word' id='word_1_799' title='bbox 1410 5642 1751 5720; x_wconf 74' lang='grc' dir='ltr'>περίσκέπων</span> <span class='ocrx_word' id='word_1_800' title='bbox 1806 5640 1942 5699; x_wconf 67' lang='grc' dir='ltr'>αὐτὰ</span> 
     </span>
    </p>
   </div>
   <div class='ocr_carea' id='block_1_113' title="bbox 2114 5108 3694 5182">
    <p class='ocr_par' dir='ltr' id='par_1_113' title="bbox 2114 5108 3694 5182">
     <span class='ocr_line' id='line_1_113' title="bbox 2114 5108 3694 5182; baseline -0.001 -17"><span class='ocrx_word' id='word_1_801' title='bbox 2114 5110 2249 5165; x_wconf 86' lang='lat' dir='ltr'><strong>Erat</strong></span> <span class='ocrx_word' id='word_1_802' title='bbox 2277 5126 2448 5181; x_wconf 91' lang='lat' dir='ltr'><strong>porro</strong></span> <span class='ocrx_word' id='word_1_803' title='bbox 2502 5109 2602 5165; x_wconf 92' lang='lat' dir='ltr'><strong>illo</strong></span> <span class='ocrx_word' id='word_1_804' title='bbox 2634 5115 2899 5182; x_wconf 88' lang='lat' dir='ltr'><strong>tempore</strong></span> <span class='ocrx_word' id='word_1_805' title='bbox 2949 5112 3110 5166; x_wconf 80' lang='lat' dir='ltr'><strong>faber</strong></span> <span class='ocrx_word' id='word_1_806' title='bbox 3155 5110 3403 5167; x_wconf 82' lang='lat' dir='ltr'><strong>solarius</strong></span> <span class='ocrx_word' id='word_1_807' title='bbox 3452 5108 3694 5180; x_wconf 89' lang='lat' dir='ltr'><strong>quidam</strong></span> 
     </span>
    </p>
   </div>
   <div class='ocr_carea' id='block_1_114' title="bbox 2048 5197 3695 5256">
    <p class='ocr_par' dir='ltr' id='par_1_114' title="bbox 2048 5197 3695 5256">
     <span class='ocr_line' id='line_1_114' title="bbox 2048 5197 3695 5256; baseline -0.002 -3"><span class='ocrx_word' id='word_1_808' title='bbox 2048 5197 2286 5253; x_wconf 88' lang='lat' dir='ltr'><strong>nomine</strong></span> <span class='ocrx_word' id='word_1_809' title='bbox 2330 5198 2612 5254; x_wconf 82' lang='lat' dir='ltr'><strong>Andreas.</strong></span> <span class='ocrx_word' id='word_1_810' title='bbox 2648 5200 2702 5255; x_wconf 92' lang='lat' dir='ltr'><strong>Is</strong></span> <span class='ocrx_word' id='word_1_811' title='bbox 2736 5200 2987 5256; x_wconf 88' lang='lat' dir='ltr'><strong>habebat</strong></span> <span class='ocrx_word' id='word_1_812' title='bbox 3016 5214 3215 5254; x_wconf 90' lang='lat' dir='ltr'><strong>canem</strong></span> <span class='ocrx_word' id='word_1_813' title='bbox 3270 5198 3461 5251; x_wconf 87' lang='lat' dir='ltr'><strong>rufum</strong></span> <span class='ocrx_word' id='word_1_814' title='bbox 3495 5212 3559 5251; x_wconf 88' lang='lat' dir='ltr'><strong>ac</strong></span> <span class='ocrx_word' id='word_1_815' title='bbox 3591 5213 3695 5250; x_wconf 67' lang='lat' dir='ltr'><strong>ca:-</strong></span> 
     </span>
    </p>
   </div>
   <div class='ocr_carea' id='block_1_115' title="bbox 2049 5285 3702 5359">
    <p class='ocr_par' dir='ltr' id='par_1_115' title="bbox 2049 5285 3702 5359">
     <span class='ocr_line' id='line_1_115' title="bbox 2049 5285 3702 5359; baseline -0.001 -19"><span class='ocrx_word' id='word_1_816' title='bbox 2049 5303 2183 5341; x_wconf 92' lang='lat' dir='ltr'><strong>cum</strong></span> <span class='ocrx_word' id='word_1_817' title='bbox 2237 5286 2337 5357; x_wconf 89' lang='lat' dir='ltr'><strong>qui</strong></span> <span class='ocrx_word' id='word_1_818' title='bbox 2396 5287 2661 5359; x_wconf 90' lang='lat' dir='ltr'><strong>prodigia</strong></span> <span class='ocrx_word' id='word_1_819' title='bbox 2717 5289 2947 5344; x_wconf 91' lang='lat' dir='ltr'><strong>edebat.</strong></span> <span class='ocrx_word' id='word_1_820' title='bbox 2998 5288 3142 5342; x_wconf 90' lang='lat' dir='ltr'><strong>Nam</strong></span> <span class='ocrx_word' id='word_1_821' title='bbox 3193 5289 3476 5357; x_wconf 63' lang='lat' dir='ltr'><strong>praesente</strong></span> <span class='ocrx_word' id='word_1_822' title='bbox 3525 5285 3702 5339; x_wconf 88' lang='lat' dir='ltr'><strong>turba</strong></span> 
     </span>
    </p>
   </div>
   <div class='ocr_carea' id='block_1_116' title="bbox 2048 5372 3697 5447">
    <p class='ocr_par' dir='ltr' id='par_1_116' title="bbox 2048 5372 3697 5447">
     <span class='ocr_line' id='line_1_116' title="bbox 2048 5372 3697 5447; baseline -0.002 -18"><span class='ocrx_word' id='word_1_823' title='bbox 2048 5376 2106 5430; x_wconf 92' lang='lat' dir='ltr'><strong>in</strong></span> <span class='ocrx_word' id='word_1_824' title='bbox 2142 5375 2455 5447; x_wconf 85' lang='lat' dir='ltr'><strong>Artopoliis</strong></span> <span class='ocrx_word' id='word_1_825' title='bbox 2487 5380 2545 5431; x_wconf 86' lang='lat' dir='ltr'><strong>et</strong></span> <span class='ocrx_word' id='word_1_826' title='bbox 2584 5376 2641 5430; x_wconf 94' lang='lat' dir='ltr'><strong>in</strong></span> <span class='ocrx_word' id='word_1_827' title='bbox 2682 5377 2851 5447; x_wconf 84' lang='lat' dir='ltr'><strong>Foro,</strong></span> <span class='ocrx_word' id='word_1_828' title='bbox 2883 5390 3014 5430; x_wconf 89' lang='lat' dir='ltr'><strong>cum</strong></span> <span class='ocrx_word' id='word_1_829' title='bbox 3065 5372 3216 5427; x_wconf 89' lang='lat' dir='ltr'><strong>clam</strong></span> <span class='ocrx_word' id='word_1_830' title='bbox 3263 5372 3374 5427; x_wconf 91' lang='lat' dir='ltr'><strong>isto</strong></span> <span class='ocrx_word' id='word_1_831' title='bbox 3423 5388 3567 5427; x_wconf 90' lang='lat' dir='ltr'><strong>cane</strong></span> <span class='ocrx_word' id='word_1_832' title='bbox 3598 5373 3697 5426; x_wconf 89' lang='lat' dir='ltr'><strong>ad-</strong></span> 
     </span>
    </p>
   </div>
   <div class='ocr_carea' id='block_1_117' title="bbox 2051 5460 3701 5534">
    <p class='ocr_par' dir='ltr' id='par_1_117' title="bbox 2051 5460 3701 5534">
     <span class='ocr_line' id='line_1_117' title="bbox 2051 5460 3701 5534; baseline -0.004 -14"><span class='ocrx_word' id='word_1_833' title='bbox 2051 5466 2337 5520; x_wconf 80' lang='lat' dir='ltr'><strong>stantium</strong></span> <span class='ocrx_word' id='word_1_834' title='bbox 2385 5465 2588 5520; x_wconf 90' lang='lat' dir='ltr'><strong>annuli</strong></span> <span class='ocrx_word' id='word_1_835' title='bbox 2636 5466 2820 5534; x_wconf 87' lang='lat' dir='ltr'><strong>aurei,</strong></span> <span class='ocrx_word' id='word_1_836' title='bbox 2856 5461 3136 5534; x_wconf 87' lang='lat' dir='ltr'><strong>argentei,</strong></span> <span class='ocrx_word' id='word_1_837' title='bbox 3170 5460 3312 5515; x_wconf 64' lang='lat' dir='ltr'><strong>anei</strong></span> <span class='ocrx_word' id='word_1_838' title='bbox 3362 5476 3466 5531; x_wconf 90' lang='lat' dir='ltr'><strong>per</strong></span> <span class='ocrx_word' id='word_1_839' title='bbox 3517 5464 3701 5516; x_wconf 84' lang='lat' dir='ltr'><strong>totam</strong></span> 
     </span>
    </p>
   </div>
   <div class='ocr_carea' id='block_1_118' title="bbox 2050 5547 3699 5623">
    <p class='ocr_par' dir='ltr' id='par_1_118' title="bbox 2050 5547 3699 5623">
     <span class='ocr_line' id='line_1_118' title="bbox 2050 5547 3699 5623; baseline -0.006 -13"><span class='ocrx_word' id='word_1_840' title='bbox 2050 5555 2258 5610; x_wconf 90' lang='lat' dir='ltr'><strong>urbem</strong></span> <span class='ocrx_word' id='word_1_841' title='bbox 2290 5554 2676 5623; x_wconf 82' lang='lat' dir='ltr'><strong>deferrentur,</strong></span> <span class='ocrx_word' id='word_1_842' title='bbox 2709 5558 2763 5609; x_wconf 89' lang='lat' dir='ltr'><strong>et</strong></span> <span class='ocrx_word' id='word_1_843' title='bbox 2793 5570 2827 5609; x_wconf 91' lang='lat' dir='ltr'><strong>a</strong></span> <span class='ocrx_word' id='word_1_844' title='bbox 2856 5550 3096 5607; x_wconf 90' lang='lat' dir='ltr'><strong>domino</strong></span> <span class='ocrx_word' id='word_1_845' title='bbox 3137 5566 3244 5606; x_wconf 84' lang='lat' dir='ltr'><strong>suo</strong></span> <span class='ocrx_word' id='word_1_846' title='bbox 3278 5549 3339 5605; x_wconf 90' lang='lat' dir='ltr'><strong>in</strong></span> <span class='ocrx_word' id='word_1_847' title='bbox 3370 5548 3496 5605; x_wconf 90' lang='lat' dir='ltr'><strong>solo</strong></span> <span class='ocrx_word' id='word_1_848' title='bbox 3526 5547 3699 5620; x_wconf 89' lang='lat' dir='ltr'><strong>positi</strong></span> 
     </span>
    </p>
   </div>
   <div class='ocr_carea' id='block_1_119' title="bbox 2052 5636 3700 5717">
    <p class='ocr_par' dir='ltr' id='par_1_119' title="bbox 2052 5636 3700 5717">
     <span class='ocr_line' id='line_1_119' title="bbox 2052 5636 3700 5717; baseline -0.005 -17"><span class='ocrx_word' id='word_1_849' title='bbox 2052 5644 2287 5716; x_wconf 89' lang='lat' dir='ltr'><strong>pulvere</strong></span> <span class='ocrx_word' id='word_1_850' title='bbox 2326 5646 2712 5717; x_wconf 89' lang='lat' dir='ltr'><strong>operirentur,</strong></span> <span class='ocrx_word' id='word_1_851' title='bbox 2745 5646 2871 5698; x_wconf 90' lang='lat' dir='ltr'><strong>tum</strong></span> <span class='ocrx_word' id='word_1_852' title='bbox 2920 5640 3169 5713; x_wconf 89' lang='lat' dir='ltr'><strong>jubente</strong></span> <span class='ocrx_word' id='word_1_853' title='bbox 3216 5638 3318 5696; x_wconf 90' lang='lat' dir='ltr'><strong>illo</strong></span> <span class='ocrx_word' id='word_1_854' title='bbox 3364 5637 3527 5696; x_wconf 72' lang='lat' dir='ltr'><strong>canis</strong></span> <span class='ocrx_word' id='word_1_855' title='bbox 3575 5636 3700 5693; x_wconf 84' lang='lat' dir='ltr'><strong>sin-</strong></span> 
     </span>
    </p>
   </div>
  </div>
