4084 6218
343 339 497 399 1315

1300 313 1704 379 APPENDIX
1748 312 1851 371 AD
1896 306 2363 370 MICHAELEM
2404 304 2797 366 PSELLUM.

3591 312 3742 369 1316

339 471 494 543 gulis
542 479 717 523 suum
767 457 1113 516 restituebat
1154 472 1167 511 :
1212 449 1486 508 similiter
1533 444 1827 501 variorum
1876 439 1984 495 im-

2125 437 2348 512 Cibimci,
2397 436 2488 489 καὶ
2548 434 2804 509 ἐπέτρεπε
2839 438 2918 506 τῷ
2964 436 3106 507 νυνὶ,
3146 435 3236 490 καὶ
3296 433 3466 511 ἔλεγε,
3499 437 3591 493 καὶ
3640 437 3743 496 lsi.

2125 532 2128 542 ι
2293 525 2306 543 9
2356 525 2370 543 \
2469 525 2484 543 ι
2546 524 2556 543 Ι
2762 525 2775 541 \
2834 522 2885 543 νος
3047 526 3105 543 cn
3199 523 3211 543 Ι
3404 528 3417 543 \
3477 525 3503 543 δ
3621 529 3633 543 ο

341 530 674 632 peratorum
724 549 1082 606 nomismata
1129 541 1426 614 permista,
1477 532 1851 600 nominatim,
1887 530 1987 584 de-

343 619 707 705 monstrabat
740 658 751 695 :
788 634 1110 709 quinetiam
1154 631 1210 684 in
1260 628 1435 682 turba
1482 622 1803 679 astantium
1836 619 1985 673 viro-

341 755 472 794 rum
504 738 559 789 et
590 730 924 791 mulierum,
954 720 1301 790 designabat
1328 732 1425 771 eas
1458 730 1589 784 quae
1619 713 1987 782 praegnantes

341 828 558 888 essent,
618 816 975 881 meretrices,
1034 808 1315 871 mmchos,
1368 807 1673 867 cornutos;
1727 801 1987 867 itemque

343 906 750 968 misericordes
809 906 867 956 et
922 896 1231 961 sordidos;
1294 890 1493 946 omnia
1557 904 1689 943 cum
1749 883 1988 938 veritate

340 998 656 1056 indicabat.
691 997 877 1057 Quare
906 987 1181 1043 dicebant
1233 981 1402 1036 illum
1451 978 1725 1048 spiritum
1775 973 1987 1044 Pytho-

343 1092 435 1145 nis
464 1088 696 1143 babere.
730 1084 860 1153 Ipse
887 1082 1078 1133 autem
1107 1074 1425 1143 imperator
1457 1066 1674 1121 multas
1706 1062 1989 1120 exstruxit

342 1176 641 1244 ecclesias,
700 1172 896 1232 urbes,
948 1179 1171 1221 necnon
1233 1168 1466 1232 pontem
1517 1154 1816 1225 Sangaris.
1851 1154 1988 1217 Quae

342 1266 542 1325 omnia
572 1240 887 1331 Procopius
936 1251 1255 1309 historicus
1299 1251 1501 1303 octavo
1549 1243 1696 1298 libro
1730 1240 1987 1310 descrip-

343 1358 438 1413 sit.
473 1353 592 1409 Sub
625 1327 799 1405 ﬁnem
835 1348 1028 1401 autem
1060 1340 1189 1394 vita:
1216 1354 1334 1393 suae
1367 1336 1683 1405 imperator
1710 1327 1990 1385 Justinia-

342 1462 478 1512 nus,
511 1441 757 1498 excitato
802 1429 1202 1503 corruptibilis
1249 1431 1306 1481 et
1352 1418 1817 1492 iucorruptibilis
1847 1417 1989 1487 dog-

344 1508 520 1598 mate,
577 1547 610 1585 a
664 1544 798 1582 vera
854 1523 955 1578 Dei
1012 1518 1293 1590 religione
1351 1513 1577 1569 alienus
1633 1508 1798 1574 obiit,
1852 1522 1989 1561 cum

342 1623 645 1680 Justinum
697 1614 914 1673 sororis
960 1609 1170 1675 lilium,
1202 1610 1342 1660 tunc
1374 1598 1774 1672 curopalatem
1806 1596 1990 1667 impe-

345 1719 596 1769 ratorem
633 1704 1019 1776 designasset.

2101 523 2198 581 δου
2249 525 2409 587 αὐτὸς
2469 524 2677 597 ἑκάστῳ
2723 525 2784 579 τὸ
2834 522 2994 581 ἴδιον.
3047 523 3287 597 Ὁμοίως
3334 528 3419 580 καὶ
3474 525 3745 606 διαφόρων

2104 614 2371 689 βασιλέων
2461 612 2775 686 νομίσματα
2875 614 3177 688 μιγνύμενα
3279 613 3537 670 ἀπεδίδου
3636 620 3749 673 κατ’

2099 700 2276 776 ὄνομα
2307 724 2320 736 ο
2373 702 2517 759 ἀλλὰ
2573 704 2664 757 καὶ
2712 708 2823 757 τῶν
2880 704 3238 779 παρεστώτων
3288 703 3499 779 ἀνδρῶν
3554 727 3611 761 τε
3664 709 3749 762 καὶ

2097 798 2387 869 γυναικῶν,
2453 790 2760 847 ὑπεδείκνυε
2825 793 2921 853 τὰς
2986 792 3037 847 ἐν
3103 794 3298 867 γαστρὶ
3362 794 3616 870 ἐχούσας,
3665 798 3752 851 καὶ

2098 883 2325 956 πόρνας,
2357 881 2448 937 καὶ
2500 880 2755 957 μοιχοὺς,
2798 880 2887 935 καὶ
2930 880 3057 943 τοὺς
3104 880 3421 956 κερατάδας,
3454 884 3546 938 καὶ
3596 884 3753 956 ἐλεή-

2103 993 2271 1045 μονας
2321 972 2410 1025 καὶ
2480 970 2725 1042 κνιποὺς,
2776 970 2949 1025 πάντα
3022 973 3159 1044 μετὰ
3215 970 3474 1043 ἀληθείας
3546 971 3754 1028 ἐπεδεί-

2353 1059 2472 1115 δθεν
2519 1056 2710 1135 ἔλεγον
2774 1065 2989 1133 πνεῦμα
3062 1062 3322 1125 Πυθῶνος
3375 1060 3550 1137 ἔχειν.
3600 1066 3662 1121 Ὀ
3712 1062 3755 1117 δ’

2100 1150 2261 1213 αὐτὸς
2314 1149 2564 1225 βασιλεὺς
2610 1148 2919 1221 πάμπολλα
3000 1150 3272 1223 κτίσματα
3342 1148 3598 1220 ἐποίησεν
3670 1150 3755 1205 ἐκ·

2099 1237 2345 1309 κλητιῶν
2394 1259 2452 1293 τε
2498 1240 2585 1292 καὶ
2638 1236 2879 1307 πόλεων,
2920 1239 3008 1293 καὶ
3057 1239 3158 1306 τὴν
3203 1242 3439 1316 γέφυραν
3472 1244 3572 1294 τοῦ
3620 1247 3758 1315 Σαγ-

2098 1329 2268 1405 γάρου
2306 1347 2318 1365 '
2369 1331 2502 1404 ἅπερ
2554 1329 2863 1399 Προκόπιος
2924 1328 3197 1403 ἱστορικὸς
3250 1329 3303 1385 ἐν
3358 1332 3412 1399 η’
3471 1328 3625 1405 λόγῳ
3676 1330 3758 1385 ειν-

2101 1420 2393 1495 εγράψατο.
2425 1417 2521 1482 Εἰς
2580 1416 2636 1473 δὲ
2682 1419 2751 1473 τὰ
2793 1416 2931 1488 τέλη
2972 1417 3136 1472 αὐτοῦ
3184 1419 3213 1473 ὁ
3255 1418 3515 1494 βασιλεὺς
3546 1420 3761 1476 Ἰουστι-

2099 1508 2285 1569 νιανὸς
2317 1507 2380 1561 τὸ
2410 1509 2535 1583 περὶ
2568 1510 2805 1585 φθαρτοῦ
2834 1508 2925 1562 καὶ
2954 1506 3227 1583 ἀφθάρτου
3270 1510 3499 1578 κινήσας
3559 1507 3757 1582 δόγμα,

2101 1595 2396 1670 ἀλλότριος
2420 1604 2521 1666 τῆς
2562 1593 2833 1658 εὐσεϐείας
2883 1602 3017 1651 Θεοῦ
3064 1595 3402 1668 ἐτελεῦτησε,
3445 1593 3762 1671 προϐαλλό-

2107 1706 2268 1759 μενος
2300 1688 2591 1741 Ἰουστῖνον
2620 1686 2712 1741 τὸν
2747 1686 2964 1759 ἀνεψιὸν
2998 1684 3160 1740 αὐτοῦ
3192 1685 3267 1747 εἷς
3312 1684 3545 1762 βασιλέα
3573 1707 3763 1762 κουρο-

2103 1774 2352 1845 παλάτην
2384 1774 2508 1830 τότε
2539 1770 2686 1832 ὄντα.

2099 1082 2250 1116 κνυεν
2288 1081 2300 1093 ⁸

345 1937 3757 1986 .________————————-—_———_———————

599 2116 2105 2300 TESTAMENTUM
2244 2095 3505 2278 SALOMONIS'

904 2426 1095 2500 (F‘erd.
1126 2424 1277 2481 Flor.
1312 2418 1600 2487 Fleckius,
1636 2415 1905 2472 Anecdota
1940 2429 2116 2479 saera,
2152 2411 2358 2483 Lipsiae
2392 2412 2550 2481 1837,
2583 2426 2651 2466 ex
2681 2410 2808 2466 cod.
2844 2425 2956 2465 ms.
2992 2409 3200 2480 Paris.)

349 2770 755 2824 Testamentum
794 2760 1103 2817 Salomonis
1146 2756 1254 2826 ﬁlii
1296 2750 1489 2817 David,
1520 2750 1616 2821 qui
1646 2746 1899 2817 regnavit
1938 2746 1997 2799 in

2125 2742 2345 2811 tiaﬁrjxn
2407 2738 2776 2811 Σολομῶντος
2845 2736 2963 2792 υἱοῦ
3037 2734 3230 2806 Ααυῖδ,
3285 2737 3344 2798 ’ὸς
3410 2731 3758 2792 ἐϐασίλευσεν

417 2856 743 2917 Jerusalem,
769 2856 818 2907 et
846 2849 1051 2905 ditioni
1074 2862 1184 2901 suae
1213 2848 1264 2899 et
1300 2842 1528 2912 imperio
1558 2838 1786 2905 subiecit
1815 2850 2003 2891 omnes

416 2948 636 3013 aerios,
704 2946 949 2997 terrenos
1014 2941 1067 2992 et
1129 2935 1515 2989 subterraneos
1573 2929 1844 2998 spiritus,
1906 2940 2005 2994 per

420 3052 550 3109 quos
581 3037 631 3090 et
661 3032 849 3088 omnia
885 3043 1056 3099 Opera
1100 3022 1288 3094 templi
1328 3016 1808 3090 supereminentia
1835 3014 2002 3083 fecit;

419 3140 543 3197 quae
571 3124 858 3195 potestates
909 3132 1101 3172 eorum
1134 3114 1194 3167 in
1223 3111 1490 3173 homines,
1521 3109 1573 3161 et
1624 3119 1857 3175 quorum
1902 3119 2003 3156 an—

422 3192 669 3284 pelonum
697 3225 793 3281 ope
842 3207 950 3279 ipsi
999 3204 1273 3260 daemones
1323 3200 1638 3269 impotentes
1694 3192 2005 3248 redduntur

422 3303 775 3377 patefaciens.

854 3386 1131 3457 Sapientis
1168 3381 1427 3437 Salomon
1440 3379 1505 3432 is.

428 3482 777 3539 Benedictus
826 3494 909 3546 es,
946 3473 1187 3531 Domine
1237 3471 1412 3533 Deus,
1444 3465 1543 3537 qui
1575 3462 1787 3519 dedisti
1838 3459 2006 3516 Salo-

360 3574 517 3630 nioni
565 3572 737 3627 talem
790 3565 1112 3640 potentiam
1156 3578 1169 3615 :
1216 3559 1320 3615 tibi
1374 3556 1560 3629 gloria
1608 3557 1665 3609 et
1711 3551 1895 3608 virtus
1944 3550 2003 3604 in

359 3663 592 3720 saecula.
627 3664 832 3715 Amen.

430 3753 495 3806 Et
526 3766 658 3806 ecce
690 3749 830 3802 dum
882 3743 1270 3799 ediﬁcaretur
1310 3734 1595 3806 templum
1629 3729 1792 3785 urbis
1836 3729 2004 3784 Jeru-

356 3839 560 3903 salem,
621 3841 679 3892 et
742 3835 1074 3889 laborarent
1131 3825 1402 3899 operarii,
1465 3822 1621 3877 inter
1685 3836 1784 3874 eos
1848 3816 2004 3871 venit

357 3927 566 3984 Ornias
596 3927 823 3980 daemon
866 3920 936 3975 ab
984 3917 1301 3983 occidente,
1335 3916 1391 3966 et
1437 3908 1660 3980 accepit
1690 3905 2001 3961 dimidium

357 4015 644 4072 mercedis
676 4005 1115 4084 protomagistri
1155 3998 1574 4059 adolescentuli
1604 4001 1661 4052 et
1691 3995 2003 4050 dimidium

2186 2829 2237 2884 ἰν
2265 2825 2647 2902 Ἰερουσαλὴμ,
2678 2827 2769 2882 καὶ
2800 2825 3091 2902 ἐκράτησεν
3145 2827 3236 2879 καὶ
3288 2825 3511 2895 ὑπέταξα
3550 2826 3765 2879 πάντων

2186 2918 2405 2989 ἀερίων,
2441 2914 2694 2991 ἐπιγείων
2743 2915 2834 2969 καὶ
2876 2914 3254 2989 καταχθονίων
3285 2914 3615 2984 πνευμάτων
3654 2932 3666 2945 ’
3700 2909 3765 2966 δι’

2185 3009 2256 3061 ὧν
2318 3004 2406 3061 καὶ
2457 3007 2631 3060 πάντα
2674 3005 2740 3058 τὰ
2781 3000 2909 3077 ἔργα
2956 3007 3051 3058 τοῦ
3091 3006 3223 3058 ναοῦ
3252 3003 3319 3059 τὰ
3351 2997 3769 3075 ὑπερϐάλλοντα

2185 3096 2478 3166 πεποίηκεν
2510 3113 2523 3126 ⁸
2552 3094 2642 3150 καὶ
2671 3093 2810 3155 τίνες
2840 3094 2894 3146 αἱ
2918 3092 3148 3164 ἐξουσίαι
3184 3091 3359 3145 αὐτῶν
3390 3092 3533 3146 κατὰ
3561 3091 3765 3165 ἀνθρώ-

2184 3208 2300 3241 πων
2337 3205 2348 3218 ·
2382 3184 2472 3240 καὶ
2522 3184 2669 3259 παρά
2717 3181 2887 3238 ποίων
2930 3181 3175 3257 ἀγγέλων
3218 3182 3366 3237 οὗτοι
3417 3182 3467 3236 οἱ
3515 3179 3767 3253 δαίμονες

2185 3278 2602 3351 καταργοῦνται.

2573 3366 2682 3419 Τοῦ
2712 3364 2881 3439 σοφοῦ
2908 3358 3297 3431 Σολομῶντος.

2188 3453 2508 3528 Εὐλογητὸς
2544 3453 2611 3522 εἴ,
2645 3451 2807 3526 Κύριε
2839 3451 2866 3504 ὁ
2898 3449 3047 3517 Θεὸς,
3081 3448 3109 3502 ὁ
3141 3446 3267 3509 δοὺς
3316 3453 3394 3520 τῷ
3436 3444 3769 3520 Σολομῶντι

2113 3542 2371 3612 τοιαύτην
2424 3540 2661 3611 ἐξουσίαν
2698 3558 2709 3572 ⁶
2772 3540 2854 3594 σοὶ
2918 3535 3044 3608 δόξα
3097 3535 3189 3592 καί
3234 3535 3433 3611 κράτος
3502 3536 3585 3599 εἰς
3643 3538 3767 3597 τοὺς

2116 3633 2332 3694 αἰῶνας.
2368 3632 2422 3687 Ἀ
2434 3630 2565 3703 μήν.

2186 3721 2289 3779 Καὶ
2348 3717 2466 3774 ἰδοὺ
2525 3718 2994 3790 οἷ’κονομουμένου
3049 3718 3148 3770 τοῦ
3193 3720 3320 3770 ναοῦ
3367 3712 3590 3779 πόλεως
3613 3717 3771 3789 ’[ερο-

2115 3809 2400 3883 σολύμων,
2431 3810 2521 3863 καὶ
2553 3806 2928 3883 ἐργαζομένων
2986 3810 3094 3861 τῶν
3146 3809 3408 3880 τεχνιτῶν
3458 3805 3510 3860 ἐν
3564 3805 3768 3876 αὐτοῖς,

2115 3898 2331 3975 ἔρχεται
2374 3900 2402 3952 ὁ
2454 3898 2671 3973 Ὀρνίας
2716 3898 2777 3952 τὸ
2823 3894 3106 3968 δαιμόνιον
3150 3895 3284 3950 κατὰ
3312 3896 3405 3949 τὰς
3456 3893 3630 3963 ἡλίου
3689 3892 3771 3949 δε-

2115 3991 2254 4062 σμὰς
2304 3985 2531 4061 (δυσμάς
2580 3989 2627 4060 ?)
2676 3988 2762 4042 καὶ
2825 3980 3095 4057 ἐλάμϐανε
3131 3986 3193 4039 τὸ
3224 3985 3396 4055 ἥμισυ
3438 3988 3538 4038 τοῦ
3576 3988 3771 4056 μισθοῦ

360 4105 666 4168 ciborum;
724 4100 969 4168 insuper
1025 4098 1083 4149 et
1140 4089 1409 4163 pollicem
1476 4086 1726 4141 dexterae
1792 4098 2001 4138 manus

2125 4083 2208 4135 τοῦ
2256 4076 2744 4153 πρωτομαίστορος
2788 4072 3080 4147 παιδαρίου
3133 4072 3305 4135 οὕτως
3351 4072 3441 4127 καὶ
3487 4072 3557 4127 τὰ
3599 4074 3771 4145 ἥμισυ

2209 4170 2219 4184 ι
2339 4162 2362 4184 γι
2518 4166 2530 4184 ς
2604 4166 2616 4183 ς
2702 4164 2715 4181 ν
2799 4162 2872 4184 θην
2919 4183 2928 4184 ,
3060 4170 3087 4180 -ν
3175 4159 3535 4184 δνμαῄηνγκο
3583 4182 3617 4184 η
3693 4162 3740 4184 νκ

357 4195 486 4265 ejus
517 4190 764 4263 sugebat
793 4182 1045 4257 singulis
1075 4181 1313 4245 diebus;
1363 4179 1421 4231 et
1465 4173 1827 4230 macescebat
1860 4187 2005 4243 puer

359 4262 456 4355 qui
488 4262 615 4337 erat
653 4278 901 4334 dilectus
946 4271 1066 4343 regi
1097 4269 1286 4325 valde.
1321 4267 1438 4321 Rex
1486 4268 1681 4319 autem
1729 4262 2005 4317 Salomon

360 4352 428 4427 ad
464 4389 526 4427 se
558 4373 824 4425 vocatum
858 4363 1112 4435 quadam
1144 4359 1239 4414 die
1276 4355 1706 4412 adolescentem
1754 4352 2003 4405 interro-

360 4460 518 4531 gavit
555 4458 756 4511 dicens
789 4470 804 4511 :
838 4454 1039 4509 Nonne
1090 4465 1204 4520 pra;
1236 4444 1461 4502 caeteris
1511 4440 1793 4513 operariis
1844 4438 2011 4493 labo-

363 4528 630 4602 rentibus
659 4546 716 4600 in
748 4542 967 4613 templo
993 4539 1095 4594 Dei
1127 4542 1181 4593 te
1212 4533 1432 4606 diligo?
1465 4531 1596 4587 dedi
1626 4530 1730 4585 tibi
1765 4528 2010 4600 duplum

364 4635 648 4691 mercedis
697 4638 754 4687 et
803 4630 1021 4685 cibaria
1073 4624 1373 4693 duplicia:
1417 4620 1714 4694 quomodo
1763 4615 2011 4685 singulis

363 4723 571 4779 diebus
595 4728 650 4777 et
670 4720 829 4776 horis
856 4715 1177 4773 macescis?
1198 4715 1346 4768 Puer
1368 4716 1561 4767 autem
1586 4709 1666 4763 ait
1688 4706 1807 4778 regi
1834 4724 1845 4761 :
1872 4706 2011 4767 Rex,

365 4830 584 4884 quaeso,
619 4808 753 4865 audi
807 4824 933 4879 quae
986 4804 1346 4868 acciderunt,
1370 4806 1426 4855 et
1457 4796 1748 4870 quomodo
1799 4811 1859 4851 se
1908 4793 2012 4849 ha-

438 4992 456 5013 '
490 4992 588 5042 Est
619 4987 727 5041 hoc
752 4985 1194 5039 monumentum
1247 4978 1843 5049 Byzantinum,_smpe
1893 4987 2011 5026 me-

366 5066 656 5116 moratum
692 5058 749 5111 in
784 5071 956 5126 opere
1003 5044 1311 5126 Pselliullev
1348 5045 1758 5126 operationibus
1808 5044 2012 5126 daemo-

365 5149 518 5187 num.
555 5131 747 5185 Latuit
789 5116 846 5183 in
877 5127 1099 5194 aliquot
1146 5120 1513 5194 bibliothecis
1563 5116 2013 5194 1§_uropie_,ejus-

367 5220 481 5284 que
536 5188 1108 5284 fragmeiitumnjarp
1166 5193 1418 5284 refertur
1464 5192 1521 5245 in
1580 5188 2011 5284 liabriciiAQod.

368 5258 903 5344 Pseudep‘ijgrsvm.
955 5258 1115 5344 T'est.
1166 5268 1207 5320 Ι.
1262 5265 1541 5344 thi7__sq.
1592 5265 1701 5344 Per
1758 5258 2012 5311 mediam

366 5361 524 5412 vero,
557 5334 683 5412 quae
724 5343 961 5412 dicitur,
992 5342 1220 5391 ditatem
1274 5336 1370 5412 bic
1420 5334 1563 5387 liber
1613 5334 2014 5412 l‘atesparsiis

370 5418 426 5470 in
466 5400 830 5486 mythologia:
871 5400 1230 5486 Salomoneae
1286 5408 1439 5461 fonte
1488 5408 1575 5459 est
1623 5400 1892 5486 habitus;
1918 5401 2014 5481 Hi-

369 5471 550 5542 storia
588 5471 921 5539 Salomonis
970 5480 1238 5535 fabulosa
1287 5492 1558 5547 magnam
1609 5476 1827 5545 partem
1869 5471 2015 5525 huic

367 5559 517 5615 libro
576 5555 926 5611 adnectitur.
976 5552 1225 5607 Nomina
1282 5551 1614 5603 daemonum
1673 5560 1824 5615 saepe
1881 5551 2017 5615 sunt

364 5613 733 5701 phantastica,
768 5640 954 5696 neque
1001 5620 1335 5689 orientalis,
1368 5634 1558 5689 neque
1608 5613 2014 5683 occidentalia,

2114 4170 2257 4223 σιτία
2290 4189 2302 4201 ·
2338 4162 2414 4221 ἔτι
2444 4166 2532 4219 καὶ
2562 4166 2659 4219 τὸο
2691 4162 2978 4238 ἀντίχειρα
3021 4170 3123 4232 τῆς
3172 4159 3344 4232 δεξιᾶς
3374 4161 3539 4217 αὑτοῦ
3582 4162 3774 4238 χιιρὸς

2112 4256 2372 4328 ἐθήλαζεν
2427 4254 2515 4332 ἀφ’
2568 4254 2796 4322 ἑκάστης
2852 4250 3063 4327 ἡμέρας
3098 4271 3111 4284 ⁸
3171 4251 3261 4306 καὶ
3330 4249 3656 4305 ἐλιπτόνετο
3713 4251 3773 4303 τὸ

2117 4344 2422 4417 παιδάριον,
2457 4346 2588 4417 ὅπερ
2619 4344 2683 4412 ἦν
2737 4341 3093 4416 ἀγαπώμενον
3143 4340 3288 4415 παρὰ
3343 4344 3439 4394 τοῦ
3503 4339 3775 4413 βασιλέως

2118 4437 2278 4493 πάνυ.
2314 4434 2373 4490 Ὀ
2430 4430 2487 4487 δὲ
2549 4429 2800 4507 βασιλεὺς
2858 4428 3154 4502 Σολομῶν,
3207 4425 3438 4489 καλέσας
3509 4432 3613 4500 μιᾷ
3669 4432 3772 4481 τῶν

2118 4526 2342 4597 ἡμερῶν
2396 4522 2491 4576 τὸν
2536 4517 2725 4590 παῖδα,
2758 4519 3096 4594 ἐπερώτησιν
3143 4517 3301 4572 αὐτὸν
3354 4516 3529 4591 λέγων
3563 4536 3578 4549 ·
3630 4516 3774 4590 Οὐχὶ

2119 4613 2267 4685 παρὰ
2296 4611 2497 4673 πάντας
2529 4609 2657 4672 τοὺς
2686 4608 2933 4682 τεχνίτας
2974 4606 3099 4667 τοὺς
3143 4605 3539 4681 ἐργαζομένους
3604 4604 3660 4659 ἐν
3699 4608 3776 4673 τῷ

2119 4705 2233 4772 ναῷ
2278 4704 2373 4755 τοῦ
2423 4703 2577 4766 θεοῦ,
2620 4718 2677 4751 σε
2727 4700 2942 4771 ἀγαπῶ,
2974 4693 3157 4757 διδούς
3188 4716 3272 4749 σοι
3303 4693 3355 4748 ἐν
3403 4691 3588 4765 διπλῷ
3652 4692 3776 4752 τοὺς

2126 4788 2371 4863 μισθοὺς,
2414 4787 2503 4842 καὶ
2548 4787 2615 4840 τὰ
2667 4786 2810 4840 σιτία
2860 4782 3190 4854 διπλάσιον;
3250 4786 3367 4844 πῶς
3420 4781 3500 4859 ἐφ’
3548 4782 3778 4844 Exin-ti:

2123 4970 2223 5025 sed
2256 4967 2436 5023 libere
2467 4966 2601 5022 {icta
2629 4964 2718 5020 vel
2764 4964 3020 5019 inventa.
3051 4963 3291 5019 Parisiis
3320 4977 3453 5017 cum
3485 4976 3777 5026 versarer,

2122 5040 2302 5109 hujus
2326 5038 2635 5109 alteriusve
2663 5034 2920 5109 nominis
2942 5034 3283 5109 daemoniaci
3307 5033 3590 5109 originem
3627 5049 3779 5103 quaa-

2126 5104 2234 5167 sivi
2278 5113 2335 5164 in
2386 5108 2656 5172 Persicis,
2691 5107 2843 5177 apud
2894 5106 3073 5176 hujus
3122 5106 3353 5161 dialecti
3400 5104 3641 5177 gnaros,
3676 5104 3777 5158 sed

2126 5185 2363 5238 frustra.
2396 5179 2630 5235 Salomo
2670 5175 2795 5234 erat
2825 5175 3036 5232 nomen
3086 5178 3430 5232 collectivum
3476 5175 3782 5245 sapientiai

2125 5262 2183 5310 et
2232 5255 2291 5307 in
2340 5252 2628 5307 daemonia
2675 5250 2936 5315 ditionis,
2972 5250 3267 5319 magicum
3318 5252 3525 5319 contra
3573 5247 3783 5317 genios

2129 5325 2334 5399 malos.
2381 5324 2647 5399 adjecta,
2682 5317 3145 5399 narratiuncula_
3171 5317 3523 5399 apocryphau
3551 5319 3622 5373 de
3677 5318 3786 5399 Sha-

2126 5397 2379 5461 lomone,
2415 5393 2761 5449 idololatriie
2793 5394 3012 5456 dedito,
3047 5392 3147 5464 qui
3196 5389 3785 5464 posterioribusvita

2129 5467 2299 5523 annis
2333 5466 2389 5519 in
2423 5465 2720 5521 vesaniam
2754 5460 3342 5535 inciderit,supplicii
3374 5477 3572 5515 causa.
3600 5460 3787 5515 Habet

2134 5540 2244 5622 boc
2287 5539 2741 5622 fundamentum
2772 5535 2831 5589 in
2861 5535 2928 5591 ν.
2960 5536 3052 5605 Τ.,
3084 5533 3453 5593 sed—auctum
3485 5537 3576 5589 est
3602 5533 3788 5588 tradi-

2125 5611 2287 5670 tione
2312 5610 2631 5669 recondita.
2664 5613 2869 5664 Fessa.
