4084 6218
272 318 422 380 13Π

1411 313 2012 377 TESTAMENTUM
2057 312 2529 375 SALOMONIS.

3517 325 3671 386 1318

264 448 474 526 ἡμέρας
523 468 582 503 τε
618 448 706 502 καὶ
757 445 902 522 ὥρος
957 444 1234 520 lentim;
1269 447 1344 502 T6
1376 443 1434 500 δὲ
1462 443 1748 521 παιδάριον
1811 443 1912 521 ἔφη

2043 449 2162 501 neat
2192 463 2392 503 servus
2423 450 2584 503 tuus.
2621 447 2936 519 Postquam
2981 452 3334 510 recessimus
3365 471 3570 512 omnes
3601 457 3673 513 ab

265 538 400 613 πρὸς
443 538 535 592 τὸν
590 535 817 612 βασιλέα
851 555 863 568 ·
899 533 1098 608 Δέομαί
1149 555 1268 602 σου,
1307 534 1553 610 βασιλεῦ,
1586 532 1816 589 ἄκουσον
1851 533 1919 586 τὰ

265 622 566 700 συμϐάντα,
597 625 686 680 καὶ
727 624 824 679 ὅσα
877 620 992 700 ἔχει
1033 624 1096 678 τὸ
1144 621 1453 699 παιδάριον.
1486 623 1632 679 Μετὰ
1673 623 1734 678 τὸ
1781 622 1920 676 ἀπο-

267 713 496 785 λυθῆναι
554 718 700 788 ἡμᾶς
752 713 952 775 πάντας
1004 713 1108 767 ἀπὸ
1150 717 1248 768 τοῦ
1298 712 1458 788 ἔργου
1510 717 1606 768 τοῦ
1646 715 1776 767 ναοῦ
1820 715 1919 766 τοῦ

265 811 420 873 Θεοῦ,
473 805 606 878 μετὰ
652 802 820 874 ἡλίου
881 801 1078 875 δεσμὰς
1139 799 1460 876 (Su-cpite?)
1515 802 1565 856 ἐν
1640 805 1719 872 τῷ
1789 801 1918 854 ἀνα-

264 893 523 949 παύεσθαί
578 914 668 966 μοι
723 894 878 965 (sic),
921 889 1137 966 ἔρχεται
1188 888 1244 945 ἓν
1287 895 1393 946 τῶν
1440 895 1693 964 πονηρῶν
1733 887 1920 963 δαιμο-

264 983 393 1038 νίων
425 982 513 1036 καὶ
547 983 763 1058 ἀφαιρεῖ
792 981 884 1035 ἀπ’
915 979 1049 1053 ἐμοῦ
1078 981 1140 1034 τὸ
1179 979 1354 1054 ἥμισυ
1391 984 1486 1034 τοῦ
1539 981 1734 1052 μισθοῦ
1793 997 1916 1051 μου·

263 1073 354 1128 καὶ
399 1075 463 1127 τά
509 1071 680 1144 ἥμισυ
732 1070 896 1127 σιτία.
949 1069 1079 1126 Εἶτα
1140 1064 1408 1142 λαμϐάνει
1466 1068 1555 1123 καὶ
1603 1070 1702 1137 τὴν
1747 1066 1916 1137 δεξιάν

268 1183 374 1235 μου
421 1166 582 1236 χεῖρα
623 1161 712 1215 καὶ
763 1158 987 1230 θηλάζει
1031 1160 1123 1214 τὸν
1173 1157 1454 1233 ἀντίχειρά
1491 1179 1596 1232 μου
1625 1176 1637 1189 ·
1667 1158 1752 1211 καὶ
1802 1154 1918 1211 ἰδοὺ

265 1247 568 1323 θλιϐομὲνη
605 1270 708 1322 μου
740 1253 773 1318 ἡ
808 1249 985 1324 ψυχὴ,
1024 1247 1167 1303 οὕτω
1197 1249 1258 1302 τὸ
1305 1249 1466 1320 σῶμά
1515 1269 1618 1320 μου
1664 1245 1920 1301 Λεπτόνε-

263 1359 353 1394 ται
410 1341 530 1394 καθ’
580 1339 808 1409 εκάστην
870 1339 1107 1411 ἡμέραν.
1156 1336 1253 1392 Καὶ
1313 1337 1479 1390 ταῦτα
1537 1335 1770 1396 ἀκούσας
1813 1333 1919 1408 ἐγὼ

266 1435 540 1510 Σολομῶν
573 1434 831 1506 εἰσῆλθον
859 1435 935 1496 εἷς
965 1435 1054 1489 τὸν
1089 1433 1217 1488 ναὸν
1249 1437 1346 1488 τοῦ
1383 1437 1538 1502 Θεοῦ,
1570 1439 1659 1487 καί
1691 1429 1916 1502 ἐδεήθην

264 1525 315 1597 ἐξ
369 1525 507 1596 ὅλης
550 1547 656 1597 μου
706 1532 806 1594 τῆς
853 1527 1060 1599 ψυχῆς,
1104 1521 1298 1584 νυκτδς
1341 1522 1433 1578 καὶ
1489 1520 1717 1595 ἡμέρας,
1773 1522 1920 1580 ὅπως

263 1612 549 1690 παραδοθῇ
606 1634 698 1687 μοι
749 1611 1043 1685 δ’δαίμων
1088 1612 1165 1674 εἷς
1215 1611 1408 1686 χεῖράς
1461 1632 1587 1684 μου,
1635 1609 1726 1664 καὶ
1779 1608 1920 1678 ἐξου-

266 1706 434 1759 σιάσω
474 1702 631 1757 αὑτόν
672 1719 687 1738 ο
729 1701 819 1756 καὶ
869 1702 1076 1776 ἐγένετο
1123 1699 1176 1756 ἐν
1224 1706 1305 1773 τῷ
1368 1696 1764 1776 προσεύχεσθαί
1826 1719 1920 1770 μοι

2029 550 2200 606 opere
2243 534 2446 606 templi
2487 537 2608 602 Dei,
2641 536 2936 591 occidente
2980 538 3122 605 sole,
3155 541 3297 595 dum
3347 546 3670 615 requiesco,

2028 623 2186 677 venit
2241 641 2394 679 unus
2443 624 2735 680 malorum
2787 624 3123 696 spirituum,
3158 631 3214 682 et
3261 632 3450 686 aufert
3497 650 3531 687 a
3580 652 3672 692 me

2029 711 2344 766 dimidium
2411 713 2696 768 mercedis
2764 731 2936 782 mere,
3006 721 3061 769 et
3126 716 3371 772 dimidia
3436 721 3671 777 cibaria.

2028 799 2247 855 Deinde
2281 801 2589 872 prehendit
2619 804 2912 857 dexteram
2939 821 3178 860 manum
3213 823 3402 862 meam
3433 814 3490 864 et
3520 811 3678 882 sugit

2030 889 2296 961 pollicem
2335 907 2550 957 meum,
2585 896 2640 945 et
2683 908 2815 946 ecce
2857 895 3230 964 angnstiatur
3279 897 3476 952 anima
3528 917 3678 969 mea,

2028 982 2086 1032 et
2129 994 2342 1049 corpus
2402 994 2599 1032 meum
2660 978 2844 1034 macie
2902 981 3210 1037 conﬁcitur
3258 1001 3360 1055 per
3406 986 3676 1058 singulos

2029 1076 2171 1131 dies.
2207 1076 2336 1130 Haec
2393 1077 2639 1132 audiens
2688 1093 2794 1149 ego
2845 1077 3120 1134 Salomon
3179 1081 3482 1153 ingressus
3541 1102 3675 1140 sum

2029 1165 2314 1236 templum
2377 1165 2632 1232 Domini,
2665 1171 2719 1220 et
2770 1168 2924 1221 oravi
2985 1183 3052 1222 ex
3108 1172 3229 1223 tota
3287 1171 3485 1228 anima
3547 1189 3676 1228 mea

2028 1260 2195 1308 nocte
2227 1259 2283 1309 et
2314 1255 2405 1309 die
2438 1260 2502 1309 ut
2532 1255 2769 1311 daretur
2811 1256 3037 1311 daemon
3070 1257 3127 1312 in
3162 1275 3372 1314 manus
3404 1277 3584 1328 meas,
3618 1267 3676 1317 et

2025 1341 2310 1397 voluntati
2343 1360 2483 1398 mete
2532 1344 2952 1414 subjiceretnr;
3004 1351 3062 1400 et
3105 1362 3234 1402 ecce
3285 1349 3422 1403 dum
3474 1367 3674 1421 preces

2027 1431 2410 1502 eﬂ'underem,
2468 1434 2604 1488 data
2665 1437 2755 1488 est
2823 1434 2966 1488 mihi
3026 1452 3057 1489 a
3120 1436 3360 1492 Domino
3416 1440 3673 1496 Sabaoth

2025 1521 2216 1592 gratia
2246 1538 2349 1592 per
2394 1521 2736 1576 Michaelem
2784 1523 3225 1595 archangelum,
3260 1528 3388 1597 ejus
3422 1529 3675 1584 annulus

2027 1608 2268 1677 scilicet,
2299 1609 2522 1666 habens
2568 1611 2827 1683 sigillum
2868 1613 3162 1685 scalptum
3213 1631 3282 1670 ex
3329 1616 3520 1688 lapide
3549 1635 3677 1689 pre-

2030 1699 2202 1764 tioso,
2242 1703 2298 1752 et
2350 1699 2495 1754 dixit
2550 1701 2694 1755 mihi
2746 1717 2758 1754 :
2812 1705 3040 1773 Accipe,
3088 1702 3362 1760 Salomon
3423 1724 3540 1775 rex,
3593 1709 3675 1764 {ili

267 1795 418 1865 (sic),
468 1787 626 1860 ἐδόθη
706 1811 798 1863 μοι
868 1791 1013 1865 παρὰ
1079 1790 1281 1865 Κυρίου
1344 1783 1574 1843 Σαϐαὼθ
1599 1787 1799 1886 ιχάριῖ
1834 1783 1921 1840 διὰ

2043 1785 2230 1855 David,
2281 1787 2500 1842 donum
2560 1789 2713 1860 quod
2776 1790 2938 1845 misit
2993 1790 3095 1845 tibi
3153 1792 3442 1852 Dominus
3501 1801 3672 1866 Deus,

269 1879 499 1956 Μιχαὴλ
547 1885 642 1934 τοῦ
697 1878 1047 1955 ἀρχαγγέλου
1127 1878 1314 1949 αὐτοῦ,
1359 1875 1702 1932 δακτυλίδιον
1775 1872 1918 1949 ἔχων

271 1966 539 2047 σφραγῖδα
594 1967 809 2045 γλυφῆς
883 1966 944 2022 ἐκ
1002 1968 1160 2022 Λίθου
1217 1967 1430 2039 τιμίου,
1475 1966 1565 2019 καὶ
1614 1965 1727 2019 εἶπε
1779 1982 1918 2037 μοι’

270 2062 437 2134 Ausi,
473 2062 745 2138 Σολομῶν
803 2067 1050 2141 βασιλεῦ,
1096 2064 1212 2125 υἱὸς
1257 2058 1447 2132 Δαϐὶδ,
1490 2060 1665 2138 δῶρον
1715 2062 1744 2115 6
1793 2060 1924 2115 ἀπέ-

271 2153 448 2211 στειλέ
495 2176 579 2210 σοι
634 2154 835 2231 Κύριος
882 2156 910 2208 6
959 2153 1112 2222 Θεὸς,
1159 2154 1187 2208 6
1238 2152 1460 2226 ὕψιστος
1513 2146 1742 2213 Σαϐαὼθ
1775 2169 1788 2181 ·
1835 2165 1925 2216 καὶ

269 2243 608 2319 συγκλείσεις
657 2242 831 2298 πάντα
868 2243 937 2298 τὰ
1002 2240 1260 2314 δαιμόνια
1299 2247 1400 2310 τῆς
1447 2246 1548 2315 γῆς
1600 2241 1788 2314 ἄρσενα
1834 2237 1926 2293 καὶ

269 2333 441 2404 θήλεα
473 2352 486 2364 '
536 2331 627 2387 καὶ
685 2330 767 2387 δεῖ
819 2333 936 2406 μετ’
977 2331 1153 2386 αὐτῶν
1208 2327 1638 2400 ἀνοικοδομῆσαι
1683 2329 1784 2396 τὴν
1833 2329 1926 2382 Ἱε-

269 2421 586 2498 ρουσαλὴμ,
647 2421 829 2500 φέρειν
901 2441 958 2476 σε
1031 2421 1130 2489 τὴν
1209 2415 1484 2497 σφραγίδα
1557 2416 1757 2484 ταύτην
1826 2421 1926 2472 τοῦ

270 2516 426 2569 Θεοῦ.
459 2513 520 2569 Ἠ
573 2509 631 2566 δὲ
662 2510 847 2588 γλυφὴ
895 2516 994 2579 τῆς
1023 2506 1318 2586 σφραγῖδος
1347 2512 1445 2563 τοῦ
1491 2504 1781 2563 δακτυλίου
1826 2513 1925 2576 τῆς

271 2603 644 2678 πεμφθείσης,
710 2597 822 2655 ἔστι
886 2597 1164 2675 πεντάλφα
1226 2596 1383 2667 αὕτη.
1457 2596 1555 2651 Καὶ
1621 2597 1929 2672 περιχαρὴς

271 2691 564 2766 γενόμενος
619 2689 725 2764 ἐγὼ
780 2686 1052 2760 Σολομῶν
1118 2687 1320 2759 ὕμνουν
1375 2685 1466 2740 καὶ
1533 2682 1779 2755 ἐδόξαζον
1836 2686 1926 2740 τὸν

274 2781 403 2834 Θεὸν
460 2783 556 2832 τοῦ
603 2777 833 2852 οὐρανοῦ
892 2777 982 2830 καὶ
1039 2779 1137 2839 τῆς
1198 2781 1304 2848 γῆς
1337 2795 1348 2807 ο
1405 2773 1496 2827 καὶ
1548 2778 1617 2846 τῇ
1673 2772 1927 2848 ἐπαύριον

277 2867 506 2923 ἐκάλεσα
534 2867 628 2921 τὸν
684 2863 868 2933 παῖδα,
904 2866 993 2919 καὶ
1052 2861 1296 2918 ἐπέδωκα
1356 2861 1502 2934 αὖτῷ
1557 2863 1619 2917 τὸ
1681 2859 1933 2916 δακτυλί-

277 2955 417 3026 διον,
449 2957 535 3011 καὶ
572 2956 724 3010 εἶπον
754 2955 904 3027 αὐτῷ
938 2973 948 2985 ·
985 2947 1129 3007 Λάϐε
1157 2955 1343 3020 τοῦτο,
1373 2951 1463 3005 καὶ
1524 2951 1575 3004 ἐν
1717 2949 1775 3004 ἂν
1818 2949 1934 3025 ὥρᾳ

283 3043 418 3120 ἔλθῃ
450 3046 585 3120 πρὸς
613 3045 670 3099 σὲ
693 3043 755 3099 τῦ
790 3041 1098 3117 δαιμόνιον,
1132 3041 1208 3104 είς
1237 3042 1299 3096 16
1343 3048 1541 3110 στῆθος
1588 3045 1685 3094 τοῦ
1735 3037 1932 3112 δαιμο-

274 3136 394 3189 νίου
440 3134 600 3210 ῥῖψον
643 3137 804 3188 τοῦτο
861 3133 922 3186 τὸ
979 3128 1346 3200 δακτυλίδιον,
1404 3129 1494 3184 καὶ
1563 3130 1679 3185 εἶ’πὶ
1736 3128 1882 3199 αὐτῷ
1916 3148 1928 3160 ·

2029 1873 2468 1932 excelsissimus
2522 1877 2799 1944 Sabaoth,
2849 1883 2906 1934 et
2953 1879 3267 1937 concludes
3308 1885 3506 1941 omnia
3561 1887 3678 1941 dae-

2033 1962 2227 2018 monia
2257 1969 2423 2018 terrae
2481 1967 2742 2020 mascula
2773 1971 2828 2020 et
2857 1968 3140 2037 feminea;
3187 1976 3242 2025 et
3291 1978 3518 2044 oportet
3568 1993 3677 2048 ope
3733 1987 3743 1997 '

2031 2065 2236 2107 eorum
2268 2052 2542 2107 aediﬁcari
2589 2052 2936 2124 Jerusalem,
2969 2061 3027 2112 et
3056 2063 3288 2129 portare
3318 2065 3375 2115 te
3415 2063 3677 2134 sigillum

2032 2140 2189 2195 istud
2238 2141 2371 2208 Dei;
2425 2141 2730 2214 sculptura
2776 2149 2969 2199 autem
3020 2147 3196 2217 sigilli
3237 2151 3450 2204 armnli
3499 2154 3570 2208 ad
3625 2160 3679 2210 te

2035 2230 2204 2285 missi
2235 2235 2324 2287 est
2350 2231 2768 2304 quinquisema
2792 2233 3073 2306 (quinque
3102 2236 3514 2297 instrumentis
3542 2258 3684 2314 qua-

2036 2318 2339 2375 dratorum
2374 2321 2649 2392 signata).
2681 2326 2754 2378 Et
2795 2321 2981 2379 laetior
3025 2325 3214 2381 factus
3244 2342 3348 2398 ego
3381 2329 3680 2401 Salomon,

2035 2408 2345 2464 cantabam
2378 2414 2435 2465 et
2467 2410 2916 2482 magniﬁcabam
2964 2412 3150 2468 Deum
3200 2415 3327 2471 cceli
3376 2423 3432 2473 et
3480 2423 3682 2490 terrae;

1993 2509 1996 2512 ’
2036 2511 2092 2562 et
2122 2522 2294 2562 mane
2325 2507 2519 2563 vocavi
2554 2525 2819 2579 puerum,
2856 2514 2913 2566 et
2942 2511 3075 2566 dedi
3107 2513 3158 2567 ei
3192 2514 3504 2588 annulum,
3536 2519 3684 2574 dixi-

2038 2611 2150 2665 que
2197 2595 2284 2650 illi
2318 2613 2330 2651 :
2363 2596 2573 2668 Accipe
2621 2595 2730 2653 hoc
2779 2603 2836 2654 et
2881 2599 2942 2654 in
2993 2616 3110 2671 qua
3156 2601 3299 2657 hora
3349 2605 3572 2662 venerit
3610 2609 3683 2663 ad

2039 2687 2094 2738 te
2123 2684 2374 2750 daemon,
2408 2686 2467 2740 in
2515 2690 2720 2757 pectus
2767 2688 2894 2757 ejus
2925 2688 3142 2759 projice
3190 2690 3348 2747 hunc
3396 2695 3684 2753 annulum

2038 2778 2095 2827 et
2125 2773 2215 2827 dic
2247 2774 2298 2828 ei
2334 2790 2347 2829 :
2383 2774 2445 2828 In
2498 2775 2733 2830 nomine
2773 2776 2894 2843 Dei,
2928 2777 3041 2832 huc
3089 2785 3252 2834 vocat
3305 2785 3358 2836 te
3412 2783 3684 2842 Salomon

2041 2877 2166 2927 rex;
2200 2866 2256 2916 ct
2305 2862 2589 2917 festinans
2643 2863 2770 2918 veni
2823 2865 2892 2918 ad
2945 2881 3058 2935 me,
3094 2866 3174 2920 nil
3227 2869 3462 2938 timens,
3497 2890 3688 2944 neque

2042 2947 2368 3004 formidans
2401 2953 2726 3021 quidquam
2778 2968 2979 3006 eorum
3027 2971 3153 3024 qua:
3199 2959 3510 3014 auditurus
3563 2981 3623 3017 es
3656 2981 3688 3018 a

2042 3037 2325 3091 daemone.
2379 3038 2445 3091 Et
2483 3040 2815 3108 suscipiens
2872 3057 3017 3110 puer
3073 3043 3357 3100 annulum
3409 3049 3572 3104 abiit.
3623 3056 3690 3106 Et

2041 3141 2173 3180 ecce
2231 3131 2509 3180 consueta
2569 3127 2713 3182 hora
2759 3128 2916 3183 venit
2965 3130 3175 3185 Ornias
3226 3133 3413 3190 malus
3463 3137 3686 3194 daemon

440 3189 448 3210 ι
511 3189 520 3208 ι
1335 3189 1346 3200 ,
1855 3189 1865 3199 .

272 3227 393 3281 Ἐπ’
425 3223 648 3295 ὀνόματι
697 3227 794 3276 τοῦ
844 3225 998 3292 Θεοῦ,
1055 3217 1235 3290 δεῦρο,
1277 3219 1438 3275 καλεῖ
1486 3239 1542 3273 σε
1593 3219 1621 3272 6
1676 3215 1931 3293 βασιλεὺς

2044 3217 2107 3267 ut
2137 3213 2289 3284 ignis
2323 3215 2555 3282 ardens,
2592 3221 2654 3270 ut
2705 3221 2930 3286 raperet
2979 3219 3304 3275 mercedem
3357 3224 3556 3294 pueri;
3593 3227 3689 3284 ille

280 3311 552 3385 Σολομῶν
583 3328 598 3343 ⁸
630 3312 718 3366 καὶ
755 3307 1020 3384 δρομαῖος
1051 3304 1219 3383 ἔρχου
1249 3307 1387 3379 πρός
1421 3328 1506 3379 με,
1544 3303 1710 3380 μηδὲν
1741 3303 1934 3359 δειλιά-

280 3423 378 3465 σας
436 3397 574 3472 μηδὲ
635 3395 882 3478 φοϐηθῇς
934 3397 987 3452 ἒν
1031 3397 1076 3469 ᾧ
1125 3394 1348 3469 μέλλεις
1418 3395 1628 3450 ἀκούειν
1685 3395 1787 3449 ὑπὸ
1834 3398 1934 3448 τοῦ

283 3489 547 3562 δαίμονος
578 3508 590 3522 ·
644 3487 733 3543 καὶ
787 3482 969 3542 λαϐὼν
1027 3487 1090 3540 τὸ
1148 3482 1437 3557 παιδάριον
1481 3485 1543 3538 16
1592 3479 1936 3538 δακτυλίδιον

283 3581 548 3649 ἀπῆλθεν.
584 3579 683 3634 Καὶ
731 3576 849 3632 ἰδοὺ
901 3579 1037 3632 κατά
1085 3577 1185 3644 τήν
1233 3575 1533 3648 ἠθισμένην
1580 3573 1936 3650 ὥραν,ἦλθεν

287 3673 315 3726 6
348 3669 561 3746 Ὀρνίας
591 3670 653 3723 τὸ
687 3666 929 3742 χαλεπὸν
966 3665 1248 3739 δαιμόνιον
1300 3665 1377 3726 ὡς
1429 3667 1534 3737 πῦρ
1582 3661 1939 3740 φλεγόμενον,

287 3764 438 3826 ὅπως
490 3785 549 3818 τε
602 3759 742 3837 λάϐῃ
797 3763 890 3817 τὸν
954 3762 1144 3834 μισθὸν
1205 3764 1300 3813 τοῦ
1366 3756 1658 3832 παιδαρίου
1694 3778 1705 3789 ⁸
1765 3759 1827 3813 τὸ
1886 3755 1943 3812 δὲ

286 3852 576 3928 παιδάριον
609 3853 746 3906 κατὰ
773 3852 834 3905 16
890 3850 1232 3924 προσταχθὲν
1292 3849 1439 3924 παρά
1494 3852 1590 3902 τοῦ
1651 3847 1941 3922 βασιλέως,

289 3941 477 4019 ἒῤῥιψε
508 3943 568 3995 16
602 3937 953 3995 δακτυλίδιον
1005 3938 1093 3993 ἐπὶ
1137 3938 1198 3992 16
1257 3939 1455 4006 στῆθος
1505 3942 1600 3991 τοῦ
1633 3933 1944 4008 δαιμονίου,

284 4031 376 4086 καὶ
413 4033 556 4084 εἶπεν
593 4047 606 4060 °
643 4033 830 4103 Δεῦρο,
861 4027 1020 4082 καλεῖ
1063 4046 1119 4080 σε
1172 4026 1198 4079 ὁ
1246 4023 1499 4099 βασιλεὺς
1535 4024 1822 4096 Σολομῶν
1857 4025 1945 4076 καὶ

293 4121 474 4194 ἀπῆγε
535 4115 800 4193 δρομαῖος
855 4117 992 4189 πρὸς
1050 4115 1138 4170 τὸν
1215 4111 1460 4189 βασιλέα.
1510 4114 1570 4169 Ὁ
1630 4110 1686 4166 δὲ
1739 4110 1949 4184 δαίμων

288 4208 589 4284 έκραόγασε
633 4205 831 4282 λέγων,
866 4201 1182 4277 Ιιαιδάριον,
1212 4202 1264 4256 τί
1313 4205 1474 4255 τοῦτο
1515 4199 1776 4268 ἐποίησας
1815 4200 1950 4275 πρός

293 4318 398 4371 με;
433 4292 568 4351 λάϐε
606 4297 670 4350 16
721 4292 1063 4349 δακτυλίδιον
1115 4291 1206 4346 ἀπ’
1264 4289 1400 4364 ἐμοῦ
1434 4308 1446 4321 ο
1478 4289 1633 4366 κάγὼ
1680 4287 1951 4344 ἀποδώσω

287 4369 352 4442 Qu‘,
381 4383 610 4462 χρυσίον
637 4390 738 4454 τῆς
771 4390 875 4458 γῆς
913 4401 925 4413 ο
971 4381 1135 4454 μόνον
1172 4375 1307 4435 λάϐε
1343 4383 1509 4433 τοῦτο
1555 4378 1645 4433 ἀπ’
1674 4377 1831 4451 ἐμοῦ,
1862 4369 1952 4433 καὶ

295 4476 370 4549 μή
406 4476 622 4548 ἀπάγῃς
660 4494 726 4546 με
750 4473 888 4546 πρὸς
920 4468 1251 4543 Σολομῶνα.
1285 4468 1366 4525 T6
1400 4465 1455 4522 δὶ
1485 4465 1775 4542 παιδάριον
1809 4466 1952 4543 λέγει

2041 3319 2196 3368 vero,
2222 3304 2394 3373 juxta
2426 3305 2768 3359 mandatum
2817 3306 2993 3377 regis,
3023 3308 3270 3378 projecit
3312 3314 3598 3370 annulum
3629 3317 3688 3372 in

2045 3396 2249 3463 pectus
2279 3391 2583 3459 daemonis,
2618 3397 2674 3446 et
2716 3392 2862 3448 dixit
2896 3412 2908 3449 :
2942 3399 3065 3450 Huc
3097 3403 3262 3452 vocat
3313 3404 3367 3454 te
3415 3402 3689 3462 Salomon

2047 3495 2163 3534 rex.
2196 3479 2262 3533 Et
2291 3479 2435 3534 abiit
2483 3479 2767 3535 festinans
2815 3483 2885 3536 ad
2938 3498 3156 3554 regem.
3206 3485 3439 3542 Daemon
3492 3497 3689 3547 autem

2049 3569 2321 3623 clamavit
2351 3569 2598 3624 dicens:
2648 3570 2814 3640 Puer,
2847 3571 2986 3641 quid
3040 3573 3147 3627 hoc
3198 3575 3384 3631 fecisti
3433 3579 3504 3632 ad
3557 3581 3697 3634 me?

2051 3666 2261 3737 Recipe
2305 3666 2590 3721 annulum
2643 3685 2675 3721 a
2725 3683 2838 3734 me,
2872 3673 2927 3723 et
2975 3685 3079 3741 ego
3133 3673 3283 3728 dabo
3333 3674 3437 3730 tibi
3488 3694 3696 3734 aurum

2051 3759 2246 3825 terrae;
2298 3772 2466 3810 sume
2498 3760 2725 3811 tantum
2770 3757 2874 3812 hoc
2906 3775 2938 3812 a
2971 3775 3082 3830 me,
3114 3777 3301 3833 neque
3356 3780 3446 3819 me
3498 3766 3700 3822 trahas

2053 3845 2123 3898 ad
2155 3843 2547 3899 Salomonem.
2579 3845 2730 3900 Puer
2774 3851 2969 3902 autem
3019 3849 3166 3904 dixit
3213 3851 3464 3908 daemoni
3498 3872 3510 3909 :
3548 3856 3704 3911 Vivit

2054 3932 2337 3988 Dominus
2385 3934 2538 3989 Deus
2589 3934 2785 4005 Israel,
2825 3953 2939 3991 non
2988 3941 3042 3992 te
3095 3939 3408 4010 dimittam,
3442 3944 3541 3997 sed
3591 3945 3703 4000 huc

2053 4021 2206 4075 veni.
2244 4022 2308 4076 Et
2338 4022 2449 4077 cito
2481 4023 2685 4078 abiens
2731 4025 2800 4078 ad
2849 4042 3042 4097 regem
3095 4027 3261 4083 laitns
3313 4030 3394 4084 ait
3427 4049 3439 4085 :
3475 4033 3700 4088 Adduxi

2058 4111 2433 4177 daemonium,
2468 4127 2498 4165 ο
2531 4127 2648 4180 rex,
2676 4117 2741 4166 ut
2790 4114 3130 4184 praecepisti,
3174 4116 3432 4185 domine,
3465 4125 3522 4174 et
3573 4137 3704 4176 ecce

2061 4203 2178 4253 stat
2209 4202 2341 4253 ante
2365 4198 2516 4253 fores
2539 4198 2686 4254 aulae
2716 4200 2884 4272 regiae
2905 4206 3016 4254 ture
3045 4202 3390 4275 vociferans,
3414 4211 3471 4260 et
3500 4207 3705 4278 depre-

2061 4303 2201 4342 cans
2227 4302 2442 4357 magna
2464 4303 2618 4356 voce,
2643 4288 2890 4343 olferens
2920 4289 3058 4343 mihi
3084 4296 3388 4362 argentum
3417 4299 3472 4348 et
3494 4312 3702 4352 aurum

2060 4380 2251 4439 terrae,
2275 4378 2340 4428 ut
2370 4391 2483 4430 non
2517 4375 2804 4430 adducam
2839 4376 3033 4447 ipsum
3059 4377 3128 4432 ad
3167 4383 3240 4433 te.
3266 4379 3334 4434 Et
3364 4380 3456 4437 his
3487 4384 3704 4440 auditis

2062 4465 2337 4520 Salomon
2369 4464 2669 4519 surrexite
2699 4465 2906 4519 throno
2940 4472 2998 4520 et
3026 4467 3164 4520 exiit
3195 4469 3370 4538 foras,
3396 4471 3456 4525 in
3487 4473 3704 4530 atrium

290 4566 427 4642 πρὸς
482 4565 571 4617 τὸν
634 4559 868 4635 δαίμονα
901 4578 912 4590 ·
952 4562 1024 4632 Ζῇ
1084 4557 1288 4624 Κύριος
1321 4557 1347 4611 6
1380 4557 1509 4619 Θεὸς
1559 4560 1653 4610 τοῦ
1703 4556 1926 4631 Ἰσραὴλ

2061 4555 2208 4609 aulas
2266 4552 2467 4623 palatii
2525 4554 2639 4623 sui,
2683 4557 2740 4607 et
2796 4554 2943 4608 vidit
2987 4555 3306 4613 daemonem
3360 4559 3700 4618 frementem

293 4662 354 4718 οὐ
416 4663 488 4735 μή
540 4681 596 4715 σι
647 4659 939 4732 ἀνέξωμαι,
990 4655 1136 4711 ἀλλά
1193 4652 1350 4729 δεῦρο
1410 4653 1553 4709 έλθέ.
1616 4654 1717 4709 Καὶ
1772 4652 1944 4717 ἐλθὼν

294 4749 571 4825 δρομαίως
649 4749 710 4802 τὸ
773 4743 1064 4820 παιδάριον
1121 4748 1318 4818 χαῖρον
1384 4743 1521 4816 πρὸς
1578 4743 1667 4796 τὸν
1721 4742 1950 4817 βασιλέα

294 4839 454 4914 λέγον
492 4858 504 4869 ·
539 4839 778 4912 ’Ήγαγον
810 4837 899 4890 τὸν
954 4831 1211 4905 δαίμονα,
1248 4829 1492 4906 βασιλεῦ,
1532 4833 1606 4893 ὡς
1665 4830 1948 4893 ἐκέλευσάς

300 4951 414 5002 μοι,
451 4925 705 4996 δέσποτα,
737 4923 826 4979 καὶ
873 4921 992 4978 ἰδοῦ
1035 4923 1289 4991 στήκεται
1339 4920 1444 4993 πρὸ
1474 4925 1580 4974 τῶν
1630 4921 1803 4995 θυρῶθ
1847 4924 1948 4986 τῆς

296 5015 473 5085 αὐλῆς
503 5022 604 5084 τῆς
640 5011 918 5088 βασιλείας
953 5032 1049 5065 σου
1075 5013 1286 5086 κράζων
1320 5009 1408 5063 καὶ
1443 5007 1698 5082 δεόμενος
1733 5009 1948 5084 μεγάλῃ

292 5110 360 5180 τῇ
419 5107 593 5182 φωνῇ,
647 5099 828 5165 διδοὺς
875 5099 999 5172 ἐμοὶ
1047 5099 1110 5155 τὸ
1163 5097 1422 5173 ἀργύριον
1469 5099 1555 5151 καὶ
1611 5098 1673 5152 τὸ
1720 5099 1948 5174 χρυσίον

293 5201 391 5263 τῆς
439 5199 540 5267 γῆς
587 5195 683 5245 τοῦ
737 5191 812 5262 μή
867 5189 1081 5265 ἀγαγεῖν
1130 5187 1289 5240 αὐτὸν
1332 5187 1466 5261 πρὸς
1518 5185 1592 5242 σέ.
1626 5185 1727 5242 Καὶ
1786 5185 1948 5240 ἀκού-

298 5304 391 5345 σας
449 5285 618 5334 ταῦτα
677 5277 949 5350 Σολομῶν
1008 5276 1202 5346 ἀνέστη
1251 5275 1483 5329 ἀπὸτοῦ
1514 5273 1706 5349 θρόνου
1764 5273 1948 5344 αὐτοῦ,

297 5369 385 5426 καί
419 5367 640 5439 ἐξῆλθεν
673 5365 772 5440 ἔξω
823 5366 899 5430 εἷς
939 5367 1007 5421 τά
1055 5366 1302 5440 πρόθυρα
1347 5369 1448 5432 τῆς
1491 5361 1666 5432 αὐλῆς
1704 5367 1811 5416 τῶν
1857 5364 1951 5437 βα-

301 5457 518 5514 σιλείων
572 5455 762 5511 αὐτοῦ·
803 5456 891 5510 καὶ
945 5453 1164 5530 ἐθεώρει
1212 5454 1304 5508 τὸν
1359 5450 1591 5523 δαίμονα
1659 5451 1952 5529 φρίσσοντα

298 5548 388 5604 καὶ
436 5548 730 5622 τρέμοντα,
761 5545 849 5600 καὶ
896 5543 1040 5620 λέγει
1081 5544 1251 5615 αὐτῷ.
1285 5541 1375 5603 Τίς
1408 5543 1451 5596 εἷ
1483 5540 1545 5595 σύ
1573 5560 1584 5610 ;
1616 5542 1672 5594 Ὁ
1721 5539 1778 5596 δὲ
1824 5535 1952 5618 ἔφη,

311 5639 434 5714 Εγὼ
462 5635 680 5711 Ὀρνίας
712 5633 987 5708 καλοῦμαι
1024 5650 1036 5664 ο
1071 5633 1160 5688 καὶ
1191 5633 1219 5687 6
1251 5629 1522 5706 Σολομῶν
1570 5628 1714 5708 λέγει
1763 5629 1910 5704 αὖτῷ
1934 5651 1947 5666 .

2060 4647 2116 4698 et
2173 4646 2552 4710 trementem,
2619 4642 2880 4713 dixitque
2938 4644 2988 4698 ei
3042 4662 3054 4699 :
3107 4646 3248 4710 Quis
3305 4664 3367 4702 es
3424 4651 3540 4704 tu?
3597 4653 3705 4719 Qui

2059 4731 2184 4786 ait:
2221 4731 2337 4802 Ego
2377 4729 2583 4785 Ornias
2633 4730 2924 4788 nominor.
2958 4733 3028 4788 Et
3075 4733 3223 4789 dixit
3275 4736 3325 4791 ei
3375 4738 3650 4794 Salomon
3688 4758 3700 4795 :

2057 4828 2257 4884 Indica
2288 4827 2454 4891 mihi,
2487 4845 2518 4883 o
2551 4829 2796 4896 daemon,
2830 4831 2939 4884 sub
2973 4848 3089 4903 quo
3128 4833 3296 4905 signo
3328 4835 3548 4905 jaceas.
3585 4839 3704 4893 Sub

2061 4917 2332 4989 Aquario,
2381 4916 2461 4972 ait
2508 4916 2640 4984 ille;
2690 4923 2748 4972 et
2794 4924 3091 4976 versantes
3139 4937 3240 4993 per
3284 4924 3704 4995 concupiscen-

2058 5007 2170 5062 tias
2212 5021 2627 5078 generosarum
2681 5005 2739 5060 in
2791 5010 2944 5063 terra
2994 5008 3345 5081 puellarum,
3379 5013 3489 5066 sub
3538 5013 3706 5083 signo

2060 5096 2358 5168 praedicto,
2391 5112 2490 5150 eos
2527 5095 2853 5166 strangulo,
2888 5098 2985 5152 sed
3037 5115 3151 5152 non
3203 5099 3374 5153 aliter
3403 5116 3580 5168 quam
3613 5118 3706 5156 so-

2061 5187 2245 5257 pitos;
2277 5189 2395 5239 tres
2447 5183 2665 5239 formas
2697 5184 2897 5251 induo,
2935 5187 3169 5256 quando
3200 5190 3474 5242 tenentur
3521 5187 3706 5242 homi.

2062 5291 2166 5329 nes
2225 5272 2514 5328 desiderio
2573 5272 2919 5328 feminarum
2969 5291 2982 5328 :
3039 5289 3142 5344 ego
3199 5275 3587 5330 transformor
3644 5279 3702 5333 in

2064 5361 2367 5417 mulierem
2416 5362 2710 5434 eleganter
2756 5363 3044 5427 vestitam,
3088 5367 3141 5416 et
3189 5362 3563 5434 palpantibus
3614 5383 3706 5422 me

2065 5451 2400 5506 hominibus
2449 5451 2601 5505 inter
2647 5467 2944 5514 somnum,
2976 5450 3158 5504 illudo
3206 5452 3320 5519 eis;
3377 5469 3532 5509 nunc
3571 5471 3704 5510 vero

2062 5557 2300 5596 rursum
2332 5539 2524 5596 alatus
2555 5540 2628 5593 ﬁo
2662 5539 2770 5594 sub
2803 5537 2975 5594 aeriis
3005 5539 3178 5608 locis;
3212 5540 3408 5598 videor
3433 5542 3611 5599 etiam
3643 5549 3708 5599 ut

2061 5630 2172 5697 leo,
2217 5635 2276 5686 et
2323 5628 2582 5701 pellicior
2631 5628 2703 5682 ab
2753 5627 3030 5683 omnibus
3085 5629 3481 5702 damonibus;
3545 5635 3709 5692 ortus
