4084 6218
429 314 584 372 1319

1387 306 1785 369 APPENDIX
1826 308 1929 366 AD
1973 304 2435 368 MIGHAELEM
2480 306 2871 368 PSELLUM.

3660 310 3787 370 t320

425 466 559 505 sum
591 465 660 504 ex
690 445 1040 519 archangelo
1089 444 1269 511 Uriel,
1303 444 1562 516 potentia
1603 442 1726 498 Dei.
1758 442 1876 512 Ego
1906 439 2060 497 Salo-

2184 440 2316 515 Λέγε
2344 459 2457 512 μοι,
2491 440 2535 493 ὦ
2567 437 2787 514 δαῖμον,
2820 439 2964 514 ποίῳ
2993 437 3174 514 ζωδίῳ
3203 444 3412 511 κεῖσαι;
3444 442 3504 499 Ὀ
3536 439 3590 497 δι
3633 443 3756 498 εἶπεν
3778 463 3789 475 ·

428 556 565 595 mon
624 537 870 593 audiens
930 551 1140 591 nomen
1200 532 1557 603 archangeli,
1615 532 1836 604 gratias
1895 546 2074 603 agens

2182 527 2507 603 ’Υδροχὸῳ.
2571 529 2662 584 καὶ
2714 529 2842 594 τοὺς
2898 531 3182 604 κειμένους
3240 526 3310 585 δι’
3364 528 3650 604 ἐπιθυμιῶν
3692 555 3797 607 γενο

423 627 745 701 gloriﬁcavi
786 631 967 681 Deum
1018 629 1075 680 et
1122 622 1432 678 Dominum
1484 621 1611 676 coeli
1664 626 1720 676 et
1771 626 1967 687 terrae;
2020 625 2060 675 e1

2182 620 2350 673 ναίων
2384 618 2471 673 ἰπὶ
2502 625 2605 694 γῆν
2663 621 2942 695 παρθένων
2979 664 2992 677 .
3023 624 3104 692 τῷ
3154 616 3330 693 ζωδίῳ
3384 622 3638 692 κέκληται
3685 622 3797 677 τού-

424 716 620 789 sigillo
652 720 919 771 notatum
948 730 1081 769 eum
1115 710 1376 767 ordinavi
1420 710 1478 765 in
1512 728 1659 782 opus
1706 709 2071 779 lithotomize,

424 811 489 861 ut
544 807 791 860 caederet
847 807 1040 875 petras
1097 801 1156 855 in
1212 799 1450 871 templo,
1482 798 1691 854 allatas
1751 815 1854 870 per
1913 813 2073 853 mare

421 895 671 964 Arabiae,
696 895 963 965 jacentes
1005 890 1062 946 in
1093 890 1308 946 littore.
1348 888 1690 945 Formidans
1738 892 1929 943 autem
1964 887 2074 941 fer-

424 1001 555 1040 rum
590 984 681 1038 ad.
714 1022 725 1034 .
757 1024 769 1036 .
812 986 869 1036 et
900 980 1042 1035 dicit
1073 978 1216 1034 mihi
1254 996 1266 1034 :
1300 981 1505 1044 Quaeso
1533 981 1609 1048 te,
1646 995 1741 1033 rex
1771 976 2070 1042 Salomon,

423 1074 586 1130 sinas
618 1087 709 1127 me
757 1069 1006 1125 liberum
1038 1084 1190 1135 esse,
1221 1072 1277 1123 et
1307 1084 1412 1139 ego
1445 1068 1736 1123 adducam
1789 1066 1893 1121 tibi
1942 1082 2073 1121 om-

424 1163 521 1218 nia
577 1160 883 1216 daamonia.
943 1158 1185 1214 Nolente
1252 1161 1448 1213 autem
1508 1173 1573 1212 eo
1635 1155 1849 1227 subjici
1903 1154 2071 1222 mihi,

420 1251 574 1307 oravi
605 1246 1025 1321 archangelum
1076 1245 1230 1303 Uriel
1274 1250 1339 1302 ut
1369 1246 1590 1302 veniret
1634 1245 1778 1299 mihi
1812 1244 1870 1299 in
1904 1243 2069 1299 auxi-

417 1342 595 1407 lium;
628 1343 684 1395 et
714 1338 827 1393 cito
869 1338 987 1392 vidi
1036 1335 1453 1408 archangelum
1488 1333 1643 1389 Uriel
1676 1334 1748 1389 de
1780 1332 1939 1388 ccslis
1969 1349 2068 1388 ve-

417 1429 673 1485 nientem
725 1428 797 1483 ad
846 1444 968 1493 me;
1004 1431 1061 1481 et
1082 1425 1266 1497 jussit
1307 1424 1551 1496 angelus
1601 1428 1665 1479 ut
1714 1427 1838 1479 cete
1889 1421 2069 1478 maris

416 1518 681 1575 venirent
721 1534 789 1571 ex
832 1517 1074 1588 abysso;
1123 1520 1179 1569 et
1228 1513 1473 1587 projecit
1520 1518 1956 1584 sortem,suam
2007 1511 2067 1566 in

412 1614 651 1677 terram,
703 1605 921 1676 illaque
970 1603 1220 1675 subjecit
1263 1604 1587 1658 daemonem
1640 1617 1958 1672 magnum;
2012 1605 2069 1655 et

415 1695 692 1769 praecepit
720 1694 971 1750 daemoni
1004 1710 1216 1765 magno
1248 1696 1305 1747 et
1334 1691 1541 1747 audaci
1572 1690 1759 1745 Ornias
1795 1693 1857 1745 ut
1886 1690 2067 1744 caede-

415 1789 503 1841 ret
533 1802 668 1841 saxa
698 1785 757 1839 in
792 1783 1109 1855 templum;
1136 1787 1190 1837 et
1213 1782 1297 1836 sic
1319 1798 1424 1852 ego
1449 1779 1722 1836 Salomon
1748 1778 2065 1851 gloriﬁcavi
2094 1823 2142 1887 Β

411 1875 595 1930 Deum
627 1873 752 1928 οωὶί
786 1877 843 1928 et
870 1877 1034 1927 terra;
1085 1875 1434 1937 creatorem;
1471 1874 1528 1924 et
1572 1868 1844 1940 praecepit
1873 1867 2063 1923 Orniaa

411 1969 476 2018 ut
502 1963 724 2018 veniret
754 1977 889 2017 cum
940 1965 1094 2015 sorte
1126 1976 1255 2026 sua,
1287 1965 1344 2013 et
1374 1958 1505 2014 dedi
1555 1958 1609 2014 ei
1656 1956 1941 2011 annulum
1975 1957 2064 2011 di-

410 2068 587 2107 cens:
616 2051 795 2116 Vade,
818 2054 876 2105 et
901 2050 1093 2104 adduc
1122 2048 1266 2103 mihi
1298 2048 1411 2103 huc
1441 2046 1762 2119 principem
1797 2045 2063 2101 omnium

414 2140 859 2197 daemoniorum.

2179 728 2306 769 τους
2361 709 2675 783 ἀποπνίγω,
2717 710 2763 763 εἴ
2818 706 2959 781 μηδὲ
3015 710 3103 763 καὶ
3159 710 3461 765 ὑπνωτικόν
3493 731 3506 743 ·
3558 711 3628 773 εἷς
3672 718 3798 787 τρεῖς

2186 797 2397 871 μορφὰς
2446 792 2888 871 μεταϐάλλομαι,
2935 794 3138 853 ὁπόταν
3195 799 3245 853 οἱ
3298 797 3570 876 ἄνθρωποι
3615 799 3800 876 ἔρχων-

2179 907 2266 941 ται
2299 884 2369 940 δι’
2399 885 2686 959 έπιθυμίας
2738 893 3006 962 γυναικῶν
3042 907 3055 920 ·
3091 887 3201 962 ὶγὼ
3246 894 3688 968 μεταμορφοῦμαι
3734 889 3801 954 εἰς

2183 975 2323 1044 θῆλυ
2381 973 2671 1049 εὔκοσμον,
2720 976 2808 1031 καὶ
2884 975 3190 1050 ἁπτομένου
3266 999 3393 1051 μου,
3446 980 3497 1033 οἱ
3556 977 3801 1053 ἅνθρωποι

2182 1065 2298 1128 καθ’
2333 1063 2496 1119 ὕπνον
2528 1063 2778 1138 ἑμπαίζω
2825 1065 3009 1127 αὺτοῖς
3044 1084 3058 1099 ·
3086 1067 3219 1121 ποτὶ
3269 1064 3327 1121 δὲ
3378 1068 3540 1123 πάλιν
3594 1068 3803 1124 ὑπόπτε-

2178 1174 2276 1229 ρος
2322 1154 2542 1230 γίνομαι
2603 1155 2704 1209 ὑπὸ
2759 1154 2889 1217 τοὺς
2946 1154 3233 1229 οὐρανίους
3278 1152 3500 1219 τόπους.
3556 1158 3801 1231 Φαίνομαι

2178 1239 2268 1296 καὶ
2322 1242 2395 1302 ὡς
2449 1238 2613 1313 λέων,
2644 1242 2734 1297 καὶ
2786 1241 3086 1316 κελεύομαι
3140 1243 3241 1298 ὑπὸ
3287 1245 3501 1298 πάντων
3546 1249 3647 1300 τῶν
3702 1243 3803 1300 6a:-

2183 1330 2362 1403 μόνων
2397 1347 2414 1367 ·
2442 1330 2715 1405 ἀπόγονος
2762 1330 2876 1404 εἰμὶ
2926 1331 3283 1407 ἀρχαγγέλου
3325 1332 3563 1407 Οὖριήλ,
3591 1336 3680 1402 τῆς
3724 1331 3801 1387 δυ-

2177 1421 2393 1491 νάμεως
2446 1423 2542 1473 τοῦ
2596 1423 2753 1477 Θεοῦ.
2788 1421 2928 1496 Ἐγὼ
2962 1418 3234 1493 Σολομῶν
3266 1420 3497 1484 ἀκούσας
3546 1422 3607 1476 τὸ
3654 1420 3807 1495 ὄνομα

2175 1513 2271 1563 τοῦ
2320 1508 2674 1584 ἀρχαγγέλου
2746 1509 3034 1582 εὐξάμενος
3111 1507 3334 1583 ἐδόξασα
3395 1512 3488 1566 τὸν
3544 1513 3687 1579 Θεὸν,
3724 1514 3801 1566 καί

2177 1598 2373 1672 Κύριον
2420 1602 2518 1653 τοῦ
2568 1598 2799 1675 οὐρανοῦ
2858 1598 2946 1654 καὶ
3017 1602 3116 1668 τῆς
3170 1603 3270 1675 γῆς
3307 1620 3320 1632 ·
3379 1601 3468 1655 καὶ
3530 1622 3803 1678 σφραγισας

2175 1686 2332 1742 αὐτὸν
2395 1685 2550 1758 ἔταξα
2610 1687 2685 1749 εἷς
2736 1688 2834 1756 τὴν
2892 1687 3143 1764 ἐργασίαν
3199 1696 3300 1758 τῆς
3357 1687 3805 1763 λιθοτομίας,τοῦ

2172 1776 2385 1849 τέμνειν
2433 1774 2563 1837 τοὺς
2614 1775 2801 1837 λίθους
2852 1775 2903 1829 έν
2942 1780 3020 1847 τῷ
3060 1782 3195 1848 ναῷ,
3228 1776 3490 1852 ἀχθέντας
3522 1776 3609 1832 διὰ
3634 1776 3808 1842 θαλάσ-

2173 1887 2271 1935 σης
2335 1860 2590 1939 ’Δραόίας
2644 1863 2771 1926 τοὺς
2828 1865 3112 1937 κειμένους
3168 1866 3315 1939 παρά
3367 1867 3457 1920 τὸν
3524 1866 3801 1943 αἶ’γιαλόν·

2173 1948 2523 2026 Φοὸούμινος
2559 1951 2615 2007 δὶ
2661 1954 2750 2007 τὸν
2806 1951 3027 2028 σίδηρον
3062 1974 3197 2027 προς
3227 1956 3303 2027 (1)
3353 1954 3443 2009 καὶ
3500 1954 3645 2030 λέγει
3703 1976 3807 2027 μοι,

2174 2042 2375 2115 Δέομαί
2430 2062 2545 2114 σου,
2611 2039 2835 2116 βασιλεῦ
2915 2040 3210 2115 Σολομῶν,
3265 2039 3417 2097 ἔασόν
3498 2065 3568 2116 με
3642 2042 3806 2099 ἄνετον

2174 2134 2335 2199 εῖναι,
2386 2131 2537 2204 κάγώ
2597 2150 2681 2183 σοι
2738 2129 2991 2205 ἆναγάγω
3049 2131 3224 2185 πάντα
3279 2131 3345 2185 τὰ
3402 2128 3679 2205 δαιμόνια.
3729 2133 3805 2200 Μὴ

416 2227 672 2290 θελόντος
727 2224 784 2282 δὶ
833 2226 997 2282 αὐτοῦ
1051 2224 1388 2301 ὑποταγῆναί
1437 2244 1553 2298 μοι,
1598 2222 1883 2295 εὐξάμενος
1914 2225 2010 2276 τοῦ
2042 2219 2390 2296 ἀρχαγγέλου
2425 2217 2639 2294 Οὐριὴλ
2672 2217 2945 2273 συνελθεῖν
2983 2240 3050 2292 με
3081 2219 3157 2283 εἷς
3190 2220 3466 2295 βοήθειαν,
3498 2221 3591 2276 καὶ
3623 2222 3805 2285 εὐθέως

415 2314 556 2372 εἶδον
585 2318 676 2371 τὸν
708 2314 1050 2392 ἀρχάγγελον
1085 2313 1298 2388 Οὐριὴλ
1332 2314 1391 2368 ἐκ
1417 2317 1523 2367 τῶν
1558 2311 1800 2387 οὐρανῶν
1830 2311 2232 2386 κατερχόμενον
2262 2308 2396 2381 πρός
2431 2329 2496 2381 με
2541 2307 2630 2361 καὶ
2681 2306 2954 2363 ἐκέλευσεν
3006 2309 3033 2362 ὁ
3079 2306 3312 2384 ἄγγελος
3358 2312 3499 2381 κήτη
3549 2312 3809 2378 θαλάσσης

412 2405 589 2473 ἐλθεῖν
617 2406 677 2462 ἐκ
705 2414 803 2475 τῆς
843 2401 1079 2461 ἀϐύσσου
1113 2423 1124 2435 ·
1160 2404 1248 2458 καὶ
1279 2399 1491 2480 ἔρριψεν
1526 2402 1690 2457 αὐτοῦ
1718 2402 1817 2471 τήν
1855 2406 2049 2475 μοῖραν
2085 2400 2172 2455 ἐπὶ
2209 2407 2310 2469 τῆς
2358 2405 2482 2473 γῆς,
2510 2397 2729 2468 κάκείνη
2779 2399 3028 2472 ὑπέταξεν
3078 2399 3141 2453 τὸ
3187 2396 3470 2473 δαιμόνιον
3522 2402 3587 2455 τὸ
3640 2400 3766 2475 μέγα
3796 2419 3808 2431 ·

412 2497 502 2552 καὶ
563 2494 838 2551 ἐκέλευσεν
896 2495 986 2549 τὸν
1045 2491 1281 2565 δαίμονα
1335 2492 1425 2546 τὸν
1479 2492 1643 2566 μέγαν
1689 2490 1777 2545 καὶ
1826 2488 2023 2566 θρασὺν
2073 2490 2164 2543 τὸν
2200 2486 2416 2564 Ὀρνίαν
2465 2490 2564 2541 τοῦ
2608 2486 2825 2542 κόπτειν
2854 2488 2979 2552 τοὺς
3009 2487 3198 2551 λίθους
3231 2490 3366 2564 πρὸς
3396 2491 3488 2544 τὸν
3519 2489 3646 2544 ναόν
3680 2508 3692 2519 ·
3725 2491 3810 2542 καὶ

415 2584 587 2647 οὕτως
638 2585 742 2659 ἐγὼ
798 2582 1069 2657 Σολομὼν
1109 2581 1332 2652 ἐδόξασα
1379 2582 1470 2635 τὸν
1517 2580 1646 2635 Θεὸν
1697 2584 1795 2635 τοῦ
1844 2579 2075 2653 οὐρανοῦ
2123 2579 2343 2646 καὶτῆς
2371 2580 2474 2652 γῆς
2503 2580 2745 2648 ποιητήν
2773 2596 2785 2609 °
2818 2576 2908 2631 καὶ
2940 2576 3214 2633 ἐκέλευσεν
3261 2576 3437 2633 ἐλθεῖν
3477 2581 3574 2633 τὸν
3608 2575 3809 2652 Ὀρνίαν

416 2674 508 2728 σὺν
558 2677 627 2747 τῇ
684 2672 845 2746 μοίρᾳ
885 2672 1071 2740 αὐτοῦ,
1100 2673 1187 2726 καὶ
1235 2669 1412 2725 ἔδωκα
1464 2669 1627 2724 αὐτοῦ
1672 2670 1735 2725 τὸ
1782 2666 2093 2746 σφραγίδων
2142 2664 2318 2742 λέγων
2354 2683 2367 2698 ⁶
2402 2662 2669 2739 "Amalec,
2698 2666 2787 2721 καὶ
2839 2664 3009 2743 ἄγαγέ
3055 2687 3148 2740 μοι
3182 2664 3290 2721 ὦδε
3316 2668 3410 2722 τὸν
3442 2665 3687 2745 ἄρχοντα
3711 2672 3809 2722 τῶν

418 2760 715 2836 δαιμονίων
747 2763 983 2817 πάντων.

487 2896 695 2952 Ornias
743 2900 936 2951 autem
995 2896 1289 2969 accipiens
1339 2896 1649 2965 annulum,
1700 2896 1844 2953 adiit
1894 2895 2061 2952 Beel-

411 2985 579 3040 zebul
624 2984 932 3039 habentem
979 2988 1323 3056 potestatem
1380 2984 1438 3040 in
1488 2984 1797 3054 daemonia,
1829 2988 1886 3040 et
1917 2985 2062 3040 dixit

411 3073 519 3128 ei:
576 3073 697 3128 Huc
752 3078 919 3129 vocat
973 3077 1029 3129 te
1085 3073 1379 3130 Salomon.
1440 3075 1696 3130 Audiens
1756 3073 2059 3130 Beelzebul

411 3161 559 3216 dixit
590 3162 639 3216 ei
668 3180 680 3217 :
716 3163 915 3219 Indica
946 3162 1089 3217 mihi
1123 3164 1257 3234 quis
1288 3163 1366 3219 sit
1394 3163 1503 3219 iste
1535 3162 1810 3220 Salomon
1844 3164 1913 3218 de
1945 3178 2059 3233 quo

409 3249 669 3322 loqueris
703 3251 868 3306 mihi.
903 3253 1111 3307 Ornias
1161 3257 1355 3308 autem
1390 3252 1633 3324 projecit
1681 3252 1965 3308 annulum
1999 3252 2058 3306 in

406 3343 611 3409 pectus
672 3340 971 3395 Beelzebul
1032 3341 1231 3395 dicens
1283 3357 1295 3394 :

405 3443 524 3482 rex.
571 3428 928 3484 Exclamavit
981 3446 1115 3484 vero
1175 3428 1473 3484 Beelzebul
1532 3445 1670 3484 voce
1724 3444 1958 3500 magna,
2001 3432 2058 3482 et

404 3518 650 3587 projecit
681 3518 978 3572 flammam
1022 3517 1174 3587 ignis
1208 3522 1470 3572 urentem
1507 3533 1804 3588 magnam,
1838 3522 1895 3572 et
1925 3533 2055 3571 sur-

405 3623 550 3678 gens
580 3611 818 3661 secutus
865 3610 953 3662 est
984 3606 1247 3673 Orniam,
1280 3610 1338 3661 et
1367 3606 1523 3662 venit
1554 3607 1622 3661 ad
1658 3606 2051 3661 Salomonem.

404 3695 475 3750 Ut
507 3700 701 3749 autem
733 3695 879 3748 vidit
908 3694 1027 3765 (sic)
1076 3693 1400 3765 principem
1448 3694 1895 3762 daemoniorum,
1930 3692 2054 3765 glo-

401 3783 623 3838 riﬁcavi
652 3783 964 3838 Dominum
998 3783 1182 3837 Deum
1215 3782 1343 3837 οωΙὶ
1389 3787 1445 3838 et
1496 3788 1665 3837 terra:
1709 3788 2052 3850 creatorem,

398 3873 458 3925 et
488 3871 605 3925 dixi
640 3888 653 3925 :
685 3870 1037 3926 Benedictus
1081 3886 1165 3933 es,
1201 3871 1442 3925 Domine
1472 3870 1625 3926 Deus
1658 3870 2053 3941 omnipotens,

400 3957 504 4027 qui
537 3957 751 4013 dedisti
791 3975 972 4029 puero
1013 3963 1113 4013 tuo
1146 3958 1441 4012 Salomoni
1474 3959 1532 4013 in
1567 3959 1932 4030 sapientibus
1963 3976 2055 4015 re-

400 4044 691 4102 sidentem
750 4046 1125 4117 sapientiam,
1165 4052 1223 4101 et
1270 4046 1572 4117 subjecisti
1624 4047 1769 4102 mihi
1818 4064 2054 4104 omnem

400 4140 753 4207 potestatem
808 4134 1046 4190 diaboli.
1089 4136 1158 4190 Et
1218 4134 1567 4206 interrogavi
1619 4151 1753 4191 eum
1804 4136 2050 4192 dicens:

403 4225 607 4282 Indica
657 4225 792 4297 quis
842 4224 943 4279 sis.
996 4227 1061 4278 Et
1108 4224 1189 4279 ait
1235 4224 1460 4279 daemon
1496 4240 1510 4281 :
1546 4225 1658 4294 Ego
1709 4242 1841 4280 sum
1893 4225 2053 4280 Beel-

397 4314 570 4369 zebul
638 4315 909 4385 princeps
978 4313 1456 4381 daemoniorum;
1517 4313 1711 4367 omnia
1768 4314 2056 4370 daemonia

402 4418 581 4473 prope
633 4419 723 4456 me
793 4401 1128 4473 przssident,
1175 4404 1232 4456 et
1283 4406 1416 4456 ante
1475 4400 1673 4457 oculos
1742 4419 1893 4473 pono
1954 4420 2052 4459 cu-

396 4492 621 4560 jusque
683 4489 964 4544 dasmonis
1046 4490 1316 4545 formam.
1377 4493 1505 4560 Ipse
1569 4507 1701 4544 vero
1762 4492 2055 4548 nuntiavit

404 4577 549 4631 mihi
602 4594 664 4632 se
730 4579 800 4633 ad
860 4593 953 4632 me
1003 4579 1400 4633 adducturum
1452 4594 1656 4634 omnes
1714 4579 2053 4637 immundos

400 4666 651 4737 spiritus
711 4671 1159 4734 concatenatos;
1211 4670 1268 4721 et
1315 4682 1417 4733 ego
1467 4667 1672 4722 iterum
1732 4667 2053 4739 gloriﬁcavi

406 4756 591 4810 Deum
621 4755 743 4809 οωΙί
780 4760 837 4811 et
868 4760 1053 4821 terrm,
1087 4760 1142 4809 et
1171 4755 1388 4827 gratias
1419 4771 1527 4828 ago
1560 4756 1609 4810 ei
1642 4772 1893 4827 semper.

475 4932 721 4999 Quaesivi
768 4950 802 4988 a
842 4934 1105 4987 demone
1154 4936 1350 4987 utrum
1384 4937 1580 4989 essent
1628 4932 1782 4989 inter
1828 4950 1929 4989 eos
1979 4934 2056 4989 fe-

405 5023 604 5089 mina;
639 5020 738 5076 illo
770 5025 967 5077 autem
1002 5020 1353 5089 afﬁrmante,
1379 5021 1495 5077 dixi
1529 5038 1634 5095 ego
1666 5039 1761 5077 me
1790 5022 1936 5078 velle
1959 5039 2057 5078 eas

406 5127 672 5177 cernere;
732 5116 789 5166 et
848 5109 1051 5164 abiens
1109 5109 1412 5164 Beelzebul
1472 5110 1759 5166 festinans
1817 5112 2060 5167 adduxit

410 5199 554 5254 mihi
586 5198 951 5266 Onoscelida,
988 5198 1235 5253 formam
1270 5197 1579 5255 habentem
1616 5200 1775 5255 miris
1807 5200 2058 5271 pulchri-

406 5287 655 5353 tudinis,
687 5292 745 5341 et
776 5287 1079 5342 illecebras
1125 5286 1390 5341 mulieris
1438 5286 1733 5342 coloribus
1781 5288 1927 5343 bene
1966 5306 2057 5344 or-

409 5380 578 5443 natae,
611 5379 667 5430 et
697 5376 972 5430 cornibus
1007 5381 1294 5430 armatam
1327 5376 1383 5430 in
1417 5375 1623 5447 capite.
1656 5375 1923 5432 Venienti
1955 5395 2057 5432 au-

2239 2894 2302 2952 Ὁ
2327 2890 2383 2949 δὶ
2422 2894 2659 2970 Ὀρνίας,
2703 2888 2886 2949 λαϐὼν
2922 2893 2984 2948 τὸ
3016 2890 3383 2963 δακτυλίδιον,
3414 2892 3633 2964 ἀπῆλθε
3681 2893 3805 2969 πρὸς

2166 2983 2257 3037 τὸν
2318 2979 2657 3053 Βεελζεϐοὺλ
2712 2984 2803 3038 τὸν
2865 2978 3064 3057 ἔχοντα
3108 2985 3207 3052 τήν
3245 2980 3521 3058 βασιλείαν
3576 2981 3663 3038 ἐπὶ
3712 2984 3810 3035 τῶν

2170 3068 2493 3143 δαιμονίων,
2526 3074 2667 3149 Ἔφη
2702 3072 2849 3144 αὐτῷ
2880 3090 2893 3105 ⁸
2930 3076 3095 3145 Δεῦρο
3126 3070 3286 3127 καλεῖ
3314 3092 3372 3126 σε
3415 3069 3688 3143 Σολομῶν
3718 3088 3730 3100 °
3759 3072 3808 3121 '0

2170 3157 2227 3214 δὲ
2286 3156 2618 3229 Βεελζεϐοὺλ
2676 3159 2910 3224 ἀκούσας
2981 3160 3081 3238 ἔφη
3148 3160 3293 3233 αὖτῷ
3325 3178 3337 3191 ·
3395 3160 3535 3235 Λέγε
3590 3182 3687 3232 μοι
3738 3158 3811 3221 τίς

2168 3248 2307 3304 ἐστιν
2342 3270 2500 3314 ουτος
2529 3250 2557 3303 6
2595 3248 2882 3322 Σολομῶν,
2909 3250 2966 3304 ’ὸν
3001 3248 3062 3304 σὺ
3094 3252 3199 3327 φής
3252 3270 3346 3322 μοι
3378 3269 3390 3281 ·
3437 3249 3465 3303 6
3506 3247 3567 3304 δὶ
3614 3248 3813 3320 Ὀρνίας

1353 3340 1613 3394 Advocat
1665 3344 1722 3395 te
1780 3338 2053 3394 Salomon

2173 3335 2380 3414 Ξρῥιψεν
2410 3338 2473 3393 τὸ
2506 3336 2850 3393 δακτυλίδιον
2884 3338 2960 3399 εἷς
2988 3338 3051 3393 τὸ
3090 3340 3289 3402 στῆθος
3332 3342 3431 3393 τοῦ
3486 3332 3810 3406 Βεελζεὸοὺλ

2166 3424 2345 3500 λέγων
2379 3446 2392 3459 ·
2439 3425 2607 3481 Καλεῖ
2650 3448 2708 3481 σε
2758 3424 3028 3499 Σολομῶν
3060 3428 3088 3480 6
3123 3425 3398 3501 βασιλεύς.
3436 3427 3715 3501 Ἀνέκραξε
3761 3422 3813 3477 δὶ

2121 3509 2133 3523 “
2167 3515 2195 3569 6
2243 3510 2578 3584 Βιελζεϐοὺλ
2602 3519 2758 3593 φωνῇ
2794 3514 3004 3591 μεγάλῃ
3042 3534 3055 3548 ·
3088 3516 3178 3570 καὶ
3210 3513 3395 3590 ἕρῥιψε
3424 3513 3605 3592 φλόγα
3654 3513 3812 3587 πυρὸς

2164 3604 2457 3678 καιομένην
2539 3602 2805 3680 μεγάλην,
2880 3604 2970 3659 καὶ
3063 3605 3288 3665 ἀναστὰς
3359 3601 3659 3673 ἠκολούθει
3737 3608 3810 3673 τῷ

2166 3693 2351 3768 Ὀρνία
2384 3714 2396 3728 ·
2438 3694 2527 3748 καὶ
2559 3692 2695 3762 ἦλθε
2726 3694 2861 3764 πρὸς
2896 3699 2958 3747 Σ.
2992 3694 3081 3754 Ὀς
3135 3690 3192 3747 δὲ
3232 3690 3370 3747 εἶδεν
3420 3692 3510 3745 τὸν
3577 3694 3809 3765 ἄρχοντα

2164 3786 2271 3837 τῶν
2306 3780 2626 3855 δαιμονίων,
2660 3778 2885 3851 ἐδόξασα
2926 3780 3120 3855 Κύριον
3175 3783 3264 3836 τὸν
3327 3781 3454 3836 Θεὸν
3503 3785 3603 3835 τοῦ
3653 3779 3811 3854 οὐρα-

2166 3875 2260 3925 νοῦ
2306 3872 2395 3925 καὶ
2445 3878 2547 3946 γῆς
2600 3871 2857 3941 ποιητὴν,
2888 3870 2977 3924 καὶ
3029 3872 3181 3925 εἷπον
3214 3889 3225 3901 ·
3263 3870 3583 3946 Εὑλογητὸς
3614 3869 3681 3935 εἰ,
3715 3866 3813 3922 K6-

2169 3980 2249 4035 ριε
2280 3961 2308 4014 6
2339 3960 2469 4023 Θεὸς
2501 3961 2528 4014 6
2558 3958 2969 4033 παντοκράτωρ,
3002 3960 3031 4013 6
3062 3957 3191 4021 δοὺς
3238 3963 3318 4030 τῷ
3360 3956 3512 4013 παιδὶ
3570 3980 3668 4013 σου
3720 3964 3817 4011 Σο-

2168 4046 2413 4119 λομῶντι
2444 4048 2545 4116 τήν
2591 4052 2699 4102 τῶν
2748 4052 2928 4123 σοφῶν
2978 4045 3245 4122 πάρεδρον
3299 4048 3634 4123 σοφίαν,καὶ
3692 4046 3819 4099 ὁποι

2164 4137 2324 4207 τάξας
2374 4138 2449 4198 εἷς
2498 4136 2595 4209 έμὶ
2641 4142 2812 4190 πᾶσαν
2856 4137 2953 4204 τὴν
2986 4133 3214 4209 δύναμιν
3246 4140 3345 4189 τοῦ
3377 4130 3648 4189 διαϐόλου
3681 4152 3694 4165 '
3722 4132 3820 4190 Καὶ

2166 4224 2497 4300 ἐπηρώτησα
2545 4223 2729 4295 αὐτὸν,
2779 4225 2868 4278 καὶ
2922 4226 3075 4279 εἷπον
3112 4245 3124 4258 ·
3177 4223 3313 4298 Λέγε
3344 4225 3429 4286 τίς
3463 4226 3511 4277 εἴ
3544 4243 3557 4254 '
3593 4225 3657 4279 Ὀ
3707 4220 3819 4275 δαί-

2171 4335 2284 4385 μων
2318 4312 2419 4391 ἔφη
2456 4333 2468 4344 ·
2507 4312 2649 4386 Ἐγώ
2708 4313 2821 4386 εἶμι
2872 4308 3232 4382 Βεελζεϐοὺλ,
3264 4315 3292 4367 6
3350 4318 3458 4367 τῶν
3519 4309 3817 4384 δαιμονίων

2166 4401 2397 4477 ἔξαρχος
2433 4421 2446 4434 ·
2509 4403 2734 4463 ἅπαντες
2810 4399 2868 4456 δὲ
2944 4404 2995 4455 οἱ
3077 4400 3331 4474 δαίμονες
3408 4397 3636 4475 ἕγγυθέν
3719 4420 3818 4471 μου

2165 4489 2553 4565 προεδρεύουσι
2588 4509 2601 4523 ·
2660 4489 2751 4544 καὶ
2813 4489 3092 4567 έμφανίζω
3139 4490 3360 4545 ἑκάστου
3408 4487 3675 4562 δαίμονος
3728 4488 3820 4554 τὴν

2166 4581 2481 4656 φαντασίαν.
2544 4578 2719 4641 Αὐτὸς
2799 4576 2855 4633 δέ
2936 4600 3033 4652 μοι
3108 4577 3473 4653 έπηγγεέλατο
3530 4578 3709 4632 πάντα
3760 4576 3823 4628 τὰ

2166 4668 2437 4745 ἀκάθαρτα
2496 4668 2773 4739 πνεύματα
2832 4668 3054 4743 ἀγαγεῖν
3113 4668 3250 4741 πρός
3305 4688 3371 4739 με
3430 4665 3628 4737 δέσμια
3670 4686 3683 4697 ο
3735 4662 3819 4718 καὶ

2169 4756 2278 4832 ἐγὼ
2336 4756 2500 4813 πάλιν
2562 4755 2785 4826 ἐδόξασα
2840 4757 2930 4811 τὸν
2992 4758 3120 4812 Θεὸν
3178 4761 3275 4811 τοῦ
3307 4756 3539 4831 οὐρανοῦ
3571 4755 3664 4810 καὶ
3722 4753 3820 4819 τῆς

2168 4854 2295 4922 γῆς,
2324 4846 2413 4900 καὶ
2443 4847 2752 4922 εὐχαριστῶ
2781 4846 2928 4919 αὖτῷ
2952 4846 3203 4903 πάντοτε.

2238 4936 2555 5008 Ἔπυθόμην
2595 4936 2742 5007 παρὰ
2777 4939 2876 4989 τοῦ
2925 4933 3182 5008 δαίμονος
3237 4933 3282 4989 εἶ
3337 4933 3478 4989 ἐστὶν
3528 4932 3579 4987 ἰν
3638 4932 3822 4992 αὐτοῖς

2168 5022 2423 5094 θήλειαι*
2482 5027 2581 5077 τοῦ
2651 5021 2706 5077 δέ
2767 5045 2861 5096 μοι
2920 5025 3193 5101 φήσαντος
3251 5025 3411 5089 εἶναι,
3463 5022 3617 5095 κάγὼ
3675 5023 3821 5074 εἷπον

2167 5110 2369 5181 ἤθελον
2431 5109 2629 5167 εἶδέν-ιι
2667 5129 2679 5144 '
2746 5110 2835 5166 xui
2920 5110 3172 5167 ἀπελθὼν
3250 5106 3590 5179 Βεελζεϐοὒλ
3659 5108 3825 5183 ταχὺ,

2168 5199 2361 5275 ἤνεγκε
2411 5200 2547 5276 πρός
2606 5221 2673 5272 με
2738 5202 2837 5269 τὴν
2891 5197 3256 5270 Ὀνοσκελίδα,
3312 5200 3527 5277 μορφὴν
3583 5196 3825 5273 ἔχουσαν

2167 5287 2464 5364 περικαλῆ,
2524 5289 2613 5343 καὶ
2675 5287 2847 5361 δεσμὰ
2911 5289 3162 5365 γυναικὸς
3222 5287 3528 5363 ιῦχρώτου,
3583 5288 3680 5341 καὶ
3740 5306 3829 5341 κε-

2169 5378 2465 5453 ρατίζουσα
2514 5380 2614 5448 τήν
2666 5377 2932 5459 κεφαλήν.
2993 5377 3297 5452 Ἐλθούσης
3352 5374 3409 5432 δι
3465 5376 3636 5444 αὐτῆς
3690 5372 3824 5454 ἔφην

474 5588 552 5661 (1)
582 5592 816 5649 Lacuna
846 5588 905 5649 in
935 5593 1119 5650 textu.
1152 5592 1230 5647 Ad
1264 5589 1590 5663 marginem
1621 5591 1927 5649 lateralcm
1958 5612 2059 5668 τρα

2173 5614 2189 5651 ρ
2221 5594 2372 5658 εὶπὸς
2402 5596 2589 5651 ταῦτα.
