4084 6218
312 291 466 353 1391

1459 285 2063 349 TESTAMENTUM
2109 284 2581 353 SALOMONIS.

3573 300 3728 364 1322

307 420 468 497 αὐτῇ·
501 420 639 495 Δὲγε
672 419 877 494 μοιτίς
925 420 991 478 εἴ.
1040 421 1105 477 Ἡ
1163 416 1247 506 ὅὶΔ
1277 438 1371 494 μοι
1426 413 1552 492 ἔφη·
1607 417 1748 494 Ἐγὼ
1808 417 1957 474 Ὀνο-

2077 422 2198 476 tem
2256 419 2422 485 dixi;
2476 421 2677 480 Indica
2734 424 2878 482 mihi
2937 406 3072 501 quis
3125 430 3231 488 sis.
3289 433 3424 497 Quae
3482 448 3731 506 respon-

309 510 496 573 σκελὶς
536 509 841 580 παλοῦμαιο
889 514 1102 583 πνεῦμα
1159 503 1465 581 σεϐωμὰτω
1525 508 1594 581 (Ρ)
1652 507 1964 579 πεποιημέ-

305 619 437 655 νων’
489 597 737 674 φωλαῖον
789 597 878 654 ἐπὶ
918 602 1019 664 τῆς
1067 605 1189 674 γῆς·
1244 596 1515 669 σπήλαιόν
1562 617 1655 671 μοι
1706 594 1962 671 χρῦσειον

307 688 435 753 ἔνθα
489 692 697 761 κεῖμαι·
754 685 871 762 ἔχω
903 685 961 742 δὲ
1006 685 1409 743 πολυποίκιλον
1449 686 1641 741 τόπον⁹
1701 683 1834 739 ποτὶ
1866 684 1959 757 μὲν

306 777 617 853 ἀνθρώποις
673 776 847 853 πνίγω
924 774 996 832 δι’
1067 776 1348 853 ἀγχόνηςο
1408 776 1541 830 ποτὶ
1599 771 1656 829 δὲ
1705 774 1809 828 ἀπὸ
1860 779 1961 843 τῆς

306 866 516 945 φύσεως
547 866 624 929 εἰς
676 866 924 940 ἀγκῶνας
955 866 1050 937 (ad
1108 883 1297 938 marg.
1363 860 1671 935 σκωλήκια)
1704 861 1958 941 φωλεύω·

301 956 370 1011 τὰ
401 953 460 1011 δὲ
487 953 717 1011 πλεῖστά
767 975 861 1028 μοι
894 953 1187 1029 οίκητήρια
1218 951 1317 1007 εἶσὶ
1377 953 1641 1029 κρημνοὶ,
1692 949 1960 1021 σπήλαια,

303 1047 598 1123 φάραγγες·
660 1042 934 1107 πολλάκις
962 1039 1020 1097 δὶ
1065 1041 1155 1098 καὶ
1206 1042 1538 1118 συγγίνομαι
1588 1045 1703 1103 τοῖς
1755 1039 1961 1113 ἀνθρώο

301 1155 429 1197 ποις
483 1134 558 1196 ὡς
612 1135 748 1209 γυνή
810 1128 1045 1187 δοκοῦσα
1098 1131 1254 1187 εἶναι’
1308 1131 1415 1208 πρὸ
1453 1129 1668 1186 πάντων
1720 1126 1777 1184 δὲ
1841 1133 1959 1191 τοῖς

307 1222 651 1299 μελιχρόοις’
704 1219 853 1277 οῦτοι
902 1220 1006 1296 γὰρ
1058 1218 1346 1295 σῦναστροί
1400 1218 1495 1293 μοί
1551 1216 1675 1274 εἶ’σιο
1722 1218 1809 1273 καὶ
1854 1218 1955 1293 γὶρ

300 1314 365 1368 τὸ
394 1310 587 1386 ἄστρον
625 1332 729 1385 μου
778 1311 929 1365 οὗτοι
976 1307 1150 1385 λάθρα
1194 1308 1285 1364 καὶ
1326 1312 1572 1387 φανερῶς
1622 1309 1954 1383 προσκυνοῦ-

304 1421 406 1456 σι·
473 1400 561 1455 καὶ
620 1400 723 1455 οὐκ
779 1396 989 1453 οἴδασιν
1051 1399 1133 1453 ὅτι
1194 1396 1387 1460 αὐτοὺς
1452 1397 1804 1473 βλάπτουσι,
1863 1396 1953 1448 καί

300 1489 493 1547 πλεῖόν
552 1510 619 1562 με
665 1492 989 1565 κακουργεῖν
1040 1485 1371 1561 ἐρεθίζουσι·
1436 1484 1653 1549 θέλουσι
1702 1485 1804 1560 γὰρ
1867 1480 1955 1537 διὰ

297 1587 401 1651 τῆς
432 1581 660 1653 μνήμης
688 1577 915 1655 χρυσίον
968 1575 1234 1652 πορίζειν’
1295 1575 1402 1651 ἐγὼ
1449 1572 1507 1630 δὲ
1561 1572 1789 1649 παρίχυ
1842 1570 1953 1627 ὁλί-

300 1691 399 1746 γον
457 1674 575 1732 τοῖς
620 1665 807 1730 καλῶς
867 1688 933 1741 με
986 1669 1411 1740 προσκυνοῦσιν.
1472 1661 1840 1738 Ἐπηρώτησα
1896 1658 1954 1716 δὲ

299 1758 469 1827 αὐτὴν
520 1757 668 1833 κάγὼ
702 1754 1013 1847 Σολομῶν,
1071 1755 1233 1809 πόθεν
1274 1756 1450 1847 γεννᾷ.
1477 1754 1564 1847 -.Ἡ
1609 1748 1792 1847 δέ-μρι
1821 1747 1950 1847 ἔφη.
1984 1782 2031 1847 Β

304 1848 442 1905 Ἀπὸ
471 1853 658 1924 φωνῆς
690 1845 938 1920 ἀκαίρου,
965 1848 1063 1899 τοῦ
1092 1840 1439 1917 καλουμὲνου
1466 1839 1615 1916 ἤχου
1665 1840 1952 1916 ἀνθρώπου

308 1931 579 2010 μολίϐδου
609 1938 707 2004 (sic
728 1936 769 2006 P)
814 1934 1038 2011 ἀφέντος
1064 1933 1115 1988 ἐν
1166 1930 1271 2006 ὕλῃ
1301 1930 1610 2006 ἐγεννήθην.
1660 1931 1835 2007 Ἒῳην
1897 1926 1955 1983 δὲ

303 2026 412 2102 ἐγὼ
471 2025 648 2099 αὐτῇ·
701 2024 854 2097 Ποίῳ
912 2019 1093 2095 ἄστρῳ
1145 2019 1385 2098 διέρχῃ;
1427 2021 1491 2077 Ἦ
1549 2016 1607 2075 δὲ
1670 2040 1763 2091 μοι
1812 2020 1951 2073 εἷπε·

308 2111 643 2186 Πανσελήνῳ
690 2109 888 2188 ἄστρῳ,
946 2108 1085 2166 διότι
1132 2110 1223 2166 καὶ
1274 2113 1308 2180 ἡ
1361 2108 1564 2180 σελήνη
1608 2108 1675 2163 τὰ
1727 2104 1956 2162 πλείονα

309 2202 505 2259 ὁδεύει·
560 2202 699 2278 Ἐγὼ
744 2199 802 2257 δὶ
851 2200 999 2275 λέγω
1042 2201 1178 2278 πρὸς
1212 2199 1399 2270 αὐτήνο
1462 2198 1560 2254 Καὶ
1602 2197 1762 2259 ποῖός
1810 2196 1952 2251 ἐστιν

308 2291 335 2345 ὁ
368 2289 598 2365 ἄγγελος
629 2290 657 2344 ὁ
711 2293 996 2365 καταργῶν
1030 2308 1120 2355 cn;
1150 2289 1214 2345 Ἠ
1248 2285 1305 2343 δὲ
1340 2284 1455 2342 εῗπὲ
1488 2306 1604 2360 μοι,
1647 2287 1709 2343 Ὁ
1762 2284 1813 2339 ἐν
1870 2283 1955 2339 σοὶ

309 2378 634 2455 βασιλεύων.
685 2378 849 2454 Κάγὼ
880 2377 956 2440 εἷς
1007 2376 1372 2454 χλοῦην(εἰο)
1420 2373 1787 2451 λογισὶμενος
1836 2372 1956 2428 lxi-

304 2466 471 2524 λευσα
517 2468 855 2545 στρατιώτην
910 2471 1136 2543 κροῦσαι
1213 2466 1423 2537 αὐτήν·
1491 2465 1555 2522 Ἣ
1616 2461 1673 2519 δὲ
1725 2461 1956 2538 ἀνακρά-

302 2559 431 2629 ξασα
479 2557 643 2628 εἶπεν,
693 2556 836 2632 Ἐγώ
885 2576 991 2625 σοι,
1048 2554 1309 2630 βασιλεῦ,
1361 2554 1463 2610 ὑπὸ
1514 2560 1615 2623 τῆς
1658 2550 1958 2627 δεδομένης

303 2668 389 2702 σοι
447 2644 639 2724 σοφίας
688 2648 787 2700 τοῦ
818 2648 976 2713 θεοῦ,
1031 2644 1120 2699 καὶ
1176 2644 1280 2699 ὑπὸ
1335 2647 1431 2698 τοῦ
1500 2638 1954 2718 ἀγγέλουἽσηίλ.

303 2736 446 2812 Ἐγὼ
479 2733 536 2791 δὲ
566 2733 822 2790 ἐκέλευσα
864 2733 1031 2803 αὐτὴν
1063 2735 1245 2803 νήθειν
1291 2733 1394 2803 τήν
1440 2726 1666 2786 κάναϐιν
1727 2730 1805 2793 εἷς
1863 2730 1956 2791 τὰς

304 2825 561 2901 σχοίνους
618 2823 669 2879 ἰν
721 2828 800 2896 τῷ
856 2818 996 2899 ἔργῳ
1050 2826 1146 2877 τοῦ
1185 2821 1482 2894 κτίσματος
1530 2825 1626 2874 τοῦ
1652 2824 1807 2889 Θεοῦ,
1864 2820 1952 2874 καὶ

303 2915 479 2977 οὕτως
570 2912 864 2988 σφραγίσας
950 2911 1041 2967 καὶ
1116 2909 1284 2981 δήσας
1352 2910 1546 2980 αὐτὴν,
1607 2908 1954 2984 ἱκατηργῆθη

304 3003 445 3059 ὥστε
490 3000 740 3066 ’ίστασθαι
772 3000 964 3065 νυκτὸς
1020 2999 1111 3056 καὶ
1161 3000 1371 3076 ἡμέρας
1434 3001 1614 3070 νήθειν
1672 2998 1771 3067 τὴν
1826 2997 1957 3052 xit":-

301 3087 478 3149 ναϐιν.
514 3092 610 3146 Καὶ
659 3089 914 3147 ἐκέλευσα
970 3088 1208 3167 ἀχθῆναί
1261 3110 1356 3163 μοι
1403 3084 1583 3165 ἕτερον
1644 3084 1950 3160 δαιμόνιον,

454 3146 654 3242 εὐθέως
714 3146 1173 3256 μοιπροσὲλόεν
1234 3146 1271 3234 ί)ι
1334 3146 1543 3250 δαίμων
1620 3146 2027 3248 Ἀσμοδαῖοςἰίιῖ

304 3267 615 3344 δεδεμένος,
676 3269 766 3324 καὶ
816 3270 1080 3343 ἠρώτησα
1138 3267 1324 3340 αὐτὸν,
1386 3266 1461 3321 Σὺ
1517 3266 1603 3328 τίς
1654 3266 1738 3335 si;
1792 3266 1853 3322 Ὁ
1900 3262 1957 3320 δὶ

306 3358 445 3433 μετᾶ
473 3361 649 3432 θυμοῦ
689 3357 781 3413 καὶ
832 3357 996 3433 ὀργῖς
1029 3351 1307 3431 ἐμϐλέψας
1359 3376 1426 3429 με
1476 3351 1602 3434 ἔφη·
1663 3354 1737 3409 Σὸ
1791 3350 1848 3409 δὶ
1875 3354 1958 3416 τίς

301 3449 394 3517 ei;
453 3448 554 3503 Καὶ
612 3448 760 3503 εἶπον
824 3448 1005 3519 αὐτῷ·
1064 3444 1253 3508 Οὕτως
1311 3444 1763 3521 τετιμωρημένος
1818 3443 1956 3498 ἀπο-

296 3535 460 3613 κρίνῃ
518 3556 633 3610 μοι·
695 3538 723 3592 ὁ
781 3533 840 3591 δὶ
900 3537 1013 3610 μετ’
1046 3535 1218 3611 ὀργῆς
1275 3531 1421 3609 λέγει
1485 3552 1599 3607 μοι·
1636 3531 1808 3590 Ἀλλὰ
1840 3535 1955 3594 πῶς

300 3648 388 3682 σοι
447 3626 755 3702 ἀποκριθῶ,
819 3624 881 3681 σὺ
934 3627 1038 3700 γὰρ
1097 3624 1388 3700 ἀνθρώπου
1440 3623 1557 3685 υἱὸς
1618 3622 1680 3677 εἴ·
1741 3621 1846 3698 ἐγὼ
1900 3618 1958 3676 δὶ

302 3714 544 3791 ἆγγέλου
602 3714 778 3789 σπορᾶ
828 3711 917 3769 διὰ
970 3713 1232 3788 θυγατρὸς
1290 3711 1579 3788 ἀνθρώπου
1637 3709 1954 3785 ἰγεννήθηψ

303 3803 446 3859 ὥστε
506 3802 659 3859 οὐδὲν
721 3803 1065 3878 ὑπερήφανον
1127 3802 1281 3876 ῥῆμα
1309 3798 1568 3874 οὐρανίου
1599 3798 1789 3874 γὲνους
1820 3798 1955 3872 πρὸς

300 3898 579 3968 γηγενεῖς’
617 3889 700 3946 διὸ
730 3891 821 3946 καὶ
849 3892 911 3945 τὸ
945 3891 1139 3965 ἄστρον
1175 3909 1280 3961 μου
1328 3886 1381 3943 ἐν
1440 3888 1656 3963 οὖρανῷ
1704 3887 1953 3949 φωτεῦει·

301 3980 393 4035 καί
424 3980 555 4036 αὐτὸ
579 3977 856 4056 ἅνθρωποι
888 3977 1139 4054 λέγουσιν
1172 3977 1402 4050 ἄμαξαν,
1461 3976 1512 4030 οἱ
1562 3973 1620 4030 δὲ
1671 3976 1762 4031 τὸν
1825 3972 1959 4051 δρα-

300 4065 639 4124 κοντοπαῖδα
683 4069 801 4141 (εἰσ)
842 4065 1222 4139 πλησιάζομαι
1270 4063 1361 4118 σὺν
1412 4068 1491 4135 τῷ
1535 4060 1716 4139 ἅστρῷ
1768 4060 1956 4131 αὐτοῦ,

300 4157 393 4213 καὶ
449 4155 639 4213 πολλά
698 4178 792 4230 μοι
854 4157 930 4230 μή
983 4155 1180 4232 ἐρώτα,
1222 4152 1304 4209 ὅτι
1333 4152 1422 4208 καὶ
1454 4155 1550 4207 σοῦ
1577 4153 1640 4207 τὸ
1676 4149 1956 4226 βασίλειον

301 4248 443 4323 πρὸς
499 4245 734 4322 χρόνους
799 4243 1030 4321 μικροὺς
1087 4240 1502 4319 διαρῥὴγνυται,
1547 4240 1635 4296 καὶ
1694 4238 1959 4316 πρόσκαι·

307 4337 406 4414 ρός
438 4334 580 4391 ἐστιν
626 4336 661 4405 ἠ
715 4330 841 4405 δόξα
890 4352 1006 4387 σου·
1058 4332 1149 4386 καὶ
1202 4328 1367 4407 ὀλίγα
1390 4332 1539 4402 ἡμᾶς
1585 4330 1959 4402 τυραννήσεις,

302 4426 395 4480 καὶ
430 4423 598 4479 πάλιν
629 4423 808 4494 νομὴν
849 4415 1037 4495 ἕξομεν
1070 4419 1145 4481 είς
1192 4419 1293 4488 τήν
1345 4415 1757 4493 ἀνθρωπότητα·
1820 4415 1961 4469 ὣστε

2076 508 2162 564 dit
2218 527 2231 565 :
2291 511 2410 582 Ego
2467 511 2768 571 Onoscelis
2825 533 2997 574 vocor
3055 519 3300 593 spiritus
3356 538 3369 577 :
3424 523 3727 579 venerabi-

2072 594 2148 652 lis
2205 604 2400 655 creata
2457 617 2632 671 sum;
2686 605 2952 661 solitaria
3007 607 3066 663 in
3124 613 3303 676 terra,
3352 627 3566 683 specus
3617 630 3722 669 au-

2074 702 2239 742 reum
2295 687 2520 759 habito,
2578 691 2640 746 in
2697 691 2823 748 loco
2884 697 3080 753 multas
3145 698 3466 755 varietatis.
3525 703 3725 766 Quan-

2072 775 2264 847 doque
2321 777 2591 836 homines
2648 782 2869 839 δυσοοο
2923 803 3027 857 per
3077 786 3396 859 laqueum,
3455 792 3720 861 quando-

2074 879 2185 934 que
2234 866 2497 937 procula
2545 875 2759 928 natura
2807 872 2866 928 in
2912 875 3147 947 angulis
3198 877 3564 948 abscondor;
3602 879 3722 952 ple-

2072 969 2323 1042 rumque
2402 961 2598 1013 autem
2660 960 2719 1015 in
2797 964 3159 1036 praecipitiis,
3218 966 3501 1039 cavernis,
3559 968 3724 1042 abys-

2070 1041 2154 1097 sis
2227 1044 2396 1101 sedes
2470 1064 2667 1116 mea;
2740 1067 2889 1123 saepe
2967 1053 3147 1109 etiam
3222 1054 3376 1113 inter
3450 1055 3721 1115 homines

2065 1147 2285 1198 versor,
2347 1138 2404 1189 et
2478 1136 2697 1194 femina
2774 1141 2975 1197 videor
3050 1159 3229 1213 esse;
3287 1144 3539 1203 maxime
3615 1163 3718 1202 au-

2066 1223 2184 1275 tem
2216 1219 2370 1277 inter
2400 1240 2498 1280 eos
2529 1226 2631 1297 qui
2661 1228 3003 1287 subfuscam
3057 1236 3251 1287 cutem
3309 1238 3523 1305 gerunt
3555 1252 3569 1291 :
3601 1234 3717 1306 ipsi

2065 1307 2222 1364 enim
2299 1312 2410 1367 sub
2468 1314 2672 1371 eodem
2741 1316 2932 1374 sidere
2998 1336 3228 1377 mecum
3296 1327 3493 1392 sunt;
3548 1323 3716 1380 sidus

2063 1398 2219 1453 enim
2250 1416 2446 1457 meum
2477 1401 2536 1458 hi
2569 1402 2903 1463 clanculum
2936 1411 2993 1463 et
3016 1414 3211 1480 aperte
3243 1415 3712 1469 veneranturne-

2066 1487 2314 1546 scientes
2370 1492 2525 1562 quod
2574 1493 2655 1549 ibi
2708 1494 2852 1566 ipsis
2897 1503 3181 1568 noceant;
3217 1504 3273 1555 et
3301 1500 3469 1557 valde
3519 1517 3612 1557 me
3642 1502 3714 1558 ad

2065 1574 2555 1635 malefaciendum
2609 1588 2923 1653 provocant
2957 1602 2969 1639 :
3005 1584 3205 1641 volunt
3257 1587 3416 1644 enim
3460 1605 3563 1660 per
3593 1605 3714 1645 me-

2066 1664 2316 1721 moriam
2348 1668 2685 1742 (templum)
2722 1688 2933 1729 aurum
2981 1676 3320 1746 acquirere;
3350 1681 3408 1733 et
3437 1694 3540 1749 ego
3570 1695 3716 1751 prae-

2065 1754 2173 1810 beo
2224 1772 2431 1826 parum
2466 1757 2555 1812 his
2588 1760 2687 1829 qui
2736 1760 2883 1817 bene
2934 1779 3023 1819 me
3061 1765 3327 1821 adorant.
3359 1766 3716 1839 Interrogavi

2063 1859 2190 1899 eam
2242 1860 2347 1917 ego
2397 1845 2719 1903 Salomon:
2768 1849 2931 1906 Unde
2982 1852 3234 1909 oriunda
3280 1871 3343 1910 es
3382 1853 3490 1910 tu?
3518 1856 3587 1910 Et
3633 1855 3716 1911 ait

2063 1932 2255 1989 mihi:
2307 1935 2352 1989 A
2408 1952 2545 1992 voce
2597 1937 2949 2011 intempesta
3003 1941 3191 1997 vocati
3252 1943 3396 1999 echo
3452 1942 3714 2000 hominis

2064 2020 2292 2092 plumbi
2350 2023 2471 2094 (sic)
2531 2026 2749 2082 emissa
2824 2028 2879 2083 in
2941 2029 3096 2085 saltu
3176 2034 3314 2087 nata
3379 2048 3534 2088 sum.
3594 2033 3712 2104 Ego

2065 2113 2265 2165 autem
2325 2111 2443 2167 dixi
2500 2113 2552 2169 ei
2586 2131 2599 2170 :
2633 2117 2751 2172 Sub
2810 2134 2924 2189 quo
2983 2119 3175 2175 sidere
3230 2120 3551 2177 ambulas?
3578 2122 3717 2188 Quae

2065 2198 2148 2253 ait
2178 2216 2191 2254 :
2222 2201 2341 2254 Sub
2371 2202 2561 2257 sidere
2602 2203 2752 2259 lunas
2784 2205 2992 2276 plenae,
3023 2224 3159 2263 nam
3195 2208 3336 2263 luna
3366 2208 3717 2282 plerumque

2065 2286 2176 2342 iter
2206 2288 2361 2345 facit.
2396 2290 2465 2344 Et
2512 2291 2645 2362 quis
2676 2298 2765 2349 est
2815 2294 3059 2367 angelus
3091 2296 3193 2368 qui
3243 2301 3298 2353 te
3332 2297 3713 2369 impotentem

2066 2376 2250 2431 facit?
2280 2377 2544 2451 inquam.
2576 2382 2646 2436 Et
2695 2382 2844 2437 dixit
2874 2401 2887 2439 :
2925 2384 3032 2451 Qui
3063 2385 3123 2439 in
3179 2389 3233 2440 te
3286 2390 3515 2458 regnat.
3551 2386 3717 2451 Quod

2066 2481 2170 2537 ego
2204 2465 2263 2521 in
2296 2467 2556 2525 derisum
2607 2470 2925 2543 accipiens,
2976 2474 3225 2546 praecepi
3275 2478 3340 2530 ut
3388 2478 3720 2548 percuteret

2065 2571 2194 2610 eam
2247 2556 2457 2626 miles;
2491 2562 2550 2614 at
2600 2558 2699 2614 illa
2746 2560 3013 2616 clamans
3053 2562 3137 2618 ait
3169 2579 3182 2619 :
3217 2564 3344 2619 Tua
3374 2580 3501 2636 ego,
3536 2580 3568 2620 ο
3600 2580 3719 2630 rex,

2065 2647 2303 2714 propter
2349 2646 2545 2701 datam
2580 2646 2686 2701 tibi
2717 2648 3069 2721 sapientiam
3101 2649 3225 2715 Dei,
3258 2654 3314 2707 et
3352 2655 3590 2723 propter
3617 2668 3723 2707 an-

2066 2730 2262 2802 gelum
2316 2733 2462 2790 Joel.
2495 2739 2567 2792 Et
2596 2737 2840 2809 praecepi
2894 2742 2959 2793 ut
3013 2739 3145 2809 ipsa
3196 2744 3452 2796 nocteret
3508 2756 3720 2795 canna-

2064 2820 2186 2876 bim
2221 2823 2290 2877 nd
2325 2823 2595 2893 chordas,
2633 2826 2691 2880 in
2724 2843 2897 2899 opere
2927 2828 3334 2885 aaditicationis
3374 2829 3472 2884 Dei
3500 2846 3515 2897 ;
3548 2833 3607 2885 et
3636 2827 3722 2885 sic

2066 2910 2235 2982 signo
2293 2916 2514 2979 notata,
2548 2918 2605 2970 et
2658 2915 2909 2972 vinculis
2967 2918 3303 2982 constricta,
3334 2917 3588 2973 imbellis
3636 2918 3718 2973 ita

2066 2997 2220 3055 facta
2251 3006 2359 3070 est,
2393 3007 2459 3057 ut
2515 3010 2684 3059 nocte
2729 3011 2786 3059 et
2843 3006 2936 3059 die
2995 3011 3175 3061 staret
3230 3007 3299 3060 ad
3363 3006 3712 3062 nectandam

2065 3090 2399 3147 cannabim.
2435 3096 2503 3146 Et
2553 3092 2796 3164 praecepi
2832 3097 2897 3148 ut
2939 3093 3333 3150 adduceretur
3380 3094 3524 3149 mihi
3555 3093 3713 3150 aliud

2066 3179 2443 3248 daemonium,
2475 3184 2533 3235 et
2575 3180 2843 3252 protinus
2876 3182 2945 3236 ad
3000 3198 3091 3237 me
3137 3180 3446 3254 ingressus
3490 3186 3579 3238 est
3608 3182 3719 3239 daa-

2069 3284 2206 3324 mon
2239 3269 2577 3325 Asmodzeus
2624 3269 2880 3337 vinctus,
2914 3274 2972 3324 et
3019 3269 3373 3343 interrogavi
3415 3286 3550 3325 eum
3584 3288 3597 3326 :
3630 3271 3719 3326 Tu

2069 3358 2203 3429 quis
2232 3357 2363 3413 est?
2396 3358 2505 3425 Qui
2562 3375 2695 3414 cum
2756 3358 2844 3413 ira
2899 3362 2956 3415 et
3018 3359 3210 3415 furore
3266 3359 3559 3431 aspiciens
3604 3375 3719 3431 me,

2068 3446 2364 3502 dixitzEt
2417 3451 2477 3501 tu
2537 3448 2671 3518 quis
2728 3447 2842 3503 es?
2896 3448 2967 3502 Et
3024 3446 3143 3502 dixi
3198 3447 3249 3502 ei
3284 3465 3296 3503 :
3330 3447 3425 3503 Sic
3479 3451 3721 3504 vexatus

2066 3534 2208 3590 talia
2252 3537 2572 3605 respondes
2623 3534 2821 3591 mihi?
2853 3536 2960 3604 Qui
3007 3536 3092 3591 ira
3136 3535 3396 3608 percitus
3445 3536 3572 3593 ait:
3605 3536 3718 3592 Sed

2067 3623 2361 3694 quomodo
2396 3622 2497 3678 tibi
2544 3624 2977 3695 respondeam?
3006 3625 3088 3680 Tu
3134 3624 3293 3680 enim
3344 3623 3604 3680 hominis
3649 3624 3719 3679 fi-

2066 3708 2183 3764 lius
2213 3725 2313 3776 es;
2354 3725 2461 3782 ego
2514 3714 2709 3764 autem
2770 3710 2966 3784 angeli
3025 3713 3332 3784 progenies
3383 3729 3484 3784 per
3535 3712 3718 3768 ﬁliam

2066 3797 2326 3854 hominis
2358 3802 2532 3854 natus
2582 3816 2754 3867 sum;
2789 3800 2946 3855 unde
2994 3800 3225 3856 nullum
3274 3801 3517 3856 verbum
3565 3817 3721 3857 arro-

2067 3905 2211 3957 gans
2240 3887 2493 3944 caelestis
2540 3888 2769 3961 generis
2820 3890 2889 3943 ad
2942 3889 3267 3961 terrigenas
3295 3908 3308 3958 ;
3342 3905 3521 3961 quare
3551 3889 3719 3946 sidus

2068 3992 2265 4031 meum
2326 3976 2509 4048 fulget
2552 3977 2611 4031 in
2668 3976 2833 4044 caelo,
2867 3982 2924 4033 et
2980 3977 3125 4034 illud
3183 3978 3455 4035 homines
3512 3982 3723 4035 vocant

2070 4064 2361 4131 Currum;
2396 4065 2492 4119 alii
2544 4082 2680 4121 vero
2739 4067 3015 4123 Draconis
3063 4068 3249 4123 ﬁlium
3278 4085 3292 4135 ;
3326 4068 3724 4124 familiaritate

2069 4157 2203 4208 utor
2233 4170 2367 4209 cum
2401 4154 2593 4209 sidere
2636 4156 2804 4224 ejus;
2838 4160 2895 4210 et
2925 4156 3115 4211 multa
3145 4172 3216 4211 ne
3248 4173 3341 4212 me
3371 4156 3722 4227 interroges,

2071 4242 2209 4314 quia
2237 4258 2482 4313 regnum
2513 4247 2681 4297 tuum
2735 4247 2866 4315 post
2895 4248 3128 4316 tempus
3160 4245 3330 4299 breve
3370 4248 3722 4313 conteretur,

2071 4336 2129 4386 et
2154 4330 2496 4401 temporalis
2526 4335 2616 4386 est
2643 4330 2831 4402 gloria
2859 4335 3001 4403 tua;
3033 4338 3091 4387 et
3132 4331 3430 4387 modicum
3482 4348 3591 4387 nos
3634 4348 3725 4387 re-

2070 4436 2171 4493 ges
2221 4423 2279 4475 et
2327 4435 2561 4474 rursum
2615 4423 2967 4491 potestatem
3018 4419 3373 4476 habebimus
3419 4420 3479 4475 in
3512 4421 3726 4477 huma—

301 4508 547 4568 σέὗεσθαι
613 4514 763 4584 ἡμᾶς
831 4510 906 4572 ὡς
983 4508 1137 4569 θεοὺς
1202 4502 1382 4574 ὄντας,
1433 4506 1509 4577 μή
1576 4502 1957 4579 γινωσκόντων

2071 4524 2210 4563 num
2244 4522 2453 4579 genus,
2488 4509 2630 4563 adeo
2663 4511 2726 4562 ut
2758 4524 2863 4563 nos
2890 4514 3246 4564 venerentur
3274 4512 3340 4564 ut
3369 4509 3532 4577 deos,
3557 4509 3726 4582 igno-

300 4605 411 4657 τῶν
447 4602 746 4677 ἀνθρώπων
785 4601 853 4654 τὰ
887 4599 1130 4673 ὀνόματα
1158 4600 1265 4653 τῶν
1297 4596 1413 4651 καθ’
1444 4596 1591 4668 ἡμᾶς
1619 4594 1961 4671 τεταγμένων

305 4687 471 4768 ἆγγέλ
479 4711 572 4746 ων.

373 4815 519 4891 Ἐγὼ
551 4810 609 4868 δὲ
642 4810 937 4886 Σολομῶν,
995 4814 1167 4865 ταῦτα
1224 4808 1481 4878 ἀκούσας,
1540 4805 1959 4882 ἰπιμελέστερον

304 4902 590 4978 δεσμώσας
646 4901 805 4957 αὐτὸν
863 4899 1124 4956 ἰκὲλευσα
1190 4897 1540 4972 μαστίζεσθαι
1602 4895 1912 4972 βοιδνεῦροις
1946 4939 1961 4964 ,

300 4995 393 5052 καὶ
476 4990 868 5067 ἀπολογεῖσθαι
923 4988 1008 5051 τίς
1064 4986 1314 5045 καλεῖται
1365 4988 1453 5043 καὶ
1512 4985 1594 5047 τίς
1646 4987 1680 5055 ἠ
1744 4985 1964 5060 ἐργασία

300 5083 502 5139 αὐτοῦ.
557 5083 620 5139 Ὀ
666 5079 723 5135 δὲ
771 5077 872 5158 ἔφη
925 5099 1043 5151 μοι,
1099 5076 1237 5151 Ἐγὼ
1296 5072 1624 5150 Ἀσμοδαῖος
1684 5072 1960 5146 καλοῦμαι

300 5172 449 5247 παρὰ
510 5171 774 5246 βροτοῖς·
838 5167 927 5223 καὶ
996 5169 1030 5237 ἡ
1092 5165 1318 5241 ἐργασία
1394 5186 1500 5237 μου
1560 5162 1669 5217 ἐστὶ
1723 5162 1785 5216 τὸ
1835 5160 1963 5224 τοὺς

299 5251 1068 5336 νεονύμφουςοέπιϐουλεύειν
1128 5256 1204 5328 μή
1264 5260 1631 5329 συμμιγῆναι,
1678 5252 1765 5306 καὶ
1826 5271 1961 5304 παν-

298 5348 476 5411 τελῶς
527 5346 867 5423 ἀποχωρίζω
900 5344 990 5401 διὰ
1021 5343 1253 5401 πολλῶν
1296 5346 1612 5421 συμφορῶν,
1656 5341 1745 5396 καὶ
1776 5361 1960 5417 γυναι-

300 5443 412 5495 κῶν
462 5437 740 5510 παρθένων
790 5433 999 5496 κάλλος
1033 5431 1299 5511 ἀφανίζω,
1328 5432 1418 5487 καὶ
1459 5428 1685 5507 καρδίας
1717 5427 1958 5487 ἀλλοιῶ.

302 5529 479 5605 Ἔφην
543 5521 590 5579 δ’
650 5524 755 5600 ἐγὼ
803 5523 994 5596 αὐτῷ·
1073 5524 1227 5593 Μόνη
1304 5543 1399 5577 σου
1457 5522 1493 5590 ἡ
1552 5518 1769 5595 ἐργασία
1817 5512 1957 5573 ἔστιν

305 5614 440 5687 αῦτη
468 5636 483 5687 ;
531 5615 558 5669 ὁ
591 5610 649 5669 δὲ
674 5613 823 5689 λὲγει
860 5633 973 5688 μοι·
1035 5612 1321 5690 ΙΙεριφὲρω
1380 5610 1693 5688 ἀνθρώπους
1726 5606 1801 5670 εἷς
1828 5605 1959 5663 λύσ-

587 5747 855 5807 ΡΔτιιοι..
905 5745 1013 5807 Ga.
1062 5743 1301 5806 CXXII.

2071 4597 2337 4653 rentibus
2385 4596 2728 4652 hominibus
2780 4597 3020 4655 nomina
3070 4597 3524 4671 praepositorum
3573 4599 3727 4655 inter

2072 4702 2180 4741 nos
2210 4684 2579 4755 angelorum.

2142 4811 2260 4882 Ego
2284 4809 2562 4866 Salomon
2585 4810 2704 4866 haec
2727 4810 2995 4878 audiens,
3021 4811 3356 4867 accuratius
3381 4811 3537 4868 vinxi
3561 4827 3719 4879 eum,

2072 4903 2130 4955 ct
2152 4898 2308 4969 jussi
2342 4903 2406 4954 ut
2450 4896 2801 4971 plecteretur
2849 4900 3043 4955 nervis
3074 4901 3278 4969 boum,
3309 4905 3366 4957 et
3403 4900 3724 4958 declararet

2072 5004 2187 5057 quo
2212 4987 2448 5043 nomine
2472 4991 2793 5054 vocaretur,
2823 4992 2881 5044 et
2902 5004 3029 5061 quae
3052 4994 3207 5045 esset
3228 4988 3416 5062 ipsius
3439 4988 3719 5061 operatio.

2071 5074 2177 5139 Qui
2235 5075 2379 5131 dixit
2436 5076 2627 5131 mihi:
2673 5076 2786 5147 Ego
2843 5078 3186 5134 Asmodzeus
3250 5078 3519 5133 nominor
3569 5077 3725 5131 inter

2073 5163 2372 5228 mortales,
2406 5168 2462 5220 et
2493 5164 2659 5221 labor
2710 5182 2874 5221 meus
2905 5171 2996 5222 est
3045 5166 3267 5221 utnovi
3318 5165 3485 5236 nupti
3536 5164 3727 5220 nolint

2072 5253 2480 5322 commisceri;
2526 5259 2584 5310 et
2641 5258 2814 5327 plane
2873 5256 3137 5311 deterreo
3192 5270 3291 5309 eos
3350 5265 3452 5325 per
3505 5252 3725 5312 multos

2031 5409 2035 5412 ν
2070 5357 2263 5410 casus,
2299 5347 2357 5398 et
2404 5344 2723 5400 mulierum
2774 5341 3351 5400 adolescentularum
3384 5340 3722 5414 pulchritu-

2070 5430 2266 5486 dinem
2319 5432 2505 5497 deleo,
2556 5436 2613 5487 ct
2656 5433 2832 5487 corda
2878 5432 3151 5486 immuto.
3207 5429 3336 5485 Dixi
3386 5434 3582 5486 autem
3614 5433 3665 5488 ei
3703 5449 3716 5488 :

2072 5522 2198 5576 Haec
2231 5520 2353 5577 sola
2401 5526 2490 5578 est
2537 5539 2676 5577 cura
2714 5522 2859 5577 tua?
2907 5521 3012 5588 Qui
3047 5518 3395 5591 respondit:
3443 5520 3720 5578 Homines

2069 5608 2257 5666 excito
2310 5611 2381 5667 ad
2442 5611 2661 5667 rabiem
2717 5615 2774 5666 et
2833 5608 3378 5682 concupiscentiae;
3437 5608 3721 5665 habentes

3356 5746 3433 5803 42
