4018 6220
407 327 565 392 1323

1404 319 1800 381 ΑΡΡΕΝΒΙΧ
1849 319 1955 379 AD
1998 318 2467 383 MICHAELEM
2507 317 2895 381 PSELLUM.

3634 320 3758 383 1334

399 476 611 519 uxores
641 459 931 534 proprias,
962 473 1171 513 rursus
1201 457 1272 512 ad
1318 454 1540 511 alienas
1589 451 1750 509 abire
1794 457 1965 509 nocte
1995 456 2053 509 et

2166 472 2256 508 σαν
2309 454 2428 528 (sic)
2466 452 2559 508 καὶ
2614 452 2692 515 εἰς
2740 446 2913 527 ὄρεξιν
2942 468 2954 482 ·
3005 448 3252 525 ἔχοντας’
3279 447 3373 512 τὰς
3415 455 3640 525 γυναῖκας
3678 456 3764 510 αὖ.

405 552 521 621 die,
551 550 633 606 ita
663 553 728 605 ut
756 555 1058 620 peccatum
1107 544 1457 618 compleant,
1490 548 1547 599 et
1576 543 1635 598 in
1682 544 1869 599 caedes
1898 543 2062 598 aber-

403 647 553 696 rent.
589 637 866 708 Adjuravi
925 652 1059 691 eum
1107 651 1207 707 per
1259 650 1472 689 nomen
1523 632 1757 688 Domini
1805 632 2059 688 Sabaoth

402 731 605 785 dicens
636 744 649 782 :
684 727 870 782 Deum
917 725 1198 792 verearis,
1230 723 1552 787 Asmodaee,
1585 721 1681 775 die
1732 720 1874 776 mihi
1928 721 2062 792 quis

404 824 469 874 te
504 814 752 889 angelus
805 815 1187 885 impotentem
1239 810 1435 866 faciat.
1489 810 1594 875 Qui
1642 810 1769 865 ait:
1805 809 2060 880 Raphael

406 904 816 977 archangelus,
847 903 947 975 qui
979 905 1097 957 stat
1128 904 1263 955 ante
1308 898 1587 954 thronum
1639 898 1777 966 De‘i;
1811 898 1971 969 ejicit
2001 898 2059 952 in

409 1014 505 1053 me
524 998 695 1067 jecur
746 993 924 1066 piscis
968 996 1025 1047 et
1073 990 1147 1047 fel
1182 990 1241 1046 in
1287 991 1514 1045 fumum
1546 989 1852 1044 redactum
1884 1004 2064 1059 super

348 1128 355 1135 .
409 1086 690 1141 carbones
746 1081 985 1138 ericeos.
1035 1078 1392 1151 Interrogavi
1451 1095 1659 1133 rursus
1718 1092 1853 1132 eum
1915 1093 1929 1132 :
1980 1076 2063 1131 Ne

408 1173 560 1229 celes
593 1171 739 1227 mihi
769 1170 1009 1225 verbum
1044 1184 1058 1223 :
1118 1184 1222 1237 ego
1253 1166 1411 1222 enim
1443 1182 1576 1221 sum
1598 1164 1869 1220 Salomon
1905 1163 2063 1219 ﬁlius

408 1261 587 1318 David
648 1258 801 1332 regis
865 1254 1081 1312 Israel:
1142 1256 1339 1311 indica
1396 1255 1540 1309 mihi
1603 1269 1819 1308 nomen
1879 1251 2061 1325 piscis

406 1365 582 1423 quem
614 1352 678 1404 tu
724 1347 962 1404 vereris.
995 1346 1267 1412 Vocatur,
1318 1343 1423 1413 ait,
1475 1343 1719 1410 silurus,
1768 1341 2065 1397 invenitur

404 1440 465 1495 in
498 1434 1235 1507 ﬂuminibusAssyriorum
1262 1451 1276 1502 ;
1308 1448 1486 1504 quare
1518 1432 1625 1487 has
1656 1430 1925 1503 regiones
1954 1430 2063 1484 cir-

406 1543 631 1583 cumeo.
683 1524 789 1582 Cui
839 1524 1005 1579 dixi:
1060 1521 1216 1578 Nihil
1265 1522 1422 1577 aliud
1476 1521 1534 1575 in
1587 1524 1664 1589 te,
1713 1517 2064 1574 Asmodaae?

403 1616 473 1672 Et
504 1614 806 1688 respondit
840 1630 852 1668 :
886 1611 1058 1668 Novit
1084 1615 1345 1684 potestas
1370 1610 1467 1664 Dei
1506 1609 1606 1681 qui
1633 1625 1735 1679 per
1758 1608 1865 1663 hoc
1894 1606 2063 1679 sigil-

403 1704 530 1759 lum
608 1702 868 1773 alligavit
925 1717 1015 1757 me
1090 1698 1513 1755 insolubilibus
1570 1695 1844 1761 vinculis,
1903 1696 2058 1766 quod

2168 546 2300 610 τῶν,
2332 540 2497 597 πάλιν
2554 542 2627 603 εἷς
2673 539 2855 614 ἑτέρας
2914 539 3110 614 ἑτέρων
3171 538 3496 614 ἀπέρχεσθαι
3548 538 3592 596 ἐν
3641 544 3764 598 νυκτὶ

2168 630 2258 684 καὶ
2306 631 2526 705 ἡμέρᾳ·
2580 630 2719 685 ὥστε
2764 628 2856 684 καὶ
2902 629 3002 697 τὴν
3047 628 3318 703 ἁμαρτίαν
3377 625 3645 697 ἰπιτιλεῖν,
3692 632 3765 686 καὶ

2172 719 2248 783 είς
2280 718 2477 796 φόνους
2502 716 2964 792 ἐμπλανήσεσθαι·
3025 719 3218 790 δρκισα
3249 714 3308 771 δὲ
3367 717 3505 790 αὖτῷ
3542 720 3599 774 τὸ
3626 716 3771 792 ὄνομα

2172 807 2371 883 Κυρίου
2432 803 2660 863 Σαϐαὼθ
2710 806 2904 881 λέγων·
2953 801 3242 876 Φοϐήθητι
3272 806 3365 861 τὸν
3411 808 3554 877 Θεὸν,
3603 810 3771 880 Ἀσμο-

2172 894 2309 967 δαῖε,
2358 897 2448 952 καὶ
2482 897 2596 952 εἶπέ
2648 918 2745 970 μοι
2775 895 2921 968 ποίῳ
2970 892 3195 970 ἀγγέλῳ
3242 900 3480 971 καταργῇ
3510 895 3586 951 ού.
3627 898 3679 954 Ὁ
3727 895 3775 953 δὲ

2172 983 2297 1056 ἔφη,
2360 986 2456 1041 Διὰ
2506 984 2755 1063 Ῥαςραὴλ
2784 989 2883 1039 τοῦ
2918 984 3264 1060 ἀρχαγγέλου
3327 989 3424 1039 τοῦ
3478 991 3775 1061 παρεστῶτος

2172 1074 2405 1130 ἆνώπιον
2436 1079 2533 1130 τοῦ
2564 1074 2759 1147 θρόνου
2783 1077 2882 1129 τοῦ
2920 1077 3075 1130 Θεοῦ.
3136 1073 3332 1129 Διώκει
3391 1071 3448 1129 δέ
3505 1096 3566 1147 με
3614 1076 3776 1151 ἰχθύος

2171 1164 2321 1239 ἧπαρ
2368 1163 2458 1218 καὶ
2522 1160 2695 1239 χολὴ,
2754 1161 2843 1218 ἐπὶ
2897 1163 3163 1240 μυρικίνῳ
3202 1160 3421 1238 ἄνθρακι
3471 1162 3776 1234 ἐπικαπνιζόο

2178 1272 2347 1325 μενα·
2407 1250 2741 1327 ἐπηρώτησα
2803 1250 2970 1307 πάλιν
3023 1250 3129 1327 ἐγὼ
3187 1246 3394 1306 αὐτόν·
3455 1254 3543 1322 Μή
3594 1252 3776 1327 κρύψῃς

2171 1342 2264 1396 ἀπ’
2315 1339 2450 1415 ἐμοῦ
2482 1340 2652 1417 ῥῆμα·
2713 1340 2795 1396 ὅτι
2852 1340 2962 1416 ἐγώ
3011 1340 3126 1414 εἰμι
3170 1340 3441 1414 Σολομῶν
3491 1343 3599 1405 υἱὸς
3641 1341 3778 1397 Δαυίδ

2177 1429 2445 1505 βασιλέως
2494 1427 2738 1507 Ἰσραὴλ·
2805 1429 2922 1484 εἶπέ
2955 1451 3048 1502 μοι
3099 1429 3162 1485 τὸ
3216 1425 3394 1503 ὄνομα
3420 1434 3514 1486 τοῦ
3544 1430 3714 1506 ἷχθύος
3740 1430 3779 1504 ᾦ

2173 1518 2237 1573 σὺ
2296 1514 2449 1594 σέϐῃ·
2508 1520 2567 1576 ‘0
2625 1516 2683 1574 δὲ
2721 1517 2845 1597 ἔφη·
2880 1517 3139 1592 Ὀνόματι
3186 1518 3393 1594 γλάνος
3434 1519 3708 1592 εὑρίσκεται
3735 1519 3778 1574 ἐν

2170 1613 2286 1670 τοῖς
2343 1613 2623 1681 ποταμοῖς
2663 1606 2993 1683 Ἀσσυρίων·
3053 1605 3195 1663 διότι
3249 1607 3340 1663 καὶ
3400 1608 3477 1672 είς
3524 1608 3682 1663 ἐκεῖνα
3726 1608 3782 1663 τὰ

2176 1698 2315 1770 μέρη
2364 1694 2890 1772 καταπεριπολεύω.
2946 1697 3086 1772 Ἐγὼ
3130 1693 3189 1752 δὲ
3244 1695 3391 1774 λέγω
3446 1698 3579 1773 πρὸς
3629 1694 3779 1751 αὐτόν·

403 1810 541 1848 vera
571 1791 687 1847 sint
742 1807 872 1862 quae
901 1788 1020 1845 dixi
1069 1787 1198 1843 tibi.
1250 1788 1455 1851 Quaeso
1500 1790 1579 1852 te,
1613 1802 1710 1839 rex
1758 1783 2053 1850 Salomon,

706 1878 721 1891 ι
1007 1876 1022 1891 ιι
1291 1874 1349 1891 nn
1406 1872 1711 1891 m,,‘,,,',1_,,_
1772 1869 1875 1891 j!_2
1922 1870 2003 1891 1112
2040 1887 2051 1891 -

2173 1784 2341 1843 Ούδὶν
2389 1782 2571 1862 ἵτερον
2620 1785 2767 1861 παρὰ
2812 1785 2899 1840 σοὶ
2960 1783 3316 1859 Ἀσμοδαίῳ;
3375 1789 3403 1841 6
3435 1784 3491 1842 δὲ
3536 1782 3628 1864 ἔφη
3682 1805 3779 1858 μοι·

406 1894 479 1933 ne
511 1895 604 1934 me
652 1878 724 1933 ad
757 1892 939 1948 aquas
991 1876 1255 1930 damnes.
1291 1874 1357 1928 Et
1400 1872 1715 1927 subridens
1762 1869 1879 1926 dixi
1922 1870 2052 1926 illi:

403 1966 560 2023 Vivit
589 1966 744 2021 Deus
777 1969 1007 2036 patrum
1042 1977 1333 2031 meorum,
1365 1960 1581 2017 ferrum
1615 1960 1877 2032 portabis
1903 1965 1965 2016 tu
1999 1963 2058 2016 et

404 2054 597 2110 lutum
621 2054 802 2109 iacies
824 2054 882 2108 in
907 2047 1141 2107 omnem
1183 2050 1626 2106 aedificationem
1662 2048 1887 2121 templi,
1919 2065 2055 2104 con-

404 2144 644 2200 culcans
694 2142 943 2215 pedibus
990 2141 1144 2208 tuis;
1178 2144 1236 2196 et
1282 2139 1531 2211 praecepi
1563 2142 1628 2193 ut
1675 2139 1959 2193 darentur
2003 2138 2058 2194 ei

402 2234 603 2289 decem
662 2231 875 2304 hydriae
929 2230 1001 2285 ad
1061 2229 1410 2301 portandam
1469 2243 1723 2299 aquam;
1784 2231 1841 2282 et
1890 2225 2058 2283 valde

402 2321 799 2393 ingemiscens
833 2320 1061 2374 daemon
1109 2318 1278 2389 jussa
1310 2334 1438 2373 mea
1467 2316 1772 2388 implevit;
1805 2315 1915 2371 hoc
1948 2313 2056 2371 feci

404 2410 542 2483 quia
572 2409 769 2464 futura
818 2411 1056 2463 noverat
1084 2406 1399 2478 praesciens
1448 2404 1643 2460 malus
1686 2405 1914 2460 daemon
1947 2406 2057 2458 As-

404 2499 683 2565 modreus,
728 2500 786 2553 et
840 2495 1161 2568 glorificavi
1217 2494 1403 2549 Deum
1464 2510 1571 2565 ego
1624 2492 1920 2560 Salomon,
1953 2492 2055 2562 qui

400 2587 751 2659 sapientiam
800 2585 962 2641 dedit
1007 2600 1171 2640 servo
1221 2584 1584 2654 ejus;jecur
1632 2587 1830 2637 autem
1880 2586 1939 2635 et
1979 2579 2054 2636 fel

400 2677 579 2747 piscis
628 2691 763 2730 cum
821 2674 1115 2745 fragrante
1174 2676 1400 2745 styrace
1457 2670 1692 2727 solvens
1757 2669 2056 2725 combussi

401 2780 582 2837 super
629 2763 1025 2831 Asmodzeum,
1056 2761 1197 2831 quia
1254 2765 1460 2833 potens
1519 2764 1663 2827 erat,
1713 2763 1771 2814 et
1827 2758 2055 2814 inutilis

398 2855 576 2910 ﬁebat
605 2853 734 2923 ejus
777 2850 995 2907 indolis
1039 2850 1350 2907 acerbitas.
1385 2849 1454 2904 Et
1499 2847 1697 2904 vocavi
1734 2852 1798 2903 ut
1848 2865 2054 2904 rursus

398 2948 582 3001 staret
603 2948 746 2999 ante
794 2958 888 2997 me
938 2939 1242 2996 Beelzebul
1294 2939 1568 3012 princeps
1602 2938 2053 3005 daemoniorum,

398 3036 455 3090 et
476 3032 688 3090 sedens
710 3046 887 3102 super
926 3029 1207 3085 thronum
1238 3027 1526 3102 inclytum
1570 3027 1770 3095 nimis,
1805 3027 1922 3082 dixi
1956 3027 2006 3083 ei
2039 3045 2052 3083 :

397 3124 585 3188 Quare
602 3126 663 3176 tu
678 3118 842 3177 solus
859 3120 1114 3192 imperas
1130 3117 1435 3173 daemoniis
1461 3120 1483 3172 ?
1505 3116 1660 3172 Etait
1686 3132 1699 3171 :
1725 3116 1872 3182 Quia
1893 3115 2056 3173 solus

2164 1874 2479 1933 Ἐπίσταται
2529 1878 2564 1945 ἡ
2624 1873 2852 1949 δύναμις
2876 1879 2973 1929 τοῦ
3005 1879 3161 1946 Θεοῦ,
3191 1880 3290 1931 τοῦ
3345 1874 3435 1931 διὰ
3474 1883 3568 1945 τῆς
3608 1876 3781 1931 ἐκείνου

2165 1962 2458 2043 σφραγίδος
2511 1961 2791 2038 δεσμώσας
2835 1985 2902 2038 με
2945 1961 3172 2026 ἀλύτοις
3225 1961 3473 2037 δεσμοῖς·
3530 1964 3607 2019 ὅτι
3666 1966 3778 2041 ἅπερ

2167 2051 2315 2105 εἶπόν
2379 2071 2463 2105 σοι
2494 2048 2676 2120 ἀληθῆ
2710 2050 2835 2107 εἶσι.
2879 2050 3080 2124 Δέομαι
3114 2073 3233 2118 σου,
3264 2052 3493 2128 βασιλεῦ
3522 2051 3778 2126 Σολομῶν,

2171 2141 2247 2214 μή
2315 2161 2381 2213 με
2438 2140 2757 2213 κατακρίνῃς
2815 2139 2893 2203 είς
2950 2138 3138 2211 ὕδωρ.
3205 2141 3345 2215 Ἐγὼ
3422 2139 3480 2197 δὲ
3542 2139 3785 2215 μειδιάσας

2168 2229 2316 2283 εἶπον
2368 2229 2540 2300 αὐτῷ·
2599 2232 2675 2302 Ζῇ
2723 2228 2917 2305 Κύριος
2974 2230 3002 2285 6
3060 2230 3190 2291 Θεὸς
3242 2234 3352 2284 τῶν
3385 2229 3622 2303 πατέρων
3675 2251 3781 2303 μου,

2168 2314 2364 2391 σίδηρει
2420 2318 2635 2395 φορέσω
2693 2337 2772 2384 σε,
2823 2315 2970 2372 ἀλλά
3011 2317 3102 2372 καὶ
3153 2317 3245 2372 τὸν
3307 2316 3493 2388 πηλὸν
3548 2320 3785 2389 ποιήσεις,

2168 2405 2245 2468 είς
2295 2404 2431 2477 ὅλην
2479 2408 2579 2475 τήν
2628 2407 2963 2475 κατασκευήν
3008 2411 3107 2461 τοῦ
3158 2410 3310 2475 ναοῦ,
3368 2403 3661 2484 ἆνατρίόων
3686 2413 3787 2469 τοῖς

2165 2494 2294 2549 ποσί
2336 2513 2468 2550 σου·
2518 2495 2606 2550 καὶ
2653 2492 2907 2549 ἆκέλευσα
2954 2492 3177 2565 δοθῆναι
3235 2494 3391 2569 αὐτῷ
3449 2493 3573 2551 δέκα
3624 2491 3787 2572 ύϐρίας

2166 2584 2347 2660 φέρειν
2405 2581 2574 2660 ὕδωρ.
2612 2583 2715 2640 Καὶ
2765 2579 2953 2647 δεινῶς
2987 2582 3236 2654 στέναξας
3270 2585 3297 2638 6
3355 2582 3562 2657 δαίμων
3603 2585 3665 2640 τὰ
3711 2605 3790 2640 κε-

2168 2670 2458 2736 λευσθέντα
2510 2693 2601 2745 μοι
2652 2673 3057 2749 κατειργᾶζετο.
3111 2671 3286 2730 Τοῦτο
3332 2671 3394 2728 δὲ
3424 2672 3644 2744 ἐποίησα
3669 2672 3785 2728 διότι

2164 2761 2254 2817 καί
2281 2762 2348 2816 τὰ
2398 2759 2673 2835 μέλλοντα
2718 2758 2838 2836 ᾔδει
2869 2762 3288 2837 προμνωστικὸς
3321 2760 3425 2833 ὢν,
3483 2762 3544 2818 τὸ
3573 2761 3785 2839 χαλεπὸν

2167 2848 2468 2923 δαιμόνιον,
2503 2851 2531 2905 ὁ
2582 2847 2934 2922 Ἀσμοδαῖος.
2989 2850 3085 2904 Καὶ
3117 2848 3344 2921 ὶδόξασα
3393 2852 3485 2906 τὸν
3531 2853 3650 2908 Θεὸν
3694 2851 3784 2925 ἑγὼ

2168 2937 2461 3013 Σολομῶν,
2492 2940 2583 2994 τὸν
2616 2936 2776 2994 δόντα
2811 2960 2905 3012 μοι
2930 2941 3030 3009 τὴν
3080 2938 3270 3018 σοφίαν
3299 2944 3384 3012 τῷ
3415 2938 3595 3013 δούλῳ
3622 2940 3780 2996 αὖτοῦ·

2164 3029 2234 3083 Τὸ
2262 3025 2319 3083 δὶ
2354 3029 2503 3105 ἧπαρ
2551 3032 2648 3083 τοῦ
2694 3027 2887 3103 ίχθύος
2938 3028 3029 3083 καὶ
3076 3030 3179 3098 τὴν
3224 3026 3413 3105 χολήν
3464 3029 3622 3085 αὐτοῦ
3667 3030 3782 3102 μετὰ

2163 3115 2440 3189 καλαμίου
2494 3116 2756 3193 στύρακος
2803 3114 2950 3171 λύων
3007 3115 3255 3173 ἆπέκαιον
3308 3119 3405 3173 τὸν
3467 3115 3782 3193 Ἀσμοδαῖον,

396 3210 704 3268 existimor
728 3209 879 3266 inter
898 3206 1163 3264 cmlestes
1182 3207 1423 3279 angelos
1440 3205 1735 3277 delapsos.
1759 3206 1878 3277 Ego
1900 3205 2053 3261 enim

2174 3205 2264 3261 διὰ
2306 3205 2369 3260 τὸ
2418 3208 2553 3260 εἶναι
2603 3204 2761 3261 αὐτὸν
2810 3202 3053 3274 δυνατὸν,
3101 3206 3191 3261 καὶ
3216 3207 3567 3284 κατηργείτω
3611 3205 3664 3262 δὲ
3712 3209 3789 3261 αὖ·

396 3299 672 3355 sedebam
688 3298 745 3353 in
760 3298 950 3370 primo
966 3295 1108 3352 coelo
1123 3296 1353 3367 primus
1368 3293 1865 3367 angelusvocatus
1895 3293 2059 3349 Beel-

396 3387 588 3457 zebul,
620 3384 1137 3443 etnuncdominor
1171 3383 1531 3439 omnibusin
1560 3383 1798 3438 Tartaro
1820 3383 2057 3440 vinctis.

398 3477 593 3532 Habeo
623 3476 801 3532 etiam
831 3474 1019 3529 ﬁlium
1043 3473 1144 3545 qui
1168 3471 1540 3546 perambulat
1561 3471 1617 3526 in
1647 3470 1794 3526 mari
1819 3471 2015 3527 Rubro
2038 3513 2053 3539 ,

397 3570 454 3622 et
473 3570 628 3621 certo
651 3564 903 3636 quodam
926 3568 1188 3635 tempore
1212 3562 1519 3617 revertitur
1544 3560 1615 3616 ad
1642 3577 1734 3616 me
1757 3561 2057 3631 subditus,

394 3659 452 3711 et
480 3671 658 3726 opera
702 3670 811 3709 sua
845 3652 992 3707 mihi
1047 3651 1287 3724 detegit,
1321 3656 1378 3707 et
1407 3650 1690 3706 confirmo
1723 3648 1891 3704 illum
1922 3665 2051 3721 ego.

2166 3299 2265 3350 τοῦ
2309 3296 2343 3364 ἡ
2401 3293 2576 3372 φόρην
2617 3295 2675 3357 ’ὀς
2725 3296 2841 3369 (εἰσ)
2892 3297 2970 3367 (2)
3014 3293 3225 3371 πικρία.
3287 3296 3397 3352 Καὶ
3441 3294 3656 3351 ἐκάλεσα
3704 3295 3790 3349 πί-

2168 3381 2253 3438 λιν
2302 3384 2640 3460 παραστῆναί
2702 3404 2794 3457 μοι
2843 3377 3147 3460 ἔμπροσθεν
3189 3388 3287 3439 τοῦ
3338 3381 3666 3455 Βεελζεϐοὺλ
3714 3385 3793 3439 τὸν

2166 3468 2411 3547 ἄρχοντα
2458 3476 2566 3526 τῶν
2618 3468 2941 3544 δαιμονίων,
2989 3472 3079 3527 καὶ
3129 3470 3468 3543 ἐπικαθήσας
3511 3473 3594 3528 ἐπὶ
3642 3473 3793 3547 βήμαο

2162 3580 2256 3622 τος
2305 3557 2648 3632 ἐνδοξοτέρου
2696 3557 2827 3637 ἔφην
2889 3560 3059 3633 αὐτῷ·
3096 3559 3248 3615 Διατί
3306 3560 3374 3615 σὺ
3439 3563 3601 3634 μόνος
3630 3563 3789 3635 ἄρχων

2161 3652 2269 3702 τῶν
2301 3644 2638 3720 δαιμονίων;
2689 3648 2751 3705 Ὀ
2784 3644 2841 3702 δὲ
2876 3645 2975 3725 ἔφη
3013 3668 3129 3722 μοι·
3184 3648 3282 3703 Διὰ
3309 3650 3377 3705 τὸ
3428 3649 3591 3723 μόνον
3616 3670 3676 3722 με
3704 3647 3788 3702 ὑπὸ

399 3743 680 3820 ληφθῆναι
735 3745 844 3796 τῶν
887 3739 1147 3817 οὐρανίων
1200 3738 1455 3814 ἀγγέλων
1506 3742 1612 3792 τῶν
1664 3736 2061 3800 κατελθόντων.
2100 3737 2241 3813 Ἐγὼ
2289 3738 2392 3814 γὰρ
2436 3735 2586 3809 ἤμην
2620 3737 2671 3791 ἐν
2698 3741 2778 3809 τῷ
2808 3739 3012 3811 πρώτῳ
3042 3737 3256 3814 οὐρανῷ
3284 3744 3508 3812 πρῶτος
3536 3737 3788 3814 ἅγγελοςό

395 3830 935 3907 προσαγορευόμενος
965 3823 1320 3897 Βεελζεόούλ·
1355 3826 1445 3882 καὶ
1475 3831 1567 3880 νῦν
1597 3829 1781 3899 κρατῶ
1811 3825 2023 3879 πάντων
2055 3830 2162 3880 τῶν
2195 3824 2246 3880 ἐν
2275 3830 2353 3898 τῷ
2384 3827 2647 3902 Ταρτάρῳ
2678 3823 2993 3900 δεδεμένων·
3027 3822 3144 3903 ἔχω
3171 3824 3228 3883 δὶ
3257 3828 3350 3882 καὶ
3371 3830 3530 3903 γόνον
3555 3848 3640 3883 και
3660 3845 3788 3898 περι-

397 3917 622 3974 πολεύει
656 3916 707 3972 ἐν
733 3921 803 3991 τῇ
834 3919 1071 3993 Ἐρυθρᾳ
1099 3916 1363 3990 θαλάσσῃ·
1397 3914 1487 3970 καὶ
1519 3916 1593 3976 ὠς
1624 3912 1762 3968 ἴδιον
1795 3915 1917 3969 τινὰ
1940 3916 2126 3991 καιρὸν
2161 3913 2516 3990 ίπανέρχεται
2548 3934 2687 3992 προς
2729 3936 2796 3989 με
2844 3916 3310 3991 ὑποταττόμανος·
3372 3918 3464 3973 καὶ
3520 3917 3586 3972 τὰ
3625 3916 3789 3971 ἑαυτοῦ

395 4001 530 4083 ἔργα
557 4005 694 4081 πρός
728 4026 793 4079 με
822 4004 1207 4060 ἀνακᾶλυπτει·
1236 4003 1326 4059 καὶ
1354 4003 1594 4079 στηρίζω
1626 4002 1785 4058 αὐτὸν
1819 4000 1945 4079 ἐγώ.

460 4115 579 4187 Ego
626 4112 901 4169 Salomon
947 4111 1067 4168 dixi
1099 4112 1149 4167 ei
1183 4110 1548 4180 :Beelzebul,
1606 4127 1735 4183 qua:
1783 4114 1873 4167 est
1902 4126 2045 4183 ope-

2228 4109 2374 4184 Ἐγὼ
2406 4114 2680 4183 Σολομῶν
2707 4111 2840 4189 ἔφην
2869 4111 3006 4186 πρὸς
3035 4109 3195 4166 αὐτὸν
3229 4110 3408 4189 λέγων
3454 4104 3788 4180 Βεελζεὸοἶι),

392 4203 542 4260 ratio
571 4201 721 4258 tua?
753 4204 821 4256 Et
867 4200 949 4256 ait
984 4218 998 4256 :
1033 4201 1219 4273 Reges
1270 4201 1629 4272 pessumdo;
1685 4200 1902 4256 dimico
1934 4216 2049 4259 una

2166 4196 2236 4260 τίς
2284 4195 2424 4254 ἐστὶν
2474 4201 2509 4269 ἠ
2555 4199 2749 4274 πράξις
2799 4218 2934 4269 σου;
2978 4200 3039 4257 Ὁ
3090 4196 3149 4255 δὲ
3181 4198 3361 4276 λέγει,
3394 4201 3542 4276 Ἐγὼ
3577 4195 3788 4275 βασιλεῖς

392 4309 527 4349 cum
582 4290 878 4349 extraneis
935 4290 1241 4363 tyrannis;
1275 4294 1333 4344 et
1363 4289 1656 4345 daemones
1717 4306 1879 4345 meos
1936 4289 2046 4343 im-

2166 4286 2374 4343 ἀπολῶ·
2437 4293 2719 4363 συμμαχῶ
2773 4288 2908 4361 μετᾶ
2955 4286 3293 4363 ἀλλοφύλων
3356 4289 3672 4365 τυράννων,
3714 4282 3787 4340 καὶ

394 4382 566 4438 mitto
599 4382 659 4436 in
706 4380 998 4450 homines,
1050 4384 1114 4434 ut
1143 4378 1205 4432 in
1257 4394 1355 4435 eos
1396 4379 1637 4434 credant
1667 4383 1724 4434 et
1771 4382 2046 4451 pereant;

2166 4374 2283 4437 τοὺς
2334 4375 2499 4450 ἐμοὺς
2555 4374 2818 4450 δαίμονας
2870 4371 3159 4432 ἐπιϐάλλω
3228 4377 3370 4454 πρὸς
3431 4377 3558 4439 τοὺς
3609 4371 3787 4445 ἀνθέώ·

390 4476 450 4526 et
503 4470 719 4526 electos
801 4484 1000 4525 servos
1084 4466 1208 4532 Dei,
1289 4466 1410 4522 sive
1493 4468 1847 4535 sacerdotes,
1924 4466 2046 4521 sive

2166 4485 2333 4534 πους,
2379 4464 2465 4520 ἳνα
2532 4464 2609 4527 εἷς
2676 4464 2871 4529 αὐτοὺς
2923 4465 3248 4521 πιστεύωσιν
3307 4468 3402 4522 καὶ
3465 4465 3786 4521 ἀπόλωνται·

391 4557 616 4629 ﬁdeles,
674 4558 832 4613 viros
890 4557 950 4612 in
1009 4555 1300 4613 desideria
1358 4555 1667 4628 culparum
1752 4553 2043 4611 malarum

2166 4552 2241 4607 ιαὶ
2287 4553 2417 4616 τοὺς
2472 4552 2757 4616 ἐκλεκτοὺς
2818 4551 3050 4617 δούλους
3079 4559 3177 4610 τοῦ
3228 4559 3390 4625 Θεοῦ,
3424 4555 3461 4624 ἢ
3505 4556 3661 4630 ἱερεῖς
3709 4548 3781 4604 καί

390 4652 449 4704 et
505 4647 799 4703 haereseon
850 4662 1186 4717 pravarum,
1239 4650 1297 4701 et
1354 4660 1599 4716 Operum
1656 4644 2046 4700 nefandorum

2166 4641 2379 4705 πιστοὺς
2436 4642 2806 4719 ἀνθρώπους,
2862 4643 2937 4706 ei:
3004 4643 3291 4716 ἐπιθυμίας
3370 4645 3647 4719 ἁμαρτιῶν
3698 4660 3783 4694 πο·

392 4738 599 4802 excito,
631 4740 688 4792 et
719 4734 863 4790 mihi
906 4750 1128 4790 morem
1177 4739 1415 4806 gerunt,
1448 4737 1506 4789 et
1544 4733 1605 4788 in
1655 4732 2046 4805 perditionem

2166 4735 2333 4807 θηρῶν
2392 4733 2482 4787 καὶ
2536 4731 2790 4804 αἱρέσεων
2844 4737 3047 4802 κακῶν,
3101 4734 3188 4788 καὶ
3245 4731 3419 4809 ἔργων
3481 4731 3781 4808 παρανόμων

396 4843 498 4883 eos
553 4824 795 4897 impello
851 4840 868 4894 ;
937 4827 994 4877 et
1048 4822 1323 4889 invidias,
1378 4827 1435 4878 et
1491 4822 1699 4893 cades,
1761 4826 1818 4877 et
1873 4819 2046 4891 bella,

2166 4818 2445 4896 διεγείρω,
2496 4820 2586 4875 καὶ
2644 4821 2975 4876 ὑπακούουσί
3038 4843 3144 4895 μου
3182 4867 3197 4892 ,
3252 4822 3345 4877 καὶ
3398 4820 3480 4886 εἷς
3536 4819 3780 4876 ἀπώλειαν

391 4918 451 4970 et
507 4910 907 4969 masculorum
966 4911 1332 4981 concubitus,
1366 4914 1427 4966 et
1484 4915 1692 4967 caetera
1737 4908 1891 4966 mala
1944 4909 2047 4965 ho-

2166 4908 2304 4988 φέρω
2363 4908 2582 4978 αὐτοὺς,
2639 4909 2730 4965 καὶ
2789 4912 3042 4988 φθόνους,
3099 4912 3188 4966 καὶ
3248 4910 3474 4987 φόνους,
3532 4903 3785 4964 καὶπολὲ-

391 5001 656 5058 minibus
686 5001 894 5066 infero,
926 5005 985 5056 ct
1031 4998 1194 5055 deleo
1226 5000 1537 5055 mundum.
1577 4999 1699 5054 Dixi
1736 4998 1914 5073 igitur
1945 4998 1996 5054 ei
2028 5013 2041 5051 :

393 5093 597 5148 Adduc
629 5089 773 5147 mihi
806 5090 993 5145 filium
1035 5093 1207 5144 tuum
1239 5105 1413 5159 quem
1461 5088 1609 5144 dicis
1641 5104 1770 5145 esse
1802 5087 1860 5144 in
1900 5089 2048 5145 mari

394 5180 608 5235 Rubro.
645 5180 711 5260 Et
734 5178 818 5233 ait
851 5194 863 5232 :
899 5177 1024 5233 Non
1056 5193 1161 5248 ego
1211 5176 1380 5231 illum
1430 5176 1657 5230 adduco
1709 5177 1778 5231 ad
1825 5180 1920 5243 te;
1952 5193 2046 5232 ve-

392 5270 515 5324 niet
545 5273 738 5324 autem
783 5268 852 5322 ad
889 5282 980 5322 mc
1008 5264 1163 5321 alius
1216 5265 1443 5320 daemon
1476 5266 1715 5320 nomine
1746 5265 2044 5337 Ephippas

394 5375 568 5430 quem
616 5356 889 5421 vinciam,
921 5360 978 5412 et
1037 5355 1162 5427 ipse
1210 5370 1280 5410 ex
1336 5354 1548 5425 abysso
1604 5354 1841 5409 reducet
1900 5354 2046 5409 mihi

396 5447 607 5502 ﬁlium.
667 5445 772 5502 Cui
825 5443 954 5500 dico
1013 5459 1163 5516 ego:
1216 5443 1518 5510 Quomodo
1577 5446 1668 5498 est
1724 5442 1783 5499 in
1834 5444 2045 5515 abysso

466 5626 546 5699 (2)
576 5626 648 5682 At
677 5624 735 5682 in
767 5638 954 5696 marg.
987 5622 1213 5682 leterali
1246 5637 1260 5681 :
1292 5620 1327 5692 ή
1359 5617 1656 5698 ἀφόρητος.

2161 5019 2335 5071 μους,
2391 4999 2481 5054 καὶ
2534 4994 2958 5077 ἆρῥενοϐατίας,
3014 5000 3105 5054 καὶ
3158 4996 3315 5075 ἕτερα
3362 5000 3506 5055 κακᾶ
3551 5002 3662 5059 τοῖς
3708 4992 3783 5050 ἂν·

2158 5089 2400 5163 θρώποις
2460 5087 2682 5165 ἐνεργῶ·
2740 5088 2830 5144 καὶ
2861 5089 3057 5144 ἀπολῶ
3098 5089 3190 5144 τὸν
3242 5090 3477 5163 κόσμον.
3519 5089 3676 5145 Εἶπον
3703 5079 3781 5137 οὖν

2156 5175 2304 5249 αύτῷ
2339 5195 2352 5209 ·
2422 5178 2733 5254 Προσάγαγέ
2785 5198 2876 5250 μοι
2935 5178 3028 5233 τὸν
3089 5178 3179 5232 σὸν
3232 5177 3390 5253 γόνον
3420 5221 3435 5249 ,
3498 5172 3653 5248 ὅνπερ
3703 5168 3781 5226 At.

2155 5286 2269 5341 γεις
2328 5264 2410 5320 δτι
2464 5266 2606 5321 ἐστὶν
2645 5264 2696 5321 ἐν
2757 5270 2825 5341 τῇ
2880 5266 3124 5341 θαλάσσῃ
3188 5271 3255 5340 τῇ
3330 5267 3584 5342 Ἐρυθρᾷ.
3637 5267 3686 5315 '0
3733 5255 3779 5312 δὶ

2157 5350 2342 5430 λέγει·
2424 5355 2569 5430 Ἐγὼ
2634 5355 2796 5410 αὐτὸν
2859 5356 2921 5411 οὐ
2971 5357 3119 5434 φέρω
3177 5356 3313 5429 πρὸς
3371 5353 3474 5410 σέ·
3534 5350 3775 5409 ἐλεύσεται

2156 5439 2213 5497 Si
2287 5443 2424 5517 πρός
2504 5465 2569 5518 με
2640 5441 2824 5518 ἕτερος
2901 5441 3113 5520 δαίμων
3192 5443 3423 5518 ὀνόματι
3510 5442 3772 5519 Ἐφιππῖιῖν
