4084 6218
238 320 402 384 1325

1391 319 1997 384 TESTAMENTUM
2042 318 2518 381 SALOMONIS.

3502 322 3660 384 i326

234 452 398 510 αὐτὸν
460 449 780 526 δεσμεύσω,
837 452 926 508 καὶ
979 453 1144 517 αὐτὸς
1200 452 1260 509 ἐκ
1314 457 1410 509 τοῦ
1473 454 1640 529 βυθοῦ
1696 451 1893 527 ἀναγά-

2025 452 2190 509 naris
2218 452 2380 507 ﬁlius
2404 456 2564 522 tuus,
2597 456 2655 509 et
2697 453 2851 526 quod
2903 468 3115 509 nomen
3162 455 3339 526 ejus?
3385 456 3493 521 Qui
3527 457 3609 513 ait
3645 474 3660 514 :

236 564 322 616 γει
379 541 517 615 πρός
580 563 665 614 με.
729 541 869 618 Ἐγὼ
941 540 998 597 δὲ
1070 541 1212 617 λέγω
1293 544 1429 618 πρὸς
1504 537 1662 596 αὐτόν
1700 561 1711 573 ·
1774 545 1898 602 life:

241 629 383 686 ἔστιν
432 632 460 686 ὁ
500 631 618 693 υἱός
649 652 746 685 σου
778 630 830 684 ἐν
860 635 937 702 τῷ
990 632 1139 707 βυθῷ
1168 638 1269 701 τῆς
1300 630 1598 701 θαλάσσης,
1630 629 1719 684 καὶ
1757 629 1808 682 τί
1836 629 1899 682 τὸ

245 716 422 792 ὄνομα
466 719 667 789 αὐτοῦς
708 721 769 777 Ὀ
800 717 856 775 δὲ
886 715 985 797 ἔφη
1025 740 1038 753 ·
1073 722 1161 790 Μή
1226 742 1293 793 με
1350 719 1643 796 ἔπερωτᾷς,
1677 719 1739 773 οὐ
1796 717 1898 793 γὰρ

242 808 449 886 δυνήσῃ
499 811 626 885 παρ’
657 808 779 882 ἐμοὶ
836 814 1046 883 μαθεῖν,
1074 809 1232 872 αὐτὸς
1277 811 1381 885 γὰρ
1431 808 1703 865 ἐλεύσεται
1762 807 1899 879 πρὸς

240 900 297 955 σὲ
366 897 434 954 δι’
493 898 628 973 ἐμοῦ
684 897 1073 971 κελεύσματος,
1132 898 1221 954 καὶ
1271 898 1420 955 εἷ’ποι
1481 920 1566 953 σοι
1632 902 1898 972 φανερῶς.

237 990 379 1065 Ἐγὼ
425 990 560 1063 πρὸς
614 988 771 1044 αὐτὸν
824 987 967 1065 λέγω
998 1008 1013 1022 ·
1047 988 1182 1065 Αὲγε
1234 1011 1327 1062 μοι
1374 988 1477 1044 ὑπὸ
1528 987 1688 1042 ποίου
1742 985 1899 1062 ἀγγέ-

240 1077 343 1135 λου
392 1082 637 1155 καταργῇ
682 1100 767 1135 συ.
800 1079 856 1132 Ὀ
906 1076 963 1133 δὲ
1006 1072 1104 1156 ἔφη
1145 1098 1157 1111 ’
1190 1079 1317 1133 Ὑπὸ
1360 1077 1518 1152 ἁγίου
1564 1077 1650 1131 καὶ
1710 1073 1899 1147 τιμίου

242 1168 510 1241 ὀνόματος
567 1173 665 1223 τοῦ
724 1169 1166 1242 παντοκράτορος
1222 1171 1356 1223 Θεοῦ
1421 1172 1501 1240 τῷ
1573 1163 1899 1236 καλουμένῳ

240 1260 363 1331 (sic)
420 1258 548 1333 παρ’
601 1252 872 1333 Ἑϐραίοις
933 1278 1039 1311 που
1099 1259 1150 1329 (υ
1180 1258 1230 1326 ‘1)
1275 1260 1465 1327 σηκῷ,
1507 1254 1569 1309 οὗ
1626 1256 1661 1323 ἡ
1721 1255 1900 1329 ψῆφος

242 1344 384 1422 χμδ,
417 1347 563 1420 παρᾶ
618 1344 666 1400 δ’
695 1343 933 1416 ’Ἑλλησι
965 1344 1351 1419 Ἐμμανουήλ,
1382 1344 1471 1399 καὶ
1512 1342 1600 1398 ὲαν
1657 1363 1739 1404 τις
1788 1345 1895 1396 τῶν

241 1434 530 1507 Ῥωμαίων
586 1433 778 1508 ὁρκίσῃ
814 1454 882 1506 με
926 1435 989 1489 τὸ
1038 1433 1175 1509 μέγα
1224 1429 1399 1507 ὄνομα
1456 1439 1555 1502 τῆς
1617 1429 1898 1503 δυιάμεως

239 1524 462 1595 Ἐλεήθ,
496 1524 701 1600 ἀφανής
737 1522 986 1598 γίνομαι.
1021 1524 1160 1597 Ἐγὼ
1219 1522 1490 1595 Σολομῶν
1534 1525 1702 1576 ταῦτα
1743 1518 1901 1574 ἀκοῦ-

242 1636 336 1677 σας
395 1613 736 1689 ἐξεπλάγην,
793 1612 884 1667 καί
938 1610 1197 1668 ἐκέλευσα
1272 1611 1430 1666 αὐτὸν
1488 1610 1695 1687 πρίζειν
1761 1608 1898 1682 μάρ-

246 1724 392 1780 μαρα
422 1696 652 1773 Θηϐάϊα.
687 1702 771 1756 Ἐν
828 1698 885 1756 δὲ
931 1706 1012 1773 τῷ
1060 1697 1317 1777 ἄρξασθαι
1363 1699 1522 1755 αὐτὸν
1573 1700 1781 1772 πρίζειν
1830 1698 1899 1752 τὰ

2007 541 2088 596 Ne
2143 559 2233 597 me
2283 542 2628 613 interroges,
2680 559 2785 600 nec
2836 542 2994 598 enim
3045 544 3262 615 poteris
3312 562 3346 600 a
3394 562 3489 601 me
3540 548 3660 603 dis-

2008 647 2171 698 cere;
2208 630 2332 703 ipse
2374 638 2569 686 autem
2625 634 2693 687 ad
2728 638 2784 688 te
2829 633 3019 688 veniet
3068 650 3171 704 per
3219 651 3408 690 meam
3432 636 3662 706 jussio-

2008 736 2166 782 nem,
2197 725 2254 775 et
2283 725 2479 791 aperte
2528 719 2805 792 loquetur
2833 720 2959 778 tibi.
2996 722 3060 777 Et
3084 723 3202 777 dixi
3237 724 3308 778 ad
3343 738 3476 778 eum
3513 741 3527 779 :
3564 726 3656 781 In-

2008 809 2135 864 dica
2164 809 2305 864 mihi
2337 827 2438 880 per
2482 826 2655 881 quem
2690 811 2963 883 angelum
3021 812 3315 882 impotens
3361 811 3658 870 efﬁciaris.

2010 901 2114 967 Qui
2142 903 2222 956 ait
2254 918 2267 956 :
2302 902 2408 956 Per
2448 906 2716 957 sanctum
2752 909 2809 959 et
2855 904 3254 959 venerandum
3290 921 3501 961 nomen
3532 923 3666 963 om-

2010 992 2327 1062 nipotentis
2378 991 2497 1059 Dei,
2546 992 2731 1046 vocati
2781 994 2935 1063 apud
2987 991 3258 1047 Hebraeos
3289 992 3347 1048 in
3398 994 3664 1066 Scriptu-

2008 1096 2165 1147 ra,...
2215 1080 2386 1148 cujus
2434 1097 2718 1136 numerus
2748 1083 2893 1152 6.1-5;
2944 1081 3099 1153 apud
3147 1082 3375 1138 Grazcos
3427 1084 3662 1140 Emma-

2009 1167 2141 1223 nuel
2173 1185 2185 1224 :
2220 1173 2275 1222 et
2306 1168 2354 1223 si
2406 1170 2539 1240 quis
2589 1169 2983 1225 Romanorum
3038 1170 3391 1241 adjuraverit
3422 1187 3516 1227 me
3561 1190 3665 1244 per

2008 1274 2290 1331 magnum
2325 1275 2534 1315 nomen
2566 1260 2876 1331 potestatis
2906 1260 3127 1328 Eleetb,
3160 1277 3462 1318 evanesco.
3496 1264 3662 1328 Quod

2008 1347 2255 1404 audiens
2287 1363 2393 1420 ego
2420 1347 2718 1417 Salomon,
2768 1348 3085 1420 obstupui;
3138 1353 3193 1404 et
3216 1349 3372 1420 jussi
3406 1354 3471 1405 ut
3499 1365 3662 1407 exse-

2008 1441 2166 1492 caret
2231 1452 2527 1493 marmora
2582 1437 2850 1493 Tbebaza.
2920 1438 3063 1493 Cum
3123 1442 3318 1493 autem
3381 1439 3666 1512 inciperet

2007 1542 2305 1581 marmora
2347 1543 2566 1593 secare,
2599 1530 2805 1582 Cretera
2853 1526 3140 1582 daemonia
3187 1527 3663 1585 exclamaverunt

2007 1632 2145 1671 voce
2178 1631 2411 1685 magna,
2444 1621 2743 1685 gementes
2793 1621 3031 1687 propter
3062 1631 3258 1687 regem
3291 1633 3464 1672 suum
3498 1617 3662 1674 Beel-

2007 1702 2196 1760 zebul.
2245 1704 2362 1775 Ego
2413 1703 2685 1760 Salomon
2734 1704 3084 1777 interrogavi
3134 1722 3270 1761 eum
3324 1705 3525 1763 dicens
3559 1724 3573 1762 :
3605 1705 3663 1762 Si

242 1794 528 1868 μάρμαρα,
585 1791 638 1845 οἱ
715 1787 891 1864 ἕτεροι
968 1787 1224 1863 δαίμονες
1306 1788 1703 1864 ἀνεκραῦγασαν
1778 1808 1896 1864 (ρω-

282 1884 294 1893 .
526 1879 563 1893 ,ς
755 1878 799 1893 α
854 1878 873 1893 η
910 1880 959 1893 ,..
1176 1875 1199 1893 α
1238 1878 1251 1893 ι
1380 1878 1393 1893 κ
1524 1877 1552 1893 η
1653 1874 1707 1893 κ,
1848 1875 1861 1893 ,

2025 1793 2096 1848 ris
2153 1792 2411 1863 requiem
2470 1809 2695 1863 capere,
2761 1811 2935 1848 narra
2983 1793 3128 1848 mibi
3180 1794 3251 1849 de
3299 1796 3661 1852 coelestibus.

238 1884 336 1950 νήν
404 1879 686 1955 μεγάλην,
745 1878 1110 1947 ἀλαλάζοντες
1172 1875 1261 1932 διὰ
1340 1878 1431 1933 τὸν

238 1976 347 2026 τῶν
438 1963 815 2038 Βεελζεϐοὗλ·
888 1967 993 2043 ἐγὼ
1070 1964 1127 2022 δὲ
1206 1964 1476 2039 Σολομῶν

248 2059 410 2115 αὐτὸν
473 2058 649 2134 λὲγων
687 2079 699 2091 ·
760 2057 826 2115 Εἴ
885 2054 1059 2121 θέλεις
1120 2050 1308 2111 λαϐεῖν
1376 2052 1579 2122 ἄνεσιν,
1640 2050 1902 2127 διἰςγησαί

250 2170 345 2223 μοι
396 2149 519 2222 περὶ
574 2152 681 2202 τῶν
751 2145 1086 2219 ἐπουρανίων
1118 2186 1132 2201 .
1183 2145 1346 2221 Λέγεε
1411 2142 1469 2199 δὲ
1540 2137 1899 2211 Βεελζεϐούλ·

249 2242 548 2309 ”Ακουσον,
599 2236 844 2315 βασιλεῦ,
896 2236 982 2291 ἐὰν
1043 2234 1314 2310 θυμιάσῃς
1361 2235 1591 2303 στακτὴν
1642 2235 1761 2305 (sic)
1811 2230 1901 2287 καὶ

251 2325 512 2397 λίϐανον,
562 2326 653 2382 καί
729 2321 968 2402 βολϐοὺς
1027 2324 1392 2395 θαλασσίους,
1450 2319 1645 2399 νάρδον
1701 2342 1760 2377 τε
1811 2320 1902 2376 καὶ

250 2417 594 2491 κρόκον,καὶ
653 2415 892 2491 λύχνους
949 2416 1091 2490 ἅψῃς
1149 2414 1283 2469 ἔπτὰ
1339 2412 1389 2467 ὲν
1446 2416 1678 2485 σεισμῷ,
1730 2409 1904 2465 οἰκίαν

248 2508 475 2582 ἐρείσεις
510 2527 523 2540 ·
555 2506 642 2562 ἐὰν
704 2503 762 2561 δὲ
807 2505 1040 2578 καθαρὸς
1091 2500 1188 2572 ὣν,
1223 2505 1362 2577 ἂῴῃς
1396 2498 1596 2578 ὄρθρου
1646 2499 1698 2555 ἐν
1756 2498 1904 2573 ἡλίῳ

249 2597 526 2671 ἡμμένοι),
561 2597 875 2670 (ἡμετὲρου,
925 2592 1179 2670 ἡμετέρῳ
1197 2595 1245 2666 ⁸2)
1288 2594 1378 2647 καὶ
1438 2589 1557 2666 ὄψει
1608 2591 1731 2647 τότε
1776 2587 1903 2666 δρά-

247 2707 446 2749 κοντας
494 2686 620 2747 τοὺς
668 2683 953 2761 οὐρανίους
1002 2687 1119 2745 πῶς
1168 2681 1441 2737 εἷλοῦνται
1490 2682 1612 2752 (sic)
1660 2679 1748 2735 καὶ
1809 2678 1905 2734 σῦ-

252 2796 408 2852 ρουσι
464 2775 526 2829 τὸ
575 2774 723 2847 ἅρμα
760 2776 858 2827 τοῦ
910 2770 1096 2841 ἡλίου.
1132 2771 1273 2846 Ἐγὼ
1304 2767 1362 2825 δὲ
1410 2767 1682 2841 Σολομῶν
1740 2771 1908 2824 ταῦτα

249 2864 488 2928 ἀκούσας
547 2862 853 2935 ἐπετίμησα
910 2861 1097 2928 αὐτὸν,
1143 2859 1233 2915 καὶ
1289 2860 1440 2914 εἶπον
1485 2880 1497 2893 ·
1563 2859 1754 2912 Σιώπα
1813 2879 1909 2931 μοι

251 2952 361 3019 ἓως
419 2954 633 3021 τοῦτον,
681 2951 770 3007 καὶ
824 2950 980 3026 πρίζε
1034 2950 1101 3006 τὶ
1157 2950 1419 3026 μάρμαρα
1481 2947 1554 3009 ὡς
1608 2947 1912 3021 προσέταξαὶ

256 3066 366 3101 σοι.
426 3042 525 3097 Καὶ
583 3039 893 3116 εὐλογήσας
952 3040 1042 3095 τὸν
1102 3040 1231 3094 Θεὸν
1291 3038 1395 3113 ἐγὼ
1446 3035 1738 3109 Σολομῶν,
1795 3034 1910 3090 ἐκέ-

256 3134 426 3192 λευσα
484 3130 732 3208 παρεῖναί
792 3151 889 3203 μοι
940 3127 1122 3203 ἕτερον
1157 3126 1388 3202 δαίμονα
1422 3148 1435 3161 ·
1468 3125 1558 3182 καὶ
1616 3125 1755 3194 ἦλθε
1804 3124 1911 3200 πρὸ

1524 1874 1751 1953 βασιλέα
1802 1875 1898 1929 αὐ-

1572 1963 1902 2040 ἐπηρώτησα

2014 1882 2162 1938 Dixit
2194 1880 2495 1938 Beelzebul
2528 1896 2541 1937 :
2575 1881 2749 1948 Audi,
2801 1899 2920 1944 rex.
2955 1883 3005 1938 si
3055 1882 3374 1940 adoleveris
3414 1888 3664 1953 stacten,

2011 1976 2070 2026 et
2099 1970 2264 2039 thus,
2296 1975 2353 2025 et
2383 1969 2595 2027 bulbos
2627 1970 2909 2042 marinos,
2936 1972 3185 2027 nardum
3214 1977 3269 2028 et
3321 1988 3581 2039 crocum,
3612 1979 3671 2028 et

2011 2058 2313 2131 lampades
2358 2061 2696 2115 accenderis
2739 2066 2988 2133 septem,
3039 2060 3097 2115 in
3147 2066 3313 2117 terra:
3364 2065 3526 2116 motu
3557 2060 3666 2116 do-

2012 2164 2176 2203 mum
2218 2147 2460 2216 fulsies;
2512 2154 2570 2213 et
2617 2151 2668 2205 si
2712 2166 2895 2220 purus
2944 2150 3254 2220 exsistens,
3302 2149 3662 2215 accenderis,

2011 2236 2133 2293 sole
2161 2254 2432 2292 auroram
2484 2237 2910 2305 inflammante,
2943 2239 3171 2294 videbis
3202 2245 3342 2294 tunc
3377 2241 3666 2295 dracones

2013 2325 2277 2382 crelestes
2332 2326 2629 2397 quomodo
2701 2326 3031 2395 volvantur,
3093 2332 3151 2382 et
3218 2326 3362 2383 solis
3420 2343 3661 2382 currum

2013 2413 2266 2469 trahant.
2350 2419 2465 2486 Ego
2540 2414 2814 2470 Salomon
2868 2414 2991 2471 haec
3048 2415 3317 2480 audiens,
3365 2414 3663 2486 increpavi

2014 2522 2147 2561 eum
2177 2509 2234 2561 et
2264 2505 2381 2559 dixi
2416 2521 2430 2560 :
2466 2505 2648 2561 Sileas
2699 2523 2886 2577 usque
2931 2506 3143 2571 adhuc,
3176 2511 3234 2561 et
3275 2506 3478 2563 scinde
3509 2522 3665 2561 mar-

2014 2612 2196 2664 mora,
2255 2597 2320 2649 ut
2364 2594 2608 2666 praecepi
2654 2594 2776 2649 tibi.
2811 2596 2880 2650 Et
2927 2594 3277 2651 benedicens
3326 2595 3509 2651 Deum
3558 2610 3664 2666 ego

2016 2683 2497 2755 Salomon,jussi
2546 2688 2611 2739 ut
2658 2684 2891 2739 adesset
2941 2684 3085 2739 mibi
3130 2683 3282 2738 alius
3313 2684 3675 2751 dmmon;et

2014 2772 2173 2828 Venit
2202 2773 2260 2827 in
2288 2777 2599 2845 conspectu
2648 2789 2776 2829 meo
2821 2790 2977 2829 unus
3028 2773 3126 2844 qui
3169 2772 3396 2827 vultum
3428 2771 3675 2844 gerebat

2017 2863 2077 2918 in
2110 2878 2241 2918 aere
2272 2862 2384 2919 alte
2431 2862 2707 2930 levatum,
2738 2868 2796 2919 et
2844 2863 3137 2934 reliquum
3187 2861 3433 2934 spiritus
3463 2862 3671 2917 sinuo-

2020 2968 2152 3008 sum
2179 2951 2364 3007 instar
2393 2951 2640 3008 cochleae
2668 2970 2682 3020 ;
2714 2957 2770 3007 et
2801 2952 3088 3023 plurimos
3110 2952 3383 3006 contrivit
3415 2950 3673 3013 milites;

2022 3039 2391 3093 tremendum
2424 3045 2619 3093 autem
2651 3040 2939 3094 excitabat
2986 3039 3056 3093 de
3100 3043 3255 3093 terra
3290 3037 3584 3108 pulverem
3611 3041 3670 3091 et

2023 3143 2261 3181 sursum
2312 3127 2635 3197 attollebat,
2685 3130 2740 3181 et
2789 3143 3022 3181 rursum
3077 3125 3444 3198 projiciebat,
3471 3129 3537 3179 ut
3566 3140 3674 3179 nos

254 3223 559 3299 προσώπου
593 3224 698 3294 μοῦ
753 3221 899 3289 (sic),
932 3218 990 3280 ὃς
1048 3218 1115 3286 ἦν
1176 3217 1445 3291 ἐπιφέρων
1500 3215 1562 3270 τὸ
1619 3213 1909 3289 πρόσωπον

2025 3216 2517 3286 obstupefaceret,
2575 3191 2633 3272 et
2680 3191 3093 3287 interrogabat.
3130 3191 3270 3286 quid
3324 3191 3473 3269 mibi
3524 3216 3678 3269 esset

258 3312 317 3369 ἐν
347 3315 427 3383 τῷ
456 3310 573 3384 ἀέρι
605 3306 715 3364 ἅνω
750 3306 984 3383 ὑψηλὸν,
1017 3305 1107 3361 καὶ
1137 3307 1199 3361 τὸ
1249 3304 1554 3360 ὑπόλοιπον
1608 3306 1704 3358 τοῦ
1752 3301 1912 3357 πνεῦ-

262 3422 433 3476 ματος
462 3398 783 3472 είλοῦμενον
831 3396 959 3450 ὡσεὶ
1006 3394 1245 3470 κοχλίας
1297 3412 1309 3425 ·
1354 3393 1445 3448 καὶ
1498 3390 1717 3466 ὀλίγους
1779 3388 1917 3467 διέρ-

260 3491 418 3567 ῥηξεν
464 3487 836 3565 στρατιώτας·
869 3482 1060 3560 ἤγειρε
1108 3481 1167 3539 δὲ
1218 3483 1308 3537 καὶ
1356 3476 1586 3558 φοϐερὸν
1634 3480 1915 3554 κονιορτὸν

2022 3306 2171 3360 tanti
2206 3308 2485 3363 momenti
2515 3308 2587 3363 ab
2616 3323 2682 3363 eo
2715 3306 3094 3378 quaerendum
3124 3322 3137 3373 ;
3170 3310 3226 3360 et
3250 3319 3502 3373 surgens
3544 3318 3681 3358 exs-

2026 3395 2124 3467 pui
2158 3394 2217 3450 in
2250 3400 2465 3453 terram
2503 3396 2561 3451 in
2594 3412 2659 3453 eo
2689 3396 2837 3466 loco,
2870 3398 2927 3450 et
2957 3394 3180 3463 signavi
3214 3391 3434 3449 annulo
3465 3391 3591 3458 Dei,
3623 3394 3683 3447 et

2029 3484 2114 3539 sic
2144 3486 2307 3540 stetit
2336 3503 2500 3541 aura.

259 3565 348 3637 ἰπὶ
379 3586 477 3650 τῆς
507 3585 632 3655 γῆς,
662 3576 753 3632 καὶ
784 3574 1033 3653 ἀνέφερεν
1067 3575 1179 3630 ἄνω
1212 3593 1225 3606 ’
1258 3572 1348 3627 καὶ
1393 3570 1556 3628 πάλιν
1589 3565 1834 3647 ἔρριπτεν
1869 3568 1956 3624 ἐπὶ
1982 3571 2044 3625 τὸ
2075 3574 2220 3643 ἡμᾶς
2255 3567 2534 3645 Οαμϐἤσαι
2570 3588 2582 3602 ⁸
2611 3571 2699 3627 καὶ
2750 3570 2892 3627 εἶπεν
2943 3570 3062 3625 τίνα
3119 3569 3234 3646 ἔχω
3282 3568 3555 3647 ἐρωτῆσαι
3605 3566 3681 3631 ὡς

259 3669 350 3726 ἐπὶ
372 3667 540 3736 πολὺ,
572 3667 661 3722 καὶ
688 3664 989 3721 ἀναστάντα
1023 3685 1089 3737 με
1116 3661 1311 3719 πτύσαι
1344 3661 1522 3737 χαμαὶ
1553 3661 1669 3716 κατ’
1701 3658 1906 3714 ἐκείνου
1936 3663 2032 3714 τοῦ
2061 3660 2233 3716 τόπου
2264 3664 2343 3735 (3)
2373 3662 2461 3715 καὶ
2496 3660 2789 3737 ὲσιρράγισα
2842 3665 2923 3733 τῷ
2970 3657 3306 3732 δακτυλιδίῳ
3352 3662 3450 3714 τοῦ
3499 3659 3632 3713 Θεοῦ
3667 3673 3679 3687 ’

257 3758 351 3813 καὶ
378 3757 553 3820 οὕτως
584 3752 744 3825 ἔστην
777 3755 813 3822 ἡ
846 3748 1003 3825 αὔρα.

332 3864 475 3923 Τότε
529 3862 823 3937 ἠρώτησα.
862 3861 1024 3916 αὐτὸν
1095 3856 1267 3932 λέγων
1302 3878 1315 3892 ·
1378 3856 1452 3911 Σὺ
1508 3855 1589 3919 τίς
1648 3856 1734 3926 εἷς
1786 3857 1922 3930 Ἀρα

260 3954 424 4032 (αὕρα
444 3956 493 4025 ⁸1)
524 3954 602 4025 (4)
649 3949 797 4006 οὕτω
844 3948 1011 4005 πάλιν
1058 3947 1336 4023 κονιορτὸν
1382 3947 1596 4016 τινάξας
1656 3944 1919 4021 ἀπεκρίθη

268 4065 361 4117 μοι
387 4062 402 4076 ·
438 4043 506 4100 Τί
537 4040 599 4096 σὺ
630 4040 826 4107 οὲλεις,
860 4040 979 4114 βασ.
1015 4043 1077 4093 Σ.
1113 4036 1434 4109 ἈπεκρίΘην
1468 4035 1632 4106 αὐτῷ·
1662 4032 1797 4090 Εἷπὲ
1830 4053 1922 4104 μοι

264 4134 317 4188 τί
350 4132 557 4207 λὲγεις,
581 4127 734 4203 κάγώ
766 4149 824 4182 σε
855 4125 1057 4203 ἐρωτᾷν
1092 4123 1258 4181 θὲλω.
1295 4122 1484 4186 Οὕτως
1514 4120 1572 4177 δὲ
1618 4120 1923 4197 εὖχαριστῶ

263 4227 346 4295 τῷ
402 4224 520 4291 Θεῷ
570 4223 650 4289 τῷ
707 4214 990 4294 σοφίσαντί
1042 4236 1107 4288 με
1147 4214 1283 4290 πρὸς
1337 4215 1436 4274 τὰς
1498 4209 1702 4288 βουλὰς
1751 4209 1926 4264 αὐτῶν

266 4309 667 4385 ἀποκρίνεσθαι.
702 4308 846 4385 Ἔφη
881 4302 938 4359 δὲ
974 4324 1067 4375 μοι
1103 4322 1116 4336 ⁸
1153 4302 1294 4377 Ἐγώ
1326 4302 1442 4375 εἰμι
1470 4301 1533 4355 τὸ
1576 4304 1786 4371 πνεῦμα
1826 4304 1927 4365 τῆς

264 4400 468 4478 τὲιρραυ
500 4400 619 4471 (sic)
652 4416 665 4429 ·
701 4396 866 4453 Εἶπον
901 4392 959 4450 δὲ
999 4393 1145 4465 αὖτῷ
1172 4418 1187 4463 ;
1216 4393 1311 4454 Τίς
1358 4395 1393 4462 ἡ
1440 4389 1628 4465 πρᾶξίς
1676 4410 1771 4443 σου
1804 4406 1820 4423 ⁸
1868 4394 1927 4443 Ἦ

2101 3864 2168 3915 Et
2196 3864 2337 3916 tunc
2367 3859 2721 3932 interrogavi
2756 3875 2889 3915 eum
2926 3875 2939 3915 :
2972 3859 3055 3914 Tu
3088 3856 3189 3929 qui
3221 3856 3331 3911 es?
3360 3856 3525 3911 Tunc
3553 3869 3684 3909 rur-

2032 3965 2133 4004 sus
2184 3950 2480 4021 pulverem
2529 3949 2792 4005 excitans
2836 3947 3141 4021 respondit
3171 3944 3314 4002 mihi
3347 3961 3360 4000 :
3395 3942 3544 4009 Quid
3574 3941 3686 4007 vis,

2033 4054 2130 4093 rex
2160 4038 2479 4093 Salomon?
2508 4039 2579 4093 Et
2625 4037 2900 4110 respondi
2935 4054 2947 4092 :
2984 4036 3181 4092 Indica
3226 4030 3369 4087 mihi
3407 4031 3549 4102 quid
3590 4030 3684 4084 di-

2035 4142 2154 4193 cas,
2200 4143 2303 4199 ego
2354 4126 2480 4182 volo
2528 4131 2585 4182 te
2628 4127 3010 4198 interrogare.
3060 4125 3270 4193 Sicque
3318 4118 3539 4191 gratias
3577 4134 3685 4189 ago

2035 4215 2152 4270 Deo
2191 4215 2290 4287 qui
2341 4232 2433 4270 me
2482 4215 2806 4286 sapientem
2858 4214 3013 4273 fecit.
3066 4216 3129 4265 ut
3176 4208 3425 4265 consilia
3480 4220 3681 4261 eorum

2035 4303 2438 4360 excludantur.
2473 4305 2543 4359 Et
2580 4303 2728 4358 dixit
2773 4302 2918 4357 mihi
2953 4318 2966 4356 :
3000 4302 3113 4371 Ego
3163 4314 3296 4355 sum
3329 4294 3578 4368 spiritus
3607 4292 3688 4347 ci-

2037 4393 2216 4449 neris.
2251 4394 2320 4447 Et
2350 4393 2464 4448 dixi
2496 4392 2548 4448 ei
2583 4409 2595 4447 :
2632 4395 2768 4458 Quae
2799 4400 2888 4446 est
2936 4389 3196 4460 operatio
3229 4391 3333 4442 tua
3358 4390 3381 4442 Ρ
3409 4383 3518 4450 Qui
3561 4381 3642 4437 ait
3670 4394 3686 4435 :

267 4472 458 4567 δὲ’ἔφη
496 4506 509 4520 ·
544 4486 888 4559 Ἀνθρώπους
937 4484 1191 4553 σκοτίζω,
1224 4483 1311 4537 καὶ
1367 4480 1562 4567 ἀγροὺς
1619 4478 1905 4555 ἐμπυρίζω

2040 4483 2318 4539 Homines
2350 4481 2607 4538 tenebris
2652 4479 2893 4537 obvolvo
2924 4484 2982 4534 et
3024 4492 3264 4549 campos
3312 4472 3600 4539 incendo;
3633 4475 3693 4526 et

264 4578 352 4635 xui
387 4574 573 4637 οἴειους
604 4578 857 4649 καταργῖρ
889 4593 902 4606 ⁸
936 4571 1024 4627 ἐπὶ
1078 4570 1338 4626 πλεῖστον
1385 4567 1442 4624 δὲ
1491 4566 1605 4644 ἔχω
1654 4567 1754 4635 τὴν
1795 4571 1928 4641 πρᾶ-

269 4669 347 4739 ξιν
407 4665 463 4721 ἰν
525 4664 666 4739 θὲρει
699 4682 711 4695 ·
749 4664 875 4717 ὅταν
926 4658 986 4715 δὲ
1042 4660 1232 4733 καιρὸν
1276 4658 1445 4733 οῧρω,
1481 4653 1790 4728 ὑποδύομαι
1858 4653 1933 4716 εἷς

268 4754 474 4833 γωνίας
525 4756 747 4827 τειχῶν,
781 4750 970 4809 νυκτὸς
1027 4750 1115 4803 καὶ
1159 4750 1371 4823 ἡμέρας
1407 4764 1419 4778 ·
1462 4743 1570 4815 ἤδη
1610 4745 1710 4820 γὰρ
1772 4745 1934 4819 γόνος

274 4831 390 4919 είμὶ
448 4847 545 4898 τοῦ
602 4839 882 4916 Μεγάλου.
944 4838 1107 4895 Εἶπον
1169 4835 1261 4891 οὖν
1328 4835 1476 4907 αὖτῷ
1508 4854 1521 4867 ·
1556 4835 1704 4905 IIoin
1752 4831 1934 4908 ἄστρῳ

276 4939 452 4989 κεῖσαι
478 4951 492 5001 ;
523 4932 585 4989 Ὀ
629 4926 687 4984 δὲ
744 4925 845 5006 ἔφη
882 4948 894 4961 °
928 4929 1007 5001 (5)
1039 4931 1123 4981 Ἐν
1158 4924 1304 4997 αὐτῷ
1332 4928 1414 4997 τῷ
1441 4922 1656 4999 ἀκρὸνῳ
1688 4922 1810 4993 (sic)
1838 4924 1935 4975 τοῦ

277 5023 502 5096 κέρατος
558 5022 657 5087 τῆς
721 5016 978 5087 σελήνης,
1008 5019 1090 5088 τῷ
1146 5014 1198 5068 ἐν
1255 5013 1506 5086 τιῖ›νν3τιρ
1538 5010 1934 5084 εὑρισκομένῳ,

278 5111 389 5165 ἐκεῖ
454 5108 546 5180 μοί
606 5106 717 5161 ἐστι
775 5107 835 5159 τὸ
890 5103 1087 5179 ἄστρον
1119 5121 1133 5135 ⁸
1182 5101 1321 5157 διότι
1378 5102 1445 5156 τὰ
1494 5099 1785 5178 σφάλματα
1840 5100 1936 5150 τοῦ

278 5197 635 5274 ἡμιτριταίου
666 5195 1048 5270 προσετάχθην
1104 5192 1396 5266 ἆνιμᾶσθαι
1436 5192 1561 5263 (sic)
1595 5207 1606 5219 '
1642 5186 1729 5242 διὰ
1777 5190 1936 5241 τοῦτο

282 5285 489 5350 ίόὅντες
523 5284 729 5343 πολλοὶ
757 5288 864 5340 τῶν
900 5284 1200 5359 ἀνθρώπων
1233 5278 1487 5356 εὔχονται
1547 5276 1621 5338 εἰς
1662 5276 1751 5331 τὸν
1803 5276 1938 5347 ἡμι-

354 5503 431 5574 (3)
464 5504 527 5557 In
560 5515 742 5574 marg.
775 5498 983 5574 infimo
1011 5499 1101 5553 est
1134 5494 1417 5574 correctio
1433 5492 1510 5574 ‘h.
1558 5488 1677 5546 ικαὶ
1710 5486 1940 5547 ἀναστὰς

279 5562 484 5629 ἔπτυσα
514 5562 845 5647 χαμαίκατ⁹
877 5568 1084 5647 ἐκείνου
1104 5568 1276 5622 τόπου
1306 5564 1397 5621 καὶ
1429 5562 1473 5619 ὲ.

358 5647 436 5718 (In)
467 5636 717 5718 scriptio
750 5647 837 5700 est
870 5660 882 5698 :
916 5636 1018 5715 ἄρα

2041 4574 2245 4629 domos
2299 4572 2578 4638 destruo;
2634 4571 2694 4625 in
2750 4573 2892 4625 aestu
2954 4573 3150 4623 autem
3218 4563 3473 4623 maxime
3523 4559 3692 4615 labor

2042 4679 2208 4718 meus
2269 4679 2282 4730 ;
2350 4661 2584 4731 quando
2657 4675 2791 4714 vero
2857 4655 3356 4730 opportunitatem
3435 4650 3690 4717 invenio,

2044 4751 2276 4823 angulis
2309 4751 2588 4805 moenium
2640 4749 2844 4815 subeo,
2896 4751 3065 4803 nocte
3114 4748 3171 4800 et
3201 4745 3298 4800 die
3331 4761 3343 4799 :
3371 4743 3494 4813 jam
3531 4741 3690 4796 enim

2044 4841 2239 4913 Magni
2284 4840 2441 4895 ﬁlius
2489 4856 2643 4895 sum.
2695 4838 2819 4893 Dixi
2871 4852 3006 4907 ergo
3038 4834 3090 4889 ei
3123 4850 3136 4888 :
3171 4834 3292 4889 Sub
3339 4849 3455 4904 quo
3504 4829 3696 4885 sidere

2045 4930 2213 4987 stas?
2261 4929 2368 4995 Qui
2417 4929 2501 4985 ait
2534 4945 2546 4983 ε
2578 4929 2697 4983 Sub
2745 4927 2875 4997 ipsa
2923 4923 3265 4982 summitate
3313 4936 3494 4977 cornu
3545 4917 3697 4973 lunae

2046 5020 2198 5090 quod
2260 5020 2329 5074 ad
2406 5016 2708 5073 meridiem
2782 5015 3100 5078 invenitur,
3161 5010 3257 5065 hic
3332 5008 3474 5064 mihi
3533 5005 3701 5060 sidus

2046 5115 2172 5175 est;
2209 5109 2348 5178 quia
2377 5106 2651 5161 sinistros
2702 5121 3015 5160 successus
3066 5100 3249 5157 tcbris
3301 5094 3576 5152 tertiariaa
3606 5109 3702 5148 or-

2048 5199 2285 5254 dinatus
2344 5213 2475 5252 sum
2538 5198 2603 5251 ut
2662 5193 2908 5261 tollam;
2967 5195 3207 5264 pmpter
3275 5186 3386 5241 boc
3440 5184 3705 5239 videntes

2050 5286 2221 5343 multi
2301 5286 2627 5353 hominum,
2686 5284 2745 5340 in
2823 5280 3086 5340 tertiaria
3160 5275 3310 5334 febri
3383 5275 3705 5345 deprecan-

2124 5486 2195 5555 (5)
2228 5483 2412 5539 Dativ.
2470 5480 2751 5555 correctio
2799 5494 2980 5555 supra
3017 5474 3227 5548 posita.
3281 5472 3429 5528 Nam
3462 5472 3521 5527 in
3554 5469 3711 5526 linea

2063 5550 2317 5630 regulari
2350 5571 2470 5611 acc.
2504 5552 2579 5616 είς
2607 5550 2765 5605 αὐτὸν
2794 5550 3041 5622 ἄχρονον.
