4084 6218
445 333 604 394 1327

1432 321 1831 387 APPENDlX
1870 321 1974 382 AD
2019 319 2483 383 MICHAELEM
2527 320 2918 386 PSELLUM.

3682 327 3808 388 i328

440 473 541 524 tur
579 467 637 522 in
683 463 874 521 tribus
922 461 1262 518 nominibus
1314 476 1327 515 :
1377 457 1471 514 his
1519 455 1804 522 Boultala,
1835 452 2086 522 Thallai,

2203 457 2440 526 τριταῖον
2500 453 2552 510 ἐν
2605 460 2723 517 τοῖς
2772 452 2944 530 τρισὶν
3007 453 3234 529 ὀνόμασι
3291 452 3507 516 τούτοις
3549 451 3814 531 βουλταλὲ,

441 555 710 626 Melchal,
742 559 799 610 et
827 570 969 610 sano
1012 569 1130 608 eos.
1165 550 1294 607 Dixi
1323 549 1374 606 ei
1416 565 1521 621 ego
1551 548 1823 602 Salomon
1857 563 1869 601 :
1905 545 2094 609 Quan-

441 649 515 704 do
573 647 660 702 vis
717 643 869 700 male
917 643 1128 712 facere,
1173 657 1275 713 per
1330 655 1505 710 quem
1557 636 1710 692 male
1760 635 1935 708 agis?
1985 634 2094 699 Qui

444 739 527 793 ait
556 752 571 791 :
608 737 713 791 Per
743 733 1014 806 angelum
1059 747 1161 802 per
1191 746 1364 800 quem
1413 727 1677 783 tertiaria
1710 726 1885 782 febris
1928 725 2093 796 quie-

442 827 573 882 scit.
636 821 985 892 Interrogavi
1045 836 1178 874 eum
1229 818 1431 873 dicens
1479 833 1492 871 :
1542 822 1606 871 In
1650 833 1766 888 quo
1809 813 2095 869 nomine?

445 916 516 971 Et
574 913 656 969 ait
716 929 729 966 :
789 907 1133 980 Archangeli
1189 905 1379 962 Azael.
1437 904 1724 961 Advocavi
1781 903 2099 973 archange-

448 1003 572 1058 lum
622 999 810 1068 Azael,
863 1002 922 1054 et
969 995 1162 1068 sigillo
1216 994 1407 1050 notavi
1459 995 1806 1060 daemonem,
1859 989 2096 1062 etjussi

448 1095 517 1148 ut
591 1089 814 1160 lapides
873 1102 1118 1158 magnos
1192 1083 1662 1157 apprehendens,
1724 1082 1782 1136 in
1827 1081 2097 1153 :superna

447 1178 649 1251 templi
695 1177 947 1232 deferret
994 1173 1276 1247 operariis
1319 1190 1332 1229 :
1379 1176 1437 1228 et
1479 1172 1533 1226 vi
1583 1174 1821 1226 coactus
1870 1170 2096 1224 daemon

439 1272 610 1341 jussa
656 1265 965 1339 implevit;
1017 1268 1074 1319 et
1122 1278 1332 1318 rursus
1384 1260 1705 1333 glorificavi
1760 1259 1941 1315 Deum
1995 1257 2094 1327 qui

446 1358 607 1414 dedit
662 1355 806 1412 mihi
883 1353 1061 1410 talem
1139 1355 1507 1424 potestatem.
1587 1349 1656 1404 Et
1731 1348 1974 1420 przscepi
2033 1349 2096 1400 ut

443 1447 676 1502 adesset
725 1443 872 1498 mihi
918 1441 1070 1498 alius
1119 1443 1364 1495 daemon.
1401 1443 1466 1492 Et
1515 1440 1798 1493 venerunt
1846 1434 2093 1506 spiritus

440 1539 665 1607 septem
699 1531 934 1588 feminei
985 1527 1159 1585 simul
1205 1527 1387 1583 vincti
1441 1531 1498 1581 et
1547 1525 1814 1594 connexi,
1865 1522 2094 1595 pulchri

437 1625 584 1681 facie
614 1628 670 1678 et
702 1622 889 1677 forma
920 1622 1301 1692 praestantes;
1359 1622 1416 1672 et
1446 1615 1651 1671 videns
1682 1631 1788 1687 ego
1819 1612 2093 1669 Salomon

435 1710 790 1784 interrogavi
835 1727 932 1765 eos
965 1725 978 1763 :
1009 1707 1117 1772 Qui
1166 1706 1306 1762 estis
1357 1705 1507 1760 vos?
1557 1707 1691 1769 Qua:
1737 1701 2098 1759 unanimiter

2205 541 2442 611 θαλλὲιλ,
2478 542 2700 620 μελχάλ
2737 559 2768 578 "
2783 544 2872 598 καὶ
2920 543 3093 617 ίῶμαι
3125 543 3338 608 αὐτούς.
3369 544 3529 600 Εἶπον
3587 542 3640 599 δῖε
3689 546 3818 617 αὖτῴ

2204 629 2308 704 ἐγὼ
2342 631 2612 705 Σολομῶν
2649 653 2660 666 ⁸
2693 634 2823 690 ’Ὀτε
2853 631 2943 686 οὖν
2976 631 3136 707 θέλῃς
3167 639 3505 709 κακουργεῖν,
3543 634 3593 688 ἑν
3621 633 3711 688 τίνι
3737 656 3819 689 κα-

2203 727 2492 796 κουργεῖς;
2526 723 2587 778 Ὁ
2621 719 2677 776 δέ
2720 743 2812 795 μοι
2843 718 2944 799 ἔφη
2981 741 2994 755 ·
3029 723 3116 776 Ἐν
3146 727 3226 795 τῷ
3254 721 3492 797 ἀγγέλῳ,
3524 724 3568 794 ᾧ
3596 723 3677 777 καὶ
3718 744 3820 798 τρι-

2201 814 2353 872 ταῖος
2428 813 2846 869 ἑπαναπαύεται.
2902 813 3269 886 Ἑπηρώτησα
3319 809 3377 866 δὲ
3424 812 3579 866 αὐτὸν
3632 813 3715 867 καὶ
3757 815 3822 868 εἷο

2202 920 2304 953 πον
2341 921 2354 933 ·
2402 901 2488 957 Ἐν
2539 900 2680 973 ποίῳ
2730 897 2788 955 δὲ
2832 900 3057 974 ὀνόματι
3085 921 3098 969 ;
3125 901 3186 958 Ὀ
3239 898 3296 955 δὲ
3327 899 3426 978 ἔφη
3463 922 3476 935 ·
3508 905 3608 955 Τοῦ
3638 902 3822 978 ἀρχαγο

2203 986 2370 1064 γίλου
2417 988 2645 1060 Ἀζαήλ.
2709 990 2806 1044 Καὶ
2868 989 3281 1063 ἐπεκαλεσάμην
3354 991 3448 1044 τὸν
3510 989 3823 1066 ἀρχάγγελον

2205 1077 2432 1147 Ἀζοιῆλ,
2483 1079 2572 1133 καὶ
2623 1078 2988 1158 ἐπεσφράγισα
3031 1080 3122 1134 τὸν
3177 1076 3413 1152 δαίμονα
3446 1097 3459 1111 °
3511 1079 3596 1133 καὶ
3638 1079 3827 1134 ἰκέλευ-

2207 1188 2271 1222 σοι
2329 1167 2488 1223 αὐτὸν
2567 1168 2753 1231 λίθους
2833 1165 3108 1244 μεγάλους
3186 1168 3460 1244 ἁρπάζειν,
3517 1169 3604 1223 καὶ
3657 1168 3726 1233 είς
3774 1170 3829 1223 τά

2209 1256 2394 1331 ὑψηλᾶ
2420 1262 2518 1313 τοῦ
2547 1263 2677 1313 ναοῦ
2714 1259 3010 1328 ἀκοντίζειν
3042 1263 3160 1320 τοῖς
3208 1262 3483 1334 τεχνίταις
3516 1275 3528 1288 ·
3560 1259 3645 1314 καὶ
3693 1259 3830 1333 ἀνάγ·

2204 1345 2503 1420 καζόμενον
2560 1348 2623 1402 τὸ
2681 1345 2963 1420 δαιμόνιον
3015 1348 3083 1402 τὰ
3138 1346 3580 1423 προστεταγμένα
3659 1347 3830 1404 ἐποίει.

2206 1435 2311 1490 Καὶ
2375 1433 2480 1510 ἐγὼ
2537 1433 2704 1490 πάλιν
2766 1433 2991 1508 ἐδόξασα
3046 1437 3136 1491 τὸν
3198 1437 3325 1492 Θεὸν
3385 1437 3478 1491 τὸν
3551 1435 3700 1491 δόντα
3750 1458 3829 1509 μοι

2207 1522 2446 1596 ἐξουσίαν
2482 1523 2685 1595 ταύτην
2719 1545 2732 1558 ·
2787 1525 2873 1579 καὶ
2925 1525 3179 1580 ἐκέλευσα
3226 1524 3476 1600 παρεῖναί
3528 1545 3618 1597 μοι
3670 1523 3829 1596 ἕτερον

2207 1610 2512 1685 δαιμόνιον.
2548 1615 2653 1670 Κάί
2684 1613 2858 1684 ἦλθον
2891 1613 3173 1688 πνεύματα
3226 1615 3361 1670 ἑπτά
3405 1613 3619 1685 θηλυκᾶ
3664 1612 3832 1669 συνδι-

2207 1700 2401 1775 δεμὲνα
2454 1703 2542 1757 καὶ
2602 1703 3084 1780 συμπεπλεγμένα,
3137 1701 3386 1782 εὖμορνρα
3451 1705 3515 1759 τὸ
3573 1701 3705 1766 εἶδος
3754 1703 3832 1758 καὶ

437 1803 644 1859 eadem
674 1814 810 1855 voce
841 1798 1114 1853 dixerunt
1149 1812 1162 1851 :
1197 1800 1313 1850 Nos
1363 1811 1573 1850 sumus
1617 1809 1686 1848 ex
1715 1793 1958 1864 triginta
1990 1791 2091 1846 tri-

2206 1788 2462 1867 εὕσχημα
2496 1811 2509 1824 ο
2544 1792 2650 1868 ἐγὼ
2682 1790 2739 1847 δὲ
2781 1792 3050 1866 Σολομῶν
3105 1789 3232 1848 ἰδὼν
3295 1792 3626 1868 ἐπηρώτησα
3676 1793 3793 1848 αὐτά
3821 1814 3833 1826 ο

437 1891 550 1945 bus
571 1887 885 1944 comitibus
909 1883 1192 1956 principis
1218 1884 1592 1938 tenebrarum
1621 1900 1634 1949 ;
1670 1885 1728 1936 et
1759 1881 1839 1936 ait
1861 1881 2088 1952 prima:

440 1980 556 2050 Ego
587 1994 719 2032 sum
764 1974 1048 2043 Fallacia;
1094 1973 1354 2028 secunda
1385 1989 1397 2027 :
1433 1973 1547 2044 Ego
1595 1987 1718 2026 sum
1751 1970 2089 2038 Discordia;

441 2067 614 2123 tertia
643 2081 658 2121 :
692 2066 810 2138 Ego
841 2079 973 2120 sum
1013 2061 1282 2128 Clothod,
1333 2061 1389 2116 id
1441 2065 1532 2116 est
1562 2060 1800 2131 Pugna;
1837 2062 2044 2128 quarta
2078 2074 2091 2114 :

443 2157 561 2228 Ego
611 2171 740 2211 sum
794 2152 1062 2219 Invidia;
1111 2152 1366 2223 quinta:
1403 2151 1518 2220 Ego
1569 2166 1700 2204 sum
1750 2148 2093 2214 Fortitudo;

442 2251 650 2303 sexta:
686 2244 802 2316 Ego
850 2259 984 2298 sum
1039 2241 1247 2309 Error;
1301 2240 1596 2312 septima:
1633 2243 1748 2310 Ego
1797 2253 1930 2293 sum
1963 2241 2096 2292 Pes-

441 2335 629 2402 sima;
663 2337 720 2389 et
748 2331 941 2388 sidera
973 2335 1175 2386 nostra
1217 2329 1276 2384 in
1311 2327 1454 2384 emlo
1507 2332 1647 2383 sunt
1679 2331 1902 2399 septem
1937 2330 2096 2381 astra

441 2442 566 2497 quae
599 2440 775 2496 parva
803 2420 1096 2490 videntur,
1149 2419 1208 2474 in
1259 2417 1622 2486 Concordia;
1674 2423 1731 2473 et
1763 2421 1826 2471 ut
1855 2416 1974 2472 deae
2004 2432 2098 2469 vo-

440 2529 646 2569 camur
678 2527 690 2566 :
724 2509 902 2566 simul
943 2508 1068 2565 loco
1121 2507 1407 2575 cedimus,
1439 2511 1496 2562 et
1537 2505 1716 2560 simul
1761 2504 2097 2560 habitamus

441 2617 598 2656 nunc
624 2599 888 2672 Lydiam,
942 2614 1099 2652 nunc
1148 2596 1484 2669 Olympum,
1538 2611 1695 2649 nunc
1746 2610 1879 2649 vero
1911 2593 2096 2648 altum

442 2695 722 2744 montem.
754 2689 823 2742 Et
866 2686 1216 2757 interrogavi
1265 2701 1364 2740 eas
1417 2701 1523 2756 ego
1577 2683 1853 2739 Salomon
1885 2681 2100 2754 sigilla-

440 2779 572 2848 tim,
606 2776 892 2849 incipiens
923 2793 956 2830 a
985 2775 1176 2846 prima
1206 2790 1392 2846 usque
1423 2774 1493 2828 ad
1529 2772 1865 2845 septimam.
1902 2773 2100 2827 Prima

444 2867 592 2923 dixit
624 2883 637 2921 :
673 2870 784 2938 Ego
815 2881 948 2920 sum
999 2863 1288 2930 Fallacia;
1343 2862 1592 2933 decipio,
1627 2861 1932 2916 machinor
1963 2859 2097 2915 hinc

446 2961 504 3011 et
535 2955 693 3022 hinc,
725 2955 972 3009 haereses
1016 2952 1238 3019 excito;
1287 2952 1385 3006 sed
1420 2951 1605 3006 habeo
1636 2951 1974 3006 domantem
2005 2965 2096 3004 me

447 3043 721 3116 angelum
783 3039 1174 3098 Lamechalal.
1225 3039 1512 3096 Similiter
1553 3045 1610 3095 et
1663 3039 1920 3095 secunda
1967 3038 2092 3095 ait:

449 3133 566 3205 Ego
597 3149 726 3188 sum
758 3131 1082 3198 Discordia,
1121 3130 1418 3186 contentio
1459 3129 1902 3184 contentionum
1931 3146 1944 3196 ;
1978 3129 2096 3183 fero

447 3221 627 3294 ligna,
660 3220 909 3292 lapides,
939 3219 1190 3292 gladios,
1237 3223 1294 3275 et
1341 3235 1505 3273 arma
1537 3234 1666 3274 mea
1697 3217 1912 3290 ubique
1941 3217 2050 3272 loci
2079 3237 2093 3285 ;

431 3312 533 3366 sed
569 3310 754 3365 habeo
796 3308 1072 3382 angelum
1125 3307 1612 3379 comprimentem
1650 3323 1740 3363 me
1773 3307 2094 3363 Baruchia-

432 3399 581 3454 chel.
614 3397 898 3454 Similiter
940 3402 997 3453 et
1045 3397 1218 3452 tertia
1249 3397 1395 3451 dixit
1427 3413 1440 3452 :
1477 3396 1590 3467 Ego
1624 3395 1868 3452 Clotbod
1904 3397 2093 3452 nomi-

434 3505 563 3557 nor,
597 3487 654 3543 id
704 3493 793 3543 est
833 3487 1077 3556 Pugna;
1132 3487 1269 3557 quia
1317 3490 1381 3541 ut
1411 3501 1635 3541 coronae
1684 3487 2008 3557 perdantur
2038 3491 2095 3542 et

435 3577 610 3650 capiti
641 3578 956 3648 cingantur
1005 3575 1230 3641 efﬁcio;
1264 3580 1321 3630 et
1363 3576 1503 3647 quid
1560 3574 1748 3630 multa
1773 3575 1900 3631 dico
1922 3575 1949 3630 ?
1979 3580 2090 3632 Ha-

439 3668 547 3723 beo
606 3665 880 3738 angelum
931 3666 1031 3737 qui
1083 3681 1175 3720 me
1227 3663 1457 3720 irritam
1518 3664 1657 3720 facit
1711 3668 2089 3721 Marmarath.

438 3755 719 3811 Similiter
765 3759 823 3811 et
869 3759 1078 3826 quarta
1131 3753 1322 3809 dixit:
1355 3755 1471 3826 Ego
1519 3754 1664 3808 facio
1712 3758 1777 3809 ut
1821 3754 2090 3811 homines

441 3861 556 3899 non
593 3844 824 3915 sapiant
856 3860 869 3899 :
909 3859 1208 3912 mensuro,
1254 3859 1483 3914 separo,
1526 3841 1742 3912 divido,
1776 3845 2092 3900 comitante

438 3949 532 3988 me
584 3931 915 3994 Discordia;
970 3931 1268 3986 hominem
1320 3931 1566 4002 sejungo
1599 3947 1631 3986 a
1663 3933 1910 4004 conjuge
1959 3950 2088 4002 sua,

437 4025 494 4076 et
524 4019 676 4076 filios
703 4037 738 4075 a
767 4018 1132 4091 parentibus,
1167 4023 1224 4075 et
1262 4019 1472 4074 fratres
1501 4036 1536 4074 a
1567 4019 1847 4076 fratribus
1877 4041 1890 4090 ;
1924 4028 1982 4076 et
2019 4023 2091 4077 de

437 4125 530 4166 me
562 4109 700 4182 quid
736 4107 968 4164 multa?
1012 4107 1287 4181 angelum
1331 4108 1516 4165 habeo
1548 4109 1648 4180 qui
1699 4127 1792 4166 me
1820 4109 2092 4166 inutilem

434 4198 591 4267 facit,
627 4214 908 4271 magnum
933 4197 1248 4254 Balthioul.
1278 4197 1563 4255 Similiter
1593 4203 1651 4254 et
1681 4200 1888 4271 quinta
1911 4200 2091 4256 dixit:

432 4291 552 4362 Ego
585 4305 717 4345 sum
770 4287 1111 4356 Fortitudo;
1162 4287 1216 4342 vi
1247 4291 1532 4360 tyrannos
1583 4290 1896 4358 constituo,
1932 4306 2096 4362 reges

430 4378 657 4449 dejicio,
690 4378 968 4434 omnibus
1011 4377 1365 4432 adversariis
1417 4379 1596 4433 robur
1626 4378 1890 4450 praebeo;
1927 4396 2096 4450 ange.

431 4467 555 4522 lum
587 4467 771 4523 habeo
812 4466 915 4540 qui
957 4483 1050 4522 me
1100 4483 1330 4523 cassam
1363 4467 1502 4522 facit
1553 4467 1881 4523 Asteraotb.
1917 4468 2092 4524 Simi-

2203 1882 2384 1954 Ὑμεῖς
2464 1881 2600 1943 τίνες
2660 1881 2833 1952 ἐστὲ;
2893 1883 2960 1937 Αἱ
3025 1879 3082 1937 δὲ
3140 1881 3496 1956 ὁμοθυμαδὸν
3560 1883 3655 1956 μίᾳ
3703 1887 3836 1960 φωνῇ

2467 1990 2479 2003 '
2539 1973 2730 2044 Ἡμεῖς
2791 1971 2947 2046 ἐσμεν
3010 1971 3068 2027 ἐκ
3133 1976 3240 2026 τῶν
3321 1971 3617 2048 τριάκοντά
3686 1977 3832 2045 τριῶν

2206 2059 2496 2134 στοιχείων
2537 2065 2636 2115 τοῦ
2692 2063 3139 2137 κοσμοκράτορος
3192 2065 3290 2116 τοῦ
3359 2057 3610 2125 σκὸτους.
3657 2063 3839 2136 Ἐφησε

2207 2147 2264 2204 δὲ
2294 2152 2328 2218 ἡ
2357 2150 2548 2222 πρώτη
2585 2170 2598 2183 ·
2635 2151 2780 2225 Ἐγώ
2822 2149 2936 2224 εἶμι
2967 2153 3002 2220 ἡ
3038 2151 3249 2222 Ἀπάτη
3287 2171 3300 2183 ⁸
3333 2154 3368 2221 ἡ
3421 2149 3640 2222 δευτέρα
3670 2170 3683 2183 ·
3716 2151 3838 2224 Ἐγώ

2206 2238 2322 2310 εἷ’μι
2370 2241 2403 2308 ἡ
2436 2243 2587 2313 Ἔρις
2622 2261 2634 2272 ”
2667 2243 2702 2309 ἡ
2757 2239 2915 2315 τρίτη
2973 2241 3117 2316 Ἐγώ
3175 2241 3288 2313 εἰμι
3350 2239 3582 2304 Κλωθός
3615 2260 3627 2272 '
3662 2241 3690 2294 ὅ
3741 2240 3837 2294 ἐστι

2210 2327 2362 2404 μάχη
2418 2347 2430 2360 ·
2577 2328 2806 2405 τετάρτη
2864 2348 2878 2362 ·
2934 2330 3077 2404 Ἐγώ
3135 2329 3248 2403 εἶμι
3310 2332 3344 2399 ἡ
3398 2327 3564 2398 Ζώλη
3625 2330 3836 2402 (εἰε)⁶ἡ

2205 2416 2427 2488 πέμπτη
2464 2435 2478 2448 ⁸
2510 2419 2655 2492 Ἐγώ
2704 2417 2818 2492 εἶμι
2867 2421 2901 2488 ἡ
2953 2419 3189 2491 Δύναμις
3225 2437 3236 2451 ’
3263 2421 3297 2488 ἡ
3356 2415 3515 2488 ἓκτη,
3550 2419 3684 2493 Ἐγώ
3737 2417 3836 2489 εἶμι

2205 2508 2240 2575 ἡ
2275 2503 2462 2577 Πλάνη
2496 2525 2508 2540 ⁸
2543 2509 2576 2576 ἡ
2612 2502 2846 2580 ἑϐδόμη,
2879 2509 3024 2582 Ἐγώ
3077 2507 3191 2579 εἷ’μι
3245 2510 3279 2576 ἡ
3333 2507 3573 2578 Κακίστη
3613 2527 3625 2539 ·
3649 2507 3731 2561 καὶ
3780 2507 3839 2562 τά

2207 2593 2375 2658 ἄστρα
2421 2599 2582 2668 ἡμῶν
2627 2595 2678 2651 ἐν
2731 2597 2948 2673 οὐρανῷ
2993 2595 3150 2666 εἷ’σιν,
3183 2597 3317 2650 ἑπτά
3365 2595 3535 2672 ἄστρα
3589 2616 3838 2673 μικροτά-

2206 2690 2272 2752 νῆ
2323 2687 2446 2758 (sic)
2495 2684 2547 2738 tv
2599 2685 2830 2758 ὁμονοίᾳ
2862 2704 2876 2719 ο
2909 2685 2998 2740 καὶ
3052 2685 3126 2746 ὡς
3171 2685 3291 2747 θεὰς
3324 2685 3643 2758 καλούμεθα
3673 2705 3686 2716 °
3715 2686 3836 2756 ὁμοῦ

2207 2772 2654 2847 ἀλλασσοῦμεθα,
2713 2775 2804 2829 καὶ
2864 2775 3004 2848 ὀμοῦ
3067 2774 3356 2848 οἰκοῦμεν,
3416 2773 3551 2830 πότε
3600 2775 3694 2843 τὴν
3745 2782 3836 2828 Λυ-

2208 2858 2346 2930 δίαν,
2380 2863 2513 2916 πότε
2535 2864 2626 2918 τὸν
2658 2861 2964 2936 Ὄλυμπον,
2997 2864 3130 2918 πότε
3161 2860 3217 2918 δὲ
3252 2864 3394 2937 μέγα
3425 2860 3555 2936 ὅρος
3591 2880 3603 2894 ‘
3637 2863 3832 2936 ἐπηρώ-

2205 2971 2344 3020 τησα
2393 2948 2450 3004 δὲ
2497 2950 2659 3015 αὐτὰς
2703 2951 2809 3026 ἐγὼ
2865 2957 3134 3025 Σολομῶν
3189 2956 3286 3025 μιᾷ
3338 2953 3556 3024 ἑκάστῃ,
3605 2951 3832 3026 ἠρξάμην

2208 3036 2264 3093 δὲ
2323 3040 2427 3095 ἀπὸ
2476 3041 2701 3114 πρώτης
2749 3037 2853 3102 ἕως
2893 3047 2993 3110 τῆς
3037 3035 3305 3116 ἑϐδόμης.
3347 3042 3411 3098 Ἱί
3461 3042 3652 3114 πρώτη
3700 3039 3787 3117 ἔφη
3820 3057 3832 3070 ⁸

2210 3129 2348 3204 Ἐγὼ
2381 3129 2587 3201 Ἀπάτη
2641 3129 2776 3202 εἰμὶ,
2828 3131 3038 3198 ἀπατῶ,
3089 3129 3276 3185 πλὲκω
3329 3127 3438 3186 ὧδε
3485 3131 3682 3186 κάκεῖ·
3717 3127 3842 3205 αἱρὲ-

2211 3238 2321 3279 σεις
2353 3215 2573 3293 ἐρεθίζω
2608 3239 2621 3251 ·
2653 3217 2774 3273 ἀλλ’
2804 3213 2918 3294 ἔχω
2949 3220 3038 3274 τὸν
3097 3221 3474 3294 καταργοῦντά
3522 3241 3588 3292 με
3635 3217 3835 3295 ἄγγελον

2205 3307 2570 3383 Λαμεχάλαλ.
2603 3308 2842 3380 Ὁμοίως
2882 3308 2970 3362 καὶ
3014 3311 3048 3377 ἡ
3101 3306 3322 3384 δευτέρα
3365 3306 3496 3384 ἔφη,
3548 3310 3688 3384 Ἐγώ
3735 3306 3834 3378 εἶμι

2204 3398 2237 3464 ἡ
2273 3399 2426 3471 Ἔρις
2460 3417 2473 3430 ο
2509 3391 2619 3474 ἔρις
2651 3398 2761 3470 [καὶ
2794 3393 2904 3474 ἔρις
2941 3401 3049 3452 τῶν
3100 3399 3198 3470 (6)]
3229 3395 3420 3472 ἐρίδων
3459 3417 3472 3429 ·
3509 3397 3655 3476 φέρω
3701 3395 3837 3468 ξύλα,

2205 3483 2413 3558 λίθους,
2447 3485 2592 3565 ξίφη,
2624 3487 2690 3542 τὰ
2723 3485 2868 3542 ὅπλα
2903 3507 3007 3560 μου
3054 3491 3151 3541 τοῦ
3180 3486 3352 3541 τόπου
3385 3506 3398 3519 ο
3435 3485 3566 3541 ἀλλ’
3598 3485 3708 3561 ἔχω
3752 3482 3837 3559 ἆγ-

2201 3572 2368 3639 γελον
2432 3577 2521 3630 τὸν
2582 3577 2950 3651 καταργοῦντά
3015 3596 3101 3649 με,
3135 3574 3560 3650 Βαρουχιαχήλ.
3616 3573 3835 3645 Ὁμοίως

2200 3665 2289 3718 καὶ
2347 3667 2381 3735 ἡ
2441 3665 2595 3740 τρίτη
2656 3661 2756 3742 ἔφη
2794 3685 2805 3697 ·
2837 3665 2977 3740 Ἐγὼ
3032 3661 3262 3728 Κλωθὸδ
3318 3661 3622 3737 καλοῦμαι,
3654 3663 3682 3718 δ
3737 3660 3838 3716 ἐστι

2204 3754 2383 3828 μάχη,
2415 3755 2476 3809 οὐ
2528 3755 2846 3830 σχημᾶνους
2903 3751 3067 3829 χύσαι
3120 3752 3209 3808 καὶ
3239 3754 3634 3828 περισχεθῆναι
3665 3755 3797 3806 ποιῶ
3827 3767 3838 3779 ·

2199 3843 2287 3896 καί
2319 3843 2369 3898 τί
2403 3841 2589 3898 πολλὰ
2614 3843 2761 3918 λέγω
2793 3863 2806 3913 ;
2841 3841 2956 3918 ἔχω
2988 3840 3216 3918 ἄγγελον
3243 3843 3335 3897 τὸν
3364 3840 3738 3918 καταργοῦντά
3785 3857 3840 3911 με

2198 3932 2524 4007 Μαρμαράο.
2584 3933 2827 4006 Ὁμοίως
2883 3932 2972 3987 καὶ
3030 3931 3258 4007 τετάρτη
3316 3930 3416 4009 ἔφη
3455 3951 3468 3964 ο
3522 3932 3662 4006 Ἐγὼ
3716 3931 3843 3983 ποιῶ

2197 4020 2325 4082 τους
2386 4021 2706 4097 ἀνθρώπους
2767 4023 2842 4095 μή
2904 4027 3196 4099 σωφρονεῖν
3233 4040 3247 4053 ο
3315 4020 3547 4095 μερίζω,
3612 4017 3840 4094 χωρίζω,

2202 4109 2540 4185 ἀπομερίζω,
2593 4109 3120 4184 παρακολουθούσης
3179 4131 3272 4183 μοι
3329 4109 3420 4163 καὶ
3475 4116 3580 4178 τῆς
3637 4104 3839 4182 E9180;-

2202 4198 2537 4276 ἀποχωρίζω
2569 4202 2644 4274 (7)
2677 4198 2842 4276 ἄνδρα
2893 4200 2998 4256 ἀπὸ
3048 4207 3146 4269 τῆς
3197 4197 3483 4274 συγκοίτου
3535 4198 3699 4253 αὐτοῦ
3725 4215 3736 4228 ·
3761 4194 3837 4250 καί

2201 4287 2360 4343 τέκνα
2408 4289 2513 4344 ἀπὸ
2562 4290 2790 4364 γονέων,
2820 4289 2908 4344 καὶ
2957 4286 3226 4363 ἀδελφοὺς
3276 4287 3380 4342 ἀπὸ
3428 4285 3684 4362 ἀδελφῶν
3716 4304 3729 4317 ·
3761 4283 3836 4339 καὶ

2201 4377 2254 4432 τί
2285 4375 2470 4432 πολλᾶ
2499 4378 2644 4455 λέγω
2690 4379 2808 4434 κατ’
2837 4377 3014 4453 ἔμοῦς
3050 4373 3164 4453 ἔχω
3217 4376 3453 4454 ἄγγελον
3516 4377 3611 4432 τὸν
3667 4394 3840 4449 καταρ-

2201 4466 2398 4542 γοῦντά
2458 4488 2564 4541 με,
2622 4470 2713 4523 τὸν
2793 4468 2956 4545 μέγαν
3013 4465 3308 4523 Βαλθιοῦλ.
3367 4467 3622 4538 ’Πμοίως
3675 4464 3760 4520 καὶ
3809 4464 3839 4530 ἡ

2203 1965 2402 2048 ἔψησαν

432 4555 564 4610 liter
589 4559 647 4611 et
693 4560 857 4611 sexta
903 4557 1027 4612 ait:
1062 4557 1178 4628 Ego
1229 4572 1362 4611 sum
1412 4560 1606 4624 Error,
1663 4573 1759 4611 rex
1789 4556 2064 4614 Salomon

2205 4557 2425 4629 πέμπτη
2484 4551 2582 4634 ἔφη
2620 4574 2633 4587 ⁸
2668 4556 2804 4632 Ἐγώ
2865 4557 2980 4629 εἶ’μι
3043 4558 3314 4629 Δύναμις·
3375 4553 3607 4628 δυνάμει
3661 4553 3841 4627 τυράν-

432 4649 490 4699 et
519 4649 575 4699 te
605 4644 892 4716 decipiam
942 4645 1095 4700 sicut
1143 4649 1202 4700 et
1247 4645 1470 4717 decepi,
1524 4649 1579 4702 et
1629 4645 1737 4701 feci
1774 4649 1839 4701 ut
1869 4646 2091 4702 interfi-

431 4749 590 4789 ceres
641 4733 880 4788 fratrem
928 4739 1137 4802 tuum;
1187 4751 1292 4805 ego
1340 4734 1566 4806 decipio
1606 4753 1728 4803 vos,
1782 4741 1841 4790 ut
1894 4738 2090 4808 explo-

428 4825 635 4878 rentur
680 4821 988 4894 sepulcra;
1035 4827 1092 4878 et
1147 4824 1460 4879 elfossores
1514 4825 1732 4883 doceo:
1778 4831 1834 4880 et
1861 4826 2090 4882 animas

428 4916 619 4968 averto
661 4913 734 4966 ab
781 4912 940 4966 omni
990 4911 1304 4984 religione;
1356 4917 1414 4968 et
1445 4912 1557 4967 alia
1593 4913 1778 4968 multa
1820 4931 1999 4986 prava
2030 4916 2087 4970 in

427 5017 557 5069 me;
605 5002 792 5056 habeo
841 5005 1036 5056 autem
1086 5001 1360 5072 angelum
1412 5002 1511 5072 qui
1561 5020 1654 5058 me
1705 5004 2084 5075 impotentem

425 5089 566 5145 facit
615 5089 788 5145 Uriel.
835 5090 1115 5147 Similiter
1163 5095 1219 5146 et
1263 5091 1514 5164 septima
1568 5091 1758 5149 dixit:
1795 5093 1910 5164 Ego
1955 5110 2084 5149 sum

423 5178 724 5249 Pessima;
775 5183 831 5234 et
883 5184 938 5235 te
997 5181 1194 5253 ipsum
1242 5181 1594 5252 depravabo,
1637 5181 1773 5252 quia
1803 5181 2083 5239 inducam

421 5265 618 5322 Dianae
653 5285 856 5338 nexus,
891 5286 1016 5341 quae
1061 5270 1299 5327 tandem
1334 5285 1426 5325 me
1477 5269 1788 5342 liberabit;
1821 5287 1923 5343 per
1953 5288 2079 5328 eam

489 5579 567 5650 (6)
598 5578 727 5652 Haec
762 5579 833 5634 ad
868 5594 1057 5652 marg.
1084 5585 1252 5652 sunt.

598 5650 661 5707 In
692 5655 853 5707 textu
884 5648 1196 5725 άποᾶχίζω,

2200 4667 2325 4707 νους
2379 4646 2602 4717 ἀνιστῶ,
2661 4645 2906 4720 βασιλεῖς
2952 4647 3218 4720 καθιιρῶ,
3270 4650 3399 4699 πᾶσι
3456 4650 3579 4707 τοῖς
3637 4645 3841 4699 ὑπεναν-

2197 4733 2338 4797 τίοις
2370 4735 2596 4809 παρέχω
2627 4731 2858 4806 δύναμιν
2893 4752 2906 4764 ·
2940 4728 3055 4808 ἔχω
3109 4733 3340 4809 ἁγγελον
3390 4731 3484 4788 τὸν
3526 4734 3840 4808 καταργοῦν·

2195 4825 2263 4878 τά
2319 4843 2384 4896 με
2415 4825 2742 4899 Ἀστεραώο.
2776 4821 3020 4898 Ὁμοίως
3070 4823 3156 4878 καὶ
3220 4825 3255 4892 ἡ
3309 4819 3437 4892 ἕκτη
3501 4820 3605 4900 ἔφη
3642 4841 3655 4854 ·
3712 4819 3840 4894 Ἐγώ

2197 4913 2310 4984 εἶμι
2345 4912 2557 4983 Πλάνη,
2599 4911 2823 4988 βασιλΞῦ
2856 4910 3152 4984 Σολομῶν,
3185 4911 3275 4967 καὶ
3320 4912 3378 4966 σὲ
3427 4909 3486 4966 δὲ
3534 4909 3726 4966 πλανῶ
3774 4909 3839 4967 ὡς

2194 5003 2282 5057 καὶ
2316 5005 2394 5076 (8)
2422 5001 2703 5072 ὲπλάνησά
2735 5023 2791 5056 σε
2824 5004 2945 5076 (sic)
2992 5002 3081 5056 καὶ
3133 5001 3365 5071 ἐποίησα
3413 5000 3718 5069 ἆποκτῆναι
3757 4998 3835 5052 τὸν

2193 5088 2428 5168 ἀδελφόν
2488 5112 2581 5145 σου
2618 5110 2628 5122 ·
2681 5089 2787 5166 ἐγὼ
2853 5090 3048 5146 πλανῶ
3119 5093 3271 5164 ἡμᾶς
3338 5090 3502 5162 (ὑμᾶς
3535 5090 3594 5160 Ῡ)
3651 5089 3836 5163 τάφους

2193 5179 2408 5256 ἐρευνᾷν
2465 5197 2478 5210 ·
2535 5180 2624 5234 καὶ
2695 5177 2979 5254 διορύκτας
3037 5176 3276 5234 διδάσκω
3323 5197 3335 5210 ·
3396 5176 3484 5232 καὶ
3548 5174 3837 5231 ἀποπλανῶ

2191 5270 2372 5346 ψυχὰς
2400 5268 2505 5326 ἀπὸ
2535 5268 2714 5340 πάσης
2755 5264 3050 5340 εὐσεϐείας,
3083 5268 3172 5324 καὶ
3219 5265 3378 5344 ἕτερα
3424 5265 3615 5322 πολλὰ
3672 5260 3838 5342 φαῦλα

2253 5585 2330 5657 (8)
2360 5581 2562 5657 Verba
2583 5575 2641 5634 δὲ
2669 5576 2861 5636 πλανῶ
2889 5579 2962 5644 ὡς
3002 5577 3096 5635 καὶ
3128 5579 3190 5637 in
3222 5592 3405 5652 marg.
3443 5591 3730 5650 supremo
3758 5572 3838 5629 iu-

2185 5655 2342 5714 serta
2368 5655 2664 5727 leguntur.
