4084 6218
262 333 419 394 1329

1408 334 2004 399 TESTAMENTUM
2050 332 2524 395 SALOMONIS.

3519 338 3678 400 1330

250 462 307 517 ἓν
368 462 516 535 ἐμοί’
551 456 664 537 ἔχω
722 459 780 517 ὂὶ
825 462 917 517 τὸν
969 465 1345 540 καταργοῦντά
1407 486 1474 538 με
1522 464 1756 541 ἄγγελον
1806 464 1911 523 Οὐ-

2032 466 2186 522 enim
2238 466 2466 536 oportet
2512 467 2568 519 te
2619 463 2904 519 facescere
2946 463 3506 535 concupiscentiam,
3560 468 3675 523 nisi

251 551 407 627 ριήλ.
437 551 674 624 Ὁμοίως
722 552 813 605 καὶ
867 554 900 622 ἡ
949 548 1157 626 ἑϐδόμη
1220 548 1344 631 ἔφη’
1380 556 1526 630 Ἐγώ
1588 555 1699 629 εἶμι
1750 554 1913 610 Κακί-

254 660 375 711 στη·
409 641 499 695 καὶ
551 640 608 694 σε
662 639 820 696 αὐτὸν
878 646 1029 696 κακῶ
1063 661 1075 674 ⁸
1111 644 1194 697 ὅτι
1260 643 1536 699 κελευστῶ
1587 642 1914 718 (κελευσῶῗ)

255 727 573 807 Ἀρτέμιδος
625 727 877 803 δεσμούς·
912 733 947 801 ἡ
1000 729 1057 786 δὲ
1106 730 1257 807 ἄχρις
1310 754 1375 807 με
1424 733 1614 788 λύσει·
1651 731 1721 788 δι’
1753 732 1918 799 αὐτῆς

2027 557 2338 612 adversum
2386 571 2479 609 me
2529 553 2886 609 desiderium
2959 554 3261 625 sapientiae
3316 555 3564 628 feceris;
3624 560 3674 614 si

2029 645 2162 717 quis
2222 645 2380 700 enim
2441 644 2679 716 sapiens
2737 649 2913 711 esset,
2976 660 3090 700 non
3149 644 3218 699 ad
3280 661 3372 700 me
3431 652 3679 705 verteret

2030 752 2296 806 gressus.

253 818 355 895 γάρ
410 841 468 874 σε
507 816 590 874 δεῖ
644 821 841 895 πρᾶξαι
884 822 981 890 τήν
1032 820 1344 896 ἐπιθυμίαν,
1378 822 1532 897 (ἐμὴ)
1584 823 1716 897 [ἐμὴ
1759 826 1860 897 εἰσ,
1892 822 1937 877 εἰ
1996 824 2133 896 μήῗ]
2182 822 2298 877 κατ’
2352 820 2591 895 ὶμαυτῆς
2639 823 2737 891 τὴν
2789 820 3080 895 ἐπιθυμίαν
3137 828 3239 892 τῆς
3292 820 3481 901 σοφίας
3515 842 3528 855 ·
3589 822 3678 879 ἐὰν

259 910 361 985 γὰρ
392 909 459 978 ἧν
491 930 574 971 τις
609 910 796 986 σοφὸς,
832 910 931 965 οὐκ
959 909 1249 988 ἐπιστρέψῃ
1282 911 1434 988 ἴχνος
1462 913 1598 990 πρός
1635 934 1720 986 με.

322 1015 465 1090 Ἐγὼ
497 1014 554 1071 δὲ
611 1015 891 1091 Σολομῶν
947 1018 1180 1081 ἀκούσας
1239 1021 1330 1075 καὶ
1388 1020 1666 1095 Θαυμάσας
1718 1021 1913 1097 ἐσφρά-

250 1125 379 1179 γισα
435 1105 598 1168 αὐτὰς
651 1104 702 1161 ἐν
761 1111 840 1179 τῷ
893 1104 1246 1182 δακτυλιδίῳ”
1279 1110 1369 1164 καὶ
1419 1107 1605 1179 ἐπειδὴ
1656 1110 1911 1165 ταῦτοκαι

250 1194 561 1266 (εί6)ἦσαν,
602 1194 857 1251 ἰκὲλευσα
915 1196 1078 1259 αὐτὰς
1139 1196 1384 1273 ὀρύσσειν
1438 1199 1565 1260 τοὺς
1627 1197 1914 1272 θεμελίους

248 1286 345 1337 τοῦ
393 1287 523 1337 ναοῦ
572 1288 669 1338 τοῦ
720 1289 874 1339 Θεοῦο
908 1284 1022 1339 ἐπεὶ
1069 1283 1376 1349 διακοσίους
1427 1289 1768 1358 πεντήκοντα
1806 1289 1912 1358 πή-

252 1389 375 1445 χεις
423 1373 489 1440 ἦν
541 1373 603 1426 τὸ
657 1380 872 1445 μῆκος·
927 1371 1100 1452 ἴφησα
1145 1372 1201 1430 δὲ
1249 1376 1413 1438 αὐτὰς
1467 1376 1718 1441 εὐτόνους
1782 1377 1911 1431 εἶναι

250 1460 340 1516 καὶ
396 1465 592 1523 κοινῶς
649 1462 977 1537 γογγύταται
1034 1462 1249 1518 τελέσαι
1308 1465 1375 1519 τὰ
1419 1464 1771 1530 κελευσθέντα
1820 1464 1914 1519 αὐ-

248 1554 367 1610 ταῖς
416 1550 842 1625 κατηργάζοντο.
894 1552 1029 1625 Ἐγὼ
1089 1549 1146 1607 δὲ
1203 1552 1476 1626 Σολομῶν
1538 1552 1764 1625 δοξάσας
1820 1555 1911 1609 τὸν

253 1638 475 1713 Κύριον,
535 1636 790 1694 ἐκέλευσα
846 1642 1098 1715 παρεῖναί
1177 1663 1273 1715 μοι
1338 1639 1518 1718 ἕτερον
1602 1641 1909 1717 δαιμόνιον.

251 1727 352 1781 Καὶ
402 1726 738 1802 προσενὲχθη
799 1750 891 1801 μοι
961 1727 1243 1803 δαιμόνιον
1307 1729 1592 1805 ἄνθρωπος
1653 1728 1798 1807 ἔχων
1847 1731 1915 1786 τὰ

250 1815 424 1872 πάντα
484 1816 653 1890 μέλη,
710 1818 981 1896 ἀκέφαλος
1040 1818 1097 1875 δέ
1130 1841 1142 1853 ·
1178 1821 1326 1895 κάγὼ
1385 1819 1513 1876 ἰδὼν
1548 1822 1695 1877 εἶπον
1725 1821 1872 1892 αὐτῷ
1895 1826 1906 1837 ⁹

2094 1023 2213 1094 Ego
2244 1020 2519 1077 Salomon
2552 1020 2797 1077 audiens
2828 1025 2886 1076 et
2936 1019 3259 1091 admirans,
3309 1020 3537 1093 signavi
3576 1039 3676 1080 eas

2025 1110 2267 1179 annulo,
2300 1116 2357 1166 et
2388 1111 2599 1165 deinde
2629 1110 2833 1181 quales
2854 1114 3039 1175 erant,
3080 1109 3227 1180 jussi
3261 1113 3325 1163 ut
3355 1110 3675 1166 elfoderent

2023 1201 2412 1255 fundamenta
2444 1201 2649 1271 templi
2684 1200 2963 1271 quoniam
3005 1198 3095 1253 bis
3148 1202 3380 1253 centum
3413 1202 3469 1253 et
3497 1199 3672 1269 quin-

2024 1291 2309 1361 quaginta
2356 1290 2688 1345 cubitorum
2741 1293 2865 1344 erat
2912 1288 3256 1359 longitudo;
3298 1287 3443 1342 dixit
3472 1294 3670 1344 autem

2024 1395 2122 1435 eas
2156 1380 2429 1435 robustas
2462 1396 2627 1446 esse;
2663 1383 2721 1433 et
2751 1378 2969 1449 pariter
3016 1382 3455 1432 murmurantes
3511 1378 3673 1449 operi

2024 1469 2347 1537 instabant,
2379 1473 2441 1523 ut
2464 1468 2637 1538 jussa
2678 1468 3041 1539 perficerent.
3076 1466 3193 1537 Ego
3227 1466 3501 1521 Salomon
3536 1465 3667 1521 lau-

2024 1558 2170 1613 dans
2202 1558 2387 1613 Deum
2419 1556 2665 1629 praecepi
2699 1560 2763 1611 ut
2790 1557 3021 1611 adesset
3047 1554 3191 1609 mihi
3225 1555 3375 1610 alius
3407 1556 3666 1624 daemon;

2022 1650 2079 1701 et
2108 1647 2368 1702 oblatum
2402 1650 2491 1701 est
2518 1645 2663 1700 mihi
2695 1644 3074 1713 daemonium,
3098 1643 3274 1698 homo
3305 1643 3528 1699 habens
3550 1660 3669 1699 om-

2024 1736 2122 1790 nia
2169 1735 2453 1802 membra,
2488 1736 2590 1791 sed
2640 1733 2994 1805 acephalus;
3047 1737 3103 1788 et
3151 1749 3257 1805 ego
3288 1732 3491 1787 videns
3548 1733 3666 1788 dixi

2022 1825 2075 1881 ei
2111 1841 2124 1880 :
2160 1824 2360 1880 Indica
2392 1824 2536 1879 mihi
2570 1825 2702 1895 quis
2734 1825 2836 1879 sis.
2871 1824 2977 1888 Qui
3010 1822 3130 1879 ait:
3169 1822 3527 1877 Damonium
3561 1839 3664 1877 ex-

250 1909 387 1982 Λὲγε
429 1928 521 1979 μοι
556 1906 618 1961 σὺ
661 1907 743 1969 τίς
788 1909 852 1965 εἶ.
886 1910 947 1966 Ὁ
999 1907 1056 1964 δὲ
1104 1910 1267 1967 εἶπεν.
1303 1910 1594 1983 Δαιμόνιόν
1643 1910 1778 1983 εἶμι.
1812 1909 1906 1965 Εἶ-

2025 1914 2182 1969 sisto.
2234 1914 2304 1969 Et
2361 1913 2477 1968 dixi
2513 1931 2527 1971 :
2559 1913 2732 1978 Quis!
2785 1912 2893 1976 Qui
2928 1912 3229 1982 respondit
3272 1912 3389 1983 Ego
3438 1910 3662 1965 Invidia

248 2016 350 2049 πον
402 1992 459 2049 δὲ
496 1995 666 2068 αὐτῷ.
702 1996 922 2067 ΤίςςὈ
980 1995 1036 2052 δὶ
1086 1995 1210 2074 ἔφη.
1266 1999 1411 2075 Ἐγὼ
1447 1999 1721 2073 καλοῦμαι
1769 1997 1907 2052 Φθό-

246 2103 386 2147 νοςο
441 2083 546 2159 ἐγὼ
627 2086 727 2161 γὰρ
805 2085 1041 2165 κεφαλὰς
1110 2085 1289 2157 ἡδέως
1368 2087 1672 2158 κατεσθίω,
1735 2087 1906 2142 θέλων

246 2173 465 2247 ἐμαυτῷ
519 2174 761 2251 κεφαλὴν
813 2178 1294 2250 περιποιήσασθαι,
1348 2179 1437 2232 καὶ
1511 2176 1572 2232 οὐ
1628 2176 1904 2253 χορτάζω,

246 2261 501 2336 ἰπιθυμῶ
559 2260 616 2318 δὲ
663 2266 909 2341 κεφαλὴν
964 2267 1220 2336 τοιαύτην
1270 2261 1438 2342 ἔχειν,
1499 2265 1613 2321 ο“ίαν
1670 2268 1759 2321 καὶ
1821 2265 1906 2321 σύ·

248 2356 423 2406 Ταῦτα
482 2350 716 2414 ἀκούσας
776 2352 880 2429 ἐγὼ
939 2352 1213 2427 Σολομῶν
1273 2355 1566 2431 ἐσφραγισα
1623 2356 1773 2425 αὐτὸ,
1822 2354 1909 2410 ἐκ·

245 2440 426 2503 τείνας
482 2443 580 2510 τήν
639 2443 801 2518 χεῖρά
862 2465 968 2516 μου
1015 2445 1151 2498 κατᾶ
1194 2448 1291 2498 τοῦ
1337 2447 1567 2515 στήθους
1600 2445 1788 2516 αὐτοῦ,
1818 2445 1908 2499 καὶ

252 2527 593 2600 ἀνεπήδησεν
627 2531 654 2584 ὁ
687 2529 895 2604 δαίμων
955 2533 1044 2587 καὶ
1103 2531 1317 2609 ἔρριψεν
1369 2534 1580 2603 ἑαυτὸν,
1628 2534 1719 2588 καὶ
1758 2532 1912 2609 ἐγόγ-

246 2641 404 2697 γυσεν
457 2619 650 2689 εἰπὼν,
681 2619 876 2693 Οἷ’μοι,
912 2626 1017 2676 ποῦ
1065 2623 1339 2698 πάρειμις
1396 2624 1440 2676 ὧ
1491 2621 1735 2699 προδότα
1785 2625 1910 2698 Ὀρ-

249 2706 359 2777 νία,
392 2706 455 2762 οὐ
518 2707 725 2782 βλέπω.
762 2716 936 2787 "Ecan
989 2707 1047 2764 δὲ
1096 2710 1246 2783 αὖτῷ
1285 2710 1389 2785 ἐγὼ
1446 2709 1743 2785 Σολομὼν·
1777 2710 1911 2787 Λέγε

257 2816 353 2868 μοι
398 2798 502 2871 γὰρ
552 2797 713 2862 πόθεν
770 2796 1010 2873 βλέπεις.
1043 2801 1102 2856 Ὁ
1155 2797 1211 2854 δὲ
1250 2796 1377 2877 ἔφη,
1432 2802 1529 2855 Διὰ
1573 2806 1681 2855 τῶν
1722 2806 1906 2865 παθῶν

258 2905 388 2957 μου.
422 2887 589 2960 Κάγὼ
641 2888 731 2941 οὖν
776 2888 1045 2960 Σολομῶν
1095 2890 1194 2957 τὴν
1243 2887 1437 2944 ἄνοδον
1467 2897 1570 2959 τῆς
1600 2897 1786 2965 φωνῆς
1817 2890 1911 2943 αὐ-

256 2975 354 3028 τοῦ
409 2974 664 3041 ἀκούσας,
717 2976 806 3030 καὶ
866 2975 1043 3031 θὲλων
1101 2975 1463 3053 εὐδηλότερον
1516 2980 1723 3051 μαθεῖν,
1784 2979 1914 3048 ἔπη-

259 3063 485 3133 ρώτησα
541 3064 722 3131 αὐτὸν,
786 3066 949 3120 Πόθεν
1008 3065 1235 3137 λαλεῖς;
1297 3063 1395 3142 ἔφη
1460 3065 1516 3121 δὲ
1573 3086 1694 3139 μοι·
1748 3068 1912 3142 Ἐγὼ,

266 3151 489 3226 βασιλεῦ
524 3152 817 3226 Σολομῶν,
852 3154 998 3216 ὅλως
1030 3157 1182 3232 φωνή
1235 3154 1370 3225 εἰμὶ,
1404 3152 1630 3210 πολλῶν
1678 3156 1778 3232 γὰρ
1828 3157 1914 3210 ἀν-

263 3240 497 3314 θρώπων
548 3243 728 3314 φωνὰς
774 3243 1333 3319 κατεκληρονόμησα·
1388 3246 1505 3299 ὅσοι
1555 3246 1658 3321 γὰρ
1709 3247 1913 3320 ἄνθρωα-

258 3350 356 3383 ποι
388 3327 685 3386 καλοῦνται
715 3333 921 3411 κωφοὶ,
951 3332 1156 3388 τούτων
1209 3334 1314 3409 ἐγὼ
1359 3335 1455 3396 τὰς
1500 3332 1744 3410 κεφαλὰς
1788 3356 1916 3390 κατ-

260 3418 487 3491 ὲκλησα,
549 3420 638 3477 ὅτε
713 3421 904 3478 παιδία
979 3428 1288 3499 γεννῶνται,
1350 3425 1439 3479 καὶ
1493 3428 1714 3501 ἡμερῶν
1771 3425 1915 3479 ὀκτὼ

258 3508 523 3584 φθάσωσι,
556 3510 679 3566 τότε
732 3511 1021 3575 κλαίοντος
1056 3518 1152 3568 τοῦ
1183 3511 1404 3569 παιδίου
1451 3516 1644 3576 νυκτὸς
1694 3514 1915 3591 γίνομαι

256 3602 507 3670 πνεῦμα’
570 3601 661 3654 καὶ
722 3599 811 3655 διὰ
856 3605 955 3666 τῆς
1016 3605 1199 3679 φωνῆς
1260 3602 1425 3657 αὐτοῦ
1476 3602 1910 3678 ἐπεισέρχομαι’

257 3684 491 3761 ἐνορίαις
539 3689 628 3742 καὶ
680 3690 820 3743 πάνυ
873 3688 1131 3759 διακονῶ,
1181 3693 1267 3746 καὶ
1318 3691 1380 3745 τὸ
1440 3692 1747 3764 συνάντημά
1809 3714 1913 3765 μου

260 3769 528 3851 βλαϐερόν
584 3775 746 3831 ἐστιν’
792 3778 881 3832 καὶ
939 3779 1136 3840 εὐθέως
1190 3774 1375 3834 λαϐὼν
1422 3785 1543 3843 ταῖς
1598 3780 1753 3855 χερσί
1814 3801 1913 3854 μο-

258 3863 334 3923 ὡς
396 3864 483 3919 ἐπὶ
537 3865 689 3942 ξίφος
743 3867 843 3935 τὴν
903 3866 1145 3944 κεφαλὴν
1200 3867 1511 3941 ἆποτὲμνω’
1548 3869 1637 3923 καὶ
1696 3890 1917 3943 προστι-

257 3954 336 4007 θῶ
375 3951 614 4026 ἐμαυτῷ·
659 3954 749 4009 καὶ
802 3954 976 4018 οὕτως
1030 3957 1130 4011 ὑπὸ
1177 3958 1347 4031 πυρὸς
1396 3961 1491 4010 τοῦ
1523 3954 1678 4020 ὄντος
1704 3957 1755 4011 ἐν
1789 3957 1914 4031 ἐμοὶ

260 4036 350 4095 διὰ
404 4046 503 4095 τοῦ
562 4043 852 4117 τραχήλου
904 4042 1362 4100 καταδαπανᾶται·
1416 4045 1522 4120 ἐγὼ
1580 4044 1694 4118 εἶμι
1746 4047 1773 4099 ὁ
1818 4047 1915 4109 τὰς

253 4130 532 4202 πηρώσεις
597 4132 693 4193 τὰς
767 4132 1009 4207 μεγάλας
1079 4134 1168 4188 καὶ
1239 4133 1632 4210 ἀθεραπεύτους
1691 4134 1741 4188 ἐν
1797 4139 1914 4197 τοῖς

260 4218 421 4273 ποσὶν
452 4218 798 4292 ἐπιπέμπων,
828 4223 919 4277 καὶ
961 4221 1098 4294 ἕλκη
1145 4222 1380 4297 ἐμποιῶ.
1415 4224 1588 4297 Κάγὼ
1642 4222 1909 4295 Σολομῶν

254 4306 487 4369 ἀκούσας
532 4313 722 4379 ταῦτα,
756 4311 907 4365 εἶπον
954 4311 1122 4384 αὐτῷ·
1165 4314 1306 4387 Λέγε
1358 4334 1450 4385 μοι
1493 4313 1585 4366 οὗν
1626 4318 1742 4374 πῶς
1792 4312 1913 4367 ἐπα-

256 4394 384 4469 φίης
439 4398 501 4452 τὸ
560 4402 692 4474 πῦρ,
742 4400 831 4478 ἀφ’
884 4402 959 4454 ὧν
1021 4400 1365 4475 ἀποπέμπεις
1421 4402 1469 4474 ἐξ
1520 4400 1908 4479 αὐτῶν;Ἕφη

255 4482 312 4539 δὲ
373 4507 467 4560 μοι
523 4488 587 4542 τὸ
640 4487 876 4563 πνεῦμα,
926 4491 1064 4545 Ἀπὸ
1120 4498 1217 4560 τῆς
1276 4490 1548 4556 ἀνατολῆς
1582 4510 1595 4524 ⁶
1643 4488 1749 4545 ὧδε
1806 4491 1911 4567 γὰρ

253 4571 409 4629 οὔπω
468 4577 663 4651 εὑρέθη
724 4579 974 4641 κάκεῖνος
1018 4575 1350 4655 Ἐλϐουρίων
1408 4580 1483 4642 ὡς
1543 4579 1790 4655 ἐπευχῶν
1848 4581 1910 4635 τὸ

252 4664 386 4718 αὐτὸ
443 4667 531 4720 καὶ
584 4665 894 4741 λυχναψίαν
942 4667 1089 4740 αὐτῷ
1146 4669 1197 4722 οἱ
1245 4668 1521 4744 ἅνθρωποι
1578 4668 1909 4723 ἐπιτελοῦσι’
1944 4640 1988 4707 D

250 4752 502 4807 κάκείνου
530 4756 594 4810 τὸ
644 4753 833 4829 ὅνωμα
873 4759 995 4831 (sic)
1028 4778 1045 4814 :
1075 4785 1156 4813 =
1198 4754 1395 4830 ὄνομα)
1443 4756 1830 4813 ἐπικαλοῦνται
1861 4759 1911 4813 οἱ

254 4842 389 4897 ἔπτὰ
454 4840 711 4916 δαίμονες
799 4846 1026 4901 ἐνώπιόν
1108 4868 1212 4920 μου
1248 4866 1260 4879 ·
1320 4848 1565 4908 κάκεῖνος
1634 4846 1911 4919 θεραπεύει

254 4930 473 4993 αὐτούς.
525 4934 692 4989 Εἶπον
753 4933 812 4989 δὲ
870 4936 1035 5008 αὐτῷ·
1081 4935 1215 4993 Εἰπέ
1272 4958 1363 5009 μοι
1415 4936 1477 4990 τὸ
1521 4931 1696 5009 ὄνομα
1726 4937 1909 4992 αὐτοῦ·

251 5020 315 5077 Ὀ
351 5018 409 5075 δὲ
440 5015 566 5095 ἔφη’
604 5022 680 5079 Οὐ
714 5020 949 5096 δύναμαί
983 5045 1064 5079 σοι
1098 5025 1266 5080 εἰπεῖν
1289 5044 1300 5057 ’
1336 5026 1426 5079 ἐὰν
1475 5026 1579 5101 γὰρ
1633 5024 1771 5081 εἷ’πω
1819 5026 1914 5080 αὖ·

250 5115 349 5164 τοῦ
399 5111 463 5165 τὸ
541 5109 741 5187 ὄνομα,
794 5115 1158 5191 ἀθεράπευτον
1237 5115 1467 5188 ἐμαυτὸν
1544 5121 1725 5171 ποιῶ·
1789 5114 1915 5172 ἀλλ’

252 5197 455 5261 ἐκεῖνος
508 5199 683 5265 ἐλθὼν
745 5202 831 5257 ἰπὶ
886 5202 1015 5258 αὐτὸ
1070 5206 1132 5259 τὸ
1188 5201 1385 5278 ὄνομα.
1422 5205 1518 5258 Καὶ
1548 5210 1716 5260 ταῦτα
1748 5205 1917 5260 ἀκού-

254 5308 347 5349 σας
397 5286 502 5362 ὲγὼ
560 5290 833 5365 Σολομῶν
894 5294 1041 5347 εἶπον
1102 5293 1248 5365 αὐτῷ
1280 5312 1293 5327 ⁸
1355 5293 1489 5350 Είπὲ
1523 5314 1616 5367 μοι
1665 5292 1755 5348 οὖν
1814 5294 1918 5349 ὑπὸ

2012 2019 2186 2058 vocor
2215 2021 2228 2070 ;
2262 2002 2455 2074 capita
2485 2004 2640 2057 enim
2667 2002 2928 2072 jucunde
2958 2001 3222 2070 comedo,
3253 1999 3453 2055 volens
3484 1998 3658 2053 mihi-

2018 2098 2136 2147 met
2166 2096 2340 2163 caput
2372 2091 2653 2162 praestari,
2698 2096 2756 2146 et
2805 2108 2921 2146 non
2971 2090 3179 2159 satior;
3233 2088 3498 2144 desidero
3553 2104 3658 2142 au-

2018 2186 2137 2237 tem
2169 2180 2284 2236 tals
2338 2184 2512 2251 caput
2562 2179 2796 2248 habere,
2832 2179 3003 2251 quale
3037 2183 3093 2234 et
3124 2183 3208 2233 tu.
3242 2181 3375 2233 Haec
3415 2176 3663 2233 audiens

2018 2288 2123 2343 ego
2156 2270 2432 2326 Salomon
2466 2268 2685 2340 signavi
2717 2285 2875 2334 eum,
2909 2269 3227 2324 extendens
3258 2283 3499 2322 manum
3543 2282 3667 2320 ωδε

2019 2378 2111 2415 am
2145 2361 2202 2415 in
2238 2364 2440 2432 pectus
2471 2360 2634 2430 ejus;
2668 2357 2920 2429 prosiliit
2950 2357 3200 2425 daemon,
3231 2359 3288 2410 et
3317 2372 3379 2411 se
3411 2354 3671 2427 praecipi-

2019 2455 2134 2505 tem
2168 2450 2364 2515 dabat,
2398 2454 2453 2505 et
2501 2448 2792 2519 ingemuit
2822 2448 3023 2502 dicens
3057 2463 3071 2502 :
3104 2446 3261 2501 Eheu
3290 2446 3301 2500 l
3362 2445 3461 2501 ubi
3492 2460 3623 2500 sum
3651 2441 3663 2496 l

2021 2556 2052 2594 ο
2086 2538 2347 2610 proditor
2374 2538 2573 2607 Arnia,
2606 2536 2807 2590 lumen
2840 2534 3089 2605 perdidi.
3124 2535 3251 2589 Dixi
3302 2534 3353 2589 ei
3404 2550 3511 2604 ego
3562 2534 3667 2588 Sa-

2022 2628 2216 2683 lomon
2252 2644 2264 2681 :
2299 2626 2400 2682 Dic
2432 2625 2585 2681 enim
2616 2624 2757 2679 mihi
2790 2624 2944 2678 unde
2974 2622 3173 2677 videas
3197 2623 3225 2677 ?
3255 2622 3363 2685 Qui
3402 2627 3483 2676 ait
3514 2638 3526 2675 :
3562 2621 3668 2676 Per

2022 2733 2232 2772 sensus
2263 2731 2443 2771 meos.
2480 2719 2597 2786 Ego
2629 2714 2809 2786 igitur
2846 2711 3115 2767 Salomon
3153 2710 3370 2765 inviam
3403 2711 3531 2780 ejus
3561 2726 3662 2764 vo-

2021 2823 2145 2862 cem
2181 2806 2448 2870 audiens,
2473 2814 2526 2859 et
2556 2803 2755 2859 volens
2804 2801 3178 2857 manifestius
3210 2801 3455 2867 discere,
3481 2799 3664 2853 inter-

2022 2896 2211 2966 rogavi
2247 2912 2379 2951 eum
2416 2911 2428 2948 :
2464 2893 2628 2949 Unde
2660 2891 2961 2962 loqueris?
2989 2893 3058 2945 Et
3088 2889 3169 2945 ait
3201 2906 3213 2944 :
3248 2889 3391 2961 Ego,
3425 2904 3523 2943 rex
3555 2887 3658 2942 Sa-

2022 2983 2245 3049 lomon,
2278 2988 2438 3039 totus
2469 2999 2575 3038 vox
2602 2997 2759 3047 sum,
2792 2978 3117 3035 multorum
3148 2978 3305 3033 enim
3357 2976 3665 3032 hominum

2022 3091 2191 3131 voces
2224 3072 2600 3140 hmreditavi;
2632 3073 2924 3142 quotquot
2954 3067 3109 3123 enim
3142 3067 3248 3121 viri
3283 3065 3430 3122 muti
3461 3081 3668 3121 vocan-

2022 3170 2140 3232 tur,
2174 3164 2384 3219 horum
2416 3178 2521 3234 ego
2552 3160 2746 3231 capita
2773 3157 3035 3215 conclusi
3067 3157 3304 3228 quando
3336 3154 3501 3227 pueri
3531 3170 3671 3209 nas‘

1945 3273 1987 3341 C
2024 3258 2257 3320 cuntur,
2292 3256 2348 3306 et
2376 3250 2585 3305 diebus
2633 3253 2763 3305 octo
2808 3252 3043 3318 tempus
3098 3245 3494 3318 praeveniunt;
3532 3247 3671 3298 tunc

2025 3345 2317 3400 clamante
2343 3338 2610 3412 puerulo,
2647 3340 2718 3394 ﬁo
2751 3336 3018 3410 spiritus,
3072 3341 3130 3391 et
3162 3351 3265 3407 per
3309 3349 3509 3389 vocem
3549 3333 3676 3403 ejus

2026 3432 2330 3500 subintro;
2380 3429 2597 3485 ﬁnibus
2655 3431 2852 3482 custos
2910 3423 3192 3497 invigilo,
3272 3427 3330 3479 et
3396 3438 3676 3478 occursus

2027 3538 2192 3577 meus
2215 3521 2423 3575 noxius
2450 3537 2462 3586 ;
2497 3523 2550 3574 et
2582 3516 2693 3572 cito
2726 3515 3016 3588 arripiens
3048 3513 3346 3581 manibus,
3377 3510 3537 3567 velut
3572 3528 3673 3566 en-

2024 3627 2086 3669 se
2117 3613 2295 3682 caput
2327 3611 2592 3679 amputo,
2624 3609 2683 3661 et
2712 3604 3133 3676 superimpono
3162 3600 3344 3672 mihi;
3375 3605 3433 3656 et
3462 3599 3548 3655 sic
3600 3599 3672 3654 ab

2022 3700 2158 3773 igne
2214 3700 2407 3754 stante
2454 3697 2514 3750 in
2570 3711 2662 3751 me
2716 3711 2820 3765 per
2867 3692 3085 3748 collum
3127 3689 3527 3755 consumitur;
3562 3703 3668 3757 ego

2023 3807 2157 3845 sum
2188 3787 2286 3858 qui
2316 3785 2585 3842 laesioues
2630 3799 2877 3855 magnas
2926 3788 2984 3837 et
3031 3778 3393 3836 insanabiles
3419 3777 3669 3850 pedibus

2024 3878 2292 3945 immitto,
2323 3879 2379 3931 et
2410 3873 2607 3929 ulcera
2638 3874 2805 3928 facio.
2839 3872 2907 3926 Et
2936 3888 3040 3943 ego
3070 3869 3345 3926 Salomon
3397 3866 3668 3936 audiens,

2023 3967 2141 4021 dixi
2198 3965 2298 4026 ei;
2372 3964 2571 4019 Indica
2618 3960 2764 4017 mibi
2822 3960 2998 4031 igitur
3067 3958 3358 4030 quomodo
3433 3955 3670 4011 emittas

2020 4056 2217 4126 ignem
2247 4072 2260 4122 ;
2295 4071 2327 4109 a
2357 4053 2575 4123 quibus
2606 4050 2887 4105 amandes
2918 4048 3083 4103 illud.
3116 4048 3187 4102 Et
3233 4047 3315 4102 ait
3371 4044 3618 4117 spiritus
3654 4060 3668 4098 :

2020 4144 2104 4197 Ab
2129 4141 2361 4197 Oriente
2396 4158 2408 4194 ε
2443 4138 2534 4194 hic
2566 4139 2721 4193 enim
2755 4138 3017 4192 nondum
3051 4135 3325 4189 inventus
3358 4137 3447 4188 est
3475 4132 3671 4187 elhou-

2022 4232 2149 4285 rion
2195 4227 2491 4301 (nebulo?)
2547 4227 2676 4293 iste,
2712 4225 2883 4295 quasi
2918 4225 2988 4279 de
3021 4224 3129 4278 hoc
3159 4223 3289 4293 ipso
3322 4237 3385 4276 se
3411 4221 3671 4290 jactans,

2021 4320 2113 4375 cui
2147 4319 2359 4373 festum
2390 4316 2764 4372 lucernarum
2797 4311 3162 4369 accensionis
3193 4308 3534 4383 persolvunt
3564 4307 3668 4363 bo-

2022 4407 2212 4462 mines
2246 4424 2257 4461 :
2293 4406 2462 4475 cujus
2502 4420 2711 4460 nomen
2744 4402 3015 4457 invocant
3043 4403 3269 4471 septem
3293 4397 3539 4469 spiritus
3569 4412 3668 4452 co-

2021 4513 2145 4551 ram
2181 4511 2290 4560 me,
2318 4499 2376 4549 et
2404 4493 2527 4565 ipse
2562 4492 2825 4548 medetur
2853 4490 2955 4546 eis.
2985 4488 3113 4544 Dixi
3143 4488 3197 4543 ei
3230 4503 3244 4542 :
3276 4486 3477 4542 Indica
3520 4485 3667 4540 mihi

2021 4601 2232 4641 nomen
2276 4584 2421 4653 ejus.
2482 4582 2590 4647 Qui
2644 4581 2724 4637 ait
2781 4580 2909 4637 Non
2969 4594 3211 4648 possum
3268 4576 3564 4645 indicare;
3616 4574 3664 4630 si

2018 4674 2173 4730 enim
2222 4672 2417 4728 dixero
2468 4687 2679 4727 nomen
2730 4670 2880 4741 ejus,
2915 4665 3302 4723 insanabilem
3351 4681 3446 4720 me
3496 4663 3662 4734 facio,

2021 4767 2081 4817 at
2138 4763 2247 4817 iste
2298 4762 2458 4817 venit
2489 4762 2560 4816 ad
2616 4760 2813 4831 ipsum
2859 4771 3094 4813 nomen.
3139 4755 3209 4810 Et
3250 4754 3373 4809 haec
3417 4753 3665 4809 audiens

2020 4868 2125 4924 ego
2174 4850 2445 4906 Salomon
2502 4848 2619 4903 dixi
2667 4847 2717 4903 ei
2751 4865 2763 4903 :
2800 4848 3062 4919 Loquere
3109 4844 3310 4915 igitur,
3342 4860 3446 4914 per
3490 4857 3663 4913 quem

2022 4940 2296 5013 angelum
2348 4939 2643 5009 impotens
2694 4935 2970 4991 efﬁciaris
3019 4939 3103 4989 tu.
3152 4932 3254 4988 Ille
3285 4936 3479 4988 autem
3516 4946 3528 4983 :
3563 4928 3671 4983 Per

2022 5029 2273 5101 ignitum
2306 5027 2524 5099 fulgur,
2558 5025 2658 5080 ait.
2714 5026 2785 5079 Et
2832 5027 3145 5096 postquam
3203 5018 3440 5076 adoravi
3471 5016 3671 5072 Domi-

2023 5135 2165 5173 num
2194 5118 2377 5172 Deum
2437 5112 2817 5184 Israel,jussi
2866 5117 2931 5167 ut
2979 5113 3037 5165 in
3085 5108 3488 5166 observatione
3518 5108 3674 5160 esset

2026 5223 2203 5279 super
2231 5202 2555 5273 Beelzebul,
2590 5202 2923 5274 usquedum
2953 5199 3179 5255 clamor
3230 5196 3360 5251 festi
3393 5208 3673 5264 superve-

2028 5296 2221 5362 niret;
2255 5299 2311 5349 et
2340 5292 2613 5348 mandavi
2647 5296 2710 5347 ut
2740 5291 2972 5347 adesset
3002 5286 3141 5342 mihi
3176 5284 3329 5339 alius
3371 5280 3633 5355 spiritus.

251 5376 685 5470 στοίουῌᾶγγὲλου
714 5385 961 5458 καταργῇ
988 5380 1086 5453 σύ;
1126 5383 1187 5439 Ὁ
1221 5380 1299 5451 δὲ,
1334 5382 1431 5437 Διὰ
1457 5390 1558 5452 τῆς
1589 5382 1837 5459 ἐμπύρου
1868 5384 2150 5457 ἀστραπῆς
2182 5376 2305 5460 ἔφη.
2339 5382 2439 5435 Καὶ
2492 5380 2871 5455 προσκυνήσας
2915 5374 3019 5450 ἐγὼ
3076 5372 3257 5446 Κυρίῳ
3303 5374 3384 5442 τῷ
3416 5372 3545 5470 .9“?
3572 5370 3670 5422 τοῦ

269 5468 496 5539 Ισραὴλ,
530 5468 786 5526 ἐκέλευσα
814 5457 972 5526 αὺτὸν
1023 5470 1073 5526 ἐν
1104 5474 1335 5549 τηρήσει
1368 5473 1499 5528 εἶναι
1526 5471 1614 5528 ἐπὶ
1643 5457 1748 5528 τοῦ.
1769 5470 2103 5544 Βεελζεϐούλ
2130 5493 2141 5506 ·
2181 5457 2377 5548 μέχρις
2411 5470 2537 5526 ὅτου
2582 5467 2664 5540 ἷάξ
2697 5471 2812 5541 (sic)
2843 5462 3233 5539 παραγένηται.
3263 5460 3360 5515 Καὶ
3412 5457 3669 5515 ἐκέλευσα

250 5557 504 5632 παρεῖναί
541 5579 633 5632 μοι
664 5556 846 5639 ἕτερον
876 5558 1181 5634 δαιμόνιον.

323 5662 432 5718 Καὶ
463 5660 603 5735 ἦλθε
634 5667 741 5744 πρὸ
773 5668 1069 5745 προσώπου
1103 5687 1208 5743 μου
1237 5665 1406 5739 κύων,
1434 5668 1495 5726 τὸ
1535 5672 1732 5746 σχῆμα
1761 5667 1905 5745 ἔχων

2089 5668 2158 5727 Et
2212 5669 2372 5727 venit
2421 5668 2483 5725 in
2540 5667 2857 5739 conspectu
2907 5675 3037 5725 meo
3082 5657 3264 5728 canis,
3312 5654 3505 5732 specie
3534 5669 3664 5712 ma-
