4084 6218
435 345 589 405 1331

1399 334 1798 399 APPENDIX
1839 334 1944 393 AD
1989 326 2452 395 MIGHAELEM
2502 334 2889 400 PSELLUM.
3681 340 3811 401 1332

436 491 616 549 gnus,
648 476 707 530 et
734 470 974 529 locutus
1012 473 1102 527 est
1139 486 1277 527 voce
1312 485 1523 539 magna
1553 467 1791 524 dicens:
1818 469 1949 532 Ave,
1982 464 2080 520 do-

2204 461 2365 537 μέγα,
2396 464 2485 518 καὶ
2539 462 2780 538 ἔλάλησε
2837 470 2992 545 φωνῇ
3055 465 3289 543 μεγάλῃ,
3319 468 3407 522 καὶ
3463 466 3816 542 εἶπεν,Χαῖρέ

324 592 337 601 -
436 566 593 619 mine
624 578 724 618 rex
747 561 1042 617 Salomon.
1083 559 1455 631 Stupefactus
1509 573 1615 629 ego
1665 555 1939 612 Salomon
1972 551 2089 606 dixi

438 654 491 709 ei
524 668 538 707 :
574 652 715 720 Quis
746 667 830 721 es,
863 649 1059 707 canis!
1091 649 1199 712 Qui
1231 647 1313 702 ait
1346 665 1361 701 :
1393 647 1566 702 Canis
1599 646 1707 701 tibi
1751 644 1954 698 videor
1993 658 2089 697 ee-

441 759 543 810 se;
576 746 711 796 ante
737 746 792 795 te
843 740 1023 804 enim,
1058 754 1156 791 rex
1196 736 1489 801 Salomon,
1523 752 1629 807 ego
1678 734 1765 787 vir
1795 748 1953 788 eram
2003 731 2088 785 fa-

440 831 600 886 ciens
630 827 928 900 injustain
951 827 1170 882 mundo
1205 828 1410 892 multa;
1432 842 1611 897 supra
1642 825 1880 877 modum
1903 821 2090 875 scien-

440 922 557 976 tias
600 924 897 975 scrutatus
943 934 1100 983 sum,
1141 922 1197 972 et
1250 916 1473 971 viribus
1529 913 1806 986 praevalui
1839 917 2091 968 utastra

436 1009 565 1064 caeli
617 1008 1017 1081 possiderem;
1051 1010 1109 1061 et
1142 1006 1397 1077 plurima
1438 1005 1681 1060 deorum
1729 1020 1906 1074 opera
1961 1018 2089 1072 per-

446 1098 553 1154 feci
581 1123 594 1164 ;
625 1113 730 1169 ego
761 1095 918 1152 enim
946 1095 1092 1151 lado
1123 1095 1395 1150 homines
1443 1098 1645 1149 nostro
1692 1093 1870 1148 sideri
1916 1093 2088 1146 obse-

437 1191 707 1258 quentes,
757 1189 814 1240 et
858 1185 917 1240 in
972 1184 1265 1240 insaniam
1297 1188 1493 1251 verto;
1529 1189 1586 1239 et
1642 1182 1951 1238 freneticos
1982 1181 2086 1237 ho-

435 1276 633 1330 mines
663 1277 901 1346 gutture
930 1274 1165 1330 obtineo
1195 1277 1252 1329 et
1282 1273 1366 1329 sic
1396 1273 1704 1336 interﬁcio,
1741 1271 1864 1326 Dixi
1888 1276 2086 1326 autem

437 1363 491 1420 ei
519 1380 626 1436 ego
655 1362 930 1419 Salomon
960 1380 974 1417 :
1008 1363 1169 1427 Quod
1199 1368 1289 1418 est
1331 1366 1542 1418 n'omeu
1574 1361 1788 1418 tuum?
1818 1361 1924 1424 Qui
1958 1360 2039 1415 ait
2071 1376 2084 1414 :

443 1452 715 1508 Baculus.
748 1452 818 1507 Et
862 1452 979 1506 dixi
1011 1453 1064 1507 ei
1089 1452 1223 1516 Quae
1255 1456 1344 1507 est
1366 1452 1628 1523 operatio
1658 1450 1796 1506 tua?
1824 1455 1902 1505 -et
1948 1448 2086 1519 quid

438 1546 604 1614 potes
635 1540 770 1597 boni
796 1540 1019 1596 facere?
1051 1541 1119 1595 Et
1149 1541 1266 1596 ait:
1301 1541 1386 1596 Da
1417 1540 1562 1595 mihi
1594 1556 1775 1594 unum
1807 1555 1876 1594 ex
1906 1533 2089 1593 servis

438 1631 581 1697 tuis,
605 1635 663 1686 et
683 1630 970 1687 adducam
997 1646 1130 1685 eum
1152 1630 1208 1685 in
1230 1629 1354 1685 loco
1378 1630 1679 1697 montis,et
1697 1628 2003 1685 ostendam
2035 1626 2087 1682 ei

437 1719 695 1792 lapidem
730 1719 1045 1791 praesinum
1081 1718 1447 1782 (luctantem,
1497 1735 1608 1787 quo
1657 1716 1896 1772 ornabis
1940 1722 2086 1771 tem-

2198 550 2351 624 κύριε
2402 552 2624 629 βασιλεῦ
2684 555 2978 631 Σολομῶν.
3037 555 3443 627 Ἐκπληκτικὸς
3499 553 3555 611 δὲ
3607 560 3823 633 γεγονὼς

2198 638 2309 714 ἐγὼ
2362 641 2654 715 Σολομῶν,
2688 646 2835 700 εἶπον
2890 645 3056 718 αὐτῷ·
3090 646 3180 711 Τίς
3230 645 3300 715 εἶ’,
3330 647 3470 701 κύων
3497 666 3511 715 ;
3541 647 3601 703 Ὁ
3646 643 3700 701 δέ
3739 670 3821 718 μοι

2201 726 2325 806 ἔφη·
2362 733 2455 786 Καὶ
2489 732 2631 787 κύων
2665 755 2748 788 σοι
2792 733 2938 790 δοκῶ
2982 737 3142 807 εἶναι,
3172 736 3279 810 πρό
3317 736 3417 811 γὰρ
3469 739 3584 806 σοῦ,
3618 733 3823 809 βασιλεῦ

2202 817 2495 893 Σολομῶν,
2529 820 2634 897 ἐγὼ
2666 821 2954 899 ἅνθρωπος
3003 822 3175 897 ἤμην,
3210 825 3666 899 κατεργαζόμενος
3711 823 3823 879 ἆθέ-

2202 928 2334 979 μιτα
2365 907 2415 963 ἐν
2446 914 2526 980 τῷ
2554 910 2746 985 κόσμῳ
2792 910 2980 968 πολλὰ
3022 915 3140 976 καθ’
3174 907 3486 987 ὑπερϐολὴν
3536 911 3824 990 φιλολογῆ-

2197 1017 2292 1058 σας
2356 998 2690 1076 ὑπερίσχυσα
2746 1002 2837 1056 καὶ
2893 999 3060 1078 ἄστρα
3116 1003 3359 1078 οὐρανῶν
3412 1008 3715 1076 κατασχεῖν·
3744 1002 3826 1056 καὶ

2196 1086 2424 1142 πλείονα
2480 1093 2613 1153 θεῶν
2672 1086 2800 1164 ἔργα
2853 1091 3235 1148 κατεσκεύασα.
3265 1090 3411 1166 Ἐγὼ
3466 1092 3572 1165 γὰρ
3619 1089 3827 1166 βλάπτω

2199 1177 2517 1252 ἀνθρώπους
2545 1178 2671 1242 τοὺς
2718 1178 2799 1254 τῷ
2836 1182 2998 1253 ἡμῶν
3046 1180 3227 1256 ἄστρῳ
3276 1179 3827 1255 παρακολουθοῦντας,

2196 1266 2285 1320 καὶ
2339 1267 2416 1331 εἰς
2464 1266 2686 1343 ἐξηχίαν
2736 1269 2949 1342 τρέπω·
2985 1270 3074 1324 καὶ
3123 1270 3251 1332 τοὺς
3311 1274 3705 1345 φρενητιῶντας
3748 1270 3829 1323 ἆν-

2199 1355 2450 1430 θρώπους
2501 1354 2590 1411 διὰ
2633 1362 2732 1413 τοῦ
2778 1357 3046 1434 λάρυγγος
3096 1363 3300 1435 κρατῶ,
3343 1360 3434 1413 καὶ
3484 1359 3654 1420 οὕτως
3694 1359 3831 1412 ἀναι-

2200 1448 2298 1518 ρῶ.
2335 1451 2506 1522 ’Έφην
2541 1443 2598 1500 δὲ
2627 1446 2774 1519 αύτῷ
2804 1447 2914 1523 ἐγὼ
2948 1447 3251 1521 Σολομῶνο
3281 1447 3349 1505 Τί
3391 1469 3487 1503 σου
3535 1448 3600 1503 τὸ
3635 1444 3829 1519 ὅνομα;

2196 1534 2257 1590 Ὀ
2291 1531 2348 1587 δὲ
2400 1532 2526 1611 ἔφη,
2566 1531 2808 1598 Ῥάὸδος·
2844 1538 2942 1592 Καὶ
3001 1538 3174 1593 εἶπον*
3209 1537 3308 1593 Καὶ
3364 1537 3419 1591 τί
3466 1558 3563 1592 σου
3611 1539 3645 1607 ἡ
3692 1536 3831 1612 ἔργα·

2197 1621 2319 1693 σίας
2369 1624 2456 1678 καὶ
2516 1624 2567 1678 τί
2626 1622 2845 1681 δύνασαι
2897 1632 3280 1703 κατορθῶσαις
3335 1628 3397 1684 Ὁ
3447 1624 3507 1681 δὶ
3562 1621 3683 1703 ἔφη·
3739 1625 3830 1687 Δός

2204 1732 2295 1785 μοι
2362 1710 2643 1789 ἄνθρωπον
2713 1716 2828 1783 σὸν,
2874 1717 2964 1770 καὶ
3044 1716 3306 1792 ἀπαγάγω
3372 1714 3535 1771 αὖτὸν
3589 1714 3641 1769 ἐν
3690 1715 3830 1787 τόπῳ

437 1809 604 1880 plum
630 1807 855 1863 Domini
888 1807 1007 1862 Dei.
1036 1807 1167 1862 Haec
1198 1808 1443 1863 audiens
1475 1824 1579 1878 ego
1612 1807 1907 1873 Salomon,
1932 1805 2080 1876 jussi

2199 1802 2382 1877 ὅρους,
2414 1802 2503 1856 καὶ
2556 1800 2712 1874 δείξω
2760 1803 2907 1877 αὐτῷ
2965 1802 3117 1869 λίθον
3177 1806 3447 1882 πράσυνον
3483 1801 3830 1877 μετασαλευό-

436 1902 504 1953 ut
531 1898 719 1954 abiret
748 1913 951 1953 servus
977 1912 1143 1952 meus
1175 1913 1307 1951 cum
1335 1896 1654 1965 eo,habens
1677 1896 1963 1950 annulum
1999 1895 2079 1950 si-

435 1986 561 2057 gilli
590 1986 691 2041 Dei
738 2001 960 2048 secum,
993 1991 1049 2041 et
1078 1986 1193 2039 dixi
1226 1986 1278 2041 ei
1316 2002 1329 2040 :
1364 1988 1547 2051 Quem
1594 1985 1700 2041 tibi
1758 1984 2082 2040 ostenderit

433 2073 688 2147 lapidem
720 2075 1054 2147 prasinum,
1084 2075 1250 2144 signa
1280 2075 1499 2130 annulo
1534 2075 1662 2141 hoc,
1687 2079 1743 2129 et
1771 2073 2082 2144 diligenter

431 2162 630 2220 locum
661 2163 1053 2230 considera,et
1078 2163 1193 2219 hue
1216 2165 1539 2220 daemonem
1573 2164 1763 2219 adduc
1814 2162 1980 2219 mihi.
2012 2163 2081 2217 Et

433 2252 692 2308 ostendit
730 2251 780 2307 ei
813 2252 1039 2307 daemon
1070 2251 1323 2323 lapidem
1358 2253 1696 2323 prasinum,
1729 2256 1786 2307 et
1833 2251 2082 2322 signavit

434 2346 669 2408 eum,et
688 2341 933 2397 adduxit
964 2341 1110 2397 mihi
1141 2342 1497 2398 daemonium
1527 2359 1542 2413 ;
1601 2347 1659 2398 et
1702 2340 1927 2397 decrevi
1974 2355 2081 2412 ego

433 2428 731 2501 Salomon,
754 2431 975 2485 circum
1009 2431 1254 2502 signans
1286 2432 1490 2487 ambos
1523 2432 1777 2497 dextera,
1798 2435 1862 2485 ut
1891 2431 2080 2502 capite

435 2524 730 2575 carentem
762 2518 1037 2575 similiter
1066 2525 1123 2575 et
1170 2520 1328 2575 hunc
1366 2536 1571 2576 canem
1621 2536 1900 2590 magnum
1949 2518 2079 2573 vin-

433 2609 635 2676 cirem,
669 2612 726 2664 et
756 2609 917 2665 canis
948 2609 1273 2664 custodiret
1296 2609 1565 2681 spiritum
1589 2609 1834 2681 ignitum
1857 2613 1918 2663 ut
1939 2607 2081 2662 lam-

434 2696 720 2766 padarum
755 2696 943 2752 lucem
977 2697 1071 2751 die
1100 2713 1167 2752 ac
1197 2703 1366 2752 nocte
1398 2714 1500 2767 per
1530 2703 1733 2769 guttur
1781 2700 2082 2769 praestaret

432 2783 842 2840 laborantibus
874 2784 1178 2857 operariis.
1207 2786 1276 2839 Et
1306 2785 1411 2841 tuli
1442 2803 1548 2857 ego
1588 2786 1861 2842 Salomon
1892 2803 1922 2842 e
1955 2803 2079 2841 me-

436 2872 581 2928 tallo
629 2874 740 2931 hoc
796 2874 1012 2945 lapidis
1066 2875 1354 2932 ducentos
1410 2876 1586 2932 siclos
1617 2877 1677 2931 in
1708 2876 2075 2949 superficiem

438 2962 664 3031 altaris,
721 2963 999 3020 similiter
1053 2980 1156 3035 pro
1213 2969 1379 3036 parte
1408 2965 1721 3035 anteriori;
1755 2970 1814 3022 et
1843 2983 1948 3039 ego
1978 2967 2079 3022 Sa-

433 3050 631 3108 lomon
664 3057 974 3126 postquam
1027 3054 1258 3110 laudavi
1297 3054 1506 3122 Deum,
1536 3060 1593 3111 et
1646 3056 1907 3112 conclusi
1951 3056 2075 3111 the-

435 3158 679 3198 saurum
712 3141 926 3214 lapidis
956 3142 1158 3214 hujus,
1194 3143 1346 3213 jussi
1397 3161 1634 3200 rursum
1667 3149 1731 3200 ut
1780 3147 2074 3200 damones

342 3282 347 3287 .
431 3246 725 3287 marmora
755 3232 1045 3287 caaderent
1076 3233 1148 3287 ad
1179 3233 1622 3289 aediﬁcationem
1656 3250 1897 3305 operum
1932 3235 2070 3305 Dei;

430 3324 490 3376 et
538 3336 671 3376 eum
701 3336 964 3376 orassem
1013 3319 1353 3391 Dominum,
1386 3338 1492 3394 ego
1524 3321 1801 3378 Salomon
1831 3323 2079 3380 interro-

434 3408 566 3480 gavi
595 3425 801 3465 canem
837 3426 850 3465 :
886 3409 1029 3473 Quis
1069 3413 1124 3465 te
1175 3409 1418 3482 angelus
1463 3411 1845 3483 impotentem
1896 3414 2080 3469 facit?

433 3497 506 3552 Et
534 3496 618 3553 ait
645 3499 869 3555 daemon
903 3514 915 3553 :
951 3498 1201 3571 Magnus
1234 3500 1454 3555 Brieus.
1485 3500 1555 3555 Et
1585 3502 1934 3557 benedicens
1968 3508 2079 3559 Do-

437 3587 669 3642 minum
703 3587 884 3643 Deum
917 3587 1047 3643 coeli
1078 3592 1137 3643 et
1167 3592 1331 3643 terra:
1355 3589 1512 3660 jussi
1541 3594 1605 3645 ut
1659 3595 1879 3646 astaret
1927 3591 2079 3647 alius

432 3675 663 3732 daemon
696 3693 710 3730 :
748 3677 815 3733 Et
840 3676 999 3733 venit
1022 3676 1080 3730 in
1111 3683 1426 3748 conspectu
1477 3694 1606 3733 meo
1654 3677 1840 3735 leonis
1888 3680 2079 3736 forma

433 3765 695 3835 rugiens,
724 3769 784 3819 et
813 3769 979 3821 stans
1011 3766 1315 3837 respondit
1338 3765 1481 3820 mihi
1513 3752 1716 3822 dicens
1743 3785 1755 3823 :
1780 3768 1917 3837 Rex,
1970 3770 2077 3825 sub

434 3852 623 3907 forma
652 3852 762 3907 hac
791 3868 971 3922 quam
1002 3853 1211 3919 habeo,
1253 3854 1498 3925 spiritus
1530 3872 1662 3909 sum
1695 3856 1857 3912 nullo
1903 3859 2077 3914 modo

433 3939 633 3995 valens
663 3940 1002 4011 excogitari;
1030 3957 1135 4012 ego
1183 3941 1243 3997 in
1283 3958 1487 3998 omnes
1518 3942 1784 4001 homines
1814 3946 1872 4000 in
1922 3965 2076 4002 mor-

431 4027 524 4084 bis
570 4029 835 4099 jacentes
876 4028 1296 4100 superveniens
1354 4030 1580 4100 exsilio,
1612 4038 1669 4089 et
1726 4036 2077 4104 pertinacio-

429 4132 554 4174 rem
616 4117 763 4174 facio
820 4116 1146 4186 hominem,
1217 4119 1300 4175 ita
1355 4124 1421 4176 ut
1477 4121 1866 4193 impossibilia
1898 4126 1995 4181 fiat
2025 4125 2077 4181 ei

430 4205 635 4276 diaeta;
669 4204 783 4262 alio
815 4206 1042 4279 gaudeo
1072 4205 1352 4275 honore,o
1374 4224 1492 4276 rex;
1521 4210 1844 4266 daemonem
1876 4213 2076 4283 ejieio;

430 4296 618 4351 habeo
649 4299 844 4351 autem
878 4295 1147 4351 subditas
1200 4296 1346 4351 mihi
1381 4299 1674 4370 legiones;
1726 4301 1924 4356 omnia
1952 4301 2080 4357 loca

431 4400 527 4441 me
556 4400 762 4457 capere
791 4390 1063 4457 possunt,
1097 4390 1155 4440 et
1185 4384 1362 4441 simul
1395 4388 1659 4444 omnium
1719 4390 2076 4445 daemonium

427 4472 719 4544 legionem
751 4490 876 4545 quas
908 4472 1054 4529 mihi
1086 4475 1309 4529 subest.
1344 4474 1475 4531 Haec
1504 4478 1751 4533 audiens
1782 4494 1887 4549 ego
1916 4479 2075 4534 Salo-

2197 1912 2378 1964 μενον,
2411 1891 2461 1947 ἐν
2520 1893 2566 1965 ᾧ
2622 1896 2919 1966 κοσμήσεις
2976 1895 3069 1949 τὸν
3114 1896 3239 1949 ναὸν
3289 1894 3496 1971 Κυρίου
3541 1898 3638 1948 τοῦ
3687 1897 3827 1948 Θεοῦ.

2188 1982 2328 2058 Ἐγὼ
2374 1978 2432 2037 δὲ
2480 1983 2771 2056 Σολομῶν,
2804 1983 3036 2046 ἀκούσας
3084 1988 3272 2053 ταῦτα,
3309 1982 3541 2056 ὑπέταξα
3569 1984 3827 2059 πορευθῆ-

2189 2091 2276 2125 ναι
2307 2071 2397 2125 τὸν
2432 2070 2645 2142 οἰκὲτην
2679 2093 2784 2145 μου
2816 2075 2928 2146 ἅμα
2957 2073 3124 2145 αὐτῷ,
3157 2068 3353 2148 ἔχοντα
3400 2070 3689 2127 δακτύλιον
3733 2077 3828 2138 τῆς

2191 2158 2485 2238 σφραγῖδος
2537 2166 2633 2216 τοῦ
2691 2166 2845 2231 Θεοῦ,
2908 2164 3023 2235 μετ’
3054 2161 3243 2229 αὐτοῦ,
3293 2161 3384 2216 καὶ
3440 2163 3592 2216 εἶπον
3648 2160 3821 2231 αὐτῷ’

2188 2256 2284 2311 Ὃς
2341 2247 2387 2304 δ’
2448 2248 2506 2304 ἃν
2566 2248 2832 2322 ἀποδείξει
2891 2272 2976 2306 σοι
3027 2252 3121 2307 τὸν
3181 2250 3336 2306 λίθον
3394 2251 3489 2306 τὸν
3546 2251 3829 2324 πράσυνον,

2192 2340 2489 2414 σφράγισον
2539 2340 2696 2395 αὐτὸν
2759 2342 2894 2413 μετὰ
2946 2345 3045 2396 τοῦ
3105 2338 3458 2396 δακτυλιδίου
3508 2340 3726 2408 τούτου,
3749 2336 3829 2391 καί

2189 2429 2598 2484 κατασκόπασον
2648 2425 2887 2503 ἀκριϐῶς
2949 2430 3042 2485 τὸν
3096 2430 3266 2484 τόπον
3303 2448 3317 2462 ⁸
3376 2428 3465 2484 καὶ
3526 2426 3689 2504 ἄγαγὲ
3745 2447 3832 2499 μοι

2187 2517 2282 2571 τὸν
2323 2514 2557 2591 δαίμονα
2608 2516 2813 2582 ἐνθάδε.
2848 2518 2945 2573 Καὶ
2992 2516 3186 2589 ἔδειξεν
3244 2517 3392 2589 αύτῷ
3423 2518 3450 2572 ὁ
3485 2514 3695 2590 δαίμων
3746 2516 3830 2568 τὸν

2189 2607 2454 2679 πράσυνον
2517 2606 2694 2674 λίθον,
2734 2608 2822 2662 καὶ
2885 2606 3198 2685 ἐσφράγισεν
3239 2605 3425 2679 αὐτὰν,
3476 2608 3572 2662 καὶ
3626 2603 3830 2680 ἤνεγκεν

2186 2695 2249 2749 τὸ
2308 2692 2590 2768 δαιμόνιον
2646 2695 2785 2771 πρὸς
2844 2698 2929 2770 μὲ.
2984 2695 3087 2753 Καὶ
3144 2692 3328 2772 ἔκρινα
3380 2694 3486 2771 ἐγὼ
3569 2693 3829 2765 Σολομῶν

2187 2791 2613 2861 περισφραγίσας
2685 2784 2812 2847 τοὺς
2885 2782 2981 2840 δύο
3030 2788 3097 2858 τῇ
3184 2784 3330 2857 δεξιᾷ
3382 2785 3475 2839 τὸν
3552 2779 3829 2861 ὰκέφαλον,

2188 2873 2397 2947 ὁμοίως
2453 2874 2542 2929 καὶ
2582 2874 2676 2929 τὸν
2724 2873 2858 2929 κύνα
2900 2871 3287 2949 προσδεδέσθάι
3335 2873 3546 2927 ἐκεῖνον
3597 2872 3687 2926 τὸν
3742 2871 3827 2943 μὲ-

2185 2982 2305 3038 γαν’
2338 2963 2427 3019 καὶ
2478 2963 2573 3018 τὸν
2635 2964 2727 3037 μὲν
2785 2962 2918 3018 κύνα
2967 2968 3153 3039 τηρεῖν
3212 2960 3273 3017 τὸ
3306 2959 3571 3037 διάπυρον
3631 2964 3829 3031 πνεῦμα

2186 3053 2259 3113 ὡς
2291 3050 2582 3125 λαμπαδας
2612 3053 2804 3115 νυκτὸς
2835 3052 2924 3108 καὶ
2954 3054 3167 3126 ἡμέρας
3201 3049 3289 3107 διὰ
3333 3056 3432 3107 τοῦ
3480 3050 3689 3123 λαιμοῦ
3714 3050 3825 3120 (sic)

2186 3142 2547 3217 παραπίπτειν
2579 3148 2697 3207 τοῖς
2727 3141 3115 3218 ἐργαζομένοις
3142 3142 3439 3217 τεχνίταις.
3462 3141 3570 3197 Καὶ
3598 3142 3702 3215 ἦρα
3728 3137 3827 3212 ἐγὼ

2190 3230 2463 3306 Σολομῶν
2498 3230 2558 3286 ἐκ
2584 3236 2682 3286 τοῦ
2718 3231 2993 3304 μετάλλου
3032 3230 3237 3286 ἐκείνου
3290 3235 3393 3285 τοῦ
3446 3230 3607 3295 λίθου
3659 3227 3829 3283 διακο-

2190 3321 2340 3383 σίους
2401 3320 2624 3382 σίκλους
2655 3321 2708 3376 ἐν
2739 3326 2855 3383 τοῖς
2901 3322 3232 3395 ἇναφοροῦσι
3279 3324 3377 3375 τοῦ
3430 3318 3827 3390 θυσιαστηρίου,

2186 3411 2250 3466 τὸ
2307 3408 2449 3472 εἶδος
2502 3410 2906 3484 ὁμοιούμενον⁹
2955 3411 3112 3485 κάγὼ
3170 3407 3229 3464 δὲ
3286 3408 3564 3483 Σολομῶν
3622 3406 3832 3477 δοξάσας

2189 3498 2392 3574 Κύριον
2447 3501 2540 3555 τὸν
2590 3500 2742 3569 Θεὸν,
2797 3502 2887 3555 καὶ
2970 3496 3316 3575 περικλείσας
3391 3498 3484 3552 τὸν
3572 3496 3828 3571 Θησαυρὸν

2186 3592 2283 3642 τοῦ
2338 3585 2495 3642 λίθου
2551 3586 2779 3653 ἐκείνου,
2813 3587 3063 3643 ἐκέλευσα
3095 3584 3153 3642 δὲ
3181 3587 3345 3642 πάλιν
3393 3586 3525 3650 τοὺς
3582 3583 3830 3659 δαίμονας

2192 3684 2639 3753 μαρμαροκοπεῖν
2718 3676 2794 3738 εἷς
2848 3678 2945 3739 τὰς
3003 3674 3305 3749 οἰκοδομὰς
3353 3681 3458 3730 τῶν
3519 3671 3692 3751 ἔργων
3739 3674 3830 3726 τοῦ

2188 3771 2341 3835 Θεοῦ,
2373 3767 2461 3821 καὶ
2513 3766 2797 3839 εὐξάμενος
2854 3769 2932 3837 τῷ
2989 3765 3173 3840 Κυρίῳ
3222 3763 3327 3841 ἐγὼ
3378 3762 3656 3837 Σολομῶν
3699 3761 3819 3831 ἐπηο

2188 3856 2410 3927 ρώτησα
2462 3856 2554 3910 τὸν
2614 3854 2769 3923 κύνα,
2803 3854 2951 3927 Ποίῳ
3008 3852 3226 3930 ἀγγέλῳ
3272 3857 3518 3929 καταργῇ
3552 3852 3617 3907 σύ
3641 3871 3657 3921 ;
3684 3853 3738 3905 '0
3777 3848 3829 3904 δὶ

2188 3940 2398 4017 δαίμων
2427 3939 2549 4022 ἔφη*
2584 3946 2676 4016 Τῷ
2710 3943 2931 4021 μεγάλῳ
2980 3944 3177 4019 Βριέῳ.
3227 3942 3321 3999 Καὶ
3371 3941 3680 4017 εὐλογήσας
3729 3938 3828 3996 Κύ-

2189 4054 2303 4110 ριον
2354 4035 2445 4088 τὸν
2502 4035 2631 4090 Θεὸν
2681 4038 2780 4088 τοῦ
2839 4030 3070 4106 ούρανοῦ
3126 4032 3214 4086 καὶ
3270 4038 3372 4100 τῆς
3425 4038 3555 4105 γῆς,
3586 4029 3829 4086 ἐκέλευσα

2186 4124 2438 4196 παρεῖναί
2488 4144 2581 4196 μοι
2640 4119 2822 4199 ἕτερον
2872 4120 3125 4195 δαίμονα⁶
3158 4120 3249 4176 καὶ
3301 4120 3441 4189 ἦλθε
3483 4121 3594 4195 πρὸ
3622 4118 3831 4193 προσώ-

2187 4233 2295 4267 που
2356 4233 2462 4285 μου
2522 4211 2740 4276 λέοντος
2796 4218 2991 4287 σχῆμα
3054 4210 3433 4285 βρυχόμενοςο
3479 4210 3573 4263 καὶ
3634 4206 3831 4270 aranei:

2188 4303 2453 4375 ἀπεκρίθη
2512 4324 2605 4375 μοι
2664 4300 2864 4376 λέγων·
2900 4298 3149 4367 Βασιλεῦ,
3182 4299 3246 4353 τὸ
3306 4298 3400 4371 μὲν
3437 4304 3637 4373 σχῆμα
3678 4300 3829 4351 τοῦτο

2187 4391 2217 4448 ’ὸ
2273 4387 2389 4467 ἔχω
2435 4396 2650 4463 πνεῦμα
2707 4389 2823 4462 εἶμί
2879 4386 3141 4463 μηδέλως
3197 4385 3489 4460 δυνάμενον
3548 4392 3828 4457 νοηθῆναι.

2188 4481 2334 4556 Ἐγὼ
2393 4479 2445 4535 ἓν
2491 4486 2651 4535 πᾶσιν
2712 4477 3020 4555 ἀνθρώποις
3075 4482 3190 4539 τοῖς
3247 4475 3298 4530 ἓν
3347 4477 3626 4549 νοσήμασι
3682 4492 3830 4529 καταο

432 4578 594 4626 mon,
616 4560 969 4633 interrogavi
992 4579 1125 4618 eum
1154 4580 1167 4618 :
1195 4565 1352 4630 Quod
1379 4581 1592 4621 nomen
1618 4567 1932 4633 tuum?Qui
1960 4568 2072 4625 ait:

2190 4574 2457 4643 nezptvmq
2532 4568 2858 4647 ἑφορμῶμαι
2930 4565 3464 4643 παρεισερχόμενον,
3520 4564 3615 4618 καὶ
3694 4562 3830 4615 ἀνεν-

433 4649 720 4719 Leonifer,
770 4649 900 4705 rath
948 4651 1264 4725 (multus?)
1314 4668 1546 4725 genere.
1580 4654 1708 4710 Dixi
1748 4661 1943 4713 autem
1970 4658 2020 4712 ei
2054 4674 2067 4714 ε

432 4738 733 4803 Quomodo
782 4739 1079 4810 impotens
1135 4740 1244 4797 ﬁas
1274 4746 1335 4796 tu
1388 4758 1523 4797 cum
1578 4743 1802 4816 legione
1833 4751 1954 4815 tua,
1987 4747 2075 4803 vel

433 4828 567 4899 quis
597 4834 653 4884 te
681 4828 925 4902 angelus
958 4830 1340 4902 impotentem
1376 4830 1559 4887 facit?
1584 4836 1654 4887 Et
1686 4834 1834 4890 dixit
1880 4836 2026 4892 mihi
2060 4854 2074 4893 :

433 4916 495 4975 Si
552 4933 764 4974 nomen
821 4918 1047 4983 dixero,
1107 4936 1220 4974 non
1278 4919 1568 4993 meipsum
1627 4923 1817 4979 vineio
1860 4923 2074 4992 solum,

432 5006 534 5063 sed
567 5011 626 5063 et
652 5006 952 5063 subditam
983 5006 1132 5062 mihi
1164 5006 1453 5080 legionem
1483 5011 1927 5070 daemoniorum.
1948 5014 2077 5069 Dixi

432 5099 629 5151 autem
664 5095 751 5151 ei:
780 5095 1003 5167 Adjuro
1036 5102 1092 5151 te
1141 5112 1245 5168 per
1301 5113 1511 5154 nomen
1550 5100 2075 5173 DominiSabaoth,

432 5188 498 5238 ut
525 5184 689 5241 dicas
719 5201 837 5257 quo
869 5183 1109 5239 nomine
1141 5185 1438 5257 impotens
1470 5187 1578 5244 ﬁas
1616 5193 1679 5243 tu
1730 5206 1863 5245 cum
1916 5198 2075 5263 pote-

430 5279 583 5330 state
614 5280 729 5331 tua.
764 5277 835 5331 Et
866 5275 1015 5331 dixit
1049 5276 1193 5331 mihi
1229 5293 1242 5331 :
1280 5277 1539 5349 Spiritus
1568 5280 1666 5350 qui
1694 5298 1795 5351 pro
1846 5284 2077 5355 magnis

425 5362 569 5420 viris
601 5363 787 5421 multa
816 5381 1101 5439 passurus
1130 5369 1220 5422 est
1266 5367 1340 5422 ab
1370 5367 1735 5440 hominibus,
1767 5371 1938 5442 cujus
1968 5389 2075 5429 no-

2188 4657 2405 4734 δότερον
2438 4662 2582 4712 ποιῶ
2610 4659 2700 4712 τὸν
2751 4658 3058 4731 ἄνθρωπον,
3091 4656 3165 4717 ὡς
3216 4656 3291 4727 μὴ
3334 4651 3634 4724 δυνηθῆναι
3692 4648 3826 4720 αύτῴ

2184 4750 2282 4817 τήν
2318 4746 2545 4803 δίαιταν.
2578 4749 2737 4821 Ἔχω
2771 4743 2828 4800 δὶ
2856 4745 2945 4799 καὶ
2976 4744 3162 4819 ἑτέραν
3211 4740 3367 4813 δόξαν
3417 4741 3549 4817 ἐγὼ,
3588 4739 3825 4816 βασιλεῦ·

2187 4834 2450 4910 δαίμονας
2506 4832 2765 4891 ἐκϐάλλω
2800 4853 2813 4868 ⁸
2874 4829 2991 4908 ἔχω
3051 4830 3108 4887 δὶ
3169 4830 3297 4892 τοὺς
3369 4830 3832 4904 ὑποτεταγμένους

2190 4947 2283 4999 μοι
2332 4925 2619 5001 λεγεῶνας·
2654 4922 2896 4979 δεκτικὸν
2952 4924 3028 4995 (9)
3087 4923 3212 4995 (sic)
3270 4919 3384 4991 εἰμὶ
3438 4924 3557 4980 τοῖς
3612 4918 3822 4977 τόποις

2187 5015 2300 5087 ἅμα
2333 5011 2390 5069 εὶ
2418 5020 2536 5076 τοῖς
2566 5018 2694 5068 πᾶσι
2728 5009 2951 5084 δαίμοσι
2982 5016 3101 5073 τοῖς
3125 5014 3234 5064 τῶν
3267 5009 3357 5063 ὑπ’
3385 5007 3483 5081 {pl
3530 5005 3827 5083 λεγεώνων.

2183 5103 2325 5179 Ἐγὼ
2356 5100 2411 5157 Si
2444 5102 2737 5175 Σολομῶν,
2771 5100 3002 5160 ἀκούσας
3055 5102 3244 5171 ταῦτα,
3280 5096 3601 5173 ἐπερώτησα
3657 5094 3829 5150 αὐτόν.

2185 5192 2251 5250 Τί
2284 5214 2379 5247 σου
2407 5193 2470 5246 τὸ
2500 5187 2696 5263 ὄνομα·
2722 5191 2750 5245 ὁ
2781 5186 2840 5244 δι
2870 5187 2969 5266 ἔφη
3002 5188 3397 5265 Λεοντοφὸρον·
3434 5184 3533 5260 ῥὰθ
3561 5190 3645 5257 τῷ
3674 5183 3829 5259 τίνει·

2187 5284 2351 5338 Εἶπον
2386 5278 2441 5336 δὶ
2473 5280 2640 5352 αὐτῷ’
2674 5282 2796 5341 Πῶς
2827 5281 3067 5351 καταργῇ
3112 5275 3176 5330 σὺ
3235 5274 3372 5348 μετᾶ
3418 5281 3519 5343 τῆς
3568 5270 3836 5349 λεγεῶνός

2187 5392 2303 5443 σου,
2362 5372 2397 5442 ἧ
2450 5375 2610 5426 ποῖον
2666 5365 2891 5446 ἄγγελον
2952 5367 3076 5440 (sic)
3138 5366 3232 5421 τὸν
3312 5360 3686 5439 καταργοῦντά
3756 5380 3828 5415 σε.

499 5578 650 5661 (9)_‘_E
685 5581 803 5661 vet.
850 5580 988 5661 Cod.
1036 5578 1147 5639 hoc
1196 5581 1373 5639 etiam
1422 5582 1831 5657 apographum
1879 5602 2029 5661 esse,
2088 5589 2427 5650 testimonio
2475 5592 2587 5659 est,
2640 5586 2797 5660 quod
2830 5586 2896 5658 (ἱ)
2944 5598 3081 5642 eum
3131 5582 3372 5657 punctis
3421 5579 3741 5640 diacritiois
3771 5576 3828 5648 (ι)

427 5650 636 5712 scribit
662 5651 834 5722 solet,
862 5650 1099 5724 ubique.

4006 5336 4019 5649 ί

4008 5674 4019 5953 ί
