4018 6220
259 324 418 383 1333

1408 327 2008 392 TESTAMENTUM
2053 327 2525 394 SALOMONIS.

3512 332 3668 393 1334

253 451 388 527 Ἔφη
432 450 490 507 δέ
550 474 644 527 μοι
677 473 691 488 ⁸
742 454 866 513 Ἐὰν
917 455 1109 513 εἷ’πωσι
1151 458 1214 513 τὸ
1274 455 1469 534 ὄνομα,
1522 460 1626 516 οὐκ
1670 459 1901 534 ἐμαυτὸν

2018 477 2151 518 men
2183 461 2448 519 calculus
2477 464 2603 535 644,
2638 464 2794 536 quod
2840 466 2931 520 est
2975 462 3342 535 Emmanuel,
3394 462 3494 536 qui
3537 461 3666 519 alli-

251 538 498 615 δεσμεύω
546 544 737 617 μόνον,
772 545 920 602 ἀλλὰ
966 547 1056 602 καὶ
1105 548 1197 604 τὸν
1240 548 1323 605 ἐπ’
1370 550 1467 623 ἐμὲ
1509 549 1754 626 λεγεῶνα
1799 554 1906 604 τῶν

252 628 544 707 δαιμόνπν.
579 637 755 712 Ἕφην
782 631 839 690 δὲ
870 635 1017 709 αύτῷ
1053 656 1065 669 ⁸
1097 639 1243 713 Ἐγὼ
1293 638 1492 714 ὁρκίζω
1542 660 1599 693 σε
1641 640 1702 693 τὸ
1734 634 1909 712 ὄνομα

244 725 345 776 τοῦ
389 727 524 778 Θεοῦ
556 719 941 794 Σαϐαὼθ,τοῦ
994 724 1163 781 εἷπεῖν
1215 748 1271 782 σε
1318 728 1461 801 ποίῳ
1511 728 1739 803 ὀνόματι
1779 748 1907 782 κατ-

2017 553 2176 624 gavit
2224 568 2330 608 nos
2366 569 2378 608 :
2414 552 2515 625 qui
2547 558 2603 609 et
2651 557 2793 609 tunc
2836 557 3119 610 venturus
3169 558 3258 609 est
3304 569 3409 624 per
3450 568 3665 623 aquam

2018 641 2290 696 deorsum
2326 642 2687 715 praecipitare
2718 660 2848 712 nos,
2880 643 2939 697 in
2971 643 3161 698 tribus
3201 647 3394 697 autem
3427 641 3669 698 charac-

2018 729 2243 785 teribus
2270 731 2521 801 dejicere
2553 732 2704 803 (nos)
2736 748 2871 788 cum
2904 731 3175 804 strepitu.

246 816 392 887 αργῆ
425 812 488 869 06'
518 814 656 886 μετὰ
676 821 774 884 τῆς
832 812 1117 890 δυνάμεώς
1172 838 1288 874 σου.
1350 820 1487 875 Εἴπε
1530 815 1587 873 δέ
1646 837 1789 891 μοι·
1847 816 1919 870 Τὸ
1975 820 2189 890 πνεῦμα
2236 818 2265 872 ’ὀ
2322 818 2581 895 μεγάλοις
2629 820 2940 897 ἀνθρώποις
2994 817 3139 894 ἔχων
3195 815 3537 893 (εἰε)πολλᾶ
3567 838 3670 872 πα-

243 901 356 955 θεῖν
420 902 525 957 ὑπὸ
590 903 928 979 ἀνθρώπων,
988 904 1051 959 οὗ
1100 907 1162 961 τὸ
1221 903 1391 980 ὄνομα
1448 910 1628 984 ψῆφος
1686 903 1845 983 χμδ’,
1901 903 2103 960 ὃέστὶν
2167 906 2549 981 Ἐμμανουήλ,
2612 909 2672 971 ’ὀς
2737 909 2826 964 καὶ
2886 907 3202 982 έδέσμευσεν
3253 911 3423 981 ἡμᾶς,
3473 908 3533 970 ὃς
3580 901 3671 961 καὶ

242 987 370 1043 τότε
426 987 779 1065 ἐλευσόμενος
836 991 972 1047 κατὰ
1018 997 1116 1047 τοῦ
1176 991 1392 1068 ὕδατος,

245 1077 591 1153 ηχούμενον.

320 1187 484 1262 Κάγὼ
531 1188 826 1261 Σολομῶν,
885 1189 1116 1253 ἀκούσας
1181 1196 1349 1247 ταῦτα
1398 1192 1489 1247 καὶ
1543 1189 1767 1262 δοξάσας
1815 1190 1907 1245 τὸν

248 1277 406 1345 Θεὸν,
448 1279 740 1353 κατέκρινα
787 1278 953 1334 αύτοῦ
999 1280 1091 1336 τὸν
1145 1277 1389 1357 λεγεῶνα
1439 1282 1758 1358 ξυλοφορεῖν
1804 1280 1910 1334 ἀπὸ

250 1361 486 1439 δρυμοῦ,
519 1364 679 1420 αὐτὸν
728 1363 787 1421 δὲ
828 1367 920 1422 τὸν
970 1367 1375 1446 λεοντόμορφον
1420 1371 1707 1444 κατέκρινα
1748 1388 1910 1423 κατα-

247 1455 466 1529 πρίζειν
512 1452 685 1510 λεπτᾶ
732 1462 850 1519 τοῖς
900 1454 1138 1528 ὀδοῦσιν,
1191 1458 1265 1521 εἷς
1316 1459 1611 1514 ὑπόκαυσιν
1668 1465 1767 1528 τῆς
1813 1478 1909 1512 κα-

253 1542 415 1615 μίνου
441 1543 541 1612 τῆς
572 1538 835 1600 ἀσϐέστου
866 1545 941 1608 εἰς
985 1547 1076 1602 τὸν
1116 1548 1242 1603 ναὸν
1283 1547 1481 1624 Κυρίου
1505 1552 1600 1603 τοῦ
1632 1551 1787 1617 Θεοῦ,
1819 1544 1909 1601 καὶ

248 1637 634 1707 προσκυνήσας
669 1634 866 1708 Κύριον
916 1636 1010 1690 τὸν
1058 1637 1185 1692 Θεὸν
1235 1641 1332 1692 τοῦ
1377 1636 1618 1712 Ἰσραήλ,
1655 1633 1910 1692 ἐκέλευσα

249 1721 505 1795 παρεῖναί
538 1743 632 1793 μοι
661 1718 845 1797 ἕτερον
882 1720 1136 1797 δαίμονα.
1171 1724 1273 1782 Καὶ
1304 1723 1444 1795 ἦλθε
1474 1725 1581 1802 πρὸ
1612 1725 1909 1799 προσώπου

252 1807 468 1884 δράκων
525 1810 855 1890 τρικέφαλος
937 1808 1351 1891 φοϐερόχροοςο
1426 1814 1516 1869 καὶ
1592 1813 1911 1889 ἐπερώτησα

250 1899 414 1955 αὐτόν
444 1944 456 1956 .
492 1902 568 1954 Σὺ
598 1902 683 1963 τίς
715 1904 765 1957 εἴ
794 1921 809 1972 ;
843 1903 886 1959 Ο
932 1899 989 1957 δέ
1038 1923 1131 1976 μοι
1165 1901 1265 1979 ἔφη
1302 1921 1316 1935 ⁸
1352 1907 1569 1978 Πνεῦμα
1592 1898 1910 1979 τριϐόλαιόν

1481 988 1882 1070 κρηνοόαπτίσι
1936 995 2086 1065 ἡμᾶς
2118 1011 2132 1024 ⁸
2193 992 2244 1048 έν
2304 991 2362 1049 δι
2415 1001 2531 1057 τοῖς
2584 995 2728 1069 τρισὶ
2778 1003 3122 1074 χαρακτῆρσι
3168 994 3498 1070 κατάγουσαι
3546 1015 3673 1071 περι

2091 1193 2159 1248 Et
2177 1210 2282 1266 ego
2303 1193 2582 1251 Salomon
2619 1194 2742 1251 haec
2760 1196 3028 1262 audiens,
3053 1200 3110 1252 et
3125 1194 3461 1268 gloriﬁcans
3483 1195 3668 1251 Deum

2022 1284 2404 1339 condemnavi
2453 1283 2741 1356 legionem
2772 1286 2901 1356 ejus
2933 1291 2997 1341 ut
3027 1284 3186 1357 ligna
3219 1288 3607 1356 comportaret
3636 1301 3671 1339 a

2021 1371 2177 1426 saltu
2204 1388 2219 1438 ;
2249 1371 2447 1443 ipsum
2472 1378 2666 1428 autem
2698 1373 3216 1441 Leonifurmem,ut
3240 1373 3425 1429 frusta
3444 1377 3669 1428 secaret

2020 1459 2295 1514 dentibus
2325 1460 2395 1513 ad
2429 1460 2792 1515 exustionem
2823 1460 3037 1515 camini
3066 1476 3300 1533 semper
3328 1460 3665 1516 ardentisin

2020 1547 2307 1618 templum
2341 1547 2573 1603 Domini
2606 1548 2733 1617 Dei;
2767 1553 2825 1604 et
2855 1553 3165 1621 postquam
3198 1549 3432 1604 adoravi
3470 1548 3668 1605 Domi-

2021 1653 2161 1692 num
2200 1638 2378 1691 Deum
2410 1636 2609 1709 Israel,
2635 1638 2792 1709 jussi
2824 1642 2888 1693 ut
2916 1639 3151 1694 adesset
3189 1636 3334 1693 mihi
3365 1636 3515 1694 alius
3545 1638 3665 1693 daa—

2021 1742 2181 1781 mon.
2214 1726 2283 1782 Et
2310 1727 2474 1782 venit
2505 1727 2565 1782 in
2620 1732 2937 1800 conspectu
2988 1742 3117 1783 meo
3150 1727 3323 1783 draco
3371 1726 3665 1799 tricepha-

2018 1814 2112 1870 lus
2143 1816 2432 1871 tremendi
2464 1816 2695 1885 coloris,
2728 1822 2786 1873 et
2817 1815 3165 1889 interrogavi
3195 1833 3370 1872 eum:
3412 1816 3500 1871 Tu
3533 1815 3667 1887 quis

2021 1902 2128 1959 es?
2157 1908 2225 1959 Et
2253 1904 2334 1959 ait
2363 1904 2508 1960 mihi
2544 1922 2556 1959 :
2590 1904 2844 1978 Spiritus
2876 1904 3091 1978 triplex
3119 1921 3269 1973 sum,
3302 1904 3492 1959 tribus
3522 1904 3667 1960 acti-

251 1987 392 2061 εἷ’μὶ,
444 1988 495 2043 ἐν
546 1989 691 2065 τρισὶ
755 1991 974 2066 πράξεσι
1023 1976 1512 2068 κατεργαζόμενον,
1563 1976 1710 2067 Ἐγὼ
1761 1989 1819 2046 δὲ
1853 1990 1905 2046 ἐν

2020 1992 2131 2048 bus
2162 1997 2480 2065 occupatus
2512 2010 2525 2048 :
2558 1976 2665 2067 ego
2714 1995 2871 2050 enim
2907 1976 2976 2050 in“
3014 1995 3150 2051 sinu
3202 1992 3515 2049 mulierum
3567 2007 3668 2047 ex-

248 2078 439 2150 κοιλίᾳ
465 2083 735 2153 γυναικῶν
775 2079 966 2158 τυφλῶ
1006 2084 1066 2135 εά
1094 2080 1284 2137 παιδία
1316 2101 1329 2115 ⁸
1362 2082 1453 2137 καὶ
1486 2083 1598 2137 ὦτα
1628 2078 1854 2136 ἐπιδινῶ
1887 2100 1900 2112 ⁸

246 2166 341 2222 καὶ
371 2172 515 2223 ποιῶ
549 2163 705 2244 βωϐἀ
732 2169 823 2223 καὶ
870 2169 1028 2247 κωφα
1060 2187 1072 2200 ·
1130 2172 1220 2226 καὶ
1266 2170 1390 2245 ἐμοὶ
1422 2171 1523 2247 γὰρ
1553 2169 1717 2225 πάλιν
1752 2169 1802 2225 ἐν
1833 2172 1903 2243 τῇ

243 2258 405 2333 τρίτῃ
465 2279 559 2332 μοι
608 2257 820 2337 κεφαλῇ
890 2258 1131 2316 ὑπόδυνα
1178 2264 1300 2336 (sic)
1334 2279 1349 2293 '
1410 2262 1500 2316 καὶ
1541 2260 1728 2316 τύπτω
1774 2260 1902 2323 τοὺς

245 2349 574 2423 ἀνθρώπους
621 2349 759 2404 κατᾶ
804 2350 867 2405 τὸ
914 2348 1127 2413 ἀκωδὸς
1159 2354 1271 2421 (10)
1310 2353 1427 2424 (sic)
1475 2355 1570 2406 τοῦ
1601 2351 1852 2423 σώματος
1887 2369 1902 2383 ⁸

238 2436 334 2490 καὶ
366 2442 510 2492 ποιῶ
556 2439 916 2494 καταπίπτειν
961 2440 1050 2494 καὶ
1100 2440 1339 2517 ἀφρίζειν
1387 2441 1477 2495 καὶ
1529 2441 1728 2514 τρίζειν
1777 2438 1905 2503 τοὺς

241 2522 472 2590 ὀδόντας
503 2545 517 2559 ⁸
551 2522 667 2601 ἔχω
696 2524 752 2582 δὲ
789 2527 991 2603 τρόπον
1039 2526 1091 2581 ἐν
1143 2529 1189 2600 ᾦ
1235 2532 1612 2603 καταργοῦμαι
1648 2546 1662 2560 ⁸
1697 2528 1904 2599 ὑποση-

243 2613 581 2688 μειουμένης
658 2620 759 2681 τῆς
835 2616 1219 2690 Ἰερουσαλήμ,
1298 2616 1375 2679 εἷς
1440 2618 1532 2673 τὸν
1609 2615 1905 2692 λεγόμενον

235 2704 412 2758 τόπον
475 2702 807 2779 Κεφάλαιον.
858 2707 1008 2761 Ἐκεῖ
1062 2706 1163 2782 γὰρ
1222 2707 1502 2782 πρώριστο
1553 2707 1581 2760 6
1636 2708 1907 2782 ’Ἄγγελος

240 2799 347 2862 τῆς
389 2792 639 2867 μεγάλης
696 2793 905 2868 βουλῆς
934 2814 945 2827 ⁸
994 2794 1085 2849 καὶ
1132 2799 1224 2849 νῦν
1276 2799 1520 2873 φανερῶς
1544 2796 1592 2849 τ’
1621 2794 1709 2850 ἐπὶ
1742 2794 1905 2866 ξύλου

245 2881 462 2951 οἰκήσει
525 2881 730 2944 ἐκεῖνός
783 2903 852 2955 με
900 2888 1162 2960 καταργεῖ
1204 2882 1255 2937 έν
1303 2884 1350 2955 ᾧ
1399 2882 1769 2959 ὕποτέναγμαι
1802 2903 1814 2916 ·
1849 2882 1903 2938 ἑν

242 2966 304 3025 δὲ
333 2975 416 3043 τῷ
443 2969 600 3043 τόπῷ
637 2971 688 3025 έν
738 2972 784 3044 ᾧ
834 2972 1058 3047 καθέζῃ,
1113 2971 1337 3049 βασιλεῦ
1388 2971 1684 3046 Σολομῶν,
1718 2974 1905 3043 στήκει

235 3058 381 3114 κίων
412 3058 496 3114 ἐπὶ
543 3064 642 3115 τοῦ
693 3059 890 3137 ἀέρος·
941 3057 1490 3138 πορφυροδανόμενος
1534 3062 1562 3116 6
1616 3059 1823 3135 δαίμων
1874 3061 1903 3115 6

246 3147 546 3223 λεγόμενος
587 3150 816 3227 Έιριπᾶς
864 3150 971 3205 ἀπὸ
1018 3157 1117 3219 τῆς
1156 3151 1417 3225 Ἐρυθρᾶς
1460 3148 1738 3221 θαλάσσης
1783 3151 1905 3205 ἀνα-

238 3237 427 3312 γαγὼν
456 3236 565 3292 ἀπὸ
600 3240 702 3307 τῆς
750 3236 857 3293 ἔσω
911 3233 1210 3312 Ἀραϐίας·
1272 3238 1417 3301 ὅστις
1480 3238 1570 3294 καὶ
1630 3237 1709 3302 εἷς
1739 3238 1900 3294 ἀσκὸν

2014 2098 2164 2138 caeco
2197 2082 2491 2154 parvulos,
2524 2087 2581 2139 et
2612 2100 2784 2139 aures
2815 2087 3083 2155 torqueo,
3106 2087 3162 2139 et
3192 2082 3339 2138 facio
3369 2080 3668 2153 vagientes

2016 2177 2073 2227 et
2103 2173 2337 2241 surdos,
2370 2189 2508 2227 nam
2556 2172 2616 2228 in
2650 2172 2818 2228 tertio
2867 2172 3058 2244 capite
3098 2187 3227 2227 meo
3281 2187 3491 2226 rursus
3537 2168 3666 2225 illa-

2014 2259 2273 2329 buntur;
2297 2261 2568 2317 homines
2607 2260 2869 2333 percutio
2894 2261 2952 2315 in
2976 2259 3237 2315 inferiori
3260 2264 3425 2331 parte
3455 2274 3661 2330 corpo-

2014 2350 2181 2416 ris,et
2212 2350 2359 2406 facio
2390 2355 2455 2406 ut
2505 2350 2739 2418 cadant,
2782 2354 2839 2405 et
2866 2366 3109 2421 spumas
3139 2349 3334 2415 edant,
3367 2352 3424 2403 et
3470 2347 3662 2403 denti-

2014 2439 2125 2494 bus
2146 2439 2431 2508 fremant;
2457 2439 2715 2495 estmihi
2739 2439 2951 2495 modus
2972 2456 3086 2511 quo
3108 2436 3363 2493 imbellis
3390 2437 3484 2492 fio:
3512 2453 3656 2509 prae-

2013 2528 2343 2600 signiﬁcata
2354 2527 2679 2584 Jerusalem
2695 2529 2772 2595 ,in
2789 2527 2913 2583 loco
2930 2527 3028 2601 qui
3044 2524 3658 2599 diciturCepbaleaum:

2013 2617 2093 2673 ibi
2125 2617 2279 2673 enim
2320 2618 2772 2689 praedestinatus
2801 2622 2891 2673 est
2922 2616 3176 2690 Angelus
3194 2614 3392 2687 magni
3411 2613 3665 2682 consilii,
3712 2664 3717 2669 .

2012 2709 2070 2761 et
2111 2705 2250 2761 olim
2303 2711 2500 2778 aperte
2548 2723 2726 2779 super
2774 2705 2999 2778 lignum
3051 2704 3350 2772 manebit;
3397 2702 3525 2776 ipse
3574 2719 3670 2758 me

2004 2795 2247 2864 jussum
2282 2811 2453 2867 agere
2502 2811 2618 2850 non
2652 2794 2826 2864 sinit;
2861 2801 2916 2850 et
2946 2794 3007 2849 in
3057 2792 3185 2850 loco
3213 2793 3312 2848 ubi
3347 2792 3540 2856 sedes,
3572 2808 3672 2847 rex

2011 2882 2308 2953 Salomon,
2359 2884 2541 2939 stabit
2587 2883 2862 2940 columna
2904 2883 2965 2939 in
3018 2900 3170 2950 aere,
3205 2899 3236 2939 e
3267 2881 3417 2938 mari
3475 2882 3673 2938 Rubro

2017 2971 2232 3026 educta
2264 2988 2298 3026 a
2329 2971 2686 3043 porphyrino
2719 2973 2983 3028 dmmone
3015 2972 3115 3043 qui
3146 2971 3365 3027 dicitur
3392 2971 3675 3043 Ephipas,

2017 3060 2116 3131 qui
2150 3060 2223 3115 ab
2258 3060 2521 3115 interiori
2554 3060 2770 3115 Arabia
2793 3061 2851 3115 in
2876 3077 3022 3116 nave
3053 3060 3322 3116 inclusus
3355 3061 3683 3116 adducetur

2011 3153 2153 3205 ante
2186 3154 2261 3205 te.
2288 3149 2357 3203 Et
2387 3148 2449 3204 in
2484 3149 2675 3221 capite
2703 3149 2905 3221 templi
2940 3150 3096 3221 quod
3118 3149 3345 3221 coepisti
3369 3149 3681 3214 aediﬁcare,

2011 3254 2111 3293 rex
2133 3237 2430 3306 Salomon,
2448 3237 2589 3294 latet
2611 3255 2820 3293 aurum
2846 3236 3284 3309 multum,quod
3311 3242 3374 3293 tu
3398 3238 3678 3293 eﬂ‘ossum

235 3324 651 3387 κατακλεισθεῖς
711 3328 1106 3399 κομισθήσεται
1164 3321 1468 3403 ἔμπροσθέν
1527 3348 1623 3382 σου
1657 3346 1670 3361 ⁸
1731 3326 1784 3382 ἐν
1843 3325 1902 3382 δι

2018 3326 2177 3382 tolle.
2206 3328 2275 3381 Et
2305 3343 2411 3399 ego
2442 3326 2737 3394 Salomon,
2770 3326 3010 3382 mittens
3037 3342 3286 3399 puerum
3321 3343 3542 3396 meum,
3579 3325 3677 3379 in-

241 3417 314 3488 τῇ
378 3416 526 3489 ἀρχῇ
584 3419 682 3469 τοῦ
733 3420 862 3470 ναοῦ
940 3417 1104 3491 ὅνπερ
1173 3413 1323 3491 ἤρξω
1395 3415 1615 3487 κτίξειν,
1679 3415 1904 3492 βασιλεῦ

239 3501 544 3576 Σολομῶν,
612 3502 893 3559 ἀπόκειται
962 3504 1188 3580 χρυσίον
1248 3502 1417 3572 πολὺ,
1505 3506 1637 3580 ὅπερ
1712 3505 1904 3580 ὀρύξας

237 3593 371 3665 ἆρον
407 3608 422 3623 ⁸
474 3592 634 3667 Κᾶγὼ
693 3590 986 3666 Σολομῶν,
1031 3591 1360 3657 ἀποστείλας
1407 3596 1498 3648 τὸν
1548 3591 1718 3649 παῖδοὶ
1775 3616 1904 3667 μου,

236 3680 397 3754 εὗρον
426 3680 606 3745 καθὼς
657 3681 775 3735 εἶπέ
830 3702 921 3755 μοι
977 3681 1039 3736 τὸ
1086 3678 1370 3754 δαιμόνιον
1404 3699 1419 3715 ⁸
1469 3681 1558 3737 καὶ
1609 3683 1903 3760 σφραγίσας

237 3773 321 3841 τῷ
376 3766 710 3843 δακτυλιδιῳ
761 3766 929 3845 ᾔνεσα
986 3770 1191 3846 Κύριον
1243 3772 1335 3827 τὸν
1378 3770 1507 3827 Θεόν
1543 3791 1556 3804 ⁸
1605 3774 1761 3826 εἷπον
1812 3770 1904 3827 οὖν

233 3858 393 3930 αὐτῷ
425 3876 438 3889 ⁸
482 3857 543 3912 Τί
594 3858 657 3912 σὺ
708 3858 889 3935 λέγεις
917 3879 931 3929 ;
964 3861 992 3914 6
1038 3857 1246 3933 δαίμων
1300 3855 1402 3939 ἔφη
1436 3880 1450 3894 ⁸
1504 3862 1734 3939 Κορυφή
1784 3858 1907 3938 δρα-

234 3946 453 4001 κόντων
510 3946 626 4021 εἶμί
659 3967 672 3981 ⁸
727 3948 818 4003 καὶ
870 3947 1125 4004 ἐκέλευσα
1191 3950 1353 4004 αὐτὸν
1413 3947 1799 4026 πλινθουργεῖν
1855 3950 1907 4005 έν

230 4040 317 4108 τῷ
345 4040 460 4108 ναῷ
490 4056 504 4070 ⁸
544 4037 689 4113 εἶχεν
749 4042 941 4113 χεῖρας
994 4038 1299 4115 ἀνθρώπων
1333 4058 1346 4072 ⁸
1392 4039 1483 4094 καὶ
1530 4042 1906 4115 προσγυνήσας

244 4125 449 4201 Κύριον
506 4129 597 4181 τὸν
658 4127 787 4182 θεὸν
867 4132 963 4182 τοῦ
1040 4128 1286 4204 Ἰσραὴλ,
1346 4128 1603 4186 ἐκέλευσα
1658 4129 1906 4206 παρεῖναί

245 4236 343 4288 μοι
393 4213 575 4293 ἕτερον
627 4213 883 4289 δαίμονα.
944 4217 1047 4275 Καὶ
1101 4216 1268 4287 ἦλθεν
1313 4219 1420 4292 πρὸ
1467 4220 1764 4293 προσώπου
1799 4240 1904 4292 μου

233 4308 455 4377 πνεῦμα
510 4302 879 4378 γυναικοειδὶς
939 4306 1040 4375 τήν
1108 4307 1355 4383 κορυφὴν
1430 4308 1743 4382 κατέχουσα
1801 4307 1907 4383 διπᾷ

235 4393 441 4455 παντὸς
476 4392 679 4466 μέλους
715 4413 727 4426 ⁸
776 4393 869 4449 καὶ
913 4394 1010 4457 τὰς
1063 4380 1389 4471 λυσίτριχας
1436 4380 1734 4472 ταῖςῗθριξί
1768 4414 1782 4429 ⁸
1814 4380 1905 4451 κοιὶ

234 4479 373 4561 ἔφην
406 4483 544 4556 πρὸς
596 4482 763 4553 αὐτήν
798 4500 811 4514 ⁸
860 4484 993 4556 Λέγε
1046 4504 1164 4557 μοι,
1213 4482 1275 4538 σὺ
1320 4483 1401 4546 τίς
1445 4487 1534 4553 si;
1583 4486 1645 4542 Ἡ
1698 4481 1755 4539 δὲ
1800 4479 1901 4563 ἔφη

231 4570 338 4626 Καὶ
366 4568 448 4633 τίς
477 4569 542 4625 σὺ
587 4573 656 4643 εἴ,
706 4567 744 4640 ἤ
793 4592 915 4625 τινα
962 4571 1151 4647 χρείαν
1208 4566 1358 4647 ἔχεις
1409 4573 1635 4627 ἀκοῦσαι
1676 4574 1745 4627 τὰ
1786 4560 1904 4628 κατ’

231 4660 415 4732 lycii;
448 4656 599 4717 Ἀλλ’
646 4658 692 4714 εἶ
743 4657 921 4722 Θέλεις
974 4662 1201 4733 μαθεῖν·
1252 4664 1437 4733 στήκω
1485 4662 1590 4738 γὰρ
1639 4659 1899 4735 δεδεμένη

232 4748 343 4823 πρὸ
374 4749 673 4819 προσώπου
720 4770 840 4818 σου,
891 4749 1189 4824 πορεύθητι
1241 4748 1331 4804 οὖν
1390 4749 1442 4805 έν
1493 4755 1611 4813 τοῖς
1656 4750 1903 4824 ταμείοις

2016 3416 2145 3473 veni
2176 3416 2331 3471 sicut
2360 3415 2507 3471 dixit
2537 3416 2679 3472 mihi
2731 3416 2958 3471 dazmon
2994 3436 3008 3484 ;
3066 3420 3122 3470 et
3170 3419 3484 3487 postquam
3535 3430 3672 3469 eum

2014 3505 2233 3562 annulo
2295 3506 2548 3577 signavi,
2606 3505 2837 3561 laudavi
2894 3504 3212 3560 Dominum
3270 3508 3478 3560 Deum.
3538 3503 3671 3560 Dixi

2014 3610 2152 3667 ergo
2209 3594 2307 3651 ei:
2343 3597 2444 3667 (De
2500 3594 2579 3666 te)
2606 3593 2746 3665 quid
2807 3593 2955 3649 dicis
3012 3593 3137 3666 (seu
3192 3593 3326 3665 quis
3383 3592 3671 3660 diceris)?

2014 3685 2337 3755 Respondit
2368 3684 2593 3739 daemon
2630 3699 2643 3739 :
2670 3686 2856 3756 Caput
2888 3699 3020 3738 sum
3074 3683 3433 3748 draconum;
3467 3685 3525 3736 et
3553 3680 3667 3735 im-

2014 3774 2209 3846 peravi
2242 3777 2306 3828 ut
2330 3773 2542 3828 lateres
2572 3777 2947 3844 componeret
2977 3772 3038 3827 in
3069 3771 3389 3843 templum;
3415 3769 3674 3826 habebat

2016 3880 2230 3918 manus
2279 3861 2562 3917 hominis.
2596 3862 2665 3917 Et
2714 3862 2953 3917 adorato
3004 3860 3249 3917 Domino
3301 3861 3416 3916 Deo
3464 3859 3667 3926 Israel,

2007 3951 2164 4021 jussi
2214 3954 2279 4006 ut
2323 3952 2557 4006 adesset
2604 3949 2748 4006 mihi
2798 3949 2951 4006 alius
3002 3950 3246 4005 daemon.
3282 3949 3353 4004 Et
3402 3948 3562 4005 venit
3607 3948 3669 4004 in

2014 4044 2331 4111 conspectu
2390 4056 2517 4095 meo
2576 4039 2825 4111 spiritus
2865 4039 3096 4095 feminas
3144 4038 3381 4107 similis,
3432 4038 3527 4093 cui
3581 4041 3669 4093 tot

2012 4129 2208 4200 capita
2254 4132 2399 4199 quot
2448 4128 2734 4198 membra,
2766 4132 2822 4183 et
2873 4128 3136 4183 crinibus
3183 4127 3416 4194 soluta;
3449 4130 3507 4182 et
3551 4127 3670 4181 dixi

2014 4218 2084 4273 ad
2118 4232 2246 4272 eam
2282 4234 2295 4271 :
2331 4216 2533 4272 Indica
2563 4216 2708 4270 mihi
2741 4232 2871 4287 quas
2902 4216 3006 4271 sis.
3039 4216 3174 4279 Quae
3205 4216 3308 4271 ait.
3340 4216 3411 4270 Et
3439 4220 3503 4269 tu
3534 4214 3668 4283 quis

2014 4324 2077 4363 es
2098 4306 2127 4362 ?
2156 4306 2257 4362 Vel
2293 4306 2433 4379 quid
2486 4323 2634 4378 opus
2661 4306 2843 4362 habes
2890 4307 3094 4362 audire
3125 4323 3252 4378 quas
3301 4306 3373 4361 ad
3406 4322 3499 4361 me
3528 4303 3662 4361 atti-

2016 4396 2203 4452 nent?
2234 4399 2307 4451 At
2338 4395 2389 4450 si
2435 4395 2526 4451 vis
2556 4395 2801 4462 discere,
2836 4400 2925 4451 sto
2970 4394 3127 4450 enim
3174 4394 3372 4449 vincta
3399 4393 3457 4449 in
3488 4409 3661 4449 cons-

2014 4491 2187 4559 pectu
2245 4490 2368 4551 tuo,
2399 4484 2546 4540 vade
2601 4484 2660 4539 in
2718 4482 2897 4540 cellas
2956 4488 3086 4539 tuas
3142 4483 3355 4556 regias,
3388 4487 3445 4539 et
3502 4488 3661 4555 post-

2014 4591 2194 4647 quam
2226 4589 2438 4629 manus
2483 4573 2762 4641 ablueris,
2794 4573 2931 4628 sede
2977 4572 3193 4629 iterum
3235 4578 3373 4629 ante
3400 4571 3661 4629 tribunal

2013 4668 2226 4732 tuum;
2257 4667 2315 4718 et
2362 4667 2502 4717 tunc
2553 4661 2944 4734 interrogabis
2991 4678 3107 4732 me,
3165 4666 3224 4718 et
3267 4662 3480 4730 disces,
3538 4679 3659 4719 rex,

2016 4769 2142 4824 qua
2171 4752 2282 4807 sim
2313 4767 2440 4823 ego.

231 4858 333 4893 σου
391 4842 511 4902 τοῖς
565 4835 901 4913 βασιλικοῖς,
956 4838 1046 4894 καὶ
1104 4840 1401 4913 νιψάμενος
1456 4840 1552 4903 τὰς
1608 4846 1825 4917 χεῖρας,
1870 4838 2034 4896 πάλιν
2094 4841 2332 4911 καθήσας
2384 4838 2491 4913 πρὸ
2546 4842 2641 4892 τοῦ
2704 4836 2955 4914 βήματός
3014 4859 3133 4910 σου,
3193 4840 3319 4895 τότε
3369 4837 3661 4913 ἐρωτήσεις

232 4946 325 5001 με,
353 4925 443 4981 καὶ
479 4927 727 5003 μαθήσῃ,
764 4926 1011 5001 βασιλεῦ,
1038 4927 1120 4990 τίς
1152 4927 1268 5002 εἶμι
1297 4927 1429 5005 ἐγώ.

306 5041 412 5097 Καὶ
443 5045 605 5097 τοῦτο
649 5043 890 5114 ποιήσας
939 5041 1382 5119 ἑγὼΣολομῶν,
1431 5043 1612 5107 καθὼς
1658 5044 1905 5117 συνέταξέ

233 5151 356 5204 μοι,
408 5131 736 5207 ἠνεσχόμην
800 5128 1046 5201 διᾶητὴν
1107 5131 1329 5188 ὶνοῦσαν
1391 5153 1484 5206 μοι
1544 5132 1755 5211 σοφίαν,
1811 5130 1905 5187 ’ίνα

232 5216 460 5289 δυνηθῶ
511 5220 738 5275 ἀκοῦσαι
812 5222 909 5283 τὰς
985 5220 1205 5294 πράξεις
1290 5220 1482 5291 αὐτῆς,
1535 5221 1625 5276 καὶ
1692 5220 1899 5295 ἐλέγξαι

230 5308 427 5379 αὐτὰς,
461 5310 550 5364 καὶ
612 5314 918 5386 φατερῶσαι
966 5315 1084 5372 τοῖς
1132 5310 1468 5388 ἀνθρώποις,
1525 5311 1613 5365 καὶ
1658 5312 1902 5381 καθήσας

234 5397 416 5476 ἔφησα
444 5399 581 5475 πρὸς
626 5399 720 5455 τὸν
774 5396 1031 5474 δαίμονα,
1079 5400 1176 5464 Τίς
1224 5401 1275 5456 εἷ
1302 5420 1316 5433 ⁸
1370 5399 1474 5457 Καὶ
1525 5398 1668 5455 εἶπεν
1700 5419 1712 5433 ·
1744 5399 1898 5475 ’Ἐγὼ

314 5648 432 5721 (10)
465 5641 693 5712 εἷκώδος
722 5680 793 5692 —-
823 5645 1067 5713 εἲκώδες.

2085 5045 2155 5100 Et
2184 5060 2318 5100 cum
2350 5042 2472 5099 haec
2504 5042 2761 5100 fecissim
2793 5059 2898 5116 ego
2931 5043 3232 5114 Salomon,
3264 5043 3418 5099 sicut
3454 5057 3667 5113 praece-

2014 5137 2179 5206 perat
2207 5132 2377 5202 mihi,
2408 5132 2833 5189 contendebam
2867 5150 2969 5205 per
2989 5133 3228 5188 insitam
3269 5130 3413 5185 mihi
3436 5129 3668 5201 sapien-

2013 5222 2175 5288 tiam,
2246 5226 2311 5277 ut
2378 5238 2612 5293 possem
2680 5222 2888 5278 audire
2953 5220 3324 5293 operationes
3390 5218 3541 5289 ejus,
3609 5224 3669 5275 et

2012 5316 2183 5366 notas
2232 5312 2459 5383 aperire
2509 5309 2888 5379 hominibus;
2923 5313 2980 5365 et
3010 5308 3223 5364 sedens
3276 5305 3394 5361 dixi
3426 5307 3496 5364 ad
3546 5307 3668 5361 daa-

2010 5416 2295 5457 monem:
2354 5403 2493 5467 Quae
2548 5417 2611 5458 es
2664 5399 2775 5457 tu?
2833 5397 2900 5454 Et
2954 5397 3080 5453 ait:
3130 5395 3249 5469 Ego
3294 5395 3457 5453 dicor
3508 5397 3665 5470 apud
