4018 6220
432 371 586 432 1335
1388 361 1788 424 APPENDIX
1833 361 1936 422 AD
1983 357 2448 422 MICHAELEM
2492 360 2881 424 PSELLUM.
3641 363 3755 424 1336

428 503 702 560 homines
757 499 1065 568 Obizouth,
1099 515 1224 570 quas
1279 501 1448 553 nocte
1503 513 1619 552 non
1676 493 1928 560 dormio,
1982 511 2009 550 s

2172 489 2434 566 ,λέγομαι
2484 495 2630 568 παρὰ
2678 492 2988 566 ἀνθρώποις
3036 485 3286 558 Ὀϐιζοῦθ
3313 507 3325 520 ·
3383 489 3494 558 ἥτις
3534 491 3688 552 νυκτὸς
3713 494 3759 548 οὗ

431 590 773 668 perambula
831 607 1063 646 omnem
1127 587 1437 654 mundum,
1502 590 1734 658 propter
1795 584 2018 656 parient

2197 579 2460 651 καθεύδω,
2520 581 2666 636 ἀλλὰ
2707 581 3076 656 περιέρχομαι
3125 579 3297 633 πάντα
3349 579 3434 632 τὸν
3483 577 3655 650 κόσμον
3696 579 3760 634 ἰπὶ

433 666 719 749 feminas;
754 686 810 738 et
841 698 942 752 per
971 680 1174 735 horam
1208 677 1479 733 divinans
1512 676 1768 732 consisto
1795 694 1808 743 ;
1834 674 1958 731 etsi
1983 691 2013 730 ο

2192 675 2311 732 ταῖς
2349 669 2656 732 τικτούσαις
2694 669 2904 744 γυναιξί
2935 689 2947 700 °
2999 666 3092 723 καί
3137 673 3236 736 τήν
3297 667 3386 740 μὲν
3434 666 3559 741 ὥραν
3610 687 3768 743 στοχα-

435 779 685 846 portune
715 768 1174 842 supervenerim,
1199 765 1502 839 strangulo
1527 791 1541 832 ;
1576 765 1663 820 sin
1693 767 1910 834 minus,
1943 765 2022 818 ab:

2198 759 2396 830 ζομὲνη
2459 757 2777 832 σταματίζω
2837 755 3081 831 (ἵσταμαι
3145 762 3279 814 ante
3353 757 3409 812 b.
3470 759 3676 813 verbum
3714 759 3768 813 ad

432 842 493 918 in
517 861 696 917 alium
719 861 910 916 locum
935 875 949 926 ;
976 874 1093 912 una
1115 857 1270 911 enim
1298 861 1464 911 nocte
1488 855 1761 910 inefﬁcax
1787 853 2019 909 discede

2195 849 2421 921 marg.)
2456 867 2468 880 '
2526 848 2616 901 καὶ
2671 847 2758 901 ἐὰν
2837 844 3105 921 ἐπιτύχω,
3167 843 3370 915 ἔπνιξα.
3427 843 3486 900 Εἰ
3539 842 3588 898 δὲ
3646 847 3769 920 μήγε,

433 967 694 1023 nequeo;
729 949 970 1019 spiritus
1003 946 1156 1002 enim
1207 945 1570 1017 perniciosus
1620 960 1773 1012 sum,
1809 943 2013 997 innum

2194 936 2468 1013 ἀναχωρῶ
2499 936 2574 998 εἷς
2608 932 2786 1010 ἕτερον
2827 937 2996 990 τόπον
3033 951 3047 966 ·
3098 934 3222 1006 μίαν
3273 934 3376 1009 γὰρ
3415 935 3562 988 νύκτα
3586 933 3767 1007 ἀποχω-

431 1019 818 1110 ris_gaudens
864 1034 1205 1089 nominibus
1265 1037 1321 1088 et
1363 1033 1606 1100 formis;
1641 1038 1696 1086 et
1746 1031 1918 1086 modo
1966 1029 2018 1084 hi

2196 1031 2357 1098 ρῆσαι
2415 1023 2685 1099 ἄπρακτος
2720 1024 2781 1079 οὐ
2827 1022 3058 1095 δύναμαι
3094 1044 3107 1057 ’
3153 1023 3378 1094 πνεῦμα
3429 1022 3524 1096 γὰρ
3576 1019 3771 1096 χαλεπόν

427 1107 600 1183 modo
629 1142 763 1181 vero
799 1123 917 1178 illic
966 1140 1180 1192 versor,
1214 1127 1270 1177 et
1296 1122 1627 1192 assignatas
1679 1120 1943 1191 regiones
1984 1121 2014 1173 d

2195 1115 2329 1185 εἰμι,
2361 1115 2710 1189 μυριώνυμον
2760 1114 2850 1168 καὶ
2899 1111 3259 1186 πολύμορφον
3297 1129 3310 1141 '
3361 1112 3443 1166 καὶ
3483 1114 3563 1164 νῦν
3595 1113 3672 1182 μὲν
3696 1107 3777 1164 ὧδε

424 1213 704 1281 ambulo;
737 1213 837 1268 sed
872 1215 936 1266 ut
967 1217 1052 1267 est
1083 1228 1257 1277 nunc,
1294 1211 1538 1282 signans
1572 1226 1663 1264 me
1705 1207 1922 1263 annulo
1957 1207 2011 1262 Di

2192 1203 2280 1256 καὶ
2325 1208 2415 1256 νῦν
2467 1203 2576 1258 ἐκεῖ
2617 1207 2831 1276 πνεῦμα
2879 1204 3000 1275 (sic)
3046 1205 3139 1256 νῦν
3191 1197 3304 1254 ἔκεῖ
3321 1201 3368 1272 ?]
3408 1199 3530 1254 εἶναι
3563 1219 3574 1232 ·
3614 1199 3687 1252 καὶ
3720 1199 3777 1262 εἰς

425 1303 505 1357 nil
529 1301 715 1358 fecisti
741 1325 755 1368 ;
785 1317 898 1357 non
924 1301 1133 1355 adsum
1158 1300 1264 1355 tibi
1295 1320 1308 1367 ;
1341 1304 1403 1354 tu
1438 1299 1591 1353 niaeil
1629 1298 1769 1352 mihi
1798 1299 2012 1366 impera

2191 1291 2257 1345 τὰ
2288 1289 2613 1365 511t7.5.(sic)
2641 1293 2779 1366 μέρη
2806 1291 3172 1366 περιέρχομαι
3199 1308 3212 1321 ⁸
3247 1287 3402 1342 Ἀλλ’
3423 1289 3492 1349 ὠς
3516 1287 3612 1342 ἐστὶ
3631 1292 3705 1340 νῦν
3725 1288 3777 1360 (ἳ)

427 1391 647 1463 poteris
675 1410 689 1459 ;
717 1389 946 1444 nullum
973 1390 1130 1445 enim
1157 1388 1296 1444 mihi
1323 1392 1413 1444 est
1435 1404 1602 1458 opus,
1629 1387 1742 1442 nisi
1768 1403 2014 1458 pueroru

2193 1390 2614 1468 περισφραγίσας
2699 1410 2763 1462 με
2839 1387 2917 1460 τῷ
2995 1383 3330 1458 δακτυλιδίῳ
3398 1390 3490 1440 τοῦ
3543 1388 3657 1439 Θεοῦ
3704 1383 3780 1436 οὐκ

427 1479 666 1548 ablatio,
701 1478 931 1534 aurium
960 1478 1242 1543 surditas,
1276 1475 1578 1532 oculorum
1613 1475 1793 1542 laesio,
1829 1476 2014 1531 fauciu

2195 1478 2456 1548 ἐποίησας
2489 1497 2501 1510 ’
2565 1479 2626 1532 οὗ
2676 1477 2991 1553 παρεστηκά
3040 1497 3123 1530 σοι
3159 1495 3172 1508 ⁶
3233 1474 3337 1550 ἐγὼ
3391 1476 3502 1546 (sic)
3533 1474 3588 1528 οὗ
3626 1469 3694 1526 δέν
3730 1492 3781 1543 με

427 1569 698 1637 frenatio,
732 1568 1018 1624 mentium
1051 1566 1314 1634 amissio,
1337 1570 1393 1621 et
1423 1581 1732 1636 corporum
1765 1565 2014 1620 cruciatu

2194 1564 2432 1637 διατάξαι
2475 1564 2677 1642 δυνήσῃ
2714 1585 2726 1599 ·
2777 1562 2928 1620 οὐδὲν
2981 1586 3085 1638 μου
3129 1565 3230 1640 γάρ
3283 1562 3420 1618 ἔστιν
3472 1561 3630 1637 ἔργον,
3657 1559 3694 1614 ri
3722 1561 3778 1630 μὴ

431 1668 557 1723 Haec
605 1667 852 1722 audiens
910 1682 1014 1737 ego
1063 1665 1361 1733 Salomon,
1395 1664 1723 1720 admiratus
1773 1680 1905 1718 sum
1957 1680 2018 1734 sp

2197 1658 2410 1731 βρεφῶν
2461 1655 2759 1731 ἀναίρεσις,
2819 1655 2908 1708 καὶ
2961 1654 3116 1709 ὤτων
3167 1653 3441 1730 κωφότης,
3493 1649 3577 1704 καὶ
3623 1649 3783 1726 ὀφθαλ-

429 1758 577 1813 ciem
609 1759 775 1828 ejus;
809 1755 1252 1828 contemplabar
1284 1771 1457 1810 omne
1505 1771 1719 1825 corpus
1763 1755 1891 1824 ejus
1921 1757 2012 1808 ten

2196 1749 2311 1817 μῶν
2369 1741 2570 1816 ἀδικία,
2619 1744 2708 1799 καὶ
2779 1742 3063 1816 στομάτων
3117 1738 3507 1816 χαλινόδιυμα,
3561 1738 3638 1792 καὶ
3686 1757 3780 1810 φρε-

428 1847 665 1902 brosum
693 1863 707 1913 ;
731 1845 910 1900 facies
931 1849 1129 1899 autem
1149 1844 1279 1913 ejus
1303 1847 1425 1897 tota
1453 1841 1671 1912 lucida,
1699 1842 2015 1897 viridescen

2192 1838 2296 1886 νῶν
2348 1833 2614 1904 ἀπώλεια,
2670 1832 2760 1887 καὶ
2819 1833 3084 1905 σωμάτων
3143 1828 3400 1904 ἄλγησις,
3451 1832 3617 1885 Ταῦτα
3653 1825 3779 1880 d105-

2340 1919 2958 1930 .__,._..
3199 1917 3344 1930 .-ι
3494 1914 3756 1930 .-._.

426 1940 483 1990 et
539 1935 731 1989 crines
791 1935 918 2004 ejus
981 1933 1252 2004 hispida,
1287 1936 1352 1986 ut
1407 1930 1719 1998 draconis;
1771 1935 1828 1984 et
1885 1945 2013 1984 omn

2196 1944 2284 1984 σας
2335 1921 2439 1998 ἐγὼ
2494 1919 2788 1994 Σολομῶν,
2837 1920 3113 1993 ἐθαύμασα
3160 1920 3223 1974 τὸ
3267 1917 3407 1980 εἶδος
3452 1918 3620 1983 αὐτοῦ,
3659 1914 3783 1978 ἐθεώ-

427 2024 693 2077 membra
740 2003 868 2092 ejus
926 2003 1368 2088 invisibilia;et
1423 2037 1530 2074 vox
1583 2020 1711 2090 ejus
1770 2018 2014 2073 manifes

2196 2031 2318 2086 ρουν
2353 2012 2488 2064 ἅπαν
2518 2013 2580 2065 τὸ
2631 2015 2790 2083 σῶμα
2843 2011 3009 2078 αὐτῆς
3061 2008 3248 2063 σκοτία
3283 2027 3296 2041 °
3344 2011 3379 2077 ἡ
3431 2005 3485 2062 δὲ
3514 2005 3623 2080 ὄψις
3653 2003 3783 2071 αὐτῆς

425 2111 687 2183 pervenit
718 2111 790 2165 ad
835 2126 948 2165 me.
985 2115 1050 2164 Et
1082 2126 1187 2182 ego
1219 2107 1585 2180 SOphismate
1617 2107 2007 2162 circumvenie

2196 2098 2298 2170 ὅλη
2333 2098 2564 2174 λαμπρὰ
2610 2097 2951 2175 διάχλωρος,
3001 2098 3091 2153 καὶ
3140 2097 3196 2153 αἲ
3222 2097 3410 2174 τρίχες
3442 2097 3594 2165 αὐτῆς
3621 2096 3783 2169 ἠγριω-

426 2216 578 2263 eam,
613 2198 732 2254 dixi
767 2216 780 2253 :
816 2197 1015 2253 Indica
1047 2198 1215 2264 mihi,
1246 2198 1400 2252 male
1449 2196 1868 2268 spiritus,quis
1900 2200 1955 2250 te
1987 2214 2013 2250 ε

2199 2190 2349 2262 μέναι
2383 2191 2455 2251 ὡς
2501 2187 2793 2263 δράκοντος
2828 2208 2841 2221 ⁵
2885 2189 2976 2243 καὶ
3023 2190 3091 2243 τὰ
3139 2187 3425 2261 σύμπαντα
3465 2185 3594 2259 μέλη
3634 2183 3786 2250 αὐτῆς.

425 2288 588 2360 gelus
622 2289 1019 2360 imponentem
1073 2287 1292 2342 faciat?
1323 2289 1457 2352 Quae
1505 2286 1588 2341 ait
1624 2303 1635 2339 :
1672 2286 1932 2358 Angelus
1982 2285 2012 2339 ll

2200 2279 2414 2353 ἔιόρατα.
2476 2279 2577 2336 Καὶ
2658 2281 2692 2349 ἡ
2771 2279 2926 2356 φωνή
3015 2277 3180 2347 αὐτῆς
3265 2274 3570 2345 κατάδηλος
3621 2272 3787 2346 ἤρχετο

424 2382 666 2435 vocatus
714 2377 1050 2449 Apharoph,
1103 2377 1260 2447 quod
1322 2377 1742 2446 interpretatur
1799 2374 2011 2446 Raphal

2205 2369 2327 2444 πρὸς
2402 2368 2486 2440 μὲ.
2541 2367 2707 2441 Κάγὼ
2753 2367 3256 2442 κατασοφισάμενος
3307 2368 3480 2435 εἷπον,
3533 2361 3653 2436 Λέγε
3699 2380 3792 2431 μοι,

428 2483 460 2522 a
493 2483 610 2538 quo
662 2482 816 2521 nunc
862 2464 1118 2521 imbellis
1150 2465 1223 2520 ﬁo
1275 2465 1332 2518 in
1388 2481 1562 2520 omne
1608 2465 2015 2536 tempus;cuj‘

2206 2470 2403 2538 πνεῦμα
2454 2465 2717 2539 πονηρὸν,
2771 2463 2918 2536 ποίῳ
2965 2462 3189 2540 ἀγγέλῳ
3238 2464 3480 2535 καταργῇ
3525 2459 3619 2516 σύε
3666 2459 3718 2513 Ἠ
3749 2454 3793 2509 δέ

429 2570 643 2610 nomen
670 2554 720 2610 si
752 2553 888 2624 quis
919 2553 1228 2608 hominum
1262 2552 1554 2622 didicerit,
1589 2558 1646 2607 et
1678 2570 1856 2623 super
1887 2558 2016 2623 part

2204 2576 2289 2626 μοι
2367 2550 2467 2628 ἔφη
2507 2572 2519 2585 '
2597 2557 2683 2625 Τῷ
2752 2551 2970 2629 ἀγγέλῳ
3041 2556 3138 2606 τοῦ
3195 2556 3332 2607 Θεοῦ
3389 2554 3466 2622 τῷ
3516 2545 3791 2619 καλουμένῳ

427 2643 676 2698 rientem
722 2641 1000 2697 feminam
1034 2641 1356 2712 scripserit,
1387 2646 1530 2695 tunc
1564 2641 1789 2712 ingredi
1830 2657 1944 2695 non
1978 2658 2011 2712 p

2209 2643 2474 2721 Αφαρὼφ,
2524 2643 2552 2696 ὃ
2604 2641 2959 2718 ἑρμηνεύεται
3007 2640 3272 2719 Ῥαφαήλ,
3336 2639 3382 2712 ᾧ
3429 2637 3514 2693 καὶ
3563 2641 3642 2691 νῦν
3691 2655 3793 2688 κατ-

429 2737 592 2800 tero;
624 2731 796 2801 cujus
827 2730 1090 2785 calculus
1122 2734 1210 2786 est
1255 2731 1380 2784 640.
1415 2731 1485 2784 Et
1515 2743 1620 2801 ego
1652 2729 1926 2784 Salomon
1963 2729 2016 2784 ha

2202 2736 2466 2808 κργοῦμαι
2536 2730 2612 2793 εἷς
2667 2733 2758 2786 τὸν
2820 2729 2956 2786 ἅπαν
3010 2731 3233 2807 χρόνον·
3296 2727 3376 2786 Οὗ
3439 2728 3498 2782 τὸ
3541 2721 3692 2799 ὄνομα
3726 2722 3789 2777 ἐάν

429 2819 696 2886 audiens,
731 2818 963 2874 laudavi
995 2818 1332 2888 Dominum,
1367 2824 1420 2874 et
1444 2819 1602 2889 jussi
1635 2823 1699 2874 ut
1728 2818 2010 2874 vincirent

2204 2844 2274 2884 τις
2332 2826 2441 2876 τῶν
2501 2821 2800 2898 ἀνθρώπων
2852 2819 3130 2876 ἐπίσταται
3182 2819 3272 2874 καὶ
3326 2818 3413 2873 ἐπὶ
3460 2817 3675 2892 γεννώσῃ
3726 2817 3791 2883 (ει)

427 2907 618 2964 crines
651 2909 799 2979 ejus,
834 2912 890 2963 et
920 2908 1429 2979 suspenderentur
1476 2911 1609 2963 ante
1639 2908 1927 2980 templum
1962 2913 2014 2961 Dl

2203 2910 2405 2986 γυναικὶ
2453 2911 2655 2986 γράψῃ,
2715 2909 2838 2964 τότε
2895 2909 2956 2964 οὐ
3016 2906 3323 2981 δυνήσομαι
3379 2905 3646 2975 εἷσελθεῖν,
3682 2900 3790 2956 οὗὸ

425 3010 492 3060 ut
520 3022 724 3060 omnes
756 3004 860 3059 ﬁlii
915 3004 1095 3061 Israel
1125 3004 1422 3060 venientes
1468 3010 1525 3060 et
1569 3005 1832 3061 videntes
1861 3005 2007 3076 glori

2203 3004 2374 3076 ξλῆφος
2433 3001 2554 3073 χμ’.
2615 2999 2779 3074 Κάγὼ
2856 2998 3152 3071 Σολομῶν,
3228 2997 3467 3059 ἀκούσας
3529 2999 3677 3049 ταῦτα
3722 2990 3790 3045 καί

431 3099 632 3150 carent
667 3095 978 3150 Dominum
1026 3095 1212 3150 Deum
1245 3093 1445 3163 Israel,
1477 3094 1576 3166 qui
1628 3095 1788 3150 dedit
1820 3095 1966 3149 mihi
1999 3096 2018 3148 f

2206 3087 2417 3158 δοξάσας
2476 3088 2565 3142 τὸν
2629 3088 2852 3163 Κύριον,
2905 3086 3205 3162 προσέταξα
3263 3083 3610 3158 δεσμευθῆναι
3659 3079 3793 3141 αὐτῆς

425 3183 724 3252 cultatem,
757 3188 814 3239 et
863 3183 1238 3255 sapientiam,
1284 3190 1341 3238 et
1389 3182 1715 3254 potentiam
1750 3201 1783 3238 a
1818 3188 1928 3238 Deo
1983 3201 2012 3254 p

2206 3178 2286 3238 τὰς
2327 3177 2547 3252 τρίχας,
2606 3176 2696 3230 καὶ
2767 3173 3138 3250 λρεμασθῆναι
3199 3168 3503 3251 ἔμπροσθεν
3557 3175 3643 3225 τοῦ
3689 3171 3793 3222 ναοῦ

426 3230 724 3252 ""'"""'""
758 3230 814 3239 "
863 3230 1238 3255 “⁷“”Γ““’“”’“”“’”9
1287 3230 1340 3238 ""
1389 3230 1715 3254 r"'"'"""
1751 3230 1783 3238 “”
1818 3230 1925 3238 """
1984 3230 2012 3254 r

425 3271 932 3328 annulumistum.
956 3272 1725 3342 Etrursusjussiutadesset
1761 3271 1905 3326 mihi
1933 3271 2007 3328 ali

2275 3230 2285 3238 ’
2342 3230 2381 3252 ΫΙΫ
2422 3230 2459 3252 ’Β
2511 3230 2546 3246 ’³
2807 3230 2816 3250 Ι
2873 3230 2882 3249 Ι
3038 3230 3048 3244 ⁸
3232 3230 3241 3247 δ
3320 3230 3330 3251 Ι
3428 3230 3446 3238 ’⁷

2206 3270 2288 3320 τοῖ’)
2344 3269 2477 3319 Θεοῦ
2513 3263 2648 3319 ⁸’ἱνα
2705 3266 2901 3329 πάντες
2949 3265 2999 3319 οἱ
3050 3264 3159 3319 υἱοὶ
3221 3261 3446 3340 Ἰσραὴλ
3495 3260 3793 3335 διερχόμενοι

430 3362 680 3419 daemon.
714 3362 782 3416 Et
813 3360 972 3416 venit
1017 3360 1077 3415 in
1109 3365 1425 3432 conspectu
1475 3377 1604 3416 meo
1638 3361 2017 3416 draconiform

2209 3355 2282 3410 ιαὶ
2343 3355 2637 3428 βλέποντες
2697 3352 2978 3425 δοξάζουσι
3033 3353 3227 3429 Κύριον
3286 3357 3382 3408 τὸν
3431 3352 3552 3407 Θεὸν
3593 3345 3796 3422 Ἰσραὴλ,

430 3450 980 3518 circumvolutatus,
1013 3450 1217 3505 faciem
1265 3450 1484 3504 habens
1514 3454 1572 3504 et
1602 3450 1777 3520 pedes
1804 3448 2017 3504 homini

2206 3455 2282 3509 τὸν
2329 3451 2491 3509 δόντα
2542 3476 2634 3527 μοι
2682 3455 2780 3522 τὴν
2855 3451 3092 3524 ἐξουσίαν
3142 3453 3347 3522 ταύτην
3398 3451 3484 3506 καὶ
3532 3448 3697 3525 σοφίαν
3725 3442 3793 3498 καὶ

432 3537 660 3611 reliqua
689 3557 824 3594 vero
856 3540 1121 3595 membra
1138 3539 1434 3606 draconis,
1467 3543 1524 3594 et
1554 3537 1679 3594 alas
1710 3537 1769 3592 in
1802 3539 2004 3606 dorso;

2205 3541 2424 3616 δύναμιν
2465 3545 2612 3617 παρὰ
2641 3547 2773 3598 Θεοῦ
2824 3539 2913 3597 διὰ
2969 3550 3069 3612 τῆς
3118 3539 3420 3619 σφραγῖδος
3468 3540 3651 3606 ταύτης
3680 3555 3691 3566 ⁶
3723 3532 3792 3587 καὶ

427 3648 560 3687 ecce
573 3648 677 3704 ego
693 3631 1053 3703 stupefactus
1069 3629 1355 3694 dixizouis
1371 3633 1453 3698 e's,
1475 3647 1506 3685 ο
1520 3631 1826 3698 deemon;et
1839 3631 1972 3701 quis
1996 3633 2014 3684 c

2205 3631 2357 3687 πάλιν
2419 3631 2676 3687 ἐκέλευσα
2740 3631 2990 3706 παρεῖναί
3047 3651 3142 3704 μοι
3193 3627 3378 3703 ἕτερον
3430 3626 3661 3699 δαίμονα.
3713 3620 3792 3677 Καὶ

428 3719 667 3790 caris,et
690 3737 722 3775 u
737 3721 848 3775 nde
869 3720 1068 3775 venias
1089 3719 1284 3774 indica
1303 3719 1469 3774 mihi.
1485 3721 1554 3774 Et
1577 3720 1938 3790 respondens
1957 3736 2015 3790 sp

2206 3718 2330 3789 ἦλθε
2395 3722 2500 3794 πρὸ
2570 3717 2868 3796 πρὸσωπου
2932 3717 3355 3793 δρακοντοειδής
3418 3711 3793 3784 ἀνακυλινοῦμε·

425 3809 576 3864 ritus
611 3808 757 3863 dixit
788 3823 801 3863 :
837 3808 1096 3862 Primum
1129 3807 1294 3863 astiti
1333 3809 1467 3877 tibi,
1497 3824 1596 3862 rex
1626 3807 1923 3875 Salomon,
1957 3825 2012 3879 sp

2203 3831 2306 3881 νος,
2338 3811 2399 3864 τὸ
2432 3807 2489 3864 δὲ
2523 3810 2816 3884 προσώπον
2850 3809 2939 3863 καὶ
2987 3806 3113 3870 τοὺς
3162 3805 3336 3870 πόδας
3364 3802 3502 3882 ἔχων
3536 3804 3790 3877 ἀνθρώπου,

424 3896 576 3951 ritus
608 3893 916 3951 deiﬁcatus
949 3895 1104 3950 inter
1133 3895 1423 3962 homines,
1446 3912 1600 3950 nunc
1633 3900 1828 3950 autem
1862 3895 2006 3950 fract

2207 3899 2244 3930 ,ε
2307 3896 2352 3953 δκ
2654 3898 2665 3917 ν
2743 3903 2767 3930 .~
2892 3899 2902 3915 ι
3270 3902 3297 3912 ~
3469 3893 3527 3912 κ·-
3613 3891 3632 3910 ἀ
3683 3891 3690 3906 ν
3751 3913 3794 3930 ε,

2207 3920 2256 3953 ,α
2340 3920 2363 3952 ε
2417 3897 2556 3972 μέλη
2608 3919 2772 3953 αυτοδ
2833 3919 3005 3953 παντα
3064 3897 3170 3952 ἀπὸ
3227 3918 3340 3951 των
3389 3907 3565 3950 ποοων
3609 3909 3772 3967 epam:

420 3983 645 4040 viribus
666 4000 768 4056 per
789 3985 994 4038 datum
1022 3983 1127 4038 tibi
1152 3983 1440 4038 annulum
1466 3983 1561 4038 Dei
1594 3988 1651 4039 et
1685 3983 2007 4054 sapientian

2206 4009 2304 4056 τος,
2336 3987 2425 4041 καὶ
2473 3988 2643 4063 πτερὰ
2684 3987 2926 4060 (πτερὸν)
2975 3987 3111 4040 κατά
3153 3985 3318 4040 νότου
3355 4005 3368 4018 ο
3422 3983 3510 4038 καὶ
3541 3980 3647 4036 ἰδοὺ
3668 3976 3793 4035 αὐτὸς

423 4086 480 4138 et
501 4099 659 4138 nunc
684 4097 790 4153 ego
810 4098 943 4137 sum
967 4081 1068 4153 qui
1092 4082 1256 4136 dicor
1276 4080 1468 4137 alatus
1491 4082 1810 4145 draco,non
1836 4098 2010 4137 comn

2209 4071 2462 4150 ἷκθαμϐος
2491 4079 2782 4151 γενόμενος
2832 4077 2982 4130 εἷπον
3021 4095 3033 4109 °
3087 4074 3185 4136 Τίς
3225 4075 3275 4129 εἴ
3303 4075 3332 4129 ὁ
3362 4071 3568 4146 δαίμων
3597 4098 3611 4140 ;
3636 4067 3711 4124 καὶ
3734 4064 3796 4126 τίς

421 4177 552 4227 stus
575 4152 778 4226 multis
801 4152 1284 4239 mulieribus,sed
1317 4171 1520 4241 paucis
1554 4174 1610 4225 et
1640 4171 2008 4240 formosis,q:

2206 4163 2333 4241 ’τέγει
2397 4164 2612 4239 (Mm);
2671 4167 2761 4220 καὶ
2817 4163 2980 4228 πόθεν
3044 4163 3348 4234 ἐλήλυθας,
3408 4162 3522 4217 εἰπὲ
3567 4181 3668 4232 μοι.
3718 4152 3793 4209 Καὶ

363 4260 366 4262 ’
420 4259 635 4316 sideris
665 4259 845 4331 hujus
876 4275 1088 4314 nomen
1122 4259 1340 4314 habent
1368 4276 1381 4326 ;
1417 4262 1473 4314 et
1503 4258 1645 4313 abeo
1679 4259 1750 4313 ad
1781 4275 1879 4313 eas
1912 4275 1945 4330 q

2205 4253 2500 4328 ῖιποκριθεὶς
2559 4257 2684 4324 (sic)
2736 4253 2800 4307 τὸ
2847 4257 3062 4326 πνεῦμα
3112 4250 3262 4327 λέγει
3297 4270 3312 4284 ·
3359 4252 3438 4309 Τὸ
3491 4251 3578 4324 μὲν
3619 4249 3792 4321 πρῶτον

419 4348 671 4420 spiritus
729 4348 1014 4420 penniger
1069 4346 1335 4403 alliciens
1395 4363 1498 4420 per
1561 4347 1820 4414 divitias,
1864 4353 1920 4402 et
1978 4346 2006 4401 il

2207 4341 2503 4417 ταρέστηκά
2533 4362 2641 4411 σοι,
2691 4339 2915 4416 βασιλεῦ
2962 4339 3256 4414 Σολομῶν,
3298 4339 3512 4412 πνεῦμά
3538 4339 3794 4392 1505010:-

421 4417 664 4507 q—uidem
693 4417 871 4508 super
901 4417 1079 4509 quam
1113 4436 1280 4502 irrui,
1301 4417 1528 4491 fructus
1561 4435 1662 4506 qui
1694 4440 1868 4491 natus
1899 4440 1988 4490 est

2208 4429 2418 4503 ιύμενον
2467 4429 2517 4485 ἓν
2597 4430 2902 4504 ἀνθρώπνις
2934 4450 2946 4463 ·
3013 4433 3104 4484 νῦν
3169 4427 3226 4484 δὲ
3279 4428 3678 4506 κατηργημὲνον
3726 4417 3795 4475 διὶ

419 4538 507 4588 ea,
541 4523 767 4595 Cupido
800 4525 864 4579 ﬁt
890 4541 904 4593 ;
930 4541 1064 4580 cum
1094 4528 1289 4580 autem
1322 4541 1356 4578 a
1385 4524 1526 4579 viris
1559 4524 1776 4595 portari
1801 4539 2006 4594 neque:

2204 4526 2284 4589 τῆς
2327 4524 2424 4574 τοῦ
2469 4523 2602 4575 Θεοῦ
2644 4517 2938 4592 δεδομένης
2989 4539 3076 4572 σοι
3126 4516 3426 4593 σφραγῖδος
3485 4516 3570 4571 καὶ
3616 4511 3791 4588 σοφίας.

416 4627 630 4682 procax
662 4612 848 4668 factus
878 4617 986 4680 est,
1007 4613 1159 4669 sicut
1188 4618 1246 4669 et
1276 4613 1506 4668 mulier.
1544 4614 1670 4667 Haec
1701 4616 1790 4668 est
1820 4620 2003 4684 operai

2203 4618 2284 4672 ἰαὶ
2340 4623 2428 4672 νῦν
2478 4618 2587 4692 ἐγώ
2641 4616 2754 4691 εἶμι
2832 4617 2860 4671 ὁ
2937 4616 3231 4692 λεγόμενος
3309 4612 3696 4692 πτεροδράκων,
3744 4627 3790 4661 ον

415 4716 546 4756 mea
581 4717 594 4756 :
628 4715 780 4772 pone
823 4701 1005 4772 igitur
1052 4706 1117 4756 ut
1145 4718 1252 4774 ego
1302 4700 1465 4757 solus
1517 4701 1804 4756 coercitus
1837 4700 2002 4754 fuerin

2204 4708 2572 4782 πυγγινόμενος
2628 4704 2874 4768 πολλαῖς
2918 4705 3181 4779 γοναιξὶν,
3243 4702 3460 4780 ὀλίγαις
3507 4701 3560 4757 δὲ
3604 4698 3682 4754 καὶ
3726 4694 3791 4749 εὖ·

408 4788 639 4860 reliqua
691 4805 824 4845 vero
865 4791 1156 4846 daemonia
1207 4790 1541 4846 molestiam
1584 4807 1617 4845 a
1665 4794 1720 4844 te
1769 4791 1994 4862 patient

2202 4796 2423 4875 ιόρφοις
2454 4817 2467 4828 ⁸
2521 4791 2723 4858 αἶ’τινες
2771 4792 2866 4850 τοῖ’)
2917 4797 3038 4866 ξυΛι
3091 4796 3210 4868 (sic)
3258 4794 3458 4848 τούτου
3497 4795 3587 4846 τοῦ
3631 4785 3789 4860 ἄστρον

409 4886 868 4955 tumultuentur,
923 4889 1231 4944 veritatem
1283 4905 1515 4944 omnem
1566 4887 1814 4942 dicant:
1865 4886 1995 4958 ipsa

2202 4872 2356 4958 ἕνομα
2430 4883 2720 4960 κατέχουσι
2758 4903 2771 4916 ’
2859 4883 2949 4938 καὶ
3055 4881 3374 4957 ἀπέρχομαι
3460 4881 3587 4954 πρὸς
3659 4872 3789 4931 criti;

410 4976 627 5032 facient
654 4981 719 5031 ut
748 4992 850 5047 per
897 4975 1092 5046 ignem
1127 4978 1408 5049 perdatur
1455 4976 1703 5032 electum
1757 4991 1968 5031 nemus

2203 4973 2308 5028 ὒσεί
2365 4978 2580 5046 πνεῦμα
2640 4969 2950 5049 πτεροειδές
3042 4971 3432 5047 συγγινόμενον
3503 4965 3587 5023 διὰ
3653 4960 3790 5018 πλοῦ-

408 5079 660 5136 gnorum
694 5065 850 5136 quod
903 5048 1301 5137 colligendum
1350 5071 1436 5122 est
1494 5065 1565 5122 ad
1625 5064 1995 5120 aedificatione

2201 5084 2292 5133 τον,
2350 5064 2438 5117 καὶ
2499 5065 2534 5132 ἡ
2625 5048 2750 5135 μὶνί
2795 5056 3085 5130 ἐϐάσταζεν
3165 5059 3200 5134 ᾗ
3266 5059 3567 5136 ὲῬόΡμησα⁹
3619 5053 3695 5108 καὶ
3741 5048 3788 5137 τὸ

405 5153 658 5225 templi?
687 5155 756 5210 Et
787 5154 909 5210 haec
943 5159 1008 5209 ut
1051 5136 1198 5211 dixit
1247 5157 1493 5222 daemon,
1527 5155 1644 5209 vidi
1691 5153 1966 5226 spiritum

2199 5152 2429 5221 νεννηθὶν
2460 5150 2517 5220 ἐζ
2547 5149 2717 5220 αὐτῆς
2746 5151 2923 5226 Ἔρως
2962 5151 3207 5225 γίνεται·
3263 5148 3368 5204 ὑπὸ
3418 5143 3610 5222 ἀνδρῶν
3653 5138 3701 5195 δὶ
3729 5136 3786 5210 μή

405 5257 504 5296 ore
534 5244 664 5314 ejus
694 5244 1115 5316 egredientem,
1151 5245 1251 5316 qui
1285 5244 1543 5299 incendit
1575 5259 1782 5298 nemus
1833 5242 1992 5298 Libat

2194 5241 2402 5295 ῖυνάοὸν
2472 5241 2870 5316 βασταχθῆναι,
2939 5237 3207 5316 ἐψόφησεν
3282 5235 3405 5312 ἄρα,
3464 5235 3548 5289 καὶ
3599 5234 3630 5300 ἡ
3676 5226 3781 5316 Τηδνῇ

403 5333 462 5384 et
509 5313 835 5388 cambussit
883 5333 1082 5389 omnia
1128 5313 1289 5405 ligna
1346 5349 1477 5403 qua
1523 5331 1946 5402 componebam

2200 5327 2376 5400 λείνη’
2440 5313 2574 5399 αῧτη
2626 5313 2734 5400 μου
2783 5329 2818 5397 ἡ
2860 5313 3064 5403 ’πρᾶξις⁷
3095 5325 3223 5381 ἐστί.
3258 5326 3421 5380 Θέσον
3471 5325 3557 5377 οὖν
3605 5313 3787 5405 μοι-μέ·

401 5417 694 5491 templum
729 5420 848 5476 Dei.
1176 5401 1202 5405 Ἴ
1363 5401 1380 5403 “
1660 5401 1675 5402 7

2202 5439 2257 5472 ον
2292 5419 2638 5494 ἀρκεσθῆναι,
2671 5417 2739 5470 τὰ
2771 5413 2828 5470 δὲ
2870 5415 3040 5471 λοιπᾶ
3082 5419 3187 5470 τῶν
3241 5411 3534 5486 δαιμονίων
3566 5401 3786 5480 ἐνοχλού-

2165 5491 2338 5579 μεναέ
2373 5507 2474 5562 ὑπὸ
2523 5509 2618 5560 σοῦ
2693 5504 3208 5580 καταταρασσόμενα
3271 5504 3414 5576 (sic),
3487 5505 3645 5554 πᾶσαν
3705 5491 3780 5564 μὲν

401 5595 657 5669 ἀλήθειαν
704 5593 923 5667 εἷ’πωσι,
953 5600 1021 5653 τὰ
1067 5596 1124 5654 δὲ
1176 5597 1265 5654 διὰ
1308 5598 1478 5677 πυρὸς
1534 5599 1855 5668 ποιήσουσιν
1902 5593 2246 5664 ἀναλωθῆναι
2300 5598 2399 5666 τὴν
2464 5593 2734 5669 μέλουσαν
2793 5591 2934 5664 ὕλην
2988 5594 3096 5648 τῶν
3157 5589 3331 5664 ξύλων
3399 5590 3501 5646 ὑπὸ
3545 5590 3633 5642 τοῦ
3677 5595 3775 5677 συγ

403 5687 621 5763 ἄγεσθαι
677 5687 754 5753 εἷς
825 5686 1126 5764 οἰκοδομὴν
1190 5687 1244 5746 ὲν
1293 5668 1554 5763 τᾷδ’ναῷ.
1611 5687 1711 5750 Καὶ
1782 5686 1859 5751 ὡς
1915 5689 2080 5743 ταῦτα
2138 5684 2404 5759 ιλάλησεν
2555 5683 2788 5760 δαίμων,
2851 5681 2966 5741 ἴδον
3020 5685 3083 5740 τὸ
3140 5685 3347 5756 πνεῦμα
3403 5679 3509 5736 ἀπὸ
3549 5679 3635 5733 τοῦ
3675 5668 3777 5726 στό-
