4084 6218
341 304 497 364 133⁵1

1486 305 2086 371 TESTAMENTUM
2130 307 2597 372 SALOMONIS.

3593 312 3751 372 1338

336 454 507 505 ματος
537 432 700 489 αὐτοῦ
726 432 980 505 ἐξελθὼν,
1014 436 1274 513 ἐνέπρησε
1299 439 1389 493 τὸν
1424 435 1685 514 δρυμῶνα
1713 443 1809 495 τοῦ
1841 433 2099 508 Λιϐάνου,
2132 438 2221 493 καὶ
2255 438 2527 513 ἐνεπύρισε
2553 439 2725 496 πάντα
2756 443 2820 495 τὰ
2850 440 3002 514 ξύλα,
3029 442 3162 518 ἅπερ
3215 441 3291 504 εἷς
3335 441 3425 496 τὸν
3472 442 3597 497 ναὸν
3653 444 3753 497 τοῦ

334 526 467 576 Θεοῦ
500 521 721 595 ἐθέμην.

407 611 511 666 Καὶ
545 610 684 666 εἶδον
744 612 854 687 ἐγὼ
913 615 1183 689 Σολομῶν
1241 617 1269 671 ὃ
1327 616 1592 689 πεποίηκε
1647 620 1708 673 τὸ
1751 622 1982 691 πνεῦμα,

2174 621 2244 677 Et
2275 622 2389 676 vidi
2422 639 2526 693 ego
2578 622 2850 679 Salomon
2902 640 3028 695 quae
3079 623 3215 678 fecit
3262 622 3527 694 spiritus,
3561 627 3618 677 et
3649 622 3749 676 ad-

338 701 429 753 καὶ
490 700 787 774 ἐθαύμασα·
858 705 947 758 καὶ
1000 703 1226 777 δοξάσας
1279 708 1370 761 τὸν
1425 709 1551 761 Θεὸν
1608 710 1873 783 ἠρώτησα
1900 709 1989 762 τὸν

342 786 579 861 δαίμονα
627 792 720 846 τὸν
779 790 1163 867 δρακοντοειδῆ
1224 794 1433 871 λέγων,
1489 796 1621 853 Εἷπέ
1672 819 1787 870 μοι⁹
1845 797 1989 869 ποίῳ

338 877 561 953 ἀγγέλῳ
613 885 853 957 καταργῇ
915 883 1017 951 σύς
1074 886 1135 941 Ὁ
1192 882 1249 939 δέ
1300 907 1391 958 μοι
1451 880 1575 962 ἔφη.
1618 890 1709 955 Τῷ
1766 885 1992 961 μεγάλῳ

336 965 561 1042 ἀγγέλῳ
590 974 669 1040 τῷ
706 969 757 1024 ἐν
816 976 897 1043 τῷ
940 971 1171 1048 δευτέρῳ
1222 973 1437 1047 ούρανῷ
1484 976 1853 1048 καθεζομένῳ,
1912 980 1993 1047 τῷ

332 1054 664 1130 καλουμένῳ
695 1054 935 1134 ἱϐραῖστὶ
991 1063 1257 1131 Βαζαζάθ.
1296 1064 1453 1137 Κάγὼ
1486 1063 1780 1136 Σολομῶν,
1836 1063 1994 1118 ἀκού-

335 1166 431 1206 σας
481 1151 647 1200 ταῦτα
703 1148 793 1202 καὶ
858 1150 1315 1223 ἐπικαλεσάμενος
1368 1153 1459 1206 τὸν
1518 1150 1744 1227 ἄγγελον
1804 1151 1990 1219 αὐτοῦ,

329 1243 619 1318 κατέκρινα
671 1248 933 1321 μάρμαρα
974 1248 1197 1321 πρίζεινπ
1234 1248 1307 1310 είς
1355 1247 1661 1322 οἷ’κοδομὴν
1716 1254 1813 1304 τοῦ
1860 1254 1990 1303 ναοῦ

327 1336 426 1385 τοῦ
486 1338 619 1387 Θεοῦ
655 1377 667 1401 ,
718 1335 807 1389 καὶ
854 1335 1159 1410 εὐλογήσας
1206 1338 1296 1391 τὸν
1351 1339 1479 1393 Θεὸν
1539 1337 1795 1393 ἐκέλευσα
1850 1358 1983 1412 παρ-

332 1422 467 1474 εῖναί
507 1443 598 1492 μοι
650 1422 831 1498 ἓτερον
892 1422 1147 1498 δαίμονα.
1207 1428 1303 1481 Καὶ
1356 1427 1491 1495 ἦλθε
1541 1429 1646 1502 πρὸ
1691 1428 1989 1502 προσώπου

338 1531 442 1581 μου
493 1506 672 1585 ἕτερον
714 1517 948 1585 πνεῦμα,
994 1514 1068 1575 ὡς
1129 1517 1263 1590 γυνή
1320 1517 1413 1588 μὲν
1446 1517 1507 1570 τὸ
1562 1514 1705 1577 εἶδος
1763 1512 1987 1591 ἔχουσα·

336 1598 412 1660 εἷς
473 1597 530 1653 δὲ
568 1600 695 1663 τους
748 1601 934 1674 ὤμους
994 1602 1174 1678 ἐτέρας
1233 1602 1328 1659 δύο
1385 1605 1625 1683 κεφαλὰς
1658 1605 1751 1660 σὺν
1810 1606 1987 1681 χερσί·

338 1697 439 1753 Καὶ
508 1700 770 1773 ἡρώτητα
827 1702 1019 1770 αὐτήν·
1081 1704 1218 1776 Λέγε
1261 1725 1375 1776 μοι,
1438 1704 1499 1758 σὺ
1548 1705 1631 1767 τίς
1686 1705 1764 1775 ei;
1797 1704 1898 1779 ἔφη
1934 1703 1991 1759 δὲ

341 1810 460 1860 μοι.
523 1790 666 1863 Ἐγώ
724 1789 840 1863 εἲμι
890 1792 1203 1866 Ἐνήψιγος,
1235 1790 1357 1861 ἥτις
1390 1794 1479 1847 καὶ
1516 1796 1872 1867 μυριώνυμος
1900 1816 1991 1849 κα·

339 1881 567 1950 Αοῦμαι·
616 1879 705 1932 καὶ
764 1880 911 1934 εἶπον
956 1880 1124 1953 αὐτῷ·
1181 1883 1267 1938 Ἐν
1326 1884 1467 1955 ποίῳ
1497 1882 1710 1957 ἀγγέλῳ
1739 1889 1985 1959 καταργῇ

2104 711 2349 766 miratus
2381 728 2532 777 sum,
2566 717 2623 767 et
2654 711 2901 767 laudans
2934 717 3115 767 Deum
3148 712 3502 783 interrogavi
3538 712 3749 765 daemo-

2104 817 2237 855 nem
2272 801 2767 856 draconil'ormem
2815 803 3057 857 dicens:
3096 801 3195 856 Dic
3229 802 3371 856 mihi
3423 819 3456 856 a
3505 818 3619 872 quo
3651 818 3752 854 an-

2102 890 2230 961 gelo
2263 889 2552 961 impotens
2585 890 2856 946 efﬁciaris
2891 896 2973 946 tu.
3024 895 3095 945 Et
3125 891 3206 945 ait
3238 907 3251 945 :
3284 893 3329 945 A
3380 906 3594 963 magno
3649 907 3750 944 an-

2103 980 2230 1051 gelo
2264 979 2362 1051 qui
2396 981 2554 1035 sedet
2582 979 2639 1034 in
2685 981 2943 1035 secundo
3000 980 3166 1046 cmlo,
3217 981 3316 1050 qui
3367 986 3608 1035 vocatur
3650 979 3755 1033 He-

2103 1068 2297 1123 braice
2328 1069 2635 1124 Bazazath.
2669 1070 2735 1123 Et
2764 1086 2869 1140 ego
2902 1068 3173 1124 Salomon
3208 1069 3327 1123 haec
3360 1068 3629 1136 audiens,
3657 1069 3755 1121 ad-

2102 1156 2294 1210 vocavi
2326 1157 2597 1229 angelum
2630 1159 2781 1227 ejus,
2814 1164 2869 1212 et
2900 1160 3283 1212 condemnavi
3338 1163 3402 1211 ut
3457 1174 3753 1211 marmora

2105 1251 2327 1300 secaret
2376 1246 2433 1300 in
2481 1247 2924 1301 aediﬁcationem
2970 1246 3173 1316 templi
3224 1247 3322 1301 Dei
3360 1263 3373 1300 :
3409 1254 3464 1301 et
3514 1247 3751 1300 benedi-

2103 1351 2239 1389 cens
2272 1339 2449 1389 Deum
2477 1336 2631 1406 jussi
2664 1342 2727 1389 ut
2759 1342 2976 1389 astaret
3009 1337 3151 1390 mihi
3202 1335 3355 1390 alius
3404 1336 3649 1389 daemon.
3686 1335 3753 1389 Et

2100 1423 2257 1478 venit
2287 1424 2344 1477 in
2394 1429 2712 1495 conspectu
2757 1441 2885 1479 meo
2919 1422 3072 1479 alius
3106 1424 3349 1495 spiritus
3382 1424 3552 1494 quasi
3585 1424 3750 1477 femi-

2104 1530 2187 1567 nae
2214 1512 2418 1568 faciem
2452 1513 2675 1568 habens
2709 1513 2767 1568 in
2803 1514 3065 1569 humeris
3108 1518 3302 1569 autem
3339 1514 3453 1567 alia
3486 1513 3601 1567 duo
3656 1528 3748 1566 ca-

2103 1602 2224 1673 pita
2253 1618 2384 1655 cum
2424 1602 2698 1657 manibus
2734 1619 2746 1656 :
2782 1608 2838 1657 et
2869 1602 3223 1673 interrogavi
3254 1618 3382 1657 eam
3418 1619 3430 1656 :
3464 1601 3565 1655 Dic
3604 1602 3750 1657 mihi

2103 1689 2234 1759 quis
2266 1690 2368 1746 sis.
2404 1690 2469 1744 Et
2500 1691 2583 1745 ait
2617 1707 2629 1745 :
2664 1691 2780 1762 Ego
2813 1707 2941 1744 sum
2974 1689 3317 1761 Enepsigos,
3356 1705 3482 1760 quae
3512 1693 3568 1743 et
3600 1687 3749 1742 mul-

2104 1779 2176 1833 tis
2211 1780 2555 1834 nominibus
2584 1796 2779 1834 vocor.
2814 1780 2879 1833 Et
2911 1779 3027 1833 dixi
3074 1778 3124 1834 ei
3160 1797 3172 1834 :
3207 1778 3346 1842 Quis
3398 1781 3455 1833 te
3506 1777 3749 1847 angelus

2100 1867 2323 1923 viribus
2358 1868 2635 1940 frangat?
2667 1871 2799 1935 Quae
2834 1869 2915 1922 ait
2948 1885 2961 1921 :
2999 1868 3145 1933 Quid
3179 1867 3412 1935 qumris,
3455 1866 3596 1937 quid
3647 1882 3748 1920 cu-

334 1965 438 2031 σύ,
503 1969 538 2035 ἡ
596 1964 652 2021 δέ
696 1990 786 2041 μοι
820 1968 946 2045 ἔφη,
978 1970 1041 2024 Τί
1095 1976 1296 2043 ζητεῖς,
1353 1971 1405 2025 τί
1462 1955 1711 2047 χρήήζεις,
1748 1955 1982 2046 ἐγὼ

2103 1957 2189 2028 pis
2214 1957 2242 2011 ?
2271 1962 2385 2029 Ego
2420 1962 2636 2023 mutor,
2672 1961 2736 2011 ut
2766 1958 2873 2011 dea
2898 1961 3142 2023 vocata;
3178 1961 3235 2010 et
3265 1960 3462 2009 mutor
3513 1955 3748 2020 iterum,

336 2051 753 2129 μεταϐάλλομαι
787 2058 861 2121 ὡς
909 2059 999 2113 θεᾶ
1058 2058 1353 2136 λεγομένη,
1415 2062 1505 2114 καὶ
1570 2056 1985 2135 μεταϐάλλομαι

332 2143 517 2211 πάλιν,
581 2145 671 2199 καί
721 2148 944 2221 γίνομαι
1003 2144 1184 2224 ἕτερον
1248 2146 1392 2212 εἶδος
1446 2147 1650 2223 ἔχουσα
1689 2169 1701 2182 ·
1761 2152 1847 2205 καὶ
1908 2153 1982 2224 μὴ

332 2232 571 2309 θελήσῃς
617 2236 751 2290 κατὰ
808 2242 968 2292 τοῦτο
1026 2244 1227 2313 γνῶναι
1303 2238 1475 2293 πάντα
1529 2240 1596 2295 τὰ
1670 2242 1788 2295 κατ’
1843 2240 1981 2314 ἐμέ·

333 2330 461 2386 ἀλλ’
510 2331 695 2403 ἐπειδὴ
751 2334 909 2409 πάρει
965 2358 1081 2408 μοι,
1132 2336 1209 2399 εἰς
1239 2342 1398 2392 τοῦτο
1431 2336 1684 2407 ἄκουσον,
1738 2339 1843 2415 ἐγὼ
1882 2361 1986 2393 πα-

335 2421 703 2496 ρακαθέζομαι
759 2427 827 2495 τῇ
878 2424 1108 2494 σελήνη,
1161 2427 1251 2479 καὶ
1285 2423 1372 2480 διὰ
1400 2430 1561 2481 τοῦτο
1589 2433 1735 2501 τρεῖς
1772 2429 1982 2502 μορφὰς

331 2511 575 2585 κατέχω·
625 2507 713 2565 ὅτε
775 2512 868 2583 μὲν
924 2514 1269 2587 μαγευομένη
1309 2516 1410 2569 ὑπὸ
1440 2520 1548 2570 τῶν
1582 2521 1785 2593 σοφῶν,
1831 2519 1983 2592 γίνο-

337 2620 435 2670 μαι
467 2599 545 2659 ὡς
596 2599 823 2672 Κρόνος·
857 2600 945 2655 ὅτε
976 2599 1034 2655 δὲ
1076 2602 1242 2657 πάλιν
1293 2605 1416 2679 περὶ
1474 2609 1577 2659 τῶν
1640 2607 1980 2680 καταγόντων

336 2707 423 2758 με,
447 2688 789 2762 κατέρχομαι
845 2689 934 2742 καὶ
994 2690 1253 2766 φαίνομαι
1304 2688 1449 2761 ἄλλη
1514 2695 1720 2769 μορφή·
1761 2695 1823 2748 τὸ
1886 2694 1980 2766 μὶν

327 2780 425 2829 τοῦ
486 2777 761 2851 στοιχείου
817 2778 1032 2853 μέτρον,
1091 2779 1370 2850 ἀνίττητον
1422 2780 1513 2834 καὶ
1565 2782 1837 2857 ἀόριστον,
1894 2782 1981 2837 καὶ

332 2862 709 2939 ἀκατάργητὸν
771 2866 933 2921 ἐστιν·
997 2868 1142 2943 Ἐγὼ
1198 2874 1325 2943 γοῦν
1386 2870 1461 2932 εἷς
1498 2870 1592 2932 τὰς
1642 2878 1789 2944 τρεῖς
1844 2893 1983 2946 μορ-

332 2956 435 3031 φὰς
528 2949 1013 3029 μεταϐαλλομένη,
1104 2959 1493 3033 κατέρχομαι,
1588 2959 1677 3013 καὶ
1763 2959 1981 3035 γίνομαι

327 3052 555 3121 τοιαύτη
619 3050 787 3124 ἤνπερ
849 3053 1089 3127 βλέπεις,
1150 3060 1527 3130 καταργοῦμαι
1581 3053 1637 3109 δὲ
1669 3056 1771 3111 ὑπὸ
1828 3056 1984 3130 ἀγγέ-

329 3139 432 3195 λου
484 3141 806 3211 Ῥαθαναήλ,
864 3148 960 3197 τοῦ
1020 3146 1382 3215 καθεζομένου
1442 3144 1519 3208 εἰς
1580 3144 1762 3220 τρίτον
1822 3145 1982 3219 ούρα-

326 3230 417 3283 νὸν
451 3261 519 3271 -
551 3226 641 3283 διὰ
668 3234 829 3285 τοῦτο
876 3232 967 3285 οῦν
1002 3253 1084 3286 σοι
1132 3229 1299 3306 λέγω·
1356 3232 1432 3289 Οὐ
1488 3230 1705 3287 δύναταί
1769 3255 1836 3306 με
1874 3254 1985 3309 χω-

328 3318 475 3392 ρίσαι
539 3319 566 3371 ὁ
618 3319 744 3382 ναὸς
803 3317 978 3382 οὗτος·
1041 3320 1191 3396 κάγὼ
1233 3322 1322 3374 οῦν
1371 3319 1643 3394 Σολομῶν
1698 3320 1983 3394 εὐξάμενος

327 3414 409 3481 τῷ
458 3413 576 3480 Θεῷ
636 3431 760 3482 μου,
812 3412 901 3464 καὶ
960 3411 1421 3484 ἐπικαλεσάμενος
1476 3414 1570 3467 τὸν
1628 3410 1863 3487 ἄγγελον
1924 3416 1981 3469 ὃν

330 3506 446 3561 εἶπέ
508 3528 601 3579 μοι
668 3508 1019 3579 Ῥαθαναήλ,
1077 3508 1305 3576 ἐποίησα
1383 3512 1481 3578 τήν
1546 3508 1834 3587 σφραγῖδα,
1892 3512 1984 3564 καὶ

333 3597 733 3670 κατεσφράγισα
791 3596 956 3666 αύτήι
1011 3595 1195 3651 ἁλύσει
1257 3602 1470 3671 τριττῇ,
1528 3600 1614 3653 καὶ
1676 3598 1822 3653 κάτω
1867 3596 1983 3653 δεσ-

334 3686 434 3756 μὸν
495 3691 594 3753 τῆς
653 3684 914 3747 ἁλύσεως·
977 3686 1208 3757 ἐποίησα
1254 3690 1353 3756 τὴν
1406 3685 1679 3763 σφραγῖδα
1704 3692 1801 3743 τοῦ
1850 3693 1983 3742 Θεοῦ

326 3782 416 3835 καὶ
456 3781 827 3859 προεφήτευσέ
890 3804 980 3854 μοι
1037 3784 1100 3837 τὸ
1159 3788 1373 3855 πνεῦμα
1420 3782 1598 3861 λέγον.
1652 3790 1826 3839 Ταῦτα
1887 3786 1980 3857 μὲν

326 3870 412 3937 συ,
477 3870 699 3946 βασιλεῦ
732 3869 1031 3944 Σολομῶν,
1075 3878 1253 3936 ποιεῖς
1305 3875 1462 3945 ἡμῖν·
1528 3874 1662 3946 μετὰ
1693 3871 1749 3928 δὲ
1779 3874 1978 3949 χρόνον

322 3961 468 4027 τινὰ,
526 3959 813 4035 ῥαγήσεταί
872 3981 957 4015 σοι
1015 3963 1049 4029 ἡ
1106 3959 1352 4035 βασιλεία
1411 3983 1506 4016 σου
1557 3962 1648 4016 καὶ
1706 3962 1871 4016 πάλιν
1927 3962 1977 4017 έν

324 4062 501 4131 καιρῷ
562 4054 985 4134 διαφραγήσεται
1020 4058 1201 4121 ὁναὸς
1254 4059 1410 4121 οὗτος
1468 4061 1555 4113 καὶ
1617 4058 1981 4130 συνλουθήσε-

324 4167 413 4200 ται
445 4147 515 4216 (7)
577 4151 722 4200 πᾶσα
773 4146 1137 4220 Ἰερουσαλὴμ
1169 4190 1182 4215 ,
1254 4148 1358 4201 ἀπὸ
1437 4146 1704 4223 βασιλέως
1758 4154 1976 4224 Περσῶν

326 4235 415 4287 καὶ
475 4232 679 4303 Μήδων
710 4233 799 4287 καὶ
833 4233 1139 4289 Χαλδαίων·
1194 4236 1282 4289 καὶ
1324 4238 1391 4290 τὰ
1446 4237 1607 4307 σκεύη
1641 4237 1836 4291 τούτου
1882 4242 1979 4291 τοῦ

323 4327 472 4394 ναοῦ,
532 4323 589 4376 ὃν
648 4322 708 4375 σὺ
766 4328 965 4389 ποιεῖς,
1027 4320 1367 4378 δουλώσουσι
1429 4326 1593 4392 θεοῖς,
1658 4328 1775 4396 μεθ’
1810 4327 1881 4379 ὧν
1916 4325 1977 4380 ἂν

320 4421 411 4475 καὶ
462 4420 630 4474 πάντα
659 4420 726 4473 τὰ
785 4420 974 4494 ἀγγεῖα
1038 4420 1089 4474 ἐν
1142 4424 1223 4483 οἷς
1280 4423 1429 4493 ἡμᾶς
1475 4421 1794 4496 κατρκλύεις
1840 4420 1980 4477 κλα-

323 4511 611 4580 σθήσονται
674 4509 776 4563 ὑπὸ
830 4514 1031 4584 χειρῶν
1088 4510 1389 4585 ἀνθρώπων
1425 4554 1440 4579 ,
1490 4511 1579 4565 καὶ
1634 4510 1757 4565 τότε
1811 4514 1974 4583 ἡμεῖς

322 4596 710 4670 ἕξελευσύμεθα
778 4596 829 4651 ἐν
889 4598 1078 4671 πολλῇ
1141 4596 1364 4672 δυνάμει
1425 4594 1570 4663 ἔνθεν
1629 4601 1718 4654 καὶ
1777 4599 1922 4663 ἔνθεν
1959 4645 1973 4671 ,

2098 2050 2155 2099 et
2180 2045 2351 2100 aliam
2385 2045 2639 2117 speciem
2672 2045 2891 2113 habeo;
2928 2049 2984 2099 et
3012 2060 3081 2100 ne
3126 2045 3271 2099 velis
3302 2061 3368 2099 ex
3420 2043 3551 2098 istis
3600 2042 3750 2097 scire

2098 2134 2295 2188 omnia
2324 2151 2448 2204 quae
2473 2138 2612 2189 sunt
2642 2134 2712 2188 de
2740 2150 2869 2201 me;
2906 2134 3004 2189 sed
3041 2134 3321 2204 quoniam
3387 2132 3527 2186 ades
3580 2129 3747 2197 mihi,

2097 2227 2333 2293 propter
2362 2224 2470 2278 hoc
2503 2223 2639 2277 audi
2678 2240 2689 2276 :
2722 2227 2842 2293 Ego
2886 2221 3116 2277 assideo
3148 2220 3321 2288 lunae,
3366 2224 3420 2275 et
3464 2219 3593 2273 ideo
3628 2223 3747 2274 tres

2097 2311 2314 2366 formas
2346 2310 2531 2366 habeo
2568 2327 2580 2366 :
2615 2312 2969 2381 quandoque
3017 2310 3254 2381 quidem
3309 2308 3556 2379 magicis
3607 2307 3745 2361 arti-

2095 2399 2206 2453 bus
2238 2401 2506 2471 subjecta
2562 2418 2595 2455 a
2655 2399 3045 2471 sapientibus,
3093 2398 3162 2453 [io
3222 2398 3390 2469 quasi
3439 2398 3739 2467 Tempus;

2094 2491 2444 2560 quandoque
2478 2495 2672 2545 autem
2708 2490 2928 2544 circum
2960 2490 3316 2543 dcducentes
3350 2504 3440 2542 me
3472 2487 3737 2557 ambulo,

2094 2581 2369 2635 etvideor
2402 2579 2587 2634 altera
2620 2580 2827 2643 forma,
2860 2578 3132 2633 elementi
3167 2594 3443 2632 mensura
3490 2576 3736 2632 inscibi-

2093 2668 2187 2737 lis,
2220 2668 2694 2735 indeterminata,
2732 2667 3142 2733 indomabilis;
3176 2682 3280 2738 ego
3311 2665 3490 2736 igitur
3516 2665 3572 2720 in
3619 2672 3739 2721 tres

2094 2758 2308 2811 formas
2341 2757 2676 2820 immutata,
2705 2757 2852 2811 vado
2882 2762 2939 2811 et
2966 2756 3102 2811 talis
3133 2756 3208 2811 fio
3258 2754 3493 2826 qualem
3538 2756 3738 2820 vides;

2092 2846 2318 2899 viribus
2352 2846 2589 2916 frangor
2619 2846 2690 2899 ab
2724 2845 2930 2916 angelo
2965 2844 3285 2900 Rathanael
3318 2843 3417 2914 qui
3464 2844 3628 2899 sedet
3675 2842 3735 2896 in

2093 2934 2264 2988 tertio
2298 2932 2481 3000 caelo;
2516 2938 2753 3004 propter
2783 2934 2888 2988 hoc
2922 2934 3100 3003 igitur
3130 2934 3259 2987 dico
3295 2932 3421 2999 tibi,
3477 2948 3590 2986 non
3646 2947 3743 3002 po-

2093 3025 2207 3075 test
2241 3038 2330 3076 me
2363 3037 2565 3090 capere
2599 3020 2881 3091 templum
2916 3021 3096 3074 istud.
3164 3026 3279 3091 Ego
3338 3021 3518 3091 igitur
3574 3018 3738 3073 Salo-
3824 3076 3829 3079 μ

2094 3127 2229 3164 mon
2262 3128 2460 3182 preces
2490 3111 2742 3164 fundens
2775 3114 2908 3174 Deo,
2941 3111 3213 3164 advocavi
3246 3109 3519 3179 angelum
3566 3124 3735 3177 quem

2094 3200 2239 3253 dixit
2269 3198 2411 3252 mihi
2445 3197 2789 3267 Rathanael,
2845 3198 2952 3252 feci
2989 3197 3275 3251 annulum
3338 3197 3561 3268 signavi
3612 3213 3738 3251 eam

2097 3295 2300 3343 catena
2333 3287 2575 3359 triplici,
2607 3292 2664 3342 et
2693 3287 2867 3355 infra,
2902 3287 3203 3342 vinculum
3236 3292 3471 3352 catenae,
3499 3286 3605 3340 feci
3654 3286 3737 3339 si-

2097 3394 2279 3449 gnum
2312 3377 2451 3444 Dei;
2486 3382 2543 3431 et
2593 3376 2961 3447 prophetavit
3014 3375 3157 3429 mihi
3214 3374 3457 3445 spiritus
3489 3373 3689 3428 dicens
3722 3391 3735 3429 :

2096 3466 2224 3521 Haec
2256 3472 2340 3532 tu,
2374 3482 2471 3520 rex
2500 3465 2795 3531 Salomon,
2832 3465 2974 3520 facis
3020 3464 3229 3532 nobis;
3266 3463 3365 3519 sed
3420 3468 3550 3534 post
3597 3467 3739 3516 tem-

2096 3572 2205 3625 pus
2236 3554 2532 3625 quoddam
2566 3555 2864 3625 frangetur
2893 3570 3135 3626 regnum
3172 3558 3364 3621 tuum,
3423 3558 3481 3606 et
3528 3568 3735 3606 rursus

2094 3642 2151 3697 in
2186 3649 2447 3713 tempore
2479 3647 2768 3697 evertetur
2786 3642 3069 3712 templum
3096 3641 3341 3704 istud,et
3362 3642 3737 3695 subvertetur

2092 3732 2285 3787 omnis
2315 3731 2643 3787 Jerusalem
2676 3750 2709 3786 a
2750 3747 2881 3803 rege
2929 3736 3265 3799 Persarum,
3316 3729 3619 3785 Medorum
3676 3731 3735 3783 et

2093 3819 2521 3886 Chaldaeorum;
2554 3824 2610 3873 et
2637 3819 2834 3874 omnia
2865 3836 3003 3874 vasa
3033 3818 3235 3890 templi
3274 3818 3455 3889 hujus
3476 3817 3629 3888 quod
3672 3821 3735 3871 tu

2092 3910 2253 3978 facis,
2288 3908 2543 3963 servient
2573 3908 2705 3976 diis;
2738 3907 3030 3977 simulque
3053 3909 3251 3962 omnia
3271 3908 3509 3962 vascula
3531 3908 3589 3961 in
3613 3906 3739 3977 qui-

2089 3999 2201 4053 bus
2225 3996 2604 4053 nosincludis
2630 3997 3071 4068 confringentur
3104 3997 3373 4052 manibus
3405 3996 3734 4062 hominum;

2090 4092 2145 4142 et
2169 4092 2307 4141 tunc
2339 4086 2627 4141 exibimus
2662 4088 2717 4139 in
2751 4103 2963 4156 magna
2995 4091 3297 4156 potestate,
3323 4087 3459 4140 hinc
3491 4091 3546 4140 et
3575 4085 3732 4151 hinc,

2090 4182 2147 4231 et
2175 4176 2232 4230 in
2267 4175 2465 4229 orbem
2500 4175 2936 4245 dispergemur;
2978 4180 3034 4228 et
3074 4174 3459 4229 lustrabimus
3495 4190 3728 4229 omnem

2089 4268 2302 4319 terram
2338 4262 2522 4317 multo
2554 4268 2836 4332 tempore,
2860 4263 3042 4316 donec
3067 4264 3159 4316 Dei
3186 4263 3365 4317 Filius
3387 4264 3733 4317 extendatur

2088 4352 2147 4407 in
2179 4352 2367 4422 ligno;
2421 4367 2528 4405 nos
2570 4350 2726 4404 enim
2773 4350 2883 4403 erit
2913 4348 3045 4403 talis
3098 4364 3195 4403 rex
3244 4349 3455 4404 similis
3490 4348 3595 4419 illi,
3629 4348 3729 4419 qui

2088 4456 2292 4497 omnes
2347 4456 2451 4493 nos
2511 4439 2734 4507 domat,
2809 4437 2979 4507 cujus
3048 4442 3239 4493 mater
3305 4438 3529 4493 homini
3611 4454 3727 4493 non

2087 4528 2597 4594 commiscebitur;
2631 4533 2687 4581 et
2717 4526 2849 4598 quis
2880 4526 3129 4597 accipiat
3176 4526 3353 4582 talem
3383 4531 3729 4599 potestatem

2086 4618 2144 4673 in
2177 4618 2470 4690 spiritum,
2502 4616 2617 4671 nisi
2650 4615 2743 4670 hic
2777 4631 2948 4687 quem
2984 4615 3256 4687 princeps
3288 4616 3561 4672 diabolus
3605 4623 3729 4673 ten-

316 4696 407 4749 καὶ
468 4695 545 4759 εἰς
597 4695 692 4751 τὸν
749 4696 954 4768 κόσμον
1012 4697 1560 4772 κατασπαρησόμεθα·
1613 4698 1702 4753 καὶ
1757 4698 1972 4768 πλανή-

2096 4713 2207 4763 tare
2238 4710 2542 4778 quaaret,et
2564 4721 2677 4759 non
2706 4703 3039 4774 praevalebit
3062 4705 3345 4761 adversus
3375 4722 3533 4770 eum,
3566 4707 3732 4776 cujus

319 4806 485 4858 σομεν
517 4790 687 4839 πᾶσαν
720 4786 817 4854 τήν
868 4785 1192 4857 οἰκουμένην
1260 4787 1427 4862 μέχρι
1486 4786 1706 4843 πολλοῦ
1762 4793 1975 4863 καιροῦ,

2096 4797 2344 4854 nominis
2377 4793 2637 4849 calculus
2668 4794 2793 4859 644,
2815 4792 2917 4862 qui
2950 4797 3038 4847 est
3063 4794 3449 4850 Emmanuel?
3494 4799 3733 4865 Propter

314 4882 422 4946 ἓως
453 4884 547 4937 τοῦ
596 4887 729 4938 Θεοῦ
771 4884 798 4937 ὁ
841 4884 965 4939 Υἱὸς
1016 4888 1251 4958 τανυσθῇ
1309 4885 1395 4940 ἐπὶ
1438 4885 1621 4959 ξύλου·
1689 4888 1775 4941 καὶ
1842 4887 1967 4942 οὐκ·

2096 4902 2317 4953 Joc,rex
2339 4884 2885 4952 Salomon,tempus
2918 4885 3087 4937 tuum
3122 4883 3369 4948 malum,
3401 4890 3455 4939 et
3486 4884 3621 4938 anni
3646 4881 3731 4936 tui

321 4974 399 5028 ἐτι
452 4973 556 5047 γὰρ
606 4972 811 5047 γίνεται
872 4978 1119 5037 τοιοῦτος
1168 4974 1423 5047 βασιλεὺς
1479 4974 1673 5049 ὅμοιος
1716 4975 1884 5048 αύτῷ,
1935 4978 1962 5030 ὁ

2096 4976 2247 5047 pauci
2283 4980 2341 5029 et
2390 4972 2551 5039 mali,
2602 4987 2767 5026 servo
2818 4975 2919 5025 tuo
2960 4972 3228 5026 tradetur
3284 4988 3529 5042 regnum
3561 4977 3727 5024 tuum

319 5064 525 5124 πάντας
557 5064 704 5134 ἡμᾶς
732 5067 1035 5137 καταργῶν,
1069 5064 1130 5116 οὗ
1160 5066 1194 5131 ἡ
1249 5066 1430 5139 μήτηρ
1465 5062 1618 5141 ἀνδρὶ
1653 5063 1712 5119 ού
1747 5067 2057 5140 μιγήσεται,
2086 5063 2175 5117 καὶ
2204 5061 2285 5123 τίς
2307 5055 2449 5133 λάϐῃ
2477 5056 2732 5127 τοιαύτην
2765 5056 3003 5126 ἐξουσίαν
3032 5059 3169 5112 κατὰ
3198 5056 3540 5130 πνευμάτων,
3573 5056 3615 5109 ei
3653 5057 3726 5128 μή

323 5150 551 5222 ἐκεῖνος,
586 5151 643 5206 ’ὀν
678 5151 706 5204 ὁ
737 5155 955 5223 πρῶτος
986 5146 1243 5213 διάϐολος
1279 5158 1527 5226 πειρᾶσαι
1558 5154 1779 5223 ζητήσει
1810 5153 1899 5207 καὶ
1934 5152 2033 5207 οὐκ
2064 5150 2275 5225 ἰσχύσει
2305 5149 2441 5222 πρὸς
2473 5146 2654 5200 αὐτόν·
2689 5143 2750 5199 οὗ
2781 5148 2814 5213 ἡ
2849 5149 3029 5221 ψῆφος
3059 5150 3155 5201 τοῦ
3187 5146 3452 5218 ὀνόματος
3502 5141 3653 5219 χμδ’,
3704 5144 3732 5196 ’ὁ

318 5237 459 5293 ἐστιν
495 5236 877 5311 Ἐμμανουήλ.
913 5239 1009 5293 Διά
1038 5244 1219 5310 τοῦτο,
1257 5239 1481 5315 βασιλεῦ
1514 5239 1810 5315 Σολομῶν,
1835 5243 1862 5296 ὁ
1893 5241 2080 5317 καιρός
2110 5261 2203 5294 σου
2236 5237 2494 5311 πονηρὸς,
2528 5235 2618 5290 καὶ
2648 5236 2715 5289 τὰ
2745 5230 2836 5306 ἔτη
2869 5256 2965 5291 σου
3001 5236 3167 5311 μικρὰ
3221 5236 3307 5289 καὶ
3357 5233 3589 5308 πονηρά·
3641 5231 3729 5286 καὶ

312 5333 395 5399 τῷ
418 5325 601 5400 δούλῳ
628 5349 723 5383 σου
756 5326 1041 5398 δοθήσεται,
1074 5330 1109 5397 ἡ
1148 5329 1395 5403 βασιλεία
1426 5352 1542 5389 σου.

387 5418 549 5491 Κάγὼ
600 5416 893 5488 Σολομῶν,
944 5415 1175 5479 ἀκούσας
1217 5423 1405 5491 ταῦτα,
1438 5418 1659 5493 ἰδόξασα
1688 5421 1778 5476 τὸν
1840 5420 1966 5475 Θεὸν

309 5504 401 5559 καὶ
451 5506 728 5577 θαυμάσας
756 5508 863 5558 τῶν
898 5500 1175 5577 δαιμόνων
1208 5505 1302 5567 τὰς
1354 5504 1653 5582 ἀπολογίας
1701 5506 1807 5569 ἓως
1859 5511 1968 5562 τῶν

311 5589 655 5664 ἀποϐάσεων,
706 5592 968 5664 ἠπίστουν
1002 5592 1208 5657 αὐτοῖς·
1247 5594 1337 5649 καὶ
1379 5594 1479 5650 οὐκ
1526 5595 1805 5652 ἐπίστευον
1854 5602 1971 5658 τοῖς

310 5680 634 5757 λεγομένοις
686 5682 774 5738 ὑπ’
825 5682 1024 5739 αὐτῶν·
1083 5681 1171 5739 ὅτε
1223 5680 1283 5738 δὶ
1331 5682 1619 5760 ἰγένοντο,
1673 5686 1797 5742 τότε
1856 5705 1971 5743 συνο

2149 5421 2267 5492 Ego
2298 5417 2591 5485 Salomon,
2625 5417 2745 5471 haec
2767 5415 3037 5483 audiens,
3057 5414 3291 5469 laudavi
3319 5413 3654 5480 Dominum,
3674 5418 3731 5469 et

2080 5511 2149 5566 ad
2162 5509 2260 5564 mir
2277 5514 2408 5563 atus
2431 5507 2854 5563 daemoniorum
2875 5503 3267 5573 defensiones,
3302 5521 3490 5577 usque
3511 5504 3581 5559 ad
3613 5504 3728 5560 exi-

2078 5602 2206 5654 tum
2240 5614 2352 5653 non
2384 5591 2694 5652 credebam
2753 5592 2859 5663 eis,
2892 5608 2997 5649 nec
3039 5593 3408 5650 conﬁdebam
3467 5594 3540 5651 iis
3598 5609 3725 5666 quas

2080 5687 2426 5745 dicebantur
2465 5685 2537 5743 ab
2569 5682 2722 5753 illis;
2782 5697 2916 5738 cum
2952 5686 3149 5741 autem
3197 5687 3535 5756 evenerunt,
3582 5687 3723 5741 tunc
