4084 6218
402 308 555 370 1339

1359 313 1749 375 APPENDIX
1792 314 1896 375 AD
1941 311 2409 375 MICHAELEM
2456 279 2842 374 PSELLUM.

3628 316 3756 376 1340

395 440 679 510 intellexi,
713 447 767 494 et
789 439 845 494 in
883 443 1071 496 morte
1099 457 1229 498 mea
1250 443 1456 516 scripsi
1483 451 1904 504 testamentum
1930 447 2040 503 hoc

2158 451 2286 514 ἧκα,
2347 445 2436 500 καὶ
2476 444 2526 498 ἐν
2570 449 2650 516 τῷ
2701 444 2912 516 Θανάτῳ
2961 463 3066 516 μου
3125 440 3327 521 ἔγραφα
3379 445 3474 514 τὴν
3530 442 3762 518 διαθηκήν

401 547 505 601 pro
530 530 664 585 ﬁliis
689 529 953 596 Israel,et
979 530 1232 603 dedieis,
1262 539 1323 589 ut
1353 535 1542 591 sciant
1576 542 1892 608 potestates
1926 538 2040 593 da:-

400 635 663 690 monum,
719 625 777 674 ct
833 619 1053 676 formas
1112 637 1337 693 eorum,
1398 631 1455 680 et
1510 628 1751 684 nomina
1804 627 2041 700 angelo-

401 726 531 764 rum
586 726 619 764 a
663 709 880 780 quibus
937 711 1254 768 domantur
1302 715 1632 786 daemones;
1688 722 1743 773 et
1794 718 2044 774 laudans

403 797 720 854 Dominum
743 799 926 854 Deum
956 800 1153 867 Israel,
1177 803 1328 870 jussi
1364 809 1427 858 ut
1453 805 1773 862 vinciretur
1815 807 2040 862 daemon

402 887 652 942 vinculis
678 888 1120 944 insolubilibus.
1155 891 1220 945 Et
1249 893 1626 952 benediciens
1657 896 1864 963 Deum,
1891 895 2043 967 jussi

401 981 467 1032 ut
495 979 726 1032 adesset
749 976 890 1032 mihi
928 978 1079 1034 alius
1102 979 1439 1050 spiritus.Et
1456 985 1614 1040 venit
1645 986 1702 1040 in
1729 990 2041 1058 conspectu

401 1083 530 1121 meo
563 1066 711 1121 alius
742 1067 967 1122 daemon
995 1067 1218 1124 habens
1251 1073 1504 1142 speciem
1552 1075 1841 1145 posterius
1884 1075 2041 1145 equi,

401 1165 661 1220 anterius
693 1170 886 1220 autem
914 1166 1114 1236 piscis,
1139 1173 1195 1222 et
1225 1187 1332 1224 vox
1363 1177 1487 1226 erat
1516 1173 1566 1228 ei
1599 1190 1832 1244 magna,
1869 1177 1925 1227 et
1955 1173 2042 1227 di-

398 1255 484 1309 xit
515 1255 658 1308 mihi
693 1271 705 1307 :
742 1255 858 1309 Rex
889 1256 1185 1328 Salomon,
1219 1276 1323 1330 ego
1347 1263 1588 1332 spiritus
1623 1264 1885 1318 marinus
1909 1280 2039 1318 sum

401 1343 788 1414 perniciosus,
839 1349 898 1400 et
944 1345 1199 1402 delector
1251 1350 1307 1403 in
1359 1369 1500 1406 auro
1533 1357 1588 1406 et
1621 1357 1904 1422 argento;
1936 1369 2041 1423 ego

400 1432 556 1488 enim
589 1433 724 1488 talis
745 1451 877 1489 sum
902 1435 1146 1506 spiritus
1178 1455 1522 1512 exsurgens,
1552 1449 1608 1497 et
1631 1443 1843 1497 vadens
1868 1458 2046 1513 super

399 1540 535 1578 arva
565 1525 816 1595 aequorei
849 1525 1049 1595 maris,
1109 1531 1163 1583 et
1219 1531 1459 1601 expedio
1514 1533 1853 1603 navigantes
1887 1533 1943 1588 in
1977 1549 2045 1588 ea

395 1613 586 1682 viros;
622 1614 805 1669 excito
836 1615 988 1670 enim
1050 1617 1344 1689 meipsum
1396 1622 1452 1674 in
1509 1621 1719 1676 fluctus
1761 1628 1817 1677 et
1846 1627 2042 1676 trans-

398 1708 631 1768 mutor;
667 1703 862 1757 insilio
893 1709 950 1759 et
978 1705 1354 1776 ingrediorin
1391 1710 1676 1778 navibus;
1713 1716 1768 1766 et
1799 1711 1906 1766 hoc
1955 1715 2045 1766 est

2150 534 2350 604 ταύτην
2383 535 2519 610 πρὸς
2570 532 2698 596 τοὺς
2756 533 2906 595 υἱοὺς
2946 531 3192 608 Ἰσραήλ,
3247 533 3335 587 καὶ
3369 531 3536 589 ἔδωκα
3586 535 3766 605 αὐτοῖς,

2154 623 2291 678 ὥστε
2347 621 2544 679 εἰδέναι
2605 623 2698 683 τας
2764 620 3020 695 δυνάμεις
3080 627 3186 676 τῶν
3240 620 3510 694 δαιμόνων
3557 624 3638 679 καὶ
3687 626 3768 689 τὰς

2156 713 2371 789 μορφάς
2427 712 2622 780 αὐτῶν,
2675 711 2765 765 καὶ
2813 711 2881 766 τὰ
2927 711 3169 784 ὀνόματα
3199 711 3374 766 αὐτῶν
3404 716 3508 765 τῶν
3549 712 3767 787 ἀγγέλων

2153 801 2203 856 έν
2258 804 2340 863 οἷς
2387 805 2780 875 καταργοῦνται
2827 801 2878 854 οἱ
2927 797 3210 871 δαίμονες·
3269 800 3358 854 καὶ
3418 797 3628 872 δοξάσας
3675 801 3769 856 K6-

2155 911 2272 966 ριον
2345 889 2436 944 τὸν
2515 889 2643 944 Θεὸν
2722 887 2965 964 Ἰσραὴλ,
3032 886 3290 943 ἐκέλευσα
3344 886 3676 962 περιδεθῆναι
3717 892 3770 944 τὸ

2151 983 2364 1052 πνεῦμα
2422 975 2644 1051 δεσμοῖς
2708 977 2952 1039 ἀλύτοις.
3015 977 3112 1031 Καὶ
3172 977 3476 1052 εὐλόγησας
3514 978 3597 1031 τὸν
3637 979 3770 1046 Θεὸν,

2153 1075 2408 1132 ἐκέλευσα
2485 1082 2731 1150 παρεῖναι
2791 1072 2974 1150 ἕτερον
3048 1079 3298 1148 πνεῦμα·
3366 1077 3451 1129 καὶ
3504 1075 3634 1144 ἦλθε
3683 1077 3772 1149 πρὸ

2155 1165 2453 1240 προσώπου
2513 1188 2620 1238 μου
2676 1163 2858 1239 ἕτερον
2921 1160 3204 1238 δαιμόνιον
3247 1161 3378 1241 ἔχον
3432 1165 3529 1232 τήν
3587 1166 3776 1239 μοροῆν

2154 1253 2453 1329 ἔμπροσθεν
2509 1252 2705 1323 ἵππου,
2769 1253 2985 1318 δπισθεν
3043 1251 3100 1308 δὲ
3148 1253 3360 1328 ἰχθύος,
3411 1253 3499 1307 καὶ
3531 1255 3673 1329 φωνὴ
3716 1254 3772 1322 ἦν

2156 1343 2299 1414 αὐτῴ
2350 1343 2583 1418 μεγάλη,
2633 1343 2722 1398 καὶ
2755 1341 2909 1418 ἔλεγε
2938 1343 3073 1418 πρός
3111 1363 3194 1415 με·
3230 1342 3466 1400 Βασιλεῖ)
3506 1341 3774 1414 Σολομῶν,

2155 1432 2264 1507 ἐγὼ
2295 1438 2505 1505 πνεῦμα
2563 1431 2850 1498 θαλάσσιον
2899 1431 3014 1505 εῗμῖ
3076 1429 3344 1507 χαλεπὸν,
3385 1432 3474 1486 καὶ
3525 1429 3778 1506 ἀποδέχο-

2157 1544 2250 1594 μαι
2284 1521 2335 1576 έν
2371 1527 2560 1598 χρυσῷ
2590 1523 2677 1576 καὶ
2712 1522 2954 1598 ἀργύρῳ·
3016 1521 3124 1597 ἐγὼ
3189 1526 3437 1576 τοιοῦτον
3499 1521 3606 1594 εἰμὶ
3643 1525 3784 1574 πνεῦο

2157 1633 2230 1683 μα
2262 1609 2659 1687 διεγειρόμενον
2722 1611 2810 1666 καὶ
2868 1609 3166 1686 ἐρχόμενον
3226 1609 3312 1665 ἰπὶ
3373 1611 3441 1664 τὰ
3499 1608 3780 1682 ἀπλώματα

2149 1707 2246 1756 τοῦ
2305 1699 2496 1762 ὕδατος
2544 1708 2644 1770 τῆς
2703 1699 2977 1770 Θαλάσσης
3013 1743 3026 1769 ,
3093 1701 3184 1755 καὶ
3243 1697 3517 1768 ἐκποδίζω
3571 1698 3688 1759 τοὺς
3737 1697 3781 1751 ἐν

399 1808 547 1862 opus
581 1807 772 1846 meum
801 1793 1111 1864 colligendi
1136 1795 1371 1852 divitias
1393 1803 1448 1852 et
1479 1799 1784 1866 homines;
1823 1799 2040 1871 accipio

2153 1791 2289 1864 αὐτῇ
2349 1788 2619 1854 πλέοντας
2700 1788 3064 1863 ἀνθρώπους·
3124 1787 3358 1864 διεγύρω
3413 1789 3514 1864 γάρ
3571 1786 3779 1861 ἐμαυτὸν

2179 1880 2192 1899 .
2307 1884 2332 1894 ς.
2549 1880 2563 1897 .
2943 1883 2968 1892 -
3164 1879 3176 1899 ν
3295 1880 3306 1899 ρ
3560 1879 3572 1896 κ
3627 1879 3639 1899 τ
3692 1898 3698 1899 ,
3741 1898 3754 1899 κ

396 1880 574 1950 enim,
603 1884 659 1934 et
681 1881 885 1949 excito,
920 1887 977 1937 et
1009 1885 1245 1954 projicio
1272 1885 1539 1942 homines
1567 1905 1596 1943 e
1629 1890 1806 1956 mari;
1841 1891 1921 1945 sic
1943 1891 2039 1944 de-

394 1969 588 2023 sidero
622 1986 884 2040 corpora,
911 1973 1015 2026 sed
1060 1973 1300 2042 projicio
1332 1992 1399 2030 ea
1448 1983 1610 2032 extra
1662 1994 1819 2032 mare
1853 1995 2041 2049 usque

396 2074 573 2111 nunc.
605 2058 889 2121 Quoniam
924 2059 1223 2116 Beelzebul
1259 2065 1555 2135 imperans
1605 2065 1778 2121 aeriis
1822 2066 2039 2136 spiriti-

398 2147 509 2201 bus
539 2150 596 2200 et
650 2146 869 2217 inferis,
905 2153 963 2204 et
994 2154 1361 2206 terrenorum
1405 2154 1679 2208 dominus
1730 2159 1787 2210 et
1839 2157 2043 2227 regnat

399 2236 457 2290 in
493 2252 696 2290 omnes
737 2237 1205 2310 uniuscujusque
1251 2245 1521 2296 nostrum
1578 2243 1876 2312 actiones;
1909 2261 2041 2316 pro-

401 2330 528 2396 pter
546 2325 654 2380 hoc
679 2325 824 2380 exivi
851 2344 882 2381 a
911 2327 1114 2399 pelago
1140 2334 1203 2384 ut
1225 2331 1539 2386 consilium
1560 2332 1843 2404 accipiam
1863 2333 1936 2387 ab
1954 2350 2038 2402 eo;

399 2423 585 2479 habeo
617 2428 809 2480 autem
835 2425 1008 2481 aliam
1041 2428 1288 2498 gloriam
1313 2435 1368 2485 et
1389 2431 1818 2500 operationem;
1853 2435 2043 2486 trans-

399 2517 596 2567 mutor
627 2514 684 2567 in
719 2521 918 2580 astus,
944 2520 1000 2569 et
1029 2531 1164 2571 exeo
1189 2534 1218 2572 e
1247 2519 1417 2584 mari,
1439 2525 1496 2574 et
1528 2521 1772 2574 ostendo
1812 2536 1903 2574 me
1935 2519 2042 2574 ho-

399 2601 683 2670 minibus,
700 2607 763 2656 ut
785 2609 948 2657 terrae
973 2604 1173 2659 incolae
1199 2613 1402 2661 vocent
1427 2625 1516 2662 me
1539 2609 1712 2664 Canis
1733 2611 2044 2680 templum,

401 2691 540 2762 quia
600 2690 884 2746 immutor
931 2692 989 2745 in
1041 2692 1339 2748 hominem
1376 2713 1388 2750 :
1424 2713 1623 2750 verum
1675 2703 1766 2751 est
1831 2714 2044 2752 nomen

404 2793 622 2844 meum;
662 2796 940 2834 nauseam
966 2781 1221 2836 immitto
1255 2800 1356 2855 per
1385 2801 1696 2840 ascensum
1750 2803 1944 2841 meum
1985 2787 2043 2841 in

403 2865 694 2934 homines;
729 2869 855 2922 veni
889 2870 1068 2941 igitur
1113 2870 1170 2925 in
1224 2872 1535 2927 consilium
1572 2873 1852 2946 principis
1883 2874 2046 2930 Beel-

400 2955 589 3019 zebul,
651 2961 708 3011 et
772 2957 1168 3028 alligavitme,
1221 2967 1278 3016 et
1329 2963 1576 3018 tradidit
1622 2981 1715 3020 me
1748 2964 1804 3018 in
1839 2981 2047 3019 manus

401 3048 555 3109 tuas,
589 3050 646 3100 et
677 3063 782 3118 ego
815 3048 1025 3103 adsum
1052 3066 1244 3105 coram
1280 3057 1335 3106 te
1366 3068 1467 3122 per
1498 3052 1758 3123 sigillum
1791 3053 1970 3120 istud,
1992 3058 2049 3108 et

398 3138 459 3186 tu
499 3149 590 3187 me
623 3135 985 3207 interrogas;
1020 3155 1150 3193 ecce
1183 3156 1339 3194 nunc
1381 3141 1496 3195 duo
1529 3146 1585 3195 et
1615 3147 1732 3196 tres
1763 3142 1910 3207 dies,
1942 3143 2046 3196 de-

400 3221 544 3276 sinit
586 3229 793 3280 ventus
846 3225 1026 3296 loqui,
1059 3243 1123 3282 eo
1165 3229 1320 3299 quod
1356 3247 1470 3284 non
1507 3230 1714 3284 habeat
1748 3247 1836 3285 me
1867 3248 2040 3301 aqua.

401 3310 466 3364 Et
496 3312 610 3366 dixi
644 3329 744 3382 ego
769 3315 819 3368 ei
865 3332 877 3370 :
910 3317 954 3369 A
986 3333 1101 3387 quo
1136 3318 1342 3389 angelo
1387 3318 1731 3390 impotentia
1775 3318 2045 3391 plecteris

395 3399 497 3454 tu?
529 3401 595 3456 Et
621 3402 700 3456 ait
745 3421 762 3457 :
814 3405 918 3459 Per
974 3405 1228 3460 Jameth.
1285 3407 1350 3461 Et
1401 3424 1506 3478 ego
1537 3407 1788 3463 laudans
1837 3409 2043 3478 Deum,

386 3489 544 3559 jussi
571 3492 963 3562 utinjicerent
995 3495 1318 3550 dmmonem
1353 3495 1412 3550 in
1447 3495 1728 3567 phialam,
1773 3502 1828 3552 et
1875 3498 2044 3552 undas

402 3579 579 3634 maris
614 3597 918 3638 mensuras
950 3585 1148 3640 decem
1183 3590 1558 3642 mensuratas
1607 3586 1718 3653 bis,
1748 3590 1804 3641 et
1860 3586 2045 3657 sepivi

393 3684 633 3722 sursum
669 3672 1286 3737 marmore,bitumine
1307 3680 1362 3729 et
1381 3674 1540 3744 pisce
1569 3675 1627 3728 in
1661 3691 1725 3730 os
1757 3675 2046 3746 angeli,et

397 3773 528 3810 cum
562 3759 890 3828 signassem
923 3762 1340 3830 annulo,jussi
1378 3766 1438 3816 ut
1472 3768 1786 3832 poneretur
1815 3763 1873 3817 in
1899 3768 2044 3818 tem-

399 3845 492 3915 plo
518 3845 651 3914 Dei;
685 3853 740 3901 et
765 3850 1038 3904 mandavi
1072 3854 1137 3904 ut
1167 3851 1400 3906 adesset
1424 3851 1566 3906 mihi
1593 3851 1745 3907 alius
1777 3852 2044 3923 spiritus.

398 3942 467 3996 Et
496 3943 654 3997 venit
685 3945 743 3998 in
775 3952 1091 4017 conspectu
1133 3964 1258 4002 meo
1290 3948 1348 4002 in
1381 3949 1722 4004 servitutem
1775 3951 2045 4006 redactus

397 4031 549 4087 alius
575 4033 820 4104 spritus,
854 4035 1114 4091 hominis
1148 4035 1376 4091 habens
1409 4036 1613 4092 faciem
1647 4039 2041 4109 tenebrosam,

403 4120 603 4176 oculos
635 4121 919 4188 lucentes,
944 4129 1001 4179 et
1030 4125 1090 4180 in
1127 4142 1308 4180 manu
1342 4126 1532 4181 ferens
1555 4126 1851 4199 gladium;
1877 4133 1933 4184 et
1957 4129 2043 4183 in-

402 4212 688 4284 terrogavi
722 4229 854 4268 eum
893 4231 906 4269 :
938 4214 1022 4269 Tu
1070 4216 1204 4287 quis
1253 4217 1389 4272 est?
1419 4216 1527 4282 Qui
1581 4217 1661 4271 ait
1696 4233 1708 4270 :
1744 4217 1858 4288 Ego
1913 4234 2044 4272 sum

401 4302 645 4372 spiritus
677 4308 883 4373 potens
915 4303 1172 4359 hominis
1198 4305 1455 4376 gigantis
1487 4305 1544 4360 in
1577 4306 1731 4360 caede
1763 4306 2044 4374 defuncti,

401 4394 661 4460 tempore
692 4393 1179 4464 gigantium.Dixi
1200 4394 1250 4448 ei
1275 4409 1287 4446 :
1313 4394 1513 4448 Indica
1547 4394 1690 4448 mihi
1725 4396 1865 4466 quid
1908 4412 2049 4467 agas

402 4478 461 4532 in
486 4484 660 4547 terra,
691 4484 746 4535 et
773 4498 888 4552 quo
922 4482 1120 4537 sedem
1153 4482 1389 4538 habeas.
1424 4483 1530 4546 Qui
1563 4485 1644 4538 ait
1673 4499 1686 4539 :
1719 4484 1896 4539 Sedes
1919 4499 2049 4539 mea

2151 1880 2228 1942 εἷς
2271 1884 2418 1951 κῦμα
2477 1880 2564 1933 καί
2621 1883 3099 1953 μεταμορφοῦμαι,
3160 1879 3432 1953 έπιρίπτω
3490 1879 3575 1933 καὶ
3623 1879 3779 1932 ἐπεισ-

2151 1970 2389 2044 έρχομαι
2437 1975 2554 2030 τοῖς
2586 1967 2822 2030 πλοίοις.
2858 1969 2960 2024 Καὶ
2992 1964 3124 2036 αὕτη
3180 1988 3284 2039 μου
3316 1967 3459 2021 ἐστὶν
3519 1970 3553 2035 ἡ
3586 1964 3779 2041 ἐργασία

2148 2061 2244 2112 τοῦ
2301 2054 2657 2132 ὑποδέχεσθαι
2708 2057 2776 2111 τὰ
2835 2059 3096 2131 χρήματα
3139 2057 3229 2111 καὶ
3279 2056 3411 2118 τοὺς
3464 2056 3779 2128 ἀνθρώπους·

2151 2141 2418 2219 λαμϐάνω
2461 2148 2560 2220 γάρ
2610 2147 2699 2200 καὶ
2754 2143 3109 2219 ὃιεγεὶρομαι,
3170 2148 3257 2200 καὶ
3322 2143 3623 2221 διαῤῥίπτω
3669 2143 3781 2204 τοὺς

2150 2236 2471 2311 ἀνθρώπους
2520 2235 2624 2289 ἀπὸ
2679 2242 2781 2304 τῆς
2829 2232 3110 2305 θαλάσσης
3143 2254 3158 2266 ⁸
3222 2233 3397 2296 οὕτως
3455 2233 3567 2305 εἰμί
3616 2232 3784 2288 ἐπιθυ-

2156 2330 2272 2397 μῶν
2303 2323 2590 2396 σωμάτων·
2653 2323 2780 2378 ἀλλ’
2812 2322 3048 2395 ἐκρίπτω
3101 2322 3234 2377 αὐτὰ.
3290 2321 3391 2392 ἔξω
3443 2326 3542 2386 τῆς
3597 2319 3777 2374 Θαλασ-

2152 2435 2253 2482 σης
2307 2410 2408 2474 ἕως
2467 2417 2564 2467 τοῦ
2623 2409 2804 2485 δεῦρο.
2877 2411 3099 2480 Ἐπειδὴ
3143 2409 3200 2466 δέ
3248 2407 3590 2480 Βεελζεϐοὺλ
3621 2412 3784 2484 ἅρχων

2152 2509 2257 2559 τῶν
2301 2503 2498 2578 ἀερίων
2549 2508 2874 2577 πνευμάτων
2933 2505 3022 2558 καὶ
3069 2504 3474 2578 καταχθονίων,
3533 2502 3618 2556 καὶ
3684 2501 3785 2554 ἐπι-

2153 2595 2312 2669 γείων
2371 2591 2624 2662 δεσπότα,
2657 2593 2748 2648 καὶ
2796 2588 3184 2666 συμϐασιλεῦει
3236 2592 3314 2654 εἷς
3369 2593 3464 2654 τὰς
3514 2592 3625 2663 ἑνὸς
3679 2589 3783 2644 ἐκά-

2156 2704 2283 2736 στου
2342 2685 2502 2754 ἡμῶν
2562 2682 2803 2757 πράξεις·
2866 2680 2955 2736 διὰ
3010 2686 3174 2736 τοῦτο
3231 2682 3385 2756 κάγὼ
3445 2675 3635 2750 ἀνέϐην
3693 2679 3783 2732 ἀπὸ

2153 2787 2250 2849 τῆς
2311 2779 2610 2851 θαλάσσης·
2673 2781 2856 2854 σκέψιν
2907 2781 3030 2834 τινα
3086 2775 3272 2835 λαϐεῖν
3324 2783 3456 2854 παρ’
3484 2779 3651 2850 avsa},-
3687 2774 3787 2851 ἔχω

2157 2868 2212 2924 δὲ
2269 2869 2356 2924 καὶ
2417 2869 2596 2944 ἑτέραν
2659 2867 2812 2940 δόξαν
2867 2869 2958 2924 καὶ
3034 2870 3266 2944 πρᾶξιν·
3347 2870 3785 2944 μεταμορφοῦμαι

2156 2959 2230 3021 εἷς
2290 2958 2558 3032 καύματα,
2617 2959 2705 3013 ααὶ
2765 2958 3071 3033 ἀνέρχομαι
3103 2959 3207 3012 ἀπὸ
3239 2965 3336 3027 τῆς
3363 2958 3658 3026 Θαλάσσης,
3706 2954 3783 3008 καὶ

2155 3047 2383 3104 δεικνύω
2459 3049 2690 3122 ἐμαυτὸν
2770 3055 2886 3109 τοῖς
2956 3050 3283 3125 ἀνθρώποις,
3336 3050 3412 3110 ὡς
3472 3049 3523 3103 οἳ
3577 3047 3781 3120 ἐπίγειοι

2157 3138 2384 3193 καλοῦσί
2447 3160 2532 3212 με,
2583 3140 2913 3194 κυνόπαστον
2967 3142 3154 3211 (820.9},
3214 3137 3295 3192 ὅτι
3353 3140 3786 3214 μεταμορφοῦμαι

2158 3227 2235 3288 εἷς
2292 3224 2598 3302 ἄνθρωπον·
2661 3226 2770 3282 ἐστι
2833 3250 2925 3300 μοι
2983 3229 3044 3282 τὸ
3092 3222 3268 3299 ὄνομα
3324 3225 3558 3296 ἀληθές·
3595 3224 3789 3278 ναυτίαν

2154 3314 2210 3370 δὲ
2268 3315 2592 3372 ἀποστέλλω
2648 3317 2768 3371 τινὰ
2842 3315 2930 3370 δια
2983 3323 3083 3386 τῆς
3143 3313 3338 3370 ἀνόδου
3391 3337 3502 3387 μου
3560 3314 3633 3375 εἷς
3679 3310 3790 3373 τοὺς

2153 3405 2495 3480 ἀνθρώπους·
2539 3404 2714 3473 ἦλθον
2746 3404 2836 3460 οὖν
2889 3405 2967 3467 εἷς
2995 3408 3093 3474 τήν
3128 3400 3451 3477 συμϐουλὴν
3484 3409 3580 3458 τοῦ
3612 3403 3792 3475 ἄρχον-

2151 3515 2244 3551 τος
2292 3490 2631 3563 Βεελζεϐούλ
2666 3514 2679 3528 ·
2738 3495 2827 3549 καὶ
2880 3493 3154 3568 ὲδέσμωσέ
3225 3515 3293 3567 με
3365 3495 3459 3548 καὶ
3531 3488 3790 3565 παρέδωκέ

2157 3605 2222 3655 με
2282 3583 2358 3644 εἷς
2415 3584 2510 3644 τὰς
2569 3586 2760 3659 χεῖράς
2820 3603 2934 3637 σου·
2993 3583 3147 3658 κάγὼ
3199 3583 3454 3656 παρέστιν
3517 3585 3638 3655 (εἰσ)
3677 3579 3786 3634 ἐνώ-

2154 3671 2278 3726 πιόν
2335 3693 2429 3726 σου
2487 3669 2575 3726 διὰ
2603 3679 2706 3742 τῆς
2736 3669 3029 3749 σφραγῖδος
3085 3671 3308 3740 ταύτης·
3346 3671 3438 3724 καὶ
3481 3671 3544 3724 σὺ
3587 3674 3671 3722 νῦν
3706 3669 3790 3742 βα-

2156 3761 2386 3829 σανίζεις
2438 3780 2522 3833 με·
2577 3759 2694 3816 ἰδοὺ
2724 3765 2814 3814 νῦν
2849 3758 2945 3816 δύο
2988 3761 3077 3815 καὶ
3129 3766 3295 3837 τριῶν
3349 3762 3583 3834 ἡμερῶν
3630 3756 3792 3813 ἐκλει-

2151 3871 2240 3904 πει
2289 3850 2352 3904 τὸ
2404 3854 2616 3923 πνεῦμα
2663 3851 2724 3904 τὸ
2759 3847 2962 3905 λαλοῦν
2998 3847 3170 3904 διὰτὸ
3204 3850 3280 3922 μή
3309 3844 3458 3923 ἔχειν
3517 3869 3584 3920 με
3639 3843 3788 3919 ὕδωρ.

2155 3947 2321 4021 Κάγὼ
2367 3947 2513 4000 εἶπον
2569 3945 2735 4018 αὐτῷ·
2785 3945 2917 4020 Λέγε
2969 3967 3060 4019 μοι
3101 3946 3246 4018 ποίῳ
3295 3943 3516 4021 ἀγγέλῳ
3564 3944 3789 4016 καταργῇ

2155 4035 2237 4088 σύ·
2300 4036 2328 4090 ὁ
2382 4032 2439 4089 δὲ
2488 4032 2610 4112 ἔφη·
2669 4035 2767 4090 Διὰ
2812 4040 2908 4090 τοῦ
2960 4037 3178 4108 Ἰάμεθ.
3231 4036 3387 4110 Κάγὼ
3441 4032 3666 4105 δοξάσας
3710 4030 3789 4083 τὸν

2154 4125 2306 4195 Θεὸν,
2360 4122 2613 4178 ἐκέλευσα
2647 4125 2721 4186 εἷς
2752 4123 2954 4198 φιάλην
3009 4122 3278 4198 βληθῆναι
3328 4125 3390 4178 τὸ
3441 4127 3672 4195 πνεῦμα,
3715 4117 3792 4173 καὶ

2155 4209 2347 4276 ὕδατος
2404 4212 2701 4268 Θαλασσίου
2757 4211 2926 4287 δοχὰς
2971 4210 3097 4268 δέκα
3156 4212 3548 4286 ἀναμετρητῶν
3601 4212 3664 4284 β’,
3715 4206 3791 4262 καὶ

2154 4302 2479 4379 περιέφραξα
2548 4301 2728 4356 ἐπάνω
2811 4301 3111 4376 μαρμάρων
3180 4303 3269 4356 καὶ
3347 4299 3642 4377 ἀσφάλτων
3717 4297 3797 4352 καὶ

2152 4390 2352 4460 πίσσης
2405 4391 2480 4453 εἷς
2537 4391 2599 4446 τὸ
2652 4393 2828 4463 στόμα
2882 4395 2978 4446 τοῦ
3037 4389 3301 4465 ἀγγέλου,
3359 4392 3448 4444 καὶ
3511 4387 3793 4467 σφραγίσας

2151 4484 2230 4550 τῷ
2287 4477 2620 4552 ὃακτυλιδίῳ
2697 4478 2953 4535 ἐκέλευσα
3011 4481 3340 4549 ἀποτεθῆναι
3401 4477 3482 4542 εἷς
3540 4479 3630 4533 τὸν
3683 4476 3793 4530 ναὸν

403 4567 462 4620 in
493 4568 777 4622 uberibus
806 4569 990 4638 locis;
1025 4570 1284 4641 operatio
1333 4575 1532 4626 autem
1583 4587 1714 4626 mea
1743 4571 1866 4627 haec
1898 4591 1914 4626 :
1947 4589 2042 4628 se—

2153 4571 2246 4623 τοῦ
2275 4573 2432 4623 Θεοῦ·
2472 4570 2558 4622 καὶ
2614 4566 2870 4623 ἐκέλευσα
2925 4569 3173 4642 παρεῖναί
3211 4589 3303 4640 μοι
3342 4565 3531 4642 ἓτερον
3577 4570 3790 4638 πνεῦμα.

406 4655 513 4710 deo
565 4657 736 4727 juxta
785 4659 1180 4728 ingredientes
1213 4659 1484 4716 homines
1532 4660 1590 4715 in
1640 4665 2042 4730 monumenta,

403 4747 460 4799 et
493 4745 550 4798 in
584 4745 840 4800 tenebris
886 4749 1275 4803 transformor
1318 4749 1376 4802 in
1422 4749 1542 4804 vita
1586 4749 1839 4817 functos,
1891 4754 1948 4805 et
1995 4749 2046 4805 si

400 4833 839 4904 apprehendere
870 4835 1150 4907 aliquem,
1187 4853 1321 4892 mox
1350 4854 1488 4893 ense
1521 4839 1832 4910 transﬁgo;
1862 4840 1910 4895 si
1943 4857 2046 4894 au-

398 4927 517 4977 tern
552 4939 666 4978 non
697 4929 940 4996 potuero
969 4925 1433 4996 apprehendere,
1484 4927 1629 4982 facio
1671 4933 1736 4982 ut
1767 4928 2043 4996 insaniat,

399 5015 455 5068 et
484 5027 692 5068 carnes
723 5029 862 5068 suas
893 5015 1178 5079 comedat,
1201 5019 1258 5068 et
1277 5020 1466 5070 vestes
1495 5014 1698 5070 lacerae
1727 5032 1762 5070 a
1793 5015 2045 5072 maxillis

399 5103 528 5170 ejus
559 5102 841 5158 defluant.
879 5103 1001 5158 Dixi
1033 5103 1083 5158 ei
1118 5121 1130 5158 :
1161 5103 1323 5158 Time
1356 5109 1533 5159 Deum
1569 5103 1695 5160 οωΙί
1748 5109 1806 5160 et
1854 5109 2042 5175 terrae,

401 5195 457 5245 et
513 5192 708 5247 indica
762 5192 907 5246 mihi
948 5192 1082 5264 quis
1134 5197 1190 5247 te
1240 5191 1486 5263 angelus
1518 5191 1815 5248 imbellem
1849 5193 2042 5248 faciat.

398 5287 506 5350 Qui
539 5287 654 5342 ait:
687 5288 778 5343 Me
805 5289 1004 5360 dejicit
1051 5289 1312 5345 Salvator
1337 5289 1436 5359 qui
1470 5289 1704 5344 futurus
1730 5294 1820 5344 est
1849 5289 2041 5356 homo,

403 5377 573 5446 cujus
604 5377 838 5448 signum
884 5379 943 5433 in
995 5378 1184 5434 fronte
1213 5377 1263 5434 si
1315 5376 1450 5448 quis
1499 5377 1820 5450 scripserit,
1855 5378 2046 5434 vincet

399 5480 510 5533 me,
543 5469 600 5520 et
629 5465 870 5521 territus
901 5467 961 5522 in
990 5467 1189 5539 fugam
1237 5469 1431 5521 vertar
1460 5465 1665 5533 citius;
1711 5471 1769 5522 et
1818 5465 1928 5522 hoc
1959 5467 2040 5522 si-

398 5567 582 5624 gnum
613 5552 664 5609 si
687 5553 821 5624 quis
851 5554 1172 5627 scripserit,
1213 5553 1496 5610 terrebor.
1529 5554 1600 5610 Et
1629 5553 1751 5609 hac
1796 5553 2043 5611 audiens

397 5658 504 5715 ego
532 5642 831 5711 Salomon,
864 5648 922 5701 et
951 5644 1203 5703 laudans
1220 5643 1405 5702 Deum
1426 5641 1686 5700 conclusi
1714 5642 2040 5701 daemonem

2154 4657 2254 4711 Καὶ
2301 4654 2438 4725 ἦλθε
2496 4657 2601 4732 πρὸ
2650 4658 2946 4733 προσώπου
3009 4678 3115 4730 μου
3164 4654 3571 4729 καταλισμένον
3624 4652 3790 4728 ἕτερον

2154 4750 2366 4818 πνεῦμα
2413 4745 2700 4820 ἀνθρώπου
2753 4748 2968 4823 μορφὴν
3021 4740 3149 4820 ἕχον
3202 4745 3498 4816 σκοτεινὸν,
3554 4743 3682 4804 τοὺς
3711 4742 3794 4817 ὀσ-

2156 4834 2402 4908 θαλμοὺς
2448 4829 2576 4910 ἔχον
2607 4835 2952 4908 λάμποντας,
2982 4835 3071 4890 καὶ
3105 4834 3156 4890 ἐν
3185 4839 3254 4907 τῇ
3308 4835 3452 4910 χειρὶ
3488 4834 3647 4912 φέρον
3679 4832 3795 4886 σπάο

2157 4925 2372 4992 θην,καῖ
2409 4923 2728 4998 έπερώτησα
2752 4923 2989 4992 αὖτὸ,Σὺ
3013 4925 3095 4984 τίς
3120 4925 3200 4991 ei;
3229 4924 3290 4979 Ὁ
3314 4921 3370 4977 δὶ
3395 4921 3671 4998 ἔφη·Ἐγώ
3692 4919 3792 4991 εἶμι

2155 5013 2347 5088 ὀχικὸν
2378 5019 2614 5087 πνεῦμα,
2648 5015 2938 5089 ἀνθρώπου
2968 5013 3217 5090 γίγαντος
3257 5012 3310 5068 ἐν
3352 5012 3532 5091 σφαγῇ
3562 5009 3794 5067 τετελευ·

2152 5101 2385 5172 τηκότος
2419 5101 2468 5156 έν
2527 5106 2606 5174 τῷ
2666 5107 2840 5178 καιρῷ
2895 5107 3000 5156 τῶν
3058 5103 3344 5177 γιγάντων.
3405 5104 3582 5158 Εἶπον
3641 5100 3793 5169 αὐτῷ,

2154 5189 2289 5265 Λέγε
2322 5211 2414 5263 μοι
2469 5190 2524 5246 τί
2580 5187 2924 5264 διαπράττιις
2950 5191 3039 5245 ἐπὶ
3068 5197 3169 5259 τῆς
3200 5197 3326 5264 γῆς·
3380 5191 3466 5243 καὶ
3503 5194 3612 5244 ποῦ
3661 5184 3794 5261 ἔχετε

2155 5279 2496 5352 οἰκητήριον.
2557 5280 2632 5335 Τὸ
2703 5276 2760 5334 δὲ
2821 5278 2945 5354 ἔφη·
3017 5281 3080 5336 Ἥ
3136 5279 3230 5352 μὶν
3289 5277 3538 5334 κατοικία
3590 5299 3692 5352 μου
3747 5274 3793 5329 ἐν

2150 5373 2268 5432 τοῖς
2308 5369 2678 5444 κατακάρποις
2726 5367 2953 5430 τόποις·
3009 5369 3044 5437 ἡ
3092 5364 3148 5422 δὶ
3214 5365 3435 5443 ἐργασία
3481 5388 3590 5440 μου
3649 5366 3793 5431 αὕτη,

2151 5465 2501 5542 παρακαθίζω
2559 5464 2787 5538 ἐμαυτὸν
2846 5471 2963 5527 τοῖς
3017 5461 3448 5541 παριργομὶνοις
3496 5464 3794 5539 ἀνθρώποις

2151 5554 2204 5609 ἂν
2248 5559 2364 5617 τοῖς
2411 5554 2704 5630 μνημείοις
2745 5553 2836 5609 καὶ
2893 5553 2947 5610 ἐν
3003 5553 3180 5630 ἀωρίᾳ
3226 5559 3575 5630 παραμορφῶ
3633 5552 3791 5625 ἐμαυ-

2148 5643 2239 5701 τὸν
2297 5647 2418 5708 τοῖς
2472 5641 2814 5718 τελευτῶσι,
2870 5644 2958 5700 καὶ
3020 5642 3067 5699 ei
3125 5640 3379 5720 λήψομαι
3428 5644 3552 5699 τινὰ
3603 5641 3791 5706 εὐθέως
