4084 6218
371 334 522 395 1341
1515 336 1984 401 TESTAMEN'I

2173 335 2640 401 SALOMONIS.
3626 336 3786 397 1342

369 464 544 541 ἀνερῶ
600 466 759 522 αὐτὸν
810 466 972 546 ξίφει·
1005 469 1040 537 ἡ
1100 465 1159 522 8‘s
1215 467 1280 541 (εἰ
1335 465 1413 542 δὲ)
1455 468 1520 524 ού
1553 465 1766 539 δυνηθῶ
1798 468 1982 547 ἀναιρῆ

2177 470 2296 527 icut
2324 474 2380 526 et
2408 473 2647 527 caeteros
2676 468 2941 541 spiritus.
2971 472 3039 525 Et
3051 469 3209 539 jussi
3238 473 3429 525 astare
3459 469 3601 526 mihi
3633 468 3790 525 aliud

369 575 480 624 σαι,
516 560 663 610 ποιῶ
710 556 869 612 αύτὸν
921 554 1360 629 δαιμονίζεσθαι·
1394 558 1481 613 καὶ
1532 558 1627 622 τὰς
1684 555 1881 634 σάρκας
1927 560 1982 615 αύ

2176 560 2493 616 aemonium
2529 578 2542 616 :
2577 565 2630 615 et
2660 563 2948 615 venerunt
2981 559 3038 615 in
3075 563 3391 630 conspectu
3424 575 3551 614 meo
3582 558 3789 630 trigin-

363 647 463 697 τοῦ
523 645 728 718 (αὐτοῦ)
786 645 1080 701 κατεσθίειν
1135 647 1223 702 καὶ
1273 646 1403 711 τοὺς
1460 646 1685 711 στὲλους
1744 649 1866 720 (sic)
1917 648 1976 702 ἀτ

2182 670 2192 704 ι
2218 666 2316 705 sex
2342 649 2609 720 spiritus,
2643 665 2892 721 quorum
2913 648 3105 721 capita
3123 653 3186 703 ut
3216 647 3711 712 canesinformes,
3738 651 3795 701 et

363 735 473 786 τῶν
523 733 739 809 γενείων
799 734 1105 812 καταρῥεῖν.
1140 736 1316 811 Ἔφην
1380 734 1437 791 δὲ
1493 736 1675 809 αύτῷ·
1735 731 1976 807 Φοϐήθηι

2179 738 2375 809 iipsis
2423 744 2593 794 erant
2641 737 3113 804 hominiformes,
3164 738 3465 793 asinorum
3498 735 3792 806 habentes

366 818 460 874 οῦν
514 821 605 875 τὸν
666 823 793 877 Θεὸν
848 827 947 878 τοῦ
1005 824 1239 900 ούρανοῦ
1294 824 1384 879 καὶ
1441 831 1541 894 τῆς
1599 832 1726 900 γῆς,
1760 824 1849 880 καὶ
1908 824 1979 879 εἰτ

1441 831 1541 894 τῆς
1599 832 1726 900 γῆς,
1760 824 1849 880 καὶ
1908 824 2026 879 εἰπέ
2137 826 2366 893 faciem,
2401 826 2578 882 boum
2613 831 2670 883 et
2698 826 3048 882 volatilium.

373 931 469 982 μοι
502 909 647 983 ποίῳ
678 908 894 986 ἀγγέλῳ
923 916 1169 988 καταργῇ
1198 913 1281 967 σύ’
1313 915 1375 969 τὸ
1416 911 1473 968 δὲ
1504 908 1627 988 ἔφη.
1663 913 1797 988 Ἐμὶ
1825 919 2080 989 καταργεῖ
2108 914 2136 969 ὁ
2172 911 2394 987 μέλλων
2424 916 2621 990 Σωτὴρ
2663 915 2913 989 γενέσθαι
2946 915 3251 990 ἄνθρωπος,
3287 913 3349 968 ού
3400 912 3463 967 τὸ
3512 917 3785 987 στοιχεῖον

362 996 415 1053 ἐν
448 1004 527 1071 τῷ
560 1000 798 1073 μετώπῳ
830 998 985 1065 εἷ’τις
1016 1000 1328 1078 ἐπιγράφει,
1356 1006 1580 1073 ἡττήσει
1616 1025 1703 1077 με,
1736 1004 1825 1058 καὶ
1868 998 2127 1081 φοϐηθεὶς
2179 1002 2671 1081 ἀποστραφήσομαι
2718 1004 2953 1077 ταχέως
2984 1003 3075 1058 καὶ
3126 1007 3289 1058 τοῦτο
3349 1000 3405 1057 δὲ
3449 1003 3511 1057 τὸ
3553 1006 3786 1075 σημεῖον

365 1086 456 1141 ἐάν
489 1108 571 1150 τις
598 1088 895 1165 ἐπιγράψῃ,
931 1086 1345 1166 φοϐηθήσομαι.
1379 1094 1475 1147 Καὶ
1507 1097 1670 1148 τοῦτο
1702 1092 1935 1156 ἀκούσας
1963 1091 2073 1167 ἐγὼ
2106 1091 2399 1165 Σολομῶν,
2434 1094 2522 1148 καὶ
2567 1090 2790 1163 δοξῖὶσας
2826 1091 3027 1168 Κύριον
3056 1092 3145 1147 τὸν
3199 1092 3353 1159 Θεὸν,
3386 1089 3680 1146 ἀπέκλεισα
3728 1090 3790 1144 τὸ

359 1172 651 1249 δαιμόνιον
684 1176 865 1256 ὥσπερ
895 1179 984 1235 καὶ
1016 1178 1195 1237 τᾶλλα
1215 1181 1516 1255 πνεύματα,
1551 1184 1644 1238 Καὶ
1680 1181 1933 1237 ἐκέλευσα
1964 1182 2215 1257 παρεῖναί
2252 1203 2343 1256 μοι
2373 1178 2554 1256 ἕτερον
2587 1179 2817 1256 δαίμονα
2843 1200 2856 1216 ·
2888 1182 2977 1236 καὶ
3007 1180 3181 1250 ἦλθον
3214 1180 3320 1257 πρὸ
3349 1180 3647 1257 προσώπου
3681 1201 3786 1253 μου

360 1267 655 1341 τριάκοντα
689 1266 745 1339 ’ἐξ
775 1268 1078 1343 πνεύματα,
1113 1272 1168 1324 αἱ
1199 1272 1432 1349 κορυφαὶ
1465 1272 1640 1327 αὐτῶν
1674 1272 1746 1334 ὡς
1775 1270 1927 1334 κύνες
1970 1269 2232 1350 ἄμορφοι,
2268 1270 2318 1326 ἐν
2350 1270 2532 1335 αὐτοῖς
2566 1271 2625 1326 δὲ
2650 1271 2789 1341 ἦσαν
2837 1271 3334 1348 ἀνθρωπόμορφοι·
3381 1267 3785 1346 ύνοπρόσωποι,

357 1356 805 1432 βουοπρόσωποι,
838 1358 929 1413 καὶ
960 1356 1453 1435 πτηνοπρόσωποι.

423 1478 593 1555 Κάγὼ
628 1480 895 1555 Σολομῶν
930 1481 1163 1546 ἀκούσας
1210 1484 1299 1541 καὶ
1352 1484 1485 1541 ἰδὼν
1533 1485 1668 1542 αύτά
1722 1486 2019 1561 ἐθαύμασα,

2204 1490 2272 1545 Et
2302 1505 2408 1561 ego
2430 1490 2728 1558 Salomon,
2758 1489 3006 1546 audiens
3026 1493 3083 1545 et
3105 1487 3308 1543 videns
3341 1503 3460 1555 eos,
3485 1484 3786 1557 obstupui,

350 1568 443 1622 καὶ
500 1568 822 1645 ἐπερώτησα
870 1571 1006 1627 αύτά
1056 1572 1251 1649 λέγων·
1286 1574 1443 1647 ὑμεῖς
1496 1575 1637 1639 τίνες
1693 1575 1848 1645 ἐστές
1883 1578 1935 1630 οἱ

2177 1580 2190 1633 t
2218 1577 2570 1650 interrogavi
2602 1595 2701 1635 eos
2734 1578 2934 1635 dicens
2970 1596 2982 1632 :
3016 1576 3265 1642 Quinam
3297 1574 3481 1631 estis?
3511 1574 3617 1638 Qui
3654 1590 3790 1629 una-

358 1656 714 1731 ὁμοθυμαδὸν
773 1665 874 1734 μιᾷ
932 1665 1087 1739 φωνῇ
1152 1658 1348 1739 ἔφασαν
1383 1684 1399 1699 ο
1456 1666 1649 1738 Ἡμεῖς
1722 1664 1881 1739 ἐσμεν
1957 1685 1971 1719 1

2177 1665 2366 1722 imiter
2397 1684 2512 1722 una
2540 1683 2679 1722 voce
2699 1668 3014 1722 dixerunt:
3048 1665 3163 1721 Nos
3184 1680 3393 1720 sumus
3425 1663 3667 1734 triginta
3691 1678 3790 1718 sex

358 1748 653 1821 τριάκοντα
698 1748 754 1819 ’ἐξ
815 1756 1087 1825 στοιχεῖα,
1135 1752 1187 1806 οἱ
1244 1755 1684 1829 κοσμοκράτορες
1739 1759 1837 1809 τοῦ
1896 1775 1971 1810 σκι

2173 1754 2417 1812 lementa
2448 1755 2689 1812 rectoris
2720 1756 3094 1811 tenebrarum
3129 1754 3377 1821 harum;
3412 1754 3509 1808 sed
3543 1768 3656 1811 non
3691 1768 3786 1823 po-

359 1857 491 1899 τους
515 1837 732 1908 τούτου,
769 1837 896 1894 ἀλλ’
922 1839 984 1894 ού
1017 1836 1247 1916 δυνήσῃ,
1284 1841 1508 1918 βασιλεῦ
1548 1841 1844 1916 Σολομῶν,
1874 1846 1972 1916 ἡμξ

2169 1843 2296 1910 aris,
2330 1861 2426 1900 rex
2458 1844 2758 1911 Salomon,
2793 1843 2960 1899 nobis
3014 1857 3241 1912 nocere,
3274 1858 3379 1896 nec
3414 1840 3782 1909 concludere,

364 1922 643 1998 ἀδικῆσαι,
704 1925 832 1983 ούδὶ
905 1927 1282 2000 κατακλεῖσαι,
1344 1929 1469 1987 ούδὶ
1538 1929 1788 1988 κελεῦσαι
1860 1935 1977 2005 ἡμῖη

2174 1950 2238 1990 ec
2269 1933 2559 2006 imperare
2606 1934 2775 1990 nobis
2808 1950 2820 1987 :
2852 1933 2954 1988 sed
3004 1931 3282 2003 quoniam
3314 1929 3601 1986 Dominus
3632 1929 3784 1984 Deus

360 2012 488 2069 ἀλλ’
535 2013 726 2086 ἐπειδὴ
781 2018 975 2087 Κύριος
1008 2019 1036 2073 ὁ
1086 2020 1217 2083 Θεὸς
1261 2017 1432 2075 ἔδωκὲ
1488 2042 1573 2075 σοι
1627 2024 1727 2091 τήν
1775 2021 1973 2093 ἐξουσία

2169 2024 2289 2079 edit
2319 2024 2421 2078 tibi
2471 2027 2820 2093 potestatem
2874 2021 3069 2078 omnis
3116 2020 3364 2091 spiritus
3412 2018 3575 2086 aerii,
3608 2022 3780 2073 terre-

359 2102 449 2158 ἰπὶ
507 2106 704 2167 παντὸς
759 2106 1095 2180 πνεύματος,
1151 2108 1333 2183 ἀερίου
1384 2130 1444 2164 τε
1490 2110 1579 2164 καὶ
1629 2110 1877 2185 ἐπιγείου
1925 2132 1972 2165 κε

2164 2113 2267 2168 tris
2315 2117 2371 2168 et
2417 2112 2809 2177 subterranei,
2862 2114 3101 2183 propter
3149 2110 3259 2165 hoc
3307 2113 3364 2165 et
3412 2125 3519 2163 nos
3549 2112 3777 2163 stamus

356 2194 760 2268 καταχθονίου,
816 2192 906 2250 διὰ
980 2196 1142 2251 τοῦτο
1226 2198 1316 2252 καὶ
1397 2200 1560 2271 ἡμεῖς
1642 2200 1969 2273 παριστάμεε

2165 2207 2261 2258 nte
2291 2207 2369 2270 te,
2400 2206 2465 2257 ut
2485 2201 2692 2273 reliqui
2714 2201 2980 2272 spiritus,
3009 2198 3209 2272 procul
3231 2199 3302 2255 ab
3321 2198 3537 2267 Ariete,
3560 2198 3774 2265 Tauro,

355 2279 590 2336 ἐνώπιόν
624 2304 723 2338 σου
772 2285 847 2347 ὡς
890 2285 959 2340 τά
1011 2283 1180 2341 λοιπά
1225 2288 1525 2360 πνεύματα·
1560 2287 1666 2343 ἀπὸ
1715 2292 1879 2365 Κριοῦ
1926 2310 1968 2343 κε

2161 2291 2420 2362 lamellis,
2476 2292 2688 2346 crinito
2740 2291 2948 2356 Leone,
2997 2288 3256 2360 Virgine,
3302 2287 3569 2353 Trutina,
3608 2286 3774 2341 Scor-

352 2370 585 2448 Ταύρου,
632 2371 874 2447 Διδύμου
929 2396 988 2431 τε
1045 2376 1133 2431 καὶ
1185 2377 1470 2452 καρήγγου
1527 2379 1844 2451 (καρήννου)
1894 2380 1965 2451 (εἰ

2167 2380 2316 2435 ione.
2364 2379 2701 2451 Sagittario,
2751 2378 3126 2450 Capricorno,
3178 2376 3432 2448 Aquario
3480 2380 3538 2431 et
3593 2373 3775 2428 Pisce.

352 2459 611 2528 Λέοντος,
640 2463 728 2517 καὶ
780 2464 1078 2537 Παρθένου,
1109 2469 1277 2540 Ζυγοῦ
1322 2486 1381 2520 τε
1428 2465 1523 2521 καὶ
1578 2466 1873 2540 Σκορπίου,
1914 2474 1965 2521 Τι

2160 2469 2269 2524 'um
2302 2486 2406 2541 ego
2456 2467 2752 2535 Salomon,
2807 2467 3069 2522 invocato
3120 2464 3358 2521 nomine
3410 2463 3636 2519 Domini
3676 2462 3773 2517 Sa-

352 2548 534 2620 ξότου,
567 2550 989 2627 Ἀἱγοκέρωτος,
1048 2551 1373 2629 Ὑδροχόου,
1427 2554 1518 2611 καὶ
1575 2556 1812 2630 Ἰχθύος.
1875 2556 1965 2613 Τό’

2166 2557 2322 2627 aoth,
2352 2556 2703 2628 interrogavi
2746 2572 2846 2612 eos
2896 2555 3219 2628 sigillatim,
3250 2570 3521 2626 quamam
3570 2567 3773 2607 eorum

350 2636 463 2712 ἐγὼ
547 2639 820 2713 Σολομῶν
889 2640 1347 2710 ἐπικαλεσάμενος
1425 2644 1486 2698 τὸ
1557 2641 1735 2717 ὄνομα
1812 2646 1963 2720 Κυρίι

2157 2646 2349 2703 ndoles
2381 2652 2576 2714 esset;
2612 2651 2669 2701 et
2691 2645 2843 2716 jussi
2876 2662 2981 2717 ego
3015 2649 3080 2700 ut
3124 2643 3534 2713 unusquisque
3559 2641 3617 2695 in
3654 2656 3770 2694 me-

358 2721 615 2794 Σαϐαὼθ,
664 2727 996 2803 ἐπηρώτησα
1042 2730 1180 2785 αύτά
1236 2732 1353 2785 καθ’
1408 2728 1502 2786 ἕνα
1560 2732 1751 2794 ὁποῖος
1806 2734 1971 2808 τράπε

2167 2737 2218 2792 io
2248 2736 2515 2802 veniens,
2545 2752 2715 2790 suam
2765 2735 2983 2789 diceret
3025 2733 3449 2805 operationem.
3482 2731 3647 2785 Tunc
3677 2745 3773 2784 ve-

354 2817 532 2870 αὐτῶν
589 2816 850 2892 τυγχάνει
885 2837 898 2851 ⁸
956 2820 1046 2874 καὶ
1103 2818 1360 2875 ἐκέλευσα
1415 2820 1578 2883 αὐτὸς
1642 2818 1737 2875 ἕνα
1790 2818 1967 2877 ἓκαστι

2167 2825 2292 2881 iens
2324 2825 2551 2896 primus
2583 2825 2663 2879 ait
2695 2842 2709 2880 :
2742 2825 2861 2896 Ego
2908 2839 3039 2879 sum
3074 2823 3301 2895 primus
3333 2819 3601 2875 minister
3629 2818 3773 2889 cycli

353 2903 431 2966 εἷς
484 2906 546 2960 τὸ
602 2907 769 2978 μέσον
821 2906 1050 2972 ἐλθόντα
1100 2908 1269 2964 εἰπεῖν
1344 2910 1445 2979 τήν
1527 2910 1717 2965 ἑαυτοῦ
1799 2914 1966 2985 πρᾶξιε

2159 2914 2342 2969 odiaci
2375 2915 2477 2984 qui
2506 2929 2678 2969 vocor
2720 2912 2904 2980 Aries,
2939 2917 2995 2967 et
3026 2928 3253 2967 mecum
3287 2911 3403 2965 duo
3436 2909 3554 2964 isti.
3590 2909 3772 2963 Inter-

358 2988 497 3049 Τότε
546 2994 865 3069 προσελθὼν
893 2999 920 3050 ὸ
970 3002 1188 3071 πρῶτος
1246 2999 1411 3054 εἶπεν
1443 3000 1591 3071 Ἐγώ
1627 2999 1743 3070 εἰμί
1784 3000 1812 3054 ὁ
1860 3004 1971 3075 πρᾶ

2160 3002 2319 3073 ogavi
2346 3004 2526 3073 igitur
2574 3018 2671 3056 eos
2705 3017 2719 3055 :
2767 3002 3017 3065 Quinam
3069 2998 3409 3055 vocamini?
3442 2997 3604 3054 Unus
3647 2996 3727 3050 ait
3760 3012 3773 3051 :

353 3102 451 3146 τος
508 3079 846 3156 (διακονοςίῖ)
906 3082 1125 3149 δεκανὸς
1180 3091 1276 3141 τοῦ
1335 3084 1605 3156 ζωδιακοῦ
1660 3087 1890 3161 κύκλου,
1951 3090 1966 3144 ἓ

2165 3106 2259 3161 go,
2293 3090 2551 3159 domine,
2587 3091 2748 3145 Ruax
2797 3105 3013 3156 vocor;
3066 3090 3257 3158 capita
3288 3086 3592 3142 hominum
3628 3084 3773 3140 facio

350 3168 632 3245 καλοῦμαι
681 3174 876 3249 Κριὸς,
907 3175 994 3229 καὶ
1058 3176 1174 3246 μετ’
1204 3174 1340 3247 ἐμοῦ
1388 3176 1441 3230 0i.
1496 3174 1591 3231 δύο
1649 3177 1795 3232 οὗτος
1828 3196 1841 3209 ·
1874 3175 1963 3231 ἐπ’,

2166 3186 2186 3233 t
2216 3180 2287 3234 ab
2318 3196 2491 3251 opere
2522 3184 2770 3244 cessent,
2805 3183 2862 3234 et
2898 3182 3163 3248 tempora
3191 3177 3423 3230 denudo
3452 3191 3465 3240 ;
3501 3173 3549 3228 si
3579 3171 3770 3228 solum

355 3259 580 3333 ρώτησα
641 3260 732 3316 οῦν
782 3261 977 3325 αὐτοὺς
1002 3281 1015 3294 ⁸
1048 3265 1201 3327 Τίνες
1246 3264 1496 3320 καλεῖσθε
1522 3284 1536 3334 ;
1568 3266 1628 3322 Ὀ
1682 3266 1776 3339 μὲν
1805 3272 1850 3321 α’
1879 3263 1968 3345 ἔφτ

2160 3268 2354 3324 udiam
2392 3286 2405 3324 :
2438 3266 2702 3336 Michael,
2748 3266 2893 3337 ejice
2943 3265 3129 3332 Ruax,
3161 3264 3334 3318 citius
3386 3261 3644 3317 discedo.
3679 3260 3771 3315 Al-

354 3349 521 3423 Ἐγὼ,
574 3349 756 3426 Κύριε,
812 3351 966 3423 Ῥύαξ
1040 3350 1344 3426 καλοῦμαι,
1406 3352 1645 3432 κεφαλὰς
1705 3355 1967 3430 ἀνθρώπα

2159 3374 2209 3413 ar
2238 3358 2480 3429 aitzEgo
2511 3354 2864 3427 Barsaphael
2892 3371 3063 3410 vocor
3091 3372 3107 3423 ;
3138 3354 3237 3425 qui
3263 3349 3772 3421 utaliquantulum

350 3446 498 3497 ποιῶ
556 3443 761 3519 ἀργεῖν,
820 3443 908 3499 καὶ
981 3445 1285 3522 κροτάφους
1365 3444 1635 3512 σκυλεύω,
1694 3447 1767 3508 ὡς
1844 3445 1963 3519 μὸνε

2159 3445 2351 3502 oleant
2381 3446 2491 3501 sub
2522 3451 2785 3516 tempore
2802 3446 3209 3513 meojacentes
3241 3441 3471 3507 efficio;
3505 3439 3554 3495 si
3578 3439 3770 3494 solum

350 3530 601 3598 ἀκοῦσαι,
636 3532 887 3607 Μιχαὴλ*
923 3531 1151 3589 ἔκλυσον
1203 3532 1355 3606 Ῥύαξ
1407 3533 1563 3598 εὐθὺς
1622 3535 1918 3611 ἀναχωρῶ.
1947 3541 1959 3558 ⁸

2155 3535 2354 3591 udiam
2390 3552 2403 3590 :
2438 3533 2693 3599 Gabriel,
2728 3534 2968 3605 increpa
3015 3529 3395 3602 Barsaphael,
3447 3529 3648 3584 statim
3682 3544 3768 3582 re-

351 3616 411 3674 82:.
543 3618 666 3699 ἔφη’
701 3624 842 3698 Ἐγὼ
901 3622 1233 3701 Βαρσαφαήλ
1288 3622 1653 3697 καλοῦμαι,ή
1713 3628 1964 3699 μικράνοε

2157 3628 2327 3678 ertor.
2360 3622 2596 3678 Tertius
2628 3623 2705 3677 ait
2735 3636 2749 3676 :
2784 3622 2901 3692 Ego
2930 3619 3230 3675 Aratosael
3282 3618 3554 3673 nominor
3581 3633 3595 3684 ;
3628 3632 3770 3669 ocu-

350 3714 496 3764 ποιῶ
547 3708 729 3785 ἀλγεῖν
777 3710 906 3773 τοὺς
963 3710 1017 3766 ἐν
1074 3716 1145 3786 τῇ
1203 3712 1319 3787 ὥρᾳ
1377 3734 1481 3787 μου
1531 3714 1856 3786 κειμένους·
1916 3714 1963 3768 ἑὲ

2155 3729 2204 3767 )8
2236 3711 2399 3779 laedo,
2431 3715 2491 3767 et
2538 3727 2753 3783 magno
2801 3709 2993 3766 efﬁcio
3042 3707 3430 3776 detrimento;
3483 3704 3534 3760 si
3577 3702 3768 3760 solum

356 3798 523 3871 μόνον
555 3799 795 3872 ἀκούσω,
829 3795 1096 3877 Γαϐριὴλ,
1144 3796 1407 3875 ἕγκλησον
1460 3801 1818 3881 Βαρσαφαήλ,
1848 3802 1969 3858 εύοὺ

2157 3800 2350 3856 udiam
2386 3818 2398 3855 :
2431 3800 2605 3866 Uriel,
2656 3799 2897 3870 increpa
2944 3795 3261 3863 Aratosael,
3304 3794 3502 3850 statim
3541 3793 3768 3849 recedo.

351 3888 742 3962 avalwpcb._'0
799 3894 983 3964 τρῖτος
1040 3887 1170 3966 ἔφη’
1223 3890 1363 3964 Ἐγὼ
1421 3890 1765 3967 Ἀρατοσαήλ
1810 3890 1964 3947 καλοὶ

2154 3890 2369 3952 Ρυίοῐυε
2400 3891 2527 3945 ait:
2563 3890 2677 3960 Ego
2720 3886 2934 3945 Joudal
2986 3903 3195 3954 vocor;
3248 3885 3482 3941 aurium
3532 3883 3767 3938 obstru-

353 3997 476 4049 μαι,
509 3975 827 4052 ὀφθαλμοὺς
858 3975 1028 4033 ἀδικῶ
1051 3999 1063 4012 ’
1095 3977 1186 4033 καὶ
1236 3976 1442 4055 σφόδρα
1494 3978 1745 4055 βλάπτω,
1776 3980 1849 4039 ὡς
1905 3982 1966 4053 μό

2153 3980 2370 4035 tionem
2430 3978 2592 4045 tollo,
2640 3983 2698 4033 et
2745 3993 2983 4033 rursum
3033 3975 3329 4042 immitto;
3379 3974 3431 4029 si
3478 3972 3765 4028 audiero:

350 4086 440 4120 νον
501 4067 748 4134 ἀκοῦσαι,
808 4066 1045 4142 Ούριήλ,
1101 4064 1367 4145 ἕγκλησον
1427 4070 1788 4143 Ἀρατοσαήλ,
1849 4069 1963 4133 εύθί

2155 4067 2314 4133 lruel,
2345 4067 2557 4123 Joudal
2587 4067 2892 4137 (increpa),
2941 4066 3254 4120 confestim
3299 4063 3525 4119 recedo.
3560 4061 3768 4117 Sextus

349 4155 624 4231 ἀναχωρῶ
681 4160 816 4228 (11(.
866 4158 928 4214 Ὀ
986 4164 1021 4212 ε’
1077 4154 1201 4235 ἔφη·
1238 4158 1376 4233 ’[’Σγὼ
1433 4155 1648 4214 Ἰουδὰλ
1705 4156 1959 4231 καλοῦμα

2157 4156 2241 4211 it:
2278 4160 2392 4227 Ego
2435 4155 2846 4227 Sphendonacl
2898 4154 3189 4222 nominor,
3222 4152 3323 4223 qui
3374 4151 3670 4222 parotidas
3714 4154 3770 4204 et

349 4239 600 4322 ἔκφραξιν
662 4245 865 4311 ὠτίων,
896 4246 985 4301 καὶ
1047 4248 1324 4323 σφήνωσιν
1384 4245 1560 4301 ἀκοῶν
1619 4246 1886 4302 ἐπιτελῶ·
1921 4246 1962 4301 ἐξ

2153 4245 2374 4300 mcium
2425 4242 2751 4315 glandulas,
2781 4247 2839 4298 et
2880 4258 3189 4297 nervorum
3240 4255 3504 4294 aversam
3551 4237 3766 4292 tensio-

348 4333 588 4402 ἀκούσω,
622 4333 879 4410 Ούρουήλ
912 4331 1230 4409 [ἔγκλησον]
1259 4331 1472 4391 ἰουδάλ
1504 4334 1659 4397 εὐθὺς
1714 4336 1961 4411 ἀναχωρᾶ

2153 4350 2249 4389 em
2271 4333 2457 4401 facio;
2492 4331 2541 4387 si
2581 4331 2823 4387 audiero
2851 4348 2864 4386 :
2898 4330 3162 4393 Sabrael,
3194 4328 3433 4397 increpa
3470 4325 3766 4396 Sphendo-

344 4423 408 4478 ⁸0
438 4423 481 4487 ς’
507 4419 631 4499 ἔφη·
660 4424 802 4498 Ἐγὼ
835 4420 1188 4498 Σφενδοναὴλ
1218 4421 1843 4498 καλοῦμαι,παρωτίδας
1862 4446 1954 4479 ποι

2162 4419 2270 4488 uel,
2301 4419 2501 4475 statim
2547 4418 2773 4473 recedo.
2819 4417 3119 4488 Septimus
3149 4415 3231 4470 ait
3261 4430 3274 4470 :
3311 4414 3425 4485 Ego
3456 4412 3768 4484 Sphandor

346 4511 437 4566 καὶ
472 4511 798 4586 παρίσομια,
838 4512 929 4567 καὶ
961 4511 1306 4585 ὀπισθότονα,
1328 4510 1416 4567 ἐὰν
1446 4511 1682 4582 ἀκούσω,
1718 4508 1959 4589 Σαϐραῆ]

2154 4525 2326 4577 ocor;
2358 4508 2738 4564 humerorum
2768 4510 2948 4562 robur
2994 4505 3287 4560 imminuo
3318 4508 3375 4559 et
3405 4518 3764 4571 commoveo,

348 4595 617 4673 ἔγκλησον
681 4597 1055 4677 Σφενδοναήλ,
1106 4600 1260 4663 εύθὺς
1317 4600 1612 4676 ἀναχωρῶ.
1656 4603 1714 4659 Ὀ
1766 4607 1807 4671 ζ’
1850 4598 1952 4676 ἔφη

2153 4602 2174 4652 t
2205 4613 2491 4653 manuum
2521 4612 2727 4652 nervos
2762 4594 3011 4666 resolvo,
3030 4597 3088 4649 et
3118 4609 3254 4649 ossa
3283 4592 3497 4664 pedum
3521 4590 3765 4660 resolvo,

350 4653 519 4761 'E'Iytb'
548 4653 812 4766 Σφανδῶρ
862 4653 1137 4763 καλύῦμαι
1188 4653 1357 4764 ὤμων
1407 4653 1634 4763 έῦνάμιν
1676 4653 1963 4747 ἐλαῗττῶτκτ

2152 4691 2173 4741 t
2229 4685 2549 4742 medullam
2608 4686 2665 4741 in
2717 4683 2942 4740 saniem
2993 4686 3302 4750 converto;
3354 4680 3404 4737 si
3452 4681 3691 4737 audiero
3749 4694 3763 4733 :

348 4775 584 4845 σαλεύω,
613 4777 706 4832 καὶ
754 4782 959 4853 χειρῶν
1008 4782 1168 4853 νεῦρα
1214 4777 1519 4855 παραλύω·
1552 4779 1641 4833 καὶ
1692 4779 1823 4835 ὀστᾶ
1878 4801 1961 4835 ποι

2153 4775 2306 4843 .rael,
2334 4776 2577 4845 increpa
2626 4773 2956 4846 Spbandor,
3001 4773 3203 4828 statim
3255 4771 3482 4827 recedo.
3516 4768 3766 4825 Octavus

349 4869 549 4939 χαμῶν
615 4867 686 4939 (⁸2)
753 4860 1046 4939 συντρίὸω,
1100 4864 1191 4920 καὶ
1258 4864 1492 4939 μυελοὺς
1556 4866 1859 4937 ἰκπιπύζω,
1920 4867 1962 4922 li

2155 4868 2198 4921 it
2248 4882 2260 4921 :
2321 4865 2439 4937 Ego
2498 4862 2693 4919 Belbel
2749 4861 3057 4931 nominor;
3116 4860 3424 4916 hominum
3482 4857 3658 4914 corda
3712 4860 3768 4910 et

347 4952 585 5025 ἀκούσω,
637 4954 875 5027 ἈραὴΛ,
942 4950 1215 5029 ἴγκλησον
1288 4952 1577 5033 Σφανδὼρ,
1649 4955 1806 5019 εὐθὺς
1874 4957 1960 5011 ἀνα

2148 4958 2346 5010 nentes
2403 4956 2674 5009 converto
2724 4951 2784 5006 in
2837 4949 3098 5017 malum;
3149 4948 3200 5004 si
3253 4949 3493 5004 audiero
3528 4962 3542 5001 :
3576 4942 3761 5010 Arael,

346 5048 540 5119 χωρῶ.
594 5047 654 5101 'O
693 5044 744 5113 η’
796 5041 922 5122 ἔφη’
974 5045 1109 5118 Ἐγὼ
1159 5038 1370 5101 Βελϐὶλ
1420 5044 1721 5116 καλοῦμαι,
1780 5042 1959 5119 καρδία

2150 5061 2350 5115 ncrepa
2378 5041 2596 5109 Belbel,
2631 5040 2828 5096 statim
2862 5038 3041 5111 fugio.
3079 5038 3284 5095 Nonus
3312 5036 3396 5091 ait
3424 5051 3437 5089 :
3476 5035 3601 5122 Ego
3622 5032 3763 5088 Cur-

345 5132 648 5203 ἀνθρώπων
744 5119 847 5187 καῖ’
912 5133 1105 5209 φρένας
1180 5129 1482 5207 διαστρέφω
1516 5151 1529 5165 ·
1607 5130 1695 5187 ἐὰν
1789 5132 1957 5188 ἀκούσ

2152 5133 2229 5188 iel
2277 5148 2486 5199 vocor;
2536 5134 2833 5186 tormenta
2879 5126 3177 5184 intestinis
3226 5123 3500 5189 immitto,
3534 5119 3765 5177 labores

339 5223 401 5298 ξΛ
415 5220 557 5296 ραήλ
590 5215 862 5296 ἴγκλησον
887 5216 1121 5291 Βελὸὶλ,
1165 5220 1322 5285 εὐθὺς
1372 5221 1665 5296 ἀναχωρῶ.
1696 5221 1760 5276 Ὀ
1792 5221 1834 5274 θ’
1864 5218 1952 5298 ἔφτ

2148 5222 2369 5285 nduco;
2418 5220 2468 5276 si
2501 5218 2737 5274 audiero
2771 5234 2784 5273 :
2816 5216 3015 5283 Jaoth,
3060 5214 3296 5284 increpa
3333 5209 3588 5279 Curtael,
3620 5225 3761 5265 con-

342 5295 491 5384 Ἐγὼ
566 5295 858 5386 Κουρταήλ
932 5310 1257 5384 καλοῦμαι·
1336 5295 1602 5387 στρόφους
1687 5308 1739 5365 ἐν
1814 5295 1955 5365 κοιλι

2149 5312 2308 5366 istim
2358 5309 2587 5365 recedo.
2635 5308 2907 5364 Decimus
2936 5306 3019 5361 ait
3052 5320 3068 5359 :
3100 5302 3243 5358 Mihi
3294 5298 3611 5356 Metathiax
3657 5315 3762 5354 no-

418 5677 530 5751 (11)
562 5674 667 5734 Hic
695 5677 871 5736 omisi
900 5693 1027 5751 qum
1055 5693 1112 5736 v.
1143 5677 1205 5737 in
1234 5677 1517 5737 additam.
1558 5675 1670 5735 sub
1712 5673 1931 5748 signo")
