4018 6220
382 342 533 403 1343

1340 345 1739 407 APPENDlX
1783 346 1886 405 AD
1933 342 2404 405 MICHAELEM
2446 344 2837 406 PSELLUM.

3601 340 3717 402 13η

381 492 552 545 men;
590 494 899 535 nervorum
932 478 1162 536 dolores
1212 479 1439 549 efficio;
1492 481 1540 536 si
1574 479 1810 537 audiere
1844 496 1857 533 :
1889 479 2023 535 Ado'

2150 478 2460 552 ἀποπέμπω
2493 497 2506 512 '
2566 477 2766 539 πόνους
2844 476 3026 554 ἐπάγω
3060 519 3074 545 ,
3125 473 3214 529 ἰὰν
3298 473 3497 527 ἀκούσω
3569 472 3722 543 Ἱαὼθ,

382 566 533 634 nael,
565 568 803 640 increpa
830 569 1166 635 Metatbiax,
1202 569 1318 624 cito
1349 569 1508 640 fugo.

2143 566 2409 642 ἕγκλησον
2464 566 2800 639 Κουρταήλ,
2861 565 3015 627 εὐθὺς
3074 565 3379 639 ἀναχωρῶ.
3447 568 3482 616 0
3535 569 3560 615 ι’
3606 558 3724 639 ἔφη·

384 654 529 728 Ἐγὼ
585 656 877 727 Μεταθιάξ,
936 654 1263 729 καλοῦμαι·
1319 655 1544 733 νεφροὺς
1604 660 1747 711 ποιῶ
1820 660 2047 714 πονεῖν·
2113 655 2199 710 ἐὰν
2284 656 2501 711 ἀκούσω
2560 653 2875 724 Ἀδωναὴλ,
2948 651 3214 729 ἔγκλησον
3293 650 3559 723 Μεταθιάξ,
3606 650 3727 712 εὐθὺς

386 742 681 818 ἀναχωρῶ.

449 853 808 910 Undecimus
840 855 920 910 ait
950 870 962 911 :
998 856 1115 929 Ego
1138 855 1534 913 Catanicotael
1558 871 1768 923 vocor;
1802 870 2031 926 pugnas

378 943 433 995 et
482 941 804 1010 injustitias
850 944 1008 998 domi
1059 944 1269 1014 efﬁcio,
1314 946 1591 1001 duritiam
1641 943 1933 1010 immitto;
1980 942 2031 998 si

375 1028 508 1099 quis
541 1029 677 1085 velit
707 1048 906 1101 pacem
959 1049 1309 1105 componere
1339 1035 1397 1089 in
1444 1035 1616 1088 domo
1649 1050 1776 1099 sua,
1812 1032 2033 1087 scribat

374 1117 433 1171 in
466 1124 690 1188 septem
728 1120 862 1175 folia
894 1122 1168 1193 Daphnes
1220 1140 1433 1178 nomen
1466 1121 1764 1177 domantis
1796 1136 1889 1174 me
1920 1136 2027 1174 an-

374 1205 510 1276 geli,
564 1213 619 1261 et
651 1207 769 1263 haec
800 1210 1043 1265 nomine.
1075 1226 1088 1265 :
1120 1215 1243 1277 Jae,
1283 1212 1410 1276 Jeo,
1462 1210 1561 1264 filii
1613 1208 1891 1274 Sabaoth,
1928 1224 2032 1278 per

373 1311 587 1350 nomen
624 1298 820 1369 magni
854 1299 977 1367 Dei,
1011 1299 1334 1371 increpatio
1363 1301 1463 1355 fiat
1493 1304 1692 1354 contra
1722 1297 2025 1354 Catanico-

373 1383 486 1437 tael
518 1404 531 1451 ;
565 1385 775 1442 deinde
805 1386 1010 1444 lavans
1042 1389 1315 1461 Daphnes
1360 1389 1498 1445 folia
1530 1390 1587 1443 in
1622 1404 1795 1459 aqua,
1829 1402 2028 1457 asper-

370 1477 471 1542 gat
500 1489 655 1544 aqua
694 1475 935 1531 domum
985 1494 1154 1532 suam
1203 1478 1274 1532 ab
1307 1476 1685 1533 interioribus
1738 1490 1924 1546 usque
1956 1474 2028 1529 ad

370 1562 673 1628 exteriora,
706 1567 763 1618 et
810 1566 1010 1619 statim
1057 1567 1284 1621 recedo.
1319 1566 1715 1621 Duodecimus
1747 1564 1827 1618 ait
1859 1582 1871 1619 :
1914 1563 2027 1635 Ego

369 1649 746 1720 Saphatorael
782 1654 1091 1720 nominor;
1143 1655 1543 1710 dissensiones
1592 1653 1847 1708 immitto
1878 1652 2031 1708 inter

369 1737 659 1809 homines,
692 1746 750 1795 et
800 1744 1026 1813 gaudeo
1075 1743 1485 1799 scandalizans
1528 1758 1664 1809 eos;
1701 1742 1748 1797 si
1795 1741 1925 1812 quis
1967 1741 2027 1795 in

379 1826 581 1882 charta
628 1830 932 1901 scripserit
982 1834 1222 1886 nomina
1274 1832 1393 1886 haec
1444 1830 1785 1903 angelorum
1818 1847 1831 1885 :
1864 1830 2029 1895 Jaeo,

2211 858 2267 910 '0
2326 855 2391 908 ια’
2444 848 2542 931 ἔφη
2581 870 2596 886 ⁸
2638 853 2780 929 Ἐγὼ
2841 848 3258 921 Κατανικοταήλ
3316 845 3600 919 καλοῦμαιο
3649 848 3730 919 μεί-

2141 962 2243 1017 χας
2273 942 2362 997 καὶ
2403 940 2617 1006 ἀδικίας
2662 944 2779 998 κατ’
2812 941 2994 1004 οἷ’κους
3040 944 3207 1006 ποιῶ,
3242 937 3331 993 καὶ
3381 934 3613 1010 σκληρίαν
3639 936 3736 1007 (sic)

2139 1030 2473 1106 ἐπιπέμπωο
2537 1031 2624 1087 έάν
2678 1054 2764 1094 τις
2822 1030 2953 1105 Θέλῃ
3010 1028 3305 1104 εἰρηνεύειν
3365 1026 3438 1088 εἷς
3488 1025 3570 1079 τὸν
3617 1022 3732 1077 οἷκον

2141 1120 2326 1190 αὐτοῦ,
2373 1123 2636 1195 γραψάτω
2687 1122 2764 1185 εἷς
2816 1120 2952 1175 ἒπτά
3003 1118 3188 1197 φῦλλα
3245 1114 3440 1194 δάφνης
3491 1114 3547 1168 τὸ
3597 1109 3739 1184 ὄνομα

2136 1214 2234 1264 τοῦ
2265 1210 2671 1286 καταργοῦντός
2708 1232 2774 1283 με
2804 1207 3066 1285 ἀγγέλου,
3099 1208 3189 1262 καὶ
3218 1210 3383 1261 ταῦτα
3426 1204 3488 1258 τὰ
3520 1201 3736 1273 ὀνόματα,

2142 1300 2263 1369 Ἰαὶ,
2296 1300 2433 1368 Ἰεὼ,
2468 1300 2577 1353 υἱοὶ
2628 1294 2882 1367 Σαϐαὼθ,
2917 1296 3007 1353 διὰ
3054 1298 3117 1351 τὸ
3165 1292 3337 1367 ὄνομα
3388 1298 3479 1348 τοῦ
3536 1288 3738 1365 μεγάλου

2139 1391 2273 1441 Θεοῦ
2332 1386 2651 1461 ἑγκλησάτω
2709 1393 2789 1460 τῷ
2847 1383 3263 1455 Κατανικοταήλ
3302 1404 3313 1415 ·
3374 1383 3481 1438 εἶτα
3554 1379 3735 1434 πλύνων

2136 1475 2203 1530 τὰ
2247 1472 2606 1555 δαφνόφυλλα
2664 1477 2751 1531 ἐπὶ
2803 1482 2899 1532 τοῦ
2944 1474 3137 1537 ὕδατος
3200 1473 3434 1550 ῥεύνατω
3664 1469 3738 1523 τὸν

2140 1566 2285 1619 οἶκον
2348 1565 2512 1621 αὐτοῦ
2594 1565 2673 1639 τῷ
2742 1564 2896 1621 ὕδατι
2970 1565 3075 1620 ἀπὸ
3162 1562 3266 1618 ἔσω
3344 1559 3447 1622 ἕως
3510 1558 3617 1629 ἔξω,
3666 1558 3741 1611 καὶ

2140 1654 2297 1717 εὐθὺς
2358 1655 2653 1730 ἀναχωρῶ.
2687 1656 2746 1712 'U
2800 1655 2869 1731 ιβ’
2900 1651 3027 1729 ἔφη.
3057 1653 3201 1728 Ἐγὼ
3264 1645 3625 1728 Σαφαθωραήλ
3665 1668 3744 1701 κα·

2141 1740 2347 1816 λοῦμαι
2389 1741 2743 1820 διχοστασίαν
2776 1738 3003 1816 ἐμϐάλω
3034 1748 3152 1804 τοῖς
3202 1742 3507 1817 ἀνθρώποις
3550 1736 3629 1791 καὶ
3676 1735 3747 1789 εύ-

2139 1833 2434 1910 φραίνομαι
2484 1833 2682 1896 αὐτοὺς
2729 1831 3122 1903 σκανδαλίζων,
3173 1832 3262 1886 ἐάν
3310 1851 3393 1892 τις
3452 1828 3521 1890 εἲς
3567 1828 3745 1902 χάρτην

368 1914 553 1983 Jealo,
589 1916 793 1987 Joeiet,
827 1920 1105 1987 Sabaoth,
1135 1922 1306 1991 Ithat,
1337 1922 1460 1988 Jae,
1492 1926 1549 1977 et
1578 1920 1804 1992 plicans
1836 1919 2023 1975 tulerit

2139 1922 2411 1997 ἐπιγράψῃ
2470 1927 2634 1977 ταῦτα
2689 1924 2758 1979 τὰ
2816 1922 3057 1996 ὀνόματα
3128 1926 3237 1976 τῶν
3315 1917 3553 1995 ἀγγέλων
3601 1918 3746 1980 Ἰαεῶ,

370 2004 518 2060 collo
552 2023 681 2073 suo,
713 2008 800 2063 vel
831 2025 899 2063 ea
926 2008 985 2063 in
1019 2026 1218 2065 aurem
1254 2010 1533 2081 posuerit,
1559 2010 1759 2064 statim
1792 2009 2018 2077 recedo,

374 2098 430 2148 et
461 2094 800 2151 ebrietatem
832 2097 1011 2154 solvo.
1037 2099 1311 2155 Decimus
1331 2100 1539 2154 tertius
1569 2099 1652 2154 ait
1679 2115 1690 2153 :
1715 2102 1830 2170 Ego
1855 2096 2025 2153 Bobel
2060 2107 2082 2125 ‘

372 2200 564 2253 vocor,
599 2203 906 2242 nervorum
960 2191 1387 2245 contractioncs
1436 2189 1664 2257 efficio;
1699 2189 1747 2244 si
1769 2190 1894 2259 jam
1925 2204 2027 2242 ex-

372 2275 707 2342 ardescens,
742 2277 939 2348 magni
975 2278 1225 2334 Adonael
1272 2296 1485 2334 nomen
1519 2277 1759 2334 audiero
1793 2278 1907 2349 (cui
1937 2276 2024 2332 di-

370 2364 557 2434 cetur)
593 2380 605 2418 :
640 2366 879 2437 increpa
920 2367 1208 2434 Bothotel,
1242 2368 1441 2423 statim
1490 2369 1717 2423 recedo.
1750 2367 2026 2422 Decimus

369 2460 613 2522 quartus
646 2455 771 2509 ait:
807 2456 925 2526 Ego
973 2457 1315 2513 Cumentael
1367 2474 1574 2523 vocor;
1626 2457 1927 2512 horrorem
1970 2458 2027 2509 et

366 2546 660 2612 torporem
694 2544 948 2599 immitto
976 2569 990 2611 ;
1038 2547 1086 2599 si
1138 2545 1328 2601 solum
1362 2547 1600 2602 audiero
1637 2563 1649 2601 :
1679 2544 1899 2613 Jaroel,
1932 2544 2023 2599 in—

369 2646 543 2702 crepa
574 2632 934 2700 Cumentael,
970 2634 1280 2689 confestim
1306 2636 1530 2690 recedo.
1567 2634 1841 2689 Decimus
1863 2632 2026 2704 quin-

369 2725 467 2774 tus
516 2720 595 2775 ait
640 2736 655 2776 :
706 2722 822 2793 Ego
873 2723 1081 2779 Roelec
1129 2740 1339 2791 vocor;
1393 2724 1539 2780 facio
1590 2730 1654 2779 ut
1696 2728 1918 2795 guttur,
1970 2728 2026 2779 et

369 2809 742 2864 stomachum
769 2810 978 2882 frigore
1002 2812 1270 2881 doleant;
1301 2813 1381 2868 ita
1399 2814 1526 2868 utsi
1559 2812 1751 2868 solum
1786 2813 2022 2868 audiero

372 2896 685 2953 clamorem
722 2915 734 2953 :
769 2900 848 2954 Ne
871 2900 1218 2969 immaneas,
1246 2920 1316 2957 ne
1343 2920 1502 2967 uras,
1536 2903 1673 2974 quia
1699 2902 1903 2957 melior
1934 2906 2024 2957 est

369 2988 637 3044 Salomon
674 2991 944 3046 undecim
997 2992 1297 3059 fratribus,
1333 2994 1531 3049 statim
1585 2994 1810 3049 recedo.
1857 2992 2021 3048 Deci-

369 3092 503 3131 mus
539 3084 740 3133 sextus
788 3079 920 3134 ait:
963 3082 1079 3153 Ego
1128 3083 1303 3137 Atrax
1354 3099 1566 3149 vocor;
1616 3099 1721 3153 ego
1771 3082 2020 3136 immitto

370 3165 713 3223 hominibus
744 3168 967 3224 calores
1015 3170 1377 3226 insanabiles
1409 3176 1465 3226 et
1496 3170 1769 3238 nocivos;
1801 3172 1851 3226 si
1875 3170 2020 3225 velis

369 3270 461 3309 me
484 3256 1103 3327 ejicere,coriandrum
1139 3261 1553 3328 seca,admove
1577 3260 2018 3329 labiis,carmen
2051 3290 2093 3357 ρ

367 3342 478 3398 hoc
510 3345 708 3400 dicens
742 3364 755 3401 :
792 3347 1135 3420 pyrethrum
1186 3368 1218 3404 a
1267 3350 1563 3418 sordibus,
1597 3350 1803 3419 adjuro
1834 3354 1887 3403 te
1920 3365 2023 3420 per

366 3432 659 3488 excelsum
692 3434 794 3489 Dei
818 3435 1056 3502 solium.
1075 3437 1162 3492 exi
1197 3455 1231 3492 a
1260 3438 1557 3505 sordibus,
1583 3439 1782 3493 recede
1807 3455 1841 3492 a
1863 3454 2020 3493 crea-

365 3525 503 3576 tura
534 3522 657 3592 Dei,
690 3528 746 3578 et
776 3525 976 3579 statim
1008 3526 1235 3581 recedo.
1274 3526 1539 3582 Decimus
1571 3527 1860 3597 septimus
1892 3526 1971 3581 ait
2004 3543 2016 3580 :

368 3610 485 3680 Ego
513 3611 779 3683 JerOpael
829 3630 1037 3678 vocor;
1088 3631 1265 3685 super
1296 3615 1661 3670 stomachum
1711 3614 2019 3670 hominum

367 3700 561 3767 sedeo,
593 3706 649 3756 et
678 3704 1086 3757 convulsiones
1119 3704 1280 3775 pario
1318 3704 1391 3757 in
1442 3703 1651 3758 balneo
1683 3707 1738 3757 et
1770 3702 2019 3771 itinere;

364 3793 420 3842 et
452 3788 788 3859 ubicunque
821 3791 1106 3862 invenior,
1140 3797 1196 3846 et
1227 3792 1457 3847 invenio
1489 3791 1811 3857 hominem,
1844 3793 2021 3847 cade-

366 3893 424 3932 re
458 3877 631 3944 facio;
668 3879 717 3932 si
750 3879 884 3949 quis
917 3885 1112 3934 autem
1148 3881 1509 3951 patientibus
1540 3881 1751 3934 dixerit
1780 3879 1840 3934 in
1884 3897 2022 3936 aure

369 3966 610 4021 nomina
640 3966 759 4021 hinc
788 3972 895 4034 ter,
930 3969 990 4021 in
1034 3969 1268 4023 dextera
1302 3986 1314 4024 :
1346 3968 1693 4035 Jourdarizi,
1729 3970 2019 4037 Saboune,

376 4053 586 4119 Denoe,
628 4054 826 4110 statim
878 4058 1102 4112 recedo.
1156 4058 1428 4113 Decimus
1474 4063 1713 4114 octavus
1745 4058 1869 4114 ait:
1903 4060 2020 4132 Ego

370 4142 808 4201 Bouldoumech
840 4162 1049 4214 vocor;
1104 4146 1353 4201 feminas
1386 4164 1417 4201 a
1447 4146 1570 4202 viro
1603 4164 1792 4215 arceo,
1825 4153 1883 4203 et
1932 4148 2022 4202 in-

368 4233 586 4288 vidiam
637 4250 890 4305 genero;
942 4236 991 4290 si
1043 4236 1177 4307 quis
1225 4242 1460 4308 patrum
1501 4240 1736 4292 tuorum
1782 4236 2023 4293 nomina

364 4323 669 4389 scripserit
696 4324 753 4378 in
786 4325 1011 4390 charta,
1045 4325 1343 4395 Salomon,
1377 4330 1433 4381 et
1463 4326 1724 4397 posuerit
1750 4326 1808 4381 in
1840 4326 2021 4381 vesti-

363 4411 502 4467 bulo
550 4413 762 4469 domus
813 4431 956 4484 suae,
990 4414 1125 4469 inde
1170 4415 1408 4483 recedo;
1464 4416 1884 4487 superscriptio
1918 4433 2021 4471 au-

362 4502 483 4554 tem
515 4500 639 4556 haec
670 4507 758 4557 est
793 4519 805 4558 :
841 4507 1097 4575 Imperat
1126 4504 1233 4558 tibi
1265 4504 1419 4559 Deus
1449 4503 1763 4571 Abraham,
1785 4508 1842 4559 et
1872 4504 2022 4559 Deus

366 4587 550 4655 Isaac,
585 4595 640 4644 et
664 4590 817 4646 Deus
844 4592 1046 4659 Jacob,
1083 4592 1286 4648 recede
1316 4609 1349 4647 a
1397 4593 1569 4647 domo
1600 4592 1714 4647 ista
1744 4592 1802 4646 in
1837 4604 2014 4663 pace;

272 4676 273 4679 “
367 4654 570 4734 statim
602 4678 764 4734 abeo.
799 4654 1071 4736 Decimus
1103 4698 1291 4735 nonus
1323 4681 1403 4735 ait
1436 4696 1450 4736 :
1483 4679 1627 4735 Mihi
1659 4654 1872 4736 nomen
1907 4654 2023 4735 Na;
2052 4654 2101 4719 D

368 4766 631 4834 thoth,et
660 4767 716 4821 in
742 4784 934 4839 genua
957 4768 1211 4824 virorum
1245 4769 1448 4836 sedeo;
1486 4770 1533 4824 si
1567 4769 1700 4840 quis
1734 4770 1792 4825 in
1818 4769 2023 4825 charta

368 4856 676 4927 scripserit
708 4872 720 4911 :
755 4856 1232 4926 anounoboeol,
1266 4859 1378 4926 exi,
1408 4856 1685 4926 Nathoth,
1719 4863 1776 4913 et
1806 4858 2021 4914 collum

367 4961 440 5001 ne
496 4950 727 5018 tangas,
792 4946 991 5001 statim
1069 4947 1230 5003 abeo.
1308 4947 1641 5003 Vicesimus
1698 4947 1781 5003 ait
1838 4966 1851 5004 ε
1910 4953 2022 5021 Ego

368 5035 639 5091 nominor
668 5036 971 5104 Mardero;
1010 5036 1216 5092 febrim
1265 5037 1517 5093 immitto
1559 5037 1902 5093 hominibus
1934 5039 2024 5093 in-

367 5124 688 5179 sanabilem
734 5143 748 5192 ;
797 5126 847 5180 si
892 5124 1023 5197 quis
1067 5126 1126 5180 in
1173 5126 1376 5182 charta
1423 5125 1606 5181 libelli
1654 5127 1957 5199 scripserit
2005 5145 2019 5183 :

368 5211 656 5282 Sphener,
685 5215 965 5287 Rapbael,
998 5231 1300 5282 exeamus,
1350 5213 1509 5288 σύρον
1544 5210 1759 5287 δούρον,
1793 5222 1849 5271 et
1877 5215 2023 5274 collo

370 5303 679 5371 aptaverit,
711 5296 1019 5360 confestim
1052 5305 1279 5361 recedo.

2136 2010 2344 2081 Ἰεαλῶ,
2407 2011 2641 2084 Ἰωελὶτ,
2702 2007 2955 2081 Σαϐαὼθ,
3015 2013 3174 2082 Ἰθοθ,
3246 2011 3371 2081 Βαὶ,
3432 2005 3517 2063 καί
3583 2002 3744 2074 πλίξας

2135 2102 2348 2179 φορέσει
2391 2106 2471 2173 τῷ
2501 2101 2799 2176 τραχήλῳ,
2828 2103 2862 2172 ἢ
2894 2102 2981 2156 καὶ
3027 2107 3129 2170 τῆς
3173 2101 3315 2173 πρὸς
3370 2118 3432 2153 το
3492 2094 3577 2158 οῦς
3619 2091 3649 2162 ἤ
3695 2095 3750 2163 ('3)

2136 2192 2226 2259 θη,
2361 2189 2514 2253 εὐθὺς
2576 2190 2874 2266 ἀναχωρῶ,
2906 2190 2997 2244 καὶ
3054 2191 3155 2258 τήν
3215 2189 3385 2261 μέθην
3445 2184 3577 2241 λύω.
3623 2184 3671 2236 Ὀ
3718 2201 3757 2266 ιγ

2133 2274 2236 2355 ἔφη
2268 2260 2488 2354 λῖἘγὼ
2563 2260 3107 2352 Βοϐἦγλ1καλοῦμαι,
3164 2275 3605 2352 νευροχρίλασεις
3656 2260 3755 2343 (εἰσ)

2136 2371 2305 2436 ποιῶ,
2338 2364 2425 2421 έάν
2476 2366 2850 2445 ἐφαπτόμενος
2901 2366 3121 2421 ἀκούσω
3177 2370 3274 2420 τοῦ
3342 2363 3572 2441 μεγάλου
3616 2356 3751 2414 Ἀδο-

2135 2455 2280 2525 ναὴλ
2310 2458 2371 2511 τὸ
2404 2457 2582 2530 ύνομα
2611 2456 2919 2533 ’Ἐγκλησον
2971 2453 3248 2527 Βοθοθὴλ,
3282 2454 3439 2517 εὐθὺς
3493 2452 3751 2533 ἀναχωρὼἶ

2134 2547 2195 2603 '0
2250 2544 2313 2600 ιδ’
2371 2527 2703 2625 ἔφη’-Ἐγὼ.
2731 2545 3068 2619 Κουμεατήλ
3120 2545 3424 2617 καλοῦμαι,
3454 2541 3633 2619 φρίκην
3678 2527 3756 2592 καῖ

2132 2636 2334 2710 νάρκην
2395 2635 2812 2709 ἐπιπέμπω·ὡς
2874 2635 3037 2709 μόνον
3085 2633 3302 2689 ἀκούσω
3363 2629 3751 2707 Ζωρωῆλ,’Έγ-

2132 2725 2338 2795 κλησον
2398 2723 2752 2798 Κουμενταὴλ
2813 2727 2946 2795 (12),
3009 2722 3162 2787 εὐθὺς
3231 2723 3551 2797 ἀναχωρῶ’
3608 2720 3656 2771 '0
3708 2716 3755 2770 ιε’

2134 2812 2259 2889 ἔφη,
2294 2814 2433 2890 Ἐγὼ
2485 2812 2728 2885 Ῥοηλήδ
2774 2813 3095 2886 καλοῦμαι·
3128 2812 3309 2887 ψύχος
3356 2812 3445 2866 καὶ
3494 2809 3636 2885 ῥίγος
3681 2805 3754 2860 καὶ

2132 2903 2416 2978 στομάχου
2471 2903 2636 2959 πόνον
2700 2903 2937 2977 έμποιῶ,
2971 2903 3046 2965 ὡς
3110 2902 3271 2975 μόνον
3316 2898 3527 2955 ἀκούσω
3572 2897 3645 2966 ἴιξ
3689 2896 3750 2967 μὴ

2131 2992 2391 3067 ἐμμείνῃς
2428 2994 2503 3066 μὴ
2557 2994 2890 3070 θερμαίνῃς·
2927 2992 3009 3047 ὅτι
3067 2989 3300 3046 κάλλιον
3361 2990 3469 3045 ἐστὶ
3519 2985 3752 3057 Σολομῶν

2131 3080 2317 3137 ὶνδέκα
2371 3083 2643 3157 πατέρων,
2694 3081 2850 3144 εὐθὺς
2910 3081 3204 3156 ἀναχωρῶ.
3244 3081 3309 3137 Ὁ
3368 3081 3433 3142 ις’
3470 3073 3589 3155 ἔφη,
3637 3074 3751 3147 Ἐγὼ

2131 3172 2321 3247 Ἀτράξ
2372 3170 2670 3244 καλοῦμαι·
2718 3172 2859 3247 Ἐγὼ
2905 3168 3256 3247 καταστρέφω
3308 3174 3429 3231 τοῖς
3481 3165 3753 3240 ἀνθρώποις

2131 3259 2396 3335 πυρετοὺς
2453 3260 2705 3321 ἀνιάτους
2760 3260 2851 3313 καὶ
2912 3254 3217 3333 βλαϐερούς
3254 3276 3267 3288 ’
3333 3256 3421 3312 ἐὰν
3490 3255 3642 3329 θέλῃς
3702 3270 3753 3322 με

2131 3348 2439 3424 ἐγκλῆσαι·
2501 3347 2828 3420 κολίανδρον
2887 3348 3058 3422 κόψας
3115 3346 3335 3422 ἐπίχριε
3390 3347 3497 3401 τῶν
3553 3340 3753 3419 χειλέων

2130 3438 2308 3513 λέγων
2363 3438 2461 3507 τὴν
2518 3435 2738 3511 ἒπῳδὴν
2816 3446 3019 3507 ταύτην
3057 3455 3070 3468 θ
3126 3436 3188 3491 τὸ
3242 3436 3511 3511 πύρεθρον
3564 3433 3622 3486 τὸ
3670 3428 3755 3483 ἀπὸ

2131 3526 2434 3603 ῥυπαρίας,
2496 3527 2700 3602 ὁρκίζω
2784 3547 2841 3580 σε
2914 3526 3050 3580 κατά
3118 3529 3215 3580 τοῦ
3291 3528 3430 3580 Θεοῦ
3495 3526 3587 3577 τοῦ
3654 3516 3754 3591 ὑψί-

2132 3637 2260 3670 στου
2300 3620 2395 3670 τοῦ
2446 3616 2662 3689 θρόνου,
2694 3614 2970 3690 ἀναχώρει
3027 3614 3132 3669 ἀπὸ
3192 3612 3484 3690 ῥυπαεκίας,
3525 3610 3610 3665 καὶ
3652 3608 3755 3663 riu-

2134 3704 2304 3780 χώρει
2338 3704 2443 3759 ἀπὸ
2472 3708 2569 3758 τοῦ
2597 3703 2921 3777 πλάσματος
2972 3708 3068 3758 τοῦ
3117 3706 3274 3769 Θεοῦ,
3309 3703 3401 3757 καὶ
3454 3699 3601 3764 εὐθὺς
3650 3698 3754 3752 ἀδα-

2132 3798 2325 3869 χωρῶ.
2372 3794 2427 3846 Ὁ
2490 3794 2552 3862 ιζ’
2609 3789 2733 3871 ἔφη,
2797 3793 2938 3869 Ἐγὼ
2995 3790 3288 3866 Ἱεροπαήλ
3340 3788 3609 3862 καλοῦμαι
3642 3784 3753 3839 ’ἰπὶ

2130 3886 2226 3936 τοῦ
2283 3883 2568 3956 στομάχου
2625 3886 2734 3936 τῶν
2799 3883 3101 3955 ἀνθρώπων
3149 3881 3475 3953 καθέζομαι,
3505 3879 3588 3933 καὶ
3634 3876 3755 3930 ποιῶ

2132 3969 2451 4045 ἀσπαρμοὺς
2483 3974 2605 4044 (sic)
2659 3969 2711 4024 ἐν
2776 3968 3069 4046 βαλανείῳ,
3101 3969 3189 4024 καὶ
3223 3969 3274 4022 ἰν
3339 3967 3473 4041 ὁδῷ’
3504 3967 3587 4022 καὶ
3641 3966 3755 4017 ὅπου

2134 4057 2179 4114 δ’
2239 4057 2297 4113 ἂν
2356 4060 2557 4134 εὑρεθῶ
2608 4060 2697 4114 καὶ
2756 4059 2896 4132 εὕρω
2953 4061 3045 4114 τὸν
3118 4061 3407 4135 ἄνθρωπον
3468 4054 3757 4120 πτωκατίζω

2132 4150 2271 4221 (sic)'
2308 4149 2367 4210 ὃς
2417 4145 2463 4203 δ’
2494 4146 2555 4202 ἂν
2609 4147 2751 4203 εἷ’ποι
2801 4153 2917 4206 τοῖς
2967 4150 3273 4224 πάσχουσιν
3305 4148 3385 4209 εἷς
3435 4147 3495 4201 τὸ
3543 4146 3628 4204 οὗς
3678 4140 3756 4195 αύα

2129 4242 2259 4305 τῶν,
2320 4239 2387 4292 τὰ
2436 4237 2678 4310 ὀνόματα
2733 4242 2903 4292 ταῦτα
2961 4238 3021 4293 ἐκ
3075 4238 3284 4310 τρίτου,
3342 4237 3420 4299 εἷς
3476 4237 3537 4291 τὸ
3590 4229 3756 4301 δεξιὺν,

2134 4323 2462 4400 Ἰουδαριζὴ,
2514 4322 2775 4396 σαϐουνή,
2827 4324 3002 4396 δενώη
3077 4328 3221 4398 (sic),
3273 4324 3437 4388 εὐθὺς
3499 4322 3756 4397 ἀναχωρῶ.

2131 4416 2192 4472 '0
2249 4416 2319 4485 ιη’
2378 4411 2479 4492 ἔφη
2540 4414 2645 4491 ἐγὼ
2719 4413 2995 4488 καλοῦμαι
3053 4411 3477 4489 Βουλδουμὴχ,
3533 4414 3757 4487 γυναῖκα(

2133 4504 2238 4558 ἀπὸ
2295 4501 2486 4579 ἀνδρὸς
2548 4503 2799 4578 χωρίζω,
2830 4503 2919 4558 καὶ
2974 4502 3168 4578 φθόνον
3226 4500 3499 4557 ἐπιτελῶ·
3556 4499 3636 4553 ἐάν
3686 4514 3757 4555 τις

2129 4594 2309 4667 γράψῃ
2364 4597 2470 4647 τῶν
2529 4598 2635 4647 σῶν
2693 4593 2939 4669 πατέρων
2992 4592 3061 4646 τά
3117 4591 3361 4664 ὀνόματα
3408 4588 3663 4662 Σολομῶν
3712 4582 3755 4636 ἐν

2131 4682 2336 4757 χάρτῃ,
2368 4682 2455 4736 καὶ
2489 4682 2640 4751 θήσει
2674 4680 2809 4736 αὐτὰ
2838 4680 2890 4736 ἐν
2922 4679 3217 4756 προθύροις
3244 4685 3344 4735 τοῦ
3393 4678 3546 4734 οἷ’κου
3594 4676 3753 4739 αὐτοῦ,

2132 4770 2330 4825 ἐκεῖθεν
2392 4771 2686 4845 ἀναχωρῶ.
2742 4772 2802 4827 'H
2863 4766 2920 4824 δὶ
2971 4768 3241 4847 ἐπιγραφή
3296 4769 3440 4823 ἐστιν
3499 4766 3754 4836 αῧτνγκε-

2133 4858 2278 4914 λεύει
2329 4858 2413 4913 σοὶ
2465 4861 2493 4914 ὁ
2553 4860 2682 4922 Θεὸς
2738 4854 3131 4935 Ἀϐραὰμ,καῖ
3188 4861 3215 4913 ὁ
3270 4860 3405 4919 Θεὸς
3466 4856 3653 4923 Ἰσαὰκ,
3678 4849 3751 4905 καὶ

2134 4950 2161 5004 6
2215 4950 2344 5011 Θεὸς
2398 4943 2617 5016 Ἰακὼϐ,
2650 4950 3010 5024 ἀναχώρησον
3061 4947 3166 5003 ἀπὸ
3222 4952 3318 5002 τοῦ
3379 4946 3532 5001 οἴκου
3584 4941 3751 4998 τούτου

2137 5039 2251 5111 μετ’
2282 5037 2525 5114 εἰρήνης,
2571 5037 2723 5102 εὐθὺς
2772 5037 3062 5112 ἀναχωρῶ.
3114 5039 3174 5094 '0
3225 5038 3288 5100 ιθ’
3338 5034 3443 5114 ἔφη
3495 5034 3625 5110 Ἐγὼ
3674 5050 3752 5085 κα-

2134 5126 2337 5199 λοῦμαι
2370 5126 2587 5195 Ναθὼθ,
2618 5126 2708 5181 καὶ
2756 5125 2832 5188 εἷς
2862 5127 2929 5181 τὰ
2958 5125 3162 5200 γόνατα
3199 5126 3497 5198 καθέζομαι
3538 5126 3637 5177 τῶν
3677 5120 3752 5171 ἀν-

2134 5217 2391 5291 θρώπων,
2426 5215 2513 5271 ἐάν
2571 5237 2654 5278 τις
2715 5215 2985 5291 ἐπιγράψῃ
3036 5215 3086 5269 ἐν
3130 5216 3307 5291 χάρτῃ
3364 5206 3750 5277 Φνουνοόοηὸλ,

2131 5302 2310 5374 ἔξελθε
2339 5304 2560 5373 Ναθὼθ,
2593 5305 2683 5359 καὶ
2740 5301 3016 5380 τράχηλιν
3080 5305 3154 5378 μὴ
3216 5305 3379 5378 ἕψῃς,
3438 5301 3591 5365 εὐθὺς
3641 5297 3748 5349 ἀναν

368 5393 565 5465 χωρῶ.
615 5391 676 5448 '0
733 5392 779 5445 κ’
830 5386 971 5466 ἔφη·
1032 5393 1173 5467 Ἐγὼ
1264 5390 1540 5465 καλοῦμαι
1626 5389 1918 5469 Μαρδέρω,
1979 5394 2204 5469 πυρετὸν
2293 5392 2586 5467 έπιπέμπω
2664 5392 2874 5448 ἀνίατον
2953 5397 3068 5455 τοῖς
3144 5393 3479 5469 ἀνθρώποις,
3536 5388 3616 5444 ἐάν
3683 5401 3751 5441 τίς

436 5661 548 5733 (12)
578 5660 821 5719 Diversa
856 5676 1071 5734 genera
1111 5663 1416 5736 scriptura
1447 5662 1509 5721 in
1538 5680 1659 5722 una
1685 5663 2109 5725 enuntiatione.
