4084 6218
357 338 514 399 1347

1316 334 1718 397 APPENDIX
1758 333 1861 394 AD
1904 298 2367 396 MICHAELEM
2411 333 2804 397 PSELLUM.

3602 338 3765 400 1348

349 470 534 535 Ardu,
563 468 811 539 Anaotb,
843 469 1002 524 hunc
1051 468 1243 525 locum
1275 467 1451 538 fugio.
1486 469 1552 523 Et
1594 467 1718 522 haec
1747 465 1982 522 audiens

2108 462 2336 522 ἐκείνου.
2404 463 2503 540 Ιςαὶ
2550 468 2718 520 ταῦτα
2760 462 2994 525 ἀκούσας
3053 464 3165 541 ἐγὼ
3197 464 3492 539 Σολομῶν,
3535 464 3766 540 ἐδόξασα

351 576 458 631 ego
488 559 786 629 Salomon,
819 558 1052 614 laudavi
1104 560 1279 613 Deum
1330 556 1458 612 caeli
1504 562 1562 612 et
1612 557 2002 626 terraa;jussi

351 654 546 705 autem
574 665 673 703 eos
714 653 943 719 portare
973 664 1185 719 aquam
1219 648 1278 701 in
1310 646 1529 718 templo
1553 645 1751 710 Dei,et
1785 645 1999 701 iterum

350 741 695 812 deprecatus
751 755 883 794 sum
946 739 1252 794 Dominum
1314 737 1520 805 Deum,
1566 741 1630 792 ut
1686 736 2001 793 exteriores

352 830 670 896 daemones,
704 845 768 883 ac
792 826 1264 899 supplantatores
1296 826 1626 893 hominum,
1662 825 1839 881 simul
1874 824 2002 879 vin-

351 920 634 983 eirentur,
682 922 739 971 et
784 916 1049 970 venirent
1077 914 1134 970 in
1169 914 1459 986 templum
1504 915 1617 970 Dei.
1653 915 1771 986 Ego
1803 919 1994 969 autem

349 1007 498 1063 alios
529 1006 737 1061 acriter
766 1006 1058 1060 daemones
1107 1003 1491 1060 condemnavi
1522 1010 1586 1059 ut
1616 1007 2000 1075 operarentur

348 1096 624 1168 gravibus
658 1094 955 1149 laboribus
1004 1094 1416 1149 exstructionis
1442 1091 1645 1165 templi
1679 1092 1802 1148 Dei.
1837 1092 1997 1147 Alios

346 1184 677 1241 carceribus
710 1182 943 1250 inclusi,
990 1182 1120 1238 aliis
1171 1183 1439 1238 mandavi
1490 1186 1555 1237 ut
1603 1182 1736 1254 igne
1792 1182 1997 1237 doma-

346 1278 477 1330 rent
524 1288 737 1328 aurum
788 1275 845 1328 et
897 1276 1230 1345 argentum,
1285 1275 1344 1326 et
1393 1270 1634 1343 plumbo
1683 1274 1741 1325 et
1787 1268 1996 1342 phialae

343 1362 694 1419 conﬂatorie
726 1360 1077 1432 assiderent,
1111 1365 1168 1416 et
1218 1360 1444 1416 caeteris
1495 1359 1858 1415 daemonibus
1892 1376 1994 1414 no-

278 1484 281 1485 ν
342 1452 447 1507 dos
481 1455 828 1523 praeparent,
878 1450 1095 1522 quibus
1143 1450 1357 1505 debent
1405 1449 1649 1504 includi.
1698 1449 1766 1504 Et
1814 1448 1993 1504 habui

342 1556 614 1613 magnam
678 1538 1168 1611 tranquillitatem
1231 1555 1332 1608 ego
1384 1539 1660 1594 Salomon
1714 1538 1770 1591 in
1832 1538 1990 1592 omni

337 1634 514 1697 terra,
547 1636 601 1684 et
633 1629 691 1683 in
744 1645 883 1700 pace
934 1628 1121 1683 multa
1167 1627 1349 1683 vitam
1400 1627 1554 1700 degi,
1606 1626 1928 1683 honoratus
1961 1645 1994 1682 a

338 1718 568 1775 cunctis
613 1718 956 1773 hominibus
1010 1717 1111 1790 qui
1164 1718 1274 1772 sub
1315 1716 1458 1772 cmlo
1508 1722 1662 1782 sunt,
1697 1721 1753 1771 et
1803 1716 1991 1772 aedifi-

2110 554 2199 608 τὸν
2258 553 2386 609 Θεὸν
2439 558 2536 608 τοῦ
2592 553 2823 629 οὐρανοῦ
2870 554 2961 626 καὶ
3007 561 3108 624 τῆς
3183 560 3324 629 γῆς,
3391 554 3649 611 ἐκέλευσα
3706 555 3766 613 δὲ

2111 641 2305 705 αὐτοὺς
2363 640 2510 719 ὕδωρ
2561 643 2807 715 κομίζειν
2839 641 2892 696 ἐν
2922 647 3000 715 τῷ
3032 647 3145 715 ναῷ
3191 648 3287 698 τοῦ
3345 649 3499 700 Θεοῦ·
3550 647 3641 700 καὶ
3684 644 3762 702 ’ἑτι

2108 732 2499 807 προσηυξάμην
2559 725 2695 808 πρὸς
2730 731 2922 806 Κύριον
2953 734 3046 787 τὸν
3091 733 3244 788 Θεόψ
3308 727 3448 788 ὥστε
3475 734 3604 797 τοὺς
3659 734 3764 807 ’ἐξω

2111 820 2372 895 δαίμονας
2419 821 2509 876 καὶ
2558 818 2942 890 ἐκποδίζοντας
2971 824 3070 892 τήν
3098 822 3491 897 ἆνθρωπότητα
3548 846 3763 897 συμπο-

2110 910 2345 981 δίζεσθαι
2373 912 2462 967 καὶ
2493 911 2890 987 προσέρχεσθαι
2923 912 2999 975 εἷς
3029 913 3121 968 τὸν
3155 915 3279 969 ναὸν
3308 919 3405 969 τοῦ
3450 919 3605 970 Θεοῦ’
3657 915 3763 991 ἐγὼ

2109 999 2167 1056 δὶ
2193 1002 2321 1064 τοὺς
2358 1002 2451 1074 μὲν
2481 1003 2587 1057 τῶν
2640 998 2939 1074 δαιμόνων,
2983 1001 3270 1074 κατέκρινα
3320 1003 3638 1079 ἐργάζεσθαι
3694 1006 3763 1060 τὰ

2110 1092 2275 1167 βαρέα
2307 1089 2435 1167 ἔργα
2465 1098 2566 1160 τῆς
2606 1088 2909 1164 οἰκοδομῆς
2938 1096 3035 1146 τοῦ
3064 1092 3194 1146 ναοῦ
3222 1093 3319 1147 τοῦ
3350 1097 3503 1151 Θεοῦ.
3536 1093 3678 1157 Τοὺς
3706 1092 3764 1150 δὲ

2106 1186 2371 1256 φρουραῖς
2421 1181 2763 1237 κατέκλεισεν
2833 1181 3046 1256 ἐτέρους
3101 1190 3449 1258 πυρομαχεῖν
3500 1181 3758 1239 ἐκέλευσα

2105 1269 2322 1347 χρυσίῳ
2372 1271 2463 1325 καὶ
2507 1270 2770 1346 ἀργυρίῳ,
2818 1270 2908 1325 καὶ
2944 1265 3218 1343 μολίϐδῳ,
3250 1271 3337 1326 καὶ
3371 1269 3554 1350 φιάλῳ
3584 1293 3758 1348 παρα-

2102 1359 2436 1428 καθέζεσθαι·
2469 1361 2556 1414 καὶ
2585 1365 2701 1421 τοῖς
2727 1356 2946 1422 λοιποῖς
2979 1356 3223 1433 δαίμοσι,
3252 1360 3488 1436 τρόπους
3518 1363 3756 1435 ἡτοιμάο

2104 1448 2244 1518 σθαί,
2304 1447 2386 1524 ἐφ’
2443 1451 2529 1511 οἷς
2583 1447 2865 1526 ὀφείλουσι
2924 1448 3425 1519 κατακλεισθῆναι.
3509 1451 3608 1504 Καὶ
3684 1451 3756 1506 εἶ’-

2105 1557 2205 1613 χον
2259 1536 2479 1608 πολλὴν
2512 1536 2748 1613 ἡσυχίαν
2808 1536 2918 1613 ἐγὼ
2980 1535 3254 1612 Σολομῶν
3297 1537 3349 1593 ἐν
3382 1537 3526 1614 πάσῃ
3559 1543 3627 1613 τῇ

2102 1626 2190 1682 καὶ
2246 1625 2299 1680 ἐν
2332 1626 2520 1701 εἰρήνῃ
2581 1624 2768 1702 διῆγον
2801 1623 3013 1700 πολλῇ,
3044 1627 3361 1700 τιμώμενος
3386 1627 3490 1682 ὑπὸ
3539 1627 3751 1682 πάντων

2101 1714 2425 1789 ἀνθρώπων,
2461 1713 2552 1769 καὶ
2579 1718 2687 1769 τῶν
2722 1715 2825 1769 ὑπὸ
2855 1719 2963 1769 τῶν
2993 1713 3257 1791 οὐρανῶν.
3302 1715 3398 1769 Καὶ
3432 1712 3755 1788 ᾠκοδόμουν

338 1810 460 1867 cavi
492 1825 667 1864 omne
698 1809 983 1879 templum
1017 1807 1248 1863 Domini
1283 1808 1479 1879 Dei,et
1511 1824 1756 1880 regnum
1791 1823 1982 1862 meum

2098 1803 2189 1859 τὸν
2220 1804 2343 1859 ναὸν
2376 1802 2507 1859 ’ὀλον
2535 1801 2735 1877 Κυρίου
2764 1806 2859 1858 τοῦ
2909 1806 3063 1859 Θεοῦ·
3124 1803 3214 1858 καὶ
3254 1806 3289 1873 ἡ
3346 1802 3599 1878 βασιλεία
3649 1825 3754 1877 μου

337 1903 494 1954 recte
523 1898 999 1970 gubernabatur;
1034 1902 1090 1952 et
1140 1897 1430 1953 exercitus
1479 1913 1646 1953 meus
1693 1902 1818 1953 erat
1869 1913 1985 1953 me-

339 2004 510 2056 cum;
545 1992 817 2042 caeterum
850 1986 1135 2058 requievit
1186 1987 1326 2042 urbs
1360 1986 1688 2042 Jerusalem
1720 1987 1985 2058 gaudens

335 2081 392 2131 et
418 2074 769 2139 laetabunda,
801 2079 857 2129 et
898 2091 1102 2130 omnes
1147 2090 1313 2145 reges
1356 2078 1520 2129 terrae
1572 2074 1981 2130 veniebaut'ad

339 2180 495 2221 mea
546 2164 761 2218 finibus
820 2168 1007 2232 terraa,
1040 2168 1104 2218 ut
1161 2164 1424 2218 viderent
1479 2163 1768 2235 templum
1828 2166 1982 2235 quod

337 2252 694 2308 aediﬁcabam
728 2250 1141 2329 DominoDeo,
1176 2256 1232 2307 et
1271 2251 1576 2307 audientes
1606 2253 1804 2307 datam
1839 2252 1982 2306 mihi

336 2340 709 2413 sapientiam,
762 2341 1191 2396 venerabantur
1248 2357 1340 2397 me
1388 2340 1572 2413 gratia
1623 2341 1842 2413 templi,
1886 2359 1984 2396 au-

334 2448 466 2485 rum
516 2436 573 2486 et
621 2435 952 2502 argentum,
1000 2436 1059 2485 et
1108 2429 1331 2501 lapides
1408 2431 1693 2501 pretiosos
1741 2430 1980 2498 multos,

332 2519 525 2574 varios
556 2524 613 2573 et
642 2536 739 2588 aes,
775 2523 833 2573 et
865 2519 1107 2588 ferrum,
1140 2524 1198 2573 et
1227 2517 1558 2589 plumbum,
1611 2525 1667 2573 et
1697 2520 1858 2591 ligna
1887 2535 1974 2574 ce-

332 2608 522 2671 drina,
555 2611 613 2662 et
645 2609 801 2679 ligna
849 2607 1336 2678 imputrescibilia
1370 2607 1690 2662 all'erebant
1722 2607 1888 2675 mihi,
1923 2608 1981 2663 in

331 2695 774 2750 aediﬁcationem
807 2695 1010 2766 templi
1042 2695 1183 2763 Dei;
1218 2695 1276 2749 in
1326 2696 1417 2751 his
1463 2701 1521 2750 et
1570 2696 1769 2767 regina
1816 2702 1984 2753 terrae

330 2784 528 2838 Austri
563 2800 774 2854 magna
806 2783 1030 2855 pollens
1064 2784 1395 2853 prudentia,
1429 2784 1585 2839 venit
1629 2788 1686 2840 et
1734 2784 1984 2856 procidit

332 2888 527 2927 coram
579 2888 670 2927 me
720 2889 895 2943 super
945 2881 1181 2940 terram,
1230 2860 1291 2928 et
1338 2873 1583 2929 audiens
1632 2875 1981 2946 sapientiam

334 2977 545 3031 meam,
577 2960 837 3016 laudavit
868 2961 1052 3016 Deum
1086 2961 1286 3032 Israel,
1321 2966 1378 3017 et
1409 2963 1750 3034 probatione
1777 2964 1983 3036 proba-

326 3052 410 3107 vit
439 3053 792 3126 sapientiam
839 3070 1029 3110 meam
1082 3053 1142 3108 in
1191 3053 1394 3110 multis
1443 3071 1569 3125 quae
1616 3055 1788 3111 docui
1831 3072 1978 3127 eam,

319 3142 492 3212 juxta
523 3143 721 3198 datam
756 3142 900 3198 mihi
929 3142 1305 3214 sapientiam,
1333 3149 1390 3199 et
1427 3161 1632 3201 omnes
1666 3144 1768 3200 filii
1798 3145 1974 3202 Israel

327 3230 715 3289 laudaverunt
744 3233 1081 3289 Dominum.

397 3449 466 3505 Et
494 3464 625 3504 ecce
654 3448 711 3503 in
745 3448 837 3504 his
889 3448 1098 3504 diebus
1142 3466 1299 3505 unus
1347 3449 1749 3521 operariorum
1803 3466 1980 3506 senex

325 3540 491 3593 aetate
523 3537 773 3609 procidit
816 3542 952 3593 ante
982 3554 1076 3593 me
1128 3538 1366 3594 dicens:
1396 3538 1673 3594 Miserere
1713 3539 1848 3608 mei,
1880 3555 1979 3594 rex

322 3625 619 3691 Salomon,
643 3626 784 3697 quia
815 3642 991 3682 senex
1022 3626 1261 3682 exsisto.
1293 3627 1522 3683 Jubens
1552 3627 1733 3699 igitur
1765 3634 1830 3684 ut
1859 3640 1976 3684 sta-

323 3715 583 3783 ret,dixit
611 3716 773 3786 (sic):
809 3715 1092 3786 Loquere,
1128 3731 1329 3785 senex,
1364 3716 1504 3789 quid
1546 3717 1675 3772 vis?
1704 3718 1810 3782 Qui
1853 3719 1974 3775 ait:

322 3804 572 3859 Obsecro
596 3808 672 3869 te,
705 3821 823 3873 rex,
849 3802 1037 3859 filium
1076 3804 1259 3861 habeo
1284 3806 1655 3877 unigenitum
1687 3810 1745 3861 et
1775 3812 1979 3862 contu-

324 3891 516 3947 meliis
538 3891 715 3945 afﬁcit
738 3908 832 3946 me
855 3893 1156 3961 gravibus,
1176 3898 1232 3948 et
1255 3894 1519 3949 verberat
1550 3911 1642 3949 me
1662 3894 1720 3949 in
1748 3895 1979 3963 faciem,

323 3983 382 4035 et
404 3983 583 4051 caput
606 3979 749 4034 mihi
793 3979 1047 4046 vellicat,
1080 3990 1135 4037 et
1158 3986 1406 4038 mortem
1432 3982 1649 4038 malam
1674 3985 1985 4041 denuntiat

323 4066 469 4123 mihi
492 4083 506 4134 ;
528 4066 658 4123 ideo
691 4073 818 4123 asto
849 4085 1044 4124 coram
1076 4075 1156 4141 te,
1189 4069 1420 4127 vindica
1454 4072 1705 4128 me.Hacc
1734 4074 1982 4130 audiens

322 4173 428 4229 ego
459 4156 758 4228 Salomon,
791 4157 989 4214 dolore
1021 4159 1323 4232 pungebar
1365 4160 1658 4233 aspiciens
1688 4163 1746 4219 in
1782 4178 1982 4218 senec-

320 4251 506 4303 tutem
566 4248 715 4318 ejus,
758 4251 815 4303 et
861 4249 1019 4319 jussi
1067 4254 1131 4304 ut
1180 4250 1569 4307 adduceretur
1628 4252 1785 4308 filius
1828 4254 1980 4325 ejus,

322 4336 503 4400 Quem
554 4336 899 4391 accersitum
950 4336 1323 4411 interrogavi,
1372 4339 1422 4395 si
1471 4340 1592 4395 hzec
1643 4343 1726 4396 ita
1774 4358 1837 4397 se
1884 4342 1985 4400 ha-

320 4424 481 4478 bent.
523 4424 618 4478 Ait
672 4429 870 4480 autem
920 4426 1156 4496 juvenis
1216 4442 1230 4483 :
1290 4427 1416 4483 Non
1473 4429 1555 4484 ita
1612 4446 1718 4501 ego
1779 4430 1982 4487 furore

322 4511 628 4581 plenus,ut
662 4518 885 4584 patrem
919 4514 1021 4584 qui
1053 4514 1257 4586 genuit
1290 4532 1382 4571 me
1413 4534 1589 4573 manu
1624 4519 1975 4575 ceciderim!

325 4599 610 4671 Propitius
643 4602 720 4655 sit
762 4601 905 4656 mihi
949 4619 1071 4674 rex,
1102 4620 1217 4659 non
1250 4604 1404 4661 enim
1436 4605 1665 4676 injuste.
1694 4608 1837 4663 talia
1870 4625 1975 4663 au-

322 4705 426 4744 sus
473 4704 602 4744 sum
655 4688 861 4744 infelix
910 4706 1035 4762 ego.
1093 4696 1223 4748 Πωο
1256 4695 1524 4764 ajuvene
1572 4697 1820 4753 audiens
1867 4713 1973 4769 ego

318 4777 614 4841 Salomon,
646 4777 926 4834 hortabar
976 4780 1267 4836 seniorem
1309 4787 1374 4836 ut
1423 4783 1495 4838 ad
1529 4801 1772 4841 sensum
1822 4786 1975 4842 veni-

318 4876 424 4935 ret,
471 4872 528 4923 et
573 4866 676 4922 lilii
728 4872 1057 4939 acceptaret
1111 4871 1573 4928 excusationem.
1623 4873 1727 4929 llle
1777 4879 1974 4930 autem

318 4956 570 5024 nolebat,
603 4957 704 5012 sed
736 4957 931 5029 potius
981 4961 1046 5013 ut
1094 4965 1284 5014 morte
1332 4961 1568 5033 periret.
1604 4964 1745 5018 Cum
1779 4968 1972 5019 autem

318 5061 430 5099 non
476 5044 875 5117 acquiesceret
923 5062 1117 5116 senex,
1153 5048 1450 5119 piaculum
1504 5050 1698 5121 iuveni
1731 5051 1972 5123 iamiam

312 5132 700 5205 impositurus
732 5150 915 5204 eram,
947 5141 1005 5192 et
1034 5136 1237 5193 videns
1269 5137 1509 5194 Orniam
1542 5142 1865 5196 daemonem
1894 5142 1973 5196 ri-

313 5222 570 5286 dentem,
604 5224 792 5279 iratus
823 5241 956 5280 sum
989 5224 1156 5281 valde
1188 5243 1255 5281 eo
1289 5230 1443 5298 quod
1495 5228 1713 5285 rideret
1743 5229 1969 5287 daemon

315 5310 376 5365 in
410 5318 725 5384 conspectu
760 5330 909 5369 meo.
943 5314 1012 5369 Et
1046 5313 1166 5370 illis
1205 5315 1367 5385 jussi
1416 5320 1479 5370 ut
1526 5318 1883 5388 recederent,
1914 5325 1972 5375 et

316 5399 706 5458 adduceretur
736 5402 943 5459 Ornias
996 5402 1055 5459 in
1105 5403 1298 5459 medio
1341 5403 1679 5475 tribunalis,
1709 5423 1824 5477 quo
1874 5409 1971 5464 ad-

315 5489 514 5559 ducto,
539 5489 656 5545 dixi
675 5490 725 5546 ei
750 5508 763 5545 :
792 5491 1119 5561 Maledicta,
1148 5493 1292 5564 quid
1316 5493 1462 5549 mihi
1485 5495 1969 5568 appropinquans

315 5578 547 5637 risisti?
578 5580 675 5637 Ait
722 5584 918 5637 autem
971 5580 1245 5639 daemon:
1290 5584 1495 5649 Quaeso
1545 5588 1621 5656 te,
1672 5601 1792 5651 rex,
1850 5603 1967 5641 non

317 5673 558 5742 propter
606 5672 663 5725 te
706 5667 828 5737 risi,
877 5671 975 5726 sed
1022 5674 1277 5743 propter
1323 5670 1623 5729 infelicem
1674 5673 1965 5731 seniorem

2094 1894 2161 1962 ἧν
2187 1892 2500 1947 εὐθυνοῦσα⁴
2551 1891 2642 1946 καὶ
2673 1893 2701 1947 ὁ
2732 1892 2958 1966 στρατός
3021 1913 3125 1965 μου
3158 1891 3225 1959 ἦν
3290 1898 3404 1965 μετ’
3453 1892 3612 1966 ἐμοῦ,
3660 1892 3752 1947 καὶ

2093 1978 2311 2053 λοιπὸν,
2361 1979 2694 2036 ἀνεπαύσατο
2753 1981 2788 2051 ἡ
2846 1978 3011 2042 πόλις
3068 1980 3432 2056 Ἰερουσαλὴμ
3478 1983 3751 2058 χαίρουσα

2090 2072 2181 2126 καὶ
2227 2068 2641 2148 ἀγαλλιωμὲνψ
2692 2069 2784 2124 καὶ
2837 2071 3061 2132 ἅπαντες
3094 2071 3146 2124 oi
3190 2070 3434 2146 βασιλεῖς
3493 2078 3594 2140 τῆς
3643 2078 3748 2146 γῆς

2092 2158 2336 2237 ἤρχοντο
2365 2160 2501 2235 πρός
2534 2180 2600 2232 με
2631 2158 2736 2213 ἀπὸ
2765 2163 2871 2214 τῶν
2930 2160 3175 2236 περάτων
3206 2166 3306 2229 τῆς
3337 2167 3440 2235 γῆς
3470 2162 3743 2235 θεωρῆσαι

2089 2250 2181 2306 τὸν
2209 2250 2334 2304 ναὸν
2387 2250 2444 2304 ὃν
2500 2246 2820 2323 ᾠκοδόμουν
2873 2248 3061 2324 Κυρίῳ
3115 2254 3198 2321 τῷ
3255 2253 3391 2321 Θεῷ.
3449 2248 3741 2306 Καίἀκούο

2090 2361 2274 2401 σαντες
2328 2342 2426 2408 τὴν
2488 2338 2676 2417 σοφίαν
2753 2339 2851 2406 τὴν
2911 2335 3157 2401 δοθεῖσάν
3228 2359 3322 2410 μοι
3374 2339 3742 2415 προσεκύνουν

2097 2450 2187 2502 μοι
2221 2427 2297 2491 εἷς
2327 2428 2417 2483 τὸν
2475 2428 2623 2499 ναὸν,
2682 2428 2910 2502 χρυσίον
2959 2427 3050 2481 καὶ
3108 2426 3360 2502 ἀργύριον
3411 2428 3501 2482 καὶ
3556 2427 3748 2491 λίθους

2088 2516 2306 2590 τιμίους
2363 2515 2610 2579 πολλοὺς
2643 2514 2954 2595 διαφόρους,
2984 2516 3075 2572 καὶ
3125 2514 3333 2592 χαλκὸν
3370 2518 3460 2572 καὶ
3492 2514 3743 2593 σίδηρον,

2089 2605 2177 2661 καί
2239 2600 2529 2678 μόλιϐδον,
2586 2606 2675 2660 καὶ
2733 2603 2867 2675 ξύλα
2921 2601 3160 2679 κέδρινα,
3208 2606 3296 2659 καὶ
3342 2604 3477 2675 ξύλα
3529 2602 3746 2676 ἄσηπτα

2090 2695 2420 2771 προσὲφερόν
2476 2716 2570 2767 μοι
2629 2695 2704 2757 εἷς
2763 2696 2861 2764 τήν
2912 2695 3248 2764 κατασκευὴν
3305 2699 3403 2750 τοῦ
3461 2699 3599 2749 ναοῦ
3647 2699 3745 2750 τοῦ

2091 2789 2244 2840 Θεοῦ*
2305 2782 2356 2839 ἰν
2408 2786 2490 2845 οἷς
2532 2784 2618 2838 καὶ
2678 2780 2965 2858 βασίλισσα
3028 2784 3203 2837 Νότου
3258 2782 3577 2857 γόνης
3644 2783 3748 2837 ὑπ-

2092 2871 2336 2950 ἅρχουσα
2365 2872 2415 2928 ἐν
2446 2870 2635 2948 πολλῇ
2689 2872 2945 2949 φρόνησει
2993 2870 3158 2941 ἦλθεν
3191 2872 3279 2927 καὶ
3336 2871 3739 2948 προσεκύνησεν

2089 2963 2317 3019 ἐνώπιόν
2352 2984 2456 3036 μου
2488 2961 2573 3018 ἐπὶ
2606 2963 2703 3031 τήν
2759 2968 2886 3037 γῆν*
2935 2961 3025 3016 καὶ
3086 2961 3358 3017 ἀκούσασα
3398 2964 3496 3032 τήν
3550 2962 3747 3037 σοᾳίαν

2094 3073 2199 3127 μου
2256 3049 2471 3123 ἐδόξασε
2524 3050 2615 3105 τὸν
2667 3050 2794 3106 Θεὸν
2838 3054 2932 3105 τοῦ
2961 3049 3208 3125 Ἰσραὴλ,
3241 3049 3292 3105 ἐν
3327 3051 3408 3112 οἷς
3436 3051 3526 3105 καὶ
3560 3048 3737 3108 ideni-

2093 3161 2228 3214 μασε
2280 3137 2599 3212 δοκιμασίαν
2658 3137 2726 3194 τὰ
2779 3146 2879 3209 τῆς
2936 3138 3126 3216 σοφίας
3194 3160 3301 3212 μου
3357 3142 3575 3205 πάντα,
3633 3140 3731 3194 ὅσα

2086 3229 2422 3309 ἐσοφισεὶμην
2451 3228 2618 3299 αὐτὴν
2650 3227 2785 3283 κατὰ
2810 3228 2909 3297 τὴν
2944 3225 3187 3283 δοθεῖσάν
3226 3249 3320 3303 μοι
3366 3229 3583 3308 σοφίανσ
3644 3228 3738 3283 καὶ

2083 3318 2276 3382 πάντες
2309 3319 2417 3373 υἱοῖ
2451 3318 2674 3394 Ἰσραὴλ
2705 3312 2957 3388 ἐδόξασαν
2985 3319 3074 3373 τὸν
3103 3317 3255 3374 Θεὸν.

2158 3445 2254 3499 Καὶ
2305 3441 2425 3498 ἰδοῦ
2456 3441 2508 3498 ἐν
2566 3447 2686 3505 ταῖς
2736 3444 2971 3519 ἡμέραις
3025 3442 3251 3505 ἐκείναις
3283 3445 3360 3505 εἷς
3387 3447 3496 3497 τῶν
3553 3463 3745 3519 τεχνι-

2086 3539 2193 3589 τῶν
2223 3533 2452 3609 γηραιὸς
2483 3534 2581 3602 τήν
2614 3530 2858 3602 ἠλικίαν,
2914 3530 3131 3609 ἕρῥιψεν
3164 3531 3324 3588 αὐτὸν
3353 3534 3474 3606 (sic)
3506 3530 3740 3587 ἐνώπιόν

2093 3645 2196 3698 μου
2248 3621 2444 3699 λέγων·
2505 3619 2739 3679 Βασιλεῦ
2799 3618 3069 3694 Σόλομῶν
3108 3664 3124 3690 ,
3200 3618 3425 3692 ἐλεησόν
3484 3643 3551 3694 με
3585 3666 3600 3691 ,
3655 3620 3739 3676 ὅτι

2088 3713 2320 3789 γηραιὸς
2376 3709 2632 3786 ὑπάρχω.
2682 3709 2946 3772 Κελεύσας
2971 3707 3065 3764 οῦν
3112 3709 3276 3765 αὑτὸν
3328 3711 3624 3778 ἀναστῆναι
3651 3710 3744 3764 καὶ

2089 3802 2250 3874 φησὶν
2301 3802 2421 3873 (sic,
2453 3802 2512 3857 3|
2538 3800 2715 3873 pars.)
2749 3797 2866 3854 εἰπὲ
2921 3799 3096 3874 γέρων
3129 3798 3156 3852 ὃ
3206 3796 3404 3862 θέλεις·
3437 3799 3465 3853 ὁ
3516 3795 3575 3853 δὶ
3616 3792 3743 3877 ἔφη,

2090 3888 2290 3963 Δὲομαί
2343 3910 2459 3957 σου,
2498 3886 2742 3964 βασιλεῦ,
2784 3888 2897 3942 υἱὸν
2949 3885 3066 3962 ἔχω
3103 3894 3397 3962 μονογενῆ,
3448 3888 3539 3942 καὶ
3570 3887 3747 3952 οὕτως

2090 3975 2270 4054 ὕϐρεις
2300 3977 2473 4053 ἐπάγη
2508 3980 2601 4050 (ει)
2656 3997 2747 4051 μοι
2797 3973 3069 4052 χαλεπὰς,
3114 3976 3205 4031 καὶ
3254 3975 3427 4050 τύψας
3485 3996 3552 4048 με
3608 3977 3745 4031 κατᾶ

2089 4058 2382 4143 πρόσωπον
2431 4066 2523 4121 καὶ
2571 4066 2669 4134 τὴν
2717 4064 2958 4144 κεφαλήν
3014 4086 3119 4138 μου
3156 4062 3446 4136 διετιλλεν,
3503 4066 3590 4120 καί
3651 4066 3744 4120 θά-

2090 4178 2248 4212 νατον
2280 4155 2518 4231 πονηρὸν
2564 4152 2956 4229 ἐπαγγέλλεταί
2992 4174 3087 4226 μοι
3142 4152 3340 4208 τούτου
3382 4153 3548 4229 χάριν
3606 4174 3747 4227 προ-

2095 4246 2281 4319 είημοι
2337 4246 2483 4319 (sic),
2539 4243 2917 4319 προσίημαιῖ)
2975 4243 3102 4315 ὑμῖν
3161 4240 3443 4313 ἐκδίκησόν
3479 4264 3569 4314 με.
3603 4241 3744 4318 Ἐγὼ

2094 4333 2152 4391 Si
2208 4332 2479 4406 Σολομῶν
2522 4336 2691 4387 ταῦτα
2747 4331 2979 4394 ἀκούσας
3025 4330 3361 4408 κατενύγην,
3421 4327 3744 4406 ἀποϐλέψας

2094 4424 2169 4487 εἷς
2221 4423 2285 4478 τὸ
2345 4422 2549 4478 ἐκείνου
2599 4428 2807 4498 γῆρας,
2861 4420 2952 4476 καὶ
3021 4418 3275 4476 ἐκέλευσα
3347 4420 3587 4496 ἀχθῆναι
3656 4421 3749 4475 τὸν

2092 4514 2208 4569 υἱὸν
2260 4510 2444 4568 αὐτοῦ.
2506 4514 2618 4569 Τοῦ
2677 4508 2734 4565 δὲ
2792 4510 3054 4585 ἀχθέντος
3105 4509 3421 4584 ἐπηρώτουν
3454 4510 3647 4579 αὐτὸν,
3703 4509 3751 4564 εἰ

2086 4603 2260 4667 οὕτως
2314 4599 2451 4678 ἔχει·
2515 4601 2543 4655 ὁ
2602 4597 2658 4654 δὲ
2685 4600 2804 4661 νὲος
2836 4595 2961 4677 ἔφη·
3015 4599 3140 4675 Οὐχ
3171 4600 3344 4661 οὕτως
3375 4599 3612 4671 ἀπονοίᾳ
3644 4598 3750 4675 ἐγὼ

2084 4691 2543 4766 ἐμπεπλησμένος
2625 4688 2763 4744 ὥστε
2819 4689 2910 4744 τὸν
2990 4688 3285 4765 γεννήτορά
3359 4709 3464 4761 μου
3538 4690 3750 4762 πατέρα

2084 4780 2313 4854 παλάμῃ
2340 4780 2524 4852 τύψαι.
2555 4776 2747 4840 Ἳλεως
2780 4782 2941 4854 γενοῦ
2977 4799 3091 4845 uec,
3119 4774 3366 4852 βασιλεῦ·
3399 4777 3463 4831 οὐ
3495 4778 3601 4852 γὰρ
3632 4776 3750 4832 ἐιθὲ-

2090 4890 2218 4943 μιτα
2244 4872 2473 4924 τοιαῦτα
2501 4865 2821 4939 τετόλμηκα
2844 4868 2871 4922 ὁ
2902 4865 3256 4939 ταλαίπωρος
3287 4867 3420 4942 ἐγώ.
3455 4866 3606 4941 Ἐγὼ
3639 4862 3694 4920 δὲ
3716 4866 3745 4919 ὁ

2085 4957 2356 5032 Σολομῶν
2387 4960 2554 5010 ταῦτα
2598 4955 2832 5017 ἀκούσας
2883 4956 3031 5031 παρὰ
3073 4960 3172 5010 τοῦ
3209 4954 3354 5024 νέου,
3395 4952 3743 5029 παρεκάλουν

2080 5048 2172 5103 τὸν
2231 5040 2593 5122 πρεσϐύτερον
2660 5042 2736 5106 εἷς
2813 5041 3024 5099 ἔννοιαν
3083 5043 3283 5113 ἐλθεῖν,
3334 5044 3424 5099 καὶ
3483 5041 3743 5119 δέχεσθαι

2081 5140 2177 5190 τοῦ
2237 5135 2355 5189 υἱοῦ
2411 5134 2510 5201 τὴν
2571 5133 2873 5209 ἀπολογίαν
2906 5175 2920 5188 .
2988 5134 3051 5188 Ὁ
3101 5130 3160 5187 δὲ
3204 5131 3304 5187 οὐκ
3349 5130 3545 5202 ἤθελεν
3596 5129 3746 5186 ἀλλᾶ

2087 5220 2300 5299 μᾶλλον
2359 5222 2726 5292 θανατωθήτω
2776 5222 2921 5295 (sic)
2982 5220 3032 5275 ἐν
3081 5217 3139 5275 δὶ
3181 5224 3261 5293 τῷ
3321 5221 3396 5292 μὴ
3456 5219 3747 5282 πείθεσθαῖ

2079 5314 2172 5368 τὸν
2223 5305 2608 5388 πρεσϐύτερον,
2665 5304 2906 5383 ἔμελλον
2940 5314 3019 5382 τῷ
3048 5308 3151 5382 νὲῳ
3199 5310 3473 5385 τιμωρίαν
3516 5307 3743 5385 ἀποφή-

2080 5404 2290 5459 νασθαι·
2340 5399 2431 5455 καὶ
2488 5401 2770 5476 θεωρήσας
2802 5399 3011 5475 Ὀρνίαν
3037 5399 3131 5454 τὸν
3185 5395 3414 5471 δαίμονα
3465 5394 3738 5472 γελῶντα.

2080 5492 2369 5565 ἐθυμώθην
2406 5487 2656 5564 μεγάλως
2687 5485 2776 5543 διὰ
2817 5489 2882 5544 τὸ
2911 5488 3137 5566 γελάσαι
3182 5488 3272 5541 τὸν
3322 5484 3561 5560 δαίμονα
3612 5483 3740 5540 ἐγώ·

2079 5582 2203 5637 πιόν
2240 5600 2362 5654 μου*
2415 5578 2503 5633 καὶ
2551 5578 2777 5640 τούτους
2837 5584 3167 5651 μεταστῆσαι
3212 5575 3467 5632 ἐκέλευσα
3526 5574 3734 5650 Ὀρνίαν

2079 5670 2155 5733 εἷς
2213 5668 2375 5744 μέσον
2436 5668 2675 5744 ἀχθῆναι
2715 5671 2811 5723 τοῦ
2875 5668 3140 5742 βήματος.
3200 5669 3303 5722 Τοῦ
3362 5662 3419 5720 δὲ
3475 5664 3735 5741 ἀχθέντος
