4018 6220
1812 9 4018 37 W

244 390 406 452 I349

1390 383 1987 448 TESTAMENTUM
2032 382 2509 447 SALOMONIS.

3503 385 3660 448 i350

240 518 374 597 ἔφην
435 517 1100 593 αὖτῷἘπικατάρατε,τί
1160 528 1227 592 με
1279 520 1543 594 προσχῶν
1590 511 1895 589 ἐγέλασας

2025 520 2069 572 at
2098 515 2378 573 miserum
2397 512 2674 587 juvenem
2708 514 2887 588 hujus
2909 514 3121 587 filium,
3154 517 3294 588 quia
3312 521 3430 574 tres
3461 519 3656 576 adhuc

238 612 298 668 '0
330 607 387 665 δὲ
420 607 634 682 δαίμων
664 604 765 687 ἔφη
793 627 807 640 ·
838 608 1070 680 Δαίομαι
1105 610 1227 681 (sic)
1261 610 1377 673 σοῦ,
1415 601 1663 681 βασιλεῦ·
1698 603 1759 658 ού
1810 600 1899 658 διὰ

242 699 300 753 σὶ
347 697 600 773 ἐγέλασα,
632 695 778 753 ἀλλὰ
829 694 921 751 διὰ
975 700 1165 751 τοῦτον
1218 696 1313 750 τὸν
1347 692 1616 768 δύστυχον
1648 692 1898 769 γέροντα,

239 786 333 841 καὶ
362 787 456 841 τὸν
486 784 676 850 ἄθλιον
708 786 847 857 νέον,
874 786 966 840 τὸν
1026 783 1221 839 τούτου
1267 784 1405 853 υἱὸν,
1438 782 1522 837 ὅτι
1569 786 1714 854 τρεῖς
1759 780 1900 853 ἡμί-

243 896 342 949 ρας
388 874 479 929 καὶ
536 874 588 928 ἐν
648 874 825 949 ἀωρίᾳ
879 896 939 929 τε
994 872 1306 944 τελευτήσει
1340 874 1368 928 6
1409 872 1525 933 υἱὸς
1569 867 1735 925 αὐτοῦ
1762 890 1774 902 ·
1808 870 1896 924 καὶ

244 962 366 1019 ἰδοὺ
396 965 424 1019 6
466 964 638 1039 γὲρων
703 962 958 1038 βούλεται
1016 965 1198 1025 κακῶς
1256 962 1495 1037 ἀναιρεῖν
1534 960 1719 1016 αὐτόν.
1755 958 1901 1033 Ἐγὼ

242 1052 303 1108 δὲ
357 1052 630 1126 Σολομῶν
689 1051 924 1114 ἀκούσας
971 1055 1160 1118 ταῦτα,
1187 1045 1322 1127 ἔφην
1381 1050 1519 1124 πρὸς
1570 1047 1854 1121 δαιμόνιον
1884 1066 1897 1078 ·

241 1141 455 1212 ’Δληθῆ
515 1141 647 1196 εἰσὶν
689 1140 723 1195 ἃ
778 1140 1064 1219 λέγεις.Ὁ
1123 1138 1181 1195 δὲ
1234 1138 1402 1215 λέγει,
1437 1137 1656 1209 ’Λληθῆ
1711 1141 1899 1209 ταῦτα,

247 1231 494 1308 βασιλεῦ.
553 1229 653 1285 Καὶ
724 1230 955 1293 ἀκούσας
1041 1229 1146 1306 ἐγὼ
1229 1226 1489 1284 ἐκέλευσα
1573 1232 1902 1300 μεταστῆναι

238 1321 334 1376 τὸν
368 1318 621 1393 δαίμονα,
652 1319 741 1374 καὶ
774 1317 950 1382 ἐλθεῖν
999 1317 1163 1373 πάλιν
1216 1318 1310 1372 τὸν
1352 1317 1581 1392 γηραιὸν
1632 1315 1766 1388 μετά
1811 1313 1900 1370 καὶ

236 1413 339 1464 τοῦ
394 1410 515 1464 uini
568 1406 760 1462 αὑτοῦ·
813 1404 1072 1462 ὶκὲλευσα
1129 1405 1324 1468 αὐτοὺς
1382 1403 1541 1484 φιλίᾳ
1593 1410 1893 1481 τραπῆναιο

237 1499 334 1554 καὶ
364 1500 433 1552 τὰ
462 1498 537 1561 εἷς
570 1499 776 1576 τροφὴν
807 1495 992 1558 αὐτοῖς
1023 1495 1472 1571 παρασχόμενος,
1507 1494 1655 1550 εἶπον
1690 1492 1780 1548 οὖν
1823 1496 1904 1564 τῷ

241 1582 547 1663 πρεσϐύτῃ,
576 1587 708 1650 Μεθ’
737 1584 949 1661 ἡμέρας
980 1591 1127 1659 τρεῖς
1152 1583 1321 1660 ἄγαγὲ
1350 1605 1443 1658 μοι
1495 1581 1602 1638 ὧδε
1648 1583 1737 1637 τὸν
1789 1582 1903 1636 υἱόν

243 1699 368 1747 σου,
421 1677 510 1731 καὶ
566 1677 891 1747 ὶπινοοῦμαι
942 1675 1131 1732 αὐτοῦ.
1180 1674 1247 1730 Oi.
1324 1671 1381 1728 δὲ
1436 1673 1905 1749 προσκυνήσαντες

242 1766 626 1842 ἀνεχώρησαν.
678 1764 894 1819 Τούτων
966 1761 1023 1818 δὲ
1091 1763 1441 1827 ἀπελθόντων
1517 1760 1774 1817 ἐκέλευσα
1829 1760 1906 1825 εἷς

244 1858 409 1930 μέσον
469 1856 707 1929 ἀχθῆναι
766 1854 859 1908 τὸν
911 1853 1152 1928 Ὀρνίαν,
1208 1852 1298 1907 καὶ
1349 1852 1496 1907 εἶπον
1549 1850 1734 1923 αὐτῷ·
1770 1851 1907 1925 Λὲγε

243 1967 364 2019 μοι,
398 1943 560 2008 πόθεν
618 1944 681 1997 σὺ
741 1947 912 1998 ταῦτα
969 1939 1146 2010 οἶδας,
1200 1942 1229 1997 ’ὀ
1290 1938 1347 1997 δὲ
1404 1941 1568 1996 εἶπεν·
1602 1942 1794 2013 Ἡμεῖς
1853 1940 1907 1993 οἱ

242 2032 500 2107 δαίμονες
530 2031 787 2108 ἀνερχόμ
823 2043 888 2095 θα
916 2031 1054 2086 κατὰ
1098 2030 1161 2086 τὸ
1209 2029 1493 2106 στερέωμα
1540 2034 1636 2084 τοῦ
1676 2028 1909 2104 ούρανοῦ

242 2125 338 2180 καὶ
387 2123 551 2195 μὲσον
606 2126 716 2177 τῶν
775 2121 1012 2197 ἀστέρων
1073 2120 1349 2193 ἱπτάμεθα
1392 2118 1663 2194 (13)·καὶ
1720 2117 1911 2172 ἀκούο-

252 2234 351 2286 μεν
380 2211 476 2274 τὰς
515 2208 848 2289 ἀποφράσεις
890 2210 987 2271 τὰς
1027 2206 1386 2284 ἐξερχομένας
1446 2206 1535 2262 ἰπὶ
1584 2206 1679 2269 τὰς
1729 2206 1911 2281 ψυχὰς

245 2306 356 2356 τῶν
412 2301 731 2377 ἀνθρώπων,
774 2296 864 2355 καί
920 2297 1116 2354 λοιπὸν
1186 2296 1484 2374 ἐρχόμεθα,
1543 2296 1633 2350 καὶ
1694 2292 1800 2350 εἴτε
1858 2295 1912 2350 ἐν

2009 606 2155 674 dies,
2189 611 2244 661 et
2276 606 2336 660 in
2369 610 2537 661 nocte
2568 605 2854 661 morietur
2893 604 3054 661 illius
3084 606 3236 675 ejus,
3276 611 3334 662 et
3373 624 3504 665 ecce
3533 609 3660 666 vult

2009 710 2186 750 senex
2218 694 2368 750 male
2400 694 2643 766 perdere
2692 710 2849 749 eum.
2896 694 3026 750 Haec
3075 695 3323 751 audiens
3353 712 3458 767 ego
3489 697 3659 754 Salo-

2010 800 2170 853 mon,
2204 783 2322 838 dixi
2354 784 2427 837 ad
2459 782 2816 838 daemonium
2852 799 2866 838 :
2899 800 3034 838 vera
3091 788 3232 839 sunt
3286 802 3414 856 quae
3462 787 3661 843 dicis?

2009 872 2117 937 Qui
2150 873 2231 928 ait
2261 888 2275 926 :
2312 872 2455 928 Vera
2486 872 2630 937 haec,
2664 889 2780 927 rex.
2815 872 2882 926 Et
2907 872 3177 939 audiens,
3204 874 3359 943 jussi
3395 876 3662 932 recedere

2011 964 2360 1029 daemonem,
2391 964 2448 1016 et
2487 978 2724 1016 rursum
2758 960 2952 1016 venire
2974 977 3174 1017 senem
3200 978 3334 1017 cum
3358 963 3478 1019 ﬁlio
3510 967 3660 1035 ejus,

2004 1051 2164 1122 jussi
2220 1066 2321 1105 eos
2348 1050 2533 1105 amice
2564 1050 2887 1119 discedere,
2919 1056 2976 1105 et
3006 1051 3078 1106 ad
3112 1050 3335 1107 victum
3384 1069 3659 1110 necessa-
3714 1118 3715 1121 η

2011 1140 2099 1195 ria
2130 1140 2396 1225 praebens
2422 1139 2529 1207 eis,
2561 1139 2678 1193 dixi
2711 1139 2783 1194 ad
2816 1140 3105 1197 seniorem
3136 1155 3150 1196 :
3184 1140 3320 1196 Post
3361 1146 3484 1198 tres
3511 1144 3662 1211 dies,

2011 1228 2204 1284 adduc
2257 1227 2404 1282 mihi
2435 1227 2623 1282 filium
2656 1232 2877 1296 tecum,
2906 1232 2964 1283 et
2988 1229 3060 1283 de
3088 1244 3155 1284 eo
3188 1234 3384 1285 mente
3428 1232 3659 1303 cogito;

2012 1318 2113 1390 qui
2144 1316 2401 1373 venerati
2435 1322 2575 1371 sunt
2619 1333 2734 1386 me,
2768 1321 2825 1373 et
2863 1318 3157 1374 abierunt.
3192 1318 3314 1374 Illis
3343 1324 3541 1376 autem
3573 1338 3664 1377 re-

2013 1406 2384 1473 cedentibus,
2425 1405 2581 1477 jussi
2631 1406 2692 1460 in
2742 1406 3003 1461 medium
3048 1407 3261 1463 adduci
3314 1407 3576 1476 Orniam,
3606 1415 3665 1467 et

2012 1496 2132 1551 dixi
2166 1495 2255 1551 ei:
2290 1495 2486 1550 Indica
2517 1494 2661 1549 mihi
2694 1496 2848 1551 unde
2903 1495 3024 1550 haec
3054 1496 3226 1551 scias.
3269 1496 3339 1552 Et
3384 1499 3467 1554 ait
3497 1516 3510 1554 :
3548 1500 3664 1557 Nos

2013 1585 2304 1640 daemones
2362 1583 2659 1655 pergimus
2715 1584 2774 1639 in
2835 1584 3274 1642 ﬁrmamentum
3307 1586 3457 1658 cmli,
3490 1594 3547 1644 et
3604 1589 3664 1646 in

2014 1673 2208 1729 medio
2240 1673 2500 1728 siderum
2534 1672 2870 1742 volitamus,
2903 1679 2960 1729 et
2990 1675 3268 1731 audimus
3298 1676 3543 1733 consilia
3572 1694 3664 1734 ve-

2016 1761 2240 1817 nientia
2284 1777 2463 1832 super
2518 1761 2748 1817 animas
2792 1761 3126 1828 hominum,
3163 1768 3221 1818 et
3252 1766 3489 1821 tandem
3539 1768 3666 1823 abi-

2018 1870 2171 1920 mus,
2201 1856 2258 1908 et
2291 1852 2410 1907 sive
2442 1852 2500 1906 in
2534 1857 2842 1925 potestate,
2875 1853 2994 1909 sive
3024 1853 3084 1909 in
3117 1854 3271 1926 igne,
3303 1856 3425 1913 sive
3453 1857 3511 1912 in
3543 1858 3667 1929 gla-

2019 1942 2138 2010 dio,
2171 1942 2292 1997 sive
2323 1941 2381 1995 in
2407 1956 2549 1996 casu
2584 1941 2850 2008 fortuito,
2892 1943 3086 2013 specie
3117 1948 3345 2001 mutata
3392 1946 3668 2003 interﬁci-

2026 2048 2178 2101 mus,
2208 2036 2264 2087 et
2294 2031 2343 2086 si
2377 2048 2491 2087 non
2526 2031 2585 2085 in
2620 2035 2787 2087 nocte
2818 2030 2976 2102 quis,
3007 2031 3094 2086 vel
3124 2049 3228 2103 per
3254 2032 3375 2089 vim
3407 2035 3666 2107 aliquam

2021 2127 2239 2192 pereat,
2266 2119 2780 2184 ;,transformamur
2836 2135 2944 2174 nos
3003 2119 3317 2187 daemones,
3349 2123 3426 2177 ita
3474 2129 3539 2179 ut
3569 2142 3671 2196 ap-

2023 2224 2340 2281 pareamus
2370 2207 2735 2275 hominibus,
2768 2212 2825 2263 et
2855 2213 3210 2265 venerentur
3231 2227 3336 2266 nos
3367 2228 3543 2285 super
3565 2213 3668 2269 hu-

2024 2314 2261 2352 manam
2296 2302 2591 2352 naturam.

243 2388 544 2460 δυναστείᾳ,
578 2386 685 2444 εἴτε
720 2387 774 2443 ἐν
802 2388 955 2462 πυρὶ,
990 2385 1096 2441 εἴτε
1139 2384 1191 2441 ἐν
1242 2383 1507 2462 ῥομφαίᾳ,
1539 2381 1647 2438 εἷ’τε
1676 2381 1729 2438 ἐν
1759 2385 2123 2457 συμπτώματι
2160 2384 2770 2460 μετασχηματιζόμενοι
2822 2385 3166 2461 ἀναιροῦμεν,
3198 2387 3288 2441 καὶ
3337 2386 3423 2441 ἰὰν
3479 2390 3555 2461 μὴ
3613 2390 3664 2445 ἰν

246 2478 428 2555 ἀωρίᾳ
477 2498 581 2547 τις,
613 2478 649 2549 ἢ
710 2475 804 2553 βίᾳ
855 2476 963 2532 τινὶ
1022 2476 1284 2549 ἀποθάνῃ,
1321 2471 1820 2552 μεταμορφούμεθα
1875 2475 2040 2547 ἡμεῖς
2085 2473 2135 2528 οἱ
2186 2470 2463 2546 δαίμονες,
2508 2472 2647 2528 ὥστε
2694 2472 3007 2550 φραίνεσθαι
3055 2479 3172 2537 τοῖς
3219 2478 3546 2553 ἀνθρωποις,
3577 2478 3668 2535 καὶ

250 2563 504 2632 σέϐεσθαι
529 2570 676 2641 ἡμᾶς
710 2564 797 2621 ἐπὶ
832 2568 927 2634 τῆς
959 2564 1300 2641 ἀνθρωπίνης
1326 2561 1556 2641 φύσεως.

321 2677 474 2751 Ἐγὼ
527 2679 656 2750 γοῦν
717 2678 887 2730 ταῦτα
939 2672 1190 2740 ακούσας,
1251 2668 1475 2741 ἐδόξασα
1560 2668 1762 2744 Κύριον
1814 2669 1906 2724 τὸν

253 2766 411 2831 Θεὸν,
441 2764 532 2819 καὶ
590 2762 906 2837 ἰπερώτησα
960 2758 1126 2815 πάλιν
1177 2760 1268 2814 τὸν
1310 2756 1563 2832 δαίμονα·
1599 2759 1731 2834 Λέγε
1792 2778 1910 2831 μοι,

248 2859 372 2916 πῶς
416 2850 641 2916 δύνασθε
671 2850 750 2914 εἷς
779 2852 870 2906 τὸν
919 2849 1151 2923 οὐρανὸν
1195 2842 1459 2916 ἀναϐῆναι
1509 2844 1765 2919 δαίμονες
1818 2841 1911 2899 ὅν-

247 2963 366 3012 τες,
398 2942 488 2997 καὶ
545 2939 706 3013 μέσον
765 2944 873 2994 τῶν
933 2939 1168 3015 ἀστίρων
1217 2937 1439 2992 καὶτῶν
1468 2935 1635 3010 ἁγίων
1669 2932 1907 3009 ἀγγὶλων

255 3038 508 3107 μιγῆναι·
542 3031 571 3084 6
599 3026 656 3084 δὲ
687 3027 810 3106 ἔφη’
844 3029 943 3082 ὅσα
995 3026 1047 3082 ὲν
1101 3030 1181 3098 τῷ
1243 3027 1460 3102 οὐρανῷ
1515 3022 1910 3091 ἐπιτελοῦνται,

254 3120 432 3181 οὕτως
484 3120 574 3173 καὶ
634 3117 725 3174 ἰπὶ
780 3124 883 3187 τῆς
938 3123 1043 3191 γῆς
1098 3116 1151 3169 οἱ
1190 3112 1352 3169 τύποι
1384 3112 1583 3168 αὐτῶν·
1620 3110 1752 3165 εἶ’σὶν
1810 3111 1911 3185 γὰρ

251 3206 731 3284 ἀρχαὶ,ἰξουσίαι,
786 3205 1249 3281 κοσμοκράτορες,
1281 3202 1371 3257 καὶ
1430 3201 1701 3273 ἰπτάμεθα
1751 3202 1914 3273 ἡμεῖς

253 3298 307 3352 οἱ
341 3294 597 3369 δαίμονες
642 3293 695 3350 ἂν
739 3298 821 3368 τῷ
866 3292 1004 3369 ἀέρι·
1050 3291 1141 3347 καὶ
1180 3289 1451 3363 ἀκούομεν
1506 3294 1615 3344 τῶν
1675 3287 1913 3364 ἐπουρα-

249 3384 386 3440 νίων
442 3384 536 3446 τὰς
592 3381 815 3461 φωνάς·
850 3380 941 3437 καὶ
997 3383 1170 3442 πάσας
1226 3380 1322 3440 τὰς
1369 3376 1628 3451 δυνάμεις
1686 3375 1912 3432 ἒπιθεω-

257 3478 486 3550 ροῦμεν·
518 3472 608 3527 καὶ
640 3472 716 3535 ὡς
767 3471 843 3544 μή
895 3466 1113 3546 ἔχοντες
1172 3466 1326 3543 βάσιν
1386 3466 1758 3536 ἀναπαύσεως,
1790 3464 1919 3521 ἀτο-
1950 3439 1994 3508 C

252 3566 456 3635 νοῦμεν
510 3560 599 3616 καὶ
685 3558 1016 3632 ἐκπίπτομεν
1107 3556 1287 3631 ὥσπερ
1364 3554 1548 3633 φύλλα
1632 3554 1738 3609 ἀπὸ
1811 3558 1920 3609 τῶν

255 3648 516 3725 δένδρων·
548 3650 637 3704 καὶ
668 3650 996 3722 θεωροῦντες
1025 3649 1174 3720 ἡμᾶς
1232 3646 1284 3699 οἱ
1334 3646 1613 3719 ἄνθρωποι
1663 3641 1917 3698 δοκυῦσιν

248 3739 338 3796 ὅτι
394 3740 447 3795 οἳ
495 3739 711 3814 ἀστέρες
752 3735 1039 3792 πίπτουσιν
1087 3736 1192 3790 ἀπὸ
1221 3738 1320 3789 τοῦ
1357 3733 1612 3808 ούρανοῦ’
1648 3731 1775 3788 ἀλλ’
1807 3731 1917 3809 οὐχ

255 3829 434 3891 οὕτως
492 3827 658 3898 ἐστὶν,
709 3828 754 3881 ὦ
817 3824 1065 3902 βασιλεῖ’),
1122 3821 1268 3879 ἀλλά
1335 3822 1606 3896 πίπτομεν
1670 3819 1759 3877 διὰ
1817 3824 1918 3892 τὴν

257 3919 534 3975 ἀσθένειαν
566 3921 726 3991 ἡμῶν
757 3917 849 3972 καὶ
900 3915 951 3971 ἂν
1004 3919 1084 3987 τῷ
1139 3911 1452 3988 μηδαμόθεν
1504 3911 1651 3987 ἔχειν
1697 3912 1918 3984 ἀντίλη-

258 4013 382 4084 ψιν,
442 4006 866 4080 καταπίπτωμεν
921 4008 1043 4079 (sic)
1113 4003 1188 4066 ὡς
1263 4002 1531 4078 ἀστραπαὶ
1607 4001 1659 4057 ἐν
1748 4000 1922 4078 ἀωρίᾳ

259 4096 479 4172 πολλῇ,
510 4096 600 4151 καὶ
659 4094 897 4168 ἐξάπινα*
931 4094 1020 4149 καὶ
1078 4092 1272 4155 πόλεις
1320 4089 1730 4168 καταφλέγομεν
1763 4109 1778 4123 ’
1828 4090 1920 4145 καὶ

258 4186 464 4264 ἀγροὺς
504 4184 901 4261 ἐμπυρίζομεν.
955 4183 1024 4241 Οἱ
1082 4184 1186 4258 γὰρ
1242 4180 1461 4257 ἀστέρες
1516 4178 1920 4253 τεθεμελιωμὲο

256 4298 351 4331 νοι
407 4275 539 4330 εἷσὶν
595 4272 649 4328 ἓν
705 4277 785 4345 τῷ
843 4269 1082 4348 οὐρανῷ,
1116 4270 1298 4345 ὥσπερ
1356 4270 1447 4325 καὶ
1504 4270 1531 4324 6
1570 4266 1734 4338 ἥλιος
1764 4268 1918 4338 καὶὴ

259 4363 495 4435 σελήνη.
531 4362 634 4419 Καὶ
661 4359 831 4417 ταῦτα
879 4359 1111 4422 ἀκούσας
1172 4358 1282 4435 ἐγὼ
1337 4355 1607 4431 Σολομῶν
1668 4356 1923 4412 ἐκέλευσα

260 4453 617 4532 φρουρεῖσθαι
670 4451 764 4506 τὸν
820 4446 1247 4524 δαίμοναοᾶχρι
1297 4450 1522 4521 ἡμερῶν
1580 4454 1634 4502 ε”
1674 4446 1809 4519 μετά
1865 4444 1923 4501 δὲ

259 4544 366 4603 τὰς
405 4543 441 4597 ε’
471 4541 680 4614 ἡμέρας
709 4538 1218 4613 μετακαλεσάμενος
1255 4537 1347 4592 τὸν
1396 4535 1622 4613 γηραιὸν
1671 4532 1919 4609 ἤμελλον

261 4632 495 4708 ἰρωτᾷν.
530 4628 740 4693 Ἐλθὼν
800 4626 859 4683 δὶ
916 4629 944 4682 6
992 4628 1164 4704 γὲρων
1224 4624 1361 4702 πρός
1424 4646 1491 4698 με
1547 4623 1684 4680 κατά
1728 4623 1923 4687 πένθος

259 4718 358 4775 καί
417 4716 638 4793 μελάνφ
690 4721 783 4790 τῷ.
825 4716 1105 4792 προσώπῳ
1158 4717 1278 4789 (δίε)
1334 4714 1483 4768 εἶπον
1532 4714 1682 4785 αύτῷ
1716 4733 1729 4747 ·
1764 4713 1923 4782 Eia},

2088 2671 2208 2742 Ego
2232 2670 2417 2743 igitur
2434 2670 2555 2726 haec
2568 2670 2836 2740 audiens,
2856 2670 3088 2728 laudavi
3119 2673 3431 2730 Dominum
3461 2675 3670 2745 Deum,

2020 2762 2079 2814 et
2122 2758 2475 2831 interrogavi
2540 2776 2747 2815 rursus
2798 2760 3121 2816 daemonem
3157 2779 3171 2817 :
3204 2762 3307 2818 Dic
3330 2763 3475 2818 mihi
3523 2782 3676 2836 quo-

2022 2848 2195 2903 modo
2246 2847 2487 2920 potestis
2517 2848 2577 2903 in
2609 2847 2821 2904 cmlum
2875 2850 3189 2905 ascendere
3223 2851 3517 2909 daemones
3541 2870 3676 2909 cum

2022 2934 2173 3005 sitis,
2206 2942 2263 2991 et
2294 2935 2350 2989 in
2384 2936 2578 2991 medio
2608 2937 2868 2991 siderum
2901 2943 3079 3007 stare,
3112 2943 3169 2993 et
3198 2940 3421 2996 sanctis
3451 2942 3677 3014 angelis

2022 3026 2440 3082 commisceri?
2470 3026 2576 3091 Qui
2607 3027 2732 3083 ait:
2789 3029 2924 3092 Quae
2975 3027 3035 3082 in
3080 3029 3224 3084 ccelo
3268 3031 3674 3101 perficiuntur,

2022 3120 2080 3172 et
2108 3114 2168 3169 in
2202 3119 2357 3169 terra
2386 3114 2634 3169 formam
2668 3114 3066 3182 habent;sunt
3096 3118 3252 3172 enim
3285 3120 3676 3192 principatus,

2024 3207 2371 3276 potestates,
2401 3203 2608 3258 mundi
2657 3209 2930 3272 rectores,
2970 3209 3029 3260 et
3073 3204 3389 3264 volitamus
3422 3225 3528 3265 nos
3559 3211 3675 3265 dae-

2024 3309 2228 3349 mones
2259 3292 2318 3347 in
2351 3308 2504 3361 aere,
2537 3297 2595 3347 et
2650 3292 2931 3348 audimus
2990 3293 3317 3351 cualestium
3377 3313 3573 3368 voces,
3620 3302 3679 3354 et

2024 3382 2323 3456 potentias
2353 3398 2549 3438 omnes
2580 3381 3093 3453 contemptumne;
3125 3388 3187 3439 et
3216 3386 3388 3457 quasi
3422 3403 3538 3442 non
3571 3387 3677 3443 ha-

2027 3472 2231 3528 bentes
2260 3470 2458 3527 sedem
2491 3471 2729 3543 quietis,
2762 3470 3092 3540 deﬁcimus,
3124 3476 3182 3527 et
3210 3473 3479 3530 cadimus
3509 3475 3680 3546 quasi

2028 3560 2167 3615 folia
2197 3576 2267 3615 ex
2291 3560 2621 3626 arboribus,
2668 3564 2727 3614 et
2764 3560 3028 3616 videntes
3075 3577 3183 3617 nos
3235 3561 3523 3631 homines,
3554 3565 3679 3620 exi-

2028 3648 2275 3704 stimant
2316 3648 2454 3721 quia
2485 3647 2664 3704 stellaa
2696 3648 2911 3704 cadant
2941 3665 2971 3705 e
3002 3649 3169 3717 c0310;
3202 3652 3303 3707 sed
3337 3668 3454 3707 non
3488 3653 3570 3708 ita
3616 3668 3681 3709 se

2027 3737 2225 3806 habet,
2259 3754 2291 3793 ο
2339 3755 2457 3805 rex,
2490 3741 2550 3793 at
2605 3737 2931 3794 decidimus
2984 3744 3224 3813 propter
3273 3740 3678 3798 infirmitatem

2029 3831 2314 3897 nostram,
2348 3832 2405 3882 et
2437 3826 2573 3898 quia
2599 3825 2823 3881 nullam
2856 3828 3097 3884 omnino
3145 3829 3437 3886 habemus
3486 3848 3680 3904 Opem,

2028 3916 2296 3972 cadimus
2318 3920 2376 3971 et
2404 3916 2640 3988 fulgura
2671 3916 2729 3970 in
2763 3916 3019 3972 tenebris
3052 3916 3255 3974 multis
3285 3924 3342 3975 et
3371 3921 3591 3991 subito,
3628 3924 3687 3977 et

2027 4005 2294 4062 civitates
2354 4005 2749 4073 incendimus,
2811 4011 2869 4061 et
2933 4022 3107 4079 agros
3164 4006 3299 4080 igne
3354 4013 3682 4082 vastamus,

2029 4093 2209 4150 stellae
2240 4094 2395 4149 enim
2431 4094 2687 4150 fundatae
2717 4100 2859 4150 sunt
2889 4095 2943 4149 in
2978 4095 3141 4164 coelo,
3193 4098 3348 4153 sicut
3395 4102 3448 4155 et
3502 4098 3591 4155 sol
3623 4105 3680 4155 et

2026 4183 2266 4238 luna.Et
2285 4182 2406 4238 hac
2428 4183 2677 4238 audiens
2699 4199 2804 4254 ego
2831 4182 3129 4253 Salomon,
3146 4186 3300 4254 jussi
3323 4190 3386 4241 ut
3408 4188 3683 4243 custodiae

2030 4271 2401 4343 mancipatur
2445 4272 2674 4327 daemon
2728 4288 2918 4343 usque
2944 4272 3015 4327 ad
3050 4272 3173 4327 dies
3224 4274 3523 4345 quinque;
3552 4279 3687 4346 post

2028 4362 2154 4417 dies
2185 4360 2465 4432 quinque,
2506 4361 2856 4416 advocatum
2907 4360 3198 4416 seniorem
3229 4378 3390 4417 eram
3423 4362 3678 4420 interro-

2031 4453 2313 4522 gaturus;
2346 4448 2588 4504 veniens
2619 4453 2814 4503 autem
2864 4449 3061 4505 senior
3104 4466 3138 4505 a
3170 4466 3261 4506 me
3293 4451 3350 4507 in
3408 4452 3594 4524 luctu,
3629 4457 3687 4510 et

2032 4539 2199 4611 nigra
2230 4538 2397 4603 facie,
2430 4536 2830 4607 dixideizDic,
2855 4554 3051 4603 senex,
3084 4539 3184 4593 ubi
3216 4544 3308 4597 est
3339 4540 3496 4598 illius
3516 4543 3688 4599 tuus?

2033 4629 2102 4683 Et
2140 4627 2275 4699 quis
2307 4626 2542 4682 habitus
2574 4626 2695 4681 hic?
2735 4626 2843 4690 Qui
2876 4626 2993 4682 ait:
3022 4626 3160 4684 Ecce
3203 4629 3430 4702 absque
3480 4631 3684 4688 liberis

2034 4716 2222 4772 factus
2245 4732 2400 4783 sum,
2433 4719 2491 4770 et
2539 4714 2666 4769 sine
2709 4731 2813 4786 spe
2836 4715 3107 4788 sepulcro
3138 4717 3680 4792 ﬁliiassidensjam

260 4802 567 4886 πρεσϐύτα,
617 4811 723 4861 ποῦ
766 4803 907 4861 ἐστιν
942 4806 970 4859 6
1001 4805 1118 4869 υἱός
1168 4824 1294 4865 σους
1351 4803 1442 4857 καὶ
1493 4803 1548 4857 τί
1614 4804 1677 4858 τὸ
1733 4809 1910 4878 σχῆμς

2034 4825 2067 4861 ιι
2098 4805 2304 4861 diebus
2328 4805 2561 4860 duobus
2592 4804 2875 4859 defuncti.
2912 4805 3042 4861 Ilaec
3074 4807 3327 4865 audiens
3376 4824 3481 4881 ego
3531 4810 3692 4866 Salo-

256 4902 465 4965 τοῦτος
498 4896 559 4952 Ὀ
607 4892 667 4949 δί
712 4889 837 4971 ἔφη’
892 4889 1033 4948 Ἰδοὺ
1083 4890 1244 4953 ἅπαις
1301 4891 1593 4965 ὶγενόμην,
1623 4890 1713 4945 καὶ
1773 4888 1925 4945 ἀνέλ·

259 5007 432 5044 πιστα
486 4986 644 5061 τάφῳ
705 4986 826 5040 υἱοῦ
884 4978 1584 5060 παρακαθεζόμενος.Ἥδη
1635 4980 1735 5057 γὰρ
1793 4980 1932 5054 ἡμὲ-

265 5098 364 5151 ραι
395 5074 490 5129 δύο
520 5077 713 5149 νεκροῦ
743 5073 1051 5149 γεγονότος,
1082 5071 1233 5145 Ἐγὼ
1283 5067 1340 5125 δὲ
1373 5069 1651 5143 Σολομῶν
1700 5069 1933 5131 ἀκούσας

261 5164 583 5237 ταῦτα,καὶ
640 5161 802 5238 γνοὺς
848 5160 931 5216 ὅτι
989 5159 1173 5232 ἀληθῆ
1236 5180 1329 5233 μοι
1389 5157 1582 5236 ἔφησεν
1635 5159 1663 5213 6
1722 5156 1932 5231 δαίμων

268 5254 508 5331 Ὀρνὶας,
542 5249 766 5322 ὶδόξασα
820 5251 913 5305 τὸν
971 5248 1101 5304 Θεὸν
1130 5252 1227 5303 τοῦ
1251 5246 1492 5320 Ἰσραήλ·
1535 5248 1623 5302 καὶ
1683 5243 1870 5301 ἰδοῦσα
1898 5249 1933 5317 ἡ

271 5342 570 5422 βασίλισσα
599 5340 774 5396 Νότου
830 5343 999 5394 ταῦτα
1058 5338 1254 5409 πάντα,
1288 5335 1582 5410 ἐθαύμασεν
1643 5333 1938 5406 δοξάζουσα

262 5434 363 5490 τὸν
422 5431 549 5487 Θεὸν
579 5427 826 5504 Ἰσραὴλ,
855 5427 945 5483 καὶ
1003 5424 1086 5483 ἴδε
1132 5428 1223 5483 τὸν
1282 5426 1408 5481 ναὸν
1466 5425 1668 5502 Κυρίου
1726 5422 1940 5480 οἷκοδο-

2036 4910 2194 4963 mon,
2226 4898 2283 4949 et
2339 4893 2533 4948 sciens
2584 4892 2722 4964 quia
2778 4910 2914 4949 vera
2973 4894 3124 4951 dixit
3182 4896 3411 4952 damon
3441 4897 3689 4965 Ornias,

2042 4983 2277 5039 laudavi
2307 4982 2624 5038 Dominum
2665 4981 2851 5038 Deum
2885 4983 3085 5040 Israel.
3120 4986 3192 5041 Et
3233 4987 3436 5042 videns
3489 4985 3690 5057 regina

2044 5072 2233 5127 Austri
2267 5072 2388 5127 haec
2417 5071 2614 5127 omnia
2660 5071 2951 5128 admirata
3005 5077 3063 5129 et
3111 5073 3448 5143 gloriﬁcans
3503 5074 3687 5130 Deum

2044 5159 2244 5230 Israel,
2277 5164 2331 5216 et
2364 5160 2509 5216 vidit
2538 5160 2826 5232 templum
2872 5161 2973 5218 Dei
3006 5163 3385 5231 aediﬁcatum,
3418 5167 3474 5217 et
3529 5163 3693 5219 dedit

2046 5248 2257 5305 siclum
2290 5250 2439 5314 auri,
2474 5254 2531 5304 et
2561 5251 2788 5321 argenti
2846 5250 3138 5323 myriades
3185 5258 3445 5317 centum,
3475 5256 3532 5305 et
3560 5252 3692 5309 aeris

2045 5337 2245 5405 electi;
2278 5345 2334 5393 et
2362 5337 2601 5393 intravit
2633 5339 2691 5392 in
2722 5338 3052 5411 templum;
3102 5343 3158 5393 et
3199 5340 3404 5407 altare,
3431 5344 3487 5395 et
3518 5340 3691 5397 fulci-

2047 5433 2247 5483 meuta
2272 5442 2419 5482 mea
2450 5425 2677 5493 altaris,
2703 5430 2761 5482 et
2783 5426 3005 5498 lapides
3027 5425 3438 5499 lampadarum
3467 5427 3694 5503 fulgen-

341 5705 459 5780 (13)
491 5703 704 5762 Eadem
736 5694 1027 5761 sententia
1063 5699 1235 5759 Pauli
1268 5698 1328 5756 in
1361 5715 1453 5772 ep.
1488 5698 1558 5755 ad
1593 5697 1807 5771 Ephes.
1841 5715 1906 5770 ιι,
1936 5700 1992 5765 2,
2024 5697 2095 5755 de
2128 5697 2460 5754 daemonum
2494 5694 2789 5753 domicilio
2822 5694 2883 5751 in
2914 5711 3062 5753 aere.
