4084 6218
434 342 583 402 1351

1383 335 1781 396 APPENDIX
1823 335 1926 395 AD
1973 334 2436 398 MlCHAELEM
2477 335 2873 399 PSELLUM.

3649 344 3773 406 l352

428 481 517 532 tes
546 493 614 531 ex
637 474 885 531 diversis
911 473 1224 544 coloribus,
1257 476 1312 529 et
1342 470 1697 527 carbunculo
1746 470 1961 542 lapide,
2014 474 2071 526 et

2189 469 2478 542 μούμενονο
2511 469 2601 524 καὶ
2650 465 2845 526 ἔδωκεν
2902 471 3092 527 σίκλον
3147 473 3378 549 χρυσίου
3430 474 3512 528 καί
3559 475 3778 551 ἀργυρίου

346 617 348 619 ,
431 565 768 639 hyacintho,
801 569 858 620 et
892 564 1224 636 smaragdo,
1259 566 1313 617 et
1345 561 1614 633 saphiro;
1647 565 1704 615 et
1745 560 1885 615 vidit
1942 577 2080 615 vasa

432 673 630 720 aurea,
663 659 720 709 et
746 659 1042 725 argentea,
1077 658 1133 707 et
1163 668 1331 719 aerea,
1365 656 1422 705 et
1466 650 1679 717 lignea,
1734 654 1788 704 et
1837 648 2078 720 pellicca

429 749 756 800 stramenta
787 759 1046 814 purpura
1077 741 1297 807 tincta;
1347 745 1403 794 et
1454 739 1599 794 vidit
1629 739 1796 794 bases
1849 738 2074 793 colum-

431 850 642 889 narum
693 831 890 902 templi
925 831 1045 899 Dei,
1103 846 1307 884 omnes
1353 846 1421 884 ex
1467 845 1607 883 auro
1668 845 1822 895 uno;
1872 832 2078 899 praeter

431 923 724 978 daemones
754 937 901 991 quos
932 920 1003 974 ad
1056 918 1445 974 laborandum
1488 916 1798 985 damnavi;
1849 921 1906 970 et
1952 920 2076 971 erat

431 1029 543 1084 pax
571 1012 630 1065 in
663 1010 908 1065 circuitu
946 1009 1108 1080 regni
1143 1009 1253 1064 mei
1286 1013 1343 1063 et
1374 1024 1551 1078 super
1582 1005 1916 1062 universam
1959 1010 2073 1060 ter-

433 1117 579 1155 ram.
613 1103 680 1153 Et
710 1099 927 1153 factum
957 1103 1046 1152 est
1078 1102 1272 1152 stante
1303 1113 1395 1151 me
1429 1097 1486 1150 in
1525 1111 1702 1166 regno
1731 1111 1880 1157 meo,
1914 1093 2075 1149 misit

435 1189 504 1244 ad
539 1203 630 1242 me
671 1187 981 1258 epistolam
1034 1203 1133 1242 rex
1181 1186 1441 1241 Arabum
1488 1185 1666 1251 Adar,
1711 1188 1767 1238 et
1815 1182 2072 1255 epistolae

430 1277 721 1344 scriptura
751 1275 883 1332 talis
913 1280 1038 1332 erat
1071 1293 1084 1331 :
1113 1275 1254 1346 Regi
1279 1273 1579 1329 Salomoni
1599 1272 1847 1328 salutem
1883 1289 1895 1326 :
1930 1272 2074 1327 Ecce

432 1366 787 1434 audivimus,
822 1371 878 1420 et
907 1365 1174 1420 auditum
1209 1364 1423 1418 factum
1467 1367 1556 1416 est
1588 1363 1643 1415 in
1676 1377 1879 1416 omnes
1929 1361 2072 1414 lines

428 1460 616 1520 terrae,
651 1456 848 1509 datam
882 1454 986 1508 tibi
1019 1453 1390 1524 sapientiam,
1423 1456 1480 1506 et
1526 1451 1664 1522 quia
1718 1451 1807 1503 vir
1852 1449 2073 1504 miseri-

429 1561 558 1600 cors
615 1561 648 1598 a
678 1543 795 1598 Deo
827 1548 888 1597 tu
919 1559 980 1596 es
1017 1560 1029 1597 :
1063 1547 1118 1596 et
1150 1546 1408 1613 potestas
1436 1541 1571 1594 data
1615 1543 1702 1594 est
1748 1539 1854 1592 tibi
1905 1555 2078 1606 super

426 1649 632 1689 omnes
665 1632 913 1704 spiritus
945 1631 1133 1686 aerios
1157 1638 1211 1685 et
1229 1636 1529 1686 terrestres
1551 1633 1608 1683 et
1634 1629 2069 1682 subterraneos.

427 1722 712 1786 Quoniam
747 1721 989 1792 spiritus
1019 1720 1249 1774 exsistit
1279 1719 1338 1772 in
1373 1720 1606 1789 regione
1628 1717 1853 1771 Arabiae
1886 1714 2019 1770 talis
2055 1732 2067 1770 :

2194 556 2460 631 μυριάδας
2514 559 2724 632 ἱκατὸν,
2755 561 2844 615 καὶ
2903 559 3118 637 χαλκοῦ
3185 560 3460 630 ὲκλεκτοῦ,
3496 564 3576 618 καὶ
3628 565 3781 635 εἰσῆλ-

2189 649 2272 702 θεν
2332 648 2408 712 εἷς
2456 649 2546 703 τὸν
2615 649 2780 704 ναόν·
2841 653 2927 705 καὶ
2979 651 3042 705 τὸ
3092 654 3507 726 θυσιαστήριον,
3559 653 3636 708 καὶ
3681 655 3784 716 τοὺς

2187 737 2490 811 ἀναφόρους
2519 737 2649 800 τοὺς
2691 736 2934 813 χαλκοῦς
2982 745 3078 794 τοῦ
3125 741 3504 815 θυσιαστηρίου
3554 744 3632 796 καὶ
3680 743 3784 805 τοὺς

2186 823 2374 888 λίθους
2451 830 2560 881 τῶν
2654 825 2874 902 λύχνων
2951 829 3404 905 ἐξαστράπτοντας
3453 828 3507 884 lx
3554 828 3784 908 διασύρων

2185 915 2522 990 χρωμάτων,
2553 916 2643 970 καὶ
2705 916 2934 993 Αυχνίου
2989 922 3086 972 τοῦ
3147 917 3321 989 λίθου,
3353 919 3440 972 καὶ
3497 917 3786 995 σμαράγδου,

2183 1003 2271 1058 καὶ
2357 1003 2634 1073 ὑακίνθου,
2693 1007 2783 1059 καὶ
2839 1006 3160 1085 σαπφείρου,
3219 1008 3311 1062 καὶ
3369 1005 3496 1062 εἶδεν
3545 1008 3605 1062 τὰ
3652 1009 3787 1080 σκεύη

2181 1095 2248 1148 τά
2278 1097 2455 1168 χρυσᾶ
2493 1094 2582 1148 καὶ
2615 1094 2838 1170 ἀργυρᾶ,
2871 1095 2960 1150 καὶ
3007 1095 3212 1171 χαλκᾶ,
3241 1097 3330 1150 καὶ
3382 1095 3580 1168 ξύλινα,
3621 1098 3699 1151 καὶ
3742 1096 3792 1152 ἐκ

2185 1179 2465 1257 δερμάτων
2525 1182 2834 1256 άπλώματα
2892 1182 3411 1260 ἠρυθροδανόμενά·
3470 1185 3553 1239 καὶ
3600 1183 3670 1240 ἴδε
3713 1186 3792 1249 τὰς

2188 1272 2369 1346 βάσεις
2399 1276 2507 1326 τῶν
2537 1273 2736 1327 κιόνων
2766 1277 2863 1328 τοῦ
2894 1279 3024 1328 ναοῦ
3083 1275 3306 1349 Κυρίου·
3343 1275 3398 1328 οἱ
3447 1272 3623 1334 πάντες
3676 1295 3790 1350 χρυ-

2183 1360 2300 1414 σίου
2331 1359 2463 1424 ἑνός’
2499 1360 2677 1436 χωρὶς
2707 1366 2816 1416 τῶν
2869 1359 3144 1434 δαιμόνων
3206 1364 3280 1417 ὧν
3335 1361 3610 1436 κατέκρινα
3659 1362 3792 1437 ἐργά-

2187 1454 2384 1517 ζεσθαι’
2435 1449 2525 1504 καὶ
2583 1450 2648 1518 ἦν
2709 1451 2900 1522 εἰρήνη
2961 1450 3152 1524 κύκλῳ
3211 1458 3310 1520 τῆς
3371 1449 3635 1526 βασιλείας
3687 1473 3792 1523 μου,

2181 1539 2270 1593 καὶ
2333 1539 2418 1593 ἐπὶ
2475 1539 2654 1610 πάσης
2703 1547 2804 1610 τῆς
2856 1548 2978 1617 γῆς.
3015 1541 3112 1596 Καὶ
3145 1539 3357 1616 ἐγένετο
3389 1540 3439 1594 ἐν
3469 1546 3544 1612 τῷ
3575 1541 3693 1596 εἷναί
3738 1563 3794 1613 με

2183 1628 2234 1682 ἐν
2267 1632 2334 1702 τῇ
2365 1627 2612 1702 βασιλείᾳ
2645 1650 2771 1702 μου,
2803 1628 3086 1684 ἀπέστειλέ
3119 1650 3211 1702 μοι
3262 1627 3552 1698 ἐπιστολὴν
3596 1630 3621 1683 ὁ
3667 1631 3796 1703 βασι-

2182 1716 2307 1780 λεὺς
2361 1713 2604 1791 Ἀράϐων
2662 1715 2979 1796 Ἀδάρης,ἡ
3039 1717 3095 1772 δὲ
3146 1718 3327 1796 γραφὴ
3381 1725 3480 1788 τῆς
3537 1718 3796 1786 ἰπιστολῆς

428 1811 485 1866 in
523 1811 810 1866 matutino
841 1810 1027 1881 surgit
1049 1809 1222 1862 ﬂatus
1246 1807 1397 1861 venti
1425 1822 1609 1876 usque
1642 1807 1708 1860 ad
1732 1805 1905 1860 boras
1929 1810 2066 1874 tres,

2182 1801 2405 1881 ἔγραφεν
2469 1805 2671 1868 οὕτως·
2732 1794 2955 1862 Ιξασιλεῖ
3015 1794 3342 1880 Σολομῶντι
3407 1807 3643 1882 χαίρειν·
3696 1804 3796 1862 ὶδοὺ

426 1905 484 1956 et
517 1899 692 1954 flatus
717 1899 844 1968 ejus
881 1896 1159 1952 terribilis
1188 1900 1246 1951 et
1283 1895 1592 1963 exitiosus,
1621 1900 1678 1948 et
1709 1893 1974 1948 homines
2014 1899 2070 1948 et

415 1989 692 2059 jumenta
722 1987 1015 2052 interficit,
1041 2002 1147 2041 nec
1179 1985 1300 2040 ulla
1322 1984 1449 2056 quit
1470 1984 1650 2038 herba
1671 1983 1949 2038 exsistere
1976 1999 2070 2038 su-

422 2091 525 2147 per
554 2079 770 2129 terram
829 2091 862 2128 a
921 2074 1068 2128 facie
1129 2072 1414 2128 daemonis
1472 2071 1656 2126 illius.
1714 2074 1826 2125 Oro
1868 2070 2067 2141 igitur,

419 2164 699 2236 quoniam
727 2163 882 2218 sicut
913 2167 1121 2218 ventus
1154 2168 1243 2218 est
1270 2162 1535 2232 spiritus,
1560 2161 1824 2231 excogita
1845 2159 2066 2231 aliquid

420 2254 748 2310 secundum
799 2253 995 2308 datam
1049 2253 1154 2306 tibi
1211 2251 1565 2322 sapientiam
1599 2267 1631 2305 a
1662 2250 1908 2304 Domino
1957 2254 2070 2304 Deo

417 2349 518 2399 tuo
546 2360 558 2409 ;
595 2346 652 2397 et
685 2342 946 2414 digneris
979 2341 1210 2396 mittere
1242 2345 1537 2412 potentem
1570 2340 1760 2394 virum
1786 2339 1885 2409 qui
1919 2355 2070 2394 com—

421 2436 620 2505 pescat
649 2448 805 2488 cum.
841 2431 908 2486 Et
939 2447 1070 2486 ecce
1099 2447 1217 2499 ero,
1270 2447 1366 2485 rex
1395 2430 1693 2494 Salomon,
1737 2446 1842 2500 ego
1877 2434 1933 2484 et
1964 2445 2068 2499 po-

417 2522 595 2593 pulus
636 2537 824 2587 meus,
860 2525 916 2575 et
948 2525 1102 2574 terra
1135 2535 1266 2573 mea
1297 2519 1515 2585 omnis,
1547 2518 1806 2573 serviens
1837 2518 1938 2572 tibi
1971 2535 2067 2572 us-

419 2626 533 2681 que
564 2610 636 2664 ad
668 2614 941 2674 mortem,
987 2613 1043 2662 et
1073 2607 1276 2662 subdit
1316 2623 1377 2662 se
1434 2607 1537 2662 tibi
1589 2608 1781 2661 omnis
1834 2606 2068 2672 Arabia,

420 2699 594 2753 modo
619 2697 919 2768 justitiam
955 2695 1106 2750 hanc
1142 2696 1322 2750 facias
1356 2695 1545 2750 nobis.
1573 2697 1760 2760 Quare
1792 2712 2068 2767 rogamus

421 2791 498 2852 te,
535 2803 604 2841 ne
661 2784 953 2856 despicias
1004 2784 1499 2855 supplicationem
1552 2788 1835 2853 nostram,
1880 2802 2069 2856 neque

425 2875 690 2947 negligas
718 2879 978 2947 spretam
1003 2879 1166 2929 tuam
1193 2874 1575 2945 provinciam,
1601 2880 1657 2929 et
1709 2874 1916 2930 ditioni
1955 2880 2068 2930 tuas

428 2965 752 3035 subjectam
788 2963 1055 3035 perﬁcies
1089 2980 1102 3018 :
1136 2963 1220 3017 tui
1271 2963 1427 3018 enim
1476 2961 1774 3033 supplices
1835 2979 2065 3029 sumus,

426 3069 529 3122 ego
561 3055 617 3107 et
647 3052 899 3124 populus
929 3068 1096 3108 meus
1127 3056 1182 3107 et
1215 3052 1407 3107 omnis
1440 3057 1595 3106 terra
1625 3068 1775 3108 mea.
1798 3052 1949 3107 Bene
1971 3069 2066 3106 va-

423 3139 541 3197 lere
575 3141 892 3197 Dominum
920 3157 1118 3196 meum
1155 3141 1211 3196 in
1243 3141 1540 3197 omnibus.

2179 1894 2491 1966 ἠκούσαμεν
2545 1895 2636 1948 καὶ
2694 1895 2954 1949 ἀκουστὸν
3011 1894 3226 1970 γέγονεν
3288 1895 3364 1956 εἷς
3417 1896 3579 1949 πάντα
3617 1897 3676 1948 τά
3723 1895 3800 1948 πὲ-

2179 2004 2313 2058 ρατα
2367 1991 2466 2053 τῆς
2524 1990 2652 2058 γῆς,
2708 1986 2807 2054 τήν
2858 1983 2909 2038 ἰν
2960 1985 3046 2039 σοὶ
3103 1981 3402 2053 δεδομένην
3436 1983 3616 2058 σοφίαν
3647 1986 3796 2055 (sic)'

2251 2072 2265 2094 κ
2349 2072 2356 2088 ι
2473 2070 2500 2091 ιν
2942 2074 2954 2096 ι
3279 2073 3294 2092 \
3381 2080 3395 2093 ν
3742 2073 3752 2090 ι
3785 2091 3796 2104 ι

2178 2094 2268 2127 και
2327 2075 2409 2128 δτι
2465 2074 2747 2148 ανθρωπος
2828 2071 3082 2145 ἐλεημων
3156 2093 3303 2146 παρα
3356 2073 3556 2147 Κυρίου
3611 2073 3653 2126 εἶ
3701 2093 3755 2125 συ

2180 2161 2268 2217 καὶ
2328 2160 2530 2223 σύνεσις
2583 2159 2743 2232 ἐδόθη
2777 2183 2862 2216 σοι
2895 2161 2983 2217 ἐπὶ
3028 2163 3244 2217 πάντων
3273 2161 3587 2234 πνευμάτων
3630 2162 3796 2236 ἀερίων

2176 2271 2236 2304 τε
2284 2249 2374 2305 καὶ
2432 2249 2682 2325 ἐπιγείων
2737 2250 2828 2304 καὶ
2885 2250 3260 2326 καταχθονίων
3303 2269 3316 2282 ·
3379 2247 3566 2317 ἐπειδὴ
3618 2255 3799 2321 πνεῦμα

2179 2339 2432 2413 πάρεστιν
2495 2339 2544 2394 ἐν
2599 2339 2668 2414 τῇ
2728 2340 2888 2415 χώρᾳ
2943 2343 3040 2404 τῆς
3073 2334 3333 2415 Ἀραϐίας
3379 2337 3607 2394 τοιόνδε·
3641 2339 3685 2393 ἐν
3734 2342 3801 2409 τῷ

2181 2429 2391 2500 ἑωθινῷ
2442 2425 2667 2504 ἄρχεται
2723 2450 2805 2490 τις
2837 2425 2975 2504 αὔρα
3003 2428 3204 2501 ἆνὲμου
3262 2425 3369 2492 ἕως
3408 2430 3564 2504 ὡρῶν
3613 2431 3758 2503 τριῶν
3789 2447 3801 2459 ·

2181 2517 2270 2573 καὶ
2305 2521 2338 2587 ἡ
2371 2520 2511 2588 πτοὴ
2554 2517 2720 2572 αὑτοῦ
2769 2515 2915 2587 δεινή
2974 2517 3064 2572 καὶ
3120 2517 3364 2592 χαλεπήο
3397 2519 3487 2572 καὶ
3537 2517 3804 2580 ἀποκτείνει

2181 2607 2498 2680 ἀνθρώπους
2551 2607 2641 2661 καὶ
2698 2609 2894 2678 κτήνη’
2927 2608 3017 2661 καὶ
3077 2605 3138 2661 ού
3185 2605 3405 2662 δύναται
3433 2608 3571 2675 πνοὴ
3604 2604 3807 2677 οὐδεμία

2182 2698 2339 2764 ζῆσαι
2394 2696 2481 2750 ἐπὶ
2535 2702 2635 2765 τῆς
2689 2703 2812 2770 γῆς,
2845 2694 3084 2750 ἰναντίον
3142 2699 3242 2749 τοῦ
3292 2693 3549 2768 δαίμονος
3603 2694 3802 2748 ἐκείνου.

2180 2785 2381 2857 Δέομαι
2414 2785 2503 2838 οὖν
2537 2781 2724 2852 ἐπειδὴ
2758 2784 2831 2846 ὡς
2865 2782 3065 2856 ἄνεμός
3092 2783 3202 2838 ἐστι
3255 2783 3319 2838 τὸ
3374 2787 3588 2855 πνεῦμα
3644 2781 3806 2856 ademi

2175 2895 2230 2928 τι
2260 2873 2394 2927 κατά
2420 2874 2519 2941 τὴν
2574 2870 2870 2945 δεδομένην
2923 2894 3009 2928 σ..
3069 2873 3259 2950 σοφίαν
3324 2870 3431 2927 ὑπὸ
3483 2871 3675 2946 Κυρίου
3723 2873 3804 2924 τοῦ

2179 2966 2316 3017 Θεοῦ
2374 2983 2468 3016 σου
2503 2981 2517 2995 ·
2576 2961 2665 3016 καὶ
2724 2961 3061 3032 καταξίωσον
3144 2961 3468 3017 ἀποστεῖλαι
3536 2959 3801 3032 δυνάμενον

2177 3051 2461 3125 ἄνθρωπον
2516 3045 2884 3113 συλλαϐέσθαι
2933 3049 3080 3104 αύτῶ
3115 3053 3256 3121 (sic).
3295 3051 3394 3104 Καὶ
3440 3047 3559 3104 ἰδοὺ
3615 3043 3803 3120 ἔσομαι,

2181 3139 2406 3216 βασιλεῦ
2439 3137 2732 3212 Σολομῶν⁹
2767 3139 2872 3216 ἐγώ
2902 3161 2960 3194 τε
2987 3138 3078 3192 καὶ
3111 3139 3138 3192 ὁ
3183 3137 3315 3200 λαός
3372 3160 3502 3210 μου,
3534 3137 3623 3192 καὶ
3670 3139 3700 3205 ἡ
3741 3138 3806 3209 γῆ

427 3250 531 3301 μου
564 3235 707 3283 πᾶσα
741 3225 911 3298 δουλή
947 3249 1042 3282 σου
1071 3225 1175 3290 ἕως
1209 3230 1457 3291 θανάτου·
1489 3229 1578 3283 καὶ
1613 3229 1818 3301 είρηνεῖ
1842 3250 1898 3283 σε
1931 3235 2071 3283 πᾶσα
2101 3224 2381 3304 Ἀῥραϐίαο
2416 3227 2610 3304 ἰάνπερ
2639 3227 2841 3298 ταύτην
2873 3228 2971 3296 τὴν
3006 3225 3350 3295 δικαιοσύνην
3391 3229 3642 3296 ποιήσεις
3671 3228 3807 3296 ἡμῖν·

421 3314 505 3371 διὸ
548 3315 782 3390 δεόμεθά
812 3337 906 3372 σου
933 3319 1008 3390 μὴ
1044 3312 1398 3391 παραϐλὲψῃς
1429 3319 1528 3386 τὴν
1557 3315 1759 3372 ἱκεσίαν
1791 3320 1972 3391 ἡμῶν,
2005 3317 2094 3373 καὶ
2131 3319 2206 3391 μή
2241 3316 2663 3391 ἓξουθενημένην
2693 3318 2793 3386 τήν
2827 3319 2924 3386 σήν
2959 3318 3213 3370 ὑποτελεῖ
3247 3315 3338 3369 καὶ
3392 3313 3808 3389 ὑποτεταγμένην

419 3403 684 3481 ὶπαρχίαν
724 3403 1062 3460 ἀποτελέσειο
1089 3404 1170 3460 ὅτι
1201 3426 1297 3460 του
1331 3404 1503 3460 ἱκέται
1535 3404 1715 3479 ἐσμὲν,
1749 3404 1854 3482 ἐγώ
1896 3427 1955 3461 τε
2001 3405 2089 3461 καὶ
2140 3407 2168 3461 ὁ
2224 3405 2356 3469 λαός
2408 3427 2514 3480 μου
2569 3405 2657 3461 καὶ
2714 3411 2859 3461 πᾶσα
2897 3407 2930 3475 ἠ
2961 3407 3030 3482 γῆ
3086 3424 3212 3479 μου·
3247 3402 3519 3482 ἐρρῶσθαι
3561 3404 3648 3460 τὸν
3695 3401 3810 3476 ἐμὸν

418 3493 616 3570 Κύριον
650 3490 738 3548 διὰ
768 3494 989 3556 παντός.

489 3623 605 3695 Ego
637 3621 934 3690 Salomon,
988 3639 1120 3678 cum
1174 3621 1450 3694 legissem
1501 3623 1746 3692 litteras,
1780 3627 1837 3680 et
1885 3623 2066 3696 expli-
2100 3624 2142 3692 C

419 3728 646 3768 cassem
678 3728 777 3767 eas
807 3712 938 3767 dedi
971 3711 1185 3784 populo
1219 3728 1369 3780 meo,
1411 3713 1611 3769 dicens
1641 3713 1690 3768 ei
1719 3731 1731 3768 :
1757 3714 1896 3769 Post
1930 3713 2060 3769 dies

418 3806 665 3872 septem,
699 3801 758 3854 in
815 3802 1155 3855 memoriam
1218 3802 1514 3856 revocabis
1563 3802 1706 3856 mihi
1755 3801 2064 3873 epistolam

419 3888 590 3944 hanc.
625 3889 696 3943 Et
725 3889 1192 3944 eratJerusalem
1213 3889 1499 3946 aediﬁcata
1518 3897 1573 3945 et
1605 3891 1890 3961 templum
1915 3908 2068 3946 com-

417 3977 711 4050 plebatur.
745 3978 812 4032 Et
843 3983 968 4032 erat
998 3978 1151 4050 lapis
1183 3978 1504 4051 singularis
1537 3997 1789 4051 magnus
1821 3980 2064 4047 electus,

418 4083 595 4139 quem
624 4067 886 4122 volebam
918 4082 1134 4138 ponere
1163 4083 1341 4138 super
1370 4073 1547 4140 caput
1576 4069 1777 4141 anguli
1808 4069 2066 4141 comple-

419 4154 602 4210 menti
635 4156 785 4226 ejus;
820 4158 875 4209 et
907 4171 1112 4210 omnes
1144 4155 1394 4226 operarii
1448 4162 1504 4211 et
1552 4158 1742 4212 cuncti
1776 4158 2067 4212 dmmones

418 4243 845 4300 collaborantes
896 4248 1182 4299 venerunt
1233 4245 1304 4299 ad
1354 4243 1484 4315 hoc,
1529 4249 1600 4312 ut
1641 4263 1878 4301 sursum
1914 4245 2066 4301 leva-

423 4337 551 4387 rent
581 4331 858 4402 lapidem,
892 4337 1248 4404 exponerent
1290 4349 1468 4404 super
1509 4333 1887 4403 pinnaculum
1919 4339 2068 4391 tem-

418 4421 498 4492 pli
532 4421 741 4485 sancti,
777 4425 834 4476 et
885 4438 999 4476 non
1054 4426 1366 4492 potuerent
1411 4439 1776 4478 commovere
1823 4440 1981 4490 eum,
2014 4427 2070 4478 et

417 4524 631 4580 ponere
665 4526 843 4579 super
873 4510 1155 4582 angulum
1211 4516 1639 4582 praeparatum;
1687 4517 1809 4566 erat
1853 4513 2070 4584 quippe

418 4595 568 4666 lapis
588 4596 699 4652 iste
724 4613 974 4669 magnus
995 4598 1248 4666 valde,et
1269 4601 1685 4656 accommodus
1709 4601 1765 4655 in
1786 4601 2068 4673 angulum

419 4683 648 4756 templi.
684 4686 754 4740 Et
785 4691 916 4757 post
947 4687 1070 4742 dies
1113 4693 1362 4759 septem,
1413 4691 1753 4745 recordatus
1804 4690 2070 4762 epistolae

416 4773 626 4828 Adaris
684 4773 836 4846 regis
899 4775 1403 4840 Arabum,vocavi
1463 4793 1711 4846 puerum
1766 4795 1963 4834 meum
2014 4784 2072 4836 et

419 4862 537 4917 dixi
563 4863 848 4935 :Dispone
885 4864 1178 4919 camelum
1205 4870 1400 4936 tuum,
1447 4872 1503 4922 et
1549 4884 1718 4923 sume
1750 4873 1944 4924 tecum
1986 4875 2071 4924 ut-

2249 3623 2389 3698 Ἐγὼ
2444 3619 2502 3677 δὶ
2570 3619 2840 3694 Σολομῶν
2910 3621 3173 3697 ἀναγνοὺς
3227 3621 3325 3690 τὴν
3386 3617 3680 3686 επιστολὴν
3733 3614 3813 3669 καὶ

2175 3710 2474 3781 ἀναπτύξας
2511 3709 2678 3780 αὐτὴν
2706 3708 2959 3765 ἀπέδωκα
2987 3709 3140 3781 τῷλα
3171 3713 3216 3781 ᾦ
3266 3731 3370 3783 μου
3417 3709 3587 3764 εἰπὼν
3638 3707 3774 3776 αὐτῷ
3797 3722 3810 3736 ·

2181 3801 2314 3874 μετὰ
2343 3799 2475 3854 ἒπτὰ
2521 3800 2729 3874 ἡμέρας
2784 3799 3121 3869 ὑπομνήσεις
3171 3819 3235 3872 με
3290 3798 3416 3872 περὶ
3463 3805 3564 3867 τῆς
3619 3795 3814 3850 ἐπιστο-

2178 3889 2280 3958 λῆς
2336 3889 2558 3958 ταύτης.
2612 3888 2716 3943 Καὶ
2763 3887 2828 3956 ἦν
3016 3885 3378 3962 Ἱερουσαλὴμ
3436 3882 3815 3958 ᾠκοδομουμὲ-

2174 3999 2261 4049 νη,
2308 3978 2398 4033 καὶ
2444 3978 2471 4032 ὁ
2519 3978 2644 4039 ναὸς
2696 3998 2787 4031 συν
2827 3975 3136 4050 πληροῦτο.
3184 3977 3280 4030 Καὶ
3335 3975 3401 4043 ἦν
3464 3973 3619 4038 λίθος
3671 3974 3816 4044 ἀκρο-

2175 4071 2433 4141 γωνιαῖος
2490 4067 2740 4139 κείμενος
2802 4066 2967 4140 μέγας
3025 4061 3304 4134 ἐκλεκτὸς,
3367 4062 3555 4118 ὅντινα
3609 4056 3816 4116 ἐϐουλό-

2180 4176 2286 4226 μην
2319 4157 2485 4210 θεῖναι
2520 4154 2597 4216 εἰς
2625 4155 2726 4222 τὴν
2759 4149 3002 4231 κεφαλὴν
3036 4159 3133 4223 τῆς
3174 4153 3373 4227 γωνίας
3425 4155 3528 4221 τῆς
3576 4146 3818 4223 συμπλη-

2177 4245 2398 4319 ρώσεως
2445 4243 2638 4298 αὑτοῦ·
2684 4242 2774 4297 καὶ
2818 4241 3010 4303 πάντες
3071 4242 3123 4296 οἱ
3172 4247 3445 4316 τεχνῖται,
3496 4242 3584 4296 καὶ
3640 4239 3820 4295 πάντες

2178 4333 2229 4387 οἱ
2263 4331 2515 4405 δαίμονες
2548 4333 2600 4386 οἱ
2660 4335 3157 4406 συνυπουργοῦντες
3215 4330 3386 4399 ἦλθον
3451 4330 3542 4385 ἐπὶ
3599 4330 3660 4384 τὸ
3705 4326 3821 4381 αὑτὸ

2179 4421 2316 4476 ὥστε
2367 4421 2643 4495 ἀναγαγεῖν
2710 4421 2802 4475 τὸν
2856 4420 3008 4478 λίθον
3068 4419 3158 4474 καὶ
3219 4426 3383 4484 θεῖναι
3417 4419 3582 4473 αὑτὸν
3631 4415 3714 4471 ἐπὶ
3765 4412 3820 4468 τὰ

2177 4509 2464 4586 πτερύγιον
2519 4514 2617 4564 τοῦ
2670 4513 2801 4564 ναοῦ
2876 4513 2974 4564 τοῦ
3051 4510 3222 4585 ἱεροῦ,
3282 4509 3372 4564 καὶ
3449 4508 3554 4563 οὑκ
3610 4503 3820 4580 ἴσχυσαν

2181 4596 2435 4653 σαλεῦσαι
2506 4597 2702 4663 αὑτὸν,
2762 4595 2852 4652 καί
2913 4603 3080 4662 θεῖναι
3136 4599 3275 4673 πρὸς
3330 4597 3428 4664 τὴν
3483 4595 3686 4671 γωνίαν
3733 4594 3818 4659 τήν

2181 4689 2579 4761 θεματισμένην
2621 4686 2788 4759 αύτῷ*
2850 4686 2918 4756 ἧν
2975 4687 3077 4761 γὰρ
3137 4687 3165 4740 ὁ
3226 4686 3376 4748 λίθος
3437 4684 3645 4746 ἐκεῖνος
3697 4680 3822 4738 πάνυ

2184 4776 2373 4852 μέγας,
2404 4776 2493 4831 καὶ
2545 4778 2826 4852 χρήσιμος
2875 4774 2950 4837 είς
2995 4777 3096 4845 τήν
3142 4776 3337 4852 γωνίαν
3381 4779 3478 4829 τοῦ
3529 4774 3699 4848 ἱεροῦ.
3731 4768 3821 4827 Καὶ

2184 4866 2318 4940 μετὰ
2345 4867 2439 4929 τὰς
2471 4867 2604 4921 ἑπτὰ
2641 4867 2853 4940 ἡμέρας
2907 4865 3163 4937 μνησθεὶς
3207 4871 3308 4934 τῆς
3351 4862 3649 4933 ἐπιστολῆς
3681 4857 3824 4918 Ἀδά-

420 4968 557 5018 rem;
592 4952 787 5025 accipe
810 4958 866 5009 et
887 4953 1144 5024 sigillum
1188 4953 1318 5022 hoc,
1343 4959 1399 5009 et
1422 4957 1567 5011 vade
1597 4956 1652 5011 in
1675 4957 1970 5023 Arabiam,
1996 4959 2067 5013 ad

2186 4975 2282 5031 ρου
2337 4952 2606 5031 βασιλέως
2654 4949 2928 5030 Ἀράϐων,
2963 4952 3194 5008 ἐκάλεσα
3238 4954 3329 5008 τὸν
3375 4950 3550 5007 παῖδά
3597 4973 3700 5024 μου
3745 4947 3824 5002 καὶ

2211 5044 2232 5059 ιι
2432 5044 2444 5059 ς
2493 5049 2520 5058 .-
2587 5045 2645 5059 .τ-
2699 5044 2708 5059 1
2783 5044 2802 5059 υ
2969 5044 2982 5059 ι
3244 5041 3264 5059 ς
3295 5043 3308 5059 1
3629 5041 3644 5059 ς
3705 5038 3723 5059 \
3754 5031 3822 5059 (ﬂ-

415 5040 613 5097 locum
674 5042 732 5096 in
783 5058 897 5112 quo
957 5044 1144 5114 spirat
1196 5043 1439 5114 spiritus
1502 5045 1710 5113 malus,
1752 5051 1810 5101 et
1865 5064 2072 5118 appre-

419 5130 685 5186 hendens
738 5137 951 5202 utrem,
998 5136 1054 5186 et
1105 5131 1390 5187 annulum
1434 5138 1570 5189 ante
1602 5151 1667 5190 os
1691 5135 1839 5190 utris
1871 5137 1944 5191 ad
1975 5142 2074 5192 lla-

356 5279 361 5284 ,
418 5225 544 5275 tum
596 5220 865 5291 spiritus,
911 5237 1045 5275 cum
1098 5227 1272 5276 vento
1319 5222 1691 5278 distendetur
1748 5229 1896 5294 uter,
1930 5229 2073 5281 tunc

419 5307 714 5380 intelliges
768 5311 974 5364 adesse
1032 5309 1429 5380 spiritum:et
1478 5311 1786 5367 confestim
1831 5313 2071 5386 alligato

418 5397 570 5453 utris
598 5413 714 5465 ore,
751 5397 922 5469 signa
963 5397 1108 5453 illud
1141 5398 1337 5470 sigillo
1391 5398 1494 5455 boc
1530 5404 1586 5455 et
1629 5400 1864 5474 impone
1896 5419 2073 5474 super

2211 5044 2232 5066 ’ν
2432 5044 2444 5063 9
2493 5049 2520 5058 ι-
2587 5045 2599 5064 ν
2696 5044 2708 5084 γ
2969 5044 2987 5076 ιη
3629 5041 3644 5059 ι
3754 5031 3800 5056 ιβ

2185 5065 2333 5099 ειπον
2389 5065 2552 5115 αυτῳ.
2607 5044 2865 5113 Επ.ταξον
2925 5063 3023 5112 την
3085 5041 3338 5115 καμηλόν
3398 5062 3494 5097 σου
3554 5063 3646 5095 και
3705 5038 3826 5092 λαυε

2185 5134 2402 5188 σεαυτὸν
2447 5133 2628 5202 ἀσκὸν,
2663 5127 2798 5188 λάϐε
2845 5129 2903 5186 δὶ
2951 5131 3039 5186 καὶ
3081 5133 3179 5201 τὴν
3233 5151 3341 5208 φρη
3393 5133 3474 5203 (o?
3524 5132 3586 5186 cx?
3638 5131 3707 5201 t?)
3747 5132 3828 5200 γῖ⁴

2185 5219 2248 5277 δα
2299 5225 2411 5295 (14)
2470 5222 2671 5291 ταύτην
2707 5239 2720 5251 ⁶
2780 5222 2870 5275 καὶ
2931 5218 3134 5285 ἄπελθε
3194 5219 3270 5281 εἷς
3297 5223 3395 5289 τήν
3430 5215 3688 5296 Ἀραϐίαν
3747 5215 3825 5269 ἐπὶ

2180 5312 2271 5366 τὸν
2320 5311 2485 5366 τόπον
2540 5309 2592 5365 ἐν
2642 5311 2687 5384 ᾧ
2734 5309 2795 5365 τὸ
2842 5310 3082 5385 πονηρὸν
3116 5313 3328 5382 πνεῦμα
3357 5312 3526 5363 πνέει·
3561 5309 3650 5362 καὶ
3710 5326 3829 5379 κρα-

2179 5403 2349 5472 τήσας
2407 5400 2498 5456 τὸν
2557 5399 2742 5471 ἀσκὸν,
2803 5399 2893 5453 καὶ
2961 5400 3024 5454 τὸ
3103 5395 3450 5454 δακτυλίδιον
3534 5391 3825 5470 ἔμπροσθεν

491 5663 604 5735 (44)
637 5663 800 5719 Certe
823 5679 936 5719 non
972 5665 1262 5739 scriptum
1289 5683 1302 5722 :
1340 5663 1630 5742 σφραγῖδα,
1662 5666 1769 5723 etsi
1801 5667 1910 5724 hoc
1935 5684 2062 5727 esse
2086 5671 2292 5743 possit.
