4018 6220
234 236 388 294 -l3".3

1380 230 1981 296 TWSTAMENTUM
2027 234 2065 292 S
2086 235 2116 290 Α.
2130 233 2476 292 1.0MONIS
2491 276 2504 289 .

3493 235 3653 293 1354

228 370 324 418 τοῦ
385 364 657 436 στόματος
711 369 808 420 τοῦ
865 366 1035 420 ἀσκοῦ
1085 366 1222 422 κατὰ
1268 368 1368 436 τὴν
1399 367 1570 435 πνοὴν
1603 369 1698 420 τοῦ
1726 362 1888 418 πνεύ-

2016 363 2290 421 3amelum
2344 368 2536 430 tuum,
2568 367 2626 419 et
2674 364 2815 420 aﬂ‘er
2863 364 3007 419 mihi
3057 365 3216 432 huc;
3271 369 3330 420 et
3375 365 3423 421 si
3472 366 3529 420 in
3564 368 3657 423 vis.

232 474 430 525 ματος,
473 453 563 508 καὶ
623 453 675 507 ἐν
736 459 814 525 τῷ
870 456 1329 526 πνευματωθῖψαι
1385 456 1477 509 τὸν
1536 455 1720 521 ἀσκὸν,
1767 452 1892 508 τότε

230 544 480 612 συνήσεις
517 543 598 596 ὅτι
643 543 670 597 6
716 540 926 615 δαίμων
981 543 1127 598 ἐστί·
1171 545 1262 598 καὶ
1322 541 1532 616 σπουδῇ
1591 540 1887 617 περιδήσας

231 633 293 686 τὸ
327 632 504 704 στόμα
532 637 630 685 τοῦ
683 633 872 698 ἀσκοῦ,
903 634 1342 708 κατασφράγισον
1387 633 1550 687 αὐτὸν
1605 630 1737 704 μετά
1793 634 1890 684 τοῦ

234 719 611 787 δακτυλιδίου,
657 723 745 775 καὶ
798 721 1042 792 ἐπίταξον
1102 721 1262 776 αὐτὸν
1321 722 1407 776 ἐπὶ
1457 725 1556 790 τήν
1610 718 1888 793 κάμηλον,

231 809 325 862 καὶ
381 808 609 880 κόμισόν
669 830 763 880 μοι
841 808 1067 864 ἐνθάδε·
1118 811 1206 863 καὶ
1274 809 1362 864 ἐὰν
1422 810 1558 865 κατά
1607 810 1704 876 τήν
1764 805 1888 861 ὁδὸν

229 898 380 968 τάξοι
432 920 513 953 σοι
567 900 796 973 χρυσίον
840 898 875 967 ἢ
922 900 1180 974 ἀργύριον
1218 899 1252 967 ἢ
1285 899 1589 972 θησαυροὺς
1616 897 1705 952 ’ίνα
1763 899 1892 951 ἀπο-

2001 450 2384 527 spoponderit
2412 454 2518 506 tibi
2552 470 2762 508 aurum
2796 453 2880 508 vel
2933 462 3239 523 argentum
3285 453 3373 508 vel
3419 456 3658 510 thesau-

1999 560 2118 608 ros,
2154 548 2219 597 ut
2250 540 2442 597 solvas
2473 557 2629 604 eum,
2653 542 2782 594 vide
2807 558 2878 596 ne
2912 542 3118 607 facias;
3146 543 3243 596 sed
3270 542 3657 614 (memineris)

2001 633 2268 704 prmcepti
2306 647 2437 684 cum
2483 631 2849 700 juramento,
2885 635 2949 684 ut
2980 631 3097 702 (ne)
3133 629 3362 698 solvas;
3395 638 3452 685 et
3479 633 3528 687 ei
3559 649 3658 688 os-

2001 720 2254 776 tenderit
2284 720 2384 773 tibi
2430 719 2557 773 loca
2587 721 2709 773 auri
2756 724 2812 773 et
2861 720 3108 790 argenti,
3142 724 3454 790 postquam
3489 726 3657 776 nota-

1999 809 2153 862 veris
2185 808 2328 865 loca.
2363 809 2530 877 signa
2576 807 2770 878 sigillo
2802 809 2931 873 hoc,
2965 814 3021 862 et
3070 811 3257 863 adduc
3301 824 3434 863 eum
3469 810 3653 878 mihi;

1994 897 2116 965 jam
2150 899 2294 950 vade
2320 900 2377 950 in
2416 913 2692 966 prospera
2721 897 3072 951 valetudine.

228 986 404 1061 λύσῃς
457 986 636 1044 αὐτὸν.
696 985 865 1061 βλέπε
925 990 998 1060 μὴ
1058 993 1286 1062 πεισθῇς
1320 1008 1332 1022 ·
1395 987 1543 1044 ἀλλὰ
1608 987 1875 1056 σύνταξαι,
1927 981 2043 1050 ἄνα,
2095 983 2260 1056 ὅρκου
2328 982 2597 1037 ἀπολῦσαι
2634 1003 2646 1016 ·

2704 985 2791 1037 καὶ
2846 982 2936 1037 ἐὰν
2994 981 3254 1056 ἀποδείξῃ
3309 1006 3393 1039 σοι
3453 987 3658 1050 τόπους

223 1075 460 1152 χρυσίου
515 1077 550 1146 ἢ
604 1075 892 1150 ἀργυρίου,
951 1077 1395 1149 σημειωσάμενος
1469 1076 1596 1137 τοὺς
1647 1075 1847 1136 τόπους
1900 1071 2187 1150 σφράγισαι
2236 1073 2338 1141 τήν
2419 1068 2685 1150 σφραγῖδα
2733 1071 2958 1140 ταύτην,
3016 1071 3105 1126 καὶ
3164 1071 3338 1147 ἄπαγέ
3407 1095 3498 1146 μοι
3562 1076 3657 1130 αὐ-

222 1165 320 1219 τόν
348 1185 361 1196 ·
394 1162 504 1235 ἤδη
538 1165 738 1228 ἄπελθε
773 1164 1051 1240 ὑγιαίνων.

303 1288 444 1347 Τότε
503 1291 530 1344 6
585 1295 710 1351 παῖς
763 1291 830 1344 τὰ
890 1289 1252 1365 ἐντεταλμένα
1294 1289 1441 1363 αὐτῷ
1498 1291 1744 1361 ἐποίησε,
1805 1284 1896 1342 καὶ

231 1378 456 1451 ἐπέταξε
508 1381 609 1450 τήν
667 1377 950 1453 κάμηλον,
1009 1380 1100 1435 καὶ
1185 1379 1342 1452 ἔθηκε
1397 1380 1489 1436 τὸν
1578 1380 1736 1435 ἀσκὸν
1805 1377 1896 1433 καὶ

229 1467 503 1544 ἐπορεύθη
566 1467 644 1531 εἷς
693 1471 792 1539 τήν
854 1465 1112 1544 Ἀραϐίαν
1149 1491 1160 1505 ο
1221 1471 1310 1526 καὶ
1360 1470 1415 1524 οἱ
1476 1467 1750 1546 ἄνθρωποι
1798 1471 1896 1523 τοῦ

227 1559 405 1614 τόπου
431 1557 644 1613 ἰκείνοῦ
675 1559 961 1631 ἠπίστουν,
995 1559 1040 1614 εἶ
1097 1557 1197 1636 ἄρα
1258 1557 1541 1632 δυνήσεται
1601 1559 1664 1614 τὸ
1723 1578 1895 1627 πονη-

230 1648 328 1723 ρὸν
408 1651 622 1722 πνεῦμα
707 1643 1091 1706 συλλαϐέσθαι.
1153 1651 1392 1724 ’Ὀρθρου
1463 1645 1520 1703 δὲ
1577 1647 1894 1732 γενομένου,

228 1736 461 1798 ἀναστὰς
520 1739 549 1792 6
590 1734 807 1808 οἰκέτης
864 1735 990 1808 ἔστη
1044 1739 1381 1793 κατενώπιον
1436 1742 1534 1793 τοῦ
1587 1735 1897 1810 πνεύματος

225 1832 333 1895 τῆς
392 1827 588 1894 πνοῆς,
620 1824 709 1879 καὶ
741 1821 902 1896 ἔθηκε
929 1827 1021 1881 τὸν
1081 1828 1244 1882 ἀσκὸν
1296 1825 1382 1882 ἐπὶ
1439 1827 1502 1882 τὸ
1556 1823 1774 1905 ἔδαφος,
1806 1825 1895 1879 καὶ

224 1915 290 1969 τὸ
343 1912 689 1970 δακτυλίδιον
751 1913 838 1969 ἐπὶ
906 1919 1003 1970 τοῦ
1062 1913 1333 1990 στὸματος
1388 1920 1482 1971 τοῦ
1542 1916 1745 1970 ἀσκοῦ·
1805 1927 1893 1981 καὶ

2075 1288 2237 1343 Tunc
2281 1304 2425 1360 puer
2466 1287 2754 1359 imperata
2805 1287 2917 1344 sibi
2975 1288 3137 1356 fecit;
3190 1287 3416 1361 paravit
3468 1305 3658 1346 came-

2006 1377 2153 1449 lum,
2188 1378 2472 1449 imposuit
2505 1381 2714 1443 utrem,
2747 1383 2804 1433 et
2839 1378 2983 1433 abiit
3015 1378 3070 1433 in
3124 1379 3418 1434 Arabiam.
3455 1379 3524 1434 Et
3554 1379 3662 1434 viri

2005 1467 2116 1522 loci
2147 1466 2306 1523 illius
2340 1484 2451 1522 non
2486 1467 2802 1523 credebant
2833 1468 2984 1538 quod
3013 1476 3211 1540 posset
3244 1468 3516 1540 spiritum
3547 1485 3664 1524 ma-

2005 1553 2128 1609 lum
2151 1555 2585 1628 apprehendere
2611 1574 2622 1624 ;
2651 1573 2821 1611 mane
2841 1562 3035 1613 autem
3055 1558 3229 1625 facto,
3251 1573 3496 1630 surgens
3519 1575 3664 1630 puer

2008 1646 2169 1702 stetit
2227 1653 2360 1702 ante
2410 1649 2614 1703 ﬂatum
2667 1649 2844 1716 venti,
2894 1653 2951 1705 et
2999 1650 3198 1721 posuit
3245 1654 3433 1706 utrem
3486 1666 3663 1721 super

2006 1736 2428 1807 pavimentum,
2479 1741 2537 1792 et
2581 1737 2864 1793 annulum
2921 1739 2992 1793 ad
3037 1755 3103 1794 os
3155 1738 3338 1807 ulris;
3389 1743 3446 1795 et
3505 1738 3664 1794 ﬂavit

2006 1826 2231 1881 damon
2292 1843 2395 1899 per
2442 1818 2700 1882 medium
2754 1827 2981 1896 annuli,
3029 1828 3085 1882 in
3139 1845 3204 1884 os
3253 1829 3422 1899 utris,
3468 1832 3524 1884 et
3572 1827 3660 1882 in-

2010 1915 2282 1986 grediens
2312 1920 2481 1971 vento
2513 1915 2794 1972 distendit
2816 1921 3029 1972 utrem.
3054 1916 3156 1971 Vir
3186 1921 3382 1972 autem
3413 1932 3662 1988 surgens

223 1999 479 2057 ἔπνευσεν
528 2003 556 2056 6
608 1999 818 2074 δαίμων
849 1999 938 2056 διὰ
974 2004 1140 2076 μέσον)
1168 2007 1266 2058 τοῦ
1299 1999 1652 2057 δακτυλιδίου
1710 2001 1784 2062 εἷς
1830 2001 1892 2055 τὸ

2325 1967 2474 1971 γε---
2517 1967 3028 1972 _._---__,-_-_--__
3189 1967 3382 1972 πη---
3415 1967 3660 1988 “tow-

2016 2002 2146 2070 cito,
2205 2004 2442 2059 strinxit
2513 2021 2686 2060 manu
2762 2023 2826 2060 os
2900 2005 3069 2073 utris,
3132 2006 3190 2061 in
3252 2007 3490 2062 nomine
3563 2003 3664 2060 Dei

227 2091 411 2164 στόμα
469 2095 566 2146 τοῦ
631 2091 821 2164 ἀσκοῦ,
869 2092 958 2146 καὶ
1027 2091 1284 2147 εἴσελθὼν
1356 2091 1737 2164 ἐπνευμάτωσε
1800 2091 1892 2145 τὸν

226 2179 414 2236 ἀσκόν.
449 2181 510 2237 Ὁ
567 2177 642 2247 δὲ,
679 2177 964 2255 ἅνθρωπος
1020 2179 1294 2244 ἐνσταθεὶς
1351 2180 1567 2249 εὐθέως,
1631 2177 1894 2254 ἔστρινξεν

227 2273 299 2341 τῇ
361 2268 508 2344 χειρὶ
569 2269 632 2322 τὸ
693 2269 868 2341 στόμα
917 2274 1015 2324 τοῦ
1072 2269 1244 2324 ἀσκοῦ
1302 2269 1354 2325 ἐν
1415 2269 1644 2343 ὀνόματι
1696 2267 1898 2343 Κυρίου

230 2362 332 2412 τοῦ
399 2362 532 2412 Θεοῦ
585 2353 834 2425 Σαϐαὼθ,
895 2359 982 2413 καὶ
1035 2354 1242 2432 ἔμεινεν
1302 2354 1407 2413 ἔσω
1464 2359 1492 2412 6
1554 2356 1764 2430 δαίμων
1822 2356 1899 2421 εἷς

233 2449 332 2501 τὸν
394 2447 577 2514 ἀσκὸν,
633 2448 719 2502 καὶ
779 2450 913 2520 μετὰ
966 2453 1127 2502 τοῦτο
1195 2445 1402 2520 ἔμεινεν
1457 2449 1484 2501 6
1541 2452 1670 2508 παῖς
1729 2446 1780 2500 έν
1825 2448 1896 2519 τῇ

234 2538 401 2610 χώρᾳ
437 2536 613 2609 ἐκείνῃ
650 2535 860 2613 ἡμέρας
914 2543 1062 2610 τρεῖς
1123 2536 1198 2599 εἷς
1247 2534 1524 2610 ἐπίδειξιν·
1567 2536 1657 2591 καὶ
1717 2534 1897 2590 οὐκέτι

235 2625 460 2680 ἔπνευσε
517 2625 579 2679 τὸ
636 2629 850 2698 πνεῦμα
918 2624 1087 2680 πλέον
1161 2630 1232 2700 τῇ
1309 2626 1466 2680 πόλει
1545 2623 1751 2699 ἐκείνῃ·
1808 2623 1898 2678 καὶ

234 2713 471 2788 ἔγνωσαν
526 2713 720 2776 πάντες
777 2709 1089 2788 οἱἍραϐες
1142 2714 1224 2770 ὅτι
1271 2713 1532 2789 ἀσφαλῶς
1592 2712 1900 2768 συνέκλεισε

235 2804 301 2857 16
361 2807 593 2875 πνεῦμα.
625 2803 756 2857 Τότε
811 2801 1027 2873 ἐπέταξε
1072 2804 1164 2858 τὸν
1214 2802 1375 2856 ἀσκὸν
1422 2804 1448 2856 6
1499 2808 1628 2856 παῖς
1675 2801 1750 2863 εἷς
1797 2804 1896 2868 τήν

230 2890 495 2965 κάμηλον
531 2910 545 2924 ·
605 2894 696 2946 καὶ
769 2893 1122 2966 προέπεμπον
1179 2893 1272 2946 τὸν
1329 2889 1500 2946 παῖδα
1555 2891 1606 2944 οἱ
1666 2885 1901 2964 ’Ἄραϐες

234 2982 376 3052 μετά
428 2983 596 3054 τιμῆς
647 2979 866 3046 πολλῆς
923 2982 1012 3036 καὶ
1073 2978 1263 3057 δώρων
1321 2978 1669 3052 πολυτίμων,
1734 2978 1900 3056 εὐφη-

242 3075 478 3142 μοῦντες
534 3070 623 3124 καὶ
684 3067 995 3140 δοξάζοντες
1070 3071 1160 3124 τὸν
1237 3070 1366 3124 Θεὸν
1416 3066 1666 3145 Ἰσραήλ.
1725 3069 1787 3124 Ὀ
1844 3065 1901 3122 δὲ

233 3163 369 3221 παῖς
427 3158 678 3233 εἰσήγαγε
733 3159 825 3214 τὸν
883 3159 1067 3228 ἀσκὸν,
1098 3160 1184 3212 καὶ
1247 3156 1434 3228 ἔθηκεν
1497 3157 1571 3219 εἷς
1617 3157 1678 3211 τὸ
1741 3156 1902 3229 μέσον

230 3252 335 3303 τοῦ
385 3253 533 3302 ναοῦ.
568 3251 652 3321 Τῇ
704 3245 761 3302 δὲ
820 3247 1076 3322 ἐπαύριον
1130 3247 1304 3302 ἐλθὼν
1362 3248 1472 3321 ἐγὼ
1504 3245 1760 3322 βασιλεὺς
1795 3252 1897 3300 Σα-

2005 2093 2286 2163 Sabaotb,
2319 2099 2376 2149 et
2424 2095 2642 2149 mansit
2690 2094 2851 2150 intus
2884 2095 3132 2162 daemon,
3168 2099 3225 2151 et
3257 2099 3459 2167 postea
3491 2110 3660 2149 man-

2008 2181 2085 2238 sit
2131 2199 2275 2253 puer
2320 2182 2378 2237 in
2427 2183 2663 2255 regione
2714 2184 2820 2240 hac
2869 2184 2992 2240 dies
3041 2188 3187 2252 tres,
3241 2185 3308 2239 ad
3361 2183 3666 2256 probatio-

2008 2287 2140 2325 nem
2175 2270 2331 2338 facti,
2366 2287 2469 2326 nec
2521 2271 2676 2328 ﬂavit
2723 2271 2980 2344 amplius
3031 2273 3278 2344 spiritus
3321 2272 3379 2326 in
3433 2271 3665 2326 civitate

2008 2360 2136 2428 hac,
2190 2365 2246 2416 et
2305 2365 2704 2432 cognoverunt
2759 2362 2976 2417 Arabes
3044 2378 3248 2418 omnes
3315 2361 3456 2431 quia
3512 2364 3668 2416 certe

2009 2449 2298 2505 conclusit
2328 2450 2624 2521 spiritum.
2654 2451 2820 2505 Tunc
2869 2455 3059 2506 utrem
3107 2451 3394 2523 imposuit
3425 2465 3572 2522 puer
3608 2449 3665 2504 in

2009 2539 2319 2605 camelum,
2353 2544 2408 2594 et
2451 2539 2670 2594 Arabes
2713 2539 3067 2594 dimiserunt
3098 2556 3232 2594 eum
3277 2555 3412 2594 cum
3445 2538 3666 2594 honore

2009 2627 2195 2682 multo
2227 2632 2284 2681 et
2333 2627 2504 2682 donis
2559 2627 2854 2699 pretiosis,
2887 2627 3196 2683 laudantes
3243 2632 3300 2684 et
3330 2627 3665 2700 gloriﬁcan-

2009 2721 2099 2771 tes
2129 2715 2312 2770 Deum
2346 2715 2543 2770 Israel.
2580 2715 2725 2770 Puer
2757 2722 2948 2771 autem
2982 2715 3180 2771 attulit
3214 2721 3425 2783 utrem,
3459 2722 3516 2772 et
3547 2726 3663 2772 sla-

2008 2805 2122 2858 tuit
2152 2805 2207 2858 in
2244 2805 2438 2860 medio
2469 2805 2672 2876 templi
2703 2823 2714 2871 ;
2763 2809 2819 2860 et
2853 2806 3132 2877 postridie
3162 2805 3400 2862 veniens
3430 2822 3534 2877 ego
3568 2823 3668 2861 rex

2009 2894 2283 2948 Salomon
2316 2893 2372 2947 in
2409 2894 2688 2962 templum
2718 2895 2839 2961 Dei,
2869 2895 3134 2965 replebar
3163 2895 3407 2950 tristitia
3431 2911 3662 2968 magna,

2009 2981 2224 3052 lapidis
2282 2981 2581 3052 angularia
2632 2999 2855 3049 causa;
2917 2989 2975 3038 et
3032 2983 3396 3054 ingrediente
3457 3001 3549 3039 me
3598 2984 3658 3039 in

2008 3069 2293 3140 templum
2364 3086 2612 3140 surgens
2682 3076 2810 3125 uter
2884 3071 3212 3127 ambulavit
3285 3073 3506 3142 gradus
3573 3087 3664 3126 se-

2013 3163 2165 3230 ptem
2213 3176 2226 3213 :
2271 3160 2521 3230 procidit
2580 3163 2772 3214 autem
2837 3161 2896 3216 in
2954 3177 3040 3216 os.
3103 3166 3159 3216 et
3213 3165 3524 3217 veneratus
3581 3165 3671 3217 est

2012 3266 2124 3305 me.
2183 3250 2251 3304 Et
2311 3250 2612 3306 admirans
2679 3266 2804 3323 ego,
2865 3253 3018 3323 quod
3076 3257 3132 3306 et
3195 3252 3252 3307 in
3314 3256 3442 3307 utre
3503 3256 3667 3324 pote-

236 3335 435 3408 λομῶν
471 3336 545 3395 εἷς
573 3338 668 3391 τὸν
697 3338 823 3390 ναὸν
870 3341 966 3391 τοῦ
1015 3334 1345 3408 Θεοῦ,ἤμην
1406 3336 1456 3391 έν
1517 3335 1662 3409 λύπῃ
1709 3333 1897 3409 πολλῇ

2016 3343 2224 3393 statem
2275 3339 2516 3394 haberet
2563 3341 2814 3406 daemon,
2847 3346 2904 3395 et
2953 3341 3303 3409 ambularet,
3348 3342 3502 3411 jussi
3533 3356 3668 3396 eum

237 3426 368 3500 περῖ
416 3429 512 3480 τοῦ
560 3423 718 3489 λίθου
765 3430 863 3481 τοῦ
911 3426 1337 3500 ἀκρογωνιαίου·
1371 3425 1461 3478 καὶ
1519 3424 1572 3478 ἐν
1615 3428 1695 3495 τῷ
1742 3422 1910 3496 εἷσέρ,

241 3515 439 3589 χεσθαί
482 3535 575 3587 μοι
635 3518 756 3587 (sic)
817 3514 894 3576 εἰς
948 3516 1039 3570 τὸν
1095 3515 1220 3568 ναὸν
1272 3515 1500 3575 ἀναστὰς
1531 3515 1558 3566 6
1591 3513 1752 3573 ἀσκὸς
1784 3511 1911 3566 έπε-

249 3605 575 3677 ριεπάτησεν
625 3608 747 3676 (sic)
800 3604 934 3658 ἐπτά
997 3605 1237 3678 βήματα·
1272 3601 1424 3658 ἔπεσε
1473 3601 1530 3657 δὲ
1587 3601 1674 3656 ἐπὶ
1734 3601 1908 3674 στόμα

237 3693 334 3746 καὶ
400 3691 772 3766 προσεκύνησέ
832 3713 944 3766 μοι.
998 3694 1095 3747 Καὶ
1156 3693 1432 3764 θαυμάσας
1503 3691 1614 3764 ἐγὼ
1678 3692 1759 3745 ὅτι
1817 3689 1907 3744 καὶ

249 3780 389 3853 μετᾶ
445 3781 611 3836 ἀσκοῦ
661 3778 892 3854 δύναμιν
943 3778 1099 3856 ἔσχεν
1147 3783 1174 3836 6
1225 3778 1454 3853 δαίμων,
1505 3780 1594 3834 καὶ
1653 3777 1908 3850 περιεπά-

239 3891 349 3936 τει,
379 3868 632 3924 ἐκέλευσα
689 3869 846 3925 αὐτὸν
900 3870 1211 3938 ἀναστῆναι·
1247 3871 1336 3924 καὶ
1393 3870 1584 3937 ἀνέστη
1645 3869 1673 3922 6
1723 3869 1907 3940 ἀσκὸς,

250 3958 348 4013 καὶ
406 3954 529 4028 ἔστη
587 3964 705 4019 τοῖς
762 3960 886 4013 ποσὶ
947 3959 1352 4033 πεφυσημένος.
1404 3957 1506 4013 Καὶ
1578 3955 1910 4029 ἐπηρώτησα

244 4046 414 4101 αὐτὸν
473 4047 666 4122 λέγων.
703 4046 837 4102 Εἰπέ
897 4068 1014 4120 μοι,
1043 4046 1106 4100 σὺ
1151 4047 1234 4110 τίς
1285 4047 1368 4116 εἶς
1401 4047 1490 4100 καὶ
1550 4042 1650 4122 ἔφη
1709 4041 1905 4100 ἔσωθεν

237 4137 310 4190 τὸ
363 4139 575 4207 πνεῦμα
603 4155 615 4170 ·
652 4136 797 4210 Ἐγώ
850 4135 966 4209 εἰμι
1008 4137 1036 4190 6
1083 4134 1384 4210 λεγόμενος
1431 4135 1728 4212 Ἐφίππας,
1764 4135 1791 4188 6
1834 4133 1906 4188 ὣν

238 4226 296 4282 ἐν
329 4229 400 4297 τῇ
434 4220 664 4299 Ἀραϐίᾳ
690 4245 700 4257 ·
734 4225 826 4280 καὶ
884 4226 1032 4279 εἶπον
1087 4224 1234 4296 αὐτῷ
1261 4244 1273 4256 ·
1308 4223 1476 4278 Τοῦτό
1539 4223 1624 4278 σοί
1680 4223 1790 4277 ἐστι
1846 4224 1909 4277 τὸ

240 4315 426 4386 δνομα
450 4333 464 4382 ;
488 4316 548 4371 Ὁ
581 4312 637 4369 δὲ
668 4313 790 4386 ἔφη·
825 4314 950 4380 Ναὶ,
979 4314 1117 4369 ὅπου
1149 4314 1254 4388 ἐγὼ
1284 4312 1585 4389 βούλομαι,
1611 4311 1909 4388 ἐφίπταμαι

243 4403 340 4459 καὶ
389 4403 697 4478 ὲμπυρίζω,
746 4403 835 4458 καὶ
897 4408 1130 4467 θανατῶ.
1188 4403 1282 4456 Καὶ
1337 4403 1484 4456 εἶπον
1523 4401 1706 4474 αὐτῷ·
1762 4400 1912 4474 Ποίῳ

240 4491 469 4567 ἀγγέλῳ
517 4497 764 4568 καταργῇ
826 4492 932 4562 σύ;
967 4494 994 4546 ὁ
1035 4490 1093 4547 δὲ
1123 4492 1287 4546 εἶπεν·
1320 4497 1376 4544 Ὀ
1440 4494 1725 4565 μονάρχης
1784 4493 1912 4552 Θεὸς

239 4583 272 4636 ὁ
306 4580 452 4657 ἔχων
485 4581 724 4651 ἐξουσίαν
756 4583 872 4636 κατ’
904 4581 1062 4654 ἐμοῦ,
1093 4582 1181 4636 καὶ
1215 4581 1524 4643 ἀκούεσθαι·
1562 4581 1590 4634 6
1623 4579 1712 4634 διὰ
1767 4588 1909 4656 Παρ-

2019 3433 2175 3484 stare
2201 3447 2212 3484 :
2237 3434 2291 3483 et
2323 3429 2574 3484 surrexit
2608 3436 2754 3497 uter,
2775 3435 2829 3485 et.
2860 3431 3025 3486 stetit
3056 3431 3302 3503 pedibus
3334 3431 3627 3486 distentus
3654 3448 3668 3499 ;

2018 3522 2076 3572 et
2105 3517 2451 3588 interrogavi
2483 3534 2614 3571 eum
2649 3518 2886 3574 dicens:
2914 3519 3109 3574 Indica
3143 3518 3284 3574 mihi
3319 3523 3379 3572 tu
3407 3518 3540 3591 quis
3562 3518 3666 3574 sis.

2017 3609 2086 3658 Et
2116 3606 2197 3658 ait
2227 3606 2298 3660 ab
2332 3607 2488 3660 intus
2536 3606 2781 3678 spiritus
2813 3623 2826 3662 :
2861 3613 2977 3673 Ego
3009 3624 3140 3662 sum
3194 3609 3420 3664 daemon
3470 3609 3668 3663 dictus

2019 3694 2336 3766 Ephippas,
2382 3701 2547 3750 stans
2595 3696 2653 3750 in
2705 3697 2936 3752 Arabia.
2988 3698 3054 3751 Et
3102 3697 3219 3752 dixi
3252 3696 3302 3751 ei
3349 3714 3361 3752 :
3413 3696 3530 3751 Hoc
3578 3701 3668 3752 est

2019 3799 2231 3837 nomen
2264 3787 2482 3838 tuum?
2530 3783 2596 3837 Et
2628 3784 2709 3838 ait
2742 3801 2753 3838 :
2785 3785 2968 3838 Etiam
2998 3803 3011 3850 ;
3063 3800 3178 3855 quo
3210 3783 3354 3838 mihi
3398 3783 3672 3838 voluntas

2019 3877 2109 3925 est
2155 3871 2383 3937 advolo,
2434 3876 2488 3925 et
2544 3873 2816 3938 ascendo,
2866 3877 2924 3926 et
2974 3889 3136 3926 neco.
3186 3873 3252 3927 Et
3297 3872 3413 3926 dixi
3464 3870 3515 3927 ei
3563 3888 3577 3928 :
3627 3874 3673 3926 A

2019 3976 2134 4031 quo
2166 3960 2372 4032 angelo
2422 3960 2716 4031 impotens
2765 3961 3063 4016 efﬁceris?
3097 3962 3161 4015 Et
3191 3962 3312 4016 ait:
3348 3962 3488 4031 Rex,
3520 3961 3674 4016 Deus

2019 4050 2196 4104 habet
2243 4056 2590 4122 potestatem
2644 4052 2702 4104 in
2760 4068 2872 4116 me,
2932 4057 2996 4105 ut
3053 4053 3286 4106 audiam
3348 4069 3504 4114 eum,
3569 4051 3670 4122 qui

2020 4139 2356 4193 nasciturus
2416 4144 2506 4193 est
2558 4156 2625 4194 ex
2674 4141 2934 4211 Virgine,
2991 4143 3048 4193 et
3095 4157 3127 4193 a
3175 4141 3387 4195 Iudaeis
3435 4140 3668 4194 crucifi-

2021 4229 2248 4299 gendus
2279 4229 2338 4282 in
2371 4227 2547 4296 ligno,
2582 4245 2755 4298 quem
2789 4233 3141 4282 venerantur
3171 4229 3385 4299 angeli,
3418 4228 3668 4281 archan-

2021 4317 2170 4389 geli;
2221 4317 2320 4373 ille
2353 4335 2513 4372 meas
2545 4319 2693 4372 vires
2743 4319 2984 4389 frangit,
3033 4323 3091 4372 et
3121 4318 3288 4371 orbat
3336 4333 3427 4371 me
3458 4333 3673 4386 magna

2023 4412 2309 4477 potestate
2376 4406 2517 4461 mihi
2579 4421 2855 4461 concessa
2912 4423 2941 4460 a
3001 4412 3163 4476 patre
3229 4421 3356 4459 meo
3417 4404 3670 4460 diabolo.

2022 4497 2144 4550 Dixi
2191 4496 2242 4550 ei
2295 4512 2307 4549 :
2361 4496 2507 4550 Ouid
2573 4500 2738 4550 notes
2793 4495 3025 4550 facere?
3081 4495 3188 4550 Qui
3247 4494 3328 4549 ait
3387 4511 3400 4548 :
3464 4494 3675 4550 Potens

2021 4602 2153 4640 sum
2186 4590 2242 4639 et
2292 4590 2522 4639 montes
2576 4589 2829 4654 portare,
2883 4600 3088 4656 regum
3132 4585 3339 4638 domos
3388 4583 3678 4640 evellere:

2361 4496 2507 4560 Quid
2573 4500 2738 4566 potes
2793 4495 3025 4551 facere?
3081 4495 3188 4559 Qui
3247 4494 3328 4549 ait
3387 4511 3400 4548 :

235 4671 400 4726 θένου
433 4669 654 4742 μέλλων
706 4672 986 4747 γεννᾶσθαι
1046 4672 1134 4724 καὶ
1193 4671 1298 4724 ὑπὸ
1332 4667 1610 4723 Ἰουδαίων
1674 4691 1897 4742 σταυρω¹

2029 4675 2264 4729 arbores
2293 4674 2445 4729 foliis
2477 4674 2667 4728 nudos
2719 4689 3074 4728 marcescere
3123 4673 3287 4727 facio.
3323 4673 3394 4726 Et
3425 4673 3541 4727 dixi
3573 4674 3624 4728 ei
3663 4689 3676 4728 :

237 4763 405 4825 ϐῆναι
466 4758 552 4814 ἐπὶ
609 4759 880 4831 ξ·5λου·ὃν
935 4763 1334 4834 προσκυνοῦσιν
1395 4755 1645 4832 ἄγγελοι,
1697 4760 1917 4835 ἀρχάγ-

244 4848 430 4924 γελοι·
466 4847 665 4910 ἐκεῖνός
728 4869 793 4920 με
848 4853 1111 4922 καταργεῖ
1143 4867 1154 4880 ·
1192 4847 1282 4902 καὶ
1339 4847 1523 4901 ἀτονεῖ
1582 4867 1649 4920 με
1706 4847 1767 4904 ἐκ
1819 4853 1920 4914 τῆς

239 4935 478 5005 πολλῆς
541 4959 644 5010 μου
704 4935 1004 5009 δυνάμεως,
1053 4943 1151 5004 τῆς
1211 4934 1460 5005 δοθείσης
1508 4957 1601 5008 μοι
1664 4937 1767 4991 ὑπὸ
1823 4943 1920 4992 τοῦ

248 5026 468 5096 πατρός
503 5047 608 5099 μου
631 5027 728 5081 τοῦ
759 5022 1044 5080 διαϐόλου.
1081 5027 1244 5081 Εἶπον
1293 5023 1350 5079 δὶ
1378 5025 1548 5096 αὐτῷ·
1582 5025 1642 5078 Τί
1696 5024 1916 5081 δύνασαι

247 5121 486 5183 ποιῆσαι
516 5134 530 5182 ;
557 5116 618 5172 Ὀ
650 5113 706 5170 δὲ
736 5113 860 5191 ἔφη·
897 5115 1038 5190 Ἐγὼ
1081 5112 1305 5178 δυνατός
1359 5112 1472 5185 εἶμι
1532 5114 1633 5187 ὅρη
1695 5113 1914 5192 μεταφέ-

242 5225 390 5281 ρειν,
450 5203 622 5266 οἰκίας
684 5203 954 5278 βασιλέων
1015 5197 1362 5269 καταϐαλεῖν,
1421 5200 1613 5278 δένδρα
1673 5202 1919 5259 ἀπέταλα

248 5292 526 5368 μαραίνω.
563 5292 663 5348 Καὶ
720 5293 868 5346 εἶπον
925 5293 1109 5363 αὐτῷ·
1147 5291 1374 5346 Δύνασαι
1429 5292 1622 5367 ἐπᾶραι
1679 5293 1770 5346 τὸν
1836 5291 1892 5348 λί

245 5394 345 5446 θον
396 5385 584 5435 τοῦτον
633 5381 723 5434 καὶ
781 5381 960 5445 Θέσθαι
1014 5379 1171 5435 αὐτὸν
1205 5381 1280 5442 εἷς
1307 5382 1406 5449 τήν
1442 5381 1626 5456 ἀρχὴν
1658 5387 1759 5450 τῆς
1808 5403 1917 5457 γω-

244 5471 370 5531 νίας
430 5469 633 5539 ταύτης
688 5476 788 5538 τῆς
842 5467 1010 5538 οὔσης
1069 5470 1119 5524 ἐν
1176 5473 1246 5543 τῇ
1307 5469 1596 5544 εὐπρεπείᾳ
1625 5473 1720 5523 τοῦ
1758 5475 1919 5553 ιαοῦ;

243 5563 295 5618 Ο
345 5557 404 5614 δὲ
463 5556 587 5637 ἔφη·
623 5558 696 5614 Οὐ
751 5560 916 5633 μόνον
967 5563 1158 5614 τοῦτον
1210 5557 1426 5634 ἐπᾶραι,
1480 5557 1732 5634 βασιλεῦ,
1777 5556 1925 5614 ἀλλὰ

581 5689 844 5749 Parum.
898 5691 1007 5750 Gn.
1061 5688 1300 5750 CXXII.

2030 4764 2272 4818 Potesne
2303 4762 2503 4817 tollere
2549 4761 2801 4833 lapidem
2852 4762 3029 4826 hunc,
3063 4768 3120 4817 et
3168 4778 3381 4830 ponere
3410 4763 3466 4816 in
3501 4764 3680 4829 caput

2028 4852 2225 4923 anguli
2296 4853 2363 4906 ad
2435 4853 2701 4906 decorem
2761 4851 3013 4922 templi?
3079 4851 3199 4905 Non
3256 4851 3450 4905 solum
3518 4850 3678 4903 hunc

2029 4940 2254 5006 tollere,
2305 4957 2424 5003 rex,
2477 4939 2692 5008 inquit,
2736 4940 2922 5000 valeo,
2974 4941 3076 4994 sed
3125 4945 3183 4994 et
3230 4955 3364 4995 cum
3414 4938 3678 4991 daemone

2032 5029 2130 5099 qui
2181 5033 2271 5082 est
2316 5045 2494 5098 super
2527 5044 2686 5081 mare
2746 5029 3004 5083 Rubrum
3054 5029 3290 5083 afferam
3340 5027 3676 5081 columnam

2031 5117 2555 5172 zetberocaaruleam
2633 5123 2688 5171 et
2774 5135 2985 5190 ponam
3071 5133 3198 5172 eam
3283 5113 3382 5168 ubi
3464 5114 3549 5166 vis
3619 5114 3679 5168 in

2029 5205 2377 5262 Jerusalem.
2448 5206 2578 5260 Haec
2643 5207 2867 5270 dicens,
2934 5206 3093 5276 coegi
3159 5219 3313 5267 eum,
3384 5206 3441 5255 et
3506 5200 3680 5272 quasi

2031 5296 2270 5350 inﬂatus
2327 5301 2456 5350 uter
2513 5297 2704 5351 factus
2761 5306 2864 5361 est,
2922 5299 2980 5349 et
3034 5289 3318 5362 supposui
3373 5289 3574 5360 lapidi,
3625 5294 3684 5346 et

2033 5384 2332 5457 praecinxit
2361 5401 2444 5450 se,
2476 5389 2533 5438 et
2583 5384 2796 5438 levavit
2845 5384 2901 5437 in
2951 5382 3134 5437 altum
3169 5385 3402 5445 utrem;
3453 5387 3512 5434 et
3539 5395 3678 5434 con-

2033 5473 2260 5529 scendit
2314 5479 2444 5526 uter
2501 5472 2686 5528 scalas
2763 5474 2952 5524 ferens
3009 5469 3286 5539 lapidem,
3343 5472 3401 5523 et
3470 5467 3684 5523 statuit

2033 5579 2164 5618 eum
2199 5562 2257 5616 in
2291 5561 2634 5617 summitate
2665 5561 2860 5613 aditus
2890 5556 3113 5630 templi.
3148 5558 3263 5630 Ego
3293 5561 3487 5612 autem
3521 5555 3681 5611 Salo-

3284 5685 3360 5744 43
