4084 6218
457 75 611 179 less

1026 119 1207 179 APP.
1251 70 1370 178 ADl
1400 118 1617 181 MlCH.
1668 116 2051 178 PSELLUM.
2087 148 2163 159 —
2199 114 2794 177 'l‘ESTAMENTUM
2843 112 3315 176 SALOMONIS.

3666 123 3790 184 1356

457 267 621 320 mon,
648 252 860 309 videns
891 249 1149 325 lapidem
1199 250 1498 308 sublatum
1553 253 1610 307 et
1638 226 1916 316 locatum,
1947 248 2059 303 dixi
2097 263 2105 303 ε

2227 245 2318 300 καὶ
2350 243 2444 300 σὺν
2488 249 2565 318 τῷ
2624 230 2848 318 δαίμονι
2902 248 2983 317 τῷ
3036 242 3124 301 ἐπὶ
3176 250 3276 314 τῆς
3302 249 3542 321 Ἐρυθρᾶς
3588 246 3800 323 θαλάσσης

453 338 600 396 Vere
657 341 899 414 impleta
948 347 1038 397 est
1086 341 1388 413 Scriptura
1437 341 1633 396 dicens
1688 356 1700 395 :
1748 360 1777 389 (ι
1829 337 2106 409 Lapidem

455 444 633 500 quem
669 431 1130 503 reprobaverunt
1161 430 1540 495 aedificantes,
1572 428 1669 483 hic
1712 414 1902 483 factus
1932 431 2023 482 est
2049 424 2109 480 in

453 524 631 592 caput
662 520 901 592 anguli;
938 542 966 571 »
998 520 1136 591 quia
1168 519 1277 574 hoc
1310 536 1421 573 non
1465 523 1555 573 est
1587 533 1780 571 meum
1817 517 1978 582 dare,
2009 514 2110 571 sed

451 608 576 674 Dei,
629 613 695 664 ut
740 610 927 681 possit
972 610 1199 664 daemon
1258 607 1509 679 lapidem
1561 606 1764 662 tollere
1812 603 2010 675 talem,
2059 607 2117 659 et

450 701 715 756 statuere
745 698 804 754 in
837 699 961 755 loco
989 714 1166 770 quem
1203 695 1489 753 volebam.
1522 696 1591 751 Et
1621 694 1866 750 adduxit
1893 692 2115 765 Ephip-

453 802 561 858 pas
610 787 932 844 daemonem
987 786 1086 858 qui
1133 790 1260 843 erat
1309 788 1370 842 in
1404 785 1554 842 mari
1601 784 1824 855 Rubro,
1859 798 1993 839 cum
2023 798 2116 837 co-

455 874 684 944 lumna,
735 879 792 931 et
841 874 1199 948 accipientes
1253 874 1426 931 ambo
1475 873 1834 943 columnam,
1892 870 2117 927 levave-

457 969 597 1020 runt
626 981 659 1019 a
687 968 859 1019 terra.
909 965 1029 1036 Ego
1066 968 1263 1020 autem
1316 966 1473 1019 recte
1520 962 1787 1034 cogitans
1834 960 1972 1033 quia
2004 960 2119 1015 duo

457 1053 517 1108 hi
551 1052 798 1124 spiritus
826 1052 1088 1118 valerent
1135 1058 1351 1108 terram
1402 1068 1638 1108 omnem
1689 1054 2016 1120 concutere,
2060 1050 2118 1104 in

456 1145 673 1213 puncto
693 1141 998 1214 temporis,
1016 1141 1243 1213 signavi
1267 1140 1405 1196 hinc
1428 1145 1484 1195 et
1505 1140 1642 1195 hinc
1666 1138 2116 1209 snnulo,etdixi:

455 1230 607 1286 Satis
639 1234 729 1286 est
751 1250 766 1299 ;
801 1235 859 1286 et
888 1234 1236 1287 manserunt
1256 1230 1503 1301 spiritus
1526 1233 1828 1301 portantes
1852 1244 2039 1300 usque
2061 1229 2118 1283 in

454 1319 801 1376 hodiernam
836 1319 1015 1392 diem,
1045 1321 1116 1375 ad
1168 1321 1565 1375 ostensionem
1613 1318 1810 1373 inditas
1847 1316 1995 1372 mihi
2029 1334 2120 1373 sa-

455 1409 689 1480 pientia:
717 1428 731 1477 ;
766 1412 822 1465 et
851 1413 979 1466 erat
1011 1424 1303 1480 suspensa
1351 1408 1626 1463 columna
1652 1422 1827 1477 super
1856 1405 2119 1461 altitudi-

459 1512 618 1562 nem,
649 1513 753 1568 per
783 1513 940 1564 aera,
965 1515 998 1553 a
1030 1496 1339 1568 spiritibus
1362 1499 1612 1568 portata,
1640 1499 1698 1551 et
1728 1495 1811 1550 sic
1843 1495 2117 1550 deorsum

460 1585 707 1657 spiritus
743 1585 1099 1643 videbantur
1126 1584 1296 1658 quasi
1346 1600 1540 1640 aerem
1575 1587 1914 1656 portantes;
1945 1588 2001 1638 et
2041 1586 2122 1638 at-

463 1674 726 1731 tendenti
770 1674 1027 1745 cuilibet,
1072 1674 1348 1731 columna
1378 1672 1662 1729 inclinata
1690 1677 1853 1729 vecta
1883 1689 1917 1727 a
1946 1672 2119 1745 spiri-

458 1764 619 1819 tibus
649 1764 881 1820 videtur
908 1768 965 1820 et
994 1769 1084 1820 est
1114 1780 1308 1834 usque
1335 1763 1395 1818 in
1429 1762 1774 1818 hodiernam
1806 1761 1984 1817 diem.

2229 334 2483 410 ἀναγάγω
2538 335 2630 390 τὸν
2690 333 2845 389 κίονα
2894 334 2985 389 τὸν
3032 334 3181 407 (τὴν)
3233 332 3498 410 ἀεριστὴν,
3542 337 3617 390 καὶ
3665 342 3804 409 στήσω

2221 421 2382 478 αὐτὸν
2445 425 2587 479 ὅπου
2651 421 2842 498 βούλει
2915 421 2968 478 ἐν
3026 419 3417 497 Ἰερουσαλήμ.
3464 423 3622 481 Ταῦτα
3678 426 3808 482 εἰπὼν

2221 512 2504 588 ἠνάγκασα
2562 511 2747 578 αὐτὸν,
2778 512 2867 568 καὶ
2919 511 3049 567 ὡσεὶ
3103 509 3424 590 ἐκφυσηθεὶς
3469 514 3496 567 6
3539 512 3680 578 ἀσκὸς
3715 514 3809 591 ἑγέ-

2223 622 2364 671 νετο,
2411 603 2502 657 καὶ
2559 599 2860 657 ὑποδέδεκα
2907 606 2986 673 τῷ
3027 598 3186 674 λίθῳ,
3236 600 3328 656 καὶ
3382 598 3610 672 διέζωσεν
3642 604 3813 675 ἑαυτὸν,

2223 693 2310 746 καὶ
2371 689 2570 764 ἐπῆρεν
2629 690 2807 746 ἐπάνω
2856 689 2950 746 τόν
3005 690 3190 748 ἀσκόν.
3225 690 3330 748 Καὶ
3389 691 3598 761 ἀνῆλθεν
3629 695 3654 747 6
3681 695 3810 757 ἀσκὸς

2224 782 2321 845 τάς
2366 780 2643 855 κλίμακας
2694 781 2975 857 βαστάζων
3024 780 3117 835 τὸν
3165 779 3339 853 λίθον,
3379 781 3463 835 καὶ
3511 778 3641 846 ἔθετο
3683 782 3810 839 αὐτὸν

2228 870 2305 932 εἷς
2334 871 2433 938 τὴν
2473 868 2637 946 ἄκραν
2674 876 2773 939 τῆς
2824 866 3036 924 εἰσόδου
3081 873 3180 925 τοῦ
3227 872 3380 926 ναοῦ.
3412 870 3543 945 Ἐγὼ
3584 867 3634 926 δὲ
3672 871 3815 927 Σολοο

2232 963 2373 1031 μῶν,
2408 955 2537 1013 ἰδὼν
2569 958 2660 1013 τὸν
2704 955 2857 1012 λίθον
2899 956 3206 1034 ἐπηρμένον
3248 957 3338 1012 καὶ
3383 958 3815 1034 τεθεμελιωμένον,

2230 1048 2399 1102 εἶπονο
2434 1046 2691 1118 Ἀληθῶς
2718 1045 3019 1119 ἐπληρώθη
3055 1050 3090 1117 ἡ
3132 1048 3320 1123 Γραφή
3366 1049 3400 1117 ἠ
3449 1046 3657 1123 λέγουσα
3696 1048 3817 1113 λίθον

2230 1136 2289 1191 ’ὸν
2368 1133 2777 1209 ἀπεδοκίμασαν
2831 1136 2882 1190 οἱ
2936 1132 3377 1209 οἰκοδομοῦντες,
3432 1136 3577 1201 οὗτος
3631 1135 3818 1212 ἐγενήθη

2230 1224 2307 1285 εἰς
2354 1223 2600 1303 κεφαλὴν
2646 1225 2866 1299 γωνίας⁶
2901 1223 2985 1280 ὅτι
3033 1228 3194 1279 τοῦτο
3234 1223 3333 1280 οὐκ
3382 1222 3516 1280 ἔστιν
3563 1224 3677 1299 ἐμὸν
3718 1224 3823 1281 δοῦ·

2229 1335 2315 1369 ναι
2346 1311 2492 1370 ἀλλὰ
2518 1317 2615 1368 τοῦ
2647 1317 2803 1369 Θεοῦ⁶
2833 1314 2898 1368 τὸ
2918 1319 3241 1390 κατισχῦσαι
3282 1316 3374 1369 τὸν
3408 1311 3625 1387 δαίμονα
3664 1314 3823 1389 ἐπᾶραι

2226 1404 2317 1458 τὸν
2377 1402 2533 1467 λίθον
2580 1401 2935 1473 τηλικοῦτον,
2969 1403 3058 1458 καὶ
3108 1401 3398 1467 ἀποθέσθαι
3451 1402 3600 1459 αὐτὸν
3644 1405 3710 1466 εἰς
3748 1403 3826 1458 10'-

2227 1514 2329 1548 πον
2388 1492 2446 1547 ’ὸν
2502 1487 2839 1566 ἐϐουλόμην.
2900 1491 3005 1548 Καὶ
3061 1489 3263 1567 ἤγαγεν
3292 1494 3557 1570 Ἐφιππᾶς
3602 1493 3684 1548 τὸν
3729 1491 3825 1547 δαίο

2233 1602 2369 1656 μονα
2398 1580 2493 1636 τὸν
2556 1579 2607 1635 ἐν
2639 1584 2708 1655 τῇ
2742 1581 2976 1657 Ἐρυθρᾷ
3024 1579 3268 1656 θαλάσσῃ
3324 1583 3460 1655 μετά
3508 1586 3597 1636 τοῦ
3642 1582 3823 1644 κίονος·

2228 1671 2319 1724 καὶ
2378 1664 2638 1732 λαϐόντες
2698 1670 2998 1747 ἀμφότεροι
3052 1670 3145 1725 τὸν
3198 1670 3352 1725 κίονα
3427 1671 3693 1746 ὑψώθησαν
3740 1672 3826 1726 ἀπὸ

2228 1766 2330 1829 τῆς
2382 1765 2505 1835 γῆς.
2562 1759 2701 1834 Ἐγὼ
2777 1756 2855 1828 δὲ,
2911 1763 3417 1835 κατασοφισάμενος
3487 1759 3568 1814 ὅτι
3625 1761 3687 1815 τὰ
3749 1757 3827 1815 6'30

459 1850 742 1923 πνεύματα
770 1855 937 1906 ταῦτα
977 1848 1247 1921 ἠδύναντο
1279 1852 1379 1920 τήν
1409 1849 1739 1923 οἰκουμένην
1772 1848 1908 1919 ὅλην
1942 1846 2198 1904 σαλεῦσαι
2229 1845 2281 1903 ἐν
2313 1851 2517 1923 στιγμῇ
2547 1849 2782 1924 χρόνου·
2815 1849 3247 1924 περιεσφράγισα
3284 1843 3432 1913 ἔνθεν
3477 1850 3564 1904 καὶ
3610 1846 3736 1912 ἔνθεν
3766 1852 3830 1920 τῷ

458 1937 758 2012 δακτυλίῳ,
789 1941 876 1994 καὶ
912 1940 1082 1994 εἶπον·
1119 1938 1432 2006 Φυλάσσου,
1463 1940 1552 1994 καί
1591 1934 1806 2013 ἔμειναν
1853 1938 1920 1993 τά
1964 1937 2247 2011 πνεύματα
2296 1937 2630 2013 βαστάζοντα
2681 1938 2846 2012 μέχρι
2900 1940 3001 2002 τῆς
3049 1938 3293 2012 σήμερον
3335 1938 3413 1999 εἷς
3459 1934 3710 2007 ἀπόδειξιν
3747 1943 3829 2005 τῆς

456 2024 752 2101 δεδομένης
816 2049 909 2101 μοι
972 2027 1185 2105 σοφίας.
1249 2028 1353 2084 Καὶ
1392 2026 1458 2096 ἦν
1520 2028 1863 2101 κρεμάμενος
1922 2027 1951 2081 6
2003 2026 2136 2081 κίων
2195 2026 2327 2101 ὑπὲρ
2391 2026 2616 2101 μέγεθος
2672 2023 2762 2081 διά
2816 2030 2915 2081 τοῦ
2983 2027 3165 2101 ἀέρος,
3226 2027 3331 2082 ὑπὸ
3386 2031 3499 2082 τῶν
3553 2027 3831 2082 πνευαάτων

458 2116 878 2192 βασταζόμενος·
914 2115 1003 2171 καὶ
1054 2115 1226 2177 οὕτως
1284 2117 1523 2180 κάτωθεν
1574 2116 1641 2170 τά
1687 2115 1970 2187 πνεύματα
2015 2113 2291 2192 ἐφαίνοντο
2336 2114 2517 2189 ὥσπερ
2551 2115 2656 2188 αήρ
2704 2115 3061 2192 βαστάζοντα·
3095 2115 3185 2171 καὶ
3216 2115 3268 2171 ἑν
3299 2120 3383 2189 τῷ
3419 2116 3663 2185 ἀτινίζειν
3688 2136 3778 2185 τις,
3809 2116 3833 2169 6

450 2204 587 2259 κίων
619 2204 887 2275 ὑπόλοξος
923 2204 1323 2281 βασταζόμενος
1359 2205 1462 2260 ὑπὸ
1491 2208 1599 2259 τῶν
1635 2203 1978 2277 πνευμάτων,
2010 2204 2100 2258 καὶ
2131 2200 2272 2259 ἔστιν
2304 2199 2407 2265 ἕως
2437 2207 2538 2270 τῆς
2569 2206 2832 2278 σήμερον.

518 2314 589 2369 Et
640 2330 747 2386 ego
801 2313 1077 2370 Salomon
1132 2314 1488 2385 interrogavi
1538 2312 1811 2385 spiritum
1861 2313 2111 2368 alterum

442 2402 539 2475 qui
571 2419 704 2458 cum
738 2403 1013 2459 columna
1040 2409 1279 2459 venerat
1318 2420 1388 2459 ex
1419 2406 1630 2475 abysso
1664 2402 1846 2457 maris
1876 2402 2059 2457 Rubri
2095 2418 2108 2457 :

444 2497 503 2548 et
528 2492 646 2547 dixi
695 2493 745 2548 ei
780 2510 794 2548 :
828 2494 913 2548 Tu
947 2492 1082 2564 quis
1129 2496 1238 2549 es?
1285 2498 1342 2548 et
1386 2492 1539 2564 quod
1584 2508 1796 2547 nomen
1830 2494 2020 2560 tuum,
2055 2493 2113 2545 et

447 2597 577 2652 quae
611 2584 712 2636 tua
734 2581 994 2652 operatio
1015 2580 1044 2634 ‘I
1074 2580 1213 2651 quia
1244 2578 1430 2635 multa
1451 2578 1627 2635 audio
1659 2580 1729 2633 de
1759 2584 1836 2633 te.
1870 2578 2109 2634 Daemon

447 2674 644 2724 autem
680 2670 759 2724 ait
797 2687 808 2723 :
843 2670 982 2740 Ego,
1019 2685 1117 2724 rex
1145 2668 1444 2737 Salomon,
1479 2685 1655 2724 vocor
1684 2667 2105 2736 Abezethibod;

446 2762 611 2814 ortus
646 2775 776 2814 sum
810 2776 878 2814 ex
922 2759 1271 2829 archangelo
1321 2758 1446 2830 (qui
1499 2757 1636 2813 olim
1670 2758 1792 2813 sedi
1824 2757 1883 2811 in
1918 2757 2108 2830 primo

443 2846 631 2918 ccelo),
668 2849 840 2919 cujus
873 2864 1083 2903 nomen
1103 2847 1419 2903 Amelouth
1445 2866 1458 2916 ;
1495 2863 1600 2918 ego
1631 2847 1813 2919 igitur
1835 2863 1967 2902 sum
1992 2847 2109 2918 spi-

441 2935 593 2991 ritus
625 2936 933 3005 molestus,
957 2936 1171 3009 alatus,
1199 2936 1432 2992 unicam
1468 2935 1621 2991 alam
1654 2935 1897 3006 habens,
1926 2935 2108 3006 impe-

437 3041 574 3081 rans
607 3026 765 3081 omni
800 3030 968 3081 vento
992 3026 1103 3082 sub
1134 3025 1273 3082 caelo
1299 3046 1312 3094 ;
1349 3026 1583 3081 aderam
1613 3025 1850 3096 quando
1878 3024 2106 3096 Moyses

436 3114 679 3170 intravit
727 3116 798 3186 ad
850 3115 1214 3171 Pharaonem
1266 3131 1458 3184 regem
1512 3114 1766 3186 zEgypti,
1816 3113 2104 3168 indurans

2293 2310 2395 2368 Καὶ
2444 2309 2548 2385 ἐγὼ
2600 2310 2873 2385 Σολομῶν
2918 2311 3252 2385 ἐπηρώτησα
3298 2313 3363 2367 τὸ
3413 2315 3617 2386 πνεῦμα
3659 2311 3715 2365 τὸ
3737 2307 3832 2364 ’ἐτε-

2221 2420 2337 2473 ρον,
2367 2402 2429 2456 τὸ
2461 2401 2686 2465 ἀνελθὸν
2724 2402 2861 2475 μετὰ
2889 2406 2989 2457 τοῦ
3041 2402 3222 2465 κίονος
3263 2403 3372 2458 ἀπὸ
3419 2407 3518 2458 τοῦ
3566 2404 3715 2479 βυθοῦ
3748 2403 3831 2468 τῆς

2219 2486 2493 2561 θαλάσσης
2518 2493 2616 2555 τῆς
2650 2491 2933 2567 Ἐρυθρᾶς.
2968 2491 3067 2545 Καὶ
3114 2491 3262 2547 εἶπον
3302 2491 3453 2564 αὐτῷ
3477 2510 3490 2523 ·
3524 2492 3596 2545 Σὺ
3648 2489 3720 2551 τίς
3769 2487 3828 2549 εἷς

2219 2577 2309 2633 καὶ
2353 2578 2405 2633 τί
2456 2585 2742 2649 καλεῖσαι;
2777 2580 2868 2634 καὶ
2926 2580 2979 2635 τί
3036 2601 3132 2635 σου
3180 2583 3214 2651 ἡ
3259 2580 3523 2656 ἐργασίας
3554 2581 3635 2635 δτι
3675 2577 3831 2634 πολλὰ

2219 2666 2402 2722 ἀκούω
2450 2668 2575 2744 περὶ
2634 2672 2750 2725 σοῦ.
2783 2669 2844 2725 Ὁ
2892 2666 2952 2723 δὲ
3012 2666 3224 2742 δαίμων
3286 2668 3416 2745 ἔφη.
3450 2669 3608 2744 Ἐγὼ,
3642 2666 3829 2743 βασιλεῦ

2220 2753 2513 2829 Σολομῶν,
2567 2754 2845 2831 καλοῦμαι
2879 2753 3259 2828 Ἀὸεζεθιϐόδ’
3295 2759 3568 2834 ἀπόγονός
3613 2757 3715 2831 εἶμι
3756 2756 3831 2831 ἆρ⁹

2216 2846 2517 2922 χαγγὲλου,
2544 2848 2681 2902 ποτὶ
2714 2848 2809 2920 μὲν
2858 2847 3224 2922 καθεζομένου
3283 2870 3391 2922 μου
3441 2849 3493 2904 ἐν
3539 2852 3615 2920 τῷ
3662 2846 3833 2920 πρώτῳ

2215 2934 2450 3012 οὐρανῷ·
2486 2937 2547 2991 οῦ
2574 2936 2638 2992 τὸ
2670 2933 2843 3011 ὄνομα
2874 2937 3168 3010 ’Ᾱμελούθ’
3205 2938 3345 3013 Ἐγὼ
3378 2939 3474 2993 οὗν
3507 2938 3617 3012 εἶμι
3657 2935 3837 3007 πνεῦμα

2214 3024 2480 3100 χαλεπὸν,
2535 3025 2625 3080 καὶ
2682 3028 2956 3100 πτερωτὸν
3015 3027 3108 3081 καὶ
3164 3028 3525 3103 μονόπτερον,
3582 3021 3833 3082 ἐπίϐουλον

2214 3112 2391 3184 πάσης
2421 3116 2592 3183 πνοῆς
2625 3114 2728 3169 ὑπὸ
2770 3118 2879 3170 τῶν
2932 3114 3198 3190 οὐρανῶν·
3235 3115 3345 3191 ἐγὼ
3394 3120 3656 3191 παρήμην
3698 3112 3838 3183 ἡνίκα

435 3219 536 3259 cor
555 3205 714 3274 ejus;
740 3219 845 3275 ego
864 3220 995 3259 sum
1020 3219 1189 3273 quem
1214 3202 1748 3258 invocabantJanis
1773 3205 1830 3258 et
1846 3202 2103 3258 Jambris

2217 3172 2416 3272 Μωσης
2447 3172 2737 3280 εἰσήρχετο
2765 3202 2841 3266 εἷς
2861 3172 3067 3279 Φαράὼ
3102 3172 3371 3281 βασιλέως
3403 3172 3677 3280 Αιὶμέἑττᾉυ
3696 3172 3837 3271 σκλη-

352 3313 358 3333 ι
436 3290 538 3361 qui
588 3292 933 3346 restiterunt
984 3291 1164 3364 Moysi
1215 3291 1272 3345 in
1308 3292 1586 3363 Aigypto;
1639 3305 1744 3361 ego
1791 3305 1949 3357 sum,
1996 3290 2098 3362 qui

428 3374 786 3436 adversatus
819 3397 950 3436 sum
982 3380 1162 3453 Moysi
1194 3381 1254 3435 in
1305 3379 1582 3435 extremis
1614 3395 1717 3451 per
1750 3379 1937 3450 signa.
1977 3378 2098 3435 Dixi

437 3484 574 3540 ergo
605 3469 656 3524 ei
691 3485 706 3524 :
738 3470 1037 3534 Quomodo
1089 3469 1269 3541 igitur
1299 3469 1570 3524 inventus
1617 3483 1679 3523 es
1712 3467 1772 3521 in
1802 3466 1949 3523 mari
1981 3467 2098 3522 Ru-

440 3558 544 3612 bro
567 3558 593 3611 ?
625 3559 694 3613 Et
723 3558 806 3614 ait
838 3574 850 3613 :
886 3558 949 3613 In
981 3558 1135 3613 exitu
1170 3557 1426 3614 ﬁliorum
1465 3555 1660 3624 Israel,
1694 3572 1799 3628 ego
1830 3555 2099 3611 induravi

441 3665 540 3703 cor
590 3649 927 3719 Pharaonis,
958 3654 1016 3704 et
1062 3649 1304 3704 excitavi
1357 3665 1456 3704 cor
1502 3648 1652 3718 ejus,
1703 3652 1760 3702 et
1799 3646 2097 3702 ministro-

439 3753 571 3790 rum
605 3737 754 3807 ejus,
779 3741 836 3791 et
869 3736 977 3791 feci
1011 3741 1076 3790 ut
1108 3737 1602 3807 persequerentur
1622 3733 1775 3789 filios
1806 3732 2015 3802 Israel;
2040 3736 2099 3788 et

437 3823 616 3878 simul
666 3828 950 3879 venerunt
1001 3824 1224 3879 Pharao
1273 3828 1330 3877 et
1383 3821 1629 3894 Egyptii
1679 3838 1923 3892 omnes;
1957 3826 2099 3877 tunc

435 3913 669 3967 aderam
700 3911 803 3978 ibi,
837 3916 894 3966 et
947 3910 1125 3965 simul
1157 3910 1467 3978 venimus;
1517 3914 1572 3965 et
1606 3911 1856 3981 ingressi
1888 3926 2098 3966 sumus

433 4016 639 4056 omnes
669 4001 726 4055 in
778 3999 929 4055 mari
980 4000 1197 4055 Rubro.
1249 4001 1319 4055 Et
1366 4002 1584 4055 factum
1637 4003 1747 4066 est,
1782 4005 2096 4072 postquam

433 4089 805 4145 transierunt
836 4088 941 4143 filii
974 4087 1175 4154 Israel,
1202 4104 1435 4145 reversa
1465 4094 1553 4144 est
1583 4105 1760 4161 aqua,
1785 4095 1841 4144 et
1870 4088 2100 4160 operuit

435 4196 668 4235 omnem
699 4179 1021 4236 exercitum
1073 4178 1500 4251 Egyptiorum,
1535 4183 1591 4234 et
1625 4179 1958 4234 universam
1993 4195 2096 4250 po-

435 4274 708 4325 testatem
740 4284 967 4325 eorum.
1019 4268 1299 4324 Inventus
1352 4285 1483 4324 sum
1517 4284 1622 4339 ego
1653 4267 1748 4322 hic
1780 4272 1836 4323 et
1867 4266 2099 4339 aperuit

437 4371 530 4410 me
565 4356 739 4423 unda,
774 4360 831 4411 et
873 4356 1067 4410 mansi
1115 4355 1175 4409 in
1223 4356 1390 4423 mari,
1426 4355 1823 4427 praecipitatus
1853 4354 1964 4409 sub
1994 4370 2096 4410 c0-

438 4444 641 4499 lumna
670 4444 800 4500 hac.
835 4446 980 4500 Cum
1003 4449 1205 4499 autem
1231 4445 1388 4500 venit
1416 4444 1714 4516 Ephippas
1744 4444 1965 4498 missus
1988 4461 2021 4499 a
2041 4459 2097 4498 te

2212 3291 2381 3366 ρόνων
2441 3291 2608 3347 αὐτοῦ
2663 3294 2761 3360 τὴν
2815 3290 3065 3370 καρδίαν·
3102 3293 3212 3368 ἐγώ
3262 3293 3379 3368 εἶμι
3413 3296 3472 3349 ὃν
3503 3291 3835 3351 ἐπεκαλοῦντο

2209 3381 2381 3451 Ἰανῆς
2439 3380 2530 3435 καὶ
2591 3376 2823 3454 Ἰαμῦῆς
2904 3382 3313 3459 οἶκουχώμενοι
3390 3389 3474 3457 τῷ
3546 3384 3739 3453 Momm]
3790 3378 3834 3433 ἑν

2210 3469 2503 3545 Αἰγύπτῳ·
2555 3469 2696 3545 Ἐγὼ
2745 3470 2859 3544 εἰμὶ
2913 3472 2941 3525 6
2990 3470 3359 3528 ἀντι-παλαίων
3413 3477 3496 3545 τῷ
3544 3473 3737 3544 Μωϋσῇ
3787 3466 3833 3522 ὲν

2206 3565 2325 3623 τοῖς
2352 3558 2544 3635 πέρασι
2567 3565 2686 3623 τοῖς
2719 3559 2994 3633 σημείοις.
3032 3560 3196 3617 Εἶπον
3240 3558 3331 3615 οῦν
3384 3562 3557 3633 αὐτῷ’
3589 3563 3707 3619 Πῶς
3751 3554 3832 3611 οὖν

2210 3646 2432 3723 εὑρέθης
2481 3647 2534 3703 ἐν
2585 3650 2655 3720 τῇ
2684 3649 2920 3722 Ἐρυθρᾷ
2964 3646 3239 3724 θαλάσσῃ;
3281 3650 3341 3707 Ὁ
3393 3647 3453 3705 δὲ
3503 3644 3626 3726 ἔφη’
3654 3648 3733 3704 Ἐν
3772 3648 3833 3717 τῇ

2210 3734 2378 3809 ἐξόδῳ
2407 3741 2513 3791 τῶν
2546 3738 2677 3791 υἱῶν
2708 3739 2934 3813 Ἰσραὴλ
2987 3737 3092 3813 ἐγὼ
3141 3737 3455 3815 ἐσκλήρυνα
3500 3741 3599 3808 τήν
3638 3733 3836 3811 καρδίαν

2210 3826 2413 3900 Φαραώ
2448 3844 2460 3858 ο
2522 3825 2613 3880 καὶ
2683 3824 3026 3903 ἀνεπτερωσα
3080 3827 3249 3882 αὐτοῦ
3305 3829 3407 3895 τὴν
3471 3824 3713 3901 καρδίαν,
3758 3823 3835 3876 καὶ

2206 3918 2313 3968 τῶν
2365 3915 2709 3989 θεραπόντων
2786 3915 2989 3970 αὐτοῦ·
3051 3915 3142 3970 καὶ
3215 3914 3455 3986 ἐποίησα
3525 3913 3717 3976 αὐτοὺς
3761 3911 3839 3966 ἵνα

2206 4000 2608 4076 καταδιώξωσιν
2669 4003 2843 4059 ὀπίσω
2901 4008 3007 4059 τῶν
3064 4005 3195 4059 υἱῶν
3260 4005 3485 4078 Ἰσραήλ
3515 4025 3525 4034 ·
3559 4003 3648 4059 καὶ
3701 4022 3838 4069 συνη-

2206 4090 2512 4162 κολούθησε
2586 4095 2788 4168 Φαραὼ
2853 4091 2944 4148 καὶ
3002 4093 3199 4158 πάντες
3254 4094 3306 4149 οἱ
3358 4093 3675 4170 Αἲγόπτιοι.
3727 4089 3841 4147 Τότε

2204 4179 2311 4255 ἐγὼ
2392 4183 2654 4256 παρήμην
2736 4181 2847 4237 ἐκεῖ
2873 4200 2886 4214 “
2944 4182 3032 4237 καὶ
3117 4181 3704 4254 συνηκολουθήσαμεν.
3756 4178 3839 4235 Καὶ

2206 4270 2516 4343 ἀνήλθομεν
2593 4271 2821 4333 ἅπαντες
2899 4270 2952 4325 ἐν
3010 4274 3077 4345 τῇ
3133 4272 3364 4349 Ἐρυθρᾷ
3431 4271 3700 4345 θαλάσσῃ.
3754 4267 3840 4323 Καὶ

2206 4358 2438 4434 ἐγένετο,
2488 4358 2649 4428 ηνίκα
2707 4356 3025 4434 διεπέρασαν
3085 4360 3137 4414 ο⁴ι
3204 4360 3315 4414 υἱοὶ
3366 4358 3617 4436 Ἰσραὴλ,
3667 4358 3837 4413 ἐπανα-

2204 4447 2432 4524 στραφὶν
2483 4448 2544 4502 τὸ
2604 4445 2749 4523 ὕδωρ
2800 4446 3039 4523 ἐκάλυψε
3101 4454 3275 4503 πᾶσαν
3328 4450 3431 4519 τήν
3502 4442 3837 4525 παρεμϐολὴν

439 4532 497 4586 in
530 4531 759 4588 sacculo
801 4532 954 4588 utris
990 4532 1277 4602 inclusus,
1330 4533 1531 4588 eduxit
1579 4549 1671 4587 me
1702 4537 1834 4603 post
1863 4549 1945 4587 se.
1977 4532 2095 4604 Ego

2217 4541 2308 4591 τῶν
2364 4536 2695 4612 Αἰγυπτίων,
2742 4538 2833 4591 καὶ
2920 4542 3095 4593 πᾶσαν
3165 4539 3265 4607 τὴν
3342 4536 3579 4611 δύναμιν
3644 4537 3837 4591 αὐτῶνθ

437 4620 619 4692 igitur
648 4620 928 4676 Salomon
978 4621 1099 4677 haec
1149 4621 1416 4689 audiens,
1450 4620 1769 4692 gloriiicavi
1800 4625 2004 4687 Deum,
2035 4627 2093 4676 et

2217 4626 2423 4701 ιὺρὲθην
2473 4624 2563 4680 οῦν
2612 4626 2718 4703 ἐγὼ
2767 4625 2883 4681 ἐκεῖ
2927 4627 3017 4681 καὶ
3068 4625 3308 4702 ἐκάλυψὲ
3353 4648 3423 4700 με
3469 4628 3536 4683 τὸ
3567 4623 3736 4702 ὕδωρ·
3764 4619 3839 4678 καὶ

434 4710 700 4781 adjuravi
730 4710 1027 4765 daemones
1074 4715 1139 4765 ut
1190 4710 1471 4766 mandata
1512 4726 1644 4765 mea
1688 4725 1801 4764 non
1832 4709 2090 4780 praeteri-

433 4804 583 4866 rent,
616 4799 718 4855 sed
751 4802 1060 4855 manerent
1091 4803 1391 4870 portantes
1439 4797 1814 4867 columnam;
1847 4802 1904 4853 et
1925 4798 2089 4867 jura-

428 4896 638 4945 verunt
671 4889 841 4944 ambo
874 4888 1136 4943 dicentes
1172 4903 1186 4943 :
1219 4887 1374 4942 Vivit
1422 4886 1710 4943 Dominus
1745 4887 1894 4942 Deus
1926 4891 2087 4955 tuus,

430 4996 546 5035 non
577 4980 943 5051 deponemus
966 4977 1120 5033 hanc
1151 4976 1489 5033 columnam
1513 4993 1701 5048 usque
1720 4976 1793 5031 ad
1816 4992 2088 5031 consum-

431 5068 751 5123 mationem
778 5064 1013 5134 saculi;
1072 5066 1121 5121 si
1154 5070 1351 5122 autem
1401 5066 1571 5121 cadat
1599 5064 1740 5121 olim
1769 5062 1921 5136 lapis
1955 5065 2085 5131 iste,

430 5167 571 5216 tunc
599 5161 711 5215 erit
740 5158 1176 5216 consummatio
1200 5158 1420 5215 saeculi.
1440 5159 1512 5214 Et
1541 5174 1647 5228 ego
1670 5156 1946 5213 Salomon
1970 5155 2088 5229 glo-

2199 4712 2387 4788 ἔμεινα
2442 4714 2493 4769 ἐν
2548 4714 2618 4790 τῇ
2686 4712 2930 4791 θαλάσσῃ
3005 4715 3350 4790 τηρούμενος
3428 4718 3687 4772 ὑποκάτω
3759 4715 3841 4767 τοῦ

2196 4803 2374 4867 κίονος
2442 4803 2659 4861 τούτου.
2720 4804 2808 4867 Ὠς
2879 4801 2939 4859 δὲ
3006 4801 3178 4873 ἦλθεν
3239 4806 3537 4881 Ἐφιππᾶς,
3595 4800 3839 4881 πεμῩθεῖς

2196 4891 2344 4967 παρά
2400 4896 2495 4946 σοῦ
2555 4890 2606 4946 ἐν
2667 4892 2875 4968 ἀγγείῳ
2920 4892 3088 4947 ἀσκοῦ
3150 4890 3510 4966 ἐγκλεισθεὶς,
3538 4893 3629 4947 καὶ
3684 4884 3840 4946 ἀνεϐί-

2197 4975 2328 5036 ϐασὲ
2361 5002 2427 5054 με
2451 4981 2588 5056 πρὸς
2626 4981 2703 5038 σε.
2737 4981 2900 5056 Κάγὼ
2952 4979 3042 5037 οὖν
3098 4978 3370 5055 Σολομῶν
3419 4982 3657 5045 ἀκούσας
3689 4983 3838 5036 ταῦτα

2197 5066 2421 5140 ἐδόξασα
2474 5070 2565 5124 τὸν
2617 5070 2765 5143 Θεὸν,
2807 5071 2896 5124 καὶ
2948 5069 3157 5146 ὥρκισα
3201 5070 3331 5133 τοὺς
3379 5068 3675 5145 δαίμονας,
3718 5070 3838 5124 ὥστε

2200 5159 2276 5232 μὴ
2352 5158 2685 5234 παρακοῦσαί
2765 5179 2869 5232 μου
2901 5205 2918 5232 ,
2977 5157 3126 5214 ἀλλὰ
3215 5165 3395 5233 μεῖναι
3497 5160 3835 5237 βαστάζοντας

433 5249 652 5305 riﬁcavi
706 5255 917 5316 Deum,
969 5256 1024 5304 et
1072 5249 1273 5305 ornavi
1330 5247 1619 5319 templum
1669 5246 1903 5303 Domini
1951 5263 2085 5302 cum

2217 5248 2293 5316 τὴν
2337 5246 2511 5303 κίονα·
2542 5246 2632 5302 καὶ
2682 5242 2902 5321 ὤμοσαν
2954 5247 3255 5326 ἀμφότεροι
3304 5246 3596 5325 λέγοντες·
3629 5252 3701 5322 Ζῇ
3751 5244 3836 5303 Κύ-

437 5339 599 5395 omni
629 5339 913 5404 decentia,
950 5343 1006 5394 et
1035 5338 1311 5395 sedebam
1363 5335 1500 5392 felix
1529 5336 1587 5391 in
1638 5351 1816 5408 regno
1848 5352 1997 5404 meo,
2032 5339 2088 5392 et

2217 5356 2312 5397 ne:
2342 5336 2371 5391 6
2400 5336 2531 5399 Θεός
2581 5357 2697 5407 σου,
2732 5335 2793 5390 οὐ
2847 5337 2922 5410 μὴ
2979 5335 3311 5410 ἀποθώμεθα
3335 5338 3460 5411 (sic)
3513 5339 3609 5393 τὸν
3658 5333 3833 5391 στῦλον

438 5432 564 5487 erat
611 5443 722 5501 pax
778 5429 836 5485 in
896 5426 1102 5484 diebus
1160 5426 1330 5483 meis.
1392 5429 1459 5481 Et
1507 5424 1701 5498 accepi
1751 5441 1962 5483 uxores
2016 5441 2086 5482 ex

2217 5428 2382 5481 :0610v
2440 5421 2545 5490 ἓως
2598 5431 2698 5497 τῆς
2774 5424 3083 5490 συντελείας
3147 5429 3246 5482 τοῦ
3301 5424 3545 5491 αἰῶνος·
3693 5423 3738 5484 δ’
3778 5421 3833 5479 ἂν
