4018 6220
216 149 375 208 1357

1410 147 1673 210 ADDEN
1687 150 1788 209 DA
1829 147 1932 210 AD
1977 150 2442 212 CEDRENUM.

3476 153 3638 217 1358

207 281 392 352 ἡμέρᾳ
440 281 577 354 πέσῃ
631 281 659 335 6
717 277 870 344 λίθος
925 279 1106 347 οὗτος,
1136 278 1258 334 τότε
1316 275 1461 335 ἔσται
1519 283 1554 350 ἡ
1586 279 1853 335 συντέλεια

1981 283 2141 339 omni
2176 284 2432 356 regione,
2467 300 2717 356 quarum
2752 301 2866 339 non
2916 288 3041 341 erat
3073 302 3397 353 numerus;
3431 290 3489 342 et
3520 288 3640 345 abii

205 374 305 424 τοῦ
336 369 549 432 αἰῶνος.
614 369 776 443 Κάγὼ
830 366 1100 441 Σολομῶν
1155 364 1377 442 ἐδόξασα
1433 370 1523 424 τὸν
1558 369 1716 440 Θεὸν,
1775 369 1866 424 καὶ

207 457 493 530 ἐκόσμησα
541 458 631 512 τὸν
686 455 810 511 ναὸν
839 461 934 511 τοῦ
967 459 1172 531 Κυρίου
1222 461 1369 533 πασῃ
1403 457 1714 532 εὐπρεπείᾳ·
1776 457 1866 512 καὶ

205 544 360 620 ἤμην
415 546 664 618 εὐθυμῶν
727 545 778 600 ἐν
837 549 906 620 τῇ
969 546 1216 622 βασιλείᾳ
1271 566 1395 619 μου’
1456 547 1546 601 καὶ
1590 547 1776 621 εἰρήνη
1811 545 1862 601 ἐν

204 644 326 699 ταῖς
383 638 616 712 ἡμέραις
675 659 778 710 μου
815 681 826 692 .
907 638 1002 692 Καὶ
1063 633 1258 693 ἔλαϐον
1319 644 1573 712 γυναῖκας
1630 639 1866 710 ἐμαυτοῦ

206 729 316 783 ἀπὸ
347 729 526 796 πάσης
555 728 764 803 χώρας,
797 729 870 781 ὢν
905 726 1003 782 ούκ
1029 730 1093 796 ἦν
1136 728 1387 802 ἀριθμὸς,
1427 728 1516 783 καὶ
1562 727 1862 801 ἐπορεύθην

206 817 346 892 πρὸς
422 816 511 870 τὸν
585 811 975 884 Ἱεὸουσσαῖον,
1060 819 1150 870 καὶ
1221 813 1351 870 ἱδῶν
1424 815 1534 871 ἐκεῖ
1597 819 1866 892 θυγατέρα

205 906 497 981 ἀνθρώπου
563 899 922 962 Ἱεϐουσσάίαν
960 949 974 976 ,
1044 905 1307 978 ἠγάπησα
1367 904 1532 974 αὐτὴν
1606 904 1860 982 σφέδρα,

202 996 294 1049 καὶ
363 990 695 1067 ἠϐουλόμην
775 991 1018 1065 δέξασθαι
1089 994 1256 1064 αὐτὴν
1322 995 1454 1066 μετᾶ
1510 1000 1627 1055 ταῖς
1655 993 1862 1068 γυναιξί

208 1105 318 1156 μου
351 1087 472 1156 (sic)
505 1083 581 1145 εἷς
612 1089 857 1158 γυναῖκα.
919 1085 1014 1138 Καὶ
1072 1084 1218 1139 εἶπον
1253 1084 1388 1158 πρὸς
1414 1083 1541 1145 τοὺς
1573 1085 1735 1160 ἱερεῖς
1767 1083 1862 1137 αὖ·

198 1177 336 1227 τῶν
368 1174 498 1227 Δότε
529 1193 622 1243 μοι
655 1173 755 1240 τήν
818 1178 1148 1245 Σουμανῖτιν
1207 1176 1320 1246 (15)
1377 1176 1579 1242 ταύτην
1629 1171 1704 1234 εἷς
1762 1195 1861 1248 γυ-

199 1267 382 1318 ναῖκα.
448 1261 550 1317 Καὶ
603 1261 751 1316 εἶπον
787 1261 922 1334 πρός
979 1283 1046 1333 με
1077 1262 1127 1315 o't
1160 1262 1320 1336 ἱερεῖς
1352 1266 1448 1316 τοῦ
1478 1260 1698 1335 Μολόχ.
1733 1262 1856 1317 Ἐὰν

200 1351 413 1426 ἀγαπᾷς
471 1352 570 1418 τήν
597 1349 884 1424 παρθένον,
919 1347 1126 1406 εἷ’σελθε
1177 1350 1264 1405 καὶ
1312 1349 1689 1424 προσκύνησον
1731 1350 1860 1414 τοὺς

203 1439 366 1504 θεοὺς
422 1442 604 1512 ἡμῶν,
663 1444 740 1510 τῷ
793 1438 1019 1514 μεγάλῳ
1065 1444 1168 1511 0εῷ
1216 1440 1434 1517 Ῥαφαν,
1494 1440 1583 1494 καὶ
1640 1443 1717 1510 τῷ
1767 1460 1858 1493 κα-

202 1526 459 1602 λουμένῳ
489 1526 604 1601 Θεῷ
659 1527 884 1603 Μολύχ.
946 1528 1086 1602 Ἐγὼ
1137 1527 1226 1582 οῦν
1270 1523 1528 1605 φοϐηθεὶς
1569 1529 1669 1596 τὴν
1705 1525 1857 1600 δόξαν

200 1623 304 1673 τοῦ
355 1623 528 1686 Θεοῦ,
575 1616 673 1672 οὐκ
721 1617 1075 1687 ἠκολούθησα
1123 1625 1512 1691 προσκυνῆσαιο
1564 1616 1652 1671 καὶ
1704 1617 1852 1670 εἷπον

203 1707 392 1769 αὐτοῖς
422 1705 552 1782 ἐγώ”
585 1706 661 1764 Ού
683 1711 968 1781 προσκυνῶ
1001 1711 1108 1778 θεῷ
1136 1705 1418 1782 ἀλλοτρίῳ
1452 1708 1545 1779 (ad
1583 1705 1855 1780 margxiq

201 1796 364 1868 αῦτη)
400 1798 511 1869 (16)
563 1799 597 1865 ἡ
661 1797 936 1865 ὑπόθεσις,
969 1796 1050 1850 ὅτι
1095 1795 1352 1850 τοσοῦτόν
1413 1817 1480 1867 με
1537 1794 1857 1871 ἀναγκάζετε

200 1893 452 1955 ποιῆσαι.
497 1887 562 1944 Οἱ
595 1883 652 1940 δὲ
683 1886 830 1940 εἷπον
864 1888 980 1957 (17)
1019 1886 1178 1947 ωθεῖς
1207 1887 1332 1958 (sic)
1362 1886 1552 1953 (Forte
1578 1904 1590 1941 :
1617 1885 1677 1941 Ὁ
1709 1885 1854 1957 Θεὸς)

196 1980 310 2031 τῶν
339 1976 583 2050 πατέρων
615 1977 796 2046 ἡμῶν.
841 1979 1011 2047 Ἐμοῦ
1044 1971 1100 2028 δέ
1131 1975 1444 2045 πυθομένου
1483 1973 1564 2028 ὅτι
1599 1971 1856 2046 οὐδαμῶς

195 2065 565 2137 προσκυνήσω
639 2065 783 2126 θεοῖς
871 2062 1210 2138 ἀλλοτρίοις,
1297 2063 1387 2117 καὶ
1472 2061 1854 2137 παρήγγειλαν

195 2155 299 2222 τήν
356 2151 618 2228 παρθένον
662 2156 758 2207 τοῦ
811 2153 886 2224 μὴ
937 2152 1268 2224 κοιμηθῆναί
1323 2173 1414 2224 μοι
1459 2150 1545 2206 ἐᾶν
1584 2153 1659 2224 μὴ
1700 2152 1856 2205 παθῶ

199 2245 362 2296 θῦσαι
393 2247 512 2306 τοῖς
569 2247 732 2306 θεοῖς.
794 2241 956 2316 Κάγὼ
988 2239 1078 2295 οὖν
1114 2242 1141 2296 ὁ
1175 2237 1362 2303 δόλιος
1392 2238 1715 2312 κινουμένου
1751 2261 1855 2312 μου

198 2325 342 2408 ἔρως
403 2332 532 2405 παρ’
602 2329 737 2404 αὐτῇ
796 2324 950 2404 ἔφερέ
1021 2351 1114 2403 μοι
1163 2330 1321 2385 πέντε
1378 2327 1599 2404 ἀκρίδας
1657 2327 1853 2402 λέγων’

198 2413 349 2474 Λάϐε
399 2419 595 2482 ταύτας
650 2421 745 2480 τὰς
794 2415 1014 2494 ἀκρίδας
1060 2421 1220 2491 (18),
1280 2419 1368 2473 καὶ
1430 2417 1714 2493 σύντριψον
1767 2415 1856 2470 αὖ·

195 2509 298 2570 τας
359 2507 441 2563 ἐπ’
501 2507 771 2580 ὀνόματος
822 2511 920 2563 τοῦ
974 2509 1096 2562 θεοῦ
1131 2507 1356 2582 Μολὸχ,
1407 2506 1495 2562 καὶ
1527 2511 1616 2560 νῦν
1650 2527 1853 2577 κοιμη-

201 2600 450 2669 θῆσομαι
513 2596 647 2668 μετᾶ
705 2600 820 2650 σοῦ·
885 2595 1015 2670 ὅπερ
1080 2598 1168 2651 καὶ
1230 2595 1481 2651 ἐτέλεσαν
1547 2596 1633 2649 καὶ
1698 2593 1855 2657 εὐθὺς

197 2687 408 2754 ἀπέστη
457 2685 519 2740 τὸ
579 2689 795 2758 πνεῦμα
848 2688 944 2740 τοῦ
1002 2689 1134 2740 Θεοῦ
1190 2683 1279 2738 ἀπ’
1330 2682 1486 2755 ἐμοῦο
1546 2683 1635 2738 καὶ
1677 2681 1854 2758 ἐγενό-

201 2796 314 2846 μην
367 2773 590 2843 ἀσθενης
647 2773 775 2827 ὡσεὶ
836 2773 1012 2848 λῆρος
1041 2778 1158 2836 τοῖς
1195 2773 1400 2849 ῥήμασί
1439 2795 1562 2846 μου’
1598 2774 1648 2847 ἐξ
1681 2775 1741 2828 οὗ
1765 2773 1854 2828 καὶ

1978 375 2048 428 ad
2073 373 2432 438 Jebusaaum,
2459 377 2514 428 et
2541 373 2742 428 videns
2764 373 2844 428 ibi
2871 373 3054 429 ﬁliam
3080 374 3334 430 hominis
3362 376 3636 444 Jebuszni,

1976 461 2160 516 amavi
2193 477 2322 516 eam
2357 460 2543 528 valde,
2596 467 2652 516 et
2697 461 2961 517 volebam
3012 463 3273 534 accipere
3324 481 3451 520 eam
3485 465 3640 520 inter

1975 553 2257 622 conjuges
2289 567 2449 606 meas
2485 550 2542 604 in
2595 567 2857 606 uxorem.
2914 551 2983 606 Et
3030 551 3148 606 dixi
3180 553 3250 607 ad
3303 555 3636 610 sacerdotes

1974 656 2176 695 eorum
2211 656 2224 694 :
2260 645 2402 695 Date
2436 640 2577 694 mihi
2610 641 3010 696 Soumanitem
3043 642 3457 710 (Sunamitem)
3482 642 3634 699 hanc

1974 727 2032 782 in
2067 745 2326 784 uxorem.
2362 730 2428 784 Et
2459 729 2737 785 dixerunt
2767 729 2838 785 ad
2872 746 2964 785 me
2990 731 3322 786 sacerdotes
3356 730 3582 787 Moloch
3620 747 3634 789 :

1974 817 2032 872 Si
2068 817 2267 890 diligis
2295 818 2611 890 virginem,
2646 820 2822 888 intra,
2844 823 2901 874 et
2921 835 3197 874 venerare
3215 821 3356 874 deos
3379 823 3640 887 nostros,

1974 922 2255 979 magnum
2289 907 2464 962 deum
2499 907 2766 980 Raphan,
2793 915 2848 962 et
2879 913 3152 963 vocatum
3187 909 3360 963 deum
3389 907 3635 965 Moloch.

1972 995 2088 1067 Ego
2138 1011 2270 1051 vero
2331 995 2550 1052 timens
2608 995 2856 1068 gloriam
2919 997 3044 1064 Dei,
3092 1014 3208 1052 non
3261 997 3524 1068 acquievi
3576 1002 3642 1053 ut

1969 1100 2319 1149 venerarer;
2373 1089 2431 1140 et
2473 1085 2592 1140 dixi
2642 1085 2788 1158 eis_:
2842 1086 2967 1141 Non
3021 1087 3212 1142 servio
3263 1087 3369 1141 deo
3421 1085 3634 1142 alieno.

1971 1175 2117 1240 Quid
2151 1183 2239 1229 est
2284 1175 2388 1231 hoc
2437 1175 2610 1230 inane
2663 1173 3046 1231 simulacrum
3095 1176 3248 1245 quod
3297 1175 3382 1231 sic
3436 1191 3530 1231 me
3561 1176 3634 1232 ad

1968 1263 2333 1318 adorandum
2385 1263 2645 1335 cogitis?
2693 1264 2800 1328 Qui
2853 1265 3130 1318 dixerunt
3165 1280 3176 1318 :
3211 1263 3364 1318 Deus
3396 1268 3632 1334 patrum

1968 1357 2322 1406 nostrorum.
2360 1351 2502 1406 Mihi
2527 1357 2722 1406 autem
2751 1352 3075 1407 afﬁrmanti
3100 1351 3240 1422 quia
3272 1351 3432 1407 nullo
3459 1353 3633 1408 modo

1967 1441 2272 1495 adorarem
2351 1441 2492 1496 deos
2551 1440 2772 1496 alienos
2852 1441 3268 1496 renuntiarunt
3340 1441 3632 1513 virginem

1967 1545 2270 1600 nunquam
2305 1545 2531 1584 mecum
2556 1530 2971 1596 dormiturum,
3009 1530 3123 1585 nisi
3155 1528 3345 1586 libens
3375 1530 3491 1585 diis
3522 1531 3631 1587 im-

1967 1617 2269 1673 molarem.
2303 1619 2371 1672 Et
2401 1635 2535 1674 cum
2567 1635 2696 1674 eam
2729 1620 3078 1688 deperirem,
3108 1619 3306 1674 attulit
3338 1619 3483 1674 mihi
3519 1619 3634 1675 cal-

1966 1706 2119 1762 lidus
2151 1724 2316 1762 amor
2343 1707 2878 1779 quinquelocustas
2903 1708 3107 1763 dicens
3141 1708 3332 1779 ipsius
3356 1709 3631 1764 nomine:

1967 1797 2144 1851 Sume
2177 1796 2282 1852 has
2313 1795 2593 1863 locustas,
2627 1802 2684 1852 et
2733 1801 2966 1852 contere
3014 1813 3113 1852 eas
3165 1798 3224 1852 in
3270 1796 3506 1853 nomine
3538 1797 3631 1852 dei

1966 1885 2214 1954 Moloch,
2247 1889 2304 1939 et
2335 1889 2475 1941 tunc
2507 1885 2797 1941 dormiam
2850 1891 3084 1950 tecum;
3123 1887 3275 1957 quod
3309 1889 3366 1942 et
3398 1886 3528 1942 feci.
3565 1887 3635 1942 Et

1967 1974 2166 2029 statim
2200 1974 2371 2029 exivit
2402 1992 2434 2029 a
2467 1991 2558 2030 me
2591 1975 2836 2046 spiritus
2861 1975 2982 2030 Dei.
3012 1976 3078 2030 Et
3101 1976 3292 2031 factus
3314 1991 3447 2030 sum
3477 1976 3633 2030 inﬁr-

1967 2080 2122 2130 mus,
2147 2064 2389 2134 etquasi.
2413 2063 2636 2118 stultus
2655 2065 2713 2118 in
2737 2063 2929 2119 verbis
2953 2064 3133 2131 meis;
3160 2065 3367 2119 exinde
3389 2069 3627 2120 coactus

1967 2169 2097 2207 sum
2132 2153 2202 2206 ab
2235 2169 2300 2208 ea
2331 2153 2402 2206 ad
2449 2153 2860 2208 aedificandum
2915 2152 3202 2224 templum
3236 2152 3428 2219 idolis,
3467 2152 3626 2207 Baali

1967 2246 2026 2297 et
2055 2240 2252 2312 Rapha
2294 2245 2351 2296 et
2383 2241 2638 2306 Moloch,
2665 2246 2722 2296 et
2770 2239 3032 2307 caeteris;
3086 2247 3143 2295 et
3172 2257 3278 2312 ego
3312 2241 3490 2296 miser
3519 2242 3627 2297 feci

1963 2329 2324 2385 voluntatem
2383 2331 2535 2400 ejus,
2600 2335 2657 2384 et
2706 2329 2944 2384 tandem
3003 2329 3246 2383 recessit
3293 2329 3481 2400 gloria
3532 2329 3674 2387 Dei.

1966 2436 1998 2474 a
2030 2435 2162 2486 me;
2197 2423 2253 2474 et
2282 2419 2627 2474 obscuratus
2674 2423 2764 2473 est
2795 2418 3038 2488 spiritus
3072 2433 3241 2472 meus
3277 2435 3289 2483 ;
3347 2423 3404 2473 et
3435 2418 3627 2473 iactus

1965 2526 2098 2565 sum
2135 2509 2503 2579 proverbium
2528 2507 2702 2564 idolis
2733 2507 3179 2564 et'damonibus
3213 2524 3228 2562 :
3263 2507 3392 2563 ideo
3414 2507 3626 2579 scripsi

1965 2601 2073 2656 hoc
2106 2605 2526 2656 testamentum
2563 2616 2787 2664 meum,
2818 2605 2882 2654 ut
2911 2599 3127 2670 quibus
3169 2598 3466 2670 obtigerit,
3501 2615 3630 2654 ore-

1965 2689 2041 2745 tis
2093 2694 2151 2746 et
2182 2689 2504 2745 attendatis
2558 2688 2779 2744 ultimis
2810 2693 2866 2743 et
2898 2705 3012 2742 non
3049 2687 3365 2758 prioribus,
3406 2692 3463 2743 et
3492 2692 3624 2743 tan-

1969 2780 2101 2834 dem
2136 2779 2384 2850 gratiam
2419 2777 2732 2833 inveniatis
2763 2777 2820 2831 in
2855 2775 3088 2832 saecula.
3125 2783 3330 2832 Amen.

194 2864 506 2936 ﬁvsyxason
545 2865 671 2936 (sic)
698 2864 825 2938 παρ’
855 2862 1022 2930 αὐτῆς
1045 2862 1220 2918 κτίσαι
1251 2863 1376 2917 ναὸν
1403 2868 1510 2918 τῶν
1541 2862 1806 2918 εἶ’δώλωνο
1839 2867 1920 2935 τῷ
1949 2864 2122 2936 Βαὰλ,
2154 2865 2242 2920 καὶ
2272 2864 2350 2937 τῷ
2377 2864 2565 2940 Ῥαφά,
2597 2864 2685 2918 καὶ
2711 2864 2772 2918 τὸ
2818 2861 3038 2938 Μολὸχ,
3089 2863 3178 2918 καὶ
3228 2868 3346 2924 τοῖς
3399 2867 3619 2926 Λοιποῖς

196 2949 482 3013 εἶ’δώλοις·
514 2951 664 3025 κάγὼ
696 2949 789 3005 οῦν
822 2953 850 3006 ὁ
881 2948 1145 3022 δύστηνος
1175 2950 1405 3021 ἐποίησα
1432 2953 1534 3021 τήν
1567 2948 1888 3025 συμϐουλὴν
1919 2953 2108 3022 αὐτῆς,
2141 2955 2229 3008 καί
2261 2952 2486 3012 τελείως
2520 2951 2721 3021 ἀπέστη
2772 2954 2806 3020 ἡ
2842 2949 2970 3020 δόξα
3010 2956 3107 3006 τοῦ
3139 2955 3272 3005 Θεοῦ
3320 2951 3410 3004 ἀπ⁹
3460 2952 3622 3023 ἐμοῦ·

193 3041 288 3095 καὶ
316 3040 634 3111 ἐσκοστίσθη
666 3041 729 3096 τὸ
754 3041 967 3112 πνεῦμά
1000 3059 1124 3114 μου·
1177 3039 1264 3096 καί
1296 3040 1562 3116 ἐγενόμην
1594 3042 1770 3116 γέλως
1797 3049 1912 3106 τοῖς
1947 3041 2200 3104 εἶδώλοις
2226 3042 2314 3097 καί
2348 3039 2590 3114 δαίμοσι’
2628 3037 2716 3094 διὰ
2747 3045 2909 3107 τοῦτο
2941 3039 3231 3115 ἀπέγραψα
3261 3039 3462 3108 ταύτην
3489 3040 3626 3111 ἐμοῦ

201 3130 308 3197 τήν
347 3126 632 3200 διαθήκην,
655 3127 748 3184 θίνα
781 3130 832 3183 οἱ
865 3128 1132 3204 λαχόντες
1167 3128 1404 3206 εὕχησθε
1435 3132 1524 3185 καὶ
1555 3131 1865 3207 προσέχητε
1893 3139 2007 3195 τοῖς
2039 3131 2314 3207 ἐσχάτοις,
2345 3130 2433 3184 καὶ
2471 3131 2545 3204 μὴ
2577 3134 2694 3191 τοῖς
2728 3129 2994 3202 πρώτοις,
3018 3126 3110 3182 ἵνα
3152 3127 3379 3190 τελείως
3429 3126 3626 3202 εὕρωσι

193 3219 364 3294 χάριν
398 3217 474 3280 εἰς
500 3217 629 3280 τοὺς
662 3218 880 3282 αἰῶνας.
916 3219 977 3274 Ἀ
995 3220 1126 3292 μήν.

1527 3323 1794 3385 ἾΑΗΙιΕ
1835 3321 2260 3384 LEGTIONES
2276 3366 2288 3380 .

274 3423 388 3566 (15)
417 3423 640 3480 Nomen
675 3422 903 3496 puellae.

276 3497 368 3560 (16
447 3499 510 3552 In
586 3501 745 3553 textu
817 3513 903 3566 sp:

202 3576 234 3628 θ
276 3494 388 3566 (16)
447 3499 510 3552 In
586 3494 745 3553 textu
817 3497 1076 3569 spatium
1151 3514 1358 3554 vacum
1432 3502 1567 3554 ante
1632 3499 1666 3567 ἡ
1731 3494 1862 3552 ὑπὸ-

239 3585 374 3626 εσις.

2070 3428 2152 3494 17)
2184 3427 2288 3482 Ηίο
2320 3426 2533 3481 iterum
2568 3441 2816 3480 vacuum
2849 3423 3129 3494 spatium.

2070 3429 2130 3481 17
2184 3428 2288 3482 Ηίο
2320 3428 2533 3481 iterum
2568 3441 2816 3480 vacuum
2849 3428 3129 3494 spatium.

2041 3428 2152 3570 (18)
2181 3499 2384 3554 Cultus
2416 3497 2802 3566 locustarum,
2835 3496 2989 3568 apud
3022 3491 3348 3566 discipulos
3377 3490 3625 3548 Joannis

1970 3571 2270 3642 Baptistae.

594 3856 1284 4020 ADDEN
1292 3859 1566 4022 DA
1679 3860 1946 4020 AD
2068 3853 3229 4024 CEDRENUM.

1388 4101 1578 4162 TOM.
1625 4102 1647 4160 Ι
1694 4102 2018 4164 OPERUM
2065 4101 2432 4161 CEDRENI.

270 4237 340 4294 in
373 4233 585 4294 codice
619 4232 990 4294 Coisliniano
1022 4235 1136 4294 136
1168 4234 1437 4294 Historia
1466 4235 1720 4296 Joannis
1751 4234 2035 4313 Seylitzze
2069 4233 2467 4311 praemittitur
2496 4230 2787 4313 Praefatio
2820 4247 2894 4287 ea
2925 4227 3105 4313 longe
3148 4224 3447 4304 prolixior
3475 4242 3617 4313 qua:

178 4315 374 4396 praeit
405 4314 651 4393 Georgii
683 4314 942 4375 Cedreni
973 4315 1380 4396 Historize,_et
1410 4333 1528 4375 non
1559 4334 1757 4393 pauca
1794 4309 1871 4376 de
1911 4309 2329 4395 Scriptorihus
2376 4313 2651 4373 historiae
2699 4309 3054 4388 Byzantina:
3106 4324 3264 4366 nova
3296 4323 3367 4365 ac
3397 4311 3617 4364 notatu

179 4394 381 4474 digna
410 4397 704 4456 continet.
738 4396 892 4455 Eam
924 4398 1126 4455 visum
1161 4403 1253 4455 est
1289 4394 1392 4454 hic:
1422 4396 1799 4457 describere.

177 4654 430 4730 Σύνοψις
470 4654 722 4730 ἱστοριῶν
769 4658 1139 4730 συγγρᾌαφεῖσα
1173 4655 1318 4730 παρά
1359 4652 1608 4730 ’[ωᾶννου
1641 4674 1836 4730 κουρο;
1870 4654 1914 4721 (ᾖ

256 4723 507 4802 παλᾷτου
535 4723 626 4779 καὶ
663 4723 1290 4801 μεγάλὸύδρόυγγαρίου
1320 4733 1421 4796 τῆς
1479 4726 1701 4802 βίγλας,
1743 4723 1840 4781 τοῦ

265 4796 542 4866 Σκυλίτζη
556 4840 568 4852 .

256 4922 368 4990 Τήν
445 4919 712 4992 ἐπιτομὴν
784 4927 883 4989 τῆς
960 4920 1200 4996 ἱστορίας
1270 4919 1458 4998 ἄριστα
1521 4923 1654 4996 μετᾶ
1719 4921 1845 4985 τοὺς

174 5009 458 5072 παλαιοὺς
514 5009 992 5085 ἐπραγματεύσατο
1061 5015 1281 5083 πρῶτον
1353 5012 1448 5084 μὲν
1505 5012 1532 5066 ὁ
1593 5014 1844 5087 μοναχὸς

174 5097 464 5173 Γεώργιος
509 5098 598 5152 καὶ
646 5095 966 5172 Σύγγελλος
1029 5100 1376 5173 χρηματίσας
1421 5101 1690 5174 Ταρασίου
1747 5107 1842 5156 τοῦ

176 5187 498 5262 ἀγιωτάτου
547 5185 911 5261 πατριάρχου·
972 5190 1084 5258 μετ’
1133 5189 1334 5243 ἐκεῖνον
1386 5187 1442 5244 δὲ
1488 5191 1515 5244 6
1558 5188 1842 5264 ὁμολογη-

174 5278 285 5344 τής
349 5275 622 5349 Θεοφάνης
669 5275 757 5329 καὶ
806 5276 902 5329 τοῦ
952 5277 1148 5352 Ἀγροῦ
1195 5277 1526 5353 ἡγούμενος,
1569 5277 1840 5333 ἐπιστατι-

175 5367 428 5439 κώτερον
489 5366 584 5427 τὰς
652 5365 927 5439 ἱστορικὰς
991 5363 1384 5440 ἐπιδραμόντες
1455 5363 1683 5444 βίϐλους
1751 5369 1840 5422 καὶ

176 5453 570 5529 συνοψίσαντες
605 5453 756 5528 λόγῳ
792 5455 884 5526 μὲν
935 5453 1125 5529 ἀφελεῖ
1152 5455 1240 5510 καὶ
1283 5457 1608 5533 ἀπεριέργῳ,
1645 5479 1838 5531 μονον-

2043 4655 2309 4727 Synapsis
2339 4653 2703 4708 Historiarum
2732 4651 2948 4727 scripta
2975 4665 3012 4704 α
3039 4649 3257 4727 Joanne
3280 4645 3519 4727 Sgylitze

2131 4719 2504 4798 curapalata,
2537 4729 2589 4779 et
2621 4738 2816 4793 magno
2845 4719 3166 4792 idrungario
3200 4719 3436 4787 vigztiae.

2027 4921 2289 4981 Historize
2319 4919 2736 4991 compendium
2789 4919 3010 4990 optime
3065 4919 3199 4989 post
3227 4918 3445 4969 veteres
3477 4926 3618 4965 con-

1954 5014 2214 5070 cinnavit
2256 5011 2444 5084 primo
2489 5009 2731 5080 quidem
2786 5008 3074 5079 Georgius
3133 5002 3480 5064 monachus,
3514 4997 3616 5068 qui

1954 5102 2246 5176 syncellus
2281 5100 2389 5156 fuit
2417 5097 2640 5154 Tarasii
2674 5096 3041 5153 sanctissimi
3075 5091 3452 5166 patriarchae;
3482 5090 3618 5158 post

1952 5192 2120 5248 illum
2180 5195 2375 5245 autem
2431 5186 2824 5258 Theophanes
2881 5185 3181 5241 confessor
3245 5179 3617 5250 hegumcnus

1950 5281 2108 5353 Agri,
2144 5279 2244 5351 qui
2277 5278 2449 5334 ambo
2483 5278 2705 5348 peritus
2749 5274 3062 5330 historicos
3095 5269 3275 5323 libros
3311 5281 3616 5338 percurre-

1951 5374 2091 5426 runt
2119 5373 2176 5424 et
2203 5368 2262 5423 in
2302 5365 2716 5438 compendium
2767 5363 3133 5430 redegerunt,
3172 5371 3446 5411 sermone
3479 5353 3612 5426 qui-

1951 5461 2084 5516 dem
2134 5456 2387 5530 simplici
2439 5473 2540 5512 nec
2589 5455 2880 5517 affectate,
2914 5449 3013 5504 sed
3064 5445 3177 5518 ipsi
3228 5461 3375 5517 pene
3410 5459 3611 5500 rerum
