4084 6218
494 191 653 261 1359

1686 180 2058 249 ADDENDA
2099 176 2204 236 AD
2251 168 2713 260 CEDRENUM.

3698 169 3822 228 1360

487 341 708 392 natura;
743 330 1085 388 adhaerenti.
1120 329 1336 384 Verum
1381 327 1663 399 Georgius
1697 342 1728 378 a
1764 321 1977 377 mundo
2013 332 2142 370 ren-

2267 305 2391 379 o-3yi
2473 301 2527 357 δὶ
2603 309 2699 372 τῆς
2759 299 2943 362 οὐσίας
3008 300 3178 368 αὐτῆς
3238 297 3580 372 ἐφαπτομένῳ
3627 303 3716 352 τῶν
3757 322 3828 355 τε.

2457 394 2467 399 .
2666 389 2873 399 -.-...
2983 390 2995 399 .
3085 388 3186 399 _.
3445 387 3524 399 ..
3705 382 3812 399 ρ.-

487 425 608 480 dito
636 441 827 492 orsus,
861 422 921 476 in
953 426 1234 493 tyrannos
1266 417 1460 481 desiit,
1493 413 1914 472 Maximianum
1942 421 2144 476 nempe

487 519 545 570 et
579 513 962 569 Maximinum
997 512 1056 581 (ι.
1093 507 1476 575 Maxentium)
1525 506 1651 576 ejus
1687 502 1868 557 filium
1907 516 1920 552 :
1957 496 2144 551 Theo-

491 605 715 676 phanes
746 619 877 657 vero
911 601 982 655 ab
1014 599 1174 654 illius
1210 599 1322 650 ﬁne
1354 595 1654 650 exordium
1691 594 1932 657 ducens,
1968 591 2023 640 et
2058 601 2145 639 re-

490 693 718 763 liquam
760 688 1289 761 chronograpbiam
1345 685 1632 756 epitomes
1677 697 1837 735 more
1869 680 2147 751 referens,

479 777 681 852 neque
704 782 775 834 ad
795 779 1016 834 obitum
1044 775 1346 846 Nicephori
1379 771 1747 845 imperatoris
1769 767 1862 840 qui
1887 785 1955 821 ex
1975 765 2145 819 Geni-

492 872 575 926 cis
609 888 712 926 seu
767 868 1083 939 Logotheta
1138 864 1487 919 Genicorum
1540 865 1749 930 fuerat,
1805 871 2150 930 progressus

494 960 672 1014 ﬁnem
707 956 980 1013 narrandi
1020 955 1173 1008 fecit.
1228 955 1364 1009 Post
1413 952 1567 1005 hunc
1598 950 1798 1004 nullus
1830 946 1985 1002 alius
2018 943 2150 999 huic

495 1065 556 1104 se
586 1047 782 1102 studio
813 1044 1056 1099 dedidit.
1092 1043 1341 1106 Quidam
1377 1046 1572 1095 tamen
1622 1044 1933 1104 tentavere,
1969 1039 2032 1088 ut
2057 1033 2145 1085 Si-

492 1137 658 1191 culus
691 1135 784 1189 ille
818 1135 1038 1199 doctor,
1063 1150 1125 1186 ac
1149 1138 1348 1185 nostro
1381 1137 1640 1202 tempore
1662 1125 2148 1198 philosophorum

490 1225 760 1297 princeps
812 1227 868 1276 et
918 1221 1260 1294 hypertinus
1313 1218 1559 1274 Psellus.
1616 1217 1823 1270 Prmter
1873 1213 1981 1267 hos
2013 1212 2147 1265 item

491 1313 608 1368 alii.
641 1313 748 1366 Sed
783 1310 822 1364 ii
858 1308 1248 1382 perfunctorie
1281 1308 1443 1379 operi
1477 1321 1716 1360 manum
1743 1303 2150 1391 admoverunt,

488 1416 544 1467 et
574 1412 646 1465 ab
680 1417 950 1465 accurata
1002 1407 1335 1462 narratione
1385 1405 1556 1476 lapsi,
1594 1403 1908 1457 maximam
1955 1415 2146 1455 rerum

487 1500 730 1571 majoris
784 1497 1067 1554 momenti
1118 1501 1341 1568 partem
1395 1493 1840 1566 praetermisere,
1874 1489 2150 1562 posteris-

490 1605 600 1659 que
643 1586 883 1644 inutilcs
935 1587 1117 1657 fuere,
1148 1586 1366 1640 nudam
1416 1588 1676 1638 texentes
1725 1581 2145 1652 imperatorum

2253 394 2606 468 πραγμένων.
2665 389 2820 448 Ἀλλ’
2853 392 2881 444 ὁ
2943 390 3036 462 μὶν
3085 388 3376 462 Γεώργιος,
3435 387 3534 441 ἀπὸ
3584 382 3837 458 καταϐολῆς

2257 483 2553 557 ἀρξάμενος
2627 475 2856 552 κόσμου,
2935 478 2988 539 ἐς
3075 477 3208 538 τοὺς
3283 479 3562 552 τυράννους
3607 476 3842 548 κατέληξε,

2257 572 2596 644 Μαξιμιανόν
2671 591 2815 646 φημι
2891 567 2977 622 καὶ
3035 569 3128 622 τὸν
3186 568 3380 621 τούτου
3439 567 3548 619 υἱὸν
3597 568 3844 637 Μαξιμῖνον

2257 664 2320 736 (ι.
2372 661 2680 730 Μαξέντιον·
2744 660 2773 713 6
2832 655 2889 712 δὲ
2945 658 3243 730 Θεοφάνης,
3293 657 3356 710 τὸ
3414 653 3604 709 ἐκείνου
3630 654 3767 718 τέλος
3790 656 3850 708 ol-

2256 750 2403 805 κείαν
2452 749 2631 823 ἀρχὴν
2663 745 3051 818 ποιησάμενος,
3097 746 3189 800 καὶ
3245 746 3345 813 τὴν
3377 741 3649 797 ἐπίλοιπον
3697 763 3852 796 συντε·

2263 841 2377 912 μὼν
2426 836 2832 915 χρονογραφίαν
2881 836 2970 890 καὶ
3027 835 3102 897 εἷς
3144 836 3244 902 τὴν
3286 832 3538 901 τελευτὴν
3590 837 3675 887 τοῦ
3728 834 3853 908 βασι.

2260 926 2403 990 λέως
2434 927 2754 1005 Νικηφόρου
2805 930 2903 980 τοῦ
2964 924 3070 978 ἀπὸ
3099 927 3327 999 γενικῶν
3373 923 3702 991 καταντήσας,
3751 920 3852 990 ἔστη

2257 1023 2355 1073 τοῦ
2387 1013 2615 1092 δρόμου.
2669 1015 2815 1071 Μετὰ
2859 1012 2917 1069 δι
2963 1019 3153 1069 τοῦτον
3188 1010 3370 1073 οὐδεὶς
3427 1009 3586 1071 ἄλλος
3634 1007 3856 1064 ἐπέδωκεν

2261 1108 2448 1161 ἑαυτὸν
2518 1106 2598 1176 τῷ
2679 1103 2916 1176 τοιούτῳ
3003 1099 3385 1174 σπουδάσματι
3420 1143 3432 1157 .
3514 1098 3854 1173 Ἐπεχείρησαν

2267 1196 2358 1268 μὲν
2416 1194 2517 1270 γάρ
2567 1214 2732 1264 τινες,
2792 1194 2906 1247 οἷον
2942 1193 2970 1247 6
3028 1188 3370 1258 Σικελιώτης
3405 1186 3708 1248 διδάσκαλος
3735 1187 3855 1241 καὶὸ

2260 1285 2378 1338 καθ’
2434 1286 2580 1354 ἡμᾶς
2637 1281 2839 1342 ὕπατος
2891 1285 2997 1334 τῶν
3066 1279 3383 1356 φιλοσόφων
3436 1277 3522 1332 καὶ
3555 1277 3858 1349 ὑπέρτιμοςὸ

2261 1380 2511 1448 Ψελλὸς,
2564 1381 2652 1434 καὶ
2712 1380 2849 1454 πρὸς
2899 1378 3118 1441 τούτοις
3183 1374 3384 1448 ἕτεροι·
3443 1373 3582 1430 ἀλλὰ
3631 1373 3858 1449 πάρεργον

2261 1471 2526 1544 ἁψάμενοι
2575 1473 2670 1524 τοῦ
2713 1464 2897 1545 ἔργου,
2943 1475 3044 1537 τῆς
3074 1488 3134 1522 τε
3181 1461 3456 1543 ἀκριϐείας
3508 1464 3860 1519 έπιπεπτώκασι

2258 1559 2323 1612 τά
2378 1558 2608 1613 πλεῖστα
2662 1562 2769 1611 τῶν
2820 1556 3188 1632 καιριωτέρων
3249 1554 3529 1629 παρέντες,
3591 1551 3860 1620 καὶάνόνη-

490 1677 1017 1746 enumerationem,
1053 1679 1119 1730 ut
1159 1675 1434 1729 docerent
1464 1671 1596 1745 quis
1630 1687 1801 1744 quem
1834 1669 2146 1740 imperato-

2266 1669 2340 1702 τοι
2383 1654 2500 1711 τοῖς
2553 1647 2667 1720 μετ’
2715 1645 2908 1707 αὐτοὺς
2959 1645 3263 1722 γεγόνασιν,
3317 1641 3671 1717 ἀπαρίθμησιν
3728 1640 3862 1712 μόνην

2455 1738 2464 1749 ι
2700 1740 2724 1749 αι
2822 1736 2850 1749 Λ
2952 1733 2971 1749 \
2996 1735 3006 1749 ο
3234 1733 3248 1749 1
3310 1729 3335 1749 ἢ
3368 1729 3394 1749 ᾗ
3416 1733 3456 1749 σε.
3691 1728 3699 1742 ⁸
3797 1729 3862 1749 εᾲῖ

494 1784 616 1822 rem
657 1765 969 1838 exceperit,
1004 1769 1060 1819 et
1107 1763 1257 1817 nihil
1311 1767 1613 1834 praeterea.
1671 1760 1885 1814 Verum
1933 1759 2151 1829 quisic

495 1856 769 1911 historias
812 1871 923 1909 non
977 1857 1132 1908 recto
1185 1869 1359 1922 scopo
1411 1850 1831 1920 conscripsere,
1866 1847 1996 1918 plus
2045 1863 2150 1901 no-

495 1961 666 2000 cuere
695 1944 1032 2009 lectoribus,
1069 1959 1245 2014 quam
1295 1941 1580 2011 profuere.
1616 1943 1758 1992 Nam
1811 1937 2151 1992 Theodorus

499 2034 926 2104 Daphnopates,
960 2032 1194 2086 Nicetas
1245 2030 1608 2101 Paphlagon,
1640 2027 1934 2098 Josephus
1965 2025 2151 2080 Gene-

495 2125 620 2178 sius
666 2127 723 2178 et
783 2120 1032 2189 Manucl,
1096 2120 1378 2191 Byzantii,
1432 2118 1796 2190 Nicophorus
1847 2116 2148 2176 diaconus,

495 2223 703 2294 Phryx,
739 2221 847 2275 Leo
879 2220 1114 2280 Asinus,
1151 2218 1493 2272 Theodorus
1525 2216 1625 2288 qui
1673 2216 1780 2270 fuit
1824 2214 1973 2268 Sidse
2007 2231 2150 2284 prie-

442 2367 454 2383 ,
495 2328 608 2380 ses,
643 2311 888 2380 ejusque
918 2307 1310 2364 consobrinus
1343 2311 1399 2362 et
1444 2303 1811 2377 cognominis
1844 2303 1942 2376 qui
1973 2303 2153 2357 Seba-

497 2405 672 2456 stenaa
733 2399 961 2471 praefuit
1016 2397 1312 2464 Ecclesiae,
1391 2395 1751 2466 insuperque
1831 2391 2154 2447 Demetrius

497 2489 813 2560 Cyzicenus
847 2504 912 2542 ac
941 2487 1196 2542 Joannes
1224 2485 1418 2558 Lydus
1454 2483 1797 2551 monachus,
1833 2497 2006 2535 suum
2033 2480 2152 2535 sin-

500 2577 619 2649 guli
646 2577 754 2632 sibi
779 2580 1163 2648 proponentes
1190 2577 1632 2644 argumentum;
1665 2570 1815 2625 alius
1837 2570 2154 2641 imperato-

503 2667 584 2721 ris
641 2653 899 2734 laudem,
955 2665 1108 2718 alius
1166 2661 1512 2734 patriarcha:
1566 2658 1946 2730 vituperium,
2005 2657 2157 2713 alius

505 2753 678 2811 amici
709 2752 1064 2822 encomium,
1097 2756 1273 2822 atque
1295 2750 1555 2804 historia:
1582 2747 1813 2804 nomine
1836 2764 2008 2803 suum
2033 2746 2156 2801 sin-

506 2843 628 2916 guli
661 2842 843 2897 secuti
894 2857 1159 2912 scopum,
1194 2857 1225 2894 a
1257 2838 1628 2894 laudatorum
1675 2837 1933 2891 virorum
1969 2841 2160 2890 mente

506 2937 562 2988 et
609 2931 881 2986 instituto
932 2929 1102 3001 longe
1151 2930 1518 2984 aberrarunt.
1572 2927 1651 2981 Ea
1699 2925 1854 2980 enim
1895 2942 2020 2996 quae
2052 2941 2158 2980 suo

505 3027 768 3092 tempore
797 3026 962 3092 gesta
994 3022 1134 3074 sunt
1163 3017 1624 3084 conscribentes,
1657 3015 1950 3086 pauloque
1982 3013 2159 3069 altius

504 3113 889 3178 resumentes,
922 3107 1074 3162 alius
1123 3107 1330 3162 affectu
1365 3107 1600 3169 ductus,
1634 3103 1786 3159 alius
1817 3103 1972 3170 odio,
2007 3101 2160 3156 alius

504 3200 574 3254 ad
607 3197 879 3271 gratiam,
914 3197 1064 3251 alius
1098 3199 1270 3266 prout
1292 3193 1400 3250 sibi
1436 3197 1723 3248 statutum
1751 3194 1960 3261 fuerat,
1985 3191 2164 3245 histo-

505 3289 654 3342 riam
689 3288 949 3350 edentes,
982 3285 1135 3340 inter
1165 3302 1227 3339 se
1273 3284 1331 3338 in
1368 3284 1701 3338 narratione
1733 3282 2162 3348 dissenserunt,

508 3394 574 3433 ac
605 3376 854 3448 caligine
881 3373 1435 3446 perturbationeque
1462 3371 1758 3426 auditores
1777 3367 2166 3449 repleverunt.

508 3475 624 3531 Nos
661 3480 855 3529 autem
895 3477 1351 3528 memoratorum
1382 3470 1639 3525 virorum
1675 3468 1839 3523 lectis
1871 3467 2165 3539 operibus,

515 3563 777 3620 historias
811 3562 1176 3617 amatoribus
1225 3577 1427 3616 eorum
1479 3558 1777 3632 synopsim
1813 3575 1925 3612 non
1959 3573 2166 3628 parum

516 3653 718 3709 ulilem
755 3653 872 3706 fore
923 3655 1250 3723 sperantes,
1287 3650 1654 3718 maximeque
1688 3647 1757 3701 iis
1790 3646 1889 3718 qui
1926 3643 2169 3700 facilita-

520 3749 636 3797 tem
685 3741 870 3796 labori
921 3744 1322 3810 anteponunt;
1378 3742 1576 3808 utpote
1626 3753 1750 3807 qua:
1803 3735 1975 3789 variis
2008 3737 2173 3804 gesta

521 3831 889 3900 temporibus
924 3829 1266 3883 brevissime
1299 3829 1696 3896 repraesentet,
1732 3828 1787 3878 ct
1818 3841 1851 3878 a
1879 3839 2171 3877 commen-

519 3919 804 3973 tariorum
840 3916 990 3970 mole
1038 3916 1289 3970 liberet:
1325 3931 1504 3985 supra
1554 3914 1845 3968 dictorum
1896 3911 2172 3966 historias

518 4007 828 4077 diligenter
858 4005 1239 4072 excutientes,
1288 4002 1489 4072 ejectis
1520 4001 1591 4057 iis
1624 4019 1750 4072 quae
1781 4017 1846 4056 ex
1880 4001 2084 4055 affectu
2118 4003 2174 4055 et

517 4097 586 4151 ad
622 4095 868 4168 gratiam
895 4094 1050 4148 dicta
1071 4098 1232 4158 sunt,
1261 4094 1459 4147 missis
1493 4092 1563 4146 iis
1597 4108 1722 4161 quae
1747 4089 2171 4145 dissensionem

517 4192 570 4243 et
606 4184 1059 4258 repugnantiam
1096 4183 1355 4249 olebant,
1388 4180 1694 4252 expunctis
1725 4181 1900 4235 etiam
1943 4179 2013 4234 iis
2045 4195 2172 4249 quae

513 4276 775 4330 fabulam
810 4290 1016 4344 sapere
1066 4272 1256 4327 visum
1309 4276 1412 4335 est,
1451 4269 1885 4325 narrationibus
1917 4267 2172 4322 collectis

515 4383 642 4436 quae
693 4363 1030 4419 verisimilia
1064 4367 1120 4416 et
1171 4359 1497 4430 probabilia
1531 4359 1911 4430 putabantur,
1955 4356 2172 4411 additis

514 4454 690 4508 etiam
724 4453 793 4506 iis
815 4470 939 4523 qua:
975 4451 1235 4504 nondum
1269 4451 1487 4520 scripta
1507 4450 1576 4503 ab
1601 4447 1860 4518 antiquis
1893 4446 2030 4500 viris
2055 4445 2172 4500 edi-
2204 4431 2246 4494 D

514 4542 788 4610 dicimus,
822 4541 1011 4611 iisque
1055 4541 1114 4594 in
1147 4556 1328 4594 unum
1381 4555 1593 4608 corpus
1625 4535 1970 4608 compendio
2003 4535 2169 4588 reda-

513 4630 642 4699 ctis,
682 4635 953 4684 tenerum
1005 4629 1200 4683 cibum
1236 4627 1390 4683 mola
1440 4625 1728 4682 sermonis
1777 4628 2166 4696 praeparatum

510 4718 761 4790 posteris
793 4717 1180 4789 reliquimus;
1218 4716 1406 4787 utqui
1441 4718 1894 4769 memoratorum
1930 4710 2164 4766 histori-

509 4824 708 4864 corum
742 4807 921 4862 libros
970 4811 1401 4877 percurrerunt,
1438 4801 1859 4860 commentaria
1891 4801 2164 4865 habeant,

507 4921 707 4962 secum
752 4903 839 4959 vel
892 4905 949 4958 in
1007 4903 1098 4957 via
1150 4904 1397 4958 ferentes
1457 4901 1613 4955 hunc
1673 4898 1960 4954 libellum.
2012 4897 2166 4952 Solet

506 4995 725 5067 quippe
755 4992 926 5049 lectio
978 4991 1437 5046 recordationem
1492 4990 1787 5052 inducere,
1837 4985 2162 5042 recordatio

504 5101 636 5139 vero
669 5082 1012 5139 memoriam
1047 5080 1199 5135 alere
1253 5084 1310 5134 et
1361 5095 1578 5150 augere
1609 5097 1620 5144 ;
1656 5075 2161 5149 quemadmodum.

506 5179 712 5229 contra
741 5171 1096 5243 negligentia
1113 5175 1167 5225 et
1193 5168 1415 5225 incuria
1436 5173 1761 5240 gestorum,
1784 5164 2163 5220 reminiscen-

508 5261 648 5317 tiam
681 5263 928 5326 auferre,
979 5259 1131 5313 unde
1182 5274 1420 5328 prorsus
1450 5255 1660 5310 oblivio
1711 5254 1998 5325 sequitur,
2032 5268 2159 5322 quin

507 5356 802 5421 gestorum
863 5347 1208 5404 memoriam
1279 5346 1552 5400 obscurat
1607 5349 1775 5413 atque
1835 5341 2159 5397 confundit.

507 5439 609 5502 Qui
641 5455 773 5493 vero
808 5439 1067 5492 nondum
1110 5435 1389 5490 historias
1423 5433 1708 5506 legerunt,
1741 5431 1852 5486 hoc
1883 5446 2158 5501 compen-

507 5528 601 5585 dio
661 5528 922 5584 ductoris
979 5526 1106 5582 loco
1153 5529 1414 5593 utantur,
1465 5529 1522 5578 et
1569 5520 1870 5592 requisitis
1916 5520 1987 5574 iis
2035 5535 2157 5588 quae

2264 1738 2629 1808 ποιησάμενοι
2659 1740 2767 1790 τῶν
2821 1733 3112 1811 βασιλέων,
3162 1733 3252 1788 καὶ
3307 1729 3608 1804 διδάξαντες
3653 1728 3726 1790 τίς
3756 1729 3865 1799 μετὰ

2259 1826 2378 1881 τίνά
2433 1830 2539 1880 τῶν
2598 1825 2889 1899 σκήπτρων
2943 1825 3165 1898 γέγονεν
3223 1820 3529 1896 ἐγκρατὴς,
3571 1819 3654 1874 καὶ
3705 1816 3862 1871 πλεῖον

2261 1913 2435 1972 οὐδέν.
2492 1913 2668 1970 Ἀλλά
2709 1913 2797 1966 καὶ
2850 1911 3046 1973 ταύτας
3079 1911 3178 1966 οὐκ
3225 1909 3633 1984 ὲστοχασμένως
3675 1926 3864 1980 συγγρα-

2260 2006 2524 2079 ψάμενοι,
2575 1997 2812 2075 ἔϐλαψαν
2860 2000 2988 2063 τοὺς
3041 1998 3487 2076 ἐντυγχάνοντας,
3549 1995 3639 2051 οὐκ
3682 1993 3866 2072 ὠφέληο

2261 2115 2377 2150 σαν.
2429 2094 2491 2149 Ὀ
2548 2093 2650 2167 γὰρ
2709 2089 3068 2165 Δαφνοπάτης
3117 2087 3424 2162 Θεόδωρος,
3458 2088 3682 2155 Νικήτας
3729 2085 3866 2137 ὁΠαο

2262 2180 2508 2259 φλαγὼν,
2568 2181 2766 2257 Ἰωσὴφ
2826 2179 3064 2241 Γενέσιος
3130 2179 3218 2233 καὶ
3279 2175 3544 2243 Μανουήλ
3601 2174 3647 2228 οἶ
3699 2173 3868 2240 Βυζάν-

2260 2292 2391 2337 τιοι,
2424 2269 2739 2346 Νικηφόρος
2774 2270 2801 2324 6
2835 2267 3084 2329 διάκονος
3115 2269 3143 2322 6
3177 2266 3345 2342 Φρὺξ,
3411 2266 3439 2320 6
3497 2263 3695 2324 Ἀσινὸς
3726 2260 3868 2329 Λέων,

2264 2356 2546 2434 Θεόδωρος
2603 2360 2630 2412 6
2687 2360 2784 2426 τῆς
2850 2355 3017 2427 Σίδης
3073 2354 3366 2430 γενόμενος
3425 2348 3678 2427 πρόεδρος
3722 2349 3796 2403 καὶ
3845 2347 3868 2401 6

2262 2459 2457 2514 τούτου
2505 2458 2725 2531 ἀνεψιὸς
2784 2458 2874 2511 καὶ
2932 2457 3231 2528 ὁμώνυμος
3290 2455 3318 2509 6
3369 2460 3475 2523 τῆς
3524 2452 3574 2507 έν
3627 2445 3870 2517 Σεϐαστείᾳ

2265 2550 2720 2623 καθηγησάμενος
2781 2544 3132 2618 Ἐκκλησίας,
3193 2543 3282 2600 καὶ
3343 2543 3434 2598 ἐπὶ
3487 2540 3655 2613 τούτῳ
3709 2537 3869 2609 Δημή-

2263 2658 2415 2713 τριος
2449 2639 2476 2692 ὁ
2537 2644 2636 2706 τῆς
2694 2636 2927 2705 Κυζίκου
2974 2636 3061 2690 καὶ
3116 2636 3143 2688 ὁ
3187 2635 3437 2708 μοναχὸς
3480 2630 3866 2700 ἸωάννηςὸΛν-

2269 2725 2357 2788 δὸς
2444 2725 2646 2780 οἰκείαν
2716 2721 2941 2786 ἕκαστος
3020 2722 3268 2787 ὑπόθεσιν
3350 2713 3867 2797 προστησάμενος·6

2273 2817 2366 2890 μὲν
2447 2812 2666 2870 ἔπαινον
2738 2813 3027 2888 βασιλέως,
3103 2813 3132 2866 6
3191 2809 3249 2866 δὶ
3315 2812 3486 2885 ψόγον
3553 2808 3866 2882 πατριάρχου¹

2265 2903 2449 2981 ἕτερος
2509 2902 2566 2958 δὶ
2623 2902 2786 2979 φίλου
2841 2901 3144 2977 ἐγκώμιον,
3175 2901 3264 2956 καὶ
3297 2901 3348 2955 ἰν
3401 2899 3638 2975 ἱστορίας
3667 2897 3867 2970 σχήματι

2268 2995 2358 3049 τὸν
2420 2995 2610 3048 ἑαυτοῦ
2666 2989 2892 3054 ἕκαστος
2946 2989 3400 3064 ἀποπληροῦντες
3461 2988 3673 3057 σκοπὸν,
3716 2981 3870 3057 πόρρω

2191 3059 2235 3126 CI
2271 3091 2370 3153 τῆς
2446 3086 2554 3137 τῶν
2627 3081 2931 3156 εἰρημένων
3002 3077 3208 3156 ἀνδρῶν
3284 3078 3599 3133 πεπτώκασι
3655 3073 3870 3132 διανοίας.

2273 3177 2586 3251 ’Δποτάδηη
2639 3181 2761 3253 (εἰσ)
2809 3179 2910 3254 γὰρ
2968 3177 3037 3232 τὰ
3081 3177 3218 3232 κατὰ
3271 3176 3400 3238 τοὺς
3456 3175 3626 3230 αὐτῶν
3681 3171 3875 3248 χρόνους

2277 3269 2660 3343 συνενεχθέντα
2707 3268 2798 3321 καὶ
2851 3267 3040 3341 μικρὸν
3091 3264 3292 3330 ἄνωθεν
3345 3266 3632 3341 ἱπορικῶς
3687 3277 3876 3334 συγγρα·

2276 3359 2530 3434 ψάμενοι,
2578 3358 2663 3412 καὶ
2699 3359 2727 3412 6
2779 3358 2874 3430 μὶν
2922 3357 3238 3428 συμπαθῶς,
3291 3357 3318 3410 6
3373 3352 3423 3408 δ’
3456 3347 3876 3416 ἀντιπαθῶς,ὁδὶ

2276 3449 2366 3502 καὶ
2414 3449 2548 3502 κατὰ
2594 3445 2775 3522 χάριν,
2832 3443 3002 3506 ἄλλος
3060 3442 3117 3499 δὲ
3155 3444 3244 3498 καὶ
3279 3444 3354 3504 ὡς
3399 3443 3771 3518 προσετέτακτο
3796 3439 3876 3503 τήν

2278 3539 2468 3593 ἑαυτοῦ
2535 3536 2744 3599 συνθεὶς
2793 3534 3054 3609 ἱστορίαν,
3105 3533 3194 3587 καὶ
3248 3533 3383 3609 πρὸς
3447 3530 3716 3602 ἀλλήλους
3754 3527 3879 3597 έντῇ

2277 3631 2385 3682 τῶν
2447 3625 2619 3680 αὐτῶν
2697 3624 2970 3701 ἀφηγήσει
3043 3620 3466 3700 διαφερόμενοι,
3541 3618 3740 3694 ἰλίγγου
3803 3615 3876 3701 καὶ

2277 3721 2526 3792 ταραχῆς
2579 3711 2707 3775 τοὺς
2747 3699 3039 3788 Ἵάκροατᾶς
3096 3699 3514 3783 ἐμπεπλήκασιν
3551 3751 3563 3766 .
3616 3709 3783 3780 Ἡμεῖς
3831 3699 3877 3757 εὶ

2277 3809 2358 3877 τῷ
2415 3803 2568 3875 πόνῳ
2639 3805 2747 3855 τῶν
2823 3798 3128 3872 είρημένως
3185 3795 3389 3873 ἀνδρῶν
3453 3796 3562 3852 ἐκεῖ
3615 3793 3881 3867 ἐντυχόντες

2278 3896 2367 3952 καὶ
2419 3893 2796 3962 λυσιτελήσειν
2856 3891 2918 3945 οὗ
2981 3889 3146 3964 μικρά
3194 3890 3293 3958 τὴν
3342 3888 3566 3960 σύνοψιν
3598 3890 3703 3945 τοῖς
3732 3884 3878 3957 φιλοῖ-

2280 3980 2561 4058 στοροῦσιν
2611 3979 2948 4046 ἐλπίσαντες,
2996 3978 3085 4032 καὶ
3147 3975 3387 4050 μάλιστα
3444 3981 3561 4038 τοῖς
3611 3975 3668 4029 τὸ
3722 3972 3878 4047 ῥᾷστον

2279 4078 2378 4128 τοῦ
2417 4071 2820 4143 ἐπιπονωτέρου
2873 4065 3306 4140 προτιθεμένοις,
3367 4063 3767 4137 συντομωτάτην
3826 4055 3884 4110 δι·

2283 4159 2473 4215 δοῦσαν
2528 4155 2835 4230 κατάληψιν
2893 4159 3001 4209 τῶν
3061 4153 3112 4208 έν
3173 4151 3458 4230 διαφόροις
3509 4146 3882 4225 συμϐεϐηκότων

2279 4255 2494 4324 καιροῖς
2543 4246 2633 4300 καὶ
2689 4243 2784 4300 τοῦ
2848 4244 3052 4320 βάρους
3104 4247 3211 4297 τῶν
3267 4243 3668 4315 ὑπομνημάτων
3722 4235 3885 4295 Disces-

2284 4339 2513 4415 ροῦσαν,
2588 4337 2682 4398 τὰς
2739 4337 2846 4388 τῶν
2907 4330 3109 4396 ἄνωθεν
3170 4330 3478 4405 λεχθέντων
3534 4323 3881 4404 συγ-γραφείσας

2279 4425 2362 4482 ἐπ’
2413 4419 2630 4499 ἀκριϐὲς
2686 4422 2925 4496 ἱστορίας
2985 4421 3406 4492 άναμοιξάμενοι,
3441 4418 3534 4473 καὶ
3575 4419 3639 4472 τὰ
3669 4414 3881 4487 ἐμπαθῶς

2278 4527 2312 4597 ἢ
2365 4525 2454 4579 καὶ
2507 4523 2640 4599 πρὸς
2681 4523 2841 4597 χάριν
2876 4519 3140 4594 λεχθέντα
3191 4506 3882 4590 άποδιαπομπτξσαντες,κσὶ

2273 4614 2368 4676 τὰς
2418 4611 2678 4690 διαφορὰς
2724 4610 2812 4665 καὶ
2878 4606 3168 4686 διαφωνίας
3227 4606 3509 4682 παρέντες,
3572 4603 3880 4673 ἀποξέσαντες

2277 4700 2334 4758 δὶ
2389 4700 2477 4756 καὶ
2523 4683 2635 4754 ’ὅσα
2683 4697 2842 4774 ἔγγὺς
2899 4683 3173 4771 ἐρχόμενα
3203 4694 3431 4769 εὕρομεν
3460 4697 3558 4748 τοῦ
3614 4683 3876 4765 μυθώδους’

2271 4793 2340 4846 τὰ
2396 4788 2453 4845 δὲ
2511 4787 2694 4844 εῗκότα
2738 4786 2829 4841 καὶ
2873 4786 3046 4839 ὁπόσα
3101 4788 3198 4838 τοῦ
3255 4787 3487 4847 πιθανοῦ
3523 4783 3596 4854 μή
3652 4779 3879 4834 ἆπέπιπτε

2274 4877 2687 4950 συλλεξάμενοι,
2759 4873 3077 4948 προσθέντες
3145 4869 3201 4926 δὶ
3261 4872 3353 4925 καὶ
3422 4870 3597 4925 ὁπόσα
3668 4864 3880 4940 ἀγράφως

2271 4969 2329 5026 ἐκ
2377 4966 2627 5023 παλαιῶν
2687 4962 2895 5041 ἀνδρῶν
2956 4961 3353 5038 ἐδιδάχθημεν,
3383 4962 3476 5015 καὶ
3509 4961 3596 5035 τφ’
3626 4954 3676 5011 ἓν
3705 4951 3882 5041 ἐπιδρο-

2275 5059 2449 5134 μάδην
2515 5039 2825 5128 συνθέμενοι
2899 5058 3018 5116 τοῖς
3078 5049 3548 5125 μεταγενεστέροις
3599 5039 3882 5134 καταλελοί-

2270 5131 2444 5220 παμεν
2497 5147 2704 5222 τροφὴν
2764 5141 2978 5210 ἁπαλὴν
3027 5141 3116 5196 καὶ
3175 5139 3354 5212 τούτῷ
3412 5137 3469 5194 δὲ
3518 5143 3597 5210 τῷ
3623 5139 3713 5190 τοῦ
3741 5131 3880 5204 λόγον

2269 5235 2668 5309 ἆληλεσμένην,
2721 5231 2792 5286 i’v'
2851 5232 2904 5286 oi
2967 5233 3062 5303 μὲν
3119 5231 3211 5289 τὰς
3246 5233 3351 5284 τῶν
3411 5228 3676 5304 ῥηθέντων
3708 5223 3879 5309 ἱστορι-

2269 5305 2376 5384 κῶν
2423 5305 2652 5400 βίϐλους
2710 5317 3030 5381 ἐπελθόντες
3074 5319 3441 5390 ὑπομνήματα
3499 5311 3674 5400 ἔχοιεν
3729 5305 3882 5400 συνέξ-

2270 5391 2445 5490 δημον
2505 5413 2754 5490 φέροντες
2802 5408 2890 5464 καὶ
2949 5407 3192 5470 ὶπιόντες
3222 5411 3381 5462 τοῦτο
3438 5406 3502 5461 τὸ
3536 5399 3760 5490 βιϐλίονς
3789 5391 3880 5450 οἶδε

2267 5487 2370 5584 γὰρ
2419 5505 2454 5574 ἡ
2502 5487 2800 5576 άνάγνωσις
2825 5499 3126 5573 ἀνάμνησιν
3161 5496 3430 5570 ἐμποιεῖν,
3486 5496 3522 5565 ἡ
3577 5489 3632 5548 δδ
3677 5487 3880 5559 ἀνάμνη-
