4224 6078
431 269 3704 310 mw

1361 428 2800 666 PROOEMIUM.

2042 740 2106 815 Ι.

1523 941 2016 1004 ΕΒΙἸῚΟΝΙΞ
2075 893 2611 1005 CONSILIUM.

512 1144 541 1217 §
583 1143 638 1202 1.
675 1137 1002 1210 Quaenam
1036 1131 1443 1213 potissimum
1475 1147 1666 1193 causa
1702 1131 1777 1199 ad
1825 1131 2090 1195 Joannis
2137 1131 2307 1194 Scoti
2349 1129 2630 1210 theologi
2683 1129 3334 1222 libros.colligendos
3357 1153 3429 1198 ae
3461 1153 3692 1216 perpo-

430 1269 686 1355 liendos
719 1285 821 1330 me
847 1266 1200 1346 impulerit,
1234 1263 1290 1326 si
1320 1263 1606 1344 quaeris,
1645 1261 1844 1328 lector
1871 1263 2208 1357 benevole,
2241 1280 2322 1326 en
2361 1261 2582 1342 paucis
2618 1262 2730 1323 tibi
2762 1239 3018 1324 consilii
3057 1263 3183 1325 mei
3210 1265 3520 1329 rationein
3552 1286 3703 1349 ape—

427 1401 613 1464 riam.
651 1399 902 1462 Etenim
933 1405 1081 1462 ante
1110 1395 1232 1462 hos
1264 1395 1400 1458 fere
1430 1395 1737 1460 tredecim
1777 1410 2007 1469 annos,
2038 1412 2240 1475 quum
2282 1393 2790 1472 theologicarum
2824 1411 2896 1456 ac
2933 1391 3525 1476 philosiOphicarum
3560 1397 3700 1461 litc~

431 1549 641 1597 rarum
675 1531 854 1596 rudis
884 1530 1018 1595 fere
1046 1544 1118 1591 ac
1151 1511 1497 1607 imperitus-
1523 1525 1590 1587 in
1615 1524 1792 1592 illius
1823 1526 2088 1592 Joannis
2125 1525 2323 1589 libros
2353 1525 2753 1600 incidissem,
2780 1525 2974 1606 hujus
3005 1527 3336 1608 scriptoris
3359 1529 3580 1591 seculo
3606 1532 3697 1592 lx

426 1665 703 1728 viventis
731 1662 899 1727 haud
934 1677 1160 1742 parum
1199 1677 1304 1724 me
1338 1659 1620 1722 movisse
1671 1659 2028 1738 speciosam
2067 1677 2138 1721 ac
2176 1675 2383 1738 paene
2417 1658 2812 1738 singularem
2863 1659 3233 1739 disputandi
3275 1662 3695 1728 subtilitatem

425 1795 758 1866 conﬁteor.
793 1793 920 1856 Nec
951 1798 1162 1856 tamen
1198 1807 1330 1854 non
1362 1807 1466 1854 me
1493 1789 1765 1854 oﬂ‘e'ndit
1799 1787 2229 1872 quorumdam
2274 1807 2353 1852 ex
2409 1790 2804 1854 nostratibus
2854 1791 3202 1864 temeritas,
3253 1791 3698 1855 extollentium

423 1942 497 1988 ac
528 1922 1032 2006 praedicantium
1064 1921 1206 2001 ejus
1245 1919 1722 2017 iiiiilOSOphicas
1753 1919 2639 2013 theologicasque‘tlieorias,
2691 1923 2931 2003 quippe
2963 1939 3110 1986 cum
3147 1923 3285 2003 ejus
3323 1924 3698 2002 primarium

377 2041 382 2045 ’
420 2071 610 2136 Opus,
647 2053 821 2134 quod
855 2076 885 2111 α
921 2052 1002 2115 de
1044 2049 1372 2115 divisione
1402 2051 1676 2114 Naturae
1729 2075 1759 2110 ιο
1817 2051 2216 2127 inscribitur,
2250 2051 2328 2114 ab
2352 2053 2652 2146 .Honorio
2698 2054 2765 2114 P.
2800 2052 2912 2115 lli.
2968 2053 3096 2131 igni
3146 2053 3602 2132 adjudiratum,
3639 2065 3700 2119 et

421 2192 571 2258 ante
597 2183 732 2248 fere
761 2183 1081 2247 ducentos
1123 2196 1328 2245 annos
1367 2197 1568 2261 quum
1603 2181 1669 2244 in
1691 2183 1919 2264 Anglia
1953 2183 2123 2264 typis
2146 2190 2754 2262 essetexpressum,
2791 2185 2853 2245 in
2889 2182 3172 2248 Iudicem
3208 2183 3518 2248 librorum
3554 2204 3699 2265 pro-

322 2371 330 2378 .
422 2311 774 2377 hibitorum
826 2313 1094 2377 relatum
1133 2330 1276 2376 esse
1313 2313 1484 2374 inter
1527 2329 1755 2376 omnes
1787 2322 2058 2376 constet.
2089 2314 2304 2394 Atque
2331 2312 2464 2392 jam
2520 2323 2658 2376 tum
2697 2313 2859 2376 mihi
2895 2330 3378 2396 preposuerarn,
3427 2325 3489 2400 et
3537 2319 3698 2403 quid

419 2445 701 2510 Joannes
729 2446 958 2509 Scotus
985 2442 1241 2522 scriptis
1270 2442 1408 2504 suis
1446 2440 1807 2521 profecerit,
1837 2449 1898 2505 et
1937 2443 2000 2502 in
2043 2443 2286 2523 quibus
2323 2443 2482 2506 locis
2506 2445 2836 2534 erraverit,
2869 2445 3250 2527 diligentius
3279 2450 3603 2531 indagare,
3631 2465 3698 2518 et

417 2582 769 2665 aliquando
787 2563 964 2661 justa
1003 2580 1160 2642 libra
1197 2587 1547 2660 utrumque
1576 2594 1962 2658 expensum,
1992 2577 2058 2639 in
2093 2579 2409 2643 honorem
2437 2596 2512 2643 ac
2537 2577 2817 2644 fructum
2849 2589 3104 2644 sanctae
3133 2579 3457 2644 Ecclesiae
3489 2599 3696 2660 expo-

417 2734 597 2781 nere.
629 2717 770 2780 Non
817 2715 904 2806 ita
939 2709 1144 2778 multo
1177 2719 1323 2795 post
1371 2711 1438 2774 in
1487 2711 1722 2774 itinere
1777 2709 2088 2785 literario,
2139 2710 2314 2792 quod
2351 2729 2464 2792 per
2511 2711 2945 2788 Germaniam,
2995 2710 3379 2788 Helvetiam,
3420 2713 3690 2786 Italiam,

417 2845 711 2924 Belgium
743 2843 1196 2924 instituebant,
1217 2840 1472 2931 occasio
1510 2838 1672 2904 mihi
1708 2839 1922 2908 oblata
1971 2847 2131 2916 erat,
2169 2839 2340 2904 inter
2369 2847 2602 2917 cetera,
2639 2842 2704 2903 in
2754 2859 2920 2922 quae
2966 2842 3447 2918 incumbebam,
3480 2845 3692 2907 studia

417 2975 659 3048 critica,
692 2981 754 3039 et
785 2992 860 3037 ex
897 2973 1167 3044 Joannis
1199 2971 1364 3043 Scoti
1401 2970 1582 3036 libris
1611 2971 1879 3052 quinam
1906 2965 2323 3053 superessent
2353 2973 2422 3034 in
2457 2970 2879 3036 bibliothecis
2907 2971 3390 3047 delitescentes,
3426 2973 3694 3036 investi-

413 3105 634 3186 gandi,
659 3113 720 3169 et
742 3105 1056 3186 quidquid
1093 3105 1500 3184 reperissem,
1525 3102 1612 3185 ad_
1634 3102 1890 3182 plenius
1900 3102 2232 3184 judicium.
2257 3103 2337 3166 de
2366 3103 2510 3183 ipso
2542 3102 2880 3166 ferendum
2909 3104 2973 3166 in
2999 3103 3206 3167 lucem
3245 3105 3682 3184 protrahendi.

416 3239 494 3301 In
524 3254 717 3318 quam
757 3253 889 3298 rem
914 3235 1062 3298 licet
1082 3233 1403 3315 plurimas
1433 3231 1858 3298 bibliothecas
1881 3233 2396 3312 perlustrassem,
2436 3239 2650 3330 tamen
2688 3232 2999 3296 librorum
3025 3233 3233 3314 ipsius
3255 3234 3508 3300 codices
3532 3226 3713 3301 mssQ

415 3367 588 3430 haud
618 3367 705 3430 ita
743 3365 982 3429 multos
1033 3364 1316 3446 reperire
1343 3363 1522 3443 .mihi
1577 3363 1868 3443 contigit.
1915 3364 2006 3423 Ex
2039 3363 2142 3423 his
2178 3360 2513 3424 codicibus
2549 3379 2718 3443 quae
2756 3361 3070 3442 descripsi
3109 3361 3461 3443 fragmenta
3519 3369 3690 3432 haud

414 3517 574 3566 sane
611 3501 992 3582 spernenda,
1027 3518 1200 3565 nunc
1229 3501 1510 3583 primum
1562 3519 1594 3564 a
1633 3499 1822 3563 nobis
1871 3500 1936 3570 in
1975 3499 2184 3563 lucem
2219 3500 2625 3562 emittuntur.
2658 3500 2956 3582 Denique
3006 3498 3231 3580 majori
3279 3517 3425 3562 cum
3478 3499 3686 3566 fructu

412 3648 623 3712 nuper
649 3612 1103 3698 bibliothecam
1135 3634 1397 3713 Regiam
1433 3633 1859 3696 Parisiensem
1899 3631 2052 3695 adii.
2086 3631 2206 3694 Ubi
2246 3649 2450 3712 quum
2505 3629 2722 3710 plures
2751 3631 3006 3710 codices
3055 3633 3366 3696 librorum
3411 3634 3685 3698 Joannis

415 3765 590 3830 Scoti
621 3735 1044 3842 invenissem,
1078 3782 1191 3830 eos
1227 3782 1491 3847 quoque
1525 3766 1588 3826 in
1623 3782 1781 3827 usus
1813 3781 1992 3827 meos
2025 3762 2495 3826 convertendos
2533 3780 2674 3826 esse
2706 3763 2948 3843 putavi.
2988 3765 3084 3826 Ad
3115 3780 3339 3826 eorum
3376 3764 3574 3844 igitur
3611 3767 3686 3826 ti-

410 3897 562 3966 dem
605 3902 668 3960 et
707 3918 739 3954 ci
776 3895 1476 3987 de‘Praedestinatione
1510 3917 1537 3951 κ
1575 3901 1637 3956 et
1670 3916 1698 3950 α
1732 3890 1813 3955 de
1846 3868 2078 3954 divisio

2021 3891 2172 3954 ionc
2219 3890 2492 3952 Naturae
2533 3913 2562 3946 υ
2596 3887 2797 3952 libros
2844 3889 3191 3968 diligenter
3227 3893 3507 3954 excussi.
3557 3892 3687 3956 C0-

363 4109 370 4116 .
409 4013 621 4088 dicem
657 4041 924 4104 quoque
955 4023 1454 4088 Laudunensem
1484 4021 1642 4086 mihi
1677 4022 2028 4090 liberaliter
2055 4020 2335 4083 Parisios
2364 3999 2839 4094 transmissum,
2884 4021 3053 4090 haud
3093 4023 3235 4086 sine
3265 4024 3480 4088 fructu
3538 4043 3685 4088 exa-

415 4155 680 4220 minavi.
713 4154 900 4232 Quod
936 4171 1088 4217 vero
1113 4152 1438 4232 integrum
1471 4152 1641 4215 Scoti
1676 4167 1972 4233 operum,
2009 4167 2178 4229 quae
2227 4157 2603 4230 supersunt,
2666 4153 3041 4228 editionem,
3101 4172 3231 4218 non
3283 4157 3528 4220 omisso
3565 4177 3686 4222 su-

408 4299 668 4373 spectae
695 4290 846 4355 ﬁdei
879 4291 1044 4354 libro
1072 4288 1154 4351 de
1184 4285 1545 4370 principiis,
1580 4303 1777 4368 quem
1814 4309 1843 4343 α
1876 4284 1957 4348 de
1988 4284 2316 4349 divisione
2355 4285 2632 4346 Naturae
2666 4303 2694 4338 io
2734 4283 3086 4363 inscripsit,
3113 4283 3265 4348 huic
3286 4288 3683 4369 Patrologiae

403 4423 830 4496 inseruimus,
865 4419 1038 4487 haud
1059 4419 1246 4484 facile
1278 4434 1672 4502 quamquam
1711 4419 2094 4482 miraturum
2125 4416 2451 4490 existimo,
2476 4414 2591 4496 qni
2617 4416 3030 4495 reputaverit,
3064 4418 3333 4481 omnino
3357 4420 3678 4484 Joannem

405 4552 664 4614 Scotum
695 4566 842 4628 cum
878 4547 1277 4611 acutissimis
1304 4545 1443 4610 suis
1483 4545 2139 4630 profundissimisqoe
2189 4545 2763 4628 disputationibus,
2807 4564 3080 4628 quarum
3132 4547 3378 4628 et.ipse
3427 4567 3506 4614 ex
3542 4552 3679 4616 Pla-

404 4644 1066 4760 tone'Aristotele-que
1094 4677 1266 4740 haud
1295 4693 1439 4740 raro
1468 4685 1844 4755 argumenta
1875 4671 2125 4756 petivit,
2159 4660 2358 4746 sensu
2406 4678 2688 4762 quodam
2737 4679 2947 4742 latiori
2979 4678 3431 4759 Scholasticae,
3483 4703 3677 4765 quam

400 4808 651 4886 dicunt,
685 4809 1096 4888 Theologiae.
1115 4810 1646 4890 praeambulum,
1668 4817 1801 4879 tum
1833 4810 2133 4875 versione
2160 4829 2275 4875 sua
2311 4828 2583 4892 cperum
2621 4812 3204 4892 Pseudo-Dionysii
3234 4817 3673 4900 AreOpagitae,

299 4947 310 4956 '
407 4944 674 5023 suisque
719 4958 944 5005 eorum
983 4941 1522 5021 expositionibus,
1561 4947 1940 5020 ceterisque
1969 4959 2108 5004 suis
2139 4941 2366 5005 crebro
2400 4939 2769 5020 allegoricis
2805 4940 3097 5015 theoriis,
3134 4945 3452 5026 mysticae
3479 4967 3673 5028 quam

397 5070 633 5129 vocant
666 5063 1023 5140 theologiae
1052 5067 1358 5146 tanquam
1393 5079 1874 5144 praecursorem
1905 5065 2079 5129 haud
2114 5067 2438 5130 immerito
2475 5084 2506 5127 a
2542 5064 2697 5127 viris
2747 5063 2954 5128 doctis
3003 5064 3301 5145 judicari.
3351 5067 3675 5150 Imprimis

305 5224 316 5230 -
399 5213 557 5260 vero
586 5193 856 5256 Joannis
885 5190 1055 5254 Scoti
1087 5192 1384 5257 versione
1421 5209 1716 5273 cperam,
1753 5211 1920 5272 quae
1967 5195 2090 5258 sub
2119 5196 2183 5258 S.
2225 5196 2522 5274 Dionysii
2559 5198 2982 5275 Areopagitae
3039 5197 3304 5260 nomine
3353 5197 3674 5272 feruntur.

397 5326 746 5398 utebantur
775 5321 974 5386 medii
1000 5321 1142 5386 aevi
1177 5322 1663 5403 Thcologi.Qui
1704 5326 2012 5407 quoniam
2055 5343 2346 5408 graecam
2380 5327 2666 5408 linguam
2720 5328 2844 5407 ipsi
2895 5345 3026 5391 non
3061 5328 3397 5407 callebant,
3449 5333 3676 5409 libros.

395 5468 679 5536 quorum
713 5457 1039 5516 auctorem
1069 5452 1131 5516 S.
1163 5455 1550 5536 Dionysium
1605 5457 2054 5539 Areopagitam
2103 5465 2173 5522 ut
2227 5459 2479 5522 Patrem
2512 5458 2940 5541 apostolicum
2999 5458 3296 5522 colebant
3341 5462 3420 5525 ad
3471 5482 3674 5528 unum

393 5589 648 5649 omnes,
685 5571 766 5636 ab
795 5572 1042 5657 Joanne
1074 5573 1262 5639 Scoto
1296 5573 1495 5640 latine
1540 5588 1888 5642 cenversos
1935 5578 2257 5660 legebant,
2289 5595 2562 5659 eamque
2603 5577 2967 5643 versionem
3007 5581 3490 5642 commentariis
3539 5585 3675 5649 suis

680 5701 921 5762 Ρηκοι..
959 5707 1148 5766 CXXII
3208 5727 3252 5767 α
