4224 6078
574 317 622 360 u
1614 350 1617 353 .
1700 325 1707 331 ‘
2004 303 2430 366 PROOEMIUM.

520 479 529 486 .
584 431 1014 497 illustrabant.
1048 434 1262 509 Quare
1317 453 1523 518 quum
1572 437 1840 504 omnino
1875 439 2158 503 Joannes
2199 443 2425 503 Scotus
2472 440 2791 521 r-jusmOdi
2827 440 3098 519 scriptor
3143 440 3269 515 sit,
3301 441 3486 519 cujus
3539 457 3735 520 opera
3783 434 3850 503 in

582 585 614 619 ιι
647 563 856 627 Cursu
894 565 1214 646 completo
1259 590 1288 624 in
1340 566 1732 647 Scriptorum
1771 567 2354 632 ecclesiasticorum
2388 568 2735 631 desiderari
2770 570 2875 631 ‘vix
2912 569 3209 641 debeant,
3241 570 3552 650 integram
3584 590 3852 654 Operum

582 696 722 772 ejus
756 693 1105 757 editionem
1139 696 1430 759 adornari
1464 704 1525 759 et
1552 695 1802 777 justum
1839 704 1901 759 et
1947 697 2028 760 ab
2064 697 2257 778 hujus
2299 698 2705 761 collectionis
2736 699 3009 763 consilio
3044 671 3210 763 harid
3248 718 3513 780 prorsus
3564 702 3850 766 alienum

580 842 723 887 esse
753 825 1082 889 duximus.
1123 829 1190 891 In
1227 828 1327 891 his
1356 837 1569 891 autem
1605 831 1877 893 Joannis
1921 832 2090 894 Scoti
2125 832 2436 911 operibus
2466 834 2523 896 si
2558 853 2725 916 quae
2762 844 3126 907 occurrant,
3161 836 3400 917 quibus
3428 836 3607 915 juste
3637 837 3853 898 oﬂ‘en-

578 955 775 1032 duris,
807 974 936 1020 non
976 956 1320 1020 omisimus
1353 983 1382 1016 α
1422 959 1687 1029 Monitis
1722 959 1800 1024 ad
1864 962 2193 1025 Lcetorcm
2232 987 2261 1020 n
2296 965 2690 1044 praemissis,
2724 967 2832 1028 ubi
2877 983 3043 1047 Opus
3075 974 3231 1041 erm,
3265 965 3646 1047 principales
3678 983 3854 1031 erro—

579 1104 680 1148 res
715 1098 961 1162 notare,
999 1106 1116 1168 nec
1164 1108 1289 1150 non
1325 1090 1428 1153 hic
1461 1090 1595 1153 illic
1645 1093 1813 1155 notis
1845 1094 2177 1175 subjectis,
2216 1113 2383 1178 quae
2412 1097 2575 1159 falso
2615 1107 2723 1159 aut
2762 1090 2978 1160 minus
3032 1108 3201 1163 recte
3239 1101 3672 1179 disputantur,
3707 1115 3855 1161 cor-

580 1220 815 1299 rigere.
858 1222 1183 1285 Praeterea
1221 1222 1287 1283 in
1346 1207 1887 1287 commentatione
1918 1249 1946 1283 α
1982 1226 2061 1289 de
2106 1228 2229 1289 vita
2266 1237 2327 1291 et
2372 1230 2731 1310 praeceptis
2772 1233 3040 1294 Joannis
3075 1233 3243 1294 Scoti
3303 1258 3333 1291 ››
3374 1232 3529 1295 huic
3583 1249 3850 1312 Operum

578 1350 847 1413 editioni
901 1353 1271 1431 praemissa,
1321 1369 1574 1417 errores
1626 1355 1833 1434 ipsius
1876 1358 2107 1420 acriter
2161 1360 2703 1439 perstringuntur.
2741 1361 2801 1422 Si
2834 1360 2939 1423 cui
2992 1360 3421 1424 nihilominus
3454 1364 3517 1426 in
3551 1372 3725 1427 notat
3751 1363 3855 1428 dis

575 1482 843 1544 Joannis
877 1482 1044 1545 Scoti
1080 1483 1411 1547 erroribus
1441 1483 1687 1565 aliquid
1728 1502 1762 1549 a
1797 1486 1990 1549 nobis
2027 1488 2390 1568 neglectum
2444 1507 2589 1554 esse
2635 1490 2952 1565 videatur,
2990 1495 3395 1556 excusabant
3424 1509 3544 1557 nos
3574 1510 3719 1579 cum
3758 1492 3849 1553 rei

576 1612 947 1686 difﬁcultas,
985 1620 1117 1676 tum
1149 1614 1479 1696 temporis,
1524 1617 1698 1698 quod
1736 1618 1922 1681 nobis
1956 1618 2022 1679 in
2075 1620 2348 1698 paranda
2383 1621 2669 1685 editione
2705 1621 2971 1687 concedi
3007 1629 3278 1704 poterat,
3322 1624 3683 1703 angustiae.

666 1737 701 1811 ᾗ
734 1736 795 1796 2.
826 1736 906 1795 Et
937 1735 1017 1797 de
1045 1735 1172 1797 ﬁne
1209 1733 1404 1816 hujus
1440 1734 1747 1799 editionis
1778 1735 1933 1799 haec
1963 1735 2222 1817 quidem
2261 1742 2599 1804 hactenus.
2629 1740 2964 1804 Praeterea
2994 1740 3127 1803 duo
3161 1741 3348 1808 nobis
3379 1739 3625 1822 reliqua
3658 1746 3850 1802 sunt:

580 1856 888 1938 primum,
922 1862 988 1917 ut
1026 1855 1281 1919 codices
1310 1903 1328 1934 ,
1356 1872 1522 1935 quos
1546 1854 1969 1931 adhibuimus
1993 1898 2011 1931 ,
2073 1871 2532 1939 enumeremus
2561 1901 2579 1930 ,
2623 1855 2857 1919 deinde
2880 1900 2897 1931 ,
2956 1863 3025 1919 ut
3075 1861 3155 1921 de
3201 1858 3469 1921 Joannis
3499 1858 3669 1922 Scoti
3728 1857 3853 1920 vita

578 1979 735 2060 quid
766 1987 1170 2058 compertum
1207 1976 2051 2059 habeamus,‘exponamus.
2083 1976 2202 2040 Ubi
2253 1983 2466 2039 tamen
2500 1977 2565 2039 in
2598 1993 2759 2041 usus
2790 1994 2972 2041 meos
2998 1991 3371 2040 convertere
3397 1994 3529 2041 non
3564 1975 3853 2038 dubitavi

578 2099 1367 2165 illam.comirmatalionem
1424 2097 1497 2158 de
1530 2098 1659 2159 vita
1706 2105 1762 2160 el
1810 2105 2164 2178 praeceptis
2203 2097 2476 2158 Joannis
2518 2098 2736 2171 Scoti,
2789 2098 3024 2161 abhinc
3073 2097 3321 2180 aliquot
3372 2098 3561 2161 annis
3614 2096 3849 2160 editam

578 2194 851 2282 auctore
887 2234 1237 2300 anonymo,
1271 2236 1463 2299 quam
1514 2218 1821 2299 operibus
1852 2215 2261 2298 praemittere
2282 2216 2649 2280 statuimus.
2678 2216 2860 2292 Quae
2908 2233 3112 2298 quum
3149 2216 3216 2279 in
3254 2218 3571 2299 capitibus
3605 2208 3856 2297 gravio-

579 2345 767 2410 ribus
807 2345 889 2407 sit
933 2346 1103 2408 bene
1134 2346 1469 2420 adornata,
1502 2345 1712 2410 solum
1740 2343 1805 2405 id
1838 2341 2185 2422 supererit,
2221 2346 2287 2404 ut
2311 2340 2649 2419 nonnulla,
2682 2341 2750 2405 in
2787 2342 3027 2424 quibus
3074 2340 3155 2405 ab
3203 2340 3344 2420 ejus
3394 2337 3702 2418 scriptore
3738 2353 3853 2401 no-
3916 2400 3921 2405 .

579 2469 679 2531 bis
716 2468 1237 2533 dissentiendum
1269 2475 1361 2532 cst
1390 2513 1407 2541 ,
1440 2463 1899 2542 dilucidemus.

2168 2624 2280 2702 II.

2001 2804 2429 2873 CODICES.

661 2958 688 3030 §
718 2956 781 3015 3.
814 2936 890 3016 Et
924 2952 1202 3032 primum
1238 2950 1501 3031 quidem
1536 2951 1613 3017 ad
1644 2953 1897 3019 codices
1928 2954 2103 3036 quod
2135 2956 2387 3031 attinet,
2423 2954 2492 3018 in
2548 2952 2817 3019 edendis
2851 2952 3392 3033 Emposilionibus
3419 2969 3608 3032 super
3634 2950 3855 3013 Ιρναν-

585 3078 785 3138 (Iliam
838 3076 1150 3138 caelestem
1209 3076 1278 3137 S.
1328 3074 1666 3156 Dionysii,
1718 3076 2061 3159 hucusque
2106 3076 2373 3141 ineditis
2419 3093 2493 3140 ac
2539 3093 2745 3159 paene
2794 3073 3185 3155 incognitis,
3234 3071 3657 3138 adhibuimus
3700 3078 3848 3136 tres.

577 3200 630 3259 Ε
663 3199 903 3279 quibus
937 3196 1138 3259 codex
1170 3198 1519 3261 Vaticanus
1548 3199 1668 3262 652
1691 3247 1708 3274 ,
1741 3199 1932 3265 initio
1963 3199 2173 3265 seculi
2200 3201 2294 3264 X1
2324 3200 2653 3280 eleganter
2698 3198 2978 3279 scriptus
3004 3242 3021 3272 ,
3061 3201 3311 3280 constat
3346 3194 3428 3258 58
3456 3191 3849 3256 membranis

580 3324 643 3384 in
678 3322 834 3384 folio
872 3320 1131 3383 minori.
1161 3320 1465 3386 Continet
1498 3340 1649 3386 vero
1683 3324 1853 3388 solas
1902 3324 2049 3389 illas
2097 3324 2366 3409 Joannis
2402 3323 2569 3415 Scoti
2620 3321 3082 3417 expositiones.
3122 3321 3197 3383 In
3228 3320 3432 3401 prima
3480 3318 3850 3382 membrana

582 3460 811 3507 tuentis
859 3442 1062 3504 seculi
1101 3442 1275 3514 XIV,
1316 3448 1385 3502 ut
1428 3439 1724 3515 videtur,‘
1753 3440 2091 3522 adscripsit
2122 3463 2139 3503 :
2167 3442 2296 3504 Iste
2343 3412 2592 3503 libellus
2896 3459 2977 3502 ea:
3021 3437 3128 3503 vix
3164 3436 3291 3516 legi
3342 3443 3596 3517 potest,
3644 3441 3854 3498 cetera

588 3594 603 3629 ι
637 3566 859 3628 mnino
896 3565 1235 3628 oblilerata
1282 3570 1457 3624 sunt.
1496 3563 1920 3628 ltemmanus
1954 3563 2160 3628 seculi
2205 3561 2362 3626 XIII
2393 3562 2733 3638 exeuntis,
2780 3568 2853 3625 ut
2905 3561 3184 3634 videtur,
3214 3558 3283 3622 in
3326 3555 3615 3621 inferiori
3654 3574 3854 3620 mem-

583 3688 816 3748 branae
855 3692 1032 3766 parte
1064 3684 1323 3765 scripsit
1357 3706 1374 3746 :
1412 3705 1628 3748 sumus
1662 3688 1778 3767 (sic
1803 3689 1845 3766 l)
1905 3687 2179 3749 omnium
2212 3685 2643 3767 theologorum
2680 3687 2838 3761 istc,
2885 3703 3053 3766 quae
3101 3684 3295 3747 verba
3342 3701 3714 3764 quanquam
3751 3682 3855 3743 di-

507 3789 519 3797 ”
584 3811 767 3872 luere
797 3809 1059 3891 quidam
1101 3808 1376 3884 studuit,
1411 3816 1620 3872 tamen
1651 3809 1822 3872 bene
1850 3817 2124 3891 possunt
2156 3808 2368 3874 adhuc
2422 3810 2766 3890 distingui.
2796 3811 3036 3886 Quater
3066 3806 3161 3872 vel
3194 3804 3547 3887 quinquies
3579 3804 3653 3867 ad
3691 3821 3855 3867 mar-

583 3934 799 4006 ginem
833 3932 1414 4010 deprehenduntur
1464 3928 1720 4009 glossae
1773 3930 1966 3991 trium
2017 3928 2118 3992 vel
2172 3934 2481 4011 quattuor
2531 3928 2875 3993 verborum
2908 3975 2925 4005 ,
2956 3945 3118 4009 quas
3149 3943 3352 4005 quum
3391 3926 3496 4009 vix
3535 3928 3852 4005 potuerint

581 4052 986 4130 dignoscere,
1024 4049 1304 4129 neglexi.
1339 4051 1426 4123 ls,
1454 4050 1581 4130 qui‘
1615 4049 1851 4110 librum
1889 4048 2271 4129 descripsit,
2326 4066 2588 4111 sensum
2641 4048 2747 4110 vix
2804 4066 3086 4131 unquam
3145 4051 3395 4130 attigit;
3432 4068 3631 4131 quare
3662 4051 3856 4114 inter-

584 4174 853 4251 punctio
876 4173 1217 4234 falsissima
1246 4180 1384 4242 est;
1418 4167 1575 4247 quin
1619 4168 1749 4230 imo
1780 4168 1909 4231 duo
1946 4167 2136 4231 verba
2162 4168 2329 4232 haud
2364 4187 2504 4234 raro
2534 4170 2600 4232 in
2638 4187 2839 4233 unum
2877 4168 3367 4244 contrahuntur,
3401 4161 3520 4233 alia
3549 4171 3854 4234 dismem-

580 4299 865 4369 tuentur.
900 4297 1125 4357 Finem
1163 4309 1389 4354 versus
1423 4291 1654 4353 menda
1692 4298 1841 4351 sunt
1880 4290 2227 4355 crebriora.
2260 4293 2499 4356 Graeca
2540 4294 2758 4368 verba,
2789 4312 2956 4374 quae
2993 4301 3339 4356 occurrunt
3374 4336 3390 4365 ,
3425 4292 3591 4355 male
3620 4293 3854 4374 scripta

581 4425 758 4479 sunt.
800 4419 889 4476 lix
924 4416 1044 4477 hoc
1074 4413 1272 4492 igitur
1303 4412 1525 4475 codice
1554 4429 1756 4491 quum
1790 4411 2056 4473 Carolus
2088 4413 2332 4491 Greith,
2366 4415 2650 4478 ecclesiae
2676 4416 2741 4477 S.
2776 4414 2946 4476 Galli
2981 4414 3045 4475 in
3076 4413 3362 4476 Helvetia
3394 4406 3852 4493 nunc-pracpo-

578 4542 742 4601 situs
776 4557 847 4599 ac
886 4534 1184 4618 ofﬁcialis
1208 4578 1223 4607 ,
1258 4535 1702 4613 expositiones
1749 4533 1892 4597 illas
1927 4535 2417 4617 descripsisset,
2465 4538 2815 4602 liberaliter
2868 4537 3024 4599 mihi
3060 4536 3309 4616 copiam
3347 4538 3449 4599 sui
3501 4537 3859 4618 apographi

579 4664 754 4734 ti-cit,
785 4660 959 4742 quod
991 4655 1227 4718 deinde
1258 4656 1496 4716 Romae
1520 4655 1738 4718 denuo
1768 4656 1844 4718 ad
1876 4655 2113 4719 codicis
2143 4657 2333 4719 ﬁdem
2372 4668 2436 4721 et
2465 4658 2606 4737 ipse
2635 4657 2979 4737 diligenter
3008 4660 3280 4722 contuli.

664 4790 691 4862 ᾗ
728 4786 787 4845 ει.
822 4768 997 4842 Alter
1032 4784 1129 4839 est
1166 4775 1365 4837 codex
1400 4793 1519 4836 ms.
1559 4773 1665 4835 lat.
1698 4774 1816 4837 380
1848 4775 2276 4839 bibliothecae
2308 4777 2544 4857 Regiae
2578 4778 3005 4854 Monacensis,
3044 4780 3201 4843 olim
3232 4779 3603 4844 Electuralis
3630 4781 3862 4843 biblio-

584 4909 801 4969 thebae
835 4896 1402 4963 serenissimorum
1446 4897 1788 4979 utriusque
1835 4900 2142 4964 Bavariae
2200 4901 2438 4964 ducum
2473 4948 2489 4977 ,
2522 4908 2591 4964 ut
2628 4919 2703 4964 ex
2739 4902 2976 4982 insigni
3004 4886 3229 4964 eorum
3266 4945 3283 4977 ,
3344 4902 3639 4965 interiori
3685 4909 3864 4980 parte

583 5030 867 5114 ‹·,›ρε·ου1ἰ
902 5027 1087 5089 aﬁixo
1120 5070 1135 5096 ,
1176 5025 1615 5099 cognoscitur,
1650 5024 2182 5093 membranaceus
2210 5069 2227 5099 ,
2260 5024 2467 5088 seculi
2500 5024 2652 5087 XIII
2681 5067 2698 5098 ,
2733 5024 2817 5100 ῑιο,
2866 5024 3073 5086 literis
3127 5031 3425 5087 exaratus
3479 5022 3866 5085 minusculis

581 5155 738 5219 satis
769 5149 969 5212 nitide
996 5190 1013 5218 ,
1064 5150 1304 5205 etcum
1352 5138 1805 5205 abbreviatura
1864 5142 2157 5224 vulgari,
2188 5143 2255 5205 in
2291 5141 2612 5222 principio
2684 5141 2996 5216 mutilus;
3040 5157 3219 5205 nunc
3268 5148 3517 5205 constat
3557 5139 3732 5202 foliis
3761 5142 3865 5202 96.

581 5279 780 5344 Tituli
817 5284 875 5335 et
912 5265 1163 5331 numeri
1193 5262 1472 5342 capitum
1511 5274 1667 5329 sunt
1710 5267 1991 5329 miniati.
2042 5266 2333 5328 Initiales
2382 5265 2588 5328 minio
2639 5282 2785 5327 cum
2831 5264 3161 5345 pigmento
3222 5259 3519 5351 caeruleo
3574 5257 3865 5321 adhibito

585 5410 735 5462 sunt
774 5399 1099 5472 eleganter
1130 5396 1496 5463 elaboratae
1523 5440 1540 5470 ,
1578 5394 1913 5471 ductuque
1967 5389 2140 5453 haud
2191 5404 2336 5451 raro
2375 5405 2585 5468 usque
2643 5386 2721 5450 ad
2778 5386 2969 5449 ﬁnem
3008 5384 3421 5449 membranae
3461 5382 3867 5461 pertingentc

589 5518 932 5598 praoilitae.
958 5488 1023 5581 Ἀ
1061 5522 1251 5584 variis
1289 5520 1587 5584 manibus
1620 5514 1866 5593 passim
1919 5512 2238 5589 scriptura
2270 5509 2555 5581 radendo
2610 5510 2708 5574 vel
2761 5507 3145 5594 corrigendo
3176 5507 3241 5570 in
3273 5507 3419 5584 ipsa
3446 5510 3662 5569 textus
3698 5503 3867 5566 linea

591 5652 851 5717 mutata,
885 5644 1052 5707 haud
1091 5662 1288 5725 pauca
1319 5661 1515 5723 supra
1560 5639 1663 5707 vel
1698 5638 1777 5704 ad
1811 5636 2167 5723 marginem
2191 5633 2513 5713 adscripta
2552 5641 2721 5699 sunt.
2755 5633 3191 5701 Continentnr
3220 5646 3298 5693 eo
3326 5628 3482 5691 haec
3516 5650 3533 5689 :

674 5772 698 5830 1
791 5769 899 5831 fol.
960 5770 1063 5843 1,1
1102 5804 1174 5815 —
1211 5768 1326 5840 5,2
1380 5765 1811 5845 fragmentum
1877 5759 2187 5822 tersionis
2247 5755 2528 5821 caelestis
2592 5753 2974 5817 Ierurchiae.
3028 5750 3219 5828 Quod
3276 5748 3502 5831 incipit
3574 5768 3590 5809 :
3651 5766 3871 5827 supr:-
