4224 6078
537 296 591 340 ιν
1247 370 1257 381 ν
1946 277 2368 352 rnooaniun.

542 426 803 516 beantur
830 439 882 491 et
923 426 1244 506 dicantur,
1270 440 1326 492 et
1361 432 1449 494 sic
1480 431 1725 513 quidem
1765 432 1877 494 iste
1902 432 2411 512 intelligibilibus
2447 434 2557 494 Dei
2586 433 3122 496 nominationibus
3151 433 3486 497 secundum
3507 456 3620 500 nos
3642 439 3811 519 ﬁnis.

540 585 642 648 Ad
665 565 1066 663 sgmbolicam
1102 599 1303 652 autem
1334 589 1710 670 theologicae
1764 588 1918 652 duce
1961 591 2084 651 Deo
2143 590 2577 652 transibimus.
2615 591 2888 670 Margini
2952 591 3142 654 verba
3183 589 3446 653 miniata
3474 593 3812 684 adscripta

478 719 488 724 ’
534 725 732 783 sunt:
767 721 1060 800 Dionysii
1095 725 1509 802 AreOpagitae
1535 721 1692 784 liber
1726 720 1800 782 de
1823 720 2060 782 divinis
2081 720 2441 781 nominibus
2477 719 2768 796 explicit.

613 849 676 910 5.
700 845 810 910 fol.
838 846 938 913 1ι2.
961 849 981 906 1
1007 833 1251 920 —’lt3,2
1273 845 1752 926 Ejusdemlibcr
1774 845 1853 910 de
1877 845 2146 926 mystica
2165 843 2510 924 theologia.
2539 845 2774 925 incipit
2795 863 2828 909 a
2847 847 3034 909 titulo
3058 845 3326 908 miniato
3343 847 3422 909 ad
3452 844 3808 930 marginem

533 976 856 1058 adscripta
884 999 897 1036 :
930 979 1172 1058 incipit
1218 977 1536 1058 prologus
1565 977 1837 1058 ejusdem
1879 978 2154 1038 Joannis
2201 978 2501 1040 Saraceni
2545 979 2629 1039 ad
2663 977 2917 1041 etmdem
2955 978 3236 1040 Odone-m-
3272 978 3477 1041 sancti
3520 978 3816 1058 Dionysii

533 1108 810 1172 abbatem
830 1110 895 1172 in
917 1109 1149 1174 librum
1171 1113 1244 1173 de
1265 1111 1526 1191 mystica
1554 1109 1892 1190 theologia,
1919 1120 1979 1172 et
2011 1110 2262 1174 orditur
2285 1131 2318 1173 a
2347 1113 2556 1176 verbis
2581 1133 2597 1173 :
2632 1113 2791 1174 Ante
2818 1111 3141 1192 mysticam
3164 1109 3543 1191 theologiam
3567 1089 3813 1189 ,ςῃήιῦοε

533 1223 658 1304 lica
698 1240 1012 1323 theologia
1045 1251 1195 1304 esset
1216 1239 1684 1324 transferenda.
1712 1239 1869 1304 Nam
1899 1251 2020 1304 cet:
2056 1240 2308 1304 Finitur
2352 1241 2603 1321 verbis:
2637 1241 2947 1325 Quoniam
2981 1248 3038 1301 et
3069 1257 3258 1319 super
3285 1255 3518 1300 omnem
3543 1237 3814 1318 positio-

529 1389 667 1434 nem
686 1381 773 1434 est
799 1375 1071 1456 perfecta
1102 1382 1157 1436 et
1194 1373 1374 1434 unita
1406 1375 1681 1436 omnium
1707 1391 1918 1453 causa,
1958 1380 2009 1434 et
2046 1389 2236 1452 super
2267 1388 2500 1448 omnem
2525 1372 2900 1444 oblationem
2933 1391 3219 1456 excessus
3247 1371 3321 1432 ab
3361 1371 3646 1433 omnibus
3668 1371 3813 1433 sinu

526 1505 789 1586 pliciter
810 1505 1087 1574 absoluti
1107 1515 1162 1567 et
1183 1524 1380 1585 supra
1409 1511 1565 1570 tota.
1584 1504 1875 1585 Explicit
1898 1503 2056 1566 liber
2083 1505 2294 1584 magni
2321 1503 2742 1584 Areopagitae
2768 1503 3064 1582 Dionysii
3084 1484 3440 1584 de‘mystica
3470 1503 3805 1584 theologia.

617 1639 681 1700 6.
711 1636 824 1700 fol.
853 1637 1018 1713 Ῐι3ζ2ν
1105 1637 1207 1713 1ιὸ.
1224 1639 1271 1702 2-
1291 1637 1520 1714 Yersio
1555 1636 1997 1718 epistularum.
2027 1634 2259 1716 Incipit
2280 1653 2318 1699 a
2343 1635 2526 1699 titulo
2549 1634 2824 1715 margini
2847 1634 3204 1714 adscripta:
3229 1634 3558 1716 Incipiunt
3581 1636 3814 1716 episto-

531 1769 646 1832 lae.
679 1769 973 1851 Epistula
999 1769 1208 1850 prima
1235 1769 1394 1851 Gajo
1426 1769 1751 1845 monacho,
1783 1781 1847 1835 et
1873 1739 2124 1836 orditur
2155 1769 2426 1834 a-verbis
2453 1790 2468 1830 :
2508 1769 2818 1832 Tenebrae
2847 1768 3252 1862 occultantur
3279 1767 3587 1831 lumineet
3609 1767 3805 1850 magis

528 1903 726 1966 multo
756 1903 1020 1974 lumine;
1056 1906 1480 2001 ignorantiam
1510 1907 1830 1969 occultant
1862 1905 2250 1986 cognitiones
2307 1891 2598 1986 et'magis
2661 1905 2896 1967 multae
2935 1904 3366 1984 cognitiones;
3423 1906 3572 1968 haec
3602 1925 3811 1970 εωεοερ

491 2038 678 2114 'sice,
705 2039 812 2100 sed
860 2058 988 2102 non
1029 2025 1366 2100 secundum
1414 2038 1841 2118 privationem
1885 2045 2008 2102 cet.
2054 2038 2312 2101 Fiuitur
2359 2036 2926 2118 ultima'epistola
2985 2037 3198 2120 verbis
3243 2059 3259 2097 :
3301 2039 3547 2118 Dignus
3599 2047 3804 2100 autem

531 2163 822 2247 credendi
847 2187 984 2230 sum
1020 2169 1272 2230 omnino
1296 2169 1711 2250 praecognita
1745 2169 1887 2244 tibi,
1921 2178 1976 2231 et
2022 2169 2264 2232 discens
2294 2190 2372 2232 ex
2393 2172 2543 2245 Deo,
2579 2178 2633 2232 et
2678 2170 2912 2244 dicens,
2945 2170 3095 2250 quia
3132 2181 3187 2230 et
3229 2189 3269 2230 a
3313 2169 3626 2246 custodia,
3659 2189 3814 2251 quae

505 2308 615 2370 ,εει
638 2301 705 2362 in
730 2297 1402 2384 Pathmohdimitteris,
1432 2307 1486 2362 et
1521 2297 1603 2362 ad
1631 2308 1863 2362 terram
1883 2301 2069 2364 Asiae
2087 2302 2449 2377 reverteris,
2467 2308 2522 2364 et
2544 2300 2838 2372 facies‘ibi
2860 2302 3064 2364 imitat
3075 2303 3268 2376 iones,
3294 2308 3348 2362 et
3375 2300 3476 2362 his
3505 2300 3814 2382 quierunt

405 2495 413 2502 ,
527 2442 676 2512 post
709 2441 787 2507 te,
819 2431 1051 2496 trades.
1085 2433 1402 2514 Emplicit.

529 2598 534 2601 -
605 2560 668 2620 '7.
691 2558 802 2622 fol.
839 2559 940 2632 59,
960 2561 988 2620 1
1006 2548 1249 2644 -9ὃ,2
1269 2560 1533 2622 Joannis
1547 2560 1716 2623 Scoti
1739 2563 2204 2641 expositiones.
2235 2565 2563 2645 Incipiunt
2597 2585 2630 2628 a
2658 2565 2845 2628 titulo
2871 2563 3138 2627 miniata
3164 2586 3178 2624 :
3203 2563 3532 2644 Incipiunt
3557 2565 3811 2646 exposi-

531 2687 730 2748 tiones
760 2687 1031 2750 Joannis
1065 2688 1244 2750 Scoti
1265 2707 1453 2769 super
1471 2690 1827 2753 Ierarchias
1861 2693 2065 2754 sancti
2091 2693 2409 2774 Dionysii,
2450 2703 2510 2758 et
2537 2695 2884 2760 ordiuntur
2920 2712 2954 2756 a
2991 2695 3239 2758 verbis:
3263 2697 3482 2760 Sancti
3517 2697 3809 2777 Dionysii

527 2815 947 2894 Areopagitae
973 2816 1219 2895 primus
1240 2817 1396 2880 liber
1431 2827 1552 2882 cet.
1577 2819 1924 2884 Finiuntur
1950 2823 2160 2885 verbis
2188 2846 2203 2886 :
2235 2831 2293 2886 et
2325 2844 2454 2887 non
2473 2825 2604 2886 nisi
2626 2825 2692 2888 in
2721 2827 2954 2888 animo.
2981 2827 3117 2888 Hae
3142 2823 3338 2904 igitur
3359 2826 3806 2908 expositiones

525 2955 676 3008 sunt
704 2947 982 3010 nitidius
1007 2949 1436 3032 aliquantum,
1470 2971 1664 3033 quam
1698 2963 1948 3019 ceterae
1984 2958 2224 3021 codicis
2262 2966 2499 3040 partes,
2524 2961 2822 3040 scriptae.
2855 2959 3053 3022 Tituli
3080 2967 3229 3022 sunt
3261 2959 3538 3033 miniati,
3562 2965 3624 3022 et
3661 2976 3811 3022 ver-

525 3077 734 3142 sionis
757 3079 946 3142 verba
975 3079 1042 3141 in
1091 3081 1298 3160 primo
1333 3083 1541 3168 capite
1578 3083 1741 3148 linea
1775 3086 2062 3163 miniata,
2092 3087 2159 3151 in
2189 3089 2422 3166 ceteris
2454 3088 2778 3172 capitibus
2811 3089 2980 3154 linea
3012 3095 3368 3153 atramento
3399 3090 3586 3169 nigro
3616 3088 3808 3154 ducta

523 3211 861 3292 insigniti:
901 3209 1072 3276 idem
1109 3213 1190 3276 de
1225 3214 1502 3295 singulis
1532 3232 1798 3298 quoque
1835 3218 2154 3282 versionis
2221 3221 2460 3296 verbis,
2492 3221 2548 3283 si
2606 3227 3010 3300 repetuntur,
3056 3220 3241 3284 valet.
3277 3223 3516 3287 Graeca
3571 3222 3762 3298 verba
3788 3268 3806 3297 ,

449 3431 455 3442 ι
524 3359 692 3422 quae
721 3349 1093 3420 occurrunt,
1127 3349 1280 3406 sunt
1323 3343 1745 3410 vitiosissime
1798 3348 2058 3430 scripta.
2093 3351 2192 3412 Ab
2227 3351 2348 3415 alia
2386 3350 2589 3415 seculi
2619 3353 2795 3424 XIV,
2829 3360 2896 3414 ut
2930 3354 3183 3432 Opinor,
3233 3370 3450 3428 manu,
3487 3371 3683 3434 quam
3719 3354 3807 3416 Β*

523 3454 857 3554 insignivi,
905 3473 1220 3555 scriptura
1274 3493 1467 3556 saepe
1513 3477 1796 3543 radendo
1826 3479 1926 3542 vel
1956 3481 2342 3562 corrigendo
2375 3481 2446 3544 in
2497 3482 2640 3563 ipsa
2696 3487 2914 3545 textus
2956 3480 3150 3556 linea,
3191 3482 3289 3545 vel
3342 3483 3808 3563 supraadscri-

531 3610 744 3674 bendo
761 3621 930 3674 muta
943 3622 996 3674 ta
1017 3604 1142 3681 est,
1156 3626 1273 3671 nec
1288 3627 1485 3690 pauca
1497 3611 1574 3672 ad
1597 3613 1956 3693 marginem
1972 3613 2290 3696 adscripta
2304 3621 2481 3680 sunt.
2501 3616 2715 3680 Tertia
2732 3615 3047 3697 quaedam
3062 3619 3317 3689 mantis,
3335 3613 3583 3696 primae
3601 3620 3808 3679 aelate

518 3731 656 3798 fere
675 3751 947 3813 .suppar,
980 3749 1174 3814 quam
1214 3733 1337 3793 B"
1373 3732 1866 3812 insignivimus,
1900 3753 2374 3818 nonnunquam
2409 3738 2602 3800 verba
2621 3737 2939 3820 quaedam
2967 3735 3045 3798 ad
3069 3735 3433 3814 marginem
3465 3734 3806 3816 adscripsit

517 3863 872 3920 atramento
894 3854 1291 3934 aliquantum
1315 3853 1856 3933 pallidiore.Raro
1887 3855 2080 3920 etiam
2109 3856 2437 3920 recentior
2473 3872 2702 3930 manus
2737 3855 2817 3917 ad
2843 3853 3197 3932 marginem
3222 3851 3586 3934 adscripsit,
3610 3871 3804 3936 quam

517 3976 981 4057 insignivimus
1047 3993 1173 4039 rec.
1230 3994 1312 4038 νη.
1347 3977 1414 4040 Si
1463 3977 1670 4058 prima
1701 3994 1933 4041 manus
1969 3967 2120 4056 ipsa
2161 3978 2523 4043 correxisse
2565 3975 2928 4050 videbatur,
2963 3974 3030 4037 id
3077 3975 3448 4038 notavimus
3492 3993 3662 4038 corr.
3725 3975 3803 4052 Β,

517 4099 879 4179 Notandum
922 4101 1214 4178 insuper,
1243 4098 1426 4162 foliis
1447 4101 1550 4174 '71,
1588 4102 1653 4162 2.
1680 4080 1786 4175 '79.,
1815 4099 1877 4162 2.
1907 4099 2012 4176 73,
2049 4101 2112 4162 2.
2143 4101 2182 4160 7

2143 4099 2248 4180 7t,
2280 4100 2342 4160 2.
2366 4099 2470 4175 75,
2507 4100 2569 4163 2.
2592 4099 2698 4176 π,
2721 4097 2782 4158 2.
2809 4097 3006 4174 73,2.
3041 4094 3145 4170 83,
3169 4095 3227 4156 2.
3252 4094 3358 4169 st,
3389 4097 3449 4158 2.
3488 4094 3595 4170 se,
3616 4097 3676 4158 2.
3700 4071 3803 4172 sv,

522 4227 584 4290 2.
622 4229 726 4301 89,
753 4228 814 4288 2.
840 4229 942 4298 90,
1051 4225 1153 4298 91,
1177 4225 1240 4286 2.
1272 4220 1374 4292 95,
1401 4221 1444 4280 2
1475 4219 1542 4280 in
1569 4226 1854 4282 extrema
1883 4219 2298 4283 membranae
2321 4217 2691 4283 summitate
2717 4235 2822 4282 res
2855 4215 3168 4298 quasdam
3195 4215 3444 4279 nullius
3493 4218 3802 4283 momenti

517 4368 659 4412 esse
681 4349 1056 4426 adscriptas.
1083 4347 1415 4408 Praeterea
1447 4340 1513 4402 in
1540 4338 1876 4402 nonnullis
1899 4338 2076 4403 foliis
2101 4341 2423 4404 recentior
2450 4358 2682 4404 manus
2711 4339 2916 4404 seculi
2941 4339 3060 4400 XV
3085 4339 3182 4402 vel
3217 4339 3388 4412 XVI,
3417 4339 3568 4402 stilo
3591 4358 3800 4404 oerus-
3865 4371 3874 4375 -

516 4475 654 4532 salo
687 4469 888 4530 multa
913 4467 1254 4547 adscripsit
1286 4465 1352 4528 in
1383 4463 1696 4547 margine,
1719 4481 1889 4546 quae
1924 4471 2143 4529 tamen
2181 4466 2269 4528 ita
2297 4472 2450 4528 sunt
2472 4466 2835 4538 obliterata,
2870 4472 2939 4529 ut
2969 4461 3105 4546 legi.
3127 4463 3407 4545 arnplius
3449 4475 3800 4550 nequeant.

599 4591 862 4672 Reliqua
900 4607 1046 4670 pars
1100 4588 1215 4649 fol.
1252 4589 1354 4661 95,
1387 4588 1428 4648 2
1462 4593 1522 4648 et
1557 4583 1668 4649 fol.
1706 4587 1793 4668 96.
1817 4586 2010 4650 rebus
2037 4587 2212 4651 l'ectu
2248 4587 2648 4650 difﬁcillimis
2685 4586 3064 4670 nu‘lliusquc
3091 4593 3405 4656 momenti
3438 4594 3700 4672 tegitur.

599 4717 839 4785 Restat,
873 4720 942 4773 ut
967 4726 1371 4781 moneamus,
1405 4707 1485 4770 ad
1515 4706 1678 4772 illud
1704 4708 2026 4773 versionis
2055 4709 2512 4788 fragmentum,
2543 4708 2720 4791 quod
2754 4709 2868 4773 fol.
2908 4709 3241 4784 1,ί-1ι,2
3267 4714 3509 4778 codicis
3541 4715 3803 4796 legit-ur,

516 4845 624 4899 aut
657 4835 878 4898 eadem
909 4841 1018 4897 aut
1049 4831 1173 4896 alia
1203 4829 1466 4907 suppari
1498 4846 1692 4892 manu
1721 4827 1930 4892 literis
1960 4811 2419 4892 minutissimis
2444 4830 2794 4912 fragmenta
2821 4817 3094 4889 Joannis
3121 4827 3305 4890 Scoti
3333 4831 3805 4912 expositionum

515 4961 580 5022 in
610 4959 923 5021 caelestem
943 4953 1331 5028 Ierarchiam
1353 4953 1430 5015 ad
1454 4953 1811 5032 marginem
1836 4952 2156 5034 adscripta
2177 4969 2346 5016 esse.
2367 4952 2550 5028 Quae
2574 4952 2694 5016 etsi
2721 4950 3066 5016 maximam
3093 4965 3337 5038 partem
3361 4953 3431 5017 in
3453 4953 3803 5034 expositio-

513 5083 731 5156 nibus,
757 5099 918 5162 quas
951 5080 1301 5155 edidimus,
1337 5081 1503 5145 infra
1533 5081 1862 5164 leguntur,
1885 5085 2106 5144 tamen
2140 5079 2485 5161 capitibus,
2515 5079 2594 5144 ad
2623 5096 2793 5158 quae
2823 5079 3176 5159 pertinent,
3203 5073 3804 5152 adnotatissingula
3863 5047 3882 5062 ’

503 5185 766 5278 ordine,
803 5219 934 5282 quo
973 5202 1040 5263 in
1074 5203 1294 5266 codice
1329 5177 1576 5282 citant,
1611 5204 1722 5268 hic
1776 5185 2168 5284 proferenda
2205 5219 2350 5268 esse
2406 5201 2744 5267 duximus.
2791 5202 3291 5277 polumnarum,
3343 5194 3832 5278 quibusinfra-

515 5329 886 5398 occurrunt,
923 5339 1268 5386 numerum
1309 5323 1650 5404 subjunxi.
1791 5369 1796 5371 -
2650 5305 2658 5311 ’
3891 5315 3898 5324 “

582 5517 710 5572 Car.
747 5513 830 5567 Kl.
871 5511 1080 5568 Scotus.
1132 5507 1414 5579 Quomodo
1447 5506 2084 5579 intellectuspessontiae,
2116 5507 2257 5564 ratio
2284 5506 2492 5575 virtuti,
2523 5521 2718 5565 sensus
2761 5507 2992 5564 interior
3029 5507 3335 5579 operationi
3373 5506 3665 5579 sduneLtur,
3687 5519 3804 5579 _nec

512 5603 618 5642 non
645 5589 782 5641 duae
811 5583 1079 5637 triuitatcs
1117 5575 1352 5638 hominis
1383 5585 1438 5651 et
1466 5579 1664 5651 angeli,
1696 5577 1794 5635 sed
1819 5595 1924 5651 una
1949 5579 2042 5651 sit,
2075 5580 2132 5634 iu
2159 5580 2301 5636 libro
2334 5579 2449 5651 peri
2479 5579 2805 5651 lisionsatis
2835 5575 3100 5651 aperitur.
3145 5576 3272 5632 Vide
3300 5577 3444 5648 infra
3473 5575 3574 5636 col.
3604 5577 3732 5634 230.
3767 5597 3773 5604 ·

585 5658 714 5714 Car.
748 5653 888 5709 XIII.
925 5652 1265 5724 Apologiam,
1298 5648 1442 5724 quod
1469 5647 1860 5724 interpretatur
1885 5649 2134 5724 defensio
2165 5651 2252 5706 vel
2278 5647 2603 5724 satisfactio.
2633 5649 2792 5719 [utra
2825 5647 3082 5724 col.__2_35.

581 5726 826 5797 intelligo
857 5726 924 5780 de
952 5717 1075 5781 nive
1095 5717 1150 5780 et
1181 5717 1373 5795 glacie,
1406 5734 1545 5790 quae
1579 5717 1732 5794 ptius
1759 5719 2126 5790 resolvuntur,
2158 5735 2322 5793 quam
2361 5720 2417 5776 in
2453 5719 2534 5778 eis
2563 5717 2826 5792 appareat
2855 5720 3131 5784 calidius,
3164 5718 3247 5774 vel
3287 5717 3423 5776 tales
3459 5717 3804 5776 substantias
