4224 6078
443 240 475 281 x
1852 205 2280 268 PROOEMIUM.

444 334 711 398 dubiqu
760 350 902 395 esse
946 331 1195 411 nequit.
1239 328 1454 391 Codex
1503 326 1789 389 numeris
1835 325 2137 389 foliorum
2202 330 2368 385 caret
2429 342 2445 382 :
2508 328 2755 385 constat
2792 322 2963 386 foliis
3008 325 3107 387 δε.
3174 327 3365 412 Initio
3427 331 3693 397 mutilus
3784 360 3791 369 ο

443 474 567 530 est.
616 468 685 528 ιη
729 437 902 529 foliis
963 444 1244 530 sedecim
1290 464 1615 545 prioribus
1670 466 1875 524 exstat
1932 456 2356 536 fragmentum
2427 456 2749 535 primum,
2820 457 3290 561 characteribus
3362 465 3563 526 seculi
3635 469 3695 530 Χ

445 597 539 661 Vel
568 598 1053 676 X[,atramento
1096 597 1278 675 nigro
1302 593 1729 674 pulcherrime
1752 598 2083 653 exaratum
2122 609 2138 648 :
2178 588 2406 668 pagina
2429 588 2505 648 23
2528 586 2730 649 lineas
2774 586 3009 650 habere
3028 588 3213 652 solet.
3241 592 3422 656 Folia
3465 596 3691 674 viginti

443 716 597 803 sex,
634 745 801 809 quae
834 726 1729 809 sequuntur,.fragmentum
1789 722 2062 785 alterum
2124 718 2456 781 exhibent.
2526 719 2579 779 E
2649 718 2888 798 quibus
2949 725 3092 783 octo
3166 719 3377 799 priora
3421 731 3486 786 et
3527 725 3702 804 prior

444 860 674 938 pagina
712 859 865 922 noni
910 867 1263 924 atramento
1307 858 1580 925 multum
1623 854 1962 937 pallidiore
2005 853 2231 915 eadem
2264 869 2454 915 manu
2501 856 2652 912 sunt
2682 859 2971 923 exarata;
3024 859 3231 916 cetera
3273 854 3424 918 folia
3470 857 3695 921 eodem

445 992 625 1068 nigro
675 1035 692 1062 ,
777 1006 907 1069 quo
978 987 1408 1067 fragmentum
1501 986 1806 1070 primum.
1908 983 1979 1044 ln
2083 982 2310 1062 pagina
2416 982 2620 1045 lineae
2712 982 2793 1043 2’s
2878 996 3318 1050 numerantur.
3406 988 3691 1055 Tertium

436 1118 716 1199 denique
796 1119 1219 1198 fragmentum
1296 1117 1584 1195 quinque
1642 1114 1816 1177 foliis
1858 1120 2136 1211 constat,
2197 1113 2320 1176 alia
2379 1131 2573 1176 manu
2641 1115 2892 1195 aequali
2940 1117 3177 1180 arctius
3250 1139 3322 1184 ac
3365 1126 3701 1204 negligen.

446 1250 571 1309 tius
620 1249 954 1327 scriptum.
1000 1246 1070 1308 ln
1098 1245 1345 1327 ’p’agina
1380 1246 1584 1308 lineas
1617 1245 1697 1306 29
1756 1242 2113 1352 numeravi.
2172 1244 2451 1331 Scriptor
2512 1252 2736 1325 quater
2780 1244 3061 1325 integras
3117 1254 3495 1331 sententias,
3538 1275 3701 1340 quas

446 1381 791 1450 omiserat,
850 1377 1015 1441 infra
1061 1385 1171 1441 aut
1215 1396 1407 1457 sopra
1452 1376 1723 1455 margini
1780 1373 2139 1453 adscripsit.
2185 1374 2258 1434 In
2319 1372 2512 1436 altera
2558 1373 2769 1452 quinti
2811 1373 2949 1435 folii
2996 1376 3225 1455 pagina
3268 1377 3698 1459 fragmentum

442 1508 525 1570 ita
570 1509 848 1584 desinit,
903 1517 968 1571 ut
1022 1510 1163 1590 ejus
1208 1511 1284 1571 10
1325 1515 1572 1571 tantum
1623 1505 1825 1567 lineas
1868 1510 2060 1585 tegat.

520 1637 691 1698 llaec
715 1637 908 1717 igitur
931 1635 1049 1698 tria
1071 1632 1473 1714 fragmentaa
1502 1632 1585 1694 Μ.
1625 1632 1691 1693 F.
1722 1629 2075 1691 Ravaisson
2121 1628 2288 1691 edita
2337 1626 2503 1707 typis
2548 1629 2992 1708 repetivimus.
3039 1633 3451 1702 Codexvero
3494 1659 3695 1722 quum

442 1782 586 1827 sero
631 1767 696 1826 in
744 1784 971 1827 manus
1014 1781 1186 1827 meas
1233 1763 1552 1836 venisset,
1599 1760 1806 1823 varias
1852 1757 2159 1822 lectiones
2201 1759 2687 1838 sententiasque
2747 1759 3028 1839 integras
3087 1764 3165 1824 al)
3218 1762 3329 1826 illo
3383 1764 3705 1843 neglectas

446 1903 557 1957 aut
612 1885 887 1959 etuiasas
933 1899 1010 1962 ad
1089 1899 1326 1962 calcem
1369 1896 1672 1960 editionis
1736 1892 2189 1983 adscribendas
2247 1893 2485 1956 curavi.
2531 1895 2658 1960 Nec
2705 1909 2833 1957 non
2870 1906 3170 1975 quartum
3226 1898 3651 1980 fragmentum
3681 1953 3701 1983 ,

443 2027 614 2110 quod
678 2029 881 2091 aciem
935 2028 1111 2091 illius
1177 2026 1442 2089 omnino
1520 2026 1872 2104 effugerat,
1935 2023 2175 2087 detexi.
2252 2024 2468 2103 Spatio
2539 2025 2710 2089 enim
2783 2027 2975 2090 trium
3048 2023 3363 2098 linearum
3433 2040 3700 2119 relicto,

450 2160 674 2226 eadem
723 2177 953 2232 manus
1014 2157 1208 2238 primi
1270 2163 1331 2221 et
1391 2155 1661 2221 alterius
1720 2155 2057 2240 fragmeuti
2120 2163 2473 2220 atramento
2540 2158 2811 2239 quidem
2866 2160 3249 2241 pallidiore,
3290 2166 3406 2231 sed
3464 2170 3702 2251 pariter

449 2291 650 2353 nitide
700 2289 821 2352 hoc
856 2281 1287 2368 fragmentum
1331 2286 1688 2367 subjunxit.
1734 2284 1921 2361 Quod
1964 2284 2123 2367 quin
2167 2282 2458 2366 ejusdem
2504 2286 2947 2371 commentarii
2989 2286 3418 2367 fragmentum
3450 2294 3556 2372 sit,
3594 2299 3703 2363 vix

446 2395 781 2485 dubitaris.
844 2406 1056 2497 Quare
1141 2420 1304 2483 lianc
1385 2436 1647 2502 quoque
1718 2418 2092 2500 particulam
2163 2418 2242 2481 ad
2315 2414 2551 2482 calcem
2631 2416 2938 2482 editionis
3002 2418 3365 2491 addendam
3451 2404 3694 2505 putavi.

449 2557 746 2620 Ultimum
808 2558 1092 2639 denique
1152 2542 1742 2636 codicis-paginam
1802 2552 2017 2618 tabula
2087 2553 2403 2634 paschalis
2462 2560 2661 2619 tenet.

525 2676 925 2757 QuaprOpter
983 2666 1186 2760 quum
1245 2692 1349 2738 res
1400 2675 1486 2738 ita
1544 2692 1614 2736 se
1662 2674 1999 2749 habeant,
2065 2672 2366 2756 equidem
2428 2673 2745 2755 suspicor,
2811 2677 3191 2758 scriptorem
3228 2684 3495 2759 codicis.
3554 2703 3703 2751 cum

447 2809 768 2888 coepisset
832 2808 1361 2872 commentarium
1420 2805 1762 2885 diligenter
1822 2804 2230 2882 describere,
2278 2822 2427 2868 mox
2488 2807 3191 2889 suscepti‘pertaesum
3251 2814 3363 2878 alii
3433 2816 3498 2879 id
3561 2837 3703 2881 mu-

450 2956 574 3001 nus
614 2936 1131 3019 persequendum
1191 2935 1553 3012 tradidisse,
1602 2934 1714 2999 sed
1766 2934 1845 2998 ad
1887 2934 2082 3004 .locos
2131 2934 2211 2999 de
2287 2951 2463 2999 sacra
2523 2954 2724 3001 coena
2795 2938 3065 3018 (Joann.
3151 2943 3273 3021 Vl,
3336 2947 3454 3029 11)
3500 2968 3701 3032 quum

447 3070 500 3132 is
557 3072 1002 3150 pervenisset,
1062 3087 1144 3132 ne
1200 3070 1517 3149 ineptias,
1579 3087 1740 3150 quas
1789 3068 1867 3131 de
1921 3070 2018 3132 Ss.
2061 3069 2465 3133 Eucharistia
2515 3071 2796 3136 Joannes
2847 3073 3073 3137 Scotus
3129 3076 3426 3143 docuisse
3462 3081 3697 3158 fertur,

446 3204 582 3283 ipse
651 3205 810 3265 tueri
878 3203 1230 3277 videretur,
1293 3188 1557 3265 omnino
1612 3208 1837 3283 coepto
1890 3202 2256 3275 destitisse,
2335 3202 2545 3266 solum
2621 3209 2833 3268 autem
2892 3203 3320 3286 fragmentum
3393 3218 3695 3290 quartum

444 3332 523 3394 de
590 3332 900 3395 sacriﬁcio
957 3335 1193 3397 missae
1253 3334 1319 3395 in
1379 3350 1567 3397 usum
1630 3351 1821 3396 suum
1869 3333 2308 3429 smbjunxisse.
2366 3336 2591 3397 Postea
2646 3337 3483 3416 membranaenonnullae,
3532 3359 3699 3423 qua-

448 3484 605 3527 rurn-
645 3474 1093 3546 argumentum
1150 3465 1362 3546 quoad
1418 3466 1767 3531 doctrinam
1829 3467 2072 3550 pariter
2128 3465 2470 3529 offensioni
2526 3471 2699 3539 erat,
2755 3466 3069 3529 abscissae
3126 3474 3298 3532 sunt.
3356 3467 3697 3543 Quofacto

445 3617 527 3662 ne
592 3601 769 3679 plura
834 3604 1294 3681 perderentur,
1358 3601 1627 3683 ligatura
1699 3601 2053 3665 recentiore
2128 3603 2386 3663 cautum
2465 3606 2583 3663 est.
2651 3598 2854 3662 Probe
2930 3599 3102 3661 enim
3184 3598 3695 3676 animadvertas,

448 3729 567 3794 hoc
628 3732 765 3810 ipso
828 3731 1013 3807 loco,
1081 3735 1187 3795 ubi
1245 3731 1403 3795 falsa
1460 3733 1699 3813 peccati
1761 3730 2090 3811 originalis
2152 3729 2438 3792 doctrina
2517 3727 2843 3808 coeperit,
2899 3727 3179 3805 primum
3239 3727 3693 3809 fragmentum,

448 3867 509 3922 et
567 3862 801 3943 Evang.
878 3866 1059 3925 Joan.
1115 3863 1223 3938 IV,
1279 3865 1358 3926 28
1412 3862 1683 3945 alterum
1748 3860 1942 3925 finiri.
2021 3863 2238 3924 Restat
2323 3868 2391 3922 ut
2464 3876 2802 3933 moneam,
2864 3861 2929 3921 in
2997 3858 3122 3922 fine
3196 3857 3533 3939 fragmenti
3609 3863 3698 3927 ιιι

447 3981 644 4075 (infra
703 3997 823 4057 col.
894 3996 1071 4078 3W),
1125 4014 1342 4061 vocem
1415 3982 1731 4059 cerebrum
1797 4011 1993 4057 manu
2052 3992 2383 4074 scriptoris
2447 3991 2516 4054 in
2597 3990 2815 4054 locum
2881 3990 3180 4055 vocabuli
3262 3992 3385 4054 rasi
3454 3992 3699 4057 substi-

448 4132 652 4187 tutum
713 4128 1010 4191 distincto
1085 4127 1232 4206 legi.
1290 4128 1460 4190 Haec
1519 4125 1782 4207 quidem
1843 4122 1923 4186 de
1984 4123 2104 4186 hoc
2160 4120 2625 4184 commentario
2676 4119 3015 4183 sufﬁciant.

526 4257 554 4330 ᾗ
602 4258 697 4316 10.
760 4254 1250 4316 Transeundum
1304 4259 1400 4315 est
1453 4250 1530 4313 ad
1591 4249 2037 4330 systematicos
2098 4247 2363 4310 Joannis
2420 4218 2590 4311 Secti
2656 4222 2889 4314 libros.
2953 4254 3047 4315 Ex
3101 4254 3340 4334 quibus
3394 4254 3535 4329 ille,
3582 4255 3692 4336 qui

446 4379 518 4443 de
566 4380 1140 4445 Praedestinalione
1192 4383 1610 4458 inscribitur,
1660 4377 1878 4461 prodit
1933 4380 2013 4445 ad
2057 4379 2248 4443 {idem
2313 4380 2554 4445 codicis
2609 4381 2992 4446 Parisiensis
3056 4386 3118 4446 S.
3158 4386 3466 4448 Germani
3500 4385 3694 4462 1311;,

446 4508 596 4571 olim
688 4504 852 4581 63's;
899 4510 1291 4589 recognitus.
1362 4511 1475 4574 Est
1528 4518 1743 4574 autem
1795 4510 1999 4575 codex
2056 4512 2588 4576 membranaceus
2648 4515 2852 4577 seculi
2909 4516 3014 4591 X,
3071 4516 3154 4593 ἵν’,
3210 4518 3412 4582 nitide
3469 4537 3697 4583 exara-

448 4648 591 4713 tus,
645 4650 1025 4724 constatque
1098 4642 1277 4705 foliis
1346 4621 1505 4705 204(
1567 4643 1867 4706 Servatur
1939 4642 2009 4706 in
2079 4639 2472 4707 bibliotheca
2554 4641 2752 4722 Regia
2832 4600 3119 4707 Parisiis.
3186 4646 3456 4711 Joannis
3526 4650 3693 4712 Scoti

449 4769 610 4832 liber
695 4778 896 4833 exstat
975 4769 1089 4833 fol.
1162 4773 1412 4846 96,1—
1456 4774 1669 4846 150,2.
1748 4771 1951 4833 Tituli
2017 4769 2299 4852 capitum
2387 4772 2457 4834 in
2534 4771 2756 4836 codice
2839 4771 3183 4852 leguntur;
3267 4776 3449 4840 solus
3512 4779 3696 4858 primi

448 4903 674 4982 capitis
742 4904 968 4965 titulus
1045 4904 1469 4968 desideratur.
1527 4906 1843 4969 Numeros
1905 4904 2186 4985 capitum
2250 4905 2567 4969 recentior
2626 4923 2856 4969 manus
2943 4913 3296 4972 atramento
3377 4908 3697 4990 pallidiori

452 5032 718 5095 addidit.
781 5034 1047 5097 Librum
1121 5054 1157 5099 e
1224 5035 1447 5098 Codice
1518 5035 1873 5098 Corbciensi
1947 5035 2348 5098 bibliothecae
2407 5035 2477 5099 S.
2551 5034 2931 5098 Germania
2990 5035 3207 5099 Protis
3257 5037 3435 5101 solus
3501 5039 3699 5103 edidit

452 5165 797 5242 .‘lluuguin,
838 5167 902 5228 in
963 5165 1209 5247 sylloge
1267 5167 1369 5229 cui
1436 5166 1713 5231 titulus:
1774 5167 2052 5229 Veterum
2109 5168 2498 5243 Auctorum,
2552 5170 2665 5251 qui
2724 5170 2825 5229 IX
2868 5169 3075 5231 seculo
3134 5168 3206 5230 de
3265 5168 3700 5233 I’raedcstina-

454 5296 621 5356 tione
673 5308 731 5358 ct
807 5298 1032 5362 Gratia
1109 5300 1538 5379 scripserunt,
1621 5318 1811 5379 opera
1890 5305 1944 5361 et
1997 5301 2346 5381 fragmenta
2410 5298 2620 5365 Paris.
2693 5302 2897 5376 1650,
2959 5302 3042 5377 tu,
3094 5304 3277 5365 Tom.
3343 5303 3401 5375 l,
3466 5319 3527 5380 ρ.
3587 5301 3702 5362 109

451 5448 596 5506 sui.
654 5429 779 5491 Nec
836 5429 1128 5491 almituile
1201 5431 1337 5495 veri
1408 5408 1899 5505 csseOvidctnr,
1977 5430 2253 5494 eundem
2334 5430 2619 5494 codicem
2696 5449 2881 5503 esse,
2957 5449 3088 5513 quo
3153 5438 3449 5495 utebatur
3514 5432 3690 5493 Mau-

458 5557 720 5634 guinus.
788 5558 917 5631 Qui
979 5575 1181 5639 quum
1238 5559 2089 5639 munerenegligentissime
2124 5557 2386 5621 functus
2422 5557 2545 5630 sit,‘
2576 5556 2653 5620 ad
2706 5557 2949 5633 codicis
3002 5557 3190 5619 ﬁdem
3398 5564 3643 5621 textum

458 5688 928 5767 prrpoii'.iinus
964 5708 1035 5753 ac
1074 5687 1532 5770 reparavituus.
