4224 6078
1833 245 2258 306 PROOEMIUM.

2093 245 2258 306 ltUM.
3573 258 3582 262 '
3624 263 3683 311 xi
3749 321 3761 334 ν

500 393 530 466 ς
605 391 702 452 lt.
769 388 837 448 lu
900 395 1074 450 textu
1134 385 1445 447 librorum.
1490 381 1563 445 de
1624 383 1934 444 divisione
2002 377 2280 443 Naturae
2338 382 2711 444 adornatth
2788 398 3089 462 magnum
3164 383 3686 445 emendationem

423 524 482 583 et
537 518 870 587 ,variarum
937 517 1288 579 lectionum
1353 532 1391 593 e_
1445 513 1666 576 codice
1741 511 2090 574 Parisiensi
2153 511 2622 591 descriptarum
2677 519 3095 593 apparatum,
3162 514 3277 593 qui
3339 513 3418 576 ad
3451 513 3686 577 calcem

421 649 728 712 editionis
792 647 1112 716 Galeanee
1177 646 1450 724 tegitur,
1491 645 1696 708 multo
1729 663 1876 708 cum
1932 643 2145 706 fructu
2203 645 2642 709 adhibuimus.
2677 641 2890 726 Atque
2953 647 3079 707 dici
3146 645 3407 726 nequit,
3447 651 3690 725 quanto

423 779 639 843 labore
672 779 1008 842 adornatio
1076 779 1282 859 hujus
1328 777 1605 839 intricati
1670 784 1733 840 et
1811 776 2062 856 spinosi

2022 777 2062 838 si
2121 777 2267 838 libri
2343 777 2530 840 nobis
2608 777 2990 840 constiterit.
3048 775 3690 856 interpunctioerat

421 917 588 984 recte
645 911 1135 985 constituenda,
1205 910 1464 990 plurimi
1517 909 1638 972 loci
1705 909 1988 990 corrupti
2045 907 2458 983 emendandi,
2497 908 2833 970 verborum
2904 907 3265 970 sententiae
3345 904 3692 966 enuclean-

421 1043 560 1106 dae.
617 1047 689 1106 lu
752 1045 999 1127 quibus"
1063 1041 1368 1102 omnibus
1447 1057 1648 1120 quum
1712 1040 1979 1102 Thomas
2041 1039 2242 1112 Gate,
2320 1039 2434 1120 qui
2495 1039 2739 1120 primus
2807 1057 2954 1101 eum
3034 1037 3270 1098 librum
3349 1034 3551 1098 edidit
3605 1033 3694 1096 ita
3782 1015 3789 1024 ’

425 1173 802 1252 inscriptum
845 1193 859 1230 :
896 1171 1164 1231 Joannis
1195 1169 1372 1232 Scoti
1399 1169 1708 1248 Erigonae
1741 1167 1814 1230 de
1846 1170 2170 1232 Divisione
2204 1169 2485 1232 Naturae
2529 1170 2684 1232 libri
2730 1170 3000 1250 quinque
3031 1168 3142 1230 diu
3185 1166 3543 1231 desiderati.
3573 1167 3694 1228 Ac-

372 1359 378 1364 _
421 1287 580 1350 cidit
617 1287 938 1369 appendix
970 1309 1048 1349 ex
1078 1292 1404 1371 Ambiguis
1434 1294 1496 1354 S.
1516 1296 1786 1357 Maximi
1807 1298 2037 1360 Graece
2059 1306 2111 1360 et
2140 1299 2378 1374 Latine,
2401 1299 2641 1361 Oxonii
2674 1300 2852 1372 1681,
2893 1297 3051 1361 nibil
3084 1297 3218 1360 fere
3278 1293 3692 1376 praestiterit,

380 1445 384 1448 ·
423 1421 604 1494 alter,
639 1419 750 1500 qui
789 1435 997 1501 nuper
1033 1438 1180 1484 eum
1214 1425 1430 1488 denuo
1465 1427 1642 1514 prelo
1673 1428 1870 1501 dedit,
1905 1430 1971 1492 C.
2005 1431 2081 1492 Β.
2115 1430 2424 1501 Schliiter,
2467 1429 2585 1492 huc
2619 1430 2803 1492 titulo
2837 1451 2852 1490 :
2889 1426 3156 1489 Joannis
3183 1425 3361 1488 Scoti
3390 1424 3697 1503 Erigonae
3765 1459 3772 1466 -

255 2735 304 2752 κ

423 1541 495 1602 de
524 1543 847 1603 Dit'isione
873 1540 1150 1616 Naturae
1181 1544 1335 1607 libri
1367 1549 1659 1626 quinque.
1692 1547 1912 1610 Editio
1950 1551 2270 1629 recognita
2308 1559 2359 1611 ct
2395 1549 2729 1612 emendata.
2757 1550 3130 1612 Monasterii
3164 1548 3698 1630 G-ucstphalornm

429 1660 602 1733 1838,
632 1665 717 1730 8°,
751 1676 880 1724 non
914 1661 1122 1724 solum
1177 1664 1333 1726 nillil
1376 1669 1770 1746 reernguovit,
1826 1688 1944 1734 nec
1997 1671 2384 1746 emendavit,
2425 1672 2552 1733 imo
2607 1673 2831 1734 ltlt‘itda
2891 1676 3349 1759 typograpbica
3399 1673 3600 1744 auxit,
3635 1683 3699 1736 et

427 1793 628 1848 totum
661 1786 1247 1868 illum-apparatum
1281 1790 1804 1854 emendationum
1840 1793 2290 1873 variarumque
2321 1791 2724 1866 'lectiouum,
2765 1795 3033 1859 editioni
3073 1797 3342 1878 principi
3379 1797 3693 1876 additum,

427 1909 683 1988 penitus
717 1911 1020 1991 neglexit.
1057 1912 1242 1987 Quod
1282 1929 1427 1976 cum
1465 1911 1816 1976 cuivis'alii
1856 1916 2101 1978 auctori
2133 1917 2482 1995 opprobrio
2515 1919 2672 1980 γρηὶ
2704 1918 2958 1994 debeat,
3009 1918 3073 1980 in
3141 1917 3474 1980 Scbliitero
3521 1933 3580 1976 γ.
3614 1916 3695 1978 el.

428 2029 859 2093 excusandum
897 2039 1018 2105 est,
1049 2033 1162 2114 qui
1195 2032 1334 2114 ipse
1363 2031 1698 2095 oculorum
1733 2033 1977 2095 lumine
2011 2032 2295 2114 privatus
2333 2050 2466 2096 non
2509 2034 2638 2098 nisi
2675 2053 2788 2116 per
2816 2034 2976 2098 alios
3006 2031 3222 2094 minus
3253 2030 3494 2110 peritos
3552 2028 3694 2091 edi-

427 2152 666 2228 tionem
700 2175 918 2235 parare
953 2159 1184 2238 potuit.

505 2299 638 2360 Tali
682 2300 880 2379 igitur
903 2303 1092 2367 modo
1130 2323 1332 2386 quum
1365 2325 1498 2371 non
1553 2308 1941 2371 mediocrem
1971 2326 2234 2390 operam
2268 2287 2618 2391 curamque
2667 2311 2729 2373 in
2767 2309 3160 2375 recensendo
3196 2315 3367 2380 textu
3403 2321 3706 2368 censura-

427 2429 736 2510 psissem,
785 2434 1040 2500 Parisiis
1091 2440 1342 2504 erniices
1396 2449 1700 2524 tptattuor
1764 2442 2054 2520 insignes
2115 2442 2409 2505 invenire
2471 2443 2625 2505 mibi
2703 2441 2994 2521 contigit.
3040 2441 3173 2502 tam
3227 2439 3376 2503 novi
3426 2437 3702 2514 labores,

432 2578 637 2624 novus
686 2540 917 2627 Sudor!
966 2568 1296 2632 Premebat
1351 2577 1638 2652 tempus,
1691 2573 1951 2650 urgebat
1983 2573 2348 2653 redemptor
2392 2573 2574 2651 libri,
2604 2575 2926 2638 instabant
2967 2591 3231 2654 Operae,
3274 2567 3706 2648 impediebant

431 2695 674 2772 spinosi
722 2717 793 2760 ac
849 2700 1049 2762 vitiati
1111 2703 1326 2781 operis
1363 2702 1794 2766 (titlieultatcs.
1857 2707 2156 2767 Attamen
2205 2724 2352 2785 spes
2402 2725 2502 2768 me
2552 2714 2757 2779 tenet,
2809 2706 3122 2786 gravioris
3177 2701 3484 2768 momenti
3543 2698 3705 2762 nihil

432 2826 826 2909 diligentiam
880 2853 1082 2900 meam
1141 2836 1468 2916 effugisse.
1515 2836 1786 2900 Codices
1846 2844 2060 2901 autem
2103 2838 2252 2902 illus
2293 2840 2534 2902 contuli
2573 2859 2824 2903 omnes.

511 3011 720 3088 Atque
764 3009 1007 3088 primus
1063 3023 1160 3076 est
1199 3016 1428 3086 codex
1593 3018 1893 3091 Germani
1937 3020 2088 3094 309,
2147 3017 2298 3080 olim
2349 3019 2490 3092 233:8,
2532 3015 2659 3081 fol.‘
2695 3019 2868 3098 mai,
2925 3017 3306 3106 membran.,
3342 3015 3540 3083 seculi
3595 3015 3706 3086 Xl,

437 3146 790 3202 etran‘iente
835 3142 1016 3221 nigro
1081 3146 1511 3223 pulcl'ierrime
1555 3157 1880 3210 exaratus.
1928 3149 2190 3211 Constat
2249 3149 2496 3228 paginis
2544 3148 2682 3209 M7.
2739 3152 3022 3224 Quarum
3067 3146 3286 3210 ultima
3345 3145 3419 3208 11s
3467 3153 3711 3211 tantum

439 3263 644 3331 linea-5
697 3271 908 3335 habet.
948 3275 1202 3338 Fiuitnr
1246 3278 1457 3340 verbis
1494 3301 1509 3340 :
1558 3279 1778 3355 Qualis
1824 3279 2062 3341 invidia
2110 3275 2412 3341 bonorum
2465 3279 2828 3360 angelorum
2859 3281 2929 3340 de
2964 3279 3163 3341 salute
3190 3279 3447 3339 htunani
3474 3278 3714 3355 generis

445 3400 828 3480 inzeiiigitm'
853 3449 868 3475 ,
920 3403 1107 3484 «lenii:
1157 3408 1287 3485 ejus
1332 3406 1544 3468 redita
1589 3406 1671 3467 ad
1729 3409 1972 3470 Patrem
2012 3428 2216 3482 suam,
2264 3413 2442 3488 cujus
2477 3411 2930 3483 substantiam,
2960 3409 3091 3470 hoc.
3113 3416 3200 3470 est
3239 3408 3528 3485 imaginis
3561 3425 3716 3486 gra-

439 3532 587 3590 tiam
636 3531 698 3592 in
751 3532 900 3593 cilia
937 3535 1223 3596 mortalis
1266 3536 1456 3618 hujus
1501 3538 1664 3599 vitae
1713 3540 1983 3600 serviens
2033 3538 2282 3600 diabolo
2329 3521 2688 3620 dissipacit.
2740 3540 2898 3602 Vide
2947 3539 3057 3601 lib.
3101 3541 3178 3612 V,
3219 3559 3355 3620 cap.
3405 3539 3517 3613 38,
3552 3539 3715 3602 infra

441 3665 559 3727 col.
611 3667 784 3726 191ἲᾶ.
845 3665 917 3728 in
972 3667 1180 3733 fronte
1219 3673 1461 3752 primae
1524 3674 1798 3754 paginae
1853 3671 1934 3734 ab
1985 3689 2117 3733 uno
2162 3672 2358 3735 latere
2413 3649 2642 3734 manus
2685 3671 2888 3733 seculi
2941 3671 3086 3733 XVI
3138 3670 3396 3750 scripsit
3435 3671 3503 3733 S.
3543 3669 3716 3733 Petri

440 3800 830 3864 Carbciensis
855 3848 871 3875 ,
908 3803 998 3892 ab
1045 3801 1243 3864 altero
1281 3802 1347 3865 in
1389 3805 1794 3866 extremitate
1849 3805 2258 3866 membranae
2309 3822 2536 3866 atauus
2573 3803 2776 3866 seculi
2809 3804 2960 3868 XIII
3011 3802 3108 3865 vel
3141 3803 3292 3865 XIV
3329 3803 3539 3867 literis
3590 3805 3719 3868 mi-

443 3934 732 3995 nusculis
761 3953 776 3992 :
811 3933 936 3994 Isle
971 3931 1128 3994 liber
1161 3940 1247 3994 est
1274 3941 1609 3996 concentus
1639 3931 2098 4014 Corbejae:sed
2124 3932 2406 3993 monachi
2435 3931 2653 3994 habent
2681 3951 2872 3995 unum
2912 3951 3098 3993 memo
3137 3929 3190 3972 ιο
3221 3951 3342 4018 pro
3383 3933 3504 3998 isto
3543 3931 3708 3994 libro

439 4061 578 4142 peri
602 4059 879 4140 plu's'ion,
919 4057 1023 4120 sed
1077 4075 1206 4120 non
1259 4066 1459 4120 totum
1503 4057 1671 4138 quod
1722 4059 1978 4120 memori
2017 4055 2070 4096 ιο
2095 4078 2116 4120 :
2145 4055 2239 4117 vel
2295 4051 2830 4127 concbnraturyet
2863 4055 3170 4118 reddatur
3193 4053 3511 4116 monachis
3544 4044 3713 4113 beati

449 4189 756 4252 Vince-atii
796 4189 862 4251 in
895 4187 1248 4256 Lauduno;
1280 4186 1500 4248 melius
1548 4187 1708 4248 enim
1743 4193 1936 4258 esset,
1981 4192 2048 4246 ut
2105 4183 2323 4258 credo,
2387 4183 2556 4266 quod
2609 4183 3076 4246 combureretur
3124 4190 3393 4265 propter
3440 4183 3716 4244 haereses

444 4315 764 4378 damnatas
797 4334 952 4396 quae
983 4323 1127 4375 sunt
1189 4314 1254 4375 in
1289 4331 1381 4374 eo.
1428 4313 1660 4374 Manus
1717 4312 1920 4400 seculi
1950 4313 2152 4387 XVII,
2202 4321 2272 4376 ut
2327 4312 2603 4386 videtur,
2659 4313 2739 4376 ab
2774 4330 2905 4376 una
2943 4319 3120 4395 parte
3161 4313 3437 4388 Joannes
3487 4315 3720 4377 Scelus

447 4446 747 4532 Erigone,
781 4447 860 4508 ab
896 4445 1091 4509 altera
1123 4445 1326 4509 sancti
1365 4444 1656 4510 Germani
1687 4465 1726 4508 a
1764 4445 1982 4509 Pratis
2016 4446 2266 4528 adjecit.
2321 4445 2540 4510 Codex
2568 4447 2816 4510 orditur
2846 4466 2880 4509 a
2922 4448 3108 4510 titulo
3140 4446 3407 4510 miniato
3437 4469 3452 4507 :
3483 4447 3722 4536 Incipit

444 4577 685 4658 primus
722 4603 848 4660 περι
880 4601 1083 4658 γυσιων
1115 4575 1287 4656 Mog.
1336 4577 1530 4661 Saepe
1585 4575 1737 4638 mihi
1791 4576 2100 4656 cogitanti
2139 4581 2263 4639 cet.
2309 4560 2398 4639 In
2437 4577 2722 4656 margine
2779 4576 2884 4641 bic
2918 4576 3052 4640 illic
3083 4577 3334 4656 glossae
3369 4559 3727 4660 deprebe'w

447 4707 713 4774 duntur.
766 4711 956 4773 Haud
995 4727 1138 4773 raro
1219 4716 1674 4789 argumentum
1724 4709 1928 4774 literis
1981 4709 2270 4774 miniatis
2321 4711 2597 4789 margini
2657 4674 3046 4791 adscripium
3087 4718 3208 4774 est.
3271 4708 3452 4771 Idem
3521 4707 3725 4771 codex

449 4841 826 4905 Parisiensis
857 4844 919 4905 S.
955 4841 1257 4904 Germani
1298 4858 1442 4905 esse
1485 4841 1755 4914 videtur,
1793 4857 1923 4921 quo
1962 4839 2306 4902 utebantur
2353 4841 2577 4902 Petrus
2636 4841 2928 4913 Atinius,
2967 4839 3114 4915 alii,
3145 4857 3182 4903 a
3219 4841 3457 4921 quibus
3519 4837 3725 4900 vat-ias

451 4973 766 5040 lectiones
812 4994 846 5039 e
879 4975 1101 5040 codice
1137 4978 1200 5040 S.
1241 4974 1546 5039 Germani
1579 4974 1928 5054 descriptas
1961 4973 2240 5036 Thomas
2282 4973 2437 5038 Gate
2475 4974 2780 5037 obtinuit.
2819 4973 3001 5048 Quod
3041 4975 3097 5036 si
3135 4975 3300 5038 bene
3323 4969 3619 5052 conjieio,
3644 4968 3727 5044 is,

449 5104 563 5185 qui
591 5106 875 5170 codicem
915 5109 1220 5186 contulit,
1259 5128 1526 5172 munere
1590 5109 1744 5172 satis
1782 5109 2180 5187 negligenter
2229 5107 2486 5171 iunctus
2524 5117 2641 5173 est.
2675 5111 2931 5184 Restat,
2980 5117 3048 5174 ut
3105 5127 3425 5181 moneam,
3457 5107 3526 5167 in
3573 5104 3731 5168 folio

449 5236 784 5302 chartaceo
847 5241 1129 5320 praeﬁxo
1165 5257 1425 5302 [nanum
1475 5241 1942 5312 recentiorem,
1987 5240 2153 5303 Petri
2224 5239 2452 5315 Alixii,
2512 5248 2583 5304 ut
2631 5243 2967 5320 suspicor,
3015 5242 3392 5321 scripsisse:
3433 5241 3555 5301 Hic
3586 5259 3732 5300 con-

142 5752 427 5976 in;

449 5360 736 5433 tinentur
785 5374 1056 5439 Joannis
1097 5379 1274 5441 Ερυιὶ
1307 5379 1616 5460 Erigonae
1652 5407 1773 5462 περι
1815 5375 2018 5458 ὲρνσεων
2064 5379 2216 5442 libri
2273 5397 2477 5442 omnes
2527 5376 2803 5456 exceptis
2848 5377 2928 5437 2'2
2974 5373 3260 5453 paginis,
3313 5391 3466 5454 quae
3499 5370 3626 5432 alio
3669 5373 3730 5432 in

455 5491 621 5556 libro
646 5498 1076 5576 reperiuntur.
1103 5502 1307 5576 Quem
1351 5504 1546 5566 alium
1601 5506 1834 5566 libt'um
1887 5506 2148 5580 innuat,
2181 5505 2300 5567 nisi
2329 5505 2611 5567 codicem
2649 5521 2766 5564 ms.
2807 5501 2866 5563 S.
2899 5501 3200 5564 Germani
3239 5501 3377 5572 830,
3411 5499 3562 5559 Oli")
3589 5496 3729 5570 559,

451 5639 608 5686 mox
651 5624 1190 5705 describendum,
1235 5631 1480 5710 ignoro.

535 5755 714 5820 Alter
764 5766 860 5821 est
895 5759 1094 5824 codex
1144 5761 1252 5825 lat.
1305 5763 1462 5828 bibl.
1517 5767 1671 5845 Reg.
1717 5765 1911 5827 Paris.
1956 5764 2140 5840 Πϐιι,
2181 5763 2318 5840 fol.,
2367 5762 3000 5877 maj.,.membran..,
3041 5759 3238 5825 seculi
3285 5760 3434 5836 XII,
3480 5759 3729 5820 duabus
