4224 6078
505 359 598 400 xiv
1249 385 1258 394 .
1589 410 1602 420 ν
1925 308 2173 385 ιίκοοιει

1249 385 1258 394 ,
1589 410 1602 420 ν
1925 308 2350 385 [incertumst
2414 287 2418 290 ’
2451 320 2461 326 ·

598 478 968 544 Secundum
1014 474 1228 538 locum
1261 467 1511 534 obtinet
1541 467 1742 531 codex
1777 467 1892 528 971
1937 463 2092 526 bibl.
2129 440 2436 530 Vindob.,
2475 459 2631 522 olim
2671 457 3180 536 Salisburgeusis
3237 457 3370 533 l57,
3399 460 3602 524 seculi
3645 461 3780 536 X1,

507 602 592 676 ιιο,
620 598 919 662 foliorum
969 563 1117 662 132,
1165 589 1229 650 in
1267 586 1453 665 cujus
1502 585 1810 648 interiore
1858 579 2148 662 operculi
2208 591 2382 659 parte
2436 580 2594 642 haec
2649 577 2951 656 leguntur
3001 595 3017 635 :
3068 577 3194 638 Ilic
3245 575 3403 639 liber
3443 589 3530 640 est
3578 584 3784 645 sancti
3870 555 3878 560 δ

505 695 808 782 Badberti
839 719 892 774 el
919 687 1364 782 canonicorum
1391 701 1968 782 Salzburge-nsium,
1994 715 2169 778 quem
2203 695 2488 777 quisquis
2517 693 2872 780 abstulerit,
2909 689 3230 753 anathema
3257 692 3364 754 sit.
3405 692 3786 763 Continetur

505 843 632 906 hoc
668 837 889 904 codice
916 832 1078 898 nihil
1121 837 1372 912 praeter
1403 827 1766 890 versionem
1825 825 1993 887 illam
2051 825 2388 903 integram.
2431 823 2604 886 Libri
2653 820 2894 899 singuli
2959 817 3184 898 pictis,
3237 821 3446 896 Capita
3505 821 3793 886 ntiniatis

514 959 872 1028 iuitialibus
920 953 1264 1033 incipiunt.
1297 949 1514 1012 Codex
1546 946 1940 1009 nitidissima
1971 944 2248 1024 scriptus
2277 951 2397 1018 est,
2427 942 2539 1004 sed
2568 941 2691 1003 sub
2728 937 2942 1033 linem,
2975 937 3044 1000 id
3071 945 3166 1001 est
3197 937 3262 1000 in
3296 941 3566 1017 mystica
3597 941 3782 1004 tbco-
3835 928 3838 932 ’

470 1142 484 1171 ⁸
520 1081 691 1160 logia
726 1087 788 1142 et
818 1079 884 1142 in
923 1073 1212 1153 epistolis
1248 1072 1310 1133 S.
1362 1067 1686 1147 Dionysii,
1722 1065 1974 1128 mendis
2008 1070 2234 1130 seatet.
3169 1160 3172 1162 Ὺ

593 1204 850 1271 Tertius
872 1211 968 1280 est
1000 1199 1142 1264 cod.
1169 1191 1699 1261 Vindobonensis
1719 1191 1864 1264 τεὴ,
1897 1189 2050 1252 olim
2098 1188 2238 1255 cod.
2266 1187 2463 1252 theol.
2494 1185 2796 1258 CCXV”,
2835 1183 3214 1254 membran.,
3245 1184 3387 1258 fol.,
3428 1185 3630 1250 seculi
3664 1189 3784 1252 XII

512 1327 824 1398 ineuntis,
853 1330 1102 1388 constat
1135 1317 1312 1382 foliis
1339 1319 1476 1379 100.
1509 1314 1658 1375 Fuit
1685 1311 1864 1400 olim,
1895 1317 1962 1374 ut
1989 1317 2221 1372 mantis
2249 1307 2454 1372 seculi
2482 1307 2632 1368 XlV
2681 1303 2793 1378 fol.
2823 1303 2926 1377 ῑιὸ,
2953 1306 2994 1366 2
3024 1310 3318 1381 testatur,
3346 1309 3792 1370 canonicorum

513 1419 920 1526 regulariwn‘
946 1442 1012 1504 S.
1049 1440 1396 1520 Augustini
1423 1441 1490 1502 in
1518 1457 1681 1500 nova
1711 1437 1984 1500 civitate.
2019 1435 2319 1500 Codicem
2353 1417 2526 1497 haud
2555 1431 2960 1513 spernendae
2997 1433 3404 1498 auctoritatis
3447 1431 3790 1510 descripsit

511 1567 704 1628 Denis
739 1563 937 1628 Codd.
971 1583 1117 1626 mss.
1155 1564 1307 1628 bibl.
1345 1563 1558 1627 Palat.
1583 1563 1860 1641 Yindob.
1896 1563 2008 1626 lat.
2047 1565 2232 1627 Tom.
2265 1563 2317 1638 Ι,
2345 1581 2410 1644 p.
2442 1563 2562 1625 677
2593 1579 2736 1642 sqq.
2763 1561 2977 1636 Quare
3011 1557 3197 1642 plura
3223 1555 3303 1619 de
3335 1571 3410 1616 eo
3446 1551 3550 1616 hic
3601 1551 3792 1640 verba

513 1686 722 1751 facere
753 1684 1278 1764 supersedemus.
1683 1698 1687 1701 ·
2897 1735 2899 1738 .

593 1807 925 1870 Accedunt
985 1804 1115 1868 duo
1175 1806 1452 1883 codices,
1513 1807 2054 1872 Darmstadiensis
2115 1813 2176 1872 et
2230 1803 2659 1871 Monacensis.
2716 1806 2812 1868 Ex
2874 1803 3114 1884 quibus
3173 1798 3284 1863 ille
3337 1805 3404 1861 ut
3453 1776 3518 1858 in
3585 1793 3794 1859 fronte

515 1931 704 2014 primi
742 1930 884 1993 folii
941 1929 1197 2010 legitur,
1232 1929 1388 1992 olim
1434 1929 1560 1993 fuit
1593 1929 1853 2020 majoris
1903 1929 2190 1992 ecclesiae
2239 1929 2306 1990 in
2352 1927 2655 2002 Colonia,
2708 1923 2930 1988 deinde
2977 1941 3300 1986 concessus
3331 1919 3642 2002 fratribus
3675 1919 3796 1980 mi~

513 2053 800 2117 naribus.
834 2053 946 2114 Est
981 2059 1195 2115 autem
1228 2049 1429 2112 codex
1485 2049 1865 2125 membran.,
1895 2049 2035 2122 fol.,
2071 2049 2275 2113 seculi
2328 2049 2476 2112 XII.
2533 2048 2798 2112 Constat
2849 2043 3026 2109 foliis
3059 2045 3198 2115 103,
3251 2041 3494 2122 quibus
3547 2039 3794 2118 integra

516 2168 728 2231 versio
778 2166 1076 2230 habetur.
1115 2149 1417 2256 codicem
1461 2170 1831 2233 Hartzheim
1868 2168 2210 2248 descripsit
2245 2167 2309 2229 in
2341 2165 2629 2246 catalogo
2684 2158 3250 2252 historico-critico
3311 2155 3595 2218 codicum
3649 2171 3792 2214 mss.

455 2253 469 2274 ἦ
521 2291 671 2357 bibl.
741 2291 1024 2380 ecclesiae
1076 2253 1598 2370 metropolitanae
1661 2289 2052 2352 Coloniensis
2108 2286 2408 2350 Coloniae
2451 2284 2747 2358 1752,”,
2810 2299 2873 2362 p.
2930 2280 3010 2342 20
3055 2275 3176 2338 sub
3243 2283 3310 2338 n"
3366 2271 3466 2334 30.
3521 2269 3792 2349 Margini

516 2411 759 2483 scholia
801 2424 1104 2500 perpetua
1137 2420 1197 2481 S.
1237 2415 1526 2488 Maximi,
1563 2413 1756 2476 latine
1813 2413 2094 2488 reddita,
2126 2410 2443 2490 adscripta
2473 2414 2649 2471 sunt.
2689 2400 3010 2486 Epistolae
3039 2399 3105 2460 Β.
3139 2393 3434 2472 Dionysii
3482 2386 3798 2457 liniuntur

517 2545 629 2609 fol.
675 2546 812 2614 101,
847 2547 904 2618 1,
941 2543 1048 2606 ubi
1086 2543 1242 2606 haec
1273 2541 1432 2620 legis
1469 2537 1816 2619 :Ea‘pletae
1847 2545 1992 2599 sunt
2027 2535 2228 2598 decem
2253 2533 2550 2615 epistolae
2569 2526 2867 2608 Dionysii
2885 2521 3302 2603 Areopagitae
3332 2516 3797 2624 archiepiscopi

515 2649 1107 2747 facti‘Athenarum.
1147 2664 1642 2744 Subjnnguntur
1673 2649 1826 2742 pars
1870 2659 2172 2747 epist-alae
2201 2657 2566 2738 Polycratis
2600 2654 2682 2716 ad
2715 2655 3025 2718 Victorem
3056 2659 3289 2726 papam
3321 2635 3582 2720 (Euseb.
3620 2636 3793 2698 Hist.

521 2785 696 2858 εσσε..
730 2787 808 2857 ν,
843 2785 970 2866 23s),
1003 2791 1065 2848 et
1094 2785 1364 2850 historia
1411 2782 1482 2844 de
1511 2785 1738 2864 juvene
1784 2781 2028 2843 latrone
2053 2827 2070 2853 ,
2113 2799 2291 2861 quem
2335 2798 2374 2838 a
2417 2767 2640 2837 scelere
2684 2776 3043 2836 revocatum
3091 2762 3364 2822 Joannes
3393 2753 3801 2834 Euangelista

521 2905 805 2969 ecclesiae
833 2902 1109 2966 restituit
1151 2905 1470 2982 (Clemens
1503 2898 1979 2965 Alexandrinus
2015 2900 2156 2980 quis
2187 2896 2355 2960 dices
2412 2894 2708 2966 salvetur,
2740 2909 2796 2956 c.
2826 2891 2942 2965 £2;
2977 2887 3220 2951 Euseb.
3261 2886 3434 2947 Hist.
3472 2883 3648 2956 ech,
3681 2882 3796 2948 lll.

519 3021 644 3100 23).
678 3019 948 3100 Reliqua
983 3037 1126 3099 pars
1177 3019 1586 3100 membranae
1615 3022 1808 3083 rebus
1855 3019 2101 3084 nullius
2153 3016 2463 3091 momenti
2520 3019 2892 3095 occupatur.
2945 3009 3123 3074 Alter
3155 3008 3358 3072 codex
3385 3003 3798 3076 Monacensis

519 3141 631 3204 lat.
669 3138 1100 3203 Fiirstent‘cld.
1135 3141 1195 3212 9,
1236 3138 1376 3216 fult,
1412 3141 1616 3204 seculi
1647 3101 1791 3217 Χίῇ
1830 3143 2057 3224 partim
2111 3140 2486 3204 cbartaceus
2525 3137 2750 3218 partim
2785 3137 3348 3206 membranaceus,
3382 3130 3470 3192 ita
3498 3126 3796 3208 quidem.

523 3270 596 3327 ut
615 3271 918 3349 quattuor
945 3261 1097 3326 folia
1129 3262 1457 3330 cha‘rtacea
1479 3266 1608 3330 duo
1633 3265 1952 3348 excipiant
1982 3267 2132 3330 folia
2155 3257 2665 3336 membranacea,
2690 3264 2939 3324 constat
2957 3256 3132 3323 fol-iis
3153 3256 3296 3332 359;
3319 3252 3531 3318 versio
3554 3251 3798 3330 integra

527 3385 922 3449 nitidissime
957 3385 1189 3464 scripta
1216 3383 1334 3448 fol.
1373 3386 1560 3448 1-109
1584 3355 1850 3465 legitur;
1883 3386 2200 3469 reliquam
2257 3395 2498 3466 partem
2529 3379 2771 3446 codicis
2807 3371 3251 3440 Commentarii
3287 3365 3800 3430 domini‘Alberti

529 3501 811 3580 episcopi
845 3500 1312 3564 Ratisbonensis
1347 3501 1414 3566 in
1452 3503 1652 3567 libros
1687 3505 2282 3585 Pseudo-Dionysii
2321 3515 2662 3582 occupant.

615 3645 948 3720 Superest,
987 3650 1058 3706 ut
1084 3643 1252 3707 duos
1287 3648 1538 3711 codices
1573 3666 2068 3712 commemorem
2101 3651 2446 3712 Vaticanus
2482 3650 2598 3710 177
2631 3653 2696 3712 et
2727 3648 2866 3721 176,
2903 3659 3070 3727 quos
3097 3637 3560 3720 descripsimus
3599 3651 3796 3715 supra

529 3763 653 3840 δῦ.
700 3761 951 3836 Quibus
1001 3765 1236 3844 pariter
1285 3765 1496 3829 versio
1543 3766 1791 3846 integra
1841 3768 2234 3840 continetur,
2285 3769 2396 3842 ita,
2442 3774 2510 3831 ut
2560 3767 2934 3832 monuimus
3028 3759 3370 3845 disposita,
3405 3766 3482 3822 ut
3519 3755 3796 3834 singulis

529 3884 843 3964 capitibus
873 3886 1321 3950 commentarii
1353 3887 1676 3950 variorum
1709 3889 2096 3970 scriptorum
2137 3868 2636 3970 subjungantur.

548 4053 561 4065 '
609 4035 708 4098 Ad
741 4034 929 4098 (idem
965 4035 1162 4115 igitur
1195 4035 1428 4109 horum
1469 4045 1723 4116 septem
1775 4037 2067 4100 codicum
2111 4039 2380 4124 Joannis
2411 4041 2578 4102 Scoti
2623 4039 3077 4120 Praefationem
3138 4041 3192 4096 ct
3253 4048 3466 4093 versus
3514 4025 3797 4095 versioni

531 4155 946 4237 praemissus,
1011 4172 1260 4218 necnon
1322 4156 1586 4234 pessimi
1633 4158 1994 4236 argumenti
2052 4162 2131 4225 ad
2166 4162 2406 4225 calcem
2459 4163 2776 4226 versionis
2819 4163 3047 4226 obvios
3101 4170 3612 4239 recognovnnus.
3673 4150 3794 4213 Sed

530 4289 599 4351 in
652 4295 827 4351 textu
897 4287 1107 4367 ipsius
1161 4282 1467 4345 cersionis
1519 4288 1916 4370 recensendo
1985 4297 2116 4354 tres
2195 4299 2442 4356 tantum
2514 4293 2767 4356 codices
2828 4289 3286 4362 adhibuimus,
3345 4289 3798 4351 Monacensem

531 4407 858 4481 Olhlonis,
891 4403 1511 4479 Darmstadiensem,
1564 4410 1624 4466 et
1673 4399 2331 4476 Fiirtstenl‘eldensem.
2385 4412 2608 4495 Neque
2665 4413 2893 4475 horum
2935 4409 3310 4474 varietatem
3359 4405 3656 4468 lectionis
3709 4411 3800 4483 to-

534 4535 659 4589 tam
709 4517 1043 4605 descripsi,
1083 4523 1192 4585 sed
1227 4525 1394 4586 solas
1429 4527 1741 4604 gravioris
1776 4537 2084 4597 momenti
2115 4537 2320 4600 varias
2353 4537 2662 4600 lectiones
2699 4535 3022 4598 addendas
3057 4533 3302 4615 putavi.

611 4647 946 4708 Praeterea
1001 4645 1402 4722 inspeximus
1447 4653 1638 4716 istius
1687 4656 2004 4719 versionis
2055 4658 2338 4721 codicem
2377 4659 2774 4737 Lipsiensem
2806 4653 2964 4729 ιδεμ
2999 4658 3556 4721 membranaccum
3585 4698 3602 4728 ,
3657 4651 3798 4722 fol.,

535 4769 739 4831 seculi
770 4768 946 4843 Xlll,
979 4786 1169 4848 quem
1205 4787 1394 4852 supra
1433 4780 1460 4852 ᾗ
1496 4779 1535 4838 6
1582 4761 2020 4856 laudavimus,
2057 4782 2341 4871 codicem
2379 4781 2822 4844 Florentinum
2875 4783 3040 4844 Plut.
3076 4763 3406 4843 LXXXIX
3433 4825 3449 4852 ,
3489 4781 3644 4860 Sup.
3682 4779 3754 4840 15
3780 4821 3795 4848 ,

537 4892 922 4963 men‘tbran.,
957 4891 1068 4953 fol.
1106 4893 1282 4972 maj.,
1307 4894 1506 4961 seculi
1541 4899 1630 4958 X1
1666 4898 1761 4960 vel
1800 4898 1918 4959 ΧΠ
1956 4898 2268 4970 ineuntis,
2300 4892 2604 4961 foliOrum
2638 4901 2781 4972 253,
2807 4900 2917 4961 ubi
2951 4899 3160 4962 versio
3198 4905 3400 4962 exstat
3429 4895 3540 4960 fol.
3580 4895 3797 4968 1ι-1οῖι,

537 5009 794 5072 codices
828 5011 1314 5074 Gaudavenscm
1342 5058 1359 5088 ,
1395 5016 1788 5082 Parisienses
1814 5065 1832 5094 ,
1883 5037 2134 5084 necnon
2172 5021 2482 5100 plurimos
2518 5021 2678 5084 alios
2721 5023 2988 5084 minoris
3025 5021 3208 5100 pretii
3275 5019 3530 5082 codices
3565 5063 3578 5090 ,
3630 5031 3796 5097 (pios

537 5132 800 5210 quidem
832 5132 939 5194 hic
971 5149 1349 5198 enumerare
1380 5143 1442 5198 et
1476 5137 1739 5219 longum
1780 5146 1838 5205 et
1879 5162 1916 5204 a
1949 5159 2018 5204 re
2049 5141 2328 5204 alienum
2365 5159 2509 5204 esse
2543 5141 2822 5205 videtur.

618 5277 921 5340 Versioni
981 5278 1280 5355 praemisi
1336 5284 1660 5362 epistolam
1693 5287 2014 5348 Anastasii
2052 5285 2513 5350 bibliothecarii
2537 5331 2553 5358 ,
2577 5285 2642 5348 in
2673 5285 2998 5367 calicibus
3031 5285 3404 5349 Florentino
3436 5285 3690 5350 laudato
3723 5293 3787 5349 et

541 5403 794 5464 duobus
825 5401 1149 5462 Vaticanis
1181 5404 1296 5462 176
1327 5410 1385 5466 et
1426 5405 1560 5480 177,
1602 5424 1720 5469 nec
1757 5424 1884 5470 non
1918 5409 1982 5470 in
2015 5409 2400 5489 quibusdam
2425 5408 2592 5483 aliis,
2640 5426 2804 5487 quos
2841 5409 3278 5490 inspeximus,
3329 5409 3482 5472 item
3517 5411 3801 5487 versioui

544 5535 1042 5614 praeﬁxam.'l'ex
1057 5541 1186 5595 tnui
1217 5548 1364 5596 vero
1387 5517 1580 5610 hujus
1596 5531 1904 5611 epistolae
1919 5534 1994 5596 ad
2013 5533 2200 5599 fidem
2224 5532 2527 5596 editionis
2545 5532 2777 5594 Usserii
2797 5533 2859 5593 in
2875 5521 3306 5610 Epistolarum
3321 5529 3800 5614 Hibernicarum

541 5656 800 5736 sylloge,
825 5655 1128 5718 editionis
1155 5653 1644 5734 Argentincnsis
1669 5669 1933 5734 cperam
1959 5655 2019 5714 S.
2047 5651 2338 5733 Dionysri
2361 5669 2417 5712 a.
2443 5651 2622 5724 1503,
2645 5657 2705 5712 et
2726 5649 2981 5712 illorum
3008 5651 3303 5712 codicum
3327 5649 3796 5730 recensuimus.

545 5776 664 5840 Sed
689 5778 1006 5851 dolemus,
1030 5777 1200 5857 quod
1227 5777 1404 5857 lapsu
1434 5777 1779 5838 mcum-Eae
1813 5776 2178 5839 varietatem
2216 5773 2538 5846 lectionis,
2577 5790 2612 5834 e
2644 5771 2846 5834 tribus
2870 5770 3197 5834 codicibus
3221 5769 3653 5849 desumptam,
3687 5771 3796 5850 uni
