4224 6078
628 225 763 268 *ναι
2039 209 2468 272 PROOEMIUM.

1313 332 1548 407 Condito
1573 347 1709 407 gaza
1734 330 2117 407 polo,__saccos
2157 339 2390 407 vacuare
2415 340 2667 407 gazarum
2683 363 2704 393 ,

1244 431 1250 436 κ
1313 405 1453 464 Aula
1483 397 1632 464 tertii
1652 397 1857 462 Chi-isti
1879 397 2159 463 Christum
2189 402 2243 457 in
2267 397 2487 473 pectore
2509 406 2566 455 ct
2584 397 2760 454 aula.-

1999 495 2078 554 De
2119 496 2262 570 ζιαηα
2304 493 2501 567 puella.

1316 598 1426 670 Das
1449 610 2021 670 nunquam‘.s_cmper
2046 590 2358 670 piomittis,
2391 591 2544 648 Galla
2565 630 2582 657 ,
2614 585 2826 661 roganti
2847 601 2870 622 ο

1400 669 1462 726 Si
1487 665 1705 740 semper
1726 668 1894 734 fallis,
1917 665 2030 738 iam
2046 665 2206 736 rogo,
2235 665 2408 727 Galla,
2439 676 2594 733 nega.
2619 681 2624 688 ·

2068 759 2144 816 De
2207 759 2426 814 tineoso.

1317 859 1500 930 Turpe
1521 876 1708 933 prcus,
1740 861 1952 933 inutile,
1987 869 2162 931 turpe,
2190 859 2308 933 sine.
2332 855 2578 933 arandae
2606 867 2772 924 capue

1409 928 1480 989 Et
1507 928 1628 1019 sine
1650 933 1842 988 fronde
1869 928 2153 997 frutex,‘ct
2181 929 2300 990 sine
2334 928 2487 981 crine
2513 933 2695 997 caput.

2073 1026 2157 1080 Ad
2211 1023 2432 1080 ebriam.

1327 1129 1426 1184 Dic
1453 1125 1608 1191 mihi,
1637 1125 1746 1189 dic,
1775 1123 1946 1190 (brie,
1969 1122 2107 1177 vivis
2139 1136 2209 1176 an
2237 1129 2414 1174 morte
2438 1112 2730 1191 gravaris?

1323 1198 1565 1258 Pallidus
1593 1187 2080 1265 ecce'j;tccs,'~ecca
2106 1192 2228 1265 sine
2256 1199 2439 1244 meme
2462 1187 2697 1265 qni-(facis
2723 1202 2740 1254 ;

1321 1254 1440 1326 Non
1467 1267 1631 1331 bona,
1666 1254 1774 1322 non
1802 1254 1966 1328 male,
1995 1279 2105 1319 non
2133 1263 2292 1327 dura,
2321 1254 2641 1331 nonmollia
2660 1254 2852 1314 mutis.

1317 1338 1434 1395 Hoc
1461 1329 1670 1394 tantum
1702 1336 1872 1390 distas
1901 1349 1931 1390 a
1956 1331 2051 1389 fati
2078 1341 2228 1388 sorte
2257 1329 2453 1400 sepulti
2475 1367 2493 1393 .

1322 1409 1480 1479 Quod
1509 1408 1688 1466 tenuis
1713 1406 1954 1462 miseros.
1971 1401 2267 1475 subpungit
2299 1401 2573 1456 anhelitus
2596 1406 2768 1456 artus.

2127 1495 2208 1553 De
2247 1495 2386 1575 vino.

1321 1600 1546 1672 Magnus
1579 1606 1659 1663 tu,
1695 1595 1929 1658 Bacche.
1960 1608 2153 1667 magna
2183 1603 2274 1648 tua
2303 1592 2475 1672 virtus
2495 1589 2746 1672 ubique,

1324 1659 1529 1728 Coiitra
1559 1679 1612 1724 te
1637 1659 1912 1724 certantes
1944 1676 2002 1720 tu
2030 1659 2244 1737 sémper
2273 1667 2510 1734 palmam
2541 1659 2752 1718 levasti.

689 1806 960 1872 Joannis
993 1801 1166 1868 Scoti
1208 1815 1424 1864 ursus
1453 1785 1527 1858 de
1557 1792 1622 1857 S.
1655 1789 1943 1855 Maximo
1995 1807 2031 1854 θ
2072 1787 2298 1871 codice
2343 1783 2822 1852 armamentarii
2869 1783 3039 1850 eruit
3081 1784 3172 1850 Μ.
3205 1785 3275 1850 F.
3311 1780 3690 1850 RavaissOu.
3724 1788 3904 1864 Quos

609 1947 679 1994 in
709 1928 904 2003 libro,
944 1927 1051 1990 cui
1093 1923 1320 1988 titulus
1351 1940 1367 1982 :
1399 1919 1725 2000 Rapports
1763 1919 1888 1979 cet.
1920 1932 1986 1997 p.
2014 1910 2314 1986 356-358,
2348 1910 2560 1976 editos
2596 1926 2770 1973 nunc
2798 1908 3226 1975 reddidimus.
3261 1906 3480 1972 Codex
3528 1907 3743 1990 qualis
3789 1908 3903 1984 sit.

615 2047 826 2112 editor
857 2062 991 2110 non
1022 2041 1356 2107 indicavit.

696 2171 934 2234 Versus
949 2155 1220 2230 Joannis
1244 2161 1416 2228 Scoti
1436 2171 1692 2245 exstare
1725 2161 1792 2224 in
1824 2160 1965 2225 cod.
1989 2157 2525 2224 ms.Bcacdictina
2549 2157 2722 2240 apud
2741 2157 3304 2238 Cantabrigiemes,
3328 2163 3602 2224 testatur
3623 2154 3906 2221 Thomas

611 2292 765 2357 Gale
817 2291 882 2353 in
937 2286 1334 2370 praefatione
1384 2283 1468 2348 ad
1502 2283 1810 2348 librosde
1843 2283 2155 2348 divisione
2185 2281 2492 2350 Naturae.
2529 2283 2662 2348 Nec
2705 2283 2977 2347 dubium
3029 2289 3150 2356 est,
3195 2279 3355 2364 quin
3407 2280 3463 2342 is
3510 2279 3908 2344 intellexerit

611 2407 876 2472 eosdem
924 2422 1194 2478 versus,
1248 2419 1416 2484 quos
1448 2402 1676 2468 beatus
1733 2403 1817 2492 υτ,
1858 2401 2100 2467 Oehler
2149 2409 2301 2467 ante
2359 2401 2482 2466 hos
2537 2402 2676 2467 fere
2730 2403 2954 2466 decem
3010 2419 3217 2468 annos
3275 2405 3613 2486 descripsit
3668 2424 3704 2468 e
3760 2405 3906 2468 cod.

613 2526 982 2606 Cantabrig.
1035 2522 1294 2604 collegii
1342 2523 1537 2604 Corp.
1569 2523 1809 2586 Christi
1854 2523 1932 2586 N°
1959 2523 2080 2586 223
2114 2522 2326 2586 seculi
2358 2523 2474 2588 ιχ.
2516 2523 2718 2605 Cujus
2753 2522 3030 2604 capiam,
3081 2515 3202 2588 etsi
3245 2523 3506 2588 fratrem
3554 2519 3906 2592 ’liaeredem

611 2647 971 2714 identidem
1005 2660 1357 2725 rogassem,
1385 2648 1458 2704 ut
1488 2639 1652 2704 milii
1681 2641 1750 2703 in
1776 2658 1969 2704 usum
2004 2641 2204 2725 hujus
2241 2640 2550 2705 editionis
2577 2641 2983 2716 concederet,
3006 2658 3136 2705 non
3169 2642 3451 2720 obtinui,
3473 2645 3607 2709 imo
3642 2663 3913 2728 respon-

619 2789 762 2835 sum
797 2769 1052 2832 nullum
1081 2769 1326 2849 accepi.
1359 2771 1582 2852 Neque
1602 2770 2166 2852 Cantabrigienses
2202 2771 2370 2836 votis
2400 2771 2587 2846 meis,
2621 2777 2692 2834 ut
2720 2787 2976 2835 carmen
3009 2770 3076 2832 in
3105 2786 3294 2832 usum
3327 2786 3541 2832 meum
3577 2768 3913 2832 describe-

624 2902 821 2958 retur.
855 2890 1142 2985 obsecuti
1179 2896 1354 2953 sunt.
1389 2891 1604 2966 Quare
1641 2891 1854 2956 solum
1889 2891 2195 2955 carminis
2223 2891 2442 2965 finem,
2476 2909 2669 2974 quem
2699 2873 2776 2953 D'
2802 2889 3043 2954 Oelder
3075 2907 3221 2954 cum
3242 2891 3450 2956 amico
3475 2890 3916 2956 communica-

623 3027 818 3097 verat,
849 3019 1042 3084 cdere
1080 3017 1283 3098 potui.
1315 3015 1574 3081 Constat
1608 3015 1750 3096 ipso
1783 3022 1947 3082 teste
1993 3003 2661 3099 carmen'argumenti
2701 3017 3365 3098 dogtnatico-ascetici
3418 3015 3715 3080 versibus
3758 3015 3897 3077 101.

706 3145 922 3210 Versus
961 3139 1034 3203 de
1063 3141 1130 3204 S.
1159 3139 1470 3220 Dionysio
1503 3137 1694 3202 initio
1738 3147 1806 3205 et
1835 3139 1904 3204 in
1937 3139 2066 3204 fine
2097 3139 2415 3206 versiouis
2451 3155 2717 3219 Operam
2755 3141 2900 3221 ejus
2937 3139 3374 3222 reperiuntur.
3423 3139 3665 3202 Pariter
3694 3155 3913 3200 versus

620 3276 926 3348 quattuor
977 3260 1167 3329 initio
1215 3259 1369 3326 libri
1417 3257 1500 3322 de
1551 3228 2154 3323 Praedestinatioiie
2208 3267 2576 3322 occurrunt.
2625 3259 2799 3323 Duos
2847 3278 3065 3321 tersus
3119 3280 3154 3323 e
3197 3259 3420 3322 codice
3474 3257 3911 3323 bibliothecae

616 3388 850 3471 Regiae
874 3383 1713 3472 eruitCoust'n,Fragmcnts
1759 3379 2302 3464 philosophiq’ucs,
2355 3381 2532 3446 Tom.
2565 3383 2679 3443 Ill
2711 3382 2999 3463 Append.
3035 3401 3096 3461 p.
3128 3383 3270 3444 326.
3309 3382 3487 3454 Quos
3527 3378 3690 3441 infra
3725 3377 3916 3441 addi-

622 3511 862 3576 dimus.
894 3499 1024 3573 Alii
1057 3525 1307 3584 versus,
1343 3505 1459 3587 qui
1493 3503 1730 3568 Joanni
1770 3505 1962 3569 Scoto
1993 3503 2337 3568 tribuenda
2374 3521 2518 3567 esse
2572 3503 2976 3578 videbantur,
3014 3520 3207 3582 supra
3243 3505 3272 3576 δ
3304 3501 3373 3561 11
3418 3496 3912 3577 adscripsimus.

707 3626 1037 3691 Accedunt
1069 3625 1340 3688 Joannis
1386 3623 1554 3688 Scoti
1584 3623 1798 3705 graeci
1829 3641 2044 3685 versus
2076 3623 2390 3704 incompti
2421 3631 2483 3687 et
2516 3621 2788 3696 horridi,
2825 3620 2942 3702 qui
2991 3638 3027 3684 e
3058 3620 3276 3683 codice
3313 3619 3376 3681 S.
3411 3609 3713 3682 Germani
3766 3632 3914 3697 pro-

621 3746 878 3811 dierunt
910 3743 1113 3810 literis
1146 3743 1510 3809 uneialibus
1544 3763 1672 3808 una
1708 3762 1852 3808 cum
1885 3743 2127 3824 glossis
2159 3744 2376 3809 latinis
2407 3743 2472 3806 in
2504 3743 2908 3828 Prarfatio-ne
2936 3740 3019 3803 ad
3048 3741 3120 3805 C.
3155 3737 3385 3802 Lubbei
3411 3736 3748 3818 glossaria.
3783 3733 3915 3810 Qui
3951 3816 3954 3818 η

623 3871 743 3936 etsi
772 3859 894 3932 tam
925 3866 1207 3947 corrupti
1230 3871 1387 3938 sint,
1413 3872 1478 3926 ut
1516 3864 1660 3946 ipso
1688 3863 1941 3944 Angela
1969 3864 2097 3932 Mai
2131 3869 2294 3928 teste
2323 3864 2368 3928 l.
2399 3863 2437 3924 Ι.
2471 3884 2532 3945 p.
2560 3851 2674 3927 ιιὸι
2699 3863 2914 3927 sanari
2942 3861 3042 3924 vix
3065 3849 3267 3941 posse
3310 3860 3673 3931 videantur,
3699 3865 3917 3920 tamen

623 3993 689 4054 in
714 3993 796 4054 ilS
821 3987 1245 4052 emendandis
1273 4004 1349 4051 ac
1381 3988 1757 4068 reparandis
1784 4008 1919 4054 non
1949 3991 2098 4054 sine
2127 3990 2345 4054 fructu
2376 3989 2566 4052 nobis
2599 3989 2923 4053 laborasse
2958 3986 3275 4051 videmur.
3299 3983 3509 4057 Quare
3544 3981 3588 4042 ii
3624 3977 3916 4059 castigati

623 4112 729 4175 llic
766 4112 982 4173 denuo
1021 4108 1325 4174 eduntur.
1372 4108 1680 4174 Codicem
1721 4113 1783 4174 Β.
1816 4112 2124 4176 Germani
2158 4111 2224 4173 in
2273 4109 2668 4174 bibliotheca
2705 4111 2903 4191 Regia
2931 4103 3282 4172 Parisiensi
3318 4102 3554 4166 frustra
3592 4098 3911 4180 quaesivi.

707 4233 874 4294 Casu
922 4231 988 4295 in
1019 4248 1248 4294 manus
1280 4248 1456 4309 meas
1487 4235 1666 4300 venit
1697 4251 1955 4300 carmen
1989 4251 2318 4314 graecum,
2344 4233 2551 4298 literis
2575 4231 2796 4300 latinis
2825 4230 3034 4296 seculi
3063 4231 3155 4293 lx
3185 4237 3541 4304 exaratum,
3565 4225 3912 4308 adscriptis

629 4350 864 4441 gIOSsis
925 4349 1166 4414 latinis.
1219 4350 1408 4426 Quod
1455 4369 1660 4433 quum
1705 4361 1854 4419 ante
1894 4355 2016 4418 hos
2051 4353 2346 4436 quinque
2393 4370 2602 4416 annos
2650 4355 2725 4417 D'
2773 4353 2863 4416 Μ.
2915 4352 2988 4414 C.
3021 4351 3098 4412 Β.
3140 4349 3315 4414 Bock
3364 4367 3422 4410 γ.
3473 4348 3556 4412 cl.
3605 4364 3640 4410 e
3694 4346 3920 4411 codice

629 4471 1062 4558 bibliothecae
1085 4472 1535 4573 Burgundicae
1562 4473 2012 4540 Bruxellensrs
2041 4473 2436 4556 descriptum
2473 4472 2778 4539 Lerscbio
2802 4479 3022 4536 nostro
3049 4470 3250 4536 eheu!
3285 4481 3688 4553 praematura
3711 4477 3919 4536 morte

632 4599 823 4662 nobis
853 4605 1074 4677 erepto
1126 4597 1434 4670 misisset,
1474 4607 1548 4663 ut
1586 4597 1869 4682 primum
1908 4598 2203 4674 inspexi.,-
2221 4598 2499 4664 Joannis
2545 4597 2718 4662 Scoti
2780 4603 3190 4660 versus'esse
3240 4595 3535 4677 cognovi.
3588 4593 3916 4671 Codicem,

635 4741 845 4804 nuper
876 4739 1023 4784 cum
1060 4721 1381 4784 Bruxellis
1425 4741 1738 4799 versarer,
1792 4725 1860 4790 in
1893 4726 2229 4789 Franciam
2269 4722 2566 4798 missum,
2614 4721 2940 4805 inspicere
2987 4737 3119 4783 non
3157 4717 3365 4799 potui.
3412 4718 3523 4780 Est
3572 4732 3722 4780 vero
3772 4716 3917 4782 cod.

634 4841 1085 4933 1007849084,
1115 4843 1498 4916 membrum,
1531 4842 1674 4918 l‘ol.,
1710 4844 1918 4909 seculi
1948 4844 2094 4907 ΧΠ.
2129 4840 2560 4909 Continentur
2595 4858 2674 4905 eo
2707 4840 3060 4922 i'irgitiana
3101 4832 3428 4916 Fulgmtii
3466 4840 3534 4897 et
3571 4832 3816 4913 glareas
3846 4831 3924 4895 dc

637 4974 949 5038 abstrusis
978 4969 1394 5035 sermonibus.
1447 4964 1521 5024 tn
1552 4963 1795 5044 quibus
1831 4962 2072 5044 glossis
2123 4971 2186 5027 et
2219 4962 2417 5028 hosce
2447 4979 2697 5037 versus,
2730 4961 2796 5024 in
2842 4959 3158 5028 honorem
3191 4956 3260 5019 S.
3305 4955 3614 5036 Dionysii
3659 4972 3926 5034 campo.

631 5099 819 5170 sitos,
856 5091 1180 5157 numerari
1216 5085 1535 5166 suspicor.
3950 5047 3957 5056 '

714 5223 742 5295 ς
775 5218 872 5278 16.
901 5213 1120 5291 Nuper
1153 5207 1482 5289 pollicitus
1512 5216 1608 5271 est
1636 5209 1713 5270 D.
1740 5209 1912 5272 Pitra
1945 5227 2004 5272 v.
2039 5208 2147 5283 eL,
2188 5207 2516 5292 Spicilegii
2549 5208 2979 5274 Solesmensis
3036 5208 3219 5275 Tom.
3257 5209 3312 5274 li
3344 5227 3416 5274 se
3445 5211 3714 5275 Joannis
3745 5211 3918 5279 Scott

637 5343 1110 5404 commentarios
1157 5335 1220 5393 in
1269 5332 1662 5394 Martinnum
1719 5332 2036 5414 Copeliam
2085 5332 2563 5412 evulgaturum.
2626 5333 2809 5407 Quos
2855 5333 3048 5397 doleo
3108 5337 3399 5399 nondum
3443 5340 3914 5418 comparuisse.

639 5475 1016 5550 Nuperrtme
1047 5478 1247 5543 quum
1286 5459 1546 5521 Parisiis
1579 5463 1904 5536 versabar,
1950 5460 2016 5524 in
2055 5461 2278 5524 codice
2327 5479 2448 5524 ms.
2486 5462 2547 5521 S.
2580 5460 2888 5523 Germani
2939 5463 3115 5535 1110,
3153 5460 3308 5524 olim
3353 5460 3498 5533 589,
3534 5461 3921 5540 memirrarn,

645 5599 760 5651 hos
809 5585 1281 5657 ommentarios
1315 5584 1640 5645 detexisse
1665 5580 1821 5643 mihi
1852 5581 2092 5644 videor.
2129 5581 2256 5644 Nec
2282 5591 2490 5644 tamen
2515 5580 2716 5643 otium
2747 5582 2905 5643 mihi
2934 5583 3318 5663 suppetebat
3344 5599 3456 5644 ens
3478 5580 3918 5648 deseribendi.

649 5712 852 5792 Quare
881 5715 953 5775 D.
979 5712 1146 5775 Pitra
1175 5708 1376 5774 literis
1399 5727 1512 5790 per
1532 5725 1763 5773 manus
1789 5706 2216 5786 redemptoris
2239 5705 2434 5788 hujus
2471 5707 2608 5768 iibri
2637 5707 2886 5770 traditis
2908 5724 3110 5787 quum
3137 5725 3489 5791 rogassem,
3523 5720 3590 5778 ut
3623 5713 3782 5777 mihi
3811 5716 3920 5778 cd-
