4224 6078
480 276 485 281 .
560 244 665 315 χχ
2013 245 2148 305 eno

2013 243 2417 305 PROOEMIUM

592 392 818 468 quitus
855 377 1218 446 Hiberniam
1254 381 1467 443 sciunt
1505 395 1753 442 omnes.
1806 391 1957 464 ισροῡ
1988 379 2265 444 ’ducitur
2300 382 2377 443 ab
2436 388 2594 463 ἶῳός,
2654 386 2730 452 ὁι,
2774 380 3211 462 formaturque
3264 398 3500 447 nomen
3559 385 3863 468 Ierugena

592 524 668 568 ex
721 503 1008 586 genitivo
1090 508 1232 583 ἱεροῦ
1284 516 1462 563 more
1505 498 1889 563 'Latinorum
1928 504 2155 563 eodem
2195 504 2410 573 modo,
2443 518 2572 583 quo
2604 502 2983 584 Grajagena,
3020 520 3151 586 quo
3180 502 3443 568 nomine
3473 502 3611 588 ipse
3638 480 3865 569 Scottis

593 634 812 689 noster
842 624 903 687 Ξ.
937 623 1287 686 Maximum
1324 621 1595 684 honorat
1627 622 1694 683 in
1723 622 1844 686 hoc
1883 640 2116 688 versu:

1315 762 1573 832 Quisquis
1601 773 1746 818 amat
1775 760 2004 842 formam
2028 765 2291 841 pulchrae
2316 732 2539 826 laudare
2566 766 2820 839 Sophiae,

1303 854 1382 913 'l‘e
1410 855 1555 929 legat
1579 858 1828 926 assidue,
1860 858 2093 917 Maxime
2126 857 2451 933 Grajugena.

680 990 768 1051 En
828 988 1396 1069 simplicissimam,
1451 993 1957 1072 eamquehaud
2010 993 2211 1073 dubie
2266 1013 2482 1059 veram
2519 996 2708 1060 istius
2760 995 3045 1062 nominis
3101 1001 3647 1082 explanationem.
3679 1002 3864 1079 Quod

593 1135 795 1199 quum
847 1118 1115 1198 posteri,
1166 1117 1281 1197 qui
1334 1113 1702 1178 versionem
1755 1116 2266 1196 descripserunt,
2301 1118 2514 1181 minus
2566 1117 3024 1199 intelligerent,
3071 1119 3138 1183 in
3193 1121 3522 1204 Eriugena
3575 1124 3746 1201 ideo,
3796 1131 3870 1190 ut

607 1238 877 1312 .idetur,
916 1245 1273 1311 mutarunt,
1310 1244 1382 1298 ut
1428 1236 1508 1297 ad
1562 1252 1799 1298 nomen
1851 1235 2016 1297 Erin
2064 1234 2403 1299 alludert-t.
2456 1238 2715 1318 Postea,
2755 1253 2956 1316 quum
2987 1234 3159 1299 haud
3187 1254 3332 1303 raro
3364 1260 3408 1301 τι
3435 1239 3630 1307 litera
3666 1245 3868 1326 magis

602 1362 669 1423 in
693 1360 962 1424 formam
988 1378 1029 1440 y
1063 1346 1286 1422 literae
1310 1356 1705 1431 exa‘raretur,
1731 1376 1844 1438 pro
1864 1361 2173 1448 leragena
2204 1359 2322 1422 viri
2345 1358 2517 1423 docti
2555 1360 2845 1440 legerunt
2867 1345 3179 1440 Erg/gena,
3210 1360 3511 1440 Erigena,
3532 1361 3597 1424 in
3619 1356 3866 1443 quibus

594 1478 842 1554 primus
874 1477 1008 1541 fere
1044 1475 1442 1540 Trithemius
1478 1472 1684 1537 fuisse
1715 1475 1996 1567 videtur.

675 1596 900 1676 Itaque
930 1594 1345 1660 acutissimas
1381 1593 1669 1657 virorum
1707 1594 2044 1659 doctorum
2077 1595 2506 1676 conjecturae,
2540 1596 2973 1677 Opinantium,
3003 1598 3320 1665 Joannem
3353 1600 3614 1666 Scotum
3644 1611 3870 1671 eterra

592 1717 854 1795 Ergene,
888 1736 923 1779 e
946 1732 1107 1797 pago
1140 1714 1442 1801 Eriacen,
1478 1717 1589 1784 vel.
1616 1734 1699 1781 ex
1749 1717 1908 1781 urbe
1938 1717 2089 1779 Aire
2138 1715 2745 1809 oriundumfuisse,
2776 1723 2839 1781 et
2872 1730 3040 1798 quae
3087 1718 3347 1800 cepiOSe
3381 1720 3549 1786 infra
3586 1723 3656 1786 in
3686 1740 3871 1787 com-

597 1838 986 1926 rnentalione
1039 1837 1118 1901 de
1173 1836 1295 1901 hoc
1342 1838 1608 1903 nomine
1659 1839 1985 1921 disputata
2035 1840 2481 1912 inveniuntur,
2522 1848 2590 1904 ut
2628 1857 2784 1903 vana
2838 1838 3269 1907 collabuntur.
3319 1843 3543 1924 Neque
3576 1844 3697 1923 hoc
3729 1846 3868 1909 loco

585 1957 1235 2038 praetermittendum
1262 1975 1406 2023 esse
1433 1958 1709 2034 ridetur,
1732 1976 1766 2020 a
1791 1959 2212 2039 scriptoribus
2228 1958 2608 2039 aequalibus
2630 1958 2945 2023 Joannem
2965 1975 3298 2040 nunquam
3333 1963 3461 2026 alio
3482 1966 3869 2047 cognomine

590 2079 714 2140 nisi
736 2076 923 2140 Scott'
955 2077 1050 2141 vel
1083 2080 1448 2161 Scotigenae
1476 2085 1831 2160 nominari,
1859 2103 2073 2167 neque
2104 2085 2171 2147 in
2196 2085 2528 2149 codicibus
2570 2102 2859 2167 unquam
2890 2085 3197 2147 Joannem
3214 2085 3471 2148 Scotum
3499 2087 3869 2169 Ierugenans

593 2220 715 2268 una
746 2210 807 2265 et
838 2204 1233 2284 conjunctim
1286 2207 1441 2286 105i,
1480 2207 1618 2281 sed,
1651 2215 1721 2272 ut
1770 2207 2173 2283 monuimus,
2204 2212 2313 2269 aut
2341 2206 2644 2268 Joannem
2687 2204 2966 2279 Scotum,
2996 2200 3107 2267 aut
3136 2203 3443 2266 Joannem
3469 2205 3863 2285 Ierugenam.

590 2328 655 2389 in
692 2324 891 2390 altero
922 2334 1173 2392 tantum
1222 2347 1578 2395 carminum
1616 2329 1835 2395 codice
1867 2328 2176 2392 Vaticano
2210 2335 2272 2391 et
2300 2327 2367 2390 in
2401 2326 2588 2390 titulo
2620 2326 2941 2395 versionis
2974 2324 3447 2407 Ambiguorum
3498 2325 3562 2388 S.
3598 2327 3867 2413 Maximi

590 2448 946 2528 appellatur
980 2451 1254 2513 Joannes
1286 2452 1809 2532 sapientissimus,
1848 2451 1943 2513 vel
1978 2449 2361 2531 simpliciter
2388 2449 2684 2513 Joannes.
3826 2452 3829 2457 ’

670 2565 797 2626 Nec
846 2566 1101 2632 obstare
1154 2567 1493 2643 videntur,
1551 2585 1717 2647 quae
1770 2578 1978 2649 nuper
2027 2566 2300 2646 scriptor
2356 2581 2720 2646 anonymus
2772 2563 2841 2627 in
2883 2565 3404 2648 .Encyclopaedia
3443 2566 3551 2630 cui
3588 2566 3861 2631 titulus:

583 2685 1117 2750 In’irchenlexicon
1170 2687 1322 2752 oder
1374 2689 1870 2772 Encyclopaedie
1920 2671 2029 2751 der
2085 2686 2519 2751 Catholischen
2572 2685 2912 2767 [Theologie
2960 2703 3083 2747 von
3125 2687 3242 2755 _H.
3303 2686 3368 2749 S.
3435 2688 3679 2754 Wetzer
3734 2688 3869 2774 und

594 2809 659 2869 Β.
712 2809 901 2874 Welte
950 2811 1029 2874 ν.
1088 2811 1364 2875 Joannes
1414 2812 1639 2873 Scotus
1666 2811 1943 2892 Erigena
1999 2809 2275 2891 objecit,
2329 2808 2501 2871 illam
2547 2808 2952 2880 sententiam
3012 2824 3221 2869 meam
3244 2789 3381 2873 non
3415 2809 3631 2874 minus
3669 2820 3888 2893 quam‘

585 2938 947 2994 ceterorum
980 2932 1239 2996 dubiam
1273 2949 1442 3006 esse,
1472 2938 1537 2996 et
1565 2932 1802 2997 limites
1832 2932 2345 3014 conjecturarum
2386 2916 2887 2994 nonexcedere.
2924 2931 3062 2992 lmo
3100 2946 3251 2995 vero
3286 2933 3608 2999 sententia
3640 2943 3863 3004 nostra

587 3048 707 3109 [ide
744 3048 1040 3111 codicum
1074 3048 1324 3126 nititur,
1362 3051 1425 3113 in
1460 3054 1700 3134 quibus
1729 3054 2005 3117 Joannes
2042 3054 2351 3135 Ierugena
2383 3052 2623 3117 diserte
2653 3056 2942 3115 vocatur.
2968 3050 3389 3132 Cognominis
3413 3042 3566 3119 vero
3596 3070 3863 3124 sensum

580 3191 719 3237 non
756 3174 1150 3254 conjectura,
1185 3178 1298 3239 sed
1331 3194 1482 3268 vera
1511 3175 1688 3239 verbi
1719 3176 2153 3256 originatione
2188 3182 2526 3240 assecutus
2560 3191 2704 3238 esse
2735 3173 2896 3237 mihi
2930 3172 3174 3236 videor.
3769 3248 3781 3258 .

636 3295 847 3358 ‘Nunc
885 3312 1037 3358 vero
1075 3296 1319 3377 optime
1354 3297 1672 3381 quadrent
1709 3298 1904 3362 verba
1932 3296 2266 3367 Prudentii
2302 3297 2560 3364 Scotum
2592 3295 2983 3377 increpantis
3030 3295 3312 3358 haecce:
3350 3290 3437 3351 Te
3482 3286 3688 3357 solum
3731 3305 3901 3357 θυι-ον

579 3419 753 3477 nium
789 3416 1217 3478 acutissimum
1248 3416 1494 3480 Galliae
1544 3417 1895 3481 transmisit
1930 3418 2263 3494 Hibernia,
2320 3425 2414 3494 ut,
2464 3436 2619 3500 quae
2643 3415 2859 3477 nullus
2889 3415 3115 3497 absque
3157 3422 3214 3477 te
3238 3414 3400 3476 scire
3421 3419 3699 3494 poterat,
3728 3412 3863 3485 tuis

492 3524 495 3525 ί
581 3534 1049 3598 eruditionibus
1084 3536 1412 3601 obtineret.
1447 3540 1577 3603 Nec
1602 3542 1738 3621 jam
1776 3539 2105 3605 oﬁ‘endere
2158 3547 2395 3621 potest,
2429 3538 2604 3620 quod
2638 3535 3004 3599 Guilelmus
3034 3533 3635 3599 Malmesbnriensis
3668 3538 3872 3627 testa-

580 3666 709 3730 tur,
744 3658 811 3719 in
839 3655 1058 3720 codice
1092 3656 1411 3721 versionis
1436 3678 1506 3723 se
1536 3661 1797 3741 legisse,
1822 3663 2144 3726 Joannem
2173 3662 2434 3726 Scotum
2466 3659 2912 3739 Heruligenam
2932 3656 3277 3720 nominari.
3312 3654 3659 3736 Eruligena
3689 3648 3866 3718 enim

581 3775 739 3839 nihil
776 3775 951 3838 aliud
980 3783 1102 3849 est,
1135 3777 1264 3839 nisi
1295 3772 1778 3867 Eriniigmmid
1814 3789 1933 3858 est,
1975 3781 2286 3845 oriundus
2323 3801 2400 3843 ea:
2429 3778 2638 3842 insula
2666 3778 2866 3852 Erin,
2904 3794 3071 3859 quae
3114 3780 3212 3842 est
3243 3772 3380 3837 fere
3414 3773 3631 3836 versio
3662 3769 3868 3852 latina

581 3904 877 3970 venabuli
935 3905 1273 3983 lerugcna.
1333 3903 1681 3985 Eruligena
1739 3914 2052 3971 autemet
2104 3903 2455 3985 Erinigena
2506 3902 2826 3983 scriptura
2882 3896 3177 3963 codicum
3225 3895 3334 3959 vix
3395 3893 3742 3971 ditl‘erunt,
3794 3894 3866 3961 in

579 4025 820 4107 quibus
860 4026 955 4087 uti
990 4035 1053 4089 et
1088 4016 1182 4089 ini
1215 4028 1372 4091 satis
1407 4034 1701 4092 accurate
1738 4026 2154 4091 conveniunt.

666 4156 693 4229 §
742 4154 837 4217 18.
886 4154 1030 4218 Alia
1059 4163 1156 4217 est
1189 4151 1512 4235 quaestio,
1550 4169 1719 4232 quae
1758 4148 1933 4212 haud
1986 4146 2206 4208 minus
2244 4143 2526 4206 virorum
2559 4141 2892 4205 doctorum
2920 4139 3181 4219 ingenia
3210 4128 3557 4210 excercuit',
3589 4136 3672 4200 de
3699 4135 3867 4200 libro

553 4272 853 4342 'Joannis
888 4279 1081 4354 Scoli,
1119 4295 1313 4360 quem
1336 4276 1411 4341 de
1430 4276 1544 4338 SS.
1576 4270 1989 4335 Eucharistia
2018 4265 2358 4347 scripsisse
2385 4263 2614 4328 fertur.
2638 4265 2729 4328 Ex
2762 4266 3185 4348 scriptoribus
3215 4270 3599 4351 aequalibus
3635 4267 3871 4330 librum

584 4400 975 4481 peculiarem
1030 4401 1300 4463 Joannis
1335 4395 1501 4458 Scoti
1555 4394 1635 4456 de
1671 4387 2077 4454 Eucharistia
2114 4384 2335 4449 nullus
2392 4392 2871 4450 commemorat.
2929 4387 3318 4452 Hincmarus
3364 4388 3538 4452 enim
3575 4405 3706 4450 non
3735 4387 3869 4451 nisi

493 4496 499 4502 i
584 4491 1257 4608 erroreniperstringit
1285 4543 1301 4583 :
1327 4517 1495 4603 quod
1516 4521 1969 4579 sacramentum
1997 4510 2223 4572 altaris
2250 4520 2616 4597 nonaerum
2643 4526 2875 4587 corpus
2901 4515 2957 4570 et
2981 4526 3164 4571 verus
3191 4508 3449 4589 sanguis
3477 4509 3559 4571 sit
3588 4507 3867 4581 Domini,

581 4652 692 4717 sed
727 4659 972 4714 tantum
1006 4648 1304 4713 memoria
1329 4644 1463 4707 veri
1496 4638 1785 4723 corporis
1817 4644 1873 4699 et
1903 4632 2233 4714 sanguinis
2266 4632 2421 4713 ejus,
2457 4647 2738 4711 eumque
2768 4632 2925 4694 satis
2956 4636 3176 4713 aperte
3211 4629 3445 4693 Joanni
3490 4628 3867 4707 Scotigenae

582 4779 881 4859 imputat.
915 4776 1158 4840 Pariter
1188 4766 1592 4834 Adrevaldus
1650 4757 2006 4823 monachus
2054 4752 2479 4818 Floriacensis
2530 4750 2736 4814 seculi
2779 4751 2875 4814 IX
2934 4768 3125 4815 suum
3164 4768 3358 4831 quem
3396 4750 3477 4813 de
3510 4766 3774 4847 corpore
3806 4755 3870 4813 et

582 4902 897 4979 sanguine
929 4887 1191 4959 Domini
1227 4891 1464 4952 librum
1497 4879 1823 4965 condidit,
1841 4884 2065 4939 contra
2098 4872 2369 4953 ineptias
2420 4867 2689 4930 Joannis
2719 4866 2901 4930 Scoti
2934 4866 3289 4947 inscripsit.
3344 4868 3696 4931 Gerbertus
3749 4883 3871 4933 seu

582 5021 885 5103 quisquis
917 5017 1035 5080 fuit
1070 5027 1435 5091 anonymus
1471 5005 1583 5069 ille
1612 5002 2036 5075 Cellotianus,
2070 4999 2184 5081 qui
2243 4993 2462 5058 seculo
2497 4992 2564 5055 Χ
2614 4994 2695 5057 de
2743 4989 3187 5056 controversia
3234 4990 3659 5103 Paschasiana
3712 4988 3871 5050 scri-

584 5100 733 5228 ῥειι,
761 5100 1021 5208 ὀριρτοε
1043 5138 1176 5200 fere
1211 5150 1463 5206 omnes,
1495 5129 1610 5211 qui
1641 5144 1720 5192 eo
1749 5106 2038 5206 tempore
2086 5120 2286 5184 libros
2314 5116 2395 5181 de
2423 5133 2694 5197 corpore
2722 5123 2788 5178 et
2843 5113 3159 5192 sanguine
3186 5110 3454 5174 Domini
3497 5100 3865 5179 ediderunt,

586 5271 948 5337 enumerat,
981 5266 1268 5320 nostrum
1288 5254 1591 5321 Joannem
1623 5250 1885 5312 Scotum
1915 5238 2393 5327 praetermittit.
2425 5238 2680 5301 Primus
2715 5235 2977 5300 demum
3009 5232 3435 5311 Berengarius
3466 5228 3868 5293 Turonensis

583 5397 853 5461 Joannis
886 5391 1054 5453 Scoli
1117 5388 1198 5449 de
1253 5372 1651 5446 Eucliaristia
1703 5369 1983 5441 librum,
2028 5363 2203 5427 unde
2266 5363 2415 5443 ipse
2467 5358 2895 5437 Berengarius
2954 5357 3312 5439 pessimum
3359 5372 3643 5422 errorem
3673 5371 3867 5417 suum

589 5514 928 5584 hauserat,
983 5507 1050 5568 in
1102 5501 1442 5567 hominum
1502 5493 1798 5560 notitiam
1860 5477 2186 5569 produxit.
2240 5486 2472 5546 Postea
2529 5481 2648 5549 sub
2706 5478 2969 5543 nomine
3017 5478 3289 5583 Joannis
3324 5479 3495 5551 Scoti
3526 5478 3595 5540 in
3643 5476 3869 5539 multis

589 5635 858 5717 synodis
889 5635 1225 5698 damnatus
1256 5639 1354 5695 est
1386 5630 1569 5702 liber,
1605 5622 2002 5692 conscissus,
2038 5624 2099 5678 et
2134 5613 2271 5693 igni
2314 5608 2744 5690 adjudicatus.
2796 5605 2970 5682 Quid
3001 5604 3243 5684 igitur?
3298 5602 3467 5664 Num
3518 5595 3754 5680 synodi
3800 5595 3871 5661 in

591 5762 834 5823 Joanne
869 5760 1055 5823 Scoto
1086 5755 1490 5827 damnarunt,
1525 5748 1700 5832 quod
1733 5745 1942 5827 ipsius
1974 5752 2201 5816 reapse
2234 5752 2362 5801 non
2399 5735 2585 5797 erat?
