4224 6078
1862 224 2292 283 PROOEMIUM.
3267 227 3270 232 ’
3354 271 3363 274 -
3606 245 3698 284 ut

508 371 749 436 Verum
795 385 900 434 res
933 367 1022 432 ita
1073 385 1143 434 se
1173 366 1412 432 habere
1454 365 1728 430 videtur.
1780 367 1852 430 In
1903 364 2272 444 Bereugarii
2306 361 2470 426 libro
2514 365 2587 426 de
2631 383 2812 427 sacra
2851 383 3063 438 coena,
3117 366 3228 447 qui
3277 365 3520 448 prodiit
3575 367 3697 436 hoc

321 507 336 514 ‘
432 492 622 557 titulo
649 515 672 555 :
702 489 1072 570 Bermgarii.
1111 490 1502 553 Turonensis
1538 487 1612 551 de
1639 507 1820 551 sacra
1853 506 2043 550 coena
2071 485 2370 548 adversus
2411 485 2836 568 Lanfrancum
2868 484 3026 549 liber
3058 490 3383 569 posterior
3421 508 3450 551 ε
3488 487 3706 553 codice

433 575 914 695 Guelferbytano
939 609 1222 693 primum,
1255 585 1580 676 ediderunt
1633 613 1711 674 Α.
1761 610 1853 672 F..
1881 617 1936 690 et
1967 608 2043 670 F.
2089 607 2202 669 Th.
2251 605 2814 680 l’ischcr,Berolini
2850 605 3030 680 183's,
3067 624 3130 686 p.
3168 606 3246 668 37
3287 606 3443 672 haec
3477 604 3703 686 legun-

433 738 538 794 tur
593 729 826 797 verba:
876 730 1026 792 «De
1071 729 1322 793 Joanne
1375 735 1590 792 autem
1639 745 1754 792 cur
1793 725 2166 790 conscissus
2195 723 2427 799 fuerit,
2481 733 2542 788 te
2608 723 2823 805 ipsum
2880 727 3272 808 quibusdam
3331 737 3700 794 narrantem

431 866 692 926 causam
727 847 1193 938 conseissionis
1249 847 1490 924 audivi,
1548 847 1700 929 quia
1767 847 1834 910 in
1889 846 2171 928 quodam
2225 845 2446 926 scripti
2508 846 2614 909 sui
2671 846 2808 909 loco
2860 845 3208 927 posuisset,
3255 865 3354 924 ea,
3407 865 3576 931 quae
3635 847 3704 911 iu

434 967 618 1034 altari
677 973 1158 1043 consecrantur,
1191 986 1317 1030 esse
1347 967 1640 1048 ﬁguram,
1691 967 1962 1048 signum,
2015 967 2260 1048 pignus
2305 972 2600 1048 corporis
2662 977 2716 1031 et
2765 969 3091 1051 sanguinis
3142 969 3416 1032 Domini.
3446 993 3474 1027 ιο
3535 970 3708 1033 Haec

435 1074 652 1152 omnia
699 1087 1013 1170 quadrent
1066 1090 1134 1152 in
1167 1086 1403 1150 librum
1453 1087 1536 1151 de
1593 1104 1861 1168 corpore
1909 1093 1972 1151 et
2011 1089 2332 1168 sanguine
2375 1089 2672 1165 Domini,
2709 1089 2822 1172 qui
2886 1090 3008 1154 sub
3059 1090 3324 1158 nomine
3381 1090 3702 1154 Ratramni

439 1203 820 1287 saepissime
866 1203 1082 1268 editus
1148 1211 1266 1269 est.
1327 1205 1422 1269 lbi
1467 1207 1638 1270 enim
1693 1207 1816 1270 sub
1877 1207 2071 1272 tinem
2118 1207 2342 1273 eadem
2396 1209 2706 1274 vocabula
2753 1211 3103 1280 identidem
3159 1225 3529 1282 occurrunt.
3590 1221 3708 1281 Ac-

439 1324 617 1390 cedit
666 1323 873 1405 quod“
909 1321 1198 1386 Asceliui
1234 1323 1425 1388 verba
1473 1341 1552 1388 ex
1592 1324 1706 1388 illo
1745 1324 1911 1390 libro
1945 1327 2220 1391 Joannis
2260 1329 2433 1392 Scoti
2465 1329 2666 1410 petita
2694 1329 2850 1395 bace
2891 1354 2907 1393 :
2960 1334 3158 1414 specie
3204 1344 3512 1416 geruntur
3560 1339 3706 1410 ista,

433 1469 561 1512 non
592 1443 873 1522 caritate,
907 1449 972 1512 in
1017 1448 1130 1512 illo
1164 1447 1493 1510 Batramni
1532 1448 1698 1512 libro
1739 1447 1818 1512 ad
1857 1449 2125 1514 verbum
2154 1448 2477 1528 leguntur.
2519 1451 2682 1514 Sane
2740 1452 2952 1532 potuit
2982 1453 3158 1527 ﬁeri;
3184 1463 3250 1518 ut
3279 1455 3412 1518 duo
3443 1457 3705 1539 scripto-

438 1594 568 1652 res,
603 1578 776 1640 inter
826 1592 993 1657 quos
1039 1592 1266 1657 magna
1317 1579 1746 1642 intercederet
1781 1578 2190 1659 ingeniorum
2245 1579 2632 1656 similitudo,
2675 1581 2805 1643 illis
2852 1581 3228 1662 praesertim
3284 1580 3713 1660 temporibus,

443 1702 634 1765 etiam
670 1701 739 1765 in
788 1700 1008 1764 eadem
1057 1698 1365 1764 vocabula
1417 1705 1478 1764 et
1531 1699 1850 1779 integrum
1911 1681 2317 1764 enuntiatum
2351 1717 2502 1764 casu
2535 1700 3229 1777 inciderentfortuito;
3267 1712 3334 1768 at
3379 1722 3606 1784 reapse
3649 1705 3712 1765 id

436 1821 673 1888 factum
707 1839 850 1886 esse
884 1822 954 1884 in
985 1820 1113 1896 his,
1146 1819 1226 1885 de
1259 1821 1509 1902 quibus
1530 1820 1810 1900 agimus,
1841 1821 2060 1883 verbis
2109 1827 2234 1883 tam
2288 1819 2586 1885 absimile
2619 1829 2717 1884 est
2766 1822 2926 1898 veri,
2961 1832 3030 1887 ut
3079 1825 3390 1908 ampliore
3443 1829 3714 1891 demon-

443 1944 756 2008 stratione
785 1939 1348 2024 supersedeamus.
1376 1940 1601 2022 Neque
1629 1939 1915 2021 profecto
1949 1939 2072 2006 ista
2105 1940 2297 2006 verba
2330 1942 2582 2006 veritati
2614 1943 2700 2006 ita
2732 1954 3122 2025 congruunt,
3161 1955 3256 2023 ut,
3283 1930 3454 2029 quod
3480 1967 3715 2031 Oppre-

439 2065 582 2130 brio
615 2064 778 2129 verti
808 2063 1087 2146 potuerit
1121 2062 1444 2146 scriptori,
1486 2062 1647 2126 nihil
1681 2065 2088 2130 contineant.
2911 2141 2919 2148 _

518 2188 746 2271 Itaque
777 2166 886 2250 vix
913 2184 1187 2250 dubium
1233 2203 1377 2251 esse
1413 2187 1688 2276 videtur,
1718 2185 2411 2266 Berengarium‘usum
2448 2204 2589 2251 esse
2643 2187 2808 2252 libro
2841 2190 3174 2256 Itatramni-
3222 2195 3302 2258 de
3339 2213 3605 2278 corpore
3650 2206 3718 2262 et

437 2311 751 2394 sanguine
785 2309 1065 2384 Domini,
1099 2328 1382 2391 eumque
1412 2311 1742 2374 Ratramni
1773 2310 2011 2378 librum
2054 2311 2120 2373 in
2162 2310 2430 2389 synodis
2459 2311 2854 2386 damnatum,
2889 2315 3314 2391 conscissam,
3347 2336 3716 2386 concrema~

439 2439 576 2494 tum
609 2449 775 2496 esse.
817 2431 1141 2495 Ratramni
1171 2435 1384 2494 autem
1423 2429 1604 2494 illum
1642 2429 1884 2494 librum
1911 2449 2052 2494 esse
2103 2439 2414 2496 testantur
2445 2432 2723 2509 codices,
2755 2451 2789 2497 e
2815 2434 3054 2516 quibus
3113 2437 3320 2499 evolvi
3353 2437 3502 2500 olim
3541 2439 3715 2501 Lob-

439 2551 764 2629 biensem,
813 2569 985 2616 nunc
1019 2552 1281 2616 Domini
1315 2553 1718 2632 Vergauwen
1751 2553 2213 2627 Gandavensis,
2246 2554 2452 2617 seculi
2489 2557 2572 2630 Χ,
2613 2571 2807 2636 quem
2863 2556 3204 2639 deScripsit
3239 2562 3546 2628 Maliillon
3579 2568 3712 2628 ΛΑ.

443 2679 550 2746 SS.
608 2679 749 2745 0rd.
796 2680 1004 2745 sancti
1056 2678 1296 2744 Bened.
1353 2679 1537 2742 Tom.
1595 2678 1713 2750 Vl,
1768 2677 1968 2757 praei.
2001 2679 2128 2741 Nro
2158 2678 2260 2741 83.
2305 2680 2440 2742 129.
2492 2682 2642 2754 130,‘
2685 2681 3298 2763 Heidelbergensem
3329 2687 3388 2749 8.
3433 2689 3579 2751 XX.
3616 2707 3718 2752 se-

443 2803 578 2868 culi
603 2806 720 2881 XI,
749 2806 864 2888 qui
899 2806 1057 2871 olim
1095 2807 1405 2887 pertinuit
1457 2805 1535 2871 ad
1571 2801 1889 2870 abbatiam
1924 2805 2148 2880 Solem,
2191 2823 2224 2868 a
2260 2804 2635 2869 Mabillonio
2684 2805 3011 2872 laudatum
3065 2809 3128 2870 izi
3166 2811 3496 2877 itinerario
3543 2817 3718 2876 Ana-

441 2924 600 2989 lecta
625 2927 838 2995 Puris.
886 2931 1045 2994 1733
1084 2930 1201 2999 fol.
1254 2953 1314 3014 p.
1351 2934 1448 3000 14.
1487 2934 1584 3006 17,
1638 2941 1700 2997 et
1753 2933 1919 2997 duos
1969 2932 2225 2996 codices
2249 2932 2720 3020 Gottyvicenses
2751 2943 2816 2995 n°
2844 2936 2924 2998 58
2952 2944 3006 2997 et
3041 2933 3180 3000 3l'2.
3215 2939 3340 3014 Qui
3385 2941 3458 3003 ad
3511 2959 3714 3004 unum

443 3063 668 3112 omnes
705 3051 1050 3118 Batramno
1081 3053 1314 3118 librum
1345 3055 1730 3128 inscribunt,
1760 3054 2144 3120 Lobbiensis
2180 3055 2444 3136 quidem
2474 3055 2584 3120 ille
2615 3056 2716 3120 bis
2755 3058 2968 3158 verbis
3001 3082 3019 3128 ;

1038 3210 1330 3276 INCIPIT
1375 3214 1608 3277 LIBER
1651 3205 2009 3278 RATR'XNI
2055 3215 2161 3276 DE
2202 3213 2408 3278 conp
2451 3217 2554 3278 ΕΤ
2597 3205 2824 3280 δΑΝίῑ
2849 3205 3010 3280 om.

524 3350 604 3407 At
633 3345 743 3428 qui
772 3344 1010 3412 factum
1044 3356 1164 3427 est,
1199 3351 1483 3436 inquies,
1519 3361 1586 3420 ut
1619 3356 1684 3419 in
1716 3357 1831 3420 illo
1863 3357 2210 3420 certamine
2243 3358 2717 3438 Berengariauo
2751 3377 2942 3426 nemo
2982 3365 3287 3439 extiterit,
3325 3368 3436 3450 qui
3475 3369 3714 3432 librum

443 3466 517 3529 ad
560 3487 777 3534 verum
818 3471 1024 3554 ipsius
1051 3485 1379 3544 auctorem
1403 3483 1818 3547 Ratramnum
1852 3483 2312 3561 referretiQui
2347 3481 2581 3570 factum
2609 3495 2729 3563 est,
2771 3494 2840 3550 ut
2869 3487 3103 3568 synodi
3140 3507 3355 3552 verum
3387 3499 3710 3556 auctorem

445 3610 573 3657 non
614 3595 1157 3678 deprehenderint
1174 3610 1206 3668 τ

521 3719 776 3794 Qllibus
815 3725 1304 3804 quaestionibus
1345 3750 1613 3799 occurro
1643 3735 2134 3817 quaestiunibus
2170 3727 2371 3812 hisce,
2401 3755 2567 3820 quae
2599 3757 2725 3804 non
2762 3740 2977 3805 minus
3016 3751 3164 3822 apte
3213 3744 3394 3808 ﬁunt.
3433 3746 3494 3808 Si
3545 3746 3710 3808 libro

439 3842 708 3908 Joannis
741 3847 907 3912 Scoti
942 3853 1243 3916 utebatur
1280 3854 1728 3934 Berengarius,
1763 3855 1878 3936 qui
1907 3856 2146 3921 factum
2179 3866 2298 3931 est,
2338 3867 2405 3922 ut
2439 3860 2535 3922 vel
2573 3860 2710 3940 ipse
2747 3837 3092 3928 vel'scliola
3133 3865 3333 3945 ipsius
3372 3885 3702 3949 nunquam

439 3961 518 4026 ad
553 3965 941 4045 persimilem
957 3970 1558 4050 Ratramnilibrum,
1583 3977 1784 4040 errori
1813 3995 1932 4042 suo
1963 3980 2397 4063 niaximOpere
2426 3982 2774 4059 faventem,
2806 3989 3245 4066 provocaverit
3269 3993 3294 4049 ?
3315 3989 3437 4064 Qui
3470 3991 3704 4053 factum

441 4091 564 4156 est,
610 4095 680 4148 ut
715 4089 980 4150 omnino
1014 4090 1082 4153 iu
1121 4097 1242 4154 tota
1281 4091 1400 4154 ista
1451 4096 1891 4158 controversia
1943 4097 2094 4160 libri
2139 4067 2802 4164 ltatramnianimulla
2856 4077 3130 4184 usquam
3189 4107 3434 4168 mentio
3485 4109 3704 4169 ﬁeret?

442 4202 683 4282 Synodi
729 4206 992 4287 quidem
1042 4210 1124 4273 de
1173 4209 1340 4274 libro
1383 4213 1797 4294 judicarunt,
1831 4234 1960 4281 non
1999 4218 2078 4282 de
2106 4230 2390 4282 auctore.
2423 4219 2751 4283 Ratramni
2781 4231 2996 4284 autem
3037 4223 3200 4286 liber
3234 4230 3360 4286 tam
3408 4226 3702 4288 intricuto

442 4340 516 4390 ac
546 4311 860 4404 singulari
888 4327 1143 4392 dicendi
1176 4347 1412 4410 genere
1446 4337 1672 4410 utitur,
1714 4344 1781 4401 ut
1820 4339 1938 4401 viri
1967 4341 2138 4404 docti
2173 4359 2322 4404 eum
2355 4341 2589 4404 Joanui
2628 4342 2816 4403 Scoto
2843 4342 3042 4404 tribui
3071 4341 3261 4404 facile
3295 4346 3696 4423 paterentur.

439 4439 662 4520 Neque
693 4448 904 4506 tamen
939 4464 1225 4529 unquam
1255 4454 1425 4533 apud
1458 4465 1703 4521 veteres
1724 4459 1852 4524 duo
1874 4459 2018 4522 libri
2053 4460 2132 4526 de
2159 4462 2262 4523 SS.
2297 4461 2722 4538 Eucharistia,
2751 4461 3020 4525 Joannis
3052 4462 3216 4521 Scoti
3251 4460 3310 4520 et
3347 4447 3702 4532 Retramui,

443 4560 524 4624 ab
561 4579 692 4626 uno
723 4565 1084 4649 eodemque
1107 4573 1425 4653 scriptore
1458 4577 1827 4643 laudantur.
2639 4585 2646 4592 ’

517 4704 657 4767 .lam
681 4725 832 4815 vero
861 4710 916 4772 si
938 4721 1120 4815 recte
1151 4714 1502 4795 dubitatur,
1529 4723 1847 4786 Joannem
1873 4725 2136 4788 Scotum
2169 4723 2558 4803 peculiarem
2586 4722 2822 4786 librum
2850 4719 2930 4784 de
2962 4719 3070 4782 SS.
3099 4717 3501 4781 Eucharistia
3535 4723 3705 4780 srri—

427 4829 677 4914 psiSSc;
737 4837 997 4902 ubinam
1053 4841 1193 4920 ipse
1227 4859 1470 4903 errores
1496 4859 1650 4906 suos
1686 4851 1878 4925 atque
1910 4845 2178 4926 ἰηφείαε
2208 4843 2289 4907 de
2335 4832 2745 4908 sanctissimo
2776 4841 3064 4923 corporis
3097 4848 3159 4903 ct
3189 4838 3522 4916 sanguinis
3578 4840 3703 4900 Do-

434 4952 597 5016 mini
660 4949 1058 5020 sacramento
1114 4960 1406 5040 sparsit?

515 5079 758 5157 Sparsit
787 5080 855 5141 in
885 5085 1345 5147 commentario
1377 5086 1442 5146 in
1475 5085 1537 5147 S.
1571 5085 1989 5164 Evangelium
2028 5085 2384 5148 secundum
2421 5080 2760 5154 .l'oauucm,
2791 5082 2902 5160 qui
2940 5083 3144 5162 caiiite
3181 5083 3288 5154 Vl,
3325 5083 3423 5156 11,
3459 5082 3564 5143 ubi
3619 5081 3706 5143 do

431 5199 540 5264 SS.
574 5202 974 5268 Eueharistia
1000 5205 1178 5286 loqui
1209 5213 1528 5284 coeperat,
1567 5205 1634 5268 in
1669 5207 1888 5269 codice
1925 5207 2185 5268 desiuit.
2221 5207 2485 5286 Sparsit,
2523 5203 2775 5285 Opinor,
2813 5203 2880 5265 in
2917 5202 3450 5282 Expositionibus
3499 5203 3702 5265 terar-

429 5317 615 5384 chiae
647 5321 1115 5394 ecclesiasticae
1146 5325 1730 5408 Pseudo-Dionysit
1777 5329 2225 5405 AreOpagitae,
2277 5328 2341 5386 in
2393 5325 2632 5406 quibus
2670 5323 2792 5404 ipsi
2831 5323 3096 5386 uberius
3132 5322 3212 5384 de
3241 5323 3349 5384 SS.
3384 5321 3695 5383 Euchari-

433 5442 601 5507 stiae
636 5452 1036 5508 sacramento
1067 5450 1199 5507 erat
1224 5444 1706 5524 disputandum.
1741 5445 2235 5525 Expositionum
2271 5445 2441 5506 enim
2473 5443 2827 5509 lerarcbiac
2865 5441 3156 5504 caelestis
3194 5460 3226 5502 a
3279 5441 3466 5504 nobis
3497 5440 3700 5504 edita-

427 5581 576 5630 rutn
613 5565 820 5644 capite
849 5566 1059 5646 primo
1089 5581 1290 5647 quum
1342 5565 1406 5623 in
1451 5563 1906 5624 Paschasianos
1957 5563 2268 5641 impetum
2320 5563 2602 5634 fecisset,
2645 5564 2749 5624 vix
2801 5564 3068 5654 dubium
3102 5572 3223 5636 est,
3284 5566 3446 5646 quin
3481 5573 3702 5642 postea

429 5683 514 5751 ad
546 5685 841 5767 Dionysii
877 5688 957 5754 de
991 5690 1093 5754 SS.
1125 5690 1520 5754 Eucharistia
1553 5687 1905 5751 doctrinam
1942 5689 2274 5764 accedens,
2311 5691 2756 5768 repiosissim.»
2783 5709 2958 5752 suam
2997 5691 3388 5754 sententiam
3422 5706 3702 5770 aperue-
