4224 6078
543 249 684 303 ἰκιν
1764 287 1772 296 .
1967 235 2399 295 PROOEMIUM.

549 351 782 419 haecce
807 374 822 414 :
848 341 1071 414 Frater
1091 351 1402 413 Joimnnis
1419 349 1623 435 Scotti
1643 346 1968 424 Aideimus
1992 348 2142 431 fecit
2181 347 2363 415 istam
2385 347 2689 430 paginam
2707 349 2737 426 .l
2777 392 2844 447 ..'.
2876 347 3122 434 litorum
3155 359 3285 432 tene
3302 368 3466 412 anno
3488 350 3747 418 Domini
3772 351 3792 395 '

549 481 1036 550 DCCC“XCVI':
1065 484 1342 564 sequenti
1359 501 1524 544 anno
1545 481 1826 545 tenebrae
1857 483 1869 561 Ι
1902 480 2036 544 XII
2062 479 2391 544 literarum
2408 481 2482 544 ab
2504 479 2597 544 ll.
2622 480 2698 545 F.
2722 479 2796 542 Ζ.
2831 483 2846 556 l
2881 481 3216 556 etaicdein
3249 486 3259 563 |
3295 502 3434 564 cepa
3470 485 3480 562 ι
3516 484 3742 576 incipit
3774 487 3788 563 l

550 614 748 678 salt...
788 617 798 694 Ι
837 614 945 678 ubi
971 613 1169 677 ΧΙΙΙι
1207 614 1218 694 ι
1255 611 1415 675 linea
1449 615 1461 694 |
1495 612 1698 693 accip.
1737 611 1751 689 ι
1786 629 1940 676 ..ur.
1979 612 1990 690 Ι
2024 609 2846 686 CodicemlaudatCousin,
2869 579 3184 696 outrage:
3217 612 3442 676 incidit:
3467 614 3819 690 d_’Abe’lard,

549 745 846 826 append.,
880 765 942 828 p.
971 747 1114 810 622.
1864 783 1866 789 ·
2075 815 2081 821 .
2953 770 2956 773 ’
3565 720 3568 722 Ὺ

634 879 664 954 §
692 876 911 951 21._Nu
921 894 1034 958 per
1056 877 1128 938 D'
1147 877 1212 938 J.
1236 875 1312 938 Β.
1340 875 1534 943 Weiss
1558 875 1626 938 in
1649 875 1814 939 libio
1835 897 1850 937 :
1869 874 2225 938 Geschichte
2241 873 2493 958 Alfred:
2518 873 2622 938 de:
2649 873 2919 938 Grossen
2936 875 3376 962 Schaﬂ'hauacn
3401 872 3576 943 1852.
3600 885 3822 942 auctor

557 1007 915 1073 sententiae
938 1007 1086 1083 fuit,
1108 1010 1421 1073 Joannem
1449 1010 1707 1106 Scotum
1755 1010 1834 1074 ab
1877 1007 2138 1073 Alfi-edo
2183 1027 2336 1090 rege
2395 1017 2690 1098 vocatum
2717 1029 2758 1074 e
2787 1009 2991 1084 Gallia
3021 1011 3087 1074 in
3121 1009 3416 1090 Angliam
3451 1011 3728 1084 venisse,
3759 1017 3825 1075 et

551 1158 612 1202 δ.
649 1139 758 1200 891
803 1139 1242 1204 Malmesburii
1282 1147 1604 1203 mortuum
1635 1158 1802 1204 esse.
1839 1141 2078 1210 Nititur
2113 1143 2589 1222 argumentatio
2647 1142 2790 1234 ejus
2821 1142 3076 1226 duobus
3110 1142 3454 1218 chronicis,
3506 1121 3824 1204 Petribur-

449 1293 482 1370 .'
555 1272 738 1356 gcnsi
763 1271 1066 1350 'Angliae,
1116 1271 1384 1335 Thuauo
1413 1271 1740 1335 Franciae.
1783 1271 1948 1336 Illud
1989 1273 2132 1336 edd.
2165 1273 2401 1354 Ioseph
2429 1251 2688 1355 Sparlte,
2724 1275 3050 1338 Historiae
3077 1273 3461 1354 Anglicanae
3485 1275 3834 1353 scriptore:

562 1409 726 1472 varii
755 1429 783 1470 e
813 1407 995 1471 codd.
1029 1428 1172 1472 mss.
1203 1428 1368 1470 nunc
1394 1410 1671 1489 primum
1707 1410 1860 1472 editi
1890 1411 2070 1484 1723,
2121 1417 2180 1474 et
2233 1410 2406 1474 (iites
2455 1410 2758 1475 Londinii
2798 1413 2974 1477 18'45.
3009 1412 3124 1476 Ubi
3163 1412 3240 1477 ad
3273 1429 3330 1475 δ.
3367 1412 3482 1473 891
3529 1407 3683 1474 haec
3717 1425 3827 1471 ex-

561 1545 732 1604 stant
758 1561 772 1601 :
801 1538 1148 1604 Normanni
1171 1539 1552 1607 Wormaciae
1580 1541 1939 1620 episcopum
1963 1537 2282 1604 accidunt.
2304 1539 2578 1604 Joannes
2595 1541 2822 1604 Scelus
2843 1541 3174 1604 monachus
3193 1539 3625 1613 Matmesburii
3644 1539 3828 1610 obiit.

558 1678 992 1757 confossus,ut
1021 1673 1282 1747 dicitur,
1305 1675 1590 1754 graphiis
1616 1693 1982 1754 puerorum,
2005 1692 2272 1754 quorum
2291 1677 2592 1755 magister
2609 1683 2763 1738 erat.
2793 1676 3154 1740 Chronicon
3175 1674 3608 1740 bibliothecae
3624 1671 3829 1760 Thuae

563 1827 682 1873 nae
711 1809 830 1888 {Du
869 1804 1122 1868 Cliesne
1153 1802 1434 1882 Scriptt.,
1459 1804 1641 1866 Tum.
1682 1805 1792 1876 Ill,
1826 1821 1886 1884 p.
1917 1803 2058 1865 359.
2091 1805 2228 1866 Bon

2158 1809 2391 1886 )uquet
2411 1803 2701 1886 _Scriptt.,
2732 1807 2922 1888 Tum.
2945 1807 3085 1881 VII,
3107 1825 3169 1888 p.
3193 1809 3332 1889 233)
3358 1809 3513 1872 haec
3545 1806 3826 1890 profert:

559 1939 810 2017 Rogata
843 1932 1090 2015 Elfredi
1116 1935 1388 1995 Joannes
1406 1933 1633 1996 Scotus
1669 1932 1858 1996 rediit
1915 1953 1956 1995 α
2008 1933 2308 2005 Francia,
2344 1935 2452 2000 ubi
2507 1945 2638 1998 erat
2697 1956 2834 1999 cum
2879 1937 3114 2001 Carolo
3154 1939 3372 2007 Echo.
3418 1941 3540 2005 Sed
3598 1939 3830 2006 borum

561 2067 1010 2154 chronicor_um
1067 2081 1235 2146 quae
1277 2065 1372 2127 sit
1417 2064 1762 2127 auctoritas
1790 2109 1807 2136 ,
1853 2065 2354 2143 expendendum
2391 2080 2548 2130 erat.
2603 2067 2969 2132 Chronicon
3003 2063 3372 2134 Tltuanum
3407 2073 3476 2136 in
3524 2072 3648 2138 hoc.
3688 2073 3845 2137 loco-

560 2200 882 2264 Guilelmo
914 2196 1717 2268 Malmesbnriensioinniti,
1743 2193 1890 2277 quis
1915 2213 2042 2259 non
2073 2196 2469 2278 suspicetur!
2500 2195 2801 2263 Chronici
2831 2207 3044 2264 autem
3071 2202 3585 2284 Petriburgensis
3615 2205 3840 2270 locum

561 2349 647 2394 ex
684 2329 911 2394 eodem
949 2326 1127 2390 fonte
1163 2327 1452 2401 ﬂuxisse,
1482 2323 1614 2406 jam
1649 2325 1867 2389 fabula
1903 2327 1982 2389 de
2012 2327 2300 2409 graphiis
2339 2347 2716 2409 puerorum,
2752 2331 3062 2394 verbiswt
3087 2332 3326 2394 dicitur
3363 2333 3622 2406 additis,
3655 2333 3832 2396 haud

562 2466 836 2526 obscure
863 2462 1198 2532 indicatur.
1223 2461 1520 2544 Denique
1553 2479 1684 2544 quo
1707 2479 1857 2542 Jure
1886 2463 1996 2525 ille
2026 2465 2422 2528 contendere
2449 2465 2678 2546 possit,
2719 2481 2931 2528 locum
2961 2467 3226 2528 Assneri
3259 2465 3338 2528 de
3367 2465 3612 2541 Joanne
3638 2461 3832 2524 Eatd-

557 2615 799 2658 aaxone
823 2586 1306 2676 supposititium
1331 2611 1499 2670 esse,
1535 2610 1696 2657 sane
1713 2610 1845 2656 non
1873 2610 2209 2676 assequar.
2239 2595 2392 2656 Nam
2428 2593 2662 2673 posito,
2699 2602 2769 2656 ut
2799 2593 2982 2657 locus
3012 2593 3303 2667 Assueri,
3327 2592 3442 2672 qui
3473 2591 3699 2670 incipit
3731 2616 3761 2648 ει
3791 2611 3830 2652 a

557 2727 830 2808 quodam
867 2736 1192 2806 tempore»
1222 2769 1238 2801 ,
1273 2726 1608 2804 genuinus
1653 2743 1787 2790 non
1830 2726 1940 2799 sit,
1988 2733 2205 2790 tamen
2241 2726 2382 2806 ejus
2419 2726 2770 2791 narrationi
2804 2727 2885 2790 de
2912 2727 3155 2788 Joanne
3188 2723 3592 2788 Ealdsaxone
3617 2725 3834 2806 primo

558 2855 984 2938 Aethelingioe
1017 2860 1254 2934 abbate,
1291 2878 1457 2942 quae
1494 2859 1683 2938 paulo
1710 2864 1860 2924 ante
1898 2859 2244 2942 praecedit,
2281 2858 2439 2924 fides
2477 2875 2606 2922 non
2643 2864 2736 2922 est
2772 2857 3156 2935 abroganda.
3207 2820 3492 2920 Joannes
3538 2871 3693 2918 vero
3748 2855 3836 2917 ab

558 2987 822 3052 Aliredo
860 3005 1007 3068 rege
1047 3003 1170 3050 una
1202 2961 1348 3048 cum
1385 2949 1754 3047 Grimbaldo
1785 2985 1852 3046 in
1883 2981 2180 3063 Angliam
2215 2993 2498 3060 vocatus,
2548 2983 2710 3065 quin
2751 2986 2831 3052 sit
2867 2983 3042 3046 idem
3083 2984 3189 3046 hic
3227 2981 3540 3046 Ealdsaxo
3597 2980 3835 3044 Aethe-

569 3120 802 3202 lingiae
831 3121 1051 3198 abbas,
1089 3122 1196 3186 vix
1226 3120 1652 3184 dubitandum
1689 3118 1832 3182 erit.
1867 3119 2166 3184 Fortasse
2196 3119 2706 3184 scrutationibus
2734 3117 3044 3184 accuratis
3079 3117 3147 3180 in
3197 3115 3426 3196 Anglia
3475 3115 3833 3194 continget,

563 3257 638 3314 ut
669 3249 1082 3312 inveniantur
1114 3265 1281 3312 nova
1314 3252 1662 3318 momenta,
1687 3245 1926 3326 quibus
1957 3247 2113 3312 haec
2143 3246 2440 3330 quaestio
2468 3246 2551 3312 de
2583 3245 2852 3313 Joannis
2883 3246 3052 3312 Scoti
3083 3228 3147 3309 in
3179 3245 3475 3326 Angliam
3511 3247 3722 3311 reditu
3749 3246 3830 3312 ad

559 3375 882 3456 liquidum
919 3373 1328 3454 perducatur.

645 3494 805 3568 ΗΞ.
838 3491 1109 3555 Joannis
1143 3489 1313 3554 Scoti
1357 3490 1534 3566 libri,
1565 3493 1678 3580 qui
1717 3498 2091 3577 supersum,
2129 3511 2260 3575 quo
2307 3493 2538 3558 ordine
2570 3492 2792 3574 scripti
2847 3493 2980 3557 sint
3035 3501 3100 3556 et
3134 3493 3200 3556 in
3249 3491 3462 3557 lucem
3495 3491 3678 3568 editi,
3719 3491 3830 3556 vix

568 3600 774 3704 potest
802 3622 1080 3717 deﬁniri.
1113 3627 1250 3690 Hoc
1287 3625 1498 3690 solum
1529 3631 1799 3701 constat,
1839 3649 1871 3685 α
1894 3627 2351 3707 Expositiones
2381 3625 2738 3692 lerarchiae
2767 3625 3062 3690 caelestis
3089 3651 3118 3684 »
3165 3633 3310 3708 post
3341 3599 3712 3688 libros-ide
3739 3594 3837 3687 di:-

563 3755 818 3818 visione
845 3757 1163 3819 Naturae»
1201 3757 1593 3838 compositos
1625 3775 1790 3835 esse,
1821 3760 1897 3822 ad
1927 3776 2092 3840 quos
2121 3759 2497 3840 respiciunt.
2536 3759 2761 3822 Libros
2794 3784 2822 3816 ‹‹
2849 3759 2929 3822 de
2951 3759 3044 3848 dit
3069 3758 3274 3822 isione
3297 3758 3626 3821 Naturae»
3656 3755 3830 3822 Wat-

561 3885 711 3965 [udo
748 3887 1077 3951 dedicatos
1111 3877 1278 3964 esse,
1308 3907 1344 3952 e
1379 3890 1503 3956 {ine
1533 3907 1754 3955 eorum
1784 3889 1861 3955 ad
1897 3892 2083 3956 ﬁdem
2121 3885 2362 3956 codicis
2400 3892 2462 3973 S.
2502 3866 2807 3954 Germani
2836 3909 2870 3953 a
2905 3890 3092 3955 nobis
3122 3891 3454 3973 recognito
3475 3891 3826 3982 colligitur.

573 4020 912 4084 Wulfadus
944 4021 1252 4085 ecclesiae
1270 4021 1608 4086 Remensis
1634 4039 2029 4087 oeconomus
2053 4022 2347 4087 interfuit
2369 4009 2643 4087 concilio
2673 4021 3097 4086 Carisiacensi
3124 4031 3344 4087 contra
3372 4013 3824 4092 Gotcscalcum

569 4139 785 4203 habito
820 4159 854 4202 a
877 4141 1020 4204 8&9.
1053 4141 1149 4202 Ab
1177 4141 1440 4204 Ebbone
1471 4141 1806 4205 ordinatus
1835 4145 1901 4205 in
1943 4141 2220 4206 concilio
2243 4143 2695 4207 Suessionensi
2722 4161 2780 4208 a.
2803 4145 2929 4208 858.
2943 4145 3144 4224 gradu
3174 4145 3480 4224 privatur.
3522 4149 3771 4214 Deinde
3793 4173 3831 4216 a

565 4260 794 4324 Carolo
821 4259 1014 4323 Calvo
1048 4260 1416 4335 arcessitus,
1450 4260 1524 4331 in
1557 4261 1700 4325 aula
1755 4264 1924 4342 regia
1942 4261 2511 4339 Carolomannum,
2538 4265 2706 4345 regis
2735 4266 2967 4340 ﬁlium,
2999 4265 3305 4328 instituit.
3335 4266 3446 4330 Ubi
3474 4269 3823 4334 amicitiam

565 4399 711 4442 cum
755 4383 1002 4444 Joanne
1056 4380 1241 4442 Scuto
1277 4379 1505 4444 iniisse
1544 4381 1816 4444 videtur.
1870 4379 2173 4446 Nicolaus
2230 4384 2294 4445 P.
2329 4383 2380 4446 Ι.
2417 4400 2475 4446 a.
2505 4383 2626 4447 865
2671 4382 2942 4448 clericos
2979 4385 3056 4448 ab
3087 4385 3354 4449 Ebbone
3383 4385 3716 4451 ordinatos
3759 4389 3826 4453 in

569 4509 874 4588 pristinos
904 4507 1136 4588 gradus
1167 4506 1474 4572 restituit.
1506 4505 1704 4568 Paulo
1739 4511 1878 4584 post
1909 4503 2248 4567 Wult’adus
2281 4504 2678 4569 CaroliCalw
2699 4505 2916 4568 favore
2939 4507 3560 4589 archiepiscopatum
3598 4511 3830 4576 Bituri-

566 4648 834 4694 iensem.
858 4629 1129 4712 adeptus
1163 4635 1280 4693 est.
1316 4627 1493 4690 Obiit
1521 4644 1578 4689 a.
1609 4627 1752 4689 876.
1785 4625 1880 4686 De
1914 4643 2045 4704 quo
2086 4624 2229 4688 vide
2261 4625 2592 4688 Mabitlun.
2623 4626 2858 4689 Annal.
2894 4628 3077 4721 Tom.
3118 4627 3206 4689 ΙΙΙ
3238 4637 3299 4694 et
3319 4629 3476 4692 Hist.
3518 4631 3832 4697 lntci‘aire

568 4752 654 4814 de
686 4751 746 4813 la
775 4751 1036 4825 France,
1074 4751 1258 4812 Tom.
1312 4751 1392 4823 γ,
1434 4770 1496 4828 p.
1545 4750 1688 4810 It‘i'i.
1721 4748 2030 4827 Tempus,
2079 4765 2213 4828 quo
2259 4747 2526 4812 Joannis
2575 4749 2747 4813 Scoti
2787 4771 2814 4806 ιι
2845 4731 3140 4814 liberdé
3185 4750 3830 4817 Praedestinatione»

567 4878 962 4960 θοιιηιοεῖιαε
993 4879 1104 4953 sit,
1141 4876 1326 4940 facile
1365 4875 1714 4956 colligitur.
1754 4874 1996 4939 Pariter
2027 4892 2285 4938 carmen
2331 4877 2357 4936 ι
2404 4875 2568 4950 infra
2610 4873 3000 4956 impressum
3037 4875 3274 4939 bellum
3331 4875 3500 4938 inter
3527 4875 3834 4940 Carolum

563 4999 830 5066 Calvum
863 5007 924 5064 et
955 4997 1353 5063 Ludovicum
1405 4999 1786 5063 Germaniae
1825 5015 2040 5076 regem
2092 4997 2437 5060 conﬂatum
2491 4999 2778 5077 respicit.
2827 4997 3047 5061 Cetera
3091 4993 3354 5059 Joannis
3387 4993 3556 5057 Scoti
3594 4997 3837 5078 scripta

563 5095 1234 5204 qnaudolcomposita
1289 5115 1444 5190 sint,
1497 5133 1626 5178 non
1684 5131 2079 5197 compertum
2138 5115 2433 5180 habetur.

647 5247 964 5326 Catalogis
1001 5251 1286 5308 veterum
1337 5241 1416 5304 de
1453 5239 1638 5303 libris
1677 5239 1945 5302 Joannis
1979 5238 2142 5304 Scoti
2175 5239 2558 5320 scriptorum
2589 5241 2646 5302 si
2671 5240 2828 5303 ﬁdes
2869 5239 3160 5304 habenda
3199 5247 3319 5314 est,
3360 5210 3639 5320 plurima
3689 5240 3834 5320 ejus

443 5369 448 5374 ’
567 5359 802 5452 scripta
831 5369 1303 5444 desiderantur,
1325 5343 1808 5448 aut'deperdita,
1831 5375 1938 5428 aut
1973 5367 2035 5428 in
2078 5365 2491 5430 bibliothecis
2523 5366 2990 5430 delitescentia.
3024 5366 3118 5427 Ex
3148 5365 3452 5444 catalogis
3474 5366 3672 5446 igitur
3695 5363 3833 5438 eus,

565 5493 682 5576 qui
707 5493 878 5555 inter
903 5489 1266 5555 testimonia
1291 5491 1571 5552 Thomae
1594 5488 1746 5550 Gate
1776 5486 1941 5550 intra
1967 5485 2276 5570 impressa
2297 5505 2427 5550 non
2455 5493 2891 5561 recensentur,
2913 5488 3030 5549 hoc
3061 5486 3200 5548 loco
3229 5483 3593 5546 adscribere
3628 5479 3809 5543 lubet

648 5612 1025 5676 Vincentius
1056 5589 1523 5676 Bellovacen'sis
1553 5609 1625 5684 (ἱ
1677 5607 1850 5688 126ὶ>
1886 5607 1948 5670 in
1980 5605 2242 5688 Speculo
2274 5604 2597 5668 histor-icti
2629 5605 2736 5667 lib.
2776 5607 2953 5667 XXV
2983 5621 3118 5684 cap.
3163 5604 3264 5679 h2,
3301 5595 3652 5665 hoc'tituln
3693 5623 3707 5658 ε
3745 5601 3836 5664 De

564 5747 826 5829 imperia
865 5747 1083 5812 Caroli
1119 5750 1384 5812 Calvi-et
1415 5747 1671 5828 scriptis
1699 5743 1966 5806 Joannis
1995 5741 2178 5815 Scoti,
2208 5737 2461 5802 tradidit
2495 5736 2720 5800 liaecce
2765 5759 2776 5797 :
2811 5737 2942 5797 Hoc
2969 5743 3238 5818 tempore
3279 5732 3510 5795 claruit
3549 5735 3824 5794 Joannes
