4224 6078
1855 301 2283 368 PROOEMIUM.
2375 370 2380 375 ν
3574 305 3698 366 ἐἰν

417 439 669 517 Scotus,
714 443 816 506 air
849 443 1234 525 perspicacis
1285 444 1522 522 ingenti
1563 452 1620 505 et
1663 442 1930 506 mellitas
1977 444 2329 510 facundiae.
2365 443 2506 539 .Qui
2559 439 2796 504 dudum
2847 439 3370 522 concrepantibus
3427 438 3704 524 undique

243 615 252 622 -
325 659 332 664 ,
419 569 724 634 bellorum
770 572 1138 655 fragoribus
1185 575 1252 636 in
1299 574 1634 637 Franciam
1671 572 1754 636 ad
1789 573 2086 637 Carolum
2124 573 2382 637 Calvum
2421 571 2782 636 transierat.
2818 574 3015 654 Cujus
3049 582 3284 653 rogatu
3319 570 3706 636 Ierarchiam

418 701 716 781 Dionysii
751 689 1168 802 Ar'ettpagitae
1208 701 1280 765 de
1333 702 1573 770 Graeco
1629 705 1697 766 in
1754 703 2048 767 Latinum
2101 703 2357 768 verbum
2401 723 2431 765 e
2483 703 2666 766 uerbo
2707 675 3063 765 transtulit.
3115 699 3480 785 Composuit
3520 677 3718 764 etiam.

423 828 678 904 iibrum,
714 831 884 912 quod
903 807 1047 912 peri
1077 833 1265 914 ﬁsion
1292 837 1607 911 merismu,
1643 834 1713 896 id
1742 844 1829 897 est
1865 881 1882 910 ,
1917 835 1990 898 de
2020 835 2300 900 Naturae
2336 833 2644 899 divisione
2678 828 2984 908 titulauit,
3017 841 3286 914 propter
3317 830 3706 916 quaestiones

422 953 745 1020 solvendas“
774 957 933 1030 bene
965 965 1202 1039 utilem,
1239 969 1297 1029 si
1325 973 1527 1030 tamen
1559 967 1616 1032 ei
1651 969 1718 1030 in
1751 967 2070 1048 aliquibus
2105 969 2499 1050 ignoscatur,
2559 968 2628 1030 in
2673 966 2900 1048 quibus
2949 985 2988 1050 a
3031 964 3408 1027 Latinorum
3453 963 3708 1025 tramite

291 1108 307 1117 δ
423 1084 716 1167 deviavit,
771 1091 918 1156 dum
963 1097 1031 1159 in
1079 1099 1351 1164 Graecos
1399 1103 1634 1164 acriter
1677 1101 1892 1163 oculos
1965 1101 2256 1164 intendit.
2313 1101 2438 1163 Hic
2492 1097 2964 1162 succedentibus
3039 1096 3223 1173 annis
3280 1089 3708 1169 munificentia

423 1217 674 1302 Alfredi
719 1223 980 1288 allectus
1011 1231 1178 1312 venit
1210 1231 1278 1292 in
1310 1231 1626 1312 Angliam,
1665 1238 1719 1292 et
1749 1231 1923 1312 apud
1953 1210 2965 1318 monasteriumMalmesberiense
2996 1251 3036 1292 a
3054 1227 3300 1310 pueris,
3337 1243 3494 1319 quos
3529 1222 3708 1286 doce-

423 1351 554 1431 bat,
579 1355 892 1438 graphiis,
922 1368 992 1422 ut
1018 1359 1252 1440 fertur,
1280 1364 1672 1444 per/oratus,
1705 1342 1761 1425 et
1788 1371 2032 1443 martyr
2075 1362 2434 1424 aestimatus
2471 1367 2584 1426 est.
2620 1360 2835 1443 Hujus
2874 1358 3262 1441 epitaphium
3293 1357 3410 1420 hoc
3440 1356 3566 1442 fuit
3606 1377 3629 1420 :

1137 1513 1423 1571 Clauditur
1447 1513 1504 1572 in
1538 1513 1751 1572 tumulo
1800 1524 2022 1573 sanctus
2053 1514 2294 1584 scobista
2323 1513 2592 1584 Joannes,

1138 1585 1240 1660 Qui
1275 1585 1483 1660 ditatus
1521 1597 1640 1660 erat
1666 1584 1792 1660 jam
1809 1587 1998 1660 vivens
2017 1586 2276 1660 dogmate
2306 1586 2481 1641 miro.

1133 1654 1390 1729 {lartyrio
1419 1658 1638 1729 tandem
1663 1654 1868 1729 Christi
1897 1654 2265 1729 conscendere
2297 1669 2520 1729 regnum

1137 1724 1255 1794 Quo
1275 1724 1500 1794 meruit,
1530 1727 1704 1794 sancti
1733 1737 1964 1800 regnant
1990 1742 2090 1798 per
2111 1725 2295 1783 secula
2322 1724 2522 1786 cuncti.

419 1865 645 1932 Scabri
690 1879 834 1930 sunt
867 1868 936 1930 hi
971 1888 1209 1946 versus,
1234 1858 1322 1933 ἐι·
1347 1870 1636 1934 moderni
1670 1873 1971 1952 temporis
2003 1871 2152 1936 lima
2181 1853 2480 1935 carentes:
2519 1872 2746 1936 Subdit
2784 1893 2800 1933 :
2846 1874 2972 1936 Hic
3006 1873 3278 1934 Joannes
3315 1873 3540 1939 Scotus
3564 1871 3712 1954 phi-

424 1995 745 2076 losophus,
777 2005 846 2058 ut
881 1996 1034 2059 dicit
1072 1999 1486 2086 Lanfrancus,
1533 2001 1598 2064 in
1633 2001 1754 2082 ﬁde
1803 2002 2102 2084 desipuit.
2139 2001 2307 2066 Unde
2355 2003 2513 2068 liber
2545 2003 2677 2084 ejus
2711 2001 3226 2083 deliucharistia
3273 2001 3469 2066 lectus
3517 1983 3602 2065 est
3651 2009 3713 2065 et

423 2121 750 2198 damnatus
779 2127 848 2189 in
875 2127 1114 2223 synodo
1167 2129 1553 2208 Ver-cellensi,
1605 2131 1908 2195 celebrata
1936 2133 2050 2195 sub
2087 2105 2496 2214 Papa‘Leone
2528 2131 2648 2207 IX,
2681 2131 2884 2194 eodem
2924 2150 3115 2206 anno,
3157 2149 3280 2213 quo
3317 2152 3380 2194 se
3415 2131 3714 2212 Lanfran-

393 2273 535 2316 cus
571 2257 646 2319 ab
684 2276 896 2322 errore
940 2258 1312 2340 Berengarii
1334 2263 1667 2344 purgavit.
1699 2263 1872 2326 Idem
1904 2263 2089 2326 etiam
2126 2265 2402 2326 Joannes
2431 2281 2621 2346 super
2665 2261 3051 2326 Ierarchiam
3085 2262 3381 2344 Dionysii
3412 2279 3713 2336 commen-

415 2377 604 2450 savit.
647 2388 1116 2474 Heliuandi'bxs
1154 2361 1330 2478 1223)
1362 2395 1717 2462 chronicon
1743 2397 1860 2462 lib.
1900 2397 2140 2474 XLVI,
2184 2415 2379 2480 quem
2415 2397 2802 2462 Vincentius
2824 2404 3153 2462 auctorem
3181 2397 3354 2469 citat,
3385 2369 3711 2474 inspicere

421 2535 558 2582 non
591 2521 796 2601 potui.
827 2523 1072 2599 Prodiit
1104 2525 1455 2591 Helinandi
1495 2527 1854 2595 clrouicon
1877 2544 2028 2592 cura
2074 2526 2392 2609 Bertr'and
2439 2527 2674 2622 Tissicr
2709 2527 3099 2592 Bibliotheca
3131 2536 3402 2591 veterum
3440 2525 3714 2610 scripto-

422 2667 566 2712 rum
591 2652 850 2720 Ordinis
882 2657 1334 2724 Cisterciensis.
1365 2663 1738 2728 Antoninus
1767 2663 2184 2730 Florentinus
2207 2661 2308 2744 (ait.
2329 2661 2508 2746 M59)
2539 2648 2616 2726 in
2635 2661 2940 2738 chronica
2971 2679 3116 2738 suo,
3147 2664 3288 2728 Sec.
3320 2663 3439 2736 1X,
3471 2679 3610 2742 cap.
3641 2661 3708 2731 2.

425 2783 528 2848 tit.
564 2785 734 2864 XVI,
774 2790 803 2866 ς
837 2787 901 2864 3,
936 2791 1357 2856 Vincentium
1381 2792 1462 2858 ad
1495 2795 1769 2858 verbum
1806 2793 2108 2859 reddidit.

512 2915 907 2982 Trithemius
959 2916 984 3010 (λ
1016 2927 1077 2990 ›Ι‹
1111 2919 1290 3002 1516)
1341 2921 1512 2986 inter
1553 2921 1722 2987 duos
1753 2898 2039 3020 Joannes
2065 2925 2312 2998 Scotos,
2341 2941 2376 2986 e
2399 2883 2644 3006 quibus
2671 2941 2840 2986 unus
2864 2922 3074 2987 Beda’e
3105 2922 3470 3004 discipulus
3501 2923 3701 2985 fuerit

409 3039 666 3108 diserte
703 3039 1071 3120 distinguit,
1097 3041 1454 3122 deceptus,
1508 3051 1577 3106 ut
1625 3039 1887 3123 opinor,
1933 3041 2080 3106 loco
2112 3041 2440 3106 Vincentii
2487 3042 2990 3118 Bellovacensis,
3032 3043 3149 3124 qui
3188 3041 3234 3106 l.
3266 3041 3310 3106 1.
3347 3042 3461 3106 lib.
3498 3044 3714 3137 XXIV
3761 3103 3764 3108 .

427 3171 646 3239 Omnia
693 3173 950 3238 miscuit
998 3173 1338 3239 scribens:
1375 3175 1784 3259 Fueruntque
1824 3175 2098 3270 Parisiis
2156 3176 2526 3259 fundatores
2561 3174 2752 3258 hujus
2806 3176 3022 3240 Studii
3059 3183 3362 3259 quattuor
3393 3177 3707 3251 monachi,
3786 3179 3792 3184 ⁷

426 3302 633 3368 Bedae
664 3301 995 3384 discipuli,
1025 3303 1266 3368 scilicet
1302 3305 1599 3374 Rabanus
1629 3315 1688 3368 et
1719 3305 2054 3382 Alcuinus,
2088 3303 2397 3370 Claudius
2433 3315 2492 3368 et
2523 3305 2794 3368 Ioannes
2833 3307 3083 3368 Scotus.
3114 3306 3294 3381 Quae
3326 3308 3514 3374 verba
3543 3325 3718 3390 quo-

431 3435 890 3518 modocunque
937 3423 1286 3519 intelligis,
1336 3437 1595 3503 veritati
1645 3454 1776 3502 non
1829 3437 2250 3504 conveniunt.
2303 3438 2699 3521 Tritbemius
2747 3438 2948 3518 igitur
2995 3439 3060 3501 in
3115 3439 3415 3506 libro'de
3460 3445 3714 3526 Script‘t.

430 3564 678 3632 Becles.
718 3567 821 3630 ed.
852 3567 1258 3648 Frar‘tcol‘urt.
1283 3571 1464 3666 1901,
1489 3588 1554 3652 p.
1577 3570 1721 3647 252,
1763 3570 1919 3636 haec
1949 3569 2180 3635 refert:
2223 3571 2498 3631 Joannes
2515 3569 2744 3632 Scotus
2777 3569 3113 3632 monachus
3147 3569 3392 3662 ordinis
3424 3573 3492 3636 S.
3529 3575 3722 3638 Bene-

429 3697 613 3772 dicti,
635 3698 836 3762 Bedae
861 3699 1151 3762 monachi
1185 3707 1238 3762 et
1271 3700 1553 3776 doctoris
1579 3699 1916 3762 clarissimi
1949 3693 2264 3781 quondam
2291 3696 2553 3764 auditor
2583 3705 2768 3778 atque
2799 3669 3180 3776 discipulus,
3205 3679 3442 3777 collega
3475 3699 3716 3776 Albini,

430 3828 675 3892 veniens
705 3847 844 3890 cum
878 3847 946 3891 eo
981 3828 1054 3892 de
1082 3830 1418 3892 Britannia
1451 3831 1518 3893 in
1553 3828 1848 3904 Galliam,
1871 3829 2044 3911 apud
2071 3827 2372 3892 Carolum
2410 3829 2860 3908 Imperatorem
2897 3826 3197 3907 Magnum
3234 3829 3300 3889 in
3331 3828 3536 3907 pretio
3565 3827 3717 3910 fuit.

432 3954 560 4036 Qui
604 3973 744 4020 cum
775 3962 926 4018 esset
961 3955 1064 4018 uir
1096 3956 1162 4018 in
1201 3954 1486 4046 omnibus
1517 3957 1862 4037 scripturis
1899 3955 2327 4030 doctissimus,
2369 3953 2567 4032 edidit
2611 3953 2786 4016 claro
2837 3971 3116 4015 sermone
3149 3939 3514 4014 clarissima
3564 3935 3724 4035 opu-

431 4085 630 4162 scula,
663 4087 738 4148 de
779 4085 1007 4168 quibus
1051 4085 1176 4148 ista
1207 4088 1546 4168 feruntur:
1574 4085 1654 4149 In
1685 4085 2098 4168 Evangelium
2138 4082 2446 4148 Matthaei
2491 4085 2774 4179 lib.‘III.
2817 4087 2905 4148 De
2935 4087 3166 4168 ofﬁciis
3195 4085 3482 4148 humanis
3517 4085 3626 4148 lib.
3658 4087 3719 4148 Ι.
3803 4161 3816 4171 η

431 4219 521 4281 De
546 4215 854 4281 divisione
879 4215 1162 4298 Naturae
1193 4214 1303 4279 lib.
1337 4215 1397 4279 I.
1422 4215 1569 4278 Alia
1614 4235 1858 4298 quoque
1888 4215 2088 4277 multa
2119 4215 2496 4295 composuit,
2537 4234 2694 4296 quae
2731 4215 2814 4276 ad
2835 4199 3129 4278 notitiam
3164 4234 3355 4277 meam
3391 4234 3520 4278 non
3554 4235 3726 4277 vene-

431 4354 610 4410 runt.
644 4346 894 4412 Claruit
922 4352 1036 4415 sub
1068 4351 1454 4434 temporibus
1476 4351 1698 4416 Caroli
1715 4353 1940 4435 Magni
1965 4330 2382 4434 Imperatoris
2407 4371 2572 4416 anno
2598 4352 2854 4416 Domini
2881 4352 3024 4416 800.
3055 4351 3301 4416 Deinde
3335 4350 3493 4414 ibid.
3517 4357 3580 4434 ρ.
3603 4353 3724 4416 ἓὸἂε

432 4474 594 4542 haec
622 4478 798 4544 addit
836 4501 852 4542 :
887 4483 1186 4558 Joannes,
1241 4479 1451 4545 dictus
1491 4482 1791 4564 Erigena,
1858 4459 2220 4558 monachus,
2264 4483 2334 4544 in
2361 4481 2599 4546 divinis
2634 4481 2994 4562 Scripturis
3038 4479 3284 4556 doctus,
3325 4491 3380 4544 et
3421 4484 3488 4546 in
3525 4482 3726 4545 disci-

425 4604 617 4688 plina
642 4611 1018 4676 secularium
1044 4612 1530 4695 disciplinarum
1556 4614 2045 4690 eruditissimus,
2085 4594 2308 4696 graeco
2338 4623 2392 4676 et
2444 4613 2647 4676 lati-no
2679 4611 2762 4674 ad
2787 4611 3038 4694 plenum
3069 4611 3418 4674 instructus
3448 4611 3721 4694 eloquio,

435 4738 688 4817 ingenio
715 4715 997 4819 subtilis,
1034 4761 1312 4805 sermone
1345 4747 1754 4826 compositus,
1779 4746 2041 4828 jubente
2073 4746 2330 4820 Carolo,
2379 4745 2514 4827 ﬁlio
2553 4742 2903 4818 Ludowiéi,
2937 4745 3138 4824 fratre
3182 4741 3478 4806 Lotharii
3506 4741 3724 4820 Impe-

433 4869 704 4945 ratoris,
741 4872 1071 4970 transtulit
1109 4852 1508 4940 in'Latinum
1541 4901 1558 4942 :
1586 4879 1976 4942 Ierarchiam
2005 4888 2061 4942 et
2093 4865 2294 4952 libros
2322 4879 2617 4958 Dionysii
2671 4877 2781 4942 lib.
2827 4877 2938 4940 ιγ.
2970 4873 3244 4954 Scripsit
3281 4891 3469 4953 super
3504 4871 3727 4933 eisdem

441 4998 560 5066 lib.
591 5003 699 5066 IV.
725 5003 807 5067 Et
829 5004 1127 5088 quaedam
1153 5008 1304 5071 alia.
1327 4994 1580 5074 Claruit
1599 5011 1714 5074 sub
1734 5012 2040 5074 Lothario
2062 5013 2453 5092 Imperatore
2472 5028 2638 5072 anno
2658 5008 2913 5072 Domini
2931 5009 3071 5070 850.
3103 5003 3344 5067 Pariter
3371 5002 3435 5063 iu
3463 5001 3624 5063 libro
3647 5003 3728 5064 dc

436 5114 598 5194 viris
624 5132 988 5212 illustribus
1015 5137 1264 5202 ordinis
1281 5139 1344 5203 S.
1371 5141 1702 5206 Benedicti
1727 5141 1840 5205 lib.
1879 5143 1939 5204 ll
1967 5159 2106 5224 cap.
2135 5141 2214 5204 27
2251 5142 2376 5207 hoc
2403 5141 2594 5205 titulo
2623 5161 2639 5202 :
2671 5142 2758 5202 De
2785 5141 3028 5202 Joanne
3047 5125 3238 5203 Scoto
3284 5136 3443 5200 haec
3501 5135 3724 5198 tradit:

439 5261 714 5328 Joannes
745 5265 972 5330 Scotus
1005 5269 1366 5344 monachus,
1405 5272 1472 5334 in
1507 5270 1740 5352 Anglia
1783 5271 2046 5333 auditor
2081 5269 2453 5332 venerabilis
2497 5266 2692 5331 Bedae
2736 5266 3114 5350 presbyteri,
3149 5269 3360 5330 socius
3401 5253 3730 5347 et'collega

439 5391 682 5458 dbmini
717 5395 977 5461 Alcuini
1016 5401 1154 5482 jam
1202 5400 1381 5474 dicti,
1431 5402 1534 5463 vir
1584 5404 1654 5464 in
1707 5401 1944 5483 diuinis
1989 5403 2349 5482 Scripturis
2399 5379 2822 5473 doctissimus,
2884 5408 2935 5460 ct
2983 5399 3049 5459 in
3089 5397 3476 5461 secutoribus
3526 5398 3730 5460 literis

347 5581 364 5594 .
435 5529 761 5610 magniﬁce
788 5531 1162 5608 instructus,
1201 5543 1461 5615 scripsit
1499 5555 1626 5598 non
1655 5535 2130 5598 contemnendae
2159 5512 2447 5598 lectionis
2485 5535 2814 5616 opuscula,
2858 5534 2930 5594 de
2961 5533 3188 5612 quibus
3225 5530 3307 5593 ad
3343 5549 3531 5592 meam
3561 5532 3702 5591 noti

433 5659 600 5720 tiam
630 5679 840 5739 pauca
855 5665 1274 5740 pervenerunt
1309 5687 1330 5728 :
1364 5665 1443 5727 In
1477 5665 1888 5746 Ecangelium
1924 5667 2152 5730 Matth.
2190 5666 2300 5728 lib.
2337 5666 2444 5727 11⁷.
2481 5667 2567 5726 De
2602 5667 2831 5746 ofﬁciis
2873 5667 3160 5726 Immanis
3193 5665 3300 5727 lib.
3333 5665 3369 5725 I
3398 5687 3418 5726 :
3447 5671 3500 5724 et
3533 5660 3732 5723 multa

435 5787 598 5854 alia.
653 5789 902 5854 Claruit
951 5810 1112 5852 anno
1150 5791 1406 5854 Domi-ni
1449 5793 1570 5857 780
1611 5792 1722 5856 sub
1776 5793 2028 5858 Carolo.
2067 5794 2319 5868 Quibus
2372 5793 2413 5854 l.
2458 5792 2500 5856 l.
2542 5792 2654 5856 lib.
2697 5770 2978 5872 Illicap.
3016 5792 3138 5854 212
3173 5790 3294 5854 hoc
3342 5788 3556 5853 indice
3595 5783 3732 5848 :De
