4224 6078
402 187 590 231 ,ιιγιιι
1510 188 1515 193 -
1840 155 2247 215 PROOEMIUM

3325 228 3346 257 J

414 276 634 371 latinis
667 300 1103 381 Augustinum
1135 306 1196 362 et
1221 298 1630 362 Ambrosium
1664 296 1727 356 in
1759 298 2202 357 defensionem
2230 296 2366 372 plac
2396 291 2608 353 ternm
2641 305 2911 352 suorum
2942 287 3148 348 atl'ert.
3193 280 3695 345 Nec‘defuerunt

419 423 701 503 theologi
729 421 1055 501 aequales,
1078 421 1188 501 qui
1219 439 1374 484 sana
1405 420 1510 482 SS.
1542 422 1794 481 Patrum
1826 419 2115 481 doctrina
2149 417 2403 487 imbuti,
2433 415 3177 496 pbilOSOphicam,quant
3209 404 3317 466 ille
3339 402 3691 482 jac-litabat,
3774 446 3781 454 .

418 542 486 604 in
523 540 1021 622 quaestionibus
1063 538 1439 619 tbeologtcis
1465 537 1796 602 solvendis
1830 537 2178 610 rationem,
2223 537 2427 610 indoli
2464 534 2799 599 literarum
2833 533 3340 614 tlteologicarum
3380 531 3520 611 ejus
3551 528 3692 592 aevi

420 656 692 727 omnino
726 665 1229 741 repugnantem,
1263 658 1517 721 fortiter
1551 664 1614 722 et
1651 675 1876 737 magna
1906 676 2051 721 cum
2088 656 2453 720 eruditione
2482 657 2958 738 impugnare-nt.
2998 657 3073 716 In
3111 669 3391 736 quorum
3426 668 3599 714 [illiut
3628 670 3697 712 ro

419 781 843 846 Prudentium
871 779 1310 843 Tricassinum
1341 788 1401 841 et
1434 778 1698 840 Florum
1742 775 2239 857 Lugdunensem
2270 776 2476 840 fuisse
2504 824 2523 854 ,
2569 795 2605 841 e
2654 778 3094 842 controversia
3134 780 3216 842 de
3254 777 3694 843 Praedestina-

424 906 603 970 tione
636 907 1038 981 compertum
1070 907 1192 965 est.
1223 900 1523 962 Ceterum
1557 899 1839 962 Joannes
1879 899 2109 961 Scotus
2143 898 2282 978 ipse
2312 915 2382 961 se
2414 896 2629 978 prodit
2661 900 2870 963 virum
2902 903 3202 964 sublimis
3234 902 3482 982 ingenii
3507 945 3527 969 ς
3576 900 3695 965 rari

424 1010 769 1100 acuminis,
790 1021 1167 1102 multiplicis
1197 1021 1548 1094 doctrinae,
1576 1022 1773 1101 mirae
1804 1019 1870 1082 in
1904 1019 2178 1084 dicendo
2210 1018 2561 1083 facilitatis.
2595 1020 2668 1082 In
2694 1019 3024 1084 veteribus
3053 1018 3266 1083 laudat
3294 1020 3699 1097 Ciceronem,

424 1146 795 1227 Virgilium,
817 1143 1180 1216 Horatium,
1211 1139 1513 1207 Plinium.
1544 1136 1906 1212 Boethium,
1937 1136 2122 1200 alios.
2154 1136 2518 1201 Dolendum
2549 1144 2669 1215 est,
2704 1140 2878 1221 quod
2907 1142 3107 1206 animi
3133 1142 3423 1219 dotibus,
3458 1144 3701 1225 quibus

428 1268 757 1342 excelluit,
793 1282 1017 1348 parum
1058 1263 1123 1326 in
1153 1262 1431 1326 fructum
1462 1258 1786 1357 Ecclesiae
1811 1273 1968 1322 usus
2004 1264 2127 1322 est.

514 1390 602 1452 De
631 1389 878 1452 Joanne
907 1387 1097 1449 Sceto
1126 1382 1394 1447 uberius
1416 1380 1746 1459 disputant
1775 1377 1987 1442 Oudin
2013 1379 2082 1442 in
2107 1380 2570 1443 commentarii:
2594 1380 2668 1471 de
2688 1381 3129 1463 Scriptor-ibus
3159 1384 3590 1449 ecclesiasticis
3625 1386 3701 1446 ν.
3803 1377 3814 1386 ’

437 1517 742 1596 Erigena,
779 1524 842 1578 et
875 1510 1166 1576 Histoire
1196 1502 1506 1568 litteraire
1536 1499 1609 1563 de
1640 1500 1703 1563 la
1737 1499 1978 1563 France
2040 1502 2215 1564 Tom.
2247 1502 2359 1565 Il'.
2398 1502 2463 1565 l'.
2496 1502 2672 1565 Libri
2724 1504 3058 1584 peculares
3094 1506 3176 1570 de
3218 1508 3466 1593 Joanne
3518 1483 3705 1569 Scuto

433 1638 504 1703 bi
556 1635 928 1702 nominandi
980 1638 1168 1696 sunt:
1219 1623 1415 1689 Peder
1448 1624 1669 1706 Hjort,
1747 1620 1956 1685 Johan
2003 1622 2225 1685 Scottis
2276 1622 2555 1705 Erigena
2599 1622 2748 1686 oder
2804 1643 2926 1686 oon
2983 1623 3119 1687 dem
3175 1625 3500 1706 Ursprung
3546 1626 3710 1687 einer

435 1758 834 1824 christlichen
877 1750 1284 1834 Philosophic
1316 1747 1446 1810 und
1504 1745 1697 1808 ihrcm
1753 1743 2023 1824 keiligen
2052 1745 2260 1827 Beruf
2297 1745 2702 1826 Copenhagen
2753 1747 2931 1811 1823.
2972 1749 3183 1810 Franz
3246 1754 3458 1811 Aulon
3506 1750 3707 1812 Stan-

438 1878 747 1941 denmaier
774 1877 1044 1939 Joannes
1062 1874 1288 1937 Scotus
1312 1856 1587 1948 Erigena
1623 1866 1753 1928 und
1777 1863 1877 1926 die
1908 1864 2348 1946 Wissensrhaft
2382 1864 2583 1929 seiner
2609 1866 2771 1930 Zcit.
2812 1868 3036 1933 Erster
3064 1873 3119 1934 Τ
3114 1873 3239 1936 Iteil
3274 1850 3616 1956 Franrfurt
3646 1878 3703 1934 α.

438 1995 532 2059 Μ.
562 1994 737 2073 1833c.
769 1994 864 2074 Μ.
894 1991 1272 2056 Saint-Rene'
1288 1987 1684 2052 Taillandier
1726 1985 1873 2048 Scot
1922 1986 2185 2068 Erige‘nc
2212 1996 2265 2048 et
2302 1988 2363 2049 In
2390 1988 2789 2070 philosophi:
2818 1981 3258 2076 srliolastique,
3280 1995 3664 2079 Strasbourg
3692 2057 3708 2075 ,

441 2118 651 2184 Paris.
684 2118 860 2185 1843.
878 2117 1019 2181 Nic.
1051 2114 1286 2180 Miiller
1314 2116 1587 2178 Joannes
1617 2115 1845 2178 Scottis
1870 2114 2147 2195 Erigena
2166 2114 2298 2177 und
2328 2114 2492 2177 scine
2524 2114 2878 2177 Irrtlu'imer
2906 2115 3124 2178 Mein:
3153 2115 3328 2178 18%.
3358 2115 3441 2176 De
3472 2117 3732 2176 Joanne.

441 2240 631 2303 Scoto
664 2237 942 2318 Erigcna
987 2238 1419 2301 commentatio
1454 2239 1709 2299 Bonnae
1739 2237 2160 2320 18%.Atque
2210 2237 2628 2315 novissimam
2668 2238 2833 2305 lianc
2880 2241 3488 2307 commentationem
3523 2239 3715 2302 latine

447 2360 746 2441 scriptam
780 2357 936 2421 huic
967 2357 1238 2423 editioni
1277 2337 1806 2439 praemittendam
1840 2358 2233 2423 curavimus.

532 2481 690 2559 με.
729 2481 1071 2562 Superest,
1109 2487 1181 2544 ut
1230 2497 1550 2555 moneam,
1582 2480 1864 2553 codices,
1914 2497 2082 2560 quos
2118 2479 2409 2556 adhibui,
2457 2481 2527 2544 in
2581 2479 2791 2545 fronte
2832 2482 3241 2563 singulorum
3275 2482 3590 2547 librorum
3625 2483 3719 2543 ins

425 2605 694 2667 .dicatos
736 2619 905 2666 esse.
936 2601 1467 2674 Abbreviaturae,
1496 2599 1734 2681 quibus
1773 2616 1929 2662 usus
1958 2600 2128 2673 sum,
2164 2598 2460 2680 vulgares
2492 2609 2666 2664 sunt.
2702 2603 2778 2665 In
2823 2602 2906 2665 iis
2950 2603 3161 2681 libris,
3219 2620 3385 2687 quos
3438 2604 3717 2686 primum

455 2728 654 2803 edidi,
690 2726 982 2791 codicum
1021 2742 1284 2790 manum
1320 2723 1625 2805 religiose
1655 2731 1940 2798 secutus,
1976 2724 2045 2786 in
2069 2723 2261 2786 variis
2284 2722 2674 2788 lectionibus
2697 2724 2887 2789 etiam
2921 2734 3151 2807 puncta
3188 2745 3378 2808 supra
3414 2732 3521 2790 aut
3558 2725 3721 2790 infra

451 2845 789 2927 adscripsi,
822 2863 988 2928 quae
1017 2851 1170 2908 sunt
1200 2843 1383 2923 signa
1413 2842 1668 2907 liturae.
1705 2844 1781 2905 ιιι
1816 2842 1933 2906 bac
1965 2859 2032 2905 re
2069 2842 2241 2905 enim
2284 2842 2489 2923 magis
2541 2843 2909 2923 religiosus,
2943 2863 3143 2926 quam
3186 2846 3524 2926 negligens
3575 2864 3722 2910 esse

454 2970 657 3034 volui.
695 2967 990 3049 Plagulas
1026 2967 1309 3036 sedecim
1349 2973 1598 3055 priores
1634 2974 1893 3037 Parisiis
1937 2973 2229 3049 correxi;
2273 2980 2514 3037 ceteras
2544 2972 2834 3034 Bonnam
2872 2971 3286 3050 transmissas
3335 2966 3534 3030 semel
3587 2974 3724 3057 tan-

457 3101 595 3155 tum
636 3089 964 3173 perlegere
997 3090 1224 3170 potui.-
1260 3092 1448 3169 Quod
1476 3094 1530 3157 si
1564 3093 1791 3167 menda
1841 3094 2231 3174 typothetica
2272 3093 2375 3159 hic
2411 3094 2545 3158 illic
2570 3100 2910 3160 occurrant
2973 3092 3040 3157 in
3080 3095 3204 3167 hoc
3236 3106 3432 3172 opere
3484 3090 3724 3155 laboris

461 3225 884 3278 etaerumuae
920 3210 1324 3294 plenissimo,
1356 3217 1671 3281 benevole
1703 3231 2009 3281 excusare
2041 3212 2224 3282 velis.
2306 3234 2309 3239 '

508 3408 519 3439 ί
1312 3403 1403 3457 Διά
1432 3407 1523 3462 τῆς
1550 3399 1741 3466 πόλεως
1758 3406 1865 3461 ’τῆς
1889 3401 2153 3478 eilargiar;

1312 3403 1403 3457 Διά
1432 3407 1523 3462 τῆς
1550 3399 1741 3466 πόλιωι
1758 3406 1865 3461 ’τῆς
1889 3401 2153 3478 (inihi-pia;
2184 3405 2273 3457 xxi.
2295 3409 2387 3457 τοῦ
2417 3398 2630 3475 χάονςνί

459 3555 646 3631 Quod
687 3555 799 3619 lib.
837 3556 928 3618 ιιι
957 3573 1095 3637 cap.
1130 3554 1211 3617 [ιο
1251 3532 1678 3620 dedivisione
1714 3556 2013 3629 Naturae,
2041 3555 2204 3619 infra
2235 3556 2357 3619 col.
2386 3557 2527 3631 7.10,
2567 3557 2978 3620 festinantius
3008 3559 3255 3640 conjcci
3300 3559 3521 3641 fulica,
3560 3577 3732 3624 nunc
3762 3560 3765 3561 ί

450 3691 735 3764 retracto
762 3706 778 3745 :
806 3676 1138 3747 retinenda
1159 3691 1254 3745 est
1283 3683 1471 3746 lectio
1495 3679 1760 3757 codicis,
1784 3702 1911 3746 una
1930 3683 2189 3750 litcrula
2231 3693 2494 3759 mutata,
2520 3684 2742 3765 latigo.
2772 3687 2863 3747 De
2885 3702 3016 3766 quo
3043 3686 3222 3767 pisce
3246 3688 3391 3750 vide
3421 3688 3725 3753 Plinium.

464 3811 763 3891 Denique
817 3810 998 3871 locus
1032 3828 1049 3870 :
1086 3832 1114 3865 α
1142 3808 1289 3871 Sive
1339 3807 1754 3895 quotidianos
1808 3814 2023 3870 aestus
2080 3807 2218 3869 sive
2251 3824 2568 3880 recessus,
2600 3808 2739 3870 sive
2768 3807 3040 3871 malinas
3075 3808 3213 3872 sive
3244 3808 3517 3874 ledones
3551 3830 3732 3893 pera—
3814 3874 3817 3875 ν
3988 3852 3993 3861 ρ

465 3945 567 4015 gat
608 3961 635 3994 ν
673 3937 784 3999 lib.
827 3938 904 3998 V.
936 3955 1075 4018 cap.
1109 3939 1147 3998 3
1176 3939 1256 4001 tle
1287 3938 1609 4002 divisione
1644 3940 1945 4009 Naturae,
1986 3938 2150 4001 infra
2185 3938 2305 4001 col.
2336 3939 2479 4011 87's,
2518 3939 2630 4001 ubi
2682 3939 2888 4002 labem
2938 3940 3332 4021 suspicabar,
3367 3957 3567 4003 sanus
3605 3951 3728 4016 est,

467 4070 607 4131 sive
638 4089 713 4134 ex
738 4070 861 4134 tide
884 4070 1178 4135 codicum
1200 4071 1661 4135 Parisiensium
1694 4070 1959 4145 ledoncs,
1991 4071 2127 4133 sive
2157 4089 2301 4133 cum
2338 4070 2621 4137 editione
2653 4070 2941 4151 principe
2972 4070 3251 4135 Galcana
3285 4071 3534 4135 lidunas
3567 4075 3728 4136 scri-
3830 4120 3835 4123 ι

472 4203 671 4264 bitur.
709 4204 863 4265 Nam
896 4218 1088 4265 voces
1118 4202 1353 4294 mulina
1385 4191 1447 4266 et
1480 4200 1642 4276 ledo,
1676 4201 1776 4265 vel
1808 4200 2051 4275 Iidmta,
2091 4201 2190 4263 vel
2222 4199 2469 4274 leduna,
2504 4201 2864 4280 significare
2903 4226 2929 4259 α
2963 4202 3216 4267 lunaria
3246 4203 3485 4267 Oceani
3523 4204 3736 4267 incre-

472 4342 687 4399 menta
724 4340 783 4395 et
817 4335 1222 4397 «Incrementa
1247 4357 1278 4391 ι
1312 4343 1609 4396 auctores
1632 4340 1782 4396 sunt
1813 4333 1912 4395 Du
1940 4333 2153 4410 Gange
2184 4332 2249 4394 in
2280 4330 2606 4395 Glossario
2639 4339 2700 4395 et
2734 4333 3014 4412 Scaliger
3042 4334 3120 4396 ad
3155 4312 3485 4396 Varronem
3513 4335 3585 4397 de
3613 4337 3735 4396 (in-

472 4482 597 4545 gua
627 4462 826 4525 latina
854 4464 967 4527 lib.
1002 4463 1110 4526 ιν.
1142 4463 1244 4527 ed.
1279 4462 1563 4545 Bipont.,
1605 4464 1677 4523 Τ.
1704 4463 1785 4537 ll,
1821 4481 1885 4542 ι).
1920 4464 2019 4525 5:2.
2055 4461 2148 4524 Cf.
2174 4462 2518 4527 Forcellini
2551 4463 2807 4526 lexicon
2859 4484 2914 4527 ν.
2949 4464 3168 4527 liduna
3194 4510 3208 4539 ,
3244 4466 3432 4529 Fabri
3474 4442 3739 4530 thesau-

477 4617 611 4664 rus.
644 4601 1051 4663 Postremum
1082 4597 1259 4678 quod
1295 4596 1605 4676 epistolae
1637 4594 1899 4658 Adriani
1935 4597 2133 4675 Papae
2177 4595 2258 4668 ll,
2293 4613 2664 4676 quanquam
2712 4614 2746 4659 a
2779 4605 2999 4660 nostro
3038 4595 3321 4667 consilio
3354 4595 3628 4668 alienae,
3660 4598 3738 4673 ad

476 4734 713 4798 calcem
742 4734 1029 4815 adjectae
1062 4739 1237 4806 sunt,
1264 4732 1335 4795 in
1367 4732 1482 4795 hac
1520 4750 1588 4794 re
1618 4731 2009 4810 redemptori
2044 4731 2288 4809 roganti
2320 4730 2642 4794 adversari
2676 4731 2882 4826 nolui.

562 4884 626 4943 lit
664 4880 818 4944 haec
865 4882 1152 4962 quidem,
1205 4883 1402 4967 lectOr
1433 4877 1766 4951 benevole,
1800 4893 1974 4957 quae
2010 4875 2288 4939 dicerem
2325 4874 2543 4939 habui.
2571 4877 2620 4938 E
2658 4876 2899 4956 quibus
2928 4876 2985 4938 si
3040 4876 3197 4959 quid
3239 4876 3350 4939 tibi
3402 4872 3737 4958 probabile

484 5010 780 5081 videtur,

1152 5164 1297 5221 Dede
1320 5176 1530 5230 manus,
1560 5175 1653 5219 aut
1678 5165 1721 5218 si
1754 5163 1945 5219 falsum
1972 5176 2074 5232 cst,
2106 5173 2389 5242 accingere
2422 5172 2635 5221 contra.

645 5369 901 5430 Bonnae
937 5364 1047 5437 XI,
1083 5362 1213 5426 Cal.
1245 5360 1538 5425 Octobris
1571 5360 1943 5427 MDCCCLH
