4194 6194
442 231 527 327 ιτ
1346 334 1347 338 η
1417 331 1424 338 ι
1502 239 1591 297 DE
1629 238 1895 299 JOANNE
1934 240 2162 305 SCOTO
2193 243 2717 308 COMMENTATIO.
3682 254 3756 313 ιε

461 350 586 405 aliis
611 348 743 407 locis
759 348 834 424 (α)
859 344 1247 410 nibildubitat.
1271 351 1634 423 Quodautem
1657 355 1745 411 his
1767 355 1900 427 ipsis
1919 356 2056 413 locis

2165 375 2391 417 numero
2430 360 2555 417 XIV
2595 381 2612 420 :
2655 364 2710 419 in
2755 365 3032 437 prooemio
3077 365 3199 424 libri
3242 368 3310 425 de
3358 368 3752 440 praedestinat.
3787 441 3791 443 λ

461 442 651 523 adjicit
671 463 689 496 ι
725 454 780 499 ιιι
801 459 867 501 ex
893 447 1113 517 scriptis
1142 447 1286 519 regis
1314 443 1563 521 (Alfredi)
1591 446 1854 514 intellexi,
1875 446 2057 517 (Joan-

463 537 587 602 nes)
635 536 880 598 sublimis
931 536 1346 605 Malmesburiae
1401 539 1602 596 resedit
1639 558 1696 604 ι,
1743 540 1880 594 haec
1934 555 2060 611 pro-

461 621 629 688 fecto,
654 625 825 680 rebus
845 626 1087 698 alioquin
1120 628 1216 697 ita,
1249 638 1307 682 ιιι
1357 628 1687 699 explicatum
1715 637 1820 695 est,
1868 644 1928 685 se
1956 630 2055 684 Ita—

462 715 736 782 bentibus,
767 733 955 786 parum
988 733 1085 771 nos
1123 729 1376 783 movent.
1397 719 1491 774 Est.
1525 720 1669 774 enim
1701 717 1958 784 fortasse,
2000 727 2059 773 ιιι

462 823 527 863 ex
574 802 717 880 regis
741 809 959 879 scriptis
1006 810 1336 867 intellexerit
1369 810 1693 866 (resedisse
1734 809 2058 871 Malmesbu-

465 899 581 955 riae
602 897 866 955 Joannem
899 922 944 967 ι,
970 901 1038 957 de
1064 918 1165 957 suo
1192 886 1386 981 autem
1404 901 1695 968 addiderit,
1725 903 1915 960 eadem
1945 903 2058 959 fere

461 1009 585 1047 eum
634 992 845 1065 Ingulfo
882 997 1112 1061 ratione,
1161 998 1185 1047 ι’
1230 994 1397 1051 fuisse
1435 996 1580 1053 hunc
1617 996 1879 1053 Joannem
1926 996 2060 1053 Sco-

456 1099 577 1145 .tutn
606 1090 891 1160 Erigonam
930 1112 975 1145 ι.
1000 1090 1276 1159 Ejusmodi
1302 1106 1520 1147 errores
1549 1090 1653 1146 illis
1681 1090 2052 1162 scriptoribus,

461 1198 530 1239 ex
557 1198 789 1254 quorum
819 1198 1047 1240 numero
1090 1194 1175 1240 est
1201 1184 1524 1250 Guilelmus,
1558 1178 1875 1254 saepissime
1899 1181 2057 1238 oll‘usi

463 1285 611 1329 sunt.
638 1276 815 1347 Atque
845 1275 1142 1332 faciliorem
1187 1277 1355 1333 etiam
1390 1277 1544 1333 baec-
1563 1287 1683 1332 tota
1707 1292 1797 1332 res
1821 1276 2058 1348 explica-

460 1355 577 1424 ium
605 1369 789 1434 habet,
814 1370 858 1425 si
887 1356 1149 1426 Ioannem
1176 1370 1348 1435 illum,
1378 1379 1439 1426 ut
1472 1378 1740 1437 nostrum,
1767 1368 2055 1427 Scotorum

462 1462 640 1531 gentis
668 1461 836 1519 fuisse
881 1461 1195 1519 fecerimus.
1249 1462 1466 1520 Scimus
1511 1471 1717 1528 autem,
1762 1464 2056 1540 maximam

461 1568 526 1611 ea
581 1563 760 1610 aetate
816 1556 1104 1611 doctorum
1158 1554 1437 1610 homimtm
1492 1544 1917 1627 multitudinem,
1964 1554 2055 1626 qui

463 1647 752 1705 Scotorum
785 1651 963 1722 gentis
992 1649 1511 1721 essent,praecipne
1543 1665 1613 1705 ex
1642 1648 1900 1704 Hibernia
1929 1640 2056 1721 pro-

2163 452 2458 522 habeturI;
2482 456 2764 525 prooemio
2791 457 3254 529 interpretationis
3273 460 3756 535 Pseudo-Dionysii

2161 547 2372 618 adjecta
2396 561 2541 606 sunt
2580 550 2654 618 II;
2703 549 2941 623 Congius
2983 553 3035 609 in
3074 554 3409 625 praefatione
3436 555 3507 612 ad
3548 554 3755 613 babbei

2161 639 2483 712 glossarium
2515 643 2683 697 edidit
2708 642 2763 709 I;
2796 642 3149 699 Sehlaeterus
3178 661 3243 702 ex
3267 647 3545 702 codicibus
3561 645 3754 719 Angeli

2161 730 2311 795 Maii,
2335 740 2395 788 ut
2420 733 2572 800 dicit,
2603 751 2742 789 nova
2771 735 2990 804 protulit
3014 737 3060 793 Χ
3085 738 3159 809 (f)
3178 738 3227 793 *.
3254 722 3640 794 Brevissiutum
3662 738 3752 803 IV,

2162 824 2539 895 longissimum
2565 829 2633 882 ad
2658 828 2851 883 LXXX
2878 845 3064 907 versus
3097 831 3276 887 habet.
3307 832 3469 888 Missa
3496 832 3608 891 fere
3630 841 3758 889 sunt

2162 915 2359 973 Carolo
2392 918 2576 974 Calvo.
2606 920 2858 974 Omnium
2884 919 3054 976 ferme
3084 934 3400 994 argumenta
3423 939 3490 979 ex
3516 920 3757 994 philoso-

2159 1009 2399 1079 phorum;
2435 1011 2919 1082 theologorumque
2958 1013 3164 1070 chartis
3204 1016 3523 1087 deprompta
3565 1025 3692 1071 sunt
3732 1030 3754 1077 .:_

2161 1103 2376 1177 canitur
2402 1120 2421 1153 ι
2449 1102 2703 1159 Christus
2729 1102 3027 1160 crucifixus
3057 1124 3106 1171 ι,
3139 1124 3158 1158 ι
3187 1121 3324 1162 crux
3360 1126 3407 1172 ι,
3444 1124 3464 1158 ι
3491 1106 3691 1178 pascha
3732 1124 3753 1159 ι

2161 1202 2325 1266 atque
2359 1194 2576 1250 similia.
2618 1195 2850 1255 Errores
2883 1198 3166 1262 continent
3199 1199 3397 1254 multos
3431 1197 3760 1271 eosdemque

2160 1288 2553 1356 propemodum
2589 1304 2712 1344 cum
2755 1288 2913 1345 libris
2946 1289 3013 1344 de
3042 1276 3307 1347 divisione
3338 1289 3576 1347 Naturae
3613 1300 3667 1347 et
3692 1290 3761 1348 de

2159 1380 2677 1451 praedestinatione.
2732 1381 3026 1438 Auctorem
3087 1382 3192 1441 sibi
3248 1382 3419 1439 fuisse
3467 1366 3800 1439 ostendunt-

2161 1469 2333 1526 multo
2377 1472 2552 1543 magis
2589 1471 2884 1538 eruditum,
2927 1486 3090 1542 quam
3132 1473 3342 1545 poetica
3374 1473 3639 1532 facultate
3673 1474 3763 1528 in-

2164 1564 2392 1636 signem.
2443 1563 2655 1620 IIabcut
2686 1565 2908 1643 omnino
2950 1566 3216 1637 permulta
3256 1568 3336 1621 sic
3373 1566 3558 1636 putida
3597 1572 3764 1637 atque

2163 1658 2379 1728 arguta,
2417 1652 2475 1711 ut
2518 1656 2830 1726 diligentem
2867 1656 3127 1734 lectorem
3177 1672 3282 1712 non
3334 1655 3612 1714 oﬂ'endere
3651 1673 3761 1733 non

460 1742 656 1812 factos,
682 1743 733 1797 in
758 1742 971 1813 Anglia,
1000 1742 1169 1815 Gallia
1202 1741 1508 1812 rixisse(b).
1527 1741 1643 1798 Huc
1664 1732 2055 1811 accedit,quod
2162 1755 2386 1821 queant.
2422 1741 2699 1813 Attamen,
2729 1764 2869 1818 quae
2899 1732 3113 1823 illorum
3152 1758 3453 1819 temporum
3481 1758 3568 1804 est
3597 1732 3790 1815 ratio,

460 1835 637 1901 majus
665 1836 830 1891 etiam
860 1847 965 1902 est,
1013 1845 1072 1891 ut
1116 1835 1340 1892 annales
1378 1834 1642 1891 llidcnses
1681 1834 1900 1890 disertis
1932 1849 2057 1889 ver-

457 1926 546 1983 bis
576 1919 961 2002 testentur(c),
992 1928 1173 1993 fuisse
1199 1928 1341 1984 inter
1381 1943 1499 1993 eos,
1546 1927 1638 1997 qui
1672 1929 1787 1984 sub
1833 1926 2054 1983 Alfredo

458 2034 589 2090 rege
618 2019 813 2076 Oxonii
838 2022 1177 2090 juventutent
1212 2020 1663 2076 instituisseutin
1688 2019 1899 2075 artibus
1919 2018 2077 2090 apti--

343 2161 351 2168 .
458 2108 587 2173 mis,
614 2121 832 2180 praeter
850 2111 1000 2168 illum
1021 2109 1286 2169 Joannem
1310 2112 1702 2169 Ealdsaxonem
1730 2111 1833 2184 (ά),
1859 2112 1925 2168 de
1946 2128 2057 2183 quo

401 2266 409 2273 ⁸
459 2203 623 2271 supra
651 2202 751 2257 fuit
787 2205 1014 2268 mentio,
1039 2205 1204 2260 etiam
1227 2203 1514 2270 Joannem,
1566 2204 1833 2261 ecclesiae
1882 2206 2057 2261 Mene-

457 2292 651 2353 rensis’
682 2297 1029 2352 monacbmn.
1075 2296 1329 2353 Potuitne
1356 2313 1487 2370 ergo
1522 2298 1662 2363 fieri,
1693 2308 1753 2353 ut
1801 2296 2058 2353 Alfredus

456 2385 605 2443 hunc
627 2387 827 2457 ipsum,
848 2387 1181 2459 aliquamdiu
1205 2404 1435 2460 munere
1458 2388 1552 2444 illo
1577 2387 1842 2453 functum,
1867 2403 2058 2459 quem-

454 2477 750 2539 admodum
795 2477 1061 2535 Joanncm
1112 2479 1512 2538 Ealdsaxonem
1559 2479 2058 2551 Aethelingiensem

459 2569 713 2625 abbatem
736 2570 1038 2636 constituit,
1071 2570 1146 2625 ita
1162 2571 1214 2626 in
1238 2569 1718 2626 Malmesburiense
1737 2570 2059 2627 coenobium

380 2646 393 2653 ’
460 2661 743 2717 mitteret?
765 2661 1016 2717 Potuitne
1050 2662 1188 2728 lieri,
1219 2672 1281 2717 ut
1327 2663 1417 2718 hic
1443 2662 1576 2732 ipse,
1622 2676 1802 2732 quum
1845 2662 2061 2718 dicatur

394 2759 418 2779 ‘
459 2753 763 2811 monachus
800 2751 1079 2810 Ecclesiae
1117 2752 1480 2819 Menevensis,
1535 2754 1699 2810 etiam
1753 2752 1949 2810 Seotus
1977 2753 2061 2809 vel

461 2851 630 2908 esset,
655 2842 743 2899 vel
773 2842 1175 2915 appellaretur?
1203 2843 1363 2900 Certe
1390 2846 1534 2900 enim
1563 2846 1931 2913 meminimus,
1958 2847 2061 2903 do-

460 2946 588 2991 cere
609 2949 710 2991 nos
736 2936 903 3006 supra
930 2934 1082 3008 (Cap.
1116 2935 1180 3001 Il,
1201 2935 1306 2991 col.
1327 2935 1394 2990 ιε
1409 2945 1520 2992 ιιοι.
1537 2938 1569 2990 It
1584 2944 1640 2992 et
1659 2936 1790 3008 Cap.
1822 2937 1885 3010 I),
1907 2938 2064 2993 habi-

392 3032 397 3041 ’
461 3032 609 3082 tasse
629 3025 818 3097 procul
838 3026 1003 3082 dubio
1029 3028 1082 3082 in
1117 3027 1205 3082 illa
1237 3028 1350 3100 ipsa
1377 3027 1599 3105 regione
1628 3028 1938 3086 Menevensi
1963 3031 2062 3087 ho-

2160 1856 2371 1899 summa
2394 1840 2640 1914 profecto
2666 1840 2826 1898 laude
2848 1841 3006 1914 digna
3031 1850 3175 1897 sunt.
3201 1839 3763 1911 Walafridusquidem

2161 1934 2361 1993 Strabo
2383 1950 2484 1993 nec
2510 1933 2814 2000 facilitatis,
2843 1950 2943 1990 nec
2978 1934 3279 2006 elegantiae
3304 1933 3538 2006 palmam
3560 1932 3764 1989 Nostro

2159 2032 2475 2103 praeripere
2510 2030 2702 2102 potuit.
2745 2030 3067 2105 Libellum:
3120 2030 3188 2085 de
3223 2030 3433 2085 visione
3458 2020 3554 2085 Dei
3601 2050 3620 2080 ι
3649 2026 3766 2082 Ma-

2159 2126 2415 2183 billonius
2455 2123 2814 2195 deprehendit
2847 2123 2900 2178 in
2929 2139 3032 2178 ms.
3069 2123 3256 2178 codice
3281 2118 3764 2177 Clarmuariscensi

2158 2232 2330 2289 prope
2352 2214 2850 2285 Audomaropolim.
2880 2213 3009 2271 Post
3034 2228 3181 2278 eum,
3206 2212 3351 2284 quod
3380 2211 3602 2282 quidem
3624 2210 3766 2265 scia-

2161 2326 2303 2374 mus,
2329 2309 2421 2380 qui
2447 2308 2646 2362 librum
2672 2306 2888 2371 viderit,
2906 2304 3007 2361 fuit
3028 2321 3209 2368 nemo,
3232 2319 3561 2419 Ψηιιιιιιιιι
3582 2301 3791 2375 plures

2161 2416 2286 2456 eum
2314 2398 2728 2473 diligentissime
2757 2398 3141 2468 quaesiverunt
3171 2397 3267 2467 (g).

2234 2459 2802 2555 Refertvbiabillonius,
2842 2488 3058 2545 initium
3090 2459 3332 2561 ejus
3362 2459 3556 2543 inige:
3578 2485 3609 2537 ι’
3629 2485 3764 2541 Tra-

2164 2593 2342 2640 ctatus
2373 2580 2601 2639 Joannis
2628 2581 2780 2638 Secti
2821 2582 2887 2637 de
2932 2568 3139 2664 visione
3182 2581 3296 2638 Dei.
3328 2580 3531 2641 Omnes
3570 2566 3765 2654 sensus

2162 2676 2416 2747 corporei
2457 2692 2522 2732 ex
2558 2675 2937 2745 conjunctione
2975 2685 3274 2732 nascuntur
3319 2675 3530 2730 animae
3557 2683 3611 2730 et
3642 2690 3765 2728 cor-

2165 2768 2314 2841 poris
2343 2766 2420 2841 (Ιι)
2452 2788 2500 2823 ι.
2523 2770 2915 2839 Argumentum
2941 2766 3128 2834 libelli,
3156 2767 3209 2822 ni
3232 2765 3466 2831 fallatur,
3499 2766 3552 2821 in
3575 2764 3765 2820 eadem

2168 2875 2246 2926 re,
2280 2860 2380 2926 ait,
2403 2868 2678 2915 versatum
2712 2876 2853 2923 esse,
2874 2875 2989 2930 aqua
3019 2858 3178 2931 Lupi,
3210 2858 3423 2915 abbatis
3450 2857 3769 2914 Fert-arieti-

2166 2952 2264 3016 sis,
2303 2951 2528 3022 epistola
2559 2949 2709 3008 XXX
2737 2953 2803 3006 ad
2841 2949 3275 3015 Cotbescalcum,
3310 2947 3633 3021 monachum
3665 2945 3767 3002 Or-

2166 3040 2478 3097 baceusem.
2519 3040 2670 3109 Quae
2709 3039 2844 3111 Lupi
2890 3037 3118 3112 epistola
3173 3037 3235 3112 (ἱ)
3286 3038 3463 3094 locant
3492 3037 3765 3109 quendam

459 3115 638 3211 mines
675 3115 1097 3211 Scotos,_atque
1126 3119 1277 3211 adeo
1314 3117 1537 3174 Scotum
1585 3128 1830 3185 nostrum
1859 3120 2059 3178 ibidem
2090 3150 2134 3211 ρ
2170 3134 2425 3204 explicat,
2475 3133 2567 3204 qui
2609 3141 2695 3188 est
2740 3132 2882 3202 apud
2924 3133 2982 3188 S.
3023 3129 3480 3202 Augustinumin
3512 3128 3667 3185 libris
3697 3129 3766 3185 de

462 3207 560 3276 (cf.
589 3207 722 3281 Cap.
750 3208 814 3289 II,
842 3209 947 3266 col.
990 3211 1057 3266 12
1087 3220 1202 3269 ηοι.
1232 3210 1301 3284 Ιι)·
1322 3224 1508 3268 natum
1543 3213 1735 3269 videri.

1089 3365 1320 3425 CAPUT
1361 3368 1445 3424 VI.
1515 3363 1521 3371 ’

462 3496 545 3555 De
571 3497 682 3554 illis
696 3498 957 3571 Erigenac
973 3500 1202 3571 scriptis,
1227 3516 1363 3571 quae
1382 3499 1555 3555 adhuc
1584 3518 1614 3553 a
1636 3501 1783 3557 nobis
1808 3504 2067 3558 recensita

1124 3587 1227 3627 ιιοιι
1252 3581 1394 3626 sunt.

538 3670 1162 3756 PostPseudo-Dionysii
1177 3691 1230 3738 et
1253 3682 1311 3739 S.
1330 3682 1548 3740 Maximi
1566 3685 2060 3757 iitttemretationes,

463 3782 588 3844 post
616 3771 788 3829 libros
812 3774 877 3829 de
905 3774 1403 3847 praedestinatione
1425 3788 1479 3832 et
1511 3777 1579 3832 de
1607 3776 1665 3832 S.
1698 3778 2064 3845 ιεὶιιοιιιιγὶςιίιι,

455 3880 694 3934 quorum
728 3865 842 3936 jam
882 3867 1083 3923 mentio
1108 3866 1384 3935 estfacta,
1412 3884 1576 3941 super
1616 3868 1744 3935 illis,
1773 3855 2065 3940 quae'item

461 3970 596 4012 vere
630 3965 757 4012 sunt
787 3955 1131 4032 Erigeniana,
1174 3957 1383 4030 aliquot
1426 3960 1782 4027 carminibus,
1831 3970 2066 4016 tractatu

468 4053 535 4105 de
570 4050 782 4121 visione
816 4034 934 4114 Dei,
982 4050 1136 4106 libris
1175 4051 1220 4107 v
1252 4052 1629 4110 de'divisione
1655 4052 1896 4109 Naturae
1941 4056 2066 4109 data

464 4139 629 4209 opera
661 4143 940 4222 disputare
975 4142 1317 4200 decrevimus
1344 4142 1437 4215 (ε).
1466 4143 1599 4199 Nam
1623 4159 1763 4215 quae
1785 4159 1814 4198 a
1837 4144 2068 4200 nonnul-

470 4238 534 4290 tis
556 4244 837 4307 praetcrea
867 4234 1032 4291 Scoto
1051 4235 1324 4308 adscripta
1348 4244 1497 4301 sunt,
1520 4251 1627 4292 non
1649 4237 1855 4292 reddita
1883 4246 2064 4293 tamen

470 4327 680 4381 ratione
706 4326 994 4399 probabili,
1026 4336 1115 4391 ea,
1149 4343 1317 4398 quum
1359 4326 1761 4399 librorum‘ope
1790 4328 2068 4384 destitutis

468 4416 625 4472 nobis
652 4417 895 4491 ipsorum
926 4433 1145 4475 causam
1176 4417 1477 4490 diiudicare
1513 4432 1618 4472 non
1647 4415 1886 4484 licuerit,
1912 4417 2068 4474 dein-

468 4525 595 4582 ceps
622 4511 942 4583 simpliciter
980 4511 1188 4567 tantum
1208 4508 1577 4567 enumeranda
1607 4509 1953 4567 arbitramur.

500 4614 507 4622 '
541 4604 796 4661 Carmina
836 4605 1000 4677 igitur
1045 4605 1215 4679 Spoti,
1248 4619 1389 4677 quae
1418 4602 1576 4660 nobis
1611 4604 1913 4672 innotuere,
1937 4614 2069 4663 sunt

542 4717 621 4792 (ς.)
649 4718 804 4792 apud
830 4717 982 4792 sate.
1013 4716 1200 4792 l._l._p_.
1231 4717 1367 4792 6-8..

542 4784 619 4860 (li)
649 4784 732 4860 Cl‘.
764 4806 883 4860 sup.
902 4788 1036 4860 Cap.
1067 4784 1206 4845 I-III.
1340 4829 1346 4834 -

569 4859 618 4929 τ)
647 4859 729 4931 (2f.
761 4858 1042 4931 Ga‘leLIgl.
1074 4869 1200 4916 test.
1230 4875 1287 4931 p.
1312 4861 1367 4917 5.

569 4928 886 5002 d’),Joannes
908 4929 1178 5002 Ealdsaxo
1204 4928 1289 5002 est
1325 4931 1396 4998 is,
1428 4945 1600 5002 quem
1621 4930 1848 5002 annales
1870 4930 2065 4987 Biden-

474 5013 565 5057 ses
593 5000 779 5056 dicunt
804 5020 823 5053 ι
850 5000 1109 5070 collegam
1141 5000 1199 5056 S.
1227 5000 1551 5059 Grimba‘ldi.
1583 5022 1602 5056 ι
1634 5001 1745 5059 Hos
1775 5002 1920 5058 enim
1955 5015 2062 5056 una

476 5088 540 5126 cx
576 5072 875 5130 continenti
904 5073 975 5127 ah
999 5071 1223 5128 Alfredo
1251 5076 1549 5130 accersitos
1580 5082 1813 5131 constat.

549 5142 621 5213 (e)
652 5142 811 5215 Sunt,
841 5142 936 5215 qui
967 5144 1132 5199 etiam
1160 5143 1227 5199 de
1248 5145 1493 5214 epistolis
1522 5143 1831 5215 loquantur.
1865 5142 2066 5198 Verum

475 5225 697 5287 praeter
724 5213 876 5279 ilIas,‘
895 5229 1036 5287 quae
1062 5213 1422 5287 Areopagitae
1445 5226 1502 5271 et
1537 5214 1753 5287 Maximi
1794 5214 2062 5287 interpre-

477 5283 740 5340 tationum
767 5283 1045 5354 prooemia
1065 5283 1220 5352 sunt,
1237 5283 1466 5358 prorsus
1485 5286 1664 5342 nullae
1688 5295 1926 5351 exstant,
1943 5283 2070 5340 nul-

477 5354 562 5409 lae
592 5366 982 5409 memorantur.
1037 5386 1041 5390 ι
1120 5398 1123 5403 .

498 5371 562 5409 M’
592 5366 982 5410 memorantur.
1037 5386 1041 5390 ι

552 5398 1046 5567 (ίξὲιῗὲᾖίζέεἱιι.
1077 5398 1200 5482 libr.
1226 5427 1292 5483 de
1311 5428 1423 5483 div.
1454 5427 1580 5485 Nat.
1604 5444 1656 5499 ρ.
1685 5427 1721 5484 ι.
1748 5445 1800 5497 ρ.
1821 5428 1927 5484 593
1949 5442 2065 5497 seq.

552 5497 606 5566 (g
655 5496 739 5552 Cf.
771 5506 891 5552 acta
923 5497 1125 5552 Bencd.
1151 5514 1262 5554 sec.
1294 5498 1381 5554 IV.
1414 5516 1467 5567 p.
1496 5500 1553 5562 II,
1582 5516 1633 5567 p.
1654 5500 1838 5556 LXVI.
1872 5500 2065 5555 Τιιοιιι.

551 5496 627 5571 (9)
655 5496 745 5571 _Cf._
771 5496 891 5552 acta
923 5497 1125 5571 Bened.
1151 5514 1262 5571 sec.
1294 5498 1381 5554 IV.
1414 5516 1467 5571 p.
1496 5500 1553 5562 II,
1582 5496 1838 5571 plLXV'l.
1872 5496 2068 5555 Thom.

425 5590 430 5595 ’
477 5565 631 5624 Cale.
665 5567 700 5620 l.
732 5567 768 5623 l.
802 5576 925 5625 test.
949 5584 999 5641 p.
1034 5568 1120 5623 I2.
1156 5570 1329 5625 lliort.
1363 5565 1469 5626 I.'l.
1500 5565 1675 5640 μέλα

552 5686 580 5717 ⁸
597 5680 951 5739 Schlneterus
981 5681 1068 5737 illa
1090 5684 1332 5739 carmina
1359 5700 1389 5739 c
1415 5685 1693 5741 codicibus
1718 5680 2076 5738 bibliothecae

489 5754 779 5812 Vaticanae
805 5769 910 5809 non
941 5754 1150 5825 primus
1179 5757 1421 5826 prendit,
1453 5757 1545 5812 sed
1575 5758 1645 5809 ab
1691 5756 1913 5824 Angela.
1937 5751 2079 5806 Maio
2119 5797 2131 5807 .

2169 3228 2393 3283 civitate
2413 3225 2509 3282 Dei
2530 3212 2697 3290 XXII,
2724 3224 2795 3280 29
2825 3244 2838 3279 :
2870 3242 2889 3276 ι
2926 3225 2994 3280 de
3014 3222 3275 3294 qualitate
3306 3220 3552 3286 visionis,
3580 3219 3765 3293 quain
3821 3262 3837 3269 -

2170 3317 2352 3373 futuro
2380 3315 2599 3373 saeculo
2629 3317 2803 3372 sancti
2837 3315 3003 3371 Deum
3027 3315 3139 3369 sint
3160 3312 3327 3369 visuri
3358 3333 3400 3366 ι.

2239 3407 2526 3463 Librorum
2567 3403 2612 3461 V
2643 3425 2663 3458 ι
2702 3406 2768 3462 de
2794 3404 3064 3460 divisione
3097 3402 3334 3458 Naturae
3368 3422 3387 3455 ι
3418 3404 3531 3458 sive
3574 3420 3592 3453 ι
3642 3403 3767 3477 περὶ

2169 3502 2370 3574 φύσεως
2416 3503 2668 3574 μερισμοῦ
2703 3497 2754 3561 t,
2796 3494 2889 3565 qui
2926 3494 3090 3550 iidem
3132 3492 3474 3563 appellantur
3500 3515 3520 3542 ι
3557 3491 3623 3546 de
3651 3489 3763 3544 Nav

2170 3590 2307 3644 turis
2340 3608 2358 3641 ι
2377 3590 2492 3643 sive
2521 3608 2539 3638 ι
2571 3584 2692 3662 «ipa
2710 3588 2913 3661 φύσεως
2940 3604 2958 3637 ι
2980 3576 3167 3655 plures
3183 3582 3382 3653 reperti
3406 3582 3769 3637 suntcodiees

2169 3697 2300 3754 mss.
2334 3680 2428 3750 (ᾖ.
2455 3680 2600 3734 Duos
2621 3694 2810 3735 eorum
2844 3676 3185 3732 Mabdlonius
3218 3675 3385 3746 ipsius
3408 3673 3559 3731 Scoti
3587 3682 3767 3731 aetate

2169 3784 2424 3829 exaratos
2473 3772 2606 3827 dicit
2651 3789 2664 3825 :
2716 3786 2819 3825 nec
2869 3779 3048 3825 tamen
3088 3769 3228 3824 ullus
3274 3770 3469 3825 nomen
3525 3770 3767 3827 auctoris

2170 3870 2380 3925 habuit.
2451 3866 2752 3924 Guilelmus
2814 3864 3316 3921 Malmcsburicnsis
3379 3874 3437 3919 et
3512 3861 3765 3935 [Iugo'a

2171 3962 2231 4018 S.
2275 3961 2495 4019 Victore
2527 3959 2688 4031 primi
2736 3957 2833 4029 (Ii),
2882 3967 3145 4027 quantum
3190 3971 3291 4028 pro
3336 3964 3487 4011 certo
3526 3972 3557 4010 a
3604 3956 3765 4012 nobis

2170 4056 2336 4115 statui
2366 4063 2564 4124 potest,
2591 4052 2757 4109 Scuto
2788 4061 2977 4107 nostro
3012 4048 3180 4105 libros
3222 4064 3352 4104 suos
3373 4048 3764 4103 attribuerunt.
3792 4052 3803 4105 Ῑ

2169 4146 2533 4209 Nihilominus
2561 4153 2743 4199 tamen
2792 4142 2957 4197 etiam
2987 4141 3209 4197 ineunte
3247 4140 3431 4196 seculo
3456 4139 3573 4196 XIII
3590 4139 3764 4206 fuere,

2170 4239 2263 4310 qui
2294 4236 2552 4293 Antalrici
2580 4234 2839 4291 Benensis
2863 4249 2960 4290 eos
2987 4248 3109 4290 esse
3135 4234 3488 4304 opinarentur
3514 4231 3621 4302 (1)3
3648 4231 3771 4287 Tri-

2174 4331 2411 4387 thcmius
2443 4330 2614 4384 abbas
2653 4337 2709 4383 et
2744 4325 2940 4382 Baleus
2964 4324 3100 4382 adeo
3134 4325 3201 4379 ad
3228 4323 3491 4381 Joannem
3517 4323 3763 4390 Scotum,

2170 4438 2331 4493 quem
2366 4420 2697 4477 Mailrosium
2726 4416 3158 4484 vocant,'Bedae
3196 4415 3537 4473 Venerabilis
3564 4410 3768 4489 aequa-

2090 4504 2144 4564 D
2171 4514 2297 4580 lem,
2337 4515 2438 4569 bos
2475 4510 2642 4567 libros
2668 4510 2970 4565 retulerunt
3007 4508 3124 4580 (ut).
3154 4506 3353 4562 Verum
3388 4508 3689 4572 enimvero,
3717 4508 3767 4564 si

2170 4604 2293 4676 quis
2320 4602 2405 4658 vel
2434 4602 2581 4658 aliud
2601 4600 2812 4674 agendo
2833 4602 3001 4657 libros
3018 4600 3087 4655 de
3110 4596 3332 4654 Naturis
3355 4613 3478 4653 cum
3500 4598 3769 4668 Erigonae

2265 4719 2320 4786 It)
2349 4718 2526 4773 Etiam
2557 4716 2611 4772 in
2655 4716 2748 4771 lib.
2790 4713 2856 4769 II.
2888 4714 2956 4769 de
2983 4712 3101 4786 div.
3130 4710 3253 4786 Nat.
3296 4727 3350 4766 e.
3391 4710 3484 4767 23.
3522 4713 3713 4786 scribit
3746 4731 3762 4769 :

2174 4810 2195 4842 ι
2232 4782 2485 4846 Ειιίειίοιι
2503 4803 2696 4843 sensus
2720 4782 3033 4855 coniunctio
3060 4783 3325 4855 quaedam
3353 4789 3439 4838 est
3466 4783 3770 4843 animaeet

2168 4875 2855 5004 coigobiblioth.
2883 4933 2990 4983 vet.
3012 4923 3236 4980 Patrum
3275 4930 3381 4979 cet.
3413 4921 3764 4994 Lugdunens.

2167 4999 2850 5078 ιοιιιέλιιωιδεξειο
2927 5074 2940 5078 Α
3013 5065 3049 5078 -.
3279 5062 3340 5078 ,η

2239 5072 2310 5145 (j)
2340 5071 2434 5145 Cf.
2480 5062 2677 5145 Thom.
2722 5062 2874 5145 Cale:
2926 5065 3225 5145 testimz‘p.
3274 5062 3765 5145 5?..Ahla'hillaacta
3842 5120 3847 5126 ,

2168 5131 2370 5203 Βεῖιὸιι.
2414 5157 2527 5197 sec.
2580 5139 2670 5195 tv.
2733 5154 2786 5208 p.
2832 5137 2891 5191 ιι.
2934 5153 2988 5207 ρ.
3041 5131 3227 5191 LXVI.
3271 5132 3412 5187 Ηίει.
3458 5131 3562 5187 litt.
3606 5135 3673 5188 de
3711 5135 3766 5190 la

2168 5213 2398 5276 France,
2424 5222 2555 5267 tom.
2586 5208 2654 5273 sV.
2689 5223 2742 5280 ρ.
2782 5208 2905 5280 625.

2243 5271 2446 5355 (κλει.
2483 5271 2861 5355 ΉιοιιιηὈιιιυ.
2902 5276 3102 5355 testim.
3123 5291 3192 5355 1p:
3225 5273 3324 5355 ﬁ,
3353 5286 3405 5340 p.
3438 5271 3562 5355 6—7.
3598 5274 3765 5330 Albe-

2169 5344 2510 5417 ric‘i,"I'riutn
2538 5351 2786 5405 Fontium
2814 5347 3085 5417 monachi,
3118 5344 3529 5417 Chroniconuad
3562 5359 3765 5400 annum

2174 5411 2481 5481 MCCXXV.
2513 5421 2599 5475 ed.
2629 5418 2857 5473 Leibnit.
2891 5428 3019 5469 tom.
3053 5414 3091 5470 ι.
3124 5411 3483 5485 p.5tt,515.

2272 5494 2312 5565 ι)
2341 5492 2435 5565 (ἐξ.⁸
2463 5492 2658 5565 Iliona.
2699 5487 2849 5565 Cale.
2885 5488 3084 5565 testim.
3200 5483 3287 5538 I2.

2272 5494 2312 5565 ι)
2341 5494 2423 5548 Cf.
2463 5494 2658 5545 Tbont.
2699 5494 2849 5543 Gate.
2885 5494 3084 5541 testim.
3114 5502 3166 5555 p.

2249 5494 2344 5637 im)
2367 5562 2448 5619 Cf.
2479 5562 2673 5615 Thom.
2706 5558 2857 5614 Ga‘le.
2889 5556 2924 5610 l.
2953 5556 2989 5609 ι.
3019 5571 3069 5627 p.
3107 5554 3193 5611 12.

2179 5675 2406 5731 Classic.
2439 5672 2596 5726 Auct.
2641 5679 2682 5723 t.
2709 5668 2773 5734 ν,
2806 5683 2857 5738 p.
2890 5667 2997 5721 126
3024 5679 3179 5738 seqq.
3213 5664 3356 5719 edita
3392 5662 3531 5736 typis
3564 5662 3766 5737 repui-

2180 5747 2277 5802 vit.
2308 5743 2388 5800 Cf.
2425 5740 2780 5797 Prooemium.
2808 5736 3079 5793 'Aamtuv.
3114 5736 3269 5791 Eutr.
