4224 6078
644 256 719 317 55

626 453 1131 549 veruntSpiritum
1163 453 1442 537 Sanctum.
1481 480 1559 537 Ita
1586 453 1979 544 Avbrabam-est
2016 453 2222 549 'anén

630 560 967 625 substantiae
993 564 1060 637 (ε.
1092 570 1381 641 personae)
1420 578 1475 626 et
1517 569 1670 629 Isaac
1713 583 1800 631 est
1845 592 2043 635 nomen
2097 581 2225 638 sub-

970 327 977 336 ,
1138 299 1149 312 -
1668 279 1758 336 DE
1794 279 2062 339 JOANNE
2088 280 2311 345 SCO’I'O
2339 284 2864 352 COMMENTATIO.
2894 358 2899 365 δ

628 381 799 437 bitum
820 382 1267 501 pt'cocedentisaad
1291 384 1583 501 ingenitam
1598 391 1956 501 finitamque
1980 398 2218 477 appella-
2243 405 2291 463 Δ
2320 403 2533 462 bonitas
2563 407 2948 485 (superbonus)
2977 422 3085 470 etc.
3109 413 3323 495 Omnia,
3356 432 3495 490 quae
3521 416 3752 494 adjectis
3786 390 3917 501 par-

3842 311 3920 370 56

2329 495 2509 553 ticulis
2536 511 2719 581 super,
2751 501 3060 575 plusquam,
3085 505 3153 561 de
3182 505 3293 567 Deo
3330 512 3737 582 praedicantur,
3780 495 3920 577 duas

2327 586 2448 646 illas
2475 587 2772 665 tbeologias
2813 599 3317 669 comprehendunt:
3372 603 3425 659 in
3468 608 3919 677 pronunciatione

627 656 894 712 stantiae:
929 657 1073 714 illius
1095 658 1311 717 habitus
1344 665 1411 722 ad
1444 663 1589 721 hunc
1617 666 1821 740 dicitur
1847 661 2214 746 paterfbujus

632 744 846 778 Ιιιῐιῖιιιιρ
869 747 935 778 ιιι-1
963 748 1112 778 ξιιμ...
1149 760 1377 778 -ηυηηη-
1399 753 1536 778 an-.-
1575 773 1590 778 _
1652 756 1691 778 II
1743 759 1758 778 ι
1782 759 1798 778 ι
1835 758 1849 778 \

2323 688 2409 737 est
2437 679 2610 738 forma
2636 656 2997 762 κξιταφατικέέ,
3016 680 3069 746 in
3091 691 3367 750 intellectu
3396 656 3578 753 autem
3600 696 3922 778 ἀπόγατικῆε
3996 730 4005 735 -

1344 865 1374 939 §
1413 865 1501 924 ιε.

701 974 779 1031 De
797 976 1146 1046 processione
1166 977 1404 1051 Spiritus
1423 983 1600 1064 sancti
1629 973 1829 1044 Scottis
1851 970 2019 1049 mullo
2045 970 2223 1064 magis

625 1066 956 1155 Graecorum
1000 1073 1305 1130 sententiae
1340 1073 1507 1143 favet,
1536 1090 1720 1155 quam
1743 1078 2079 1139 Latinorum.
2130 1086 2223 1141 Ait

626 1150 812 1232 igitur,
842 1163 1298 1232 quemadmodum
1333 1165 1566 1233 dicatur,
1612 1150 1717 1224 una
1757 1172 1993 1228 essentia
2038 1173 2219 1229 divina

570 1310 572 1312 τ
625 1251 681 1308 in
725 1254 900 1308 tribus
947 1255 1268 1329 substantiis
1299 1267 1433 1323 etc.,
1476 1260 1549 1315 ita
1579 1261 1725 1333 (cum
1751 1265 1990 1320 essentia
2038 1266 2221 1354 divina

626 1343 697 1399 sit
718 1344 963 1400 omnium
983 1345 1170 1418 causa)
1198 1348 1361 1404 etiam
1392 1350 1496 1405 dici
1524 1364 1708 1421 posse,
1730 1369 1892 1410 unam
1916 1370 2135 1411 causam
2163 1343 2221 1414 in

625 1434 801 1491 tribus
825 1436 1026 1497 causis.
1047 1435 1167 1492 Jam
1203 1454 1356 1504 vero,
1382 1455 1506 1495 cum
1538 1442 1725 1498 nullibi
1753 1444 1808 1499 in
1826 1460 2004 1500 rerum
2020 1454 2220 1503 natura

623 1542 692 1590 ex
722 1529 929 1585 duabus
966 1531 1149 1588 causis
1173 1531 1268 1586 ﬁat
1294 1549 1426 1601 una,
1454 1549 1514 1590 se
1540 1551 1647 1613 non
1679 1538 1888 1603 videre,
1917 1553 2025 1609 quo
2057 1549 2220 1616 pacto

622 1630 692 1673 ex
727 1618 889 1693 Patre
921 1630 977 1676 et
1016 1621 1153 1679 Filio
1197 1622 1433 1694 (duabus
1468 1627 1670 1695 causis)
1700 1630 1997 1699 procedere
2043 1633 2218 1703 possit

624 1708 861 1780 Spiritus
885 1723 1108 1769 sanctus
1137 1711 1266 1789 [una
1296 1729 1461 1772 causa
1488 1717 1611 1791 (πη.
1643 1718 1796 1787 Quod
1819 1720 1864 1775 si
1893 1722 2061 1790 dicas,
2094 1711 2215 1781 ideo

623 1800 890 1870 Spiritum
916 1812 1163 1859 sanctum
1190 1804 1259 1861 de
1276 1804 1436 1864 Patre
1458 1807 1705 1880 Filioque
1730 1810 2044 1881 procedere,
2069 1817 2214 1885 quod

622 1905 722 1962 per
744 1891 958 1957 Filium
990 1894 1056 1950 de
1076 1894 1239 1950 Patre
1259 1897 1542 1968 procedat,
1574 1897 1628 1954 in
1660 1899 1763 1962 hoc
1800 1901 1888 1956 vix
1920 1902 2217 1976 quidquam

620 1996 763 2046 esse,
800 1981 922 2038 cuin
951 1981 1121 2041 Filius
1149 1994 1205 2042 et
1235 1986 1350 2057 ipse
1388 2002 1609 2045 causam
1651 2004 1806 2047 suam
1854 1991 2058 2049 habeat
2113 1994 2216 2050 νε·-

625 2083 762 2129 trem
791 2072 875 2144 (Il,
906 2075 1008 2142 19;
1035 2074 1104 2151 II,
1132 2075 1343 2149 30-35).
1389 2076 1575 2151 Neque
1602 2089 1778 2137 tamen
1812 2098 2065 2148 recusare
2112 2100 2215 2141 an-

621 2168 732 2233 det,
756 2166 1047 2237 quominus
1068 2170 1255 2225 credat
1279 2169 1623 2242 Spiritumde
1644 2171 1808 2231 Patre
1824 2172 2076 2246 Filioque
2089 2190 2217 2249 pro-

621 2264 847 2318 cedere:
872 2278 995 2319 nam
1018 2272 1238 2320 sanctos
1259 2277 1441 2336 patres
1452 2266 1676 2325 Latinos
1696 2286 1715 2319 ι
1743 2258 2137 2349 rationabiliter
2165 2291 2211 2337 ι,

619 2353 666 2407 si
697 2353 820 2423 quis
840 2368 939 2409 ms
968 2356 1072 2411 hac
1114 2359 1181 2411 de
1230 2372 1291 2413 re
1329 2358 1757 2431 interrogasset.
1786 2352 1899 2418 sibi
1932 2380 1951 2414 ι
1992 2361 2218 2433 respou—

610 2448 777 2498 suros
810 2463 833 2505 η»
868 2445 1061 2510 videri,
1092 2455 1149 2500 et
1191 2462 1384 2504 sacrae
1412 2448 1731 2521 Scripturac
1768 2449 1994 2508 forsitan
2023 2464 2215 2518 aucto-

621 2536 784 2592 ritate
805 2552 966 2608 posse
990 2538 1228 2597 defendi.
1261 2540 1349 2614 (ιι,
1382 2541 1499 2613 55.)

1282 2652 1358 2729 ’ς
1405 2655 1494 2713 ιδ.

697 2782 717 2815 ι
763 2762 900 2818 Num
924 2764 1109 2820 decem
1141 2770 1447 2841 categoriae
1467 2782 1594 2826 vere
1634 2785 1699 2827 ac
1739 2774 1959 2844 proprie
2000 2774 2067 2831 de
2113 2791 2214 2832 nuc

2323 772 2517 839 virtus.
2551 773 2614 847 (I,
2646 776 2762 849 I6.)

2304 890 2309 895 .
2422 918 2427 924 η
3045 850 3204 927 με.

2396 957 2553 1016 Patet
2581 960 2747 1034 igitur
2769 976 2837 1018 ex
2861 962 2949 1030 iis,
2979 979 3122 1038 quae
3141 983 3304 1041 supra
3326 974 3726 1046 proposuimus,
3746 977 3918 1036 Deum

2295 1050 2591 1129 Iliumanae
2614 1054 2812 1112 mentis
2843 1058 2960 1114 acie
2994 1073 3217 1130 prorsus
3262 1062 3377 1120 fere
3406 1081 3528 1123 esse
3557 1067 3918 1128 inaccessum.

2323 1138 2525 1199 Verum
2554 1146 2668 1215 ipse
2708 1151 3057 1234 semetipsum
3086 1158 3384 1226 cognoscit.
3418 1158 3512 1216 Est
3540 1161 3762 1234 quidem
3790 1160 3920 1220 om;

2324 1232 2452 1290 nino
2494 1232 2822 1293 dicendum:
2877 1258 2899 1292 ι
2935 1241 3150 1323 nescire
3178 1243 3367 1307 Deum,
3415 1263 3477 1305 se
3521 1232 3650 1323 quid
3693 1266 3815 1310 esse
3869 1275 3917 1318 ο,

2327 1342 2348 1375 ι
2384 1324 2553 1381 Deum
2584 1342 2690 1383 non
2723 1328 2777 1384 in
2806 1330 2988 1402 aliquo
3014 1347 3076 1391 se
3107 1320 3436 1407 cognoscere
3473 1320 3603 1407 “et
3629 1356 3751 1413 qua:
3788 1352 3920 1400 sunt

2320 1420 2539 1489 generis
2566 1419 2833 1492 ejusdem,
2858 1434 2913 1479 at
2943 1426 3075 1483 haec
3101 1436 3187 1485 est
3218 1445 3344 1487 vera
3370 1433 3541 1490 virtus
3569 1434 3745 1497 illius;
3775 1453 3920 1508 quae
3982 1434 3987 1437 ⁷

2324 1511 2388 1565 in.
2426 1512 2538 1568 Deo
2577 1523 2680 1580 est,
2720 1521 3097 1591 cognoscendi
3153 1520 3446 1582 facultatis.
3505 1526 3715 1597 Revera
3768 1531 3918 1586 enim

2320 1598 2464 1657 Deus
2498 1619 2601 1660 non
2625 1613 2708 1661 est
2728 1608 2882 1681 quid,
2901 1624 3005 1665 non
3034 1620 3116 1667 cst
3143 1613 3200 1668 in
3226 1614 3429 1687 aliquo,
3456 1619 3558 1673 hoc
3582 1629 3663 1675 est
3694 1637 3800 1677 non
3831 1632 3919 1678 est

2320 1701 2531 1749 certum
2575 1694 2799 1767 aliquid,
2848 1715 2957 1756 non
3000 1703 3231 1760 habetur
3255 1715 3310 1763 et
3354 1709 3816 1769 circumscribitur
3856 1714 3913 1771 in

2245 1761 2293 1821 Β
2320 1779 2502 1852 aliquo
2521 1797 2735 1849 eorum,
2751 1801 2889 1856 quae
2906 1800 3033 1845 sunt
3061 1800 3116 1847 et
3140 1806 3320 1852 rerum
3345 1807 3655 1856 creatarum
3682 1816 3914 1873 numero

2320 1872 2871 1946 comprehenduntur.
2899 1876 2985 1949 (ll,
3021 1876 3236 1955 28-29.)

2389 1963 2486 2019 Sin
2516 1978 2651 2021 vero
2674 1969 2991 2037 quaesieris,
3028 1988 3132 2043 qua
3180 1976 3392 2034 ratione
3429 1979 3591 2048 Deus,
3632 1996 3771 2053 quae
3798 1978 3941 2039 ‘co--

2316 2056 2548 2126 gnoscit,
2594 2066 2922 2129 cognoscere
2962 2063 3507 2137 existimaridebeat,
3561 2073 3913 2144 respondebi«

2318 2154 2440 2203 tur:
2480 2167 2499 2200 ι
2529 2151 2671 2221 quod
2700 2167 2800 2207 nec
2838 2154 3114 2212 sensibilia
3142 2173 3238 2227 per
3262 2174 3504 2229 sensum,
3532 2180 3631 2220 nec
3658 2150 3913 2238 intelligi-

2317 2240 2445 2297 bilia
2471 2260 2567 2314 per
2589 2245 2943 2313 intellectum,
2975 2264 3075 2305 nec
3114 2253 3390 2319 sensibilia
3432 2271 3529 2327 per
3554 2258 3908 2324 intellectura,

2316 2349 2418 2391 nec
2441 2335 2791 2409 intelligibilia
2823 2355 2921 2411 per
2950 2356 3190 2419 sensum,
3223 2346 3320 2403 sed
3346 2342 3530 2405 omnia
3574 2349 3632 2404 in
3672 2353 3911 2425 aeternis
4000 2416 4006 2422 ,

2316 2428 2431 2484 suis
2460 2430 2761 2486 rationibus
2790 2435 3189 2505 contemplatur
3225 2457 3270 2494 ι.
3322 2439 3594 2510 (Prooem.
3628 2443 3696 2499 ad
3744 2445 3912 2501 intero

2312 2528 2453 2589 pret.
2484 2518 2676 2605 Ambb.
2711 2521 2771 2576 S.
2795 2520 2936 2577 Max.
2975 2540 3065 2597 ap.
3093 2526 3245 2586 Gale.
3293 2545 3417 2603 app.
3461 2548 3513 2603 p.
3547 2533 3649 2600 IV;
3687 2537 3754 2590 de
3795 2537 3906 2605 div.

2314 2606 2437 2662 Nat.
2470 2607 2536 2673 Il,
2560 2604 2651 2677 εσ,
2682 2610 2787 2679 28;
2815 2610 2882 2677 ν,
2919 2615 3031 2687 I7.)
3067 2637 3084 2669 ι
3119 2617 3391 2677 Acternae
3432 2621 3559 2678 illae
3604 2604 3902 2681 rationes.

2313 2709 2442 2753 sunt
2480 2716 2498 2748 ι
2537 2700 2688 2756 ideae
2718 2720 2766 2764 ο,
2813 2717 2950 2774 quas
2991 2717 3205 2773 vocant,
3238 2712 3480 2768 omnium
3516 2728 3717 2782 rerum,
3767 2732 3909 2787 quae
4006 2755 4021 2767 ε

2313 2788 2459 2845 Deus
2483 2798 2600 2845 erat
2631 2790 2898 2861 facturus,
2928 2814 2945 2846 ε
2984 2798 3310 2868 exemplaria
3351 2802 3669 2875 principalia
3705 2824 3751 2861 ι.
3792 2804 3909 2873 Ilae

622 2854 767 2911 ῐηίηε
787 2856 971 2968 (multo
999 2858 1208 2929 Ροδδίηῑ
1224 2859 1795 2968 ρηεάίωξὶνὶάίαξοίιε
1814 2852 1900 2920 εει
1923 2864 2093 2921 ἀίοιιιο
2118 2867 2221 2957 Esi
2314 2889 2440 2937 sunt
2466 2897 2647 2939 rerum
2678 2852 2894 2941 tantum
2919 2852 3381 2959 sutbstattlialium:
3424 2903 3481 2950 et
3508 2852 3660 2966 ipsae
3686 2869 3908 2968 quoque

619 2956 800 3001 autem
833 2948 886 3029 in
918 2947 1021 3004 bac
1042 2949 1361 3019 quaestione
1389 2952 1510 3007 usui
1538 2952 1807 3032 theologia
1840 2957 2213 3030 ὰπθφατικιίέι

2314 2988 2403 3030 res
2430 2973 2835 3034 substantiales.
2862 2978 2966 3049 (Cf.
2992 2979 3090 3036 inf.
3117 2980 3147 3056 ς
3170 2982 3243 3039 Ωὸ
3262 2947 3384 3057 -έ

619 3042 954 3112 aucupari-aii.
1004 3055 1235 3110 quarum
1271 3041 1362 3098 illa
1406 3054 1587 3115 negat,
1632 3045 1769 3102 haec
1813 3044 2069 3115 amrmat,
2088 3062 2212 3106 esse

2318 3080 2419 3122 suo
2447 3065 2572 3136 jure
2593 3068 2758 3124 etiam
2800 3071 2904 3128 hoc
2932 3041 3246 3134 contendit:
3282 3095 3301 3128 σ
3336 3041 3529 3132 Divina
3553 3078 3780 3135 scientia
3821 3086 3909 3136 est
3968 3129 3975 3135 .

621 3128 857 3183 divinam
890 3130 1379 3187 substantiam-hoc
1402 3132 1484 3188 vel
1505 3132 1640 3189 illud
1662 3149 1873 3202 eorum,
1899 3152 2041 3208 quae
2062 3146 2208 3205 sunt,
2241 3118 2289 3182 (ἶ

621 3219 767 3274 velut
787 3222 1100 3288 essentiam,
1131 3223 1450 3291 bonitatem,
1486 3225 1677 3293 solem,
1708 3227 1943 3297 stellam,
1990 3244 2207 3302 aquam,

618 3308 851 3374 leonem,
899 3329 1084 3368 ursum
1113 3333 1163 3382 ι,
1186 3325 1296 3371 εει.
1324 3314 1589 3374 Videntur
1613 3322 1747 3375 haec
1787 3334 1911 3377 esse
1968 3323 2108 3379 inter
2151 3339 2211 3382 se

620 3402 917 3469 contraria,
939 3406 1054 3469 sed,
1086 3419 1210 3460 cum
1236 3407 1382 3463 circa
1404 3408 1642 3465 divinam
1659 3422 1943 3467 versentur
1958 3414 2212 3472 substan-

620 3495 775 3558 tiam,
804 3488 1027 3551 omnino
1055 3498 1421 3554 consentiunt.
1468 3499 1715 3572 Namque
1743 3511 2061 3577 mmet-«xii
2099 3521 2208 3563 non

617 3586 714 3650 ait,
742 3586 978 3643 divinam
1009 3588 1370 3671 substantiam
1397 3606 1520 3649 esse
1549 3592 1679 3650 illud
1701 3597 1941 3667 proprie,
1971 3597 2066 3654 sed
2089 3600 2211 3671 (per

507 3718 513 3723 .
618 3679 1013 3751 metaphoram)
1059 3679 1136 3735 ita
1185 3670 1345 3752 ροεεε
1398 3684 1695 3757 appellari;
1743 3692 2031 3764 ἀποφατικοῦ
2075 3670 2208 3749 vero

619 3771 897 3826 contendit
942 3774 1304 3829 substantiam
1336 3777 1573 3835 divinam
1614 3795 1717 3837 nec
1749 3796 1876 3838 vere
1902 3782 2032 3839 illud
2060 3797 2203 3849 esse.

617 3861 963 3932 nec-proprie
991 3863 1066 3919 ita
1093 3866 1299 3923 vocari.
1551 3852 1556 3857 ’

686 3950 832 4020 Quas
854 3953 1069 4022 quidem
1096 3956 1393 4030 theologias
1412 3951 1785 4032 pulcherrime
1813 3981 1843 4020 a
1872 3965 1931 4021 S.
1950 3963 2207 4042 Dionysio

613 4042 937 4116 AreOpagila
966 4046 1068 4102 sibi
1113 4051 1504 4120 suppeditatas,
1549 4054 1777 4128 Erigena
1825 4057 2207 4116 immortaliter

614 4139 828 4210 gaudet.
861 4138 926 4212 (I,
960 4141 1043 4209 ll,
1074 4143 1164 4214 I6,
1203 4145 1276 4201 78
1301 4156 1437 4217 εει,
1478 4142 1587 4207 cet.
1633 4152 1818 4231 Praef.
1872 4157 1941 4213 ad
1982 4156 2205 4214 Maximi

614 4233 863 4311 ambigua
897 4233 1072 4310 [Gale.
1102 4254 1227 4311 app.
1252 4257 1307 4312 p.
1340 4238 1454 4315 IV).
1485 4243 1719 4318 ).Longa
1752 4257 1932 4304 autem
1956 4251 2205 4308 oratione

611 4329 977 4397 persequitur,
1008 4330 1209 4388 nullam
1243 4321 1366 4392 esse
1403 4336 1547 4393 inter
1588 4336 1774 4395 decem
1822 4341 1945 4397 illas
1984 4354 2202 4416 catego-

614 4417 727 4472 rias
750 4419 1143 4487 Aristotelicas,
1168 4418 1331 4495 quam
1356 4440 1486 4484 vere
1505 4432 1807 4503 acproprie
1833 4433 1901 4488 de
1932 4420 2043 4491 Deo
2071 4450 2200 4507 pos-

613 4508 690 4562 sis
715 4510 1031 4580 praedicare
1059 4530 1074 4567 :
1100 4513 1261 4570 simul
1292 4516 1486 4573 barum
1513 4519 1749 4592 aliquam
1776 4523 1845 4578 de
1889 4523 2007 4593 ipso
2057 4525 2201 4590 anit-

613 4600 844 4657 marerit
862 4608 1491 4680 'mrmrcxiiﬁcontinuo
1516 4626 1637 4667 eam
1659 4614 1844 4683 negari
1884 4617 2195 4694 ἀποφατικῇ.

613 4699 680 4771 (ι,
712 4700 921 4773 17—30.)

1316 4777 1347 4853 ς
1391 4779 1459 4836 tt

662 4899 711 4945 ,ι
756 4883 917 4951 Deus,
947 4886 1091 4957 quod
1139 4886 1242 4958 ipsi
1286 4890 1590 4962 oppositum
1635 4890 1726 4955 sit,
1760 4906 1865 4947 non
1896 4892 2060 4949 habet
2092 4893 2191 4966 (ὁ).

611 4977 789 5046 Quum
816 4992 948 5035 vero
976 4981 1245 5037 essentiae
1273 4992 1575 5054 opponatur
1589 4984 1746 5051 nihil,
1763 4985 1989 5042 bonitati
2013 4998 2198 5043 autem
2243 4981 2245 4983 ’

613 5068 816 5125 malitia
846 5079 978 5135 etc.,
1005 5070 1144 5127 Deus
1160 5087 1267 5127 non
1289 5082 1374 5129 est
1400 5076 1658 5139 essentia,
1681 5075 1919 5141 bonitas,
1954 5085 2063 5131 etc.
2100 5078 2199 5133 sed

611 5160 733 5233 plus
776 5177 945 5233 quam
977 5167 1214 5221 essentia
1258 5167 1838 5240 (superessentialis),
1886 5168 2005 5240 plus
2035 5187 2195 5242 quam

588 5274 591 5281 “
654 5274 760 5345 ’(α)
799 5275 969 5342 Quam
995 5276 1131 5332 haec
1157 5277 1509 5334 concludendi
1541 5281 1681 5338 ratio
1711 5281 1853 5335 nulla
1884 5283 1973 5346 sit.
2002 5282 2199 5341 Scotus

609 5346 1481 5423 ipseanimadvertisse_videtur:
1521 5352 1587 5405 iis
1628 5361 1833 5415 autem,
1864 5355 1957 5422 qui
2007 5370 2194 5423 repre-

608 5418 869 5481 hendant,
897 5416 969 5471 ita
1009 5418 1317 5487 respondet,
1362 5418 1473 5475 sola
1510 5436 1690 5476 rerum
1717 5416 1907 5477 natura
1961 5416 2097 5480 duce
2124 5426 2191 5482 ad

611 5486 1059 5565 nutnioi_s_divipi
1098 5486 1430 5565 structaeque
1468 5492 2191 5565 trinitatisintelligentiam

608 5557 879 5623 perveniri
908 5558 957 5635 !_
988 5556 1069 5635 Cf.
1122 5557 1208 5622 Il,
1262 5556 1360 5635 ΞΓ
1399 5562 1499 5635 sub
1564 5561 1659 5635 lin.
1728 5556 1981 5635 νιιπιρειυὲ
2028 5569 2189 5635 prae—

616 5642 758 5682 terea
817 5626 957 5696 apud
1015 5628 1239 5684 Scotum
1302 5631 1354 5685 in
1410 5632 1652 5688 doctrina
1706 5634 1775 5688 de
1829 5633 1886 5690 S.
1946 5626 2189 5693 trinitate

611 5700 771 5753 etiam
823 5698 965 5762 hoc,
1015 5713 1082 5755 ne
1149 5699 1271 5769 quis
1319 5711 1523 5771 pntet,-
1570 5724 1587 5754 ‹
1641 5703 1809 5759 tilium
1871 5720 1935 5760 ex
1986 5721 2187 5764 essen-

2318 3173 2501 3214 rermn
2544 3161 2809 3233 omnium,
2840 3178 2981 3234 quae
3023 3175 3167 3233 sunt,
3199 3182 3380 3224 causa
3419 3187 3438 3220 ι
3493 3200 3565 3211 --
3607 3188 3628 3221 ι
3668 3185 3904 3242 quorum
3986 3173 3994 3181 ’

2316 3252 2459 3310 Deus
2497 3247 2660 3311 causa
2692 3272 2798 3312 non
2828 3265 2931 3324 est,
2973 3274 3036 3313 ea
3088 3262 3260 3316 nescit
3292 3282 3311 3313 ι
3353 3292 3425 3303 -
3453 3281 3488 3315 ηε
3521 3276 3727 3330 rerum,
3765 3279 3906 3336 quae

2313 3356 2457 3411 sunt,
2480 3350 2719 3421 cognitio
2746 3368 2766 3403 ι
2803 3350 3071 3424 (videlicet
3102 3352 3157 3408 in
3184 3352 3313 3426 Deo)
3348 3374 3367 3405 ι
3408 3363 3494 3411 εει
3521 3355 3788 3415 veraciter
3816 3371 3905 3412 res

2311 3430 2430 3508 eae,
2466 3456 2609 3511 quae
2637 3453 2763 3510 sunt
2797 3463 2842 3498 ι.
2880 3443 2966 3515 (II,
2992 3445 3085 3500 20.
3112 3446 3184 3504 28
3210 3464 3224 3502 :
3254 3447 3317 3512 V,
3355 3448 3458 3517 27;
3490 3449 3577 3516 Ill,
3607 3448 3661 3507 ι.
3694 3450 3903 3508 Deinde

2310 3528 2382 3587 cI.
2410 3529 2591 3602 .ejusd.
2623 3533 2691 3589 de
2716 3536 2903 3609 praed.
2933 3550 3057 3608 sup.
3084 3535 3216 3608 Cap.
3242 3536 3358 3610 IV.)

3019 3676 3049 3751 ς
3099 3678 3202 3766 ιδ.

2378 3803 2513 3861 Cum
2546 3805 2690 3861 nulla
2712 3807 2985 3881 categoria
3016 3809 3236 3880 proprie
3269 3810 3337 3867 de
3373 3810 3487 3869 Deo
3526 3801 3905 3884 praedicatur,

2308 3905 2421 3952 tum
2456 3912 2633 3968 neque
2661 3913 2804 3954 nona
2831 3899 2883 3956 in
2905 3914 3029 3955 eum
3051 3902 3217 3963 cadit,
3259 3905 3524 3977 πράττειν.
3557 3904 3762 3961 Dicitur
3793 3923 3896 3962 au-

2307 3998 2413 4045 tem
2435 3989 2580 4047 Deus
2608 4004 2846 4046 creasse.
2876 3990 2984 4047 Sed
3007 4007 3211 4056 _creare
3249 4003 3307 4048 et
3332 4011 3455 4051 esse
3502 3996 3555 4051 in
3584 3996 3697 4052 Deo
3725 4013 3895 4056 unum

2306 4078 2558 4158 idemque
2575 4089 2700 4135 sunt
2732 4080 2999 4141 habenda.
3048 4101 3067 4134 ι
3106 4083 3249 4138 Deus
3274 4100 3380 4139 non
3406 4094 3544 4158 erat,
3572 4086 3893 4158 priusquam

2303 4156 2486 4225 omnia
2514 4169 2733 4225 faceret.
2773 4168 3129 4229 Coaeternum
3182 4182 3266 4228 εει
3307 4174 3415 4231 Deo
3445 4156 3601 4257 suum
3633 4156 3815 4233 facere
3838 4186 3896 4234 et

2305 4259 2682 4315 coessentiale.
2726 4260 2871 4317 Deus
2885 4270 2943 4317 et
2967 4279 3122 4319 suum
3146 4263 3345 4331 facere,
3372 4266 3475 4321 hoc
3495 4277 3596 4330 est,
3630 4282 3730 4323 sua
3748 4269 3894 4326 actio

2304 4362 2429 4408 sunt
2454 4368 2620 4411 unum
2649 4353 2877 4425 simplex
2926 4364 2983 4411 et
3030 4356 3397 4426 individuum;
3430 4374 3557 4415 nam
3605 4361 3766 4429 Deus,
3797 4362 3894 4434 qui

2305 4455 2390 4501 est
2418 4444 2850 4512 innumerabilis,
2878 4462 3166 4522 numerum
3199 4448 3252 4503 in
3276 4462 3335 4505 se
3361 4465 3465 4506 non
3496 4451 3715 4523 recipit:
3753 4451 3892 4508 Cum

2306 4551 2434 4608 ergo
2461 4535 2727 4597 audimus.
2746 4535 2912 4593 Deum
2935 4539 3116 4593 omnia
3140 4537 3344 4602 facere,
3362 4539 3436 4593 nil
3460 4538 3607 4594 aliud
3632 4539 3896 4597 debemus

2305 4624 2622 4696 intelligere,
2644 4641 2807 4696 quam
2835 4624 3003 4682 Deum
3029 4627 3082 4681 in
3106 4627 3360 4684 omnibus
3385 4644 3527 4696 esse,
3553 4630 3654 4686 hoc
3680 4638 3783 4697 est,
3811 4646 3897 4687 es-

2302 4717 2529 4771 sentiam
2563 4719 2803 4789 omnium
2832 4719 3147 4773 subsistere.
3187 4719 3305 4789 Ipse
3351 4719 3497 4775 enim
3536 4718 3684 4775 solus
3709 4734 3894 4792 perse

2300 4825 2428 4864 vere
2449 4820 2555 4876 est,
2581 4816 2638 4869 et
2658 4824 2840 4875 omne.
2861 4810 3004 4880 Quod
3027 4826 3157 4866 vere
3188 4811 3240 4865 in
3267 4811 3373 4877 bis,
3406 4826 3549 4881 quae
3574 4820 3721 4875 sunt.
3758 4812 3895 4870 dici-

2304 4910 2394 4956 tur
2417 4891 2711 4971 esse,'ipse
2758 4901 2904 4957 solus
2951 4908 3052 4957 est.
3101 4900 3246 4957 Nihil
3296 4903 3441 4957 enim
3489 4917 3699 4965 eorum,
3749 4917 3893 4974 quae

2299 5001 2448 5056 sunt,
2480 5009 2578 5064 per
2605 5008 2665 5049 se
2695 4994 2867 5063 ipsum
2898 5008 3025 5049 vere
3051 5002 3171 5059 est;
3204 4994 3567 5071 quodcunque
3608 5003 3787 5052 autem
3835 4997 3889 5076 in

2286 5100 2364 5138 -ου
2386 5085 2513 5139 chre
2540 5084 2882 5155 intelligitur,
2917 5083 3335 5154 participatione
3377 5084 3546 5155 ipsius
3579 5084 3758 5148 unius,
3796 5085 3891 5155 qui

2297 5175 2444 5231 solus
2473 5192 2569 5246 per
2596 5190 2656 5231 se
2684 5176 2858 5247 ipsum
2891 5183 2996 5241 est,
3028 5191 3157 5232 vere
3186 5191 3305 5232 esse
3336 5176 3534 5245 accipit
3566 5194 3611 5230 ι.
3638 5174 3705 5247 (1,
3735 5176 3851 5245 74.)

2301 5286 2374 5339 tia
2405 5286 2574 5357 patris
2596 5298 2804 5351 natum,
2850 5295 2945 5340 aut
2972 5288 3221 5357 spiritum
3253 5297 3500 5344 sanctum
3533 5303 3601 5344 ex
3652 5292 3890 5349 essentia

2300 5355 2469 5431 patris
2503 5357 2820 5425 procedere,
2857 5355 3080 5431 cumfex
3131 5375 3379 5428 persona.
3403 5360 3570 5431 patris
3605 5369 3765 5416 natus
3817 5366 3889 5419 sit

2300 5426 2460 5499 Illius,
2490 5441 2559 5482 ex
2595 5443 2821 5497 persona
2864 5430 3034 5497 patris
3071 5426 3328 5498 procedat
3363 5426 3585 5499 spiritus
3616 5444 3838 5487 sanctus
3867 5446 3885 5488 :

2299 5497 2685 5573 dici_enim,ex
2711 5507 2859 5568 patro
2891 5497 3294 5573 natum‘lllium,
3325 5497 3569 5573 expatre
3592 5504 3887 5573 procedere
3974 5570 3977 5573 _

2297 5567 2573 5639 spiritum,
2599 5567 2775 5643 neque
2807 5568 3385 5643 tamensnbstantiam
3413 5567 3510 5629 sed
3549 5567 3718 5627 sulam
3765 5587 3885 5643 per-

2298 5638 2802 5711 sunannpatri‘csse
2816 5640 3097 5711 propriam
3128 5658 3173 5692 ι.
3210 5640 3348 5711 (58.)

2368 5708 2442 5770 ib)
2475 5706 2557 5762 Cf.
2592 5707 2689 5762 inf.
2719 5708 2744 5772 ξ
2778 5709 2840 5764 18
2865 5708 2952 5765 20.
3220 5706 3229 5711 ’
3330 5706 3340 5711 ’
3425 5720 3436 5731 “
