4224 6078
637 176 830 248 67,
1172 182 1201 191 ’

1774 181 1861 236 DE
1895 181 1947 237 Ι.
1985 180 2209 237 SCOTU

2324 177 2764 246 DMMENTA'HO.
3850 177 3922 237 68

635 310 657 346 ο
685 291 804 366 ipsa
827 287 1083 348 materies
1110 313 1156 358 ι,
1179 292 1285 355 ait,
1314 308 1332 343 ι
1362 291 1429 347 de
1449 309 1556 364 qua
1578 292 1775 366 legitur
1795 295 1940 352 Deus
1961 271 2225 353 mundum
2250 316 2301 368 Α
2327 310 2472 349 enim
2520 294 2720 365 partim
2746 292 3034 367 contingit,
3065 311 3120 351 ιιι
3149 307 3263 353 toto
3294 296 3414 354 fieri
3450 293 3595 353 Deus
3634 311 3744 354 non
3769 297 3919 360 sinit,

633 383 850 452 fecisse,
865 383 937 440 ab
951 384 1070 455 ipso
1088 394 1143 441 et
1160 385 1213 441 in
1229 384 1349 456 ipso
1359 394 1466 449 est,
1485 392 1541 439 et
1557 383 1739 456 ipsein
1761 400 1823 441 ea
1838 393 1946 453 est,
1963 394 2227 458 quantum

628 477 951 550 intelligitur
978 493 1041 534 ea
1072 491 1194 542 esse
1222 495 1236 533 :
1268 490 1378 536 non
1409 478 1554 535 enim
1598 478 1805 550 indiget
1822 478 1976 535 Deus
2003 477 2229 535 alterius

629 569 917 635 materiae,
949 584 1091 642 quae
1115 568 1230 640 ipse
1266 583 1372 623 non
1401 568 1474 624 sit
1493 606 1507 632 ,
1549 567 1605 623 in
1633 584 1743 639 qua
1771 583 1831 625 se
1855 568 2032 638 ipsum
2064 566 2225 634 facit;

627 659 871 731 alioquin
921 659 1189 731 impotens
1238 658 1512 717 videretur
1554 669 1611 716 et
1655 659 1714 715 in
1757 674 1819 717 se
1861 658 1981 732 ipso
2028 659 2272 728 imper-ﬁ

562 772 565 775 '
627 753 803 812 fectus
831 776 874 808 ι.
1332 790 1336 793 η
1505 804 1513 814 ,

699 842 762 901 ll.
803 861 823 896 ι
859 842 1156 917 (Deusest)
1183 857 1349 900 causa
1377 843 1616 899 creatrix
1642 841 1994 900 existentinnt
2022 851 2079 896 et
2118 854 2226 896 non

624 935 975 993 existentium
1005 933 1281 1003 omnium,
1323 951 1355 992 a
1389 928 1537 991 nullo
1572 942 1787 999 creata,
1817 949 1984 989 unum
2018 931 2223 1002 princi-

624 1029 795 1101 pium,
842 1035 959 1085 una
991 1028 1162 1102 origo.
1209 1044 1351 1085 unus
1383 1037 1439 1084 et
1483 1025 1805 1083 universalis
1850 1026 2228 1083 universorum

626 1121 766 1188 fons,
799 1138 832 1177 a
864 1120 1013 1176 nullo
1053 1136 1305 1188 manans,
1334 1120 1463 1176 dum
1506 1119 1575 1176 ab
1599 1132 1670 1177 co
1710 1128 1935 1174 manant
1959 1115 2140 1173 omnia
2179 1136 2222 1169 ι.

626 1212 741 1285 (tv.
777 1214 849 1285 l.)
1282 1260 1287 1265 .
1434 1285 1439 1291 ⁸
1562 1268 1565 1269 ,

696 1306 782 1362 lll.
826 1328 842 1358 ι
876 1306 1173 1378 ipsc-Deus
1196 1305 1441 1361 omnium
1472 1315 1556 1360 est
1582 1303 1761 1361 factor
1796 1315 1852 1361 et
1889 1303 1943 1359 in
1971 1304 2228 1360 omnibus

624 1403 823 1468 fartus,
853 1411 912 1457 et
955 1401 1083 1459 dum
1118 1416 1280 1472 super
1305 1399 1490 1457 omnia
1517 1385 1819 1470 quaeritur,
1856 1397 1913 1454 in
1956 1396 2102 1453 nulla
2144 1396 2227 1452 in-

621 1494 843 1549 venitur
880 1491 1152 1557 essentia;
1186 1490 1427 1547 nondum
1453 1490 1600 1547 enim
1628 1496 1713 1545 est
1739 1502 1863 1544 esse
1891 1504 1907 1542 :
1939 1486 2068 1542 dum
2097 1502 2231 1543 vero

623 1584 681 1640 in
708 1583 964 1655 omnibus
1010 1580 1347 1654 intelligitur,
1396 1578 1472 1636 nil
1517 1578 1576 1634 in
1622 1577 1714 1646 iis,
1767 1576 1875 1633 nisi
1914 1574 2063 1633 solus
2110 1574 2225 1647 ipse

2331 383 2489 454 cujus
2512 399 2617 441 nec
2640 385 3015 444 universitatis
3040 387 3321 461 turpitudo
3343 387 3517 460 turpis
3534 399 3618 446 est
3632 428 3651 456 ,
3679 404 3783 448 nec
3804 404 3918 446 uta-

2328 473 2443 531 litia
2475 485 2656 544 nocet,
2686 491 2787 533 nec
2809 492 2966 537 error
2991 464 3144 535 errat
3176 496 3225 534 ι.

2399 567 2574 638 Atque
2594 569 2782 624 eodem
2804 569 2968 625 modo
2986 570 3151 627 etiam
3171 569 3305 639 alibi
3323 569 3415 644 (cf.
3440 569 3529 638 lli,
3556 572 3645 649 i7)
3669 582 3726 629 et
3747 585 3929 630 rectae

2330 660 2558 718 rationis
2598 670 2657 716 et
2698 661 2983 729 doctrinae
3026 661 3372 722 Christianae
3408 666 3684 722 sententia
3731 649 3934 741 (iulius

2331 767 2514 808 rerum
2546 753 2917 812 univcrsitatis
2952 755 3314 814 substantiam
3352 773 3384 814 a
3414 759 3715 816 substantia
3743 759 3931 815 divina

2326 856 2450 898 esse
2474 841 2692 913 penitus
2712 843 3007 917 diversam)
3037 845 3258 903 disertis
3283 847 3465 904 verbis
3488 837 3651 920 atque
3677 849 3746 905 de
3772 849 3925 907 indu-

2328 935 2464 992 stria
2491 934 2773 1001 refellitur,
2806 951 2908 993 nec
2937 952 3045 993 non
3074 938 3310 995 ludibrio
3336 937 3455 995 fere
3477 939 3731 995 babctur.

2403 1022 2468 1079 γ.
2506 1022 2670 1082 Hisce
2714 1038 2883 1082 unum
2916 1027 3159 1100 denique
3201 1028 3381 1085 locum
3431 1028 3801 1101 adjicientus,
3835 1029 3927 1100 qui

2318 1116 2495 1199 etiam
2520 1120 2629 1175 .boc
2649 1117 2868 1187 doceat,
2890 1135 3057 1192 quam
3077 1121 3274 1179 acerbe
3296 1138 3364 1179 ac
3398 1122 3703 1194 petulanter
3730 1122 3933 1180 Scotus

2328 1224 2520 1266 sacrae
2549 1209 2867 1284 Scripturae
2902 1228 3143 1279 sensum,
3173 1223 3234 1269 ut
3272 1213 3344 1270 ad
3367 1228 3522 1270 suam
3554 1230 3678 1273 eum
3702 1225 3931 1271 senteu-
4033 1258 4039 1265 .
4113 1204 4117 1211 ’

2330 1302 2461 1358 tiam
2484 1304 2823 1377 detorqueat,
2850 1306 3147 1373 vexaverit,
3175 1306 3575 1378 depravaverit,
3602 1305 3930 1379 corruperit.

2330 1392 2534 1449 Verum
2560 1393 2699 1452 haec
2722 1411 2813 1452 res
2837 1408 2920 1452 est
2940 1396 3186 1470 profecto
3208 1411 3296 1463 ea,
3322 1411 3463 1469 quae
3484 1396 3634 1453 sanis
3654 1396 3937 1471 mentibus

2328 1501 2599 1547 summam
2629 1496 2745 1544 tum
2770 1488 3182 1546 miserationem
3211 1498 3329 1546 tum
3355 1487 3783 1562 indignationem
3819 1503 3931 1547 non
3979 1516 3984 1521 ε

2328 1594 2549 1637 movere
2575 1594 2686 1638 non
2716 1590 2902 1653 queat.
3040 1636 3045 1641 .
3118 1566 3123 1571 i

619 1675 891 1742 subsistit,
922 1684 978 1730 et
1004 1687 1182 1744 neque
1208 1681 1295 1728 est
1321 1672 1449 1738 hoc,
1477 1670 1584 1728 hoc
1607 1678 1956 1735 autemnon,
1986 1667 2224 1725 sed‘ont-
2253 1666 2302 1728 Β
2397 1668 2582 1729 luitis
2606 1670 2795 1743 igitur,
2814 1672 3013 1745 quibus
3037 1671 3176 1729 nibil
3202 1672 3438 1731 fortasse
3459 1687 3698 1746 unquam
3726 1672 3930 1731 dictum

620 1766 711 1824 nia
740 1774 862 1823 est:
886 1763 1117 1836 proinde
1137 1778 1202 1819 ex
1232 1759 1793 1834 superessentialitate
1813 1774 1947 1816 suae
1970 1768 2222 1825 naturae,

621 1858 677 1915 in
705 1872 814 1930 qua
843 1855 1043 1913 dicitur
1077 1870 1187 1912 non
1217 1868 1362 1922 esse,
1391 1854 1631 1927 primum
1657 1852 1994 1910 descendens
2028 1851 2089 1907 in
2114 1851 2225 1924 pri-

621 1948 979 2008 mordialibus
1002 1948 1228 2022 (causis)
1258 1962 1303 2003 a.
1325 1960 1387 2003 se
1423 1945 1541 2020 ipso
1567 1954 1809 2014 creatur,
1845 1952 1902 1999 et
1933 1943 1998 2001 fit
2024 1941 2224 2017 princi-

606 2041 769 2111 pium
810 2038 991 2096 omnis
1026 2038 1315 2104 essentiae,
1358 2036 1540 2093 omnis
1581 2036 1751 2102 vitae,
1793 2033 1978 2092 omnis
2019 2032 2221 2091 intelli-

619 2131 868 2206 gentiae,
898 2141 954 2188 et
982 2130 1249 2196 omnium,
1283 2144 1426 2202 quae
1466 2129 1522 2184 in
1561 2125 2001 2199 primordialibus
2041 2126 2233 2184 causis:

619 2225 955 2293 considerat,
991 2223 1236 2295 gnostica
1280 2223 1489 2280 tbeoria
1525 2239 1539 2278 :
1573 2221 1769 2279 deinde
1807 2236 1874 2279 ex
1898 2221 2223 2294 primordia-

618 2318 761 2376 iibus
803 2318 1005 2383 eausis,
1029 2333 1176 2389 quac
1202 2315 1549 2374 medietatem
1578 2313 1853 2385 quandam
1881 2313 2027 2370 inter
2050 2311 2223 2370 Deum

616 2420 667 2463 et
711 2416 1023 2466 creaturam
1055 2408 1325 2473 obtinent,
1359 2407 1463 2462 hoc
1483 2414 1590 2471 est,
1624 2404 1769 2470 inter
1790 2404 1937 2462 illam
1968 2390 2223 2462 iiteti'abi-

613 2498 723 2564 lem
759 2498 1374 2571 superessentialitatem
1415 2511 1582 2569 super
1607 2508 1829 2552 omnem
1863 2493 2221 2560 intellectum,

514 2605 519 2608 ·
599 2597 674 2646 ‘ct
709 2590 1056 2646 manifestam
1084 2587 1518 2645 substantiaiiter
1545 2597 1817 2651 naturam,
1849 2585 2004 2658 puris
2024 2584 2225 2642 animis

617 2680 967 2751 COnspicuus,
994 2677 1336 2735 descendens
1377 2677 1433 2734 in
1461 2675 1749 2733 eﬂ‘ectibus
1776 2675 2019 2748 ipsarum
2050 2673 2132 2738 fit,
2167 2682 2226 2731 et

618 2770 905 2829 manifeste
941 2772 995 2828 in
1028 2771 1372 2841 tbeopbaniis
1414 2768 1806 2840 suisaperitur
1830 2781 1849 2825 :
1877 2767 2074 2823 deinde
2119 2781 2221 2838 per

618 2863 943 2936 multiplices
989 2861 1282 2919 elice-tuum
1325 2859 1534 2918 formas
1579 2876 1752 2932 usque
1797 2860 1867 2916 ad
1906 2868 2220 2917 extremum

619 2955 785 3012 tutius
820 2953 1058 3010 Naturae
1105 2954 1378 3020 ordinem,
1420 2966 1531 3025 quo
1571 2967 1800 3024 corpora
1840 2951 2216 3021 continentur,

2327 1761 2401 1818 sit
2419 1761 2665 1833 delirius,
2688 1779 3029 1836 quorumque
3044 1772 3257 1836 partem
3277 1764 3394 1837 jam
3415 1779 3581 1836 supra
3604 1763 3655 1838 (ᾗ
3671 1764 3766 1821 29.
3786 1763 3817 1838 ς
3836 1763 3931 1835 55)

2325 1852 2637 1924 retulimus,
2660 1854 2759 1913 sed
2783 1854 2971 1913 multis
2998 1857 3066 1912 de
3090 1855 3211 1928 ipso
3249 1855 3479 1913 Genesis
3498 1855 3724 1912 eiordio
3749 1850 3935 1913 effuti-

2323 1946 2417 2013 tis,
2445 1946 2582 2004 haec
2602 1946 2871 2006 docentur
2897 1965 2913 2004 :
2942 1967 2961 2001 ι
2993 1947 3117 2004 Fiat
3139 1948 3233 2005 lux
3259 1970 3279 2002 ι
3304 1948 3318 2005 l
3343 1949 3442 2006 hoc
3472 1961 3558 2004 est
3589 1967 3607 2001 ι
3635 1947 3936 2020 procedant

2322 2038 2710 2112 primordiales
2726 2054 2928 2096 causae
2946 2053 3018 2095 ex
3044 2037 3683 2111 ittcomprebensibilibns
3703 2047 3935 2095 naturae

2324 2121 2457 2189 suae
2472 2131 2778 2195 secretisin
2801 2132 3010 2189 formas
3029 2142 3086 2190 et
3105 2133 3317 2204 species
3336 2130 3864 2204 comprehcnsibiles
3878 2149 3900 2187 ι
3911 2137 3946 2188 .’

2329 2240 2352 2277 ι
2380 2222 2448 2279 Et
2474 2221 2616 2279 facta
2640 2231 2726 2280 est
2747 2222 2838 2279 lux
2872 2242 2922 2291 i,
2944 2224 3050 2281 boc
3073 2233 3158 2280 est
3192 2241 3213 2277 ι
3244 2222 3358 2281 Deo
3379 2221 3596 2299 volente
3626 2235 3694 2279 ac
3717 2222 3937 2300 dicente

2324 2317 2633 2375 obscuritas
2675 2315 3113 2387 primordialium
3158 2330 3449 2385 causarum
3509 2314 3568 2372 in
3616 2313 3826 2373 formas
3876 2323 3936 2373 et

2323 2410 2537 2482 species
2573 2408 2842 2480 processit
2864 2417 3082 2480 apertas
3106 2427 3157 2464 ι.
3185 2428 3205 2462 ι
3242 2407 3321 2473 ,Ει
3343 2406 3529 2465 divisit
3555 2406 3700 2465 Deus
3722 2422 3758 2466 a
3784 2417 3939 2466 tene-

2325 2502 2440 2560 bris
2460 2502 2629 2568 »,boc
2654 2513 2740 2558 est
2764 2520 2785 2554 ι
2821 2501 3131 2575 segregavit
3156 2501 3411 2559 notitiam
3428 2500 3718 2559 el'ectuum
3741 2501 3814 2558 ab
3836 2500 3937 2558 ob—

2324 2591 2590 2647 scuritate
2638 2604 2862 2646 suarum
2918 2589 3302 2665 principalium
3359 2604 3672 2648 causarum.
3724 2587 3933 2646 Divisio

2323 2680 2525 2754 quippe
2551 2679 2689 2737 lucis
2726 2695 2759 2735 a
2788 2680 3032 2738 tenebris
3059 2691 3146 2737 est
3171 2680 3433 2739 discretio
3456 2695 3666 2747 rerum,
3689 2694 3792 2752 per
3816 2677 3935 2736 for-

2325 2787 2444 2828 mas
2485 2782 2543 2827 et
2585 2772 2798 2843 species
2839 2772 3244 2843 apparentiutn,
3274 2788 3310 2828 a
3347 2771 3634 2845 principiis
3678 2771 3828 2838 suis,
3878 2772 3931 2828 in

2323 2863 2521 2936 quibus
2546 2878 2768 2920 omnem
2794 2873 3057 2936 superant
3080 2863 3416 2922 intellectum
3444 2883 3492 2920 ι.
3514 2863 3749 2936 ideoque
3776 2868 3935 2937 prae—

2324 2954 2461 3012 dixit
2484 2969 2502 3009 :
2524 2972 2540 3005 ι
2562 2952 2632 3009 Et
2651 2953 2944 3010 viditDeus
2965 2952 3312 3025 lucent,'quia
3328 2960 3479 3012 esset
3493 2953 3638 3012 bona
3654 2973 3676 3008 ι
3692 2993 3711 3022 ,
3724 2954 3831 3011 hoc
3850 2965 3942 3011 est

604 3047 881 3122 procedit,
914 3061 978 3102 ac
1016 3046 1098 3101 sic
1128 3045 1395 3101 ordinate
1418 3044 1472 3101 itt
1512 3044 1708 3099 omnia
1729 3043 2057 3116 proveniens
2093 3040 2221 3097 facit
2248 3026 2295 3091 C
2332 3062 2352 3097 ι
2384 3038 2596 3116 placuit
2638 3044 2770 3109 Deo,
2809 3041 3105 3118 originaies
3132 3040 3348 3113 causas,
3381 3052 3513 3104 ante
3530 3059 3753 3102 omnem
3778 3058 3938 3102 crea-

612 3138 818 3205 omnia,
834 3145 890 3193 et
909 3136 970 3193 tit
992 3136 1046 3193 in
1067 3134 1321 3192 omnibus
1332 3134 1541 3201 omnia,
1554 3143 1629 3200 ει,
1644 3133 1773 3191 dum
1795 3133 1851 3189 in
1865 3132 2121 3191 omnibus
2133 3130 2218 3201 fit,

614 3228 990 3303 superonmia
1020 3242 1144 3283 csse
1171 3242 1278 3282 non
1303 3224 1504 3282 desiuit
1521 3267 1536 3293 ,
1563 3242 1628 3283 ac
1655 3227 1723 3283 de
1753 3225 1925 3282 nihilo
1950 3222 2082 3281 facit
2099 3240 2221 3281 ont-

616 3320 728 3385 nia,
752 3319 821 3374 de
840 3334 940 3374 sua
959 3314 1171 3375 scilicet
1186 3316 1749 3390 superessentialitate
1769 3315 2019 3388 producit
2038 3331 2223 3373 essen-

617 3413 744 3475 tius,
767 3412 835 3467 de
858 3408 1287 3487 supervitalitate
1308 3410 1468 3475 vitas,
1493 3408 1560 3465 de
1587 3407 2220 3480 superbttellectunlitate

615 3501 942 3567 intellectus,
973 3501 1039 3558 de
1065 3500 1352 3573 negatione
1378 3498 1645 3564 omnium,
1674 3513 1817 3571 quae
1847 3508 1973 3555 sunt
1996 3491 2219 3569 et'quae

616 3605 726 3653 non
754 3605 901 3659 sunt,
932 3594 1322 3656 aliirtnationes
1344 3591 1609 3660 omnium,
1640 3608 1785 3663 quae
1812 3602 1960 3658 sunt,
1990 3602 2044 3647 et
2076 3607 2219 3665 quae

616 3707 723 3746 non
746 3700 873 3746 sunt
899 3711 945 3743 ι.
979 3688 1087 3762 (ill,
1110 3687 1227 3758 20.)
1254 3686 1341 3744 Cf.
1371 3696 1657 3760 praeterea
1682 3685 1766 3749 ili,
1786 3685 1842 3745 ι.
1869 3686 1952 3741 i7.
1972 3684 2066 3750 25,
2092 3685 2216 3757 qni-

616 3783 720 3840 bus
744 3781 880 3839 locis
900 3781 1089 3838 eadem
1116 3795 1206 3838 res
1234 3779 1427 3837 iisdem
1452 3777 1570 3836 fere
1605 3777 1787 3836 verbis
1808 3778 2082 3843 declarata
2109 3787 2215 3836 cst.

687 3898 776 3955 iV.
810 3897 1024 3961 Scottis,
1051 3904 1340 3969 postquam
1364 3910 1463 3962 ea,
1486 3909 1628 3967 quae
1651 3894 1811 3951 modo
1836 3893 1889 3969 (δ
1916 3893 2006 3960 58,
2036 3892 2124 3960 ill,
2151 3894 2218 3951 de

615 3992 725 4048 dir.
757 3990 881 4046 Nat.
911 3989 1012 4055 ill,
1036 3989 1130 4069 20)
1158 3989 1386 4061 integris
1413 3987 1533 4059 ejus
1559 3986 1741 4045 verbis
1769 3986 2039 4066 explicata
2067 3998 2215 4053 sunt,

613 4082 933 4148 cdisseruit,
965 4082 1070 4140 bac
1113 4081 1324 4137 ratione
1358 4078 1536 4152 pergit
1566 4095 1582 4133 :
1622 4096 1641 4132 ι
1678 4076 1825 4134 Haec
1858 4077 2032 4134 ardua
2059 4075 2219 4133 valde

616 4185 768 4250 sunt,
790 4183 845 4233 cl
868 4191 899 4230 a
922 4172 1173 4231 sensibus
1191 4160 1495 4245 corporalia
1517 4180 1575 4229 et
1599 4156 2217 4245 visibilia‘cogitantium

617 4277 857 4333 remota;
907 4268 996 4327 bis
1037 4280 1186 4333 vero,
1225 4265 1319 4338 qui
1360 4263 1719 4336 spiritualiter
1756 4263 1813 4320 in
1845 4262 2217 4336 cognitionem

618 4364 864 4421 veritatis
888 4361 1211 4427 ascendunt,
1242 4351 1527 4433 verissime
1548 4357 1882 4415 clarescunt.
1913 4355 2048 4427 Quis
2068 4354 2216 4414 enim

615 4454 821 4509 claram
850 4449 1150 4523 sapientiae
1175 4448 1351 4527 lucem
1380 4462 1607 4517 cernere
1634 4444 1936 4529 nolentium
1962 4444 2216 4505 taliaau-

616 4544 773 4602 diens
805 4557 915 4600 non
946 4541 1203 4599 continuo
1232 4536 1485 4616 erumpat
1511 4558 1529 4595 :
1563 4556 1584 4594 ι
1616 4536 1933 4623 insaniunt,
1957 4539 2052 4610 qui
2080 4536 2217 4595 haec

617 4632 841 4691 dicunt?
865 4631 1147 4703 Quomodo
1167 4630 1312 4693 enim
1336 4630 1477 4705 Deus
1501 4622 1818 4715 invisibilis,
1832 4624 2213 4701 incorporalis,

615 4719 1049 4795 incorruptible
1079 4726 1259 4797 potest
1300 4734 1334 4775 a
1378 4732 1442 4779 se
1487 4708 1621 4794 ipso
1651 4708 2009 4784 descendere,
2055 4724 2113 4775 at
2156 4729 2219 4775 se

572 4878 579 4885 ,
614 4814 882 4891 ἰμωιιιὶη
909 4810 1164 4871 omnibus
1192 4800 1504 4880 crearunt
1536 4809 1617 4870 sit
1644 4807 1831 4869 omnia
1855 4808 1912 4866 in
1937 4807 2215 4873 omnibus,

615 4919 676 4967 et
702 4921 875 4981 usque
901 4905 971 4961 ad
999 4911 1277 4963 extremas
1307 4902 1471 4983 hujus
1503 4898 1693 4958 mundi
1719 4898 1952 4957 visibilis
1977 4895 2215 4969 turpitu-

616 5003 776 5061 dines
810 5011 866 5059 et
903 4997 1283 5072 corruptiones
1316 4993 1636 5059 vilissimas,
1670 4989 1876 5052 formas
1911 4997 1969 5047 et
2005 4987 2217 5061 species

616 5089 934 5167 procedere,
965 5098 1025 5145 ut
1056 5089 1171 5161 ipse
1199 5084 1367 5143 etiam
1396 5083 1456 5141 in
1493 5082 1563 5140 iis
1593 5081 1688 5149 sit,
1717 5080 1765 5137 si
1794 5078 1978 5136 omnia
2015 5079 2073 5135 in
2098 5092 2215 5136 om-

617 5186 778 5243 nibus
803 5194 889 5241 est
920 5182 984 5238 i?

618 5262 621 5263 ⁷
696 5296 718 5332 ι
752 5277 1012 5350 ignorans
1047 5272 1209 5346 (est),
1252 5269 1349 5343 qui
1395 5266 1531 5326 dicit
1572 5263 1778 5321 nullam
1830 5258 2227 5335 turpitudinem

620 5374 676 5432 in
716 5367 1071 5427 universitate
1118 5363 1287 5420 totius
1331 5367 1820 5430 creaturaeposse
1860 5355 2034 5419 esset,
2059 5352 2220 5424 Quod

695 5506 772 5575 (α)
817 5501 927 5575 Nec
973 5496 1224 5555 dissimili
1274 5493 1693 5575 rationenatque
1739 5488 2217 5575 interdum_pejtt_s

620 5561 790 5634 etiam
838 5574 888 5628 in
935 5580 1047 5625 toto
1073 5588 1091 5619 ς
1124 5581 1287 5637 opere
1326 5580 1421 5621 sex
1462 5561 1673 5637 dierum
1703 5562 2078 5637 iexponcttdo
2106 5561 2212 5632 (ill,

583 5714 596 5735 .
624 5629 823 5712 ειω,
868 5640 952 5709 iV,
985 5639 1018 5697 5
1045 5629 1226 5711 seqq.)
1268 5652 1408 5715 quae
1436 5650 1590 5695 sacra
1620 5629 1906 5710 Scriptura
1944 5629 2030 5693 vel
2059 5629 2216 5706 aper-

2325 3146 2531 3205 turam,
2558 3136 2702 3192 ultra
2728 3131 2950 3193 Omnem
2976 3135 3315 3194 intellectum
3342 3135 3615 3203 conditas,
3644 3135 3937 3195 intellecta-

2320 3227 2424 3294 bus
2445 3226 2560 3284 sive
2581 3226 2834 3284 humanis
2864 3226 2982 3283 sive
3019 3225 3307 3299 angelicis,
3328 3224 3451 3283 luce
3471 3226 3713 3298 quadam
3734 3224 3938 3282 intelli-

2322 3311 2538 3392 gentiae
2584 3317 2902 3390 superfttsas
2951 3316 3293 3375 manifestari
3337 3336 3392 3372 ι.
3444 3335 3465 3369 ι
3517 3315 3938 3389 Appellavitque
4034 3334 4043 3339 ‘
4098 3314 4104 3319 ’

2321 3410 2499 3467 lucem
2525 3406 2691 3477 diem,
2715 3418 2772 3464 et
2800 3406 3053 3466 tenebras
3073 3418 3289 3465 noctem
3322 3426 3342 3463 ο
3359 3446 3375 3474 ,
3400 3407 3504 3465 hoc
3523 3416 3610 3464 est
3639 3426 3658 3460 ι
3689 3416 3935 3464 contem-

2321 3501 2600 3573 plantibus
2626 3498 2826 3556 animis
2861 3499 3164 3571 praestitit,
3206 3497 3709 3556 manifestationem
3748 3497 3937 3555 visibi-

2314 3592 2454 3662 lium
2478 3600 2535 3648 et
2562 3589 2920 3647 invisibilium
2958 3605 3060 3663 per
3100 3590 3309 3647 formas
3344 3598 3402 3647 et
3424 3589 3638 3663 species
3659 3588 3807 3646 diem
3836 3604 3934 3662 ap-

2322 3684 2563 3757 pellare,
2609 3698 2803 3740 eorum
2833 3694 3018 3739 autem
3052 3682 3106 3737 in
3150 3682 3435 3754 principiis
3468 3682 3584 3738 suis
3626 3681 3936 3752 incompre.

2322 3775 2646 3833 hensibilem
2663 3772 3005 3838 altitudinem
3028 3786 3224 3829 vocare
3240 3785 3455 3843 noctem
3478 3792 3525 3826 ι.
3547 3791 3567 3825 ι
3593 3771 3935 3845 Factumque

2324 3877 2408 3924 est
2439 3882 2673 3937 vespere
2713 3873 2771 3921 et
2819 3868 2980 3920 mane
3008 3865 3125 3920 dies
3168 3864 3308 3932 unus
3336 3884 3354 3916 ι
3379 3904 3392 3928 ,
3444 3883 3465 3917 ι
3507 3865 3758 3935 quamvis
3785 3867 3935 3921 enim

2325 3956 2469 4014 inter
2498 3955 2887 4011 obscuritatem
2917 3969 3205 4011 causarum
3230 3962 3286 4009 et
3299 3953 3613 4011 ‘claritateni
3638 3950 3935 4010 cﬂ‘ectunm

2323 4048 2522 4105 divisio
2548 4046 2883 4121 intelligatur
2918 4058 2974 4104 et
3000 4044 3330 4114 differentis,
3377 4053 3730 4118 uuustamen
3759 4045 3936 4121 ident-

2324 4161 2431 4219 que
2460 4145 2577 4201 dies
2604 4156 2709 4212 est,
2744 4146 2848 4201 boe
2873 4153 2983 4210 est,
3013 4160 3156 4201 unus
3197 4159 3391 4202 eorum
3436 4141 3770 4209 intellectus;
3821 4157 3931 4199 non

2324 4235 2474 4291 enim
2497 4235 2604 4292 alia
2625 4245 2876 4292 creatura
2906 4234 3230 4307 intelligitur
3258 4251 3313 4290 tu
3336 4235 3519 4291 causis
3545 4231 3714 4300 facta,
3741 4232 3847 4289 alia
3876 4232 3931 4289 in

2323 4321 2612 4380 effectibus
2658 4338 2944 4386 causarum
2983 4325 3221 4389 condita,
3254 4323 3349 4380 sed
3395 4338 3503 4378 una
3541 4322 3844 4394 eademque
3876 4322 3930 4377 in

2321 4413 2628 4471 rationibus
2676 4415 2946 4481 aeternis,
2997 4414 3163 4471 veluti
3212 4417 3269 4471 in
3316 4414 3638 4484 quibusdam
3691 4413 3933 4483 tenebris

2322 4506 2727 4565 secretissimae
2761 4508 3086 4579 sapientiae,
3109 4507 3256 4564 omni
3279 4504 3556 4562 intellectu
3579 4516 3844 4574 remotae,
3872 4516 3931 4563 et

2322 4600 2381 4657 in
2419 4600 2865 4672 processionibus
2912 4600 3141 4656 rationis
3187 4600 3242 4655 in
3291 4599 3517 4656 effectus
3561 4596 3930 4655 intellectibns

2322 4689 2708 4761 succumbens,
2739 4690 2906 4753 veluti
2941 4691 2998 4747 in
3028 4691 3263 4761 quadam
3287 4690 3377 4750 die
3399 4689 3678 4763 perfectae
3699 4689 3931 4747 notitiae

2323 4780 2674 4842 manifestata
2703 4782 2783 4859 (α)
2816 4802 2865 4839 ι.
2892 4782 3005 4856 (ill,
3034 4780 3156 4856 25.)

2448 4930 2455 4934 -
2902 4889 2909 4899 '
3051 4893 3200 4969 με.

2395 4982 2585 5059 Neque
2610 4983 2851 5044 alienum
2877 4984 3110 5049 videtur,
3138 4987 3186 5043 si
3210 4986 3326 5057 jam
3351 5000 3532 5052 nunc,
3554 4998 3671 5058 quo
3686 4981 3927 5052 fannius.

2324 5077 2420 5151 qui
2444 5080 2582 5136 haec
2609 5078 2803 5137 lecturi
2837 5078 2971 5145 sint,
3014 5092 3240 5137 causam
3278 5084 3643 5151 cognoscant,
3684 5076 3756 5135 de
3793 5091 3930 5151 pan-

2327 5169 2564 5231 theismo
2606 5170 2938 5245 Erigeniano
2977 5184 3104 5226 cum
3160 5168 3269 5226 illis
3308 5168 3680 5243 argumentis,
3726 5182 3871 5242 quae
3895 5185 3927 5226 a

2326 5263 2651 5322 Scbiuetero
2673 5261 2751 5337 (b)
2788 5263 2950 5322 nobis
2982 5261 3232 5337 Opposita
3260 5268 3422 5330 sunt,
3448 5274 3569 5341 run
3596 5268 3773 5320 totam
3796 5276 3926 5323 coa-

2321 5356 2631 5435 fcceritnus.
2917 5404 2920 5407 .
3226 5383 3235 5396 ε

2320 5493 2533 5566 tissime
2568 5498 2823 5566 enarrat,
2858 5488 3222 5561 Erigenianae
3269 5488 3658 5566 philosophi“
3686 5491 3929 5554 decretis

2322 5564 2529 5619 illiaata
2558 5562 2991 5619 distrirouetttttr.

2364 5704 2369 5707 _
2394 5629 2469 5707 (ir)
2497 5632 2578 5692 Cf.
2606 5629 2779 5706 ptael'.
2808 5629 3051 5691 Scitluet.
3080 5645 3137 5704 p.
3160 5642 3414 5690 xvs-xxu;
