4224 6078
307 241 377 300 69
1150 232 1241 295 DE
1278 233 1436 294 VITA
1477 231 1568 291 ET
1606 227 2015 290 PBECEPTIS
2047 225 2098 285 3.
2143 227 2361 288 SCOTI.
2403 261 2469 270 —-
2509 228 2691 284 PARS
2723 226 2787 283 ll.
3518 223 3588 282 70

1023 353 1052 426 ε
1085 350 1175 407 to.

372 443 555 539 itaque
584 475 772 523 nostro
796 465 1010 522 tandem
1034 461 1160 535 jure
1185 465 1288 519 hoc
1315 462 1472 516 nobis
1496 472 1713 514 sumere
1739 457 1890 513 vide—

300 577 442 626 mur,
472 561 727 619 docuisse
757 559 1041 631 Erigenam
1075 573 1133 612 re
1161 568 1216 610 et
1249 555 1393 611 facto
1426 554 1548 618 illa,
1579 552 1774 622 quibus
1803 566 1892 606 su-

299 666 396 722 pra
429 651 485 724 (ﬁ
515 652 607 723 2'2)
637 661 805 706 totam
835 649 952 718 ejus
996 649 1414 718 philosophiam.
1437 644 1707 701 contineri
1752 642 1890 696 dixi-

299 759 437 806 mus,
479 743 908 800 substantialiter
949 757 1014 796 ex
1059 739 1362 795 substantia
1411 737 1593 790 divina
1644 733 1887 796 ﬂuxisse,

300 849 549 889 manasse
573 848 768 889 causas
802 832 1180 902 primordiales
1213 829 1452 883 omnium
1485 842 1690 888 rerum,
1725 839 1890 894 quae-

300 941 509 996 cunque
537 925 640 981 hoc
672 925 1041 979 universitatis
1077 938 1304 992 corpore
1334 920 1887 991 cotnprebetnlantur,

295 1019 540 1088 exempla
584 1019 898 1089 principalia
949 1019 1153 1086 basque
1195 1017 1389 1072 deinde
1428 1029 1625 1068 causas
1658 1013 1890 1084 printer-

293 1111 465 1167 titales
493 1112 546 1166 in
572 1128 760 1166 earum
787 1111 1029 1172 elfectus,
1067 1112 1204 1165 hanc
1244 1111 1416 1179 ipsam
1464 1106 1644 1160 rerum
1674 1107 1891 1160 univer-

293 1195 543 1269 sitatem,
577 1205 931 1275 proﬂuxisse,
976 1217 1361 1274 promanasse,
1394 1203 1466 1254 ita
1502 1209 1561 1252 ut
1610 1214 1784 1269 neque
1821 1198 1890 1252 de

293 1297 510 1366 propria
539 1311 636 1350 sua
666 1298 810 1354 Sede.
835 1311 997 1366 quain
1025 1308 1194 1366 usque.
1223 1296 1290 1348 ab
1317 1291 1471 1346 omni
1491 1291 1811 1347 aeternitate
1834 1288 1887 1340 in

294 1389 414 1460 ipso
443 1392 554 1447 Deo
580 1388 807 1461 ejusque
832 1389 1118 1460 splendore
1141 1387 1361 1460 caelesti
1393 1384 1752 1455 obtinuerint,
1781 1384 1893 1440 sint

292 1483 555 1546 deiectae,
582 1494 638 1538 et
664 1484 779 1540 sola
809 1482 1049 1551 ipsarum
1079 1478 1499 1552 participatioite
1521 1542 1524 1544 γ
1543 1474 1888 1545 substantiali

289 1572 362 1629 sit
380 1575 438 1629 id
467 1573 664 1644 ipsum,
693 1574 839 1644 quod
865 1573 918 1626 in
947 1573 1048 1626 hac
1072 1585 1254 1625 rerum
1287 1567 1644 1648 universitate
1673 1565 1892 1638 proprie

289 1676 413 1719 esse
437 1662 675 1728 dicatur,
705 1664 944 1718 omnium
973 1675 1153 1716 rerum
1179 1659 1504 1716 substantia.
1825 1659 1830 1662 ’

1006 1769 1036 1844 δ
1075 1769 1168 1825 ﬂ.

360 1887 547 1968 Potuit
599 1887 784 1958 igitur,
834 1887 945 1944 imo
987 1901 1122 1942 vero
1161 1886 1330 1942 etiam
1359 1886 1548 1945 debuit
1585 1884 1804 1950 Scotus,
1840 1884 1887 1942 si

288 1979 455 2046 haec,
481 1995 645 2051 quam
672 1981 862 2052 paucis
884 1978 1299 2050 explicavimus.
1331 1993 1460 2034 vera
1488 1976 1606 2048 ejus
1635 1976 1737 2033 fuit
1764 1990 1888 2034 sen~
1950 2008 1952 2010 τ

289 2073 494 2135 tentia,
544 2081 601 2128 et
654 2087 780 2128 cum
832 2071 921 2138 iis,
974 2071 1068 2143 qui
1113 2069 1518 2141 pantbeismum
1565 2078 1885 2139 sequuntur,

287 2178 453 2218 unam
478 2173 685 2217 tantum
708 2162 762 2216 in
780 2162 1035 2218 omnibus
1059 2161 1222 2219 rebus
1241 2160 1599 2223 substantiam
1622 2168 1884 2220 statuere.

283 2270 517 2326 eamque
565 2255 828 2318 dirinam,
875 2257 929 2311 et
978 2270 1088 2310 uno
1131 2255 1431 2324 eodemque
1475 2253 1719 2324 tempere
1759 2267 1885 2308 cum

284 2334 559 2404 communi
611 2347 920 2412 hominum,
979 2348 1072 2416 qui
1125 2355 1271 2404 recte
1322 2345 1598 2406 sentiunt,
1631 2335 1885 2414 loquendi

285 2455 386 2495 usu
420 2441 588 2492 Deum
623 2452 943 2510 agnoscere.
972 2437 1128 2506 cujus
1153 2437 1310 2493 sedes
1349 2436 1506 2506 quasi
1551 2451 1616 2490 ac
1657 2435 1886 2490 domici-

283 2530 419 2587 iium
467 2532 540 2588 sit
587 2544 752 2604 supra
805 2545 1024 2586 omnem
1075 2545 1257 2583 rerum
1306 2538 1588 2587 naturam.
1623 2527 1714 2596 qui
1745 2526 1887 2583 hanc

285 2629 456 2678 totam
487 2636 671 2678 rerum
698 2620 952 2676 naturam
983 2620 1269 2684 creaverit,
1293 2633 1499 2688 suaque
1524 2620 1759 2674 essentia
1779 2657 1795 2684 ,
1827 2627 1888 2674 ut

286 2710 365 2792 ita
394 2711 665 2777 dicamus,
699 2710 1122 2792 superemineat.
1149 2695 1308 2765 Modo
1357 2723 1426 2764 ne
1468 2708 1574 2767 hoc
1612 2710 1887 2781 expressis

285 2790 475 2861 verbis
513 2807 839 2870 contendat,-
874 2790 1246 2860 substautiam
1293 2800 1533 2857 divinam
1581 2801 1652 2857 ab
1693 2815 1885 2856 earum

283 2914 492 2978 rerum,
522 2915 666 2972 quae
687 2892 722 2955 ξι
754 2901 866 2958 Deo
891 2913 1109 2956 creatae
1136 2899 1412 2968 dicantur,
1452 2896 1763 2954 substantia
1785 2913 1882 2967 pe-

282 2990 431 3066 nitus
455 3007 583 3050 esse
604 2992 900 3050 diversam.

1003 3086 1267 3164 θηο.

359 3197 564 3259 Verum
603 3200 883 3257 enimvero
915 3209 1123 3255 tantum
1169 3199 1358 3264 abest,
1393 3210 1480 3258 ut,
1521 3201 1667 3270 quod
1695 3199 1884 3255 ultimo

284 3278 408 3350 loco
433 3289 741 3364 posuimus,
775 3291 923 3348 ullibi
968 3291 1021 3346 in
1068 3291 1223 3347 libris
1247 3292 1315 3348 de
1355 3291 1623 3346 divisione
1649 3289 1885 3346 Naturae

282 3382 654 3448 contenderit,
679 3392 739 3437 ut
765 3381 966 3453 ubique
995 3379 1110 3437 fere
1137 3395 1235 3450 per
1260 3373 1382 3438 ilios
1408 3380 1598 3447 libros,
1623 3381 1707 3435 vel
1734 3379 1884 3436 aliud

279 3472 496 3546 agendo
533 3470 633 3543 (α),
677 3471 760 3528 vel
796 3471 920 3528 data
965 3481 1132 3544 Opera
1175 3487 1262 3532 ea,
1311 3487 1455 3541 quae
1496 3473 1656 3528 modo
1694 3470 1884 3542 paucis

279 3566 678 3638 comprehensa
728 3566 1128 3638 proposuimus,
1175 3565 1454 3630 docuerit,
1504 3581 1569 3622 ac
1601 3575 1882 3635 praeterea

277 3657 449 3716 etiam
477 3657 725 3731 pluribus
759 3657 892 3715 locis
924 3657 1068 3730 (sup.
1096 3657 1134 3732 νς
1172 3658 1270 3724 58,
1307 3659 1348 3712 1.
1393 3659 1482 3730 iV)
1519 3668 1709 3714 contra
1741 3657 1878 3723 illos,

278 3750 373 3824 qui
403 3747 618 3806 diversa
647 3748 903 3816 sentiant,
934 3750 1201 3806 acerrime
1230 3749 1552 3805 defenderit.

351 3840 449 3896 Illa
473 3854 624 3903 vero.
657 3846 801 3911 quae
830 3841 962 3897 item
990 3840 1060 3896 ab
1081 3840 1318 3911 Erigena
1347 3840 1530 3897 doceri
1559 3849 1614 3894 et
1639 3855 1800 3910 posse
1826 3850 1883 3897 et

279 3930 494 3989 debere-
517 3925 1034 3996 animadvertimus,
1069 3948 1088 3982 ι
1121 3946 1243 3987 esse
1281 3931 1373 3987 Dei
1403 3932 1604 4008 sedem.
1630 3931 1786 4003 quasi
1817 3948 1883 3988 ac

280 4019 616 4081 demicilium
644 4027 808 4089 supra
838 4015 1055 4087 omnem
1087 4037 1268 4077 rerum
1295 4033 1544 4077 naturain
1581 4044 1598 4073 ι
1621 4054 1690 4064 -
1710 4043 1726 4074 ι
1761 4009 1882 4079 esse

278 4108 457 4169 Deum
494 4110 665 4168 totius
713 4125 896 4167 rerum
943 4121 1170 4186 naturae
1206 4127 1426 4165 causam
1471 4132 1490 4162 ›
1535 4143 1605 4152 --
1640 4133 1657 4162 ι
1693 4129 1879 4184 super-

273 4202 508 4260 emineri
539 4204 678 4260 hanc
709 4219 893 4260 rerum
930 4203 1338 4260 universitatem
1365 4205 1637 4260 essentiae
1667 4195 1882 4263 divinae

278 4294 614 4368 praestantia
644 4313 664 4346 ι
701 4307 716 4347 :
749 4294 882 4349 bace
909 4289 1095 4366 igitur,
1125 4304 1181 4350 et
1209 4295 1294 4350 his
1319 4295 1516 4351 similia
1554 4297 1605 4351 in
1635 4296 1791 4352 libris
1815 4299 1881 4354 de

277 4385 545 4444 divisione
575 4385 814 4445 Naturae
861 4387 1108 4457 pluribus
1136 4387 1270 4445 locis
1301 4388 1620 4458 reperimus.
1655 4389 1882 4462 Legitur

1917 352 1966 410 Α
1994 343 2248 402 accidens
2278 351 2365 399 est
2405 362 2419 397 :
2472 363 2492 396 ι
2535 354 2594 400 et
2623 357 2813 398 rursus
2850 339 2936 411 (ll,
2974 341 3024 413 i)
3061 359 3074 394 :
3113 361 3130 392 ι
3168 340 3282 396 Non
3322 349 3407 396 est
3443 340 3591 398 Deus

1993 451 2167 506 genus
2213 444 2519 501 creaturae,
2570 449 2671 490 nec
2717 443 2968 489 creatura
3009 433 3218 504 species
3266 431 3393 495 Dei,
3447 431 3594 486 sicut

1994 538 2245 584 creatura
2293 545 2398 585 non
2457 539 2542 584 est
2580 543 2751 599 genus
2801 528 2924 591 Dei,
2972 541 3145 596 neque
3194 526 3336 582 Deus
3381 514 3593 596 species

1993 627 2276 675 creaturae
2305 629 2408 674 est.
2425 651 2495 659 —
2513 619 2652 674 Deus
2682 630 2891 674 nonest
2915 628 3082 673 tntum
3105 626 3388 673 creaturae
3415 627 3593 687 neque

1992 699 2241 767 creat'ura
2271 727 2398 782 pars
2441 711 2570 776 Dei;
2612 727 2710 767 nec
2735 721 2987 766 creatura
3025 708 3107 765 est
3139 708 3308 765 totum
3347 709 3594 775 Μαιδι-

1991 820 2098 874 que
2127 805 2269 859 Deus
2296 819 2422 874 pars
2437 816 2739 860 creaturae.
2761 835 2832 846 --
2847 790 3214 875 Eletaphorice
3226 805 3373 860 Deus
3395 804 3593 859 dicitur

1989 911 2047 953 et
2072 913 2264 968 genus,
2309 907 2363 953 et
2405 907 2598 961 totum,
2623 908 2677 952 et
2705 899 2913 966 species
2945 907 3000 953 et
3038 912 3204 967 pars;
3233 911 3393 952 omne
3420 897 3589 957 enim,

1992 993 2136 1062 quod
2184 992 2237 1046 in
2285 992 2414 1062 ipso
2441 1002 2496 1046 et
2540 1001 2605 1046 ex
2661 991 2779 1062 ipso
2828 994 2943 1055 es't,
2980 991 3374 1044 rationabiliter
3417 989 3484 1045 de
3525 1002 3596 1044 eo

1991 1083 2290 1154 praedicari
2313 1091 2510 1152 poteSt,
2528 1083 2620 1139 sed
2636 1081 2956 1152 intelligibili
2970 1083 3204 1153 quadam
3223 1080 3596 1140 uniiersitatis

1991 1173 2449 1244 contemplatione
2484 1193 2496 1228 :
2525 1174 2937 1230 universitatem
2965 1174 3088 1230 dico
3137 1174 3306 1231 Deum
3343 1183 3401 1230 et
3427 1171 3595 1230 Cm-

1994 1276 2166 1331 turatn
2205 1285 2224 1316 ι
2266 1283 2278 1316 :
2318 1274 2594 1334 postremo
2632 1267 2798 1320 etiam
2846 1267 2947 1320 hoc
2977 1264 3088 1331 (ΙΙΙ,
3116 1268 3210 1333 i):
3246 1273 3265 1317 ἀ
3296 1264 3471 1321 Causa
3509 1275 3593 1321 to-

1993 1350 2099 1412 tius
2121 1356 2492 1412 universitatis
2518 1358 2774 1412 conditae
2801 1359 3034 1411 creatrix
3059 1367 3142 1411 est
3163 1357 3598 1427 supernaturalis

1991 1455 2047 1503 et
2074 1447 2547 1518 superessemialis
2573 1455 2635 1504 et
2657 1460 2818 1516 supra
2846 1462 3061 1501 onmem
3107 1450 3272 1501 vitam
3299 1441 3355 1502 ei
3379 1447 3595 1518 sapien-

1993 1541 2124 1595 tiam
2147 1549 2204 1595 et
2227 1541 2504 1605 virtutem,
2525 1550 2579 1595 et
2604 1555 2767 1611 supra
2793 1543 2973 1594 omnia
2995 1553 3136 1610 quae
3154 1540 3411 1595 dicuntur
3432 1547 3488 1594 et
3511 1538 3595 1594 in-

1993 1627 2307 1704 telliguntur
2334 1641 2389 1688 et
2419 1631 2568 1687 omni
2603 1638 2766 1688 sensu
2799 1631 3192 1704 percipiuntur,
3223 1636 3354 1688 dum
3382 1639 3468 1687 est
3496 1632 3595 1687 bo-

1917 1715 1966 1776 B
1995 1741 2114 1781 runt
2137 1724 2380 1781 omnium
2409 1725 2739 1798 principium
2768 1741 2967 1782 causae
3003 1735 3058 1782 et
3099 1725 3335 1782 medium
3367 1723 3598 1797 impleas

1991 1816 2302 1883 essentiale,
2330 1828 2387 1872 et
2409 1817 2534 1874 linis
2565 1831 3034 1874 consummaus—
3051 1825 3107 1873 et
3127 1817 3364 1873 ambitus
3388 1815 3594 1882 omnia,

1992 1910 2133 1980 quae
2160 1917 2309 1970 sunt.
2335 1916 2391 1965 et
2416 1916 2689 1982 quae'tton
2713 1916 2860 1973 sunt,
2889 1906 3347 1964 circumscribens
3379 1921 3425 1961 ιε

2718 2042 2746 2116 5
2786 2042 2878 2099 ts.

2064 2157 2208 2213 llaec
2236 2157 2399 2229 igitur
2425 2168 2482 2213 et
2511 2157 2597 2213 bis
2623 2156 2842 2218 similia,
2881 2166 2942 2212 ut
2971 2170 3195 2212 necesse
3216 2164 3322 2222 est,
3357 2154 3411 2211 in
3438 2154 3598 2214 libris

1991 2249 2059 2304 de
2105 2249 2371 2306 divisione
2416 2248 2654 2304 Naturae
2696 2249 2968 2319 leguntur.
3013 2251 3083 2302 At
3127 2263 3260 2305 sane
3286 2247 3594 2305 mirandum

1989 2351 2093 2406 est,
2121 2345 2214 2414 qui
2239 2344 2440 2400 tactum
2467 2343 2561 2410 sit,
2589 2353 2647 2396 ut
2678 2341 2905 2406 Scottis,
2931 2357 3098 2413 quum
3129 2341 3263 2397 haec
3299 2341 3413 2396 sola
3441 2355 3596 2398 com-

1992 2450 2210 2490 munem
2241 2435 2519 2490 hnminum
2547 2433 2803 2504 loquendi
2833 2449 2989 2490 usum
3038 2431 3243 2487 referre
3277 2433 3589 2514 videantur,

1991 2529 2127 2582 haec
2155 2537 2334 2583 tamen
2367 2527 2479 2597 ipsa
2507 2527 2666 2598 longo
2707 2526 3056 2597 paucioribus
3085 2525 3240 2590 locis,
3273 2541 3436 2596 quam
3463 2539 3588 2584 στος

1989 2620 2170 2682 dcres.
2201 2621 2485 2690 scripsisse
2514 2619 2968 2690 deprehendatur.

2059 2713 2194 2780 Quis
2219 2724 2402 2768 autem
2445 2721 2549 2774 est,
2579 2713 2708 2784 quin
2749 2712 2951 2776 videat,
3006 2729 3114 2770 non
3160 2728 3282 2770 esse
3313 2709 3456 2770 inter
3489 2713 3595 2774 hos

1989 2801 2158 2866 locos,
2190 2801 2386 2871 quibus
2435 2803 2814 2872 pantheismus
2859 2802 3236 2876 Erigeuianus,
3271 2818 3433 2874 quem
3471 2803 3594 2875 qui-

1989 2897 2111 2951 dem
2139 2912 2301 2967 supra
2330 2896 2757 2964 explicavimus,
2789 2896 2898 2952 ullo
2922 2906 3084 2968 pacto
3114 2896 3494 2962 labefactetur,
3526 2911 3595 2952 ne

1987 2990 2236 3047 dicamus
2267 2988 2600 3059 disjieiatur?
2629 2990 2767 3044 Sunt
2809 2998 3000 3045 contra
3033 2989 3087 3044 in
3115 3004 3303 3046 eorum
3343 2995 3589 3056 numero,

1912 3095 1958 3164 ε
1988 3085 2080 3157 qui
2113 3084 2274 3156 plane
2297 3100 2364 3139 ac
2389 3084 2590 3139 (ὕδωρ
2622 3084 3027 3154 pantheisinum
3051 3082 3320 3138 doceant!

2057 3177 2209 3246 Quae
2231 3180 2399 3248 quum
2424 3177 2495 3231 ita
2519 3177 2650 3239 sint,
2675 3178 2776 3231 hoc
2802 3173 3046 3247 proiecto
3068 3185 3216 3232 stare
3237 3176 3586 3240 arbitramur,

1987 3268 2118 3323 nihil
2158 3267 2370 3322 omnino
2398 3284 2464 3321 ex
2488 3267 2635 3320 libris
2664 3269 2728 3320 de
2755 3266 3013 3321 dirisioue
3043 3264 3289 3322 Naturae
3317 3285 3466 3336 posse
3489 3286 3592 3324 uno

1984 3357 2160 3428 quit-1',
2195 3356 2334 3426 quod
2367 3355 2433 3409 ab
2469 3357 2563 3409 illo
2609 3356 2968 3424 pantheisnto,
3021 3371 3173 3426 quem
3217 3358 3592 3426 einunativttm,

1982 3448 2124 3517 quod
2173 3455 2381 3510 vocant,
2425 3457 2650 3517 systema
2697 3449 2966 3516 rapnruit.
3016 3456 3154 3516 ipse:
3189 3447 3592 3518 Iibemripoue

1983 3537 2234 3593 declaret.
2259 3566 2287 3580 ν
2841 3605 2844 3608 ι
2881 3607 2887 3613 ⁸

2246 3690 2247 3693 χ
2356 3617 2360 3621 ’
2727 3631 2754 3704 §
2784 3617 2873 3687 ti.

2057 3737 2418 3800 Nihilominus
2449 3743 2806 3799 Schluctnrus
2833 3745 2910 3815 (p.
2942 3742 3061 3799 XIV
3107 3745 3292 3816 seqq.)
3321 3740 3594 3807 invenisse

1983 3825 2088 3892 sibi
2119 3836 2357 3898 videtur,
2409 3851 2551 3906 quae
2582 3836 2794 3891 illorum
2833 3835 3094 3892 librorum
3130 3837 3432 3894 doctrinam
3460 3851 3620 3916 pan-.

1981 3925 2212 3986 theismo
2236 3930 2396 4000 plane
2423 3929 2726 3986 absolvant.
2759 3929 2972 4003 Pugnat
2999 3937 3179 3987 autem
3219 3931 3312 3986 illo
3351 3930 3468 3989 loco
3490 3934 3590 3991 ad-

1982 4035 2177 4077 versus
2223 4020 2598 4086 Goerresium,
2650 4020 2737 4075 cui
2789 4021 2931 4076 hanc
2979 4021 3171 4078 tribuit
3219 4025 3589 4082 sententiam:

1987 4131 2004 4161 ι
2035 4113 2258 4168 Scotum
2295 4114 2661 4184 Areopagitae
2705 4112 2857 4167 ideas;
2887 4127 2952 4168 ac
2977 4114 3229 4171 notiones
3257 4117 3589 4175 erolventem
3642 4149 3661 4167 κ

1983 4205 2570 4277 necessitate-quadam
2612 4215 2770 4262 vetus
2801 4207 3128 4276 paullteismi
3183 4209 3482 4278 periculum
3511 4212 3594 4268 iu-

1981 4297 2238 4359 currisse,
2270 4297 2362 4369 qui
2395 4298 2449 4351 in
2476 4297 2698 4370 scriptis
2744 4297 3108 4372 Arecipagitae
3132 4338 3147 4352 .
3179 4339 3192 4352 .
3219 4339 3234 4354 .
3276 4300 3586 4360 latuerit....

1980 4387 2241 4445 Naturam
2269 4391 2512 4446 creatam
2540 4400 2820 4446 creantem
2850 4390 2974 4448 esse
3009 4390 3173 4467 λόγον,
3205 4376 3442 4450 medium
3486 4398 3595 4452 sci-

276 4482 425 4537 enim
469 4480 686 4549 saepius
709 4479 776 4551 (Ι,
807 4475 862 4535 3.
896 4478 928 4536 7
969 4479 1102 4550 cet.)
1133 4496 1150 4536 :
1183 4497 1203 4531 ι
1251 4479 1369 4550 Ipse
1405 4479 1548 4536 Deus
1576 4481 1719 4537 inse
1760 4481 1878 4552 ipso
1911 4468 1958 4529 Ι)
1984 4479 2113 4538 licet
2135 4482 2277 4537 inter
2315 4495 2425 4538 non
2449 4493 2693 4539 creatam
2715 4493 2997 4538 creantem
3019 4482 3236 4555 (Deum)
3267 4494 3320 4540 ct
3349 4488 3588 4542 creatam

276 4569 419 4650 ultra
448 4585 664 4628 omnem
693 4579 1004 4649 creaturam
1029 4569 1176 4625 nullo
1209 4570 1484 4627 intellectu
1515 4575 1876 4642 comprehen-

275 4661 429 4718 ditur
475 4680 495 4714 ι
531 4677 545 4714 :
590 4658 720 4716 item
748 4659 887 4728 (iV,
922 4661 982 4730 t)
1013 4678 1027 4714 :
1056 4677 1078 4714 ι
1114 4661 1258 4717 Deus
1302 4669 1390 4716 est
1429 4677 1595 4729 causa
1641 4661 1880 4719 creatrix

273 4749 627 4808 existeittium
675 4759 732 4806 et
775 4767 880 4804 non
927 4750 1276 4806 existentium
1316 4751 1560 4808 omnium
1589 4773 1608 4804 ›
1644 4756 1658 4809 ;‘
1695 4765 1752 4810 ei,
1778 4754 1882 4810 hoc

274 4843 343 4915 (ι,
376 4843 467 4914 t7)
493 4856 510 4898 :
535 4861 554 4893 ι
587 4841 998 4922 Categoriarutn
1029 4841 1476 4915 signiﬁcationes,
1497 4859 1638 4914 quae
1666 4843 1910 4929 proprie

276 4933 332 4991 in
379 4933 548 4989 rebus
589 4931 826 4988 conditis
860 4932 1276 5005 dignoscuntur.
1315 4933 1383 4988 de
1423 4949 1591 4990 causa
1635 4933 1880 4991 otnnium

279 5043 389 5084 non
417 5025 654 5081 absurde
696 5035 924 5096 possunt
970 5023 1234 5098 proferri;
1285 5041 1386 5082 nec
1431 5035 1610 5081 tamen
1640 5026 1878 5097 proprie,

276 5120 374 5176 sed
424 5118 784 5175 translative:
827 5133 953 5173 nam
998 5117 1044 5173 si
1094 5117 1277 5189 aliqua
1329 5117 1602 5190 categoria
1651 5123 1716 5174 de
1767 5119 1878 5174 Deo

277 5211 498 5282 proprie
537 5211 962 5282 praedicaretur,
1002 5210 1312 5267 necessario
1343 5209 1511 5266 Deum
1543 5227 1712 5283 genus
1757 5217 1877 5268 esse

277 5313 638 5373 sequert-tur;
669 5302 810 5359 Dens
855 5311 1039 5358 autem
1081 5315 1182 5360 nec
1209 5317 1511 5373 genus'nec
1539 5303 1748 5375 species
1776 5319 1877 5360 nec

367 5421 449 5486 te)
483 5418 837 5485 Saepissime.
872 5426 932 5472 ut
961 5419 1065 5473 alia
1095 5431 1392 5476 taceamus,
1423 5399 1626 5486 legitur
1661 5436 1681 5469 t
1715 5432 1878 5478 mun-

297 5493 413 5547 due
430 5481 511 5547 est
539 5481 606 5544 esi
641 5488 753 5544 Dee
780 5508 810 5540 .i
849 5498 1052 5557 etaim
1079 5498 1205 5542 sum
1234 5489 1455 5557 ponetis
1480 5481 1758 5553 eiusdem.
1792 5486 1876 5542 Cf.

297 5575 422 5630 sup.
457 5561 492 5630 ί
523 5559 594 5630 lt)
621 5576 635 5618 :
669 5558 741 5612 de
766 5559 877 5630 div.
905 5555 1030 5615 Nat.
1054 5557 1122 5616 ll.
1151 5555 1322 5630 59-320
1345 5569 1400 5613 ct
1431 5557 1688 5630 απυδ-ἴρηξ
1712 5558 1876 5630 lituo.

367 5627 444 5702 ξι)
460 5627 538 5694 Ex
558 5628 836 5702 (ἔρρε-τοεεί
855 5631 1123 5684 sententia
1141 5629 1497 5685 Schlurterus
1517 5629 1621 5702 huc
1636 5627 1880 5683 scribere

300 5695 531 5761 debuit:
569 5717 592 5756 t
629 5695 892 5753 Naturam
935 5709 1173 5754 creatam
1231 5709 1510 5754 errantem
1563 5699 1722 5767 λόγον
1757 5711 1881 5753 esse

1981 4588 2092 4630 nou
2139 4583 2416 4630 creantem
2470 4572 2835 4645 (Creatorem)
2885 4574 3146 4645 posiium.
3195 4573 3381 4650 itaque
3417 4578 3588 4636 Deum

1985 4665 2185 4720 trinum
2218 4676 2340 4720 sese
2369 4661 2544 4720 Scuto
2561 4679 2686 4719 cum
2711 4674 2964 4720 creatura
2987 4664 3364 4722 miscuisse...
3391 4668 3583 4723 Crean:

1987 4767 2096 4813 tem
2134 4765 2317 4813 autem
2354 4757 2536 4814 creari
2571 4767 2820 4812 naturam
2869 4756 2992 4813 ideo
3017 4757 3088 4814 ab
3115 4758 3348 4830 Erigena
3378 4753 3586 4830 doceri,

1985 4851 2117 4920 quia
2136 4847 2284 4906 Deus
2310 4849 2792 4920 superessentialis
2818 4859 2876 4905 et
2913 4851 3435 4922 superqualitatirus
3456 4849 3589 4916 dum

1975 4957 2053 4996 es
2101 4940 2422 4997 aonomasia
2467 4940 2522 4996 in
2563 4939 3038 5011 pantonomasiam
3081 4952 3180 5013 per
3228 4944 3590 5016 theophanias

1980 5031 2137 5106 quasi
2184 5035 2465 5106 procedat.
2507 5049 2604 5104 per
2646 5034 2789 5090 hanc
2834 5029 3256 5105 processionem'
3295 5035 3586 5108 (quaternis

1980 5140 2080 5197 per
2109 5123 2292 5183 ideas.
2313 5165 2327 5178 .
2350 5165 2364 5178 .
2394 5130 2516 5181 sese
2557 5124 2814 5196 eaplicet)
2856 5127 3262 5203 quodammodo
3303 5128 3482 5184 omnia
3527 5130 3584 5187 in

1978 5219 2234 5276 omnibus
2270 5216 2364 5295 ﬁat
2390 5218 2464 5292 (ὑ)
2497 5240 2542 5275 ι.
3559 5268 3566 5276 .

2051 5304 2395 5389 Adjiciuntur
2420 5313 2507 5368 bis
2542 5313 2675 5386 ipsis
2701 5313 2962 5395 nonnulla
2989 5329 3058 5372 ex
3082 5313 3375 5375 Goerresio
3402 5317 3469 5375 de
3494 5331 3581 5374 m-

1978 5422 2246 5512 EDDLAQP;
2281 5423 2516 5512 E‘rigena
2546 5424 2776 5512 doceri,
2833 5427 2978 5512 quod
3002 5506 3005 5509 _
3031 5411 3264 5512 Erigena
3309 5429 3575 5512 docuerit.

1980 5492 2152 5568 Deum
2182 5492 2250 5548 ex
2303 5492 2620 5568 adnomiasia'
2658 5495 2711 5551 in
2764 5492 3238 5568 pantono'masiam
3289 5515 3390 5568 per
3421 5492 3581 5555 then?-

1978 5565 2210 5690 Ebanirs
2253 5566 2573 5646 procedere,
2624 5579 2728 5622 nec
2758 5565 2891 5649 :non
2918 5568 3042 5624 dici
3074 5583 3253 5638 posse,
3285 5565 3455 5626 Deum
3483 5585 3582 5641 per

2019 5649 2119 5689 anc.
2146 5641 2549 5690 precesston'em
2581 5647 2932 5690 semettnsum
2960 5651 3149 5690 creare
3171 5658 3217 5690 ι.

2019 5649 2119 5689 anc.
2146 5643 2549 5706 precession’em
2581 5643 2932 5709 semetipsum
2960 5651 3149 5696 creare
3171 5658 3217 5694 ι.
