4194 6230
555 344 626 402 75

1703 354 1795 411 DE
1833 356 1882 413 J.
1928 356 2152 415 SCOTO
2189 356 2707 422 COMHENI‘ATIO.
2809 386 2815 392 ι

3781 323 3853 413 re

555 465 930 537 philosophiae
985 460 1348 540 Erigeuiauae
1393 471 1646 527 sordibus
1703 471 1903 530 misere
1948 473 2221 550 depre—‘A
2251 474 2450 543 fuerat,
2477 487 2539 534 ut
2575 478 2743 536 nullis
2781 480 2971 540 usibus
3007 480 3368 552 corporalium
3411 483 3840 544 senmumindi.

553 558 853 624 hendemus
876 560 1214 641 inquinatas.

1260 655 1288 728 ς
1324 655 1415 713 48.

623 763 796 836 Ipsius
824 762 989 836 igitur
1004 762 1096 819 Dei
1127 780 1288 834 opera
1313 767 1517 824 factmn
1544 785 1662 825 esse
1697 770 1749 843 (ᾗ
1775 771 1867 841 55)
1890 771 2146 836 diximus,

546 861 608 909 ut
635 867 834 911 causae
862 853 1245 928 primordiales
1290 859 1343 913 in
1373 857 1600 915 etl‘eetus
1627 877 1758 920 suos
1793 863 2143 933 protlucrent,

544 945 884 1018 proindeque
911 948 1109 1013 omnia,
1154 963 1296 1020 quae
1338 951 1444 1007 hoc
1471 952 1728 1008 universo
1770 953 2144 1017 continentur.

545 1033 850 1096 desumma
889 1040 1152 1114 dignitate
1177 1057 1274 1097 sua
1304 1042 1356 1115 in
1387 1045 1754 1102 conditionem
1779 1045 2148 1115 dejicerentur

543 1128 722 1198 multo
756 1129 1081 1187 deteriorem
1119 1131 1207 1204 (ll,
1242 1133 1352 1203 ll).
1403 1133 1550 1190 Haec
1592 1146 1776 1193 autem
1809 1153 1900 1196 res
1929 1137 2146 1203 divinae

545 1217 778 1280 bonitati
802 1238 910 1279 non
940 1233 1222 1296 repugnat,
1254 1223 1373 1282 ideo
1392 1228 1558 1302 quod,
1587 1247 1608 1279 ι
1643 1239 1703 1288 ιιι
1730 1244 1859 1283 vera
1873 1229 2024 1296 ratio
2047 1231 2146 1286 do-

543 1315 657 1381 cet,
681 1313 915 1377 mundus
945 1313 1048 1375 iste
1064 1316 1116 1369 in
1139 1315 1321 1371 varias
1342 1316 1736 1390 sensibilesque
1754 1320 1967 1389 species
1983 1324 2145 1361 -—'—-

543 1419 657 1463 non
681 1404 852 1471 fuisse
874 1416 1168 1480 erupturus
1187 1408 1296 1464 dici
1317 1419 1517 1480 potest,
1549 1411 1592 1466 si
1614 1411 1758 1468 Deus
1777 1428 1962 1470 casum
1985 1425 2035 1467 ct
2061 1412 2145 1481 in-

541 1496 767 1566 teritum
789 1499 950 1571 primi
984 1500 1242 1567 hominis,
1277 1502 1542 1558 unitatem
1573 1517 1708 1562 suae
1733 1514 1964 1560 naturae
1992 1505 2144 1565 dese.-

543 1591 738 1653 rentis.
766 1606 875 1650 non
919 1593 1322 1663 praevidisset;
1365 1595 1528 1650 homo
1560 1606 1742 1651 autem
1773 1607 1896 1668 post
1930 1596 2143 1667 ruinam

541 1695 698 1742 suam
727 1682 1054 1748 de-sumntis
1083 1684 1303 1753 adima,
1334 1685 1402 1741 de
1429 1687 1670 1744 aeternis
1691 1688 1761 1746 ad
1793 1688 2142 1764 temporalia,

543 1773 614 1832 de
636 1774 1014 1847 spiritualibus
1038 1779 1108 1834 ad
1134 1767 1442 1849 corporalia
1466 1811 1536 1820 —
1560 1811 1631 1822 --
1656 1796 1815 1836 suum
1848 1782 2140 1840 miserabi-

543 1867 650 1941 lem
679 1868 957 1935 interitum
980 1910 996 1938 ,
1036 1871 1129 1928 tali
1162 1887 1337 1943 poena
1363 1873 1908 1945 adinonitus,-potuit
1935 1890 2148 1954 cogno-_

541 1975 721 2028 scere,
753 1971 815 2024 ,nt
849 1963 920 2026 ad
946 1977 1078 2022 suae
1105 1963 1384 2038 dignitatis
1404 1966 1693 2037 pristinum
1726 1973 1926 2023 statum
1953 1967 2142 2038 poeni-

544 2056 711 2119 tendo
739 2045 1061 2129 divinasque
1086 2058 1255 2132 leges.
1284 2075 1424 2132 quas
1466 2069 1843 2134 transgressus
1867 2071 2010 2136 erat,
2039 2061 2147 2119 im-.

540 2145 740 2230 piendo
770 2147 947 2228 redire
973 2149 1349 2221 postularet».
1383 2149 1467 2223 (ll,
1495 2150 1606 2223 l2.)

1258 2261 1288 2338 ς
1327 2263 1418 2322 to.

509 2371 511 2380 “
614 2375 791 2446 Atque
807 2375 940 2439 haec
969 2376 1086 2448 ipsa
1111 2377 1261 2436 Scoti
1287 2379 1449 2437 verba
1477 2379 1642 2437 etiam
1666 2380 1798 2437 illud
1817 2385 2138 2447 ostendunt,

488 2457 670 2540 “Quid
700 2467 769 2524 sit
795 2468 845 2525 ei
883 2460 1043 2541 pruni
1081 2471 1346 2537 nominis,
1385 2481 1443 2526 ut
1485 2488 1610 2529 cum
1649 2471 1919 2548 theologis
1945 2471 2138 2543 loqua-

486 2559 510 2605 ἰ
540 2573 684 2624 mur,
711 2560 1216 2639 praevaricatio..ls
1262 2563 1409 2635 enim
1449 2582 1467 2615 ι
1501 2563 1662 2644 primi
1709 2565 2139 2622 hominis-casus

538 2660 593 2712 et
627 2650 882 2721 interitus
918 2673 936 2707 ι
978 2653 1195 2718 dicitur,
1239 2656 1384 2726 quod
1433 2675 1452 2707 ι
1482 2657 1745 2714 unitatem
1782 2656 1996 2714 divinae
2034 2673 2138 2713 na-

541 2749 697 2805 turae
733 2761 751 2794 ι
787 2742 863 2814 (in
897 2758 1002 2813 qua
1028 2758 1154 2800 cum
1192 2743 1530 2816 reliquarum
1581 2760 1767 2802 rerum
1808 2745 1995 2804 causis
2025 2747 2140 2820 pri-

539 2833 897 2913 mordialibus
925 2835 1202 2908 propriam
1230 2850 1362 2893 suae
1385 2836 1662 2908 dignitatis
1682 2847 1848 2909 atque
1866 2839 2139 2897 essentiae

538 2923 723 2982 aedem
751 2924 1031 3003 obtinebat
1053 2923 1118 3000 [l,
1151 2926 1219 2992 7;
1258 2925 1351 2992 IV,
1381 2926 1485 2995 10;
1516 2927 1580 2993 ll,
1602 2928 1638 2984 6
1659 2928 1901 3004 seqq.]),
1932 2949 1954 2983 ι
1983 2930 2140 2986 dese-

539 3017 731 3084 ruerit,
755 3027 922 3090 atque
967 3019 1040 3075 ita
1079 3019 1147 3076 de
1179 3021 1409 3101 summis
1452 3023 1519 3079 ad
1544 3021 1652 3078 ima
1675 3063 1689 3089 ,
1725 3023 1794 3080 de
1821 3023 2045 3082 aeternis
2067 3025 2139 3082 ad

543 3111 865 3183 temporalia
899 3131 917 3163 ι
949 3142 1021 3168 -.—
1041 3143 1112 3157 ——
1138 3113 1212 3190 sit
1235 3112 1628 3194 deturbatus“
1654 3111 1772 3186 Hoc
1791 3124 1973 3173 autem
2005 3115 2138 3188 Sco-

542 3211 653 3269 tus,
681 3213 744 3259 ut
764 3202 1140 3288 philosophiae
1167 3204 1338 3276 ipsius
1375 3207 1512 3264 satis
1555 3206 1832 3288 convenit,
1864 3207 1940 3262 ita
1967 3207 2133 3266 etiam
2165 3199 2210 3262 C

547 3286 869 3373 constanter
893 3295 1071 3376 docet.
1107 3295 1213 3367 (Cf.
1247 3296 1276 3369 §
1325 3297 1396 3352 50
1424 3296 1604 3368 seqq.)

1261 3408 1290 3484 ς
1333 3407 1421 3464 so.

623 3537 639 3572 ι
673 3518 890 3575 Primus
923 3520 1086 3575 homo
1131 3519 1562 3592 praevaricando
1614 3520 1763 3577 illam
1787 3520 2136 3596 dignitatem,

544 3611 726 3681 quain
760 3611 1205 3684 primordialihus
1232 3611 1417 3669 causis
1440 3620 1670 3670 ornatus
1689 3623 1833 3679 erat,
1869 3612 2135 3673 deseruit.

544 3703 686 3771 llinc
713 3705 786 3760 ab
807 3704 1051 3782 angelica
1081 3706 1149 3761 ad
1169 3705 1484 3778 pecorinam
1506 3720 1616 3762 non
1650 3705 1827 3766 solum
1845 3704 2136 3774 essentiae,

543 3797 644 3858 sed
698 3795 869 3866 etiam
921 3796 1389 3869 multiplicationis
1435 3797 1704 3853 rationem
1753 3796 1980 3853 corruit.
2023 3795 2140 3852 Hac

541 3889 692 3951 enim
714 3889 782 3951 de
807 3904 971 3958 causa
1007 3890 1172 3958 etiam
1203 3889 1259 3952 in
1300 3889 1601 3959 masculum
1631 3897 1688 3964 et
1709 3888 1970 3961 laminam
1996 3886 2138 3943 divi-

545 3995 643 4038 sus
681 3989 787 4047 est,
837 3997 1006 4054 quum
1046 3990 1237 4061 antea,
1284 3982 1344 4060 in
1386 3980 1628 4049 aeternis
1663 3981 1779 4044 suis
1813 3980 2136 4044 rationibus,

546 4085 656 4128 non
700 4071 930 4130 haberet
974 4072 1295 4129 divisionem
1344 4087 1616 4140 sexuum,
1657 4072 1752 4130 sed
1811 4071 2142 4143 simpliciter

546 4149 714 4221 homo
757 4172 924 4226 esset.
965 4162 1277 4236 lterumque
1304 4171 1430 4236 post
1489 4163 1856 4234 universalem
1896 4163 2143 4231 omnium

550 4240 846 4334 corporum
868 4255 1347 4322 resurrectionem,
1368 4270 1510 4327 quae
1537 4255 1592 4317 in
1617 4255 1725 4331 line
1749 4255 1937 4314 mundi
1959 4252 2142 4328 futura

548 4345 770 4424 dicitur,
810 4345 952 4404 haec
978 4362 1208 4408 sexuum
1233 4348 1429 4427 divisio
1454 4337 1564 4412 non
1593 4347 1827 4420 amplius
1870 4347 1998 4405 erit.
2028 4345 2141 4417 Ta-

541 4439 622 4502 lis.
643 4438 870 4505 masculi
890 4448 949 4497 et
969 4438 1206 4502 feminae
1242 4429 1504 4501 adunatio
1544 4440 1600 4499 in
1636 4439 1923 4498 Salvatore
1953 4449 2142 4498 nostro

2250 578 2422 640 geret,
2454 569 2678 642 soloque
2717 571 3106 646 intelligentiae
3136 571 3312 632 oﬁi'cio
3340 574 3615 636 frueretur
3645 589 3695 631 I.
3729 576 3839 650 (IV,

2252 660 2341 729 16,
2376 663 2461 718 l9.

2409 663 2488 734 9.)

2971 756 2999 832 ς
3032 756 3122 814 ss.

2322 867 2430 924 Sed
2473 883 2616 941 quae
2659 872 2877 927 tandem
2928 879 3054 928 sunt
3104 871 3208 928 ista
3256 889 3530 946 nugarum,
3571 874 3844 936 monstra!

2246 957 2374 1017 Ideo
2400 959 2542 1023 hanc
2572 978 2755 1026 rerum
2781 964 3193 1037 universitatem
3222 981 3253 1023 a
3273 965 3387 1022 Deo
3413 968 3708 1034 conditam,
3735 970 3844 1026 sive

2248 1047 2301 1122 in
2351 1060 2555 1125 statum
2603 1051 2934 1126 deteriorem
2981 1055 3280 1120 detrusam,
3316 1067 3374 1112 ut
3421 1057 3649 1124 homini,
3686 1075 3847 1131 quem

2246 1141 2390 1208 licus
2426 1159 2522 1198 sua
2560 1154 2754 1221 sponte
2782 1146 3094 1224 propediem
3128 1147 3269 1202 istuc
3296 1148 3664 1219 profecturum
3692 1166 3850 1223 prae-

2244 1233 2516 1299 scivisset,
2531 1241 2588 1290 et
2605 1236 2918 1306 paenitendi
2937 1249 2992 1293 et
3017 1239 3395 1311 secorrigendi
3421 1243 3645 1314 daretur
3665 1240 3845 1299 locus!

2245 1319 2397 1377 lianc
2438 1323 2611 1398 ipsam
2661 1340 2784 1383 esse
2815 1326 2975 1397 primi
3017 1327 3256 1395 hominis
3295 1332 3846 1402 praevaricationem,

2245 1427 2407 1485 quam
2429 1423 2650 1491 vocant,
2670 1417 2813 1484 quod
2842 1423 2907 1471 de
2928 1432 3216 1474 causarum
3243 1419 3670 1491 printordialium
3696 1424 3847 1494 sede,

2245 1501 2346 1556 hoe
2361 1510 2464 1567 est,
2480 1517 2548 1558 ex
2565 1503 2682 1575 ipso
2697 1505 2810 1562 Deo
2827 1503 3050 1577 ejusque
3066 1506 3207 1563 Filio
3223 1507 3501 1580 unigenito
3516 1512 3568 1566 in
3588 1511 3728 1568 hanc
3745 1521 3851 1578 ter.-

2245 1607 2382 1659 ram,
2413 1596 2592 1664 brutis
2621 1599 2949 1668 animalibus
2981 1598 3344 1673 incolendam,
3374 1616 3496 1658 sese
3533 1604 3842 1674 demiserit!

2243 1683 2360 1757 Non
2386 1687 2547 1743 modo
2570 1696 2692 1758 post
2726 1699 3008 1759 peccaturo
3041 1684 3287 1760 demum,
3311 1695 3405 1764 sed
3433 1695 3598 1750 etiam"
3624 1703 3850 1766 propter

2243 1776 2417 1833 solum
2432 1788 2711 1850 peccatum
2739 1781 2844 1846 ista
2863 1782 3024 1838 unius
3053 1782 3291 1841 hominis
3314 1785 3582 1851 divisione
3597 1786 3730 1841 duos
3745 1788 3846 1841 ho-

2246 1870 2422 1925 mines
2448 1886 2568 1926 esse
2610 1871 2816 1943 factos!
2845 1873 3119 1931 diabolum
3147 1873 3395 1941 homines
3445 1876 3590 1932 intra
3637 1875 3728 1932 teli
3759 1875 3846 1942 sui

2236 1957 2443 2049 iactum
2467 1962 2770 2039 accepisse!
2793 1977 3048 2037 corpora,
3068 1979 3210 2042 quae
3237 1975 3536 2044 gestamus,
3561 1967 3843 2034 hominum

2238 2051 2430 2136 generi
2463 2054 2665 2124 datai.
2766 2051 2770 2056 ’
2869 2110 2874 2114 .

2310 2146 2462 2216 Quae
2515 2157 2602 2205 est
2658 2149 2760 2205 ista
2811 2149 3096 2208 doctrinae
3141 2150 3488 2226 Christianae
3540 2160 3596 2208 et
3647 2167 3843 2218 sacrae

2242 2241 2597 2315 Scripturae,
2643 2253 2704 2300 ut
2747 2243 2822 2300 ita
2869 2245 3150 2312 dicamhs,
3189 2245 3372 2301 irrisio
3411 2255 3469 2302 et
3504 2244 3839 2311 ludiﬁcatio!

2241 2333 2417 2406 Quam
2450 2344 2632 2391 autem
2664 2335 2801 2391 haec
2831 2334 2946 2406 ipsa
2989 2350 3098 2401 res,
3144 2335 3198 2390 id
3231 2337 3374 2407 quod
3408 2335 3567 2391 nobis
3595 2335 3844 2407 profecto

2241 2425 2628 2499 gravissimum
2672 2435 2777 2491 est,
2810 2427 2925 2482 sola
2969 2425 3086 2482 fere
3129 2425 3292 2497 hujus
3329 2426 3450 2482 libri
3499 2427 3842 2498 philosophia

2240 2528 2409 2590 atque
2434 2517 2614 2575 indole
2645 2529 2702 2573 et
2739 2519 2965 2589 prodiit,
3001 2530 3058 2576 et
3086 2521 3307 2590 prodire
3337 2520 3558 2577 debuit!
3591 2518 3842 2594 Namque

2242 2608 2440 2688 Scottis
2475 2611 2793 2682 ceteroquin
2831 2626 2934 2667 nec
2975 2612 3281 2668 doctrinam
3313 2611 3702 2677 Christianam,
3737 2627 3843 2670 nec

2241 2718 2456 2760 sacram
2472 2692 2818 2774 Scripturam
2843 2702 2950 2778 utlo
2971 2712 3130 2786 pacto
3155 2704 3360 2789 sprevit
3379 2714 3476 2761 aut
3499 2705 3837 2789 repudiavit;

2242 2795 2346 2872 hpc
2384 2795 2558 2854 solum
2606 2795 2755 2865 fecit,
2785 2806 2845 2850 ut
2880 2785 3012 2857 suae
3043 2785 3418 2876 philosophiae
3450 2785 3674 2873 placitis.
3694 2799 3840 2870 ipsas

2240 2887 2702 2948 accommodaret.
2741 2886 2896 2956 Quod
2925 2903 3030 2961 qua
3068 2895 3188 2960 arte
3229 2887 3497 2956 eﬂ'ecerit,’
3528 2888 3642 2960 iam
3671 2903 3839 2962 supra

2243 2977 2298 3052 (ι
2328 2976 2417 3040 58.
2451 2978 2494 3034 ι.
2526 2976 2594 3049 ν)
2639 2979 3146 3044 animadvertimus,
3173 2984 3281 3052 "nec
3321 2995 3434 3041 non
3481 2980 3630 3046 illico
3673 2979 3840 3060 claris

2245 3070 2455 3142 aliquot
2485 3069 2830 3128 documentis
2854 3071 3225 3133 ostendemus.

2960 3204 3121 3278 ssi.

2320 3358 2338 3393 ι
2379 3339 2772 3398 Plantationem
2797 3339 2916 3411 Dei,
2943 3339 3256 3413 paradisum
3281 3339 3334 3396 in
3359 3339 3530 3408 Eden,
3556 3355 3666 3398 non
3692 3338 3837 3400 aliud

2244 3431 2414 3488 fuisse
2441 3431 2694 3499 dicimus,
2727 3431 2830 3488 nisi
2869 3431 3040 3502 ipsam
3077 3431 3374 3487 humanam
3403 3438 3682 3513 naturam,
3705 3444 3843 3500 qua-

2243 3535 2401 3606 tenus
2428 3526 2496 3581 ab
2519 3525 2675 3582 initio
2693 3525 2760 3581 ad
2781 3525 3072 3596 imaginem
3089 3521 3186 3593 Dei
3210 3523 3339 3595 (hoc
3365 3533 3450 3580 est
3471 3524 3525 3579 in
3549 3522 3842 3594 principali

2243 3630 2342 3672 sua
2376 3613 2657 3686 dignitate)
2689 3613 2832 3670 facta
2870 3623 3018 3669 esset
3047 3631 3060 3668 :
3091 3613 3146 3670 in
3173 3627 3239 3670 ea
3269 3614 3475 3685 lignum
3504 3613 3652 3670 vitae
3681 3611 3841 3684 (Ver.-

2240 3709 2371 3767 bum
2423 3706 2679 3783 videlicet
2724 3703 2922 3772 Patris)
2957 3719 3176 3762 omnem
3224 3704 3594 3777 fructiﬁcabat
3633 3704 3839 3772 vitam;

2243 3803 2302 3857 in
2326 3799 2446 3870 ejus
2471 3799 2650 3856 medio
2687 3797 2810 3854 fons
2847 3797 3092 3854 omnium
3121 3795 3390 3854 honorant
3429 3797 3644 3869 (eadem
3683 3795 3841 3852 vide-

2242 3890 2371 3947 licet
2393 3888 2577 3946 divina
2603 3887 2892 3964 sapientia}
2915 3887 3201 3953 manabat;
3233 3895 3492 3958 quattuor
3514 3883 3634 3956 eius
3661 3884 3842 3945 ﬂumic

2241 3997 2340 4050 na,
2360 3997 2429 4039 ex
2451 3996 2559 4038 uno
2580 3980 2732 4045 fonte
2754 3977 3055 4046 manantia,
3078 3988 3208 4034 sunt
3229 3986 3490 4050 quattuor
3512 3977 3844 4050 principales

2242 4075 2462 4134 animae
2503 4072 2751 4142 virtutes,
2795 4084 2864 4140 ex
2909 4085 3019 4127 una
3069 4069 3334 4142 sapientia
3376 4067 3734 4141 proﬂuentes,
3771 4083 3840 4125 ex

2244 4164 2444 4245 quibus
2465 4163 2645 4239 omnis
2673 4162 2848 4218 virtus
2881 4171 2938 4230 et
2965 4161 3109 4218 bona
3133 4161 3379 4232 operatio
3406 4168 3581 4224 scatet
3609 4179 3657 4215 ι.

2323 4273 2344 4313 t
2379 4253 2531 4330 linus
2551 4253 2714 4309 homo
2733 4252 2788 4308 in
2806 4251 3059 4324 paradiso
3080 4253 3207 4326 (hoc
3233 4260 3343 4317 est,
3367 4251 3424 4308 in
3453 4251 3542 4308 illa
3566 4249 3844 4308 felicitatis

2220 4337 2577 4421 conditione)
2608 4348 2812 4404 dicitur
2839 4355 3077 4420 creatus,
3102 4361 3213 4418 quo
3248 4345 3303 4402 in
3334 4345 3555 4402 homine
3579 4354 3636 4402 et
3662 4345 3747 4400 vir
3787 4353 3844 4400 et

2248 4442 2445 4499 mulier
2487 4441 2808 4515 {secundum
2850 4435 3042 4499 Patres
3067 4441 3182 4516 0)]
3229 4441 3568 4514 intelligitur.
3611 4439 3710 4497 Vir
3759 4452 3844 4496 cst

548 4545 719 4604 quum
745 4542 1080 4603 resurgeret,
1110 4533 1351 4605 primum
1373 4544 1458 4594 est
1486 4533 1630 4598 facta
1668 4547 1685 4588 :
1727 4532 1782 4590 iu
1803 4545 1872 4588 eo
1892 4533 2060 4598 enim,
2084 4542 2142 4588 ut
2172 4555 2222 4617 ι)
2247 4535 2496 4609 animus,
2535 4541 2682 4601 νοῦς,
2724 4535 3011 4599 universae
3051 4540 3281 4613 naturae
3323 4535 3598 4591 humanae
3635 4534 3844 4605 praesi-

547 4627 629 4684 ait
667 4627 997 4700 Apostolus,
1028 4644 1138 4686 non
1173 4637 1258 4688 est
1298 4630 1575 4689 masculus
1620 4644 1798 4703 neque
1839 4629 2037 4692 {eniina
2094 4649 2151 4699 ρ.

549 4717 704 4794 (11.6
735 4733 891 4793 seqq.
913 4736 930 4786 ;
954 4717 1045 4777 tv.
1077 4721 1132 4780 9.
1164 4722 1254 4780 ta.
1285 4722 1400 4799 is.)

1267 4838 1425 4910 551.

629 4968 647 5002 ι
679 4948 853 5015 Homo
887 4949 1037 5021 prius
1086 4952 1136 5005 in
1183 4951 1364 5031 seipse
1405 4951 1588 5022 lapsus
1617 4937 1723 5015 est,
1762 4966 1928 5027 quum
1975 4965 2006 5005 a
2033 4950 2145 5006 dia-

551 5041 680 5100 ιιοιο
725 5049 1048 5098 tentaretur.
1092 5040 1148 5098 Si
1186 5041 1241 5097 in
1273 5042 1366 5095 illo
1405 5051 1573 5120 statu,
1627 5060 1734 5113 quo
1783 5043 1928 5098 Deus
1967 5043 2144 5113 ipsum

552 5133 807 5204 primitus
834 5133 1168 5197 condiderat,
1201 5133 1519 5200 mansisset,
1547 5133 1600 5189 in
1630 5133 1908 5191 diabolum
1930 5150 2036 5188 non
2065 5134 2149 5188 in-

554 5224 837 5282 currisset.
866 5223 1024 5280 Prius
1043 5237 1174 5296 ergo
1196 5223 1492 5286 descendit,
1525 5239 1820 5298 perversae
1848 5224 2150 5303 voluntatis

559 5324 707 5372 motu
748 5315 1033 5386 impulsus.
1081 5325 1136 5371 ct
1164 5315 1218 5382 in
1259 5330 1345 5372 res
1377 5318 1706 5388 temporales
1731 5333 1790 5373 se
1820 5317 2150 5389 praecipita-

557 5413 636 5466 vit
667 5427 681 5467 :
707 5409 950 5467 cadendo
995 5420 1177 5467 autem
1217 5427 1248 5466 a
1297 5411 1514 5466 diabolo
1557 5413 1835 5467 sauciatus
1865 5421 1922 5466 et
1947 5411 2148 5482 spolia-

559 5512 651 5579 tus
674 5512 757 5560 est
791 5523 837 5557 ι.
871 5501 984 5574 (ιν,
1018 5504 1082 5560 13
1104 5519 1119 5570 ;
1143 5501 1215 5560 cf.
1245 5501 1338 5567 iV,
1370 5501 1488 5590 25.)
1979 5502 1984 5505 ’

1348 5617 1414 5645 αρε»

1275 5618 1302 5691 ς

534 5798 537 5802 Ι
639 5747 660 5780 ι
697 5729 914 5787 Peccati
949 5731 1142 5787 merito
1182 5730 1372 5802 primis
1411 5730 1721 5785 honunihus
1761 5743 1984 5797 corpora
2032 5736 2158 5780 sunt

565 5821 688 5901 data
728 5837 744 5878 :
785 5835 912 5882 ante
959 5834 1245 5896 peceatum
1299 5822 1460 5878 homo
1513 5823 1696 5877 tantae
1759 5819 2156 5894 spiritualilatis

2249 4629 2384 4691 dens
2421 4645 2436 4682 :
2479 4629 2675 4702 mulier
2712 4638 2798 4684 est
2841 4643 3034 4698 sensus
3085 4642 3402 4705 corporeus.
3445 4626 3708 4690 αἴσθησις.
3753 4627 3842 4682 cui

2250 4722 2467 4793 incaute
2507 4722 2856 4778 consentiens
2903 4721 3120 4776 animus
3169 4716 3437 4798 perditur.
3469 4719 3573 4788 Qui
3641 4718 3742 4774 fuit
3788 4719 3841 4773 in

2252 4812 2344 4868 illo
2371 4813 2625 4885 paradiso
2665 4811 2926 4884 Serpens,
2955 4821 3038 4868 est
3068 4811 3253 4886 illicita
3283 4811 3592 4878 delectatio.
3623 4827 3727 4882 qua
3755 4827 3844 4877 ea,

2250 4919 2390 4976 quae
2417 4908 2696 4960 carnalem
2727 4918 2945 4964 sensum
2980 4902 3270 4963 delectant,
3299 4903 3681 4958 damnabilitcr
3707 4917 3845 4957 eon-

2251 4991 2636 5068 cupiscunturi
2658 4998 2952 5068 Postquam
2986 4996 3150 5052 homo
3185 4995 3240 5051 in
3281 5008 3532 5066 soporem
3575 4993 3764 5049 incidit
3791 5003 3843 5049 et

2248 5089 2597 5165 obdormivit.
2636 5089 2778 5144 Deus
2823 5103 2892 5143 ex
2939 5088 3108 5158 ipsius
3155 5099 3306 5144 costa
3353 5085 3484 5144 fecit
3525 5085 3846 5152 mulierem,

2251 5179 2358 5236 hoc
2397 5187 2502 5245 est,
2531 5193 2699 5251 quum
2729 5177 2892 5247 homo
2933 5176 3078 5245 illam
3117 5176 3285 5232 animi
3328 5175 3706 5237 intentionem,
3739 5191 3850 5244 qua

2255 5252 2556 5341 semper'et
2583 5268 2952 5344 inﬂexibiliter
2977 5278 3285 5330 creatorem
3308 5282 3464 5336 suum
3487 5264 3849 5337 contemplari

2254 5363 2549 5418 debuerat.
2593 5359 2664 5414 'ad
2711 5359 3106 5414 delectationes
3138 5373 3318 5414 rerum
3364 5356 3725 5412 malerialium
3760 5370 3849 5412 re-

2257 5450 2496 5506 ﬂexisset
2535 5460 2590 5505 et
2637 5449 2874 5506 carnalis
2913 5433 3144 5519 capulae‘
3189 5446 3427 5519 appetitu
3479 5445 3744 5508 dedisset,
3789 5461 3850 5500 se

2257 5544 2433 5610 ipsum
2473 5542 2696 5614 omnino
2733 5551 2991 5596 aeternae
3034 5555 3095 5592 ac
3141 5540 3334 5595 beatae
3376 5533 3847 5605 contemplationis

2257 5631 2444 5702 vigore
2500 5633 2834 5703 segregarit.
2891 5632 2942 5684 in
2999 5629 3414 5684 delectationem
3476 5623 3833 5686 sensibilium.

2258 5725 2403 5778 (mini
2435 5725 2632 5777 virtute
2659 5732 2973 5784 evacuatus,
3009 5721 3226 5783 cecidit,
3264 5718 3514 5775 sensibus
3551 5705 3847 5785 spirituali-

2265 5820 2364 5875 bus
2411 5820 2622 5887 penitus
2677 5817 2918 5872 recessit.
2953 5816 3180 5882 Quando
3228 5826 3406 5867 autem
3455 5812 3615 5864 homo
3657 5807 3726 5864 ita
3769 5809 3838 5867 de
