4224 6078
322 395 394 456 Π
1091 383 1212 444 ~DE
1251 381 1413 442 VITA
1450 381 1538 440 ET
1578 372 1921 436 PBAZCEPT

2029 367 2076 426 ι.
2116 354 2334 421 SCOTI.
2380 395 2449 405 —
2487 361 2682 454 PARS.
2702 359 2767 415 ll.
3423 371 3427 375 '
3502 398 3506 402 .
3543 352 3613 409 78

247 535 250 540 λ
323 518 556 569 naturae
597 519 730 566 suae
773 498 1053 578 dignitate
1077 501 1264 574 lapsus
1295 507 1433 564 erat,
1465 496 1629 559 etiam
1659 492 1743 549 sui
1770 488 1908 544 divi-
1938 489 2076 570 Asc
2111 479 2228 578 ipso
2268 476 2580 578 specialiter
2615 469 2865 576 perfecit,
2889 447 3323 578 openeraliter‘in
3363 465 3619 578 omnibus

322 603 534 661 sionem
572 600 627 656 in
671 596 932 656 maritum
959 600 1018 652 et
1048 592 1330 655 feminam,
1363 601 1626 658 suamque
1659 583 1729 640 ad
1769 579 1920 637 simi-

321 690 611 750 litudinem
692 701 955 760 pecorum
1027 681 1474 757 propagationem
1504 718 1517 743 ,
1595 679 1922 733 consecutus

323 791 410 840 est
453 802 500 836 ο.

404 894 426 929 ι
470 864 624 931 Licet
659 872 844 946 plures
890 871 1087 928 harum
1135 880 1321 922 rerum
1351 880 1382 919 a
1423 875 1580 919 sacra
1608 858 1917 929 Scriptura.

325 969 485 1041 quasi
539 975 669 1022 ante
716 963 958 1020 hominis
991 949 1424 1021 casum-factae,
1456 961 1770 1015 narrentur,
1818 949 1920 1004 hoc

325 1067 550 1115 nostrae
577 1054 882 1113 sententiae
916 1068 1022 1108 non
1067 1055 1361 1121 repugnat;
1397 1059 1572 1114 neque
1597 1043 1743 1098 enim
1771 1041 1922 1112 igno-

326 1164 538 1216 ramus,
580 1128 993 1203 usitatissimum
1035 1155 1156 1197 esse
1203 1138 1419 1195 divinae
1448 1136 1764 1205 Scripturae
1805 1141 1919 1186 tro-

323 1254 480 1314 pum,
508 1237 601 1309 qui
634 1251 664 1291 a
690 1234 918 1293 Graecis
955 1233 1174 1305 ὕστερον
1210 1229 1458 1306 πρότερον
1495 1219 1610 1283 εὔιε
1642 1221 1918 1300 πρόληψις,

328 1348 358 1387 a
399 1329 609 1385 Latinis
647 1332 1057 1399 praeposterum
1097 1322 1211 1378 sive
1252 1316 1571 1388 anticipatio
1611 1323 1838 1376 vocatur
1874 1332 1917 1365 ι.

327 1423 442 1498 (tv,
478 1419 683 1492 lli-23.)

1046 1484 1076 1559 θ
1117 1483 1207 1540 55.

404 1603 517 1664 Tali
555 1605 720 1679 igitur
747 1599 984 1659 artificio
1011 1598 1228 1663 Scottis,
1257 1595 1520 1673 quidquid
1561 1607 1749 1651 sacrae
1775 1590 1922 1646 Scri-

321 1697 805 1781 pturagquidqnid
833 1695 1116 1754 doctrinae
1144 1692 1485 1748 Christianae
1523 1690 1575 1744 iu
1601 1688 1770 1758 ipsius
1799 1685 1919 1756 phi-

319 1777 630 1864 losophiam
656 1787 866 1850 incidit,
895 1785 1008 1840 fere
1034 1785 1386 1856 depravatum
1418 1781 1598 1836 habet.
1633 1779 1748 1834 liae
1777 1777 1920 1832 enim

2019 570 2288 645 perﬁciet.
2330 566 2447 623 Non
2498 568 2624 622 dico
2661 563 2714 619 in
2757 561 3010 618 omnibus
3056 557 3385 643 hominibus
3413 555 3617 614 solum-

2022 664 2203 727 modo,
2235 661 2331 716 sed
2375 659 2428 714 in
2469 656 2617 713 omni
2661 650 2903 710 sensibili
2941 660 3209 706 creatura.
3240 646 3418 718 Ipsum
3450 646 3620 717 siqui-

1981 792 1983 795 -
2021 755 2146 812 dem
2188 751 2284 808 Dei
2326 749 2592 810 Verbum,
2633 743 2852 816 quando
2879 741 3092 812 accepit
3129 740 3423 795 humanam
3461 746 3617 793 natu~

2021 862 2173 910 ram,
2235 843 2440 900 nullam
2492 851 2733 897 creatam
2799 835 3162 892 substantiam
3217 833 3616 904 praetermisit,

2021 955 2188 1009 quam
2243 952 2353 992 non
2400 931 2742 1004 accepit.'Ac
2772 944 2868 1002 per
2898 929 3021 994 hoc,
3049 925 3094 982 si
3125 927 3422 981 humanam
3463 935 3622 986 natus

2025 1048 2164 1095 ram,
2194 1046 2359 1102 quam
2387 1026 2616 1097 accepit,
2647 1022 2878 1080 sal-vovit
2923 1029 2979 1078 et
3023 1018 3375 1084 restauravit,
3403 1032 3622 1076 omnem

2023 1101 2270 1195 profecto
2297 1127 2629 1182 creaturam,
2659 1113 2927 1172 visibilem
2953 1122 3010 1171 et
3030 1101 3385 1175 Iinvisibilem,
3415 1122 3624 1167 restau-

2025 1215 2165 1270 ravit
2202 1235 2247 1268 ι.
2285 1213 2373 1284 (ν,
2420 1210 2522 1277 25;
2569 1210 2642 1265 cf.
2673 1209 2740 1275 ν,
2767 1208 2860 1264 27.
2885 1205 2956 1262 56
2999 1205 3078 1279 [p.
3106 1205 3212 1260 9.89
3245 1205 3374 1260 edit.
3409 1200 3620 1277 Oxon];

2025 1307 2110 1371 ιιι,
2141 1307 2244 1370 so;
2283 1306 2372 1371 tv,
2404 1302 2440 1358 s
2467 1302 2544 1376 [ρ.
2581 1301 2680 1356 no
2699 1300 2834 1358 edit.
2865 1297 3080 1372 Oxon];
3114 1298 3202 1359 tv.
3227 1297 3292 1364 t;
3327 1296 3391 1361 ιι,
3417 1296 3497 1369 9.)

2095 1403 2277 1471 Atque
2306 1400 2408 1454 hoc
2438 1396 2701 1470 profecto,
2739 1393 2787 1450 si
2816 1392 3133 1465 quidquam,
3162 1390 3299 1446 artis
3324 1391 3482 1446 istius
3503 1389 3620 1445 Eri-

2025 1493 2291 1568 genianae
2316 1490 2591 1562 specimen
2615 1476 2697 1544 est
2722 1485 3034 1543 dicendum.
3066 1483 3238 1552 Quam
3267 1483 3465 1539 misere
3485 1483 3628 1538 hanc

2025 1582 2309 1640 doctrinae
2331 1580 2676 1637 Christianae
2706 1583 2914 1649 partem
2943 1575 2996 1630 in
3029 1573 3314 1644 uliginosis
3342 1573 3463 1628 istis
3491 1587 3626 1626 cau-

2027 1689 2213 1732 sarum
2263 1679 2488 1730 suar'um
2537 1667 2990 1742 primordialium
3016 1664 3416 1735 effectunmque
3452 1678 3521 1720 ex
3560 1663 3625 1719 iis

2027 1766 2410 1850 prplluentium
2436 1762 2725 1836 paludibus
2745 1756 2939 1832 polluit
2962 1768 3122 1830 atque
3146 1759 3409 1828 turpaVit!

328 1884 384 1941 in
423 1849 480 1938 re
517 1882 806 1938 admodum
851 1877 955 1934 sibi
1002 1849 1402 1933 consentaneus
1430 1870 1549 1927 fuit.
1576 1871 1728 1941 Quod
1772 1869 1920 1924 lncu-
1955 1850 1996 1909 Β
2094 1849 2281 1932 Neque
2307 1857 2528 1920 Scotus,
2551 1856 2678 1911 dum
2705 1853 2842 1910 satis
2867 1852 2968 1910 sibi
2997 1858 3251 1909 Constare
3274 1850 3422 1916 velit,
3442 1849 3629 1906 Eccle-

328 1974 528 2031 lentius
569 1971 736 2029 etiam
781 1967 1063 2042 probaturi
1095 1981 1263 2038 quam
1301 1964 1543 2024 maxime
1571 1976 1771 2042 operae
1799 1974 1922 2030 pre-

330 2067 476 2123 tiutn-
514 2063 713 2120 fecisse
762 2036 1028 2125 v’idemur,
1074 2036 1131 2114 si
1169 2056 1283 2126 illa,
1323 2067 1465 2128 quae
1508 2053 1576 2109 de
1621 2036 1918 2111 hominum,

259 2213 272 2228 ,
326 2155 519 2214 Διιτιωί
550 2153 708 2225 culpa
736 2151 1095 2226 perditorum,
1137 2146 1529 2218 redemptione,
1561 2144 1629 2200 de
1673 2149 1921 2214 peccato,

327 2249 396 2307 de
427 2245 638 2322 peccati
679 2259 856 2317 poena
899 2243 1183 2308 docentur,
1213 2239 1400 2313 paucis
1433 2235 1694 2294 adstricta
1728 2235 1917 2291 retule-

327 2341 522 2398 ritnus.
1142 2349 1149 2356 ·

1050 2403 1081 2479 5
1118 2403 1205 2462 se.

405 2545 427 2583 ι
463 2524 692 2590 Omnia,
739 2537 883 2596 quae
922 2535 989 2578 ex
1033 2533 1198 2578 causa
1243 2517 1487 2576 omnium
1523 2537 1542 2572 ι
1576 2516 1702 2588 (hoc
1730 2529 1814 2572 εει
1839 2514 1926 2569 vel

326 2619 496 2686 Deus,
532 2618 622 2675 vel
645 2616 956 2688 unigenitus
999 2612 1098 2669 Dei
1135 2610 1306 2668 Filius
1334 2609 1430 2686 (cf.
1463 2610 1493 2683 δ
1521 2607 1758 2681 εει-50])
1821 2605 1928 2662 (ει

327 2724 399 2769 ex
434 2708 622 2767 causis
665 2703 1126 2780 primordialibus,
1156 2702 1218 2758 iu
1261 2715 1327 2758 ea
1369 2699 1700 2765 constitutis,
1732 2712 1927 2770 proce-

330 2804 492 2869 dunt,
522 2800 868 2863 vilescerent,
903 2797 1015 2854 imo
1050 2795 1218 2853 etiam
1247 2795 1464 2864 penitus
1492 2791 1758 2863 perirent,
1787 2790 1832 2846 si
1858 2791 1927 2846 ad

327 2893 537 2952 fontem
564 2905 724 2948 suum
750 2887 931 2946 redire
953 2900 1130 2960 neque
1145 2894 1386 2958 possent,
1413 2897 1590 2954 neque
1615 2882 1859 2939 redirent
1879 2899 1924 2936 ι.

330 2985 425 3060 (v,
451 2984 572 3058 se.)

405 3097 428 3132 ι
463 3076 611 3134 Deus
649 3073 857 3145 itaque,
899 3069 998 3127 Dei
1023 3067 1299 3134 Verbum,
1331 3068 1384 3122 in
1428 3081 1538 3136 quo
1562 3065 1746 3122 omnia
1789 3065 1927 3119 facta

331 3182 463 3229 sunt
496 3167 799 3228 causaliter
819 3171 876 3222 et
902 3162 1226 3228 subsistunt,
1253 3160 1554 3226 secundum
1598 3174 1754 3215 suam
1791 3156 1929 3212 divi-

2027 1950 2142 2010 siae
2177 1947 2361 2006 verbis
2407 1948 2592 2004 dicere
2632 1954 2796 2016 queat
2828 1963 2840 2000 :
2876 1963 2895 1998 ι
2926 1944 3029 2013 Qui
3071 1951 3292 2015 propter
3321 1959 3420 2000 nos
3449 1941 3628 1999 homi-

2025 2043 2421 2114 nesetpropter
2445 2047 2691 2095 nostram
2721 2037 2958 2094 salutem
2983 2036 3267 2099 descendit
3296 2035 3360 2088 de
3390 2033 3539 2089 coelo
3572 2033 3623 2089 ιζ

2025 2136 2123 2192 sed
2154 2134 2223 2190 ad
2252 2147 2386 2190 suae
2430 2128 2807 2203 philosophiae
2854 2128 3048 2200 placita
3095 2128 3196 2182 hoc
3236 2127 3414 2198 potius
3448 2125 3632 2182 dicere

2025 2226 2260 2284 debeat:
2295 2242 2314 2280 ι
2343 2224 2447 2294 Qui
2486 2231 2707 2295 propter
2752 2221 3102 2293 semetipsum
3147 2229 3196 2274 et
3235 2228 3454 2293 propter
3488 2215 3630 2276 hanc

2027 2336 2211 2379 rerum
2238 2321 2671 2383 universitatem,
2699 2327 2920 2390 propter
2948 2333 3103 2372 suam
3133 2317 3302 2389 ipsius
3327 2327 3383 2374 et
3411 2327 3633 2388 propter

2029 2410 2191 2484 hujus
2244 2426 2428 2468 rerum
2485 2409 2858 2467 universitatis
2915 2408 3148 2467 salutem
3216 2407 3498 2463 descendit
3561 2407 3632 2464 de

2029 2503 2182 2560 coelo
2219 2526 2237 2554 ι
2262 2504 2275 2558 ε

2745 2572 2774 2644 ε
2817 2572 2908 2626 5-7.

2100 2683 2368 2756 Quoniam
2401 2685 2636 2757 denique
2661 2684 2844 2758 operis
2874 2682 3384 2754 nostri-Erigeniani
3415 2695 3632 2740 senten-

2032 2779 2162 2834 tiam
2189 2777 2258 2835 de
2287 2784 2516 2849 peccato
2553 2782 2607 2830 et
2641 2774 2852 2844 peccati
2882 2790 3054 2844 poena
3090 2789 3278 2830 sumus
3308 2775 3628 2844 exposituri.

2029 2870 2122 2942 qui
2166 2869 2351 2940 operis
2379 2869 2447 2925 de
2477 2864 2974 2938 praedestinatione
3009 2863 3315 2920 doctrinam
3349 2863 3438 2934 (cl.
3468 2879 3630 2934 supra

2029 2961 2164 3032 Cap.
2195 2959 2288 3029 ιν)
2343 2959 2584 3020 noverit.
2630 2957 2796 3012 etiam
2845 2957 2986 3012 hanc
3035 2953 3148 3014 fere
3191 2955 3460 3025 cognitam
3531 2953 3630 3008 ba-

2030 3053 2203 3109 bebil.

2103 3148 2167 3204 Α.
2206 3148 2246 3202 l.
2285 3144 2561 3216 Quidquid
2608 3157 2730 3200 esse
2776 3141 2978 3198 dicitur
3017 3140 3167 3195 mali.
3207 3136 3633 3195 substantialiter

331 3263 566 3320 nitatem
613 3255 897 3316 descendit
940 3254 997 3310 in
1038 3220 1349 3318 causarum,
1383 3220 1526 3324 quae
1562 3249 1617 3306 in
1651 3250 1766 3322 ipso
1797 3249 1926 3305 sub-
1957 3220 2001 3283 (ἶ
2035 3241 2087 3295 in
2141 3255 2320 3295 rerum
2377 3245 2572 3292 natura
2618 3250 2724 3290 non
2776 3233 3071 3289 invenitur.
3121 3231 3306 3300 Neque
3355 3229 3498 3284 enim
3547 3238 3633 3285 est

331 3355 555 3420 sistunt,
585 3351 828 3418 eﬂeetus,
862 3348 918 3406 in
949 3349 1114 3406 istum
1142 3345 1399 3416 videlicet
1423 3343 1734 3403 sensibilem
1769 3359 1927 3398 mun-

333 3449 463 3506 duni
498 3467 548 3504 ι.

365 3557 371 3559 ‘
409 3537 624 3610 «(Quod
675 3537 972 3593 humanam
1019 3542 1230 3590 tantum
1255 3533 1553 3602 assumpsit
1591 3535 1840 3587 naturam
1881 3551 1928 3596 ι,

333 3632 425 3706 (id
465 3639 564 3687 est
601 3630 654 3684 in
688 3628 979 3684 humanam
1028 3635 1239 3681 tantum
1290 3612 1540 3680 naturam
1588 3623 1927 3692 descendit),

338 3745 358 3779 ι
392 3723 519 3781 ideo
550 3723 753 3778 factum
779 3729 884 3786 est,
913 3717 1056 3790 quod
1083 3718 1137 3772 in
1167 3716 1387 3773 homine
1411 3716 1590 3772 omnis
1615 3724 1668 3772 et
1701 3716 1930 3775 visibilis

333 3826 389 3873 et
414 3811 706 3874 invisibilis
735 3820 986 3866 creatura
1027 3828 1046 3863 ι
1081 3809 1267 3877 (homo
1294 3806 1548 3864 videlicet
1573 3822 1638 3861 ex
1668 3808 1851 3863 animo
1875 3815 1931 3862 et

333 3919 564 3977 corpore
591 3909 808 3959 constat
832 3901 928 3974 (cf.
965 3920 983 3952 ι
1016 3900 1084 3956 de
1110 3900 1221 3956 div.
1249 3897 1374 3954 Nat.
1404 3897 1465 3962 ll,
1497 3897 1532 3952 3
1560 3897 1774 3973 seqq.])
1801 3915 1932 3954 eon-

337 3997 541 4053 tinetur
569 4014 617 4049 ι.

410 4105 431 4138 ι
469 4084 761 4142 Descendit
787 4095 969 4140 autem
1003 4083 1238 4139 Verbum
1266 4082 1360 4140 Dei
1387 4099 1494 4138 non
1522 4081 1684 4139 aliam
1708 4083 1779 4140 ob
1807 4099 1932 4139 cau-

334 4188 474 4239 sam,
505 4170 611 4228 nisi
653 4180 715 4226 ut
761 4186 1071 4235 causarum,
1101 4183 1240 4239 quas
1277 4169 1574 4226 secundum
1609 4187 1762 4227 suam
1794 4153 1931 4226 divi:-

335 4253 562 4320 nitatem
597 4260 949 4318 aeternaliter
976 4271 1030 4317 et
1064 4262 1581 4318 incommutabililer
1617 4261 1802 4326 habet,
1843 4275 1930 4318 se-

334 4354 572 4412 cundum
607 4368 762 4410 suam
795 4353 1189 4409 humanitatem
1223 4352 1450 4410 eli‘ectus
1481 4352 1736 4419 salvaret,
1765 4354 1930 4425 inque

334 4461 466 4515 suas
507 4459 705 4503 causas
746 4453 1061 4510 revocaret,
1109 4453 1166 4499 ut
1203 4464 1222 4496 ι
1264 4443 1532 4516 (ell'ectns)
1577 4465 1594 4497 ι
1640 4446 1694 4499 in
1737 4445 1866 4515 ipsis
1903 4464 1922 4497 ›

2034 3330 2250 3402 propria
2295 3345 2359 3384 ae
2410 3338 2557 3383 certa
2607 3324 2942 3390 substantia,
2987 3323 3080 3380 sed
3129 3321 3264 3378 nihil
3309 3321 3408 3376 nisi
3454 3329 3632 3376 motus

2033 3424 2276 3494 quidam.
2313 3422 2409 3479 Est
2437 3431 2616 3477 autem
2649 3430 2829 3475 tuotus
2857 3418 2944 3474 ille
2972 3433 3079 3472 non
3109 3426 3336 3470 naturae
3360 3416 3456 3487 (ita
3485 3405 3630 3470 enim

2033 3519 2101 3573 ad
2140 3519 2312 3588 ipsum
2347 3515 2534 3571 Deum.
2571 3516 2661 3584 qui
2703 3527 2824 3568 eam
2869 3512 3022 3577 fecit,
3053 3509 3389 3580 referretur),
3429 3508 3524 3564 sed
3570 3509 3633 3566 ii-

2033 3611 2195 3668 herae
2224 3606 2535 3663 voluntatis.
2573 3627 2590 3659 ς
2629 3605 2828 3661 Malunt
2859 3612 3064 3669 autem,
3092 3618 3192 3674 per
3221 3616 3279 3658 se
3307 3601 3634 3657 considera-

2035 3713 2168 3765 tum,
2206 3703 2428 3756 omnino
2461 3699 2594 3754 nihil
2631 3709 2717 3754 est
2761 3707 2978 3768 praeter
3024 3689 3474 3757 lrrationabilem,
3508 3709 3632 3762 pcr-
3667 3724 3670 3727 -

2034 3808 2250 3848 versum
2304 3791 2506 3846 liberae
2547 3788 2845 3845 voluntatis
2873 3797 3078 3843 motum
3120 3809 3166 3841 ι.
3199 3817 3271 3827 --
3314 3805 3333 3840 ι
3374 3783 3631 3841 Voluntas

2035 3886 2224 3958 (enim)
2262 3906 2306 3948 ι,
2346 3893 2403 3938 ut
2432 3883 2540 3939 alio
2575 3883 2693 3938 loco
2733 3883 2993 3952 scriptum
3023 3890 3125 3943 est,
3162 3899 3180 3931 ι
3218 3879 3384 3950 libera
3429 3880 3494 3932 ad
3536 3878 3632 3934 eli-

2033 3977 2264 4050 gendum
2298 3977 2525 4036 bonum,
2557 3990 2618 4031 se
2646 3975 2817 4045 ipsam
2864 3972 3116 4030 servilem
3155 3973 3278 4029 fecit
3305 3971 3371 4027 ad
3403 3970 3635 4040 sequen-

2032 4071 2159 4122 dntn
2187 4067 2386 4122 malum
2403 4092 2444 4121 ο.
2471 4064 2586 4137 (iV,
2615 4065 2682 4120 16
2703 4064 2810 4138 [ed.
2837 4064 2936 4121 Ox.
2965 4081 3016 4137 p.
3043 4064 3168 4120 205.
3196 4061 3426 4136 p.206];
3460 4060 3628 4136 γβϐ,
3653 4100 3655 4102 -

2032 4160 2102 4215 se
2130 4160 2218 4233 (ed
2241 4145 2342 4216 Ox.
2371 4175 2423 4230 ιι.
2453 4157 2579 4213 232.
2609 4156 2737 4213 ass.
2764 4155 2926 4230 283];
2961 4156 3051 4222 tv,
3076 4156 3164 4213 tt.
3191 4155 3284 4211 θεν..
3315 4155 3431 4226 25.)

2103 4254 2162 4308 ll.
2213 4252 2390 4320 Quum
2424 4261 2604 4306 tamen
2648 4250 2815 4306 etiam
2868 4250 3039 4305 libera
3085 4247 3333 4306 voluntas
3359 4263 3388 4303 a
3425 4245 3536 4304 Deo
3562 4247 3635 4304 sit

2031 4345 2179 4407 data,
2199 4341 2322 4414 jure
2353 4342 2434 4398 vel
2467 4341 2569 4397 hac
2596 4340 2709 4420 sola
2735 4341 2800 4397 de
2821 4355 2981 4395 causa
3007 4351 3210 4394 motum
3235 4337 3381 4393 illum
3407 4353 3628 4410 perver-

2031 4454 2152 4495 sum
2193 4452 2299 4492 non
2348 4434 2568 4506 proprie
2597 4433 2796 4489 malum
2827 4475 2840 4500 ,
2880 4434 2975 4490 sed
3010 4452 3027 4484 ι
3062 4433 3308 4488 illicitum
3339 4453 3357 4484 ι
3395 4441 3627 4487 tantum-

334 4535 582 4632 (causis)
615 4553 636 4589 ο
678 4529 937 4632 iuellabili
990 4537 1226 4605 quadam
1274 4535 1634 4596 adutmtioue.
1687 4535 1830 4590 sicut
1872 4547 1927 4591 et
1959 4576 2004 4632 ο
2033 4531 2193 4588 modo
2228 4544 2514 4600 possumus
2560 4527 2857 4599 appellare.
2894 4526 2984 4601 (ν,
3033 4528 3105 4583 56
3141 4528 3249 4599 (ed.
3295 4526 3395 4584 0s.
3423 4543 3474 4597 p.
3500 4524 3627 4582 282.

333 4631 451 4704 ipsa
489 4648 511 4684 ι
563 4624 909 4697 (communis
955 4625 1232 4691 onmium)
1263 4641 1282 4675 ι
1316 4640 1480 4681 causa
1517 4646 1536 4678 ι
1576 4624 1780 4697 (ipsum
1833 4625 1925 4682 Dei
1959 4624 1997 4632 '
2027 4627 2156 4684 285.
2187 4625 2376 4700 288).)

333 4720 600 4792 Verbum)
632 4739 652 4776 ι
686 4719 1029 4776 solverentur
1060 4739 1105 4773 ι.
1157 4719 1339 4790 (Nam)
1375 4738 1394 4771 ι
1429 4721 1473 4775 si
1525 4721 1617 4775 Dei
1658 4719 1925 4790 sapientia

333 4815 390 4872 in
412 4810 644 4871 en‘ectus
669 4827 981 4876 causarum,
1008 4826 1148 4884 quae
1177 4811 1316 4867 inea
1347 4813 1698 4868 aelernaliter
1721 4814 1924 4879 vivunt,

333 4924 445 4966 non
488 4906 867 4972 descenderet,
903 4911 1195 4962 causarum
1247 4907 1385 4963 ratio
1425 4906 1658 4979 periret;
1696 4921 1926 4976 percun-

337 4997 662 5059 tibusenim
698 5013 988 5056 causarum
1031 4994 1315 5054 eil'ectibus
1358 4998 1505 5053 nulla
1547 5013 1708 5056 causa
1750 5013 1926 5053 rema-

333 5099 529 5156 neret,
573 5088 721 5146 sicut
768 5087 1126 5160 pereuntibus
1168 5089 1352 5144 eausis
1400 5087 1531 5144 nulli
1587 5097 1932 5144 remanerent

337 5177 602 5240 effectus:
624 5177 758 5234 haec
777 5179 925 5234 enim
952 5177 1301 5234 relativorum
1326 5178 1534 5234 ratione
1560 5178 1721 5234 simul
1746 5178 1930 5234 oriun-

337 5281 429 5328 tur
451 5282 512 5330 et
537 5272 703 5329 simul
741 5272 1018 5338 occidunt,
1050 5281 1146 5328 aut
1181 5273 1344 5330 simul
1377 5282 1434 5330 et
1476 5288 1692 5347 semper
1721 5286 1933 5346 perma-

413 5475 436 5512 ί
472 5454 647 5514 Totus
666 5456 851 5527 itaque
888 5455 1124 5512 mundus
1149 5456 1202 5510 in
1239 5457 1415 5513 Verbo
1436 5455 1601 5510 Dei...
1630 5454 1932 5524 incantato,

339 5548 698 5613 inhumanam
725 5549 905 5605 adhuc
925 5549 1235 5619 specialiter
1265 5551 1550 5607 restitutus
1579 5560 1663 5605 est
1699 5571 1715 5601 ι
1750 5551 1822 5621 (id
1852 5559 1934 5606 est

343 5643 622 5713 htmtsque
675 5641 730 5696 in
773 5640 942 5697 solius
984 5650 1190 5696 tantum
1230 5641 1393 5697 Verbi
1438 5643 1627 5708 divini,
1663 5653 1719 5695 ut
1756 5644 1932 5708 aiunt,

338 5733 740 5803 humanitate);
795 5751 812 5785 ι
853 5733 909 5788 in
956 5731 1064 5788 ﬁne
1103 5747 1232 5788 vero
1280 5734 1467 5788 mundi
1515 5734 1841 5805 generaliter
1877 5741 1932 5788 et

339 5824 727 5888 universalitcr
755 5824 808 5881 it't
839 5824 1029 5883 eodem
1058 5826 1468 5882 restaurahitnr.
1499 5823 1653 5893 Quod
1683 5825 1827 5879 enim
1877 5827 1928 5881 in

2101 4718 2188 4774 lll.
2227 4720 2298 4773 At
2327 4716 2651 4789 quibusdam
2689 4719 2811 4772 aliis
2852 4719 2984 4774 locis
3008 4709 3202 4774 Noster
3227 4721 3395 4774 multo
3421 4720 3632 4775 acutius

2033 4825 2215 4865 veram
2235 4809 2313 4865 rei
2342 4809 2606 4864 rationem
2631 4809 2843 4863 videtur
2867 4810 3225 4879 perspexisse.
3252 4810 3464 4866 Saltem
3484 4814 3629 4867 enim

2031 4900 2168 4957 satis
2198 4900 2533 4958 conﬁdenter
2560 4915 2684 4955 eum
2715 4900 2850 4965 alia,
2879 4911 2990 4956 tum
3021 4901 3154 4957 haec
3183 4902 3443 4958 allirmat:
3469 4923 3488 4954 ι
3517 4919 3633 4959 mo-

2032 5001 2120 5048 tus
2141 4991 2230 5048 ille
2252 5007 2542 5062 perversus
2569 5001 2722 5047 estra
2753 5003 3002 5048 naturam
3032 5001 3088 5048 et
3112 5009 3180 5048 ex
3199 4993 3408 5048 bestiali
3437 4995 3632 5050 intent-

2036 5085 2280 5154 perantia
2326 5093 2575 5154 sumptus
2615 5083 2942 5156 perspicitur
2979 5110 2995 5135 ο
3027 5102 3129 5137 :-—-
3159 5105 3177 5135 ‹
3206 5085 3405 5140 malum
3428 5087 3630 5142 nullatn

2037 5174 2198 5230 aliam
2229 5175 2282 5230 in
2314 5189 2494 5231 rerum
2526 5184 2719 5230 natura
2750 5177 2935 5230 sedem
2971 5175 3192 5245 reperit,
3220 5176 3321 5232 nisi
3356 5178 3443 5233 ubi
3481 5179 3631 5234 falsi-

2039 5276 2122 5323 tas
2145 5269 2402 5343 possidet,
2431 5271 2531 5324 hoc.
2551 5278 2633 5324 est
2654 5269 2708 5323 in
2725 5284 2886 5323 sensu
2905 5283 3168 5337 corporeo
3191 5289 3209 5321 ι
3233 5284 3346 5322 ε--ι
3369 5287 3493 5325 cum
3517 5287 3633 5328 ma«

2037 5359 2148 5416 lum
2172 5374 2241 5416 ex
2264 5361 2497 5416 naturali
2523 5361 2853 5431 causai(ltoc
2867 5369 2950 5417 est
2970 5375 3034 5414 ex
3054 5370 3266 5424 natura,
3282 5377 3311 5412 a
3338 5361 3444 5415 Deo
3467 5360 3630 5428 facta)

2045 5472 2063 5503 ι
2100 5468 2206 5508 non
2249 5460 2525 5508 nascatur.
2557 5453 2758 5508 rectius
2804 5453 3018 5508 videtur
3059 5467 3180 5508 esse
3226 5470 3244 5503 ι
3285 5453 3632 5511 libidinosum

2040 5541 2336 5613 appetitum
2368 5564 2385 5594 ι
2421 5542 2538 5612 ejus
2562 5557 2782 5596 causam
2807 5541 3010 5600 dicere.
3037 5557 3199 5612 quam
3228 5542 3422 5596 malam
3448 5544 3632 5600 volan-

2041 5645 2238 5702 tatcm;
2268 5637 2353 5691 hic
2398 5635 2543 5689 enim
2593 5632 2932 5689 naturalibus
2959 5635 3115 5688 bonis
3143 5629 3448 5689 excluditur
3477 5657 3522 5689 ι.
3574 5666 3624 5678 -ο

2037 5730 2147 5799 uv.
2187 5732 2246 5783 ιο
2276 5729 2382 5801 ted.
2413 5728 2514 5783 ος.
2568 5744 2617 5795 ι..
2666 5726 3110 5800 sou.2o:31;tv,
3151 5728 3223 5784 22
3269 5727 3377 5799 [θά.
3424 5729 3523 5784 οι.
3569 5745 3622 5802 ρ.

2035 5823 2195 5894 atra;
2233 5823 2292 5888 ν,
2327 5825 2394 5879 δυ
2425 5822 2534 5894 ted.
2568 5821 2666 5876 0x.
2701 5838 2755 5894 ιι.
2784 5820 2910 5879 280.
2936 5821 3121 5895 237.1)
