4194 6220
388 347 465 412 83
1063 396 1066 398 .
1538 343 1628 403 os
1663 340 1714 398 ι.
1757 340 1980 414 scere
2016 339 2540 424 conueniant).
3061 365 3065 370 -
3407 316 3423 325 ‘
3596 331 3670 392 at

389 469 489 534 sit,
518 463 670 523 nullo
717 477 878 537 pacto
932 479 1091 535 posse
1142 461 1320 535 puniri
1359 479 1404 518 ι.
1437 460 1526 533 (\',
1565 458 1752 543 50-51.
1782 455 1884 524 35;
1915 457 1984 515 de
2011 468 2059 522 Λ
2090 469 2373 512 recensere
2407 461 2666 514 nauseant
2707 450 3083 510 tantummodo
3124 450 3489 543 excitaturum
3519 447 3662 543 arbi-

391 559 584 631 praed.
604 569 727 629 sup.
749 555 884 627 Cap.
915 555 1029 623 IV.)
1062 576 1079 606 ι
1109 554 1298 624 Neque
1322 555 1456 610 haec
1483 553 1674 624 poenis
1699 550 1982 624 estdigna,

392 665 561 720 quum
583 648 700 720 ipsa
720 646 855 704 nihil
871 656 1061 718 peccet
1077 656 1173 701 aut
1193 659 1421 717 peccare
1435 653 1601 716 queat
1629 663 1677 698 ι.
1708 641 1814 715 (Ct.
1841 641 1872 716 §
1894 640 1984 707 57,

399 741 468 808 Α,
497 739 566 811 ι.)

466 830 827 888 Nihilominus
849 849 878 883 -ι
916 839 1186 889 tormenta
1230 829 1319 884 illa
1374 831 1535 901 (quae
1569 844 1775 900 poenae
1797 829 1988 884 dicun-

397 925 509 994 tur)
536 923 774 980 naturali
819 921 1082 993 subjecto,
1114 923 1257 993 quod
1287 931 1598 992 torqueant,
1631 937 1821 976 carere
1878 936 1986 976 non

373 1009 626 1086 'possunt
664 1034 711 1070 ι.
751 1012 840 1085 (γ,
873 1014 943 1069 δυ
968 1013 1148 1084 seqq.)

472 1106 622 1175 Quae
649 1127 668 1159 ι
696 1107 904 1163 nodosa
918 1106 1198 1178 perplesio
1223 1115 1282 1160 ut
1301 1105 1445 1176 Iuste
1458 1106 1716 1170 solvatur,
1749 1115 1991 1162 statuen-

397 1200 526 1252 dum
579 1209 686 1264 est,
719 1199 898 1268 puniri
951 1198 1177 1270 aliquid,
1207 1198 1353 1269 quod
1407 1214 1514 1254 non
1553 1201 1623 1254 sit
1661 1200 1986 1263 substantia,

395 1289 493 1343 sed
518 1295 727 1346 tantum
751 1288 1083 1362 substantiae
1111 1289 1420 1353 inhaerens,
1448 1288 1518 1344 ita
1544 1298 1744 1354 tamen,
1776 1300 1833 1343 ut
1858 1291 1991 1345 haec

398 1377 516 1449 ipsa
539 1377 844 1434 substantia
872 1381 1017 1440 απυιί
1051 1394 1222 1450 poena
1256 1390 1471 1434 maneat
1495 1379 1665 1435 libera
1703 1400 1745 1435 ι.
1779 1380 1876 1436 list
1902 1397 1992 1436 au-

403 1481 511 1525 tem
560 1471 900 1528 substantiae
936 1473 1212 1528 humanae
1247 1471 1538 1529 inhaerens
1579 1487 1833 1545 perversa
1888 1474 1990 1528 ista

401 1559 652 1618 voluntas
679 1579 693 1616 :
719 1571 776 1618 et
815 1564 952 1619 haec
1005 1563 1142 1636 ipsa,
1171 1565 1625 1636 quemadmodum
1681 1579 1780 1621 suo
1821 1564 1994 1620 Marte

400 1661 608 1723 peccat,
635 1653 708 1708 ita
735 1654 902 1710 etiam
923 1654 1034 1711 sola
1056 1671 1154 1726 per
1174 1671 1232 1711 se
1247 1655 1502 1725 punitur;
1535 1657 1995 1726 quemadmodum

403 1743 644 1812 peccatis
677 1745 792 1799 ‘suis
826 1745 1073 1801 naturale
1120 1743 1344 1808 bonum,
1380 1755 1630 1800 naturam
1673 1747 1992 1811 humanam,

2091 554 2317 602 tramur.
2354 545 2447 602 llla
2473 558 2674 607 autem,
2710 559 2850 614 quae
2870 557 3080 600 summa
3111 543 3180 597 ah
3205 541 3325 598 istis
3346 537 3506 613 nugis
3531 538 3672 592 vitae

2087 639 2208 695 usui
2236 638 2436 694 damna
2459 646 2664 711 queant
2709 635 2924 698 inferri,
2950 633 3124 706 magis
3178 631 3333 704 quasi
3387 631 3674 701 inaperta

2088 731 2210 788 luce
2235 728 2549 786 collocanda
2573 744 2696 784 esse
2720 729 3018 784 videantur.
3049 725 3193 781 llaec
3220 724 3385 796 igitur
3410 721 3678 792 imprimis

2091 824 2145 880 in
2192 824 2296 878 isto
2347 838 2455 878 uno
2498 822 2670 891 posita
2720 829 2842 876 sunt
2876 819 3082 878 omnia,
3107 820 3250 888 quod
3282 817 3423 870 Deus
3447 829 3547 871 nec
3584 808 3676 884 qui

2089 922 2336 985 peccant,
2371 928 2471 967 nec
2491 927 2632 982 quae
2656 922 2976 983 peccantur,
3005 909 3109 963 ulla
3135 909 3344 963 ratione
3366 907 3564 964 dicitur
3585 909 3681 960 aut

2089 1023 2289 1064 curare
2332 1014 2425 1060 aut
2465 1006 2696 1060 novisse.
2731 1003 2856 1059 Sola
2902 1001 3307 1058 mz‘ilefactorum
3346 999 3682 1057 conscientia

2090 1115 2235 1162 eum,
2259 1099 2349 1170 qui
2377 1099 2652 1170 peccando
2680 1097 2939 1166 indulget,
2968 1110 3139 1166 poena
3169 1094 3362 1158 allicit,
3384 1092 3494 1148 sola
3524 1091 3686 1148 ntale-

2093 1190 2360 1247 factorum
2416 1191 2753 1246 conscientia
2780 1207 2810 1244 a
2838 1191 3114 1260 peccando
3158 1197 3338 1259 potest
3382 1189 3682 1243 deterrere.

2093 1281 2283 1339 Nonne
2306 1283 2438 1337 haec
2463 1298 2567 1347 res,
2593 1281 2854 1352 quidquid
2880 1285 2948 1336 ad
2975 1281 3242 1336 scelerum
3265 1279 3517 1336 libidines
3533 1293 3685 1337 coer—

2094 1377 2294 1431 cendas
2313 1383 2398 1430 est
2419 1374 2800 1438 constitutum,
2833 1373 3076 1428 ftntditus
3107 1374 3494 1444 propemodum
3534 1379 3693 1428 ever-

2097 1467 2178 1532 tit,
2212 1465 2528 1536 disjicit,ab
2584 1468 2864 1526 hominum
2907 1479 3200 1540 conspectu
3254 1469 3533 1524 removet?
3577 1466 3689 1524 Nec

2095 1558 2410 1628 punientem
2440 1559 2611 1615 Deum
2639 1559 2794 1631 quasi
2813 1559 3199 1618 exacerbandi
3233 1560 3394 1615 timor
3441 1558 3692 1618 homines

2099 1650 2270 1722 magis
2295 1650 2516 1715 ferreos,
2548 1665 2648 1707 nec
2669 1661 2942 1707 amantem
2964 1650 3135 1708 Deum
3151 1651 3305 1722 quasi
3323 1648 3692 1707 contristandi

2101 1756 2277 1802 metus
2299 1745 2546 1802 homines
2562 1746 2734 1818 magis
2765 1745 3050 1818 ingenuos,
3075 1760 3144 1801 ne
3158 1757 3404 1801 urentem
3432 1741 3694 1816 peccandi

402 1837 489 1889 cui
522 1836 794 1903 inhaeret,
816 1837 1042 1894 omnino
1073 1853 1180 1893 non
1203 1839 1555 1905 contaminat,
1584 1839 1657 1894 ita
1680 1853 1854 1910 neque
1876 1846 1988 1894 tor-
2017 1829 2062 1889 Β
2090 1835 2440 1907 cupiditatem
2454 1837 2726 1906 peccando
2740 1830 3692 1906 expleantatqueexstinguant,dum

403 1929 604 1984 mentis
645 1928 778 1998 suis,
805 1927 1002 2002 quibus
1059 1931 1306 2000 punitur,
1360 1929 1607 1986 naturale
1661 1929 1993 2001 subjectum,

403 2015 560 2087 cujus
603 2019 718 2091 ipsa
775 2029 860 2076 est
886 2020 1160 2084 accidens,
1185 2032 1237 2077 et
1278 2022 1333 2078 in
1381 2039 1488 2094 quo
1516 2023 1846 2086 continetur.
1885 2022 1994 2079 ulla

404 2108 616 2164 ratione
637 2117 873 2182 torquet.
899 2109 1083 2182 Itaque
1109 2111 1508 2170 irrationabiles
1521 2121 1700 2169 motus
1726 2113 1995 2171 malarum

403 2199 748 2258 voluntatum
778 2202 1076 2273 puniuntur
1108 2203 1161 2259 in
1191 2202 1298 2269 his,
1321 2204 1414 2274 qui
1443 2214 1698 2260 naturam
1728 2203 1923 2262 bonam
1939 2213 1997 2262 et

404 2290 784 2350 rationabilem
829 2301 887 2349 et
934 2292 1321 2365 impassibilem
1351 2295 1684 2368 participant
1710 2315 1756 2352 ι.
1784 2295 1874 2368 (γ,
1903 2294 1998 2352 30-

407 2381 471 2440 51
517 2381 766 2456 [ed.40x.
797 2398 849 2458 p.
877 2375 1208 2458 3167-270“
1254 2401 1274 2438 ι
1325 2384 1443 2443 Non
1497 2387 1680 2443 minus
1731 2386 1898 2460 igitur
1939 2387 1997 2446 in

408 2476 569 2531 malis
609 2476 947 2546 hominibus,
992 2492 1158 2551 quam
1200 2477 1258 2533 in
1296 2464 1723 2544 bonis—salva,
1761 2477 1993 2550 integra,

401 2566 854 2636 incontaminata,
881 2569 1029 2626 omni
1051 2570 1302 2644 passione
1325 2568 1602 2627 contraria
1616 2568 1872 2626 immunis
1891 2568 2000 2624 erit

401 2669 459 2715 ct
487 2675 703 2732 semper
729 2661 1052 2717 eritnatura
1079 2658 1326 2716 humana
1361 2678 1376 2714 :
1410 2666 1654 2716 attamen
1693 2659 2000 2717 contraria-

404 2765 527 2807 rum
551 2750 898 2822 qualitatum,
921 2751 1184 2808 bonarum
1208 2750 1332 2808 dico
1352 2749 1728 2822 malarumque
1752 2749 1998 2808 volunta-

404 2849 544 2906 tum,
580 2840 799 2898 virtutis
844 2841 1282 2915 ignominiaeque
1314 2861 1363 2906 ι,
1391 2850 1450 2898 et
1475 2841 1582 2898 hac
1633 2841 1868 2912 denique
1913 2855 2003 2896 ra-

406 2934 554 2989 tione
587 2953 605 2986 ι
641 2933 810 2990 etiam
841 2934 1241 2991 contrariarum
1281 2935 1595 3006 passionum
1627 2942 1714 2992 est
1744 2949 1916 3006 capax
1951 2955 1994 2989 ι.

405 3023 497 3097 (ι.
527 3024 568 3079 l.
596 3038 649 3094 p.
686 3023 977 3096 270-271.)

2095 1926 2245 2010 Secti
2274 1926 2575 1982 doctrinam
2597 1925 2748 1998 sequi
2777 1925 3069 1991 voluerint,
3093 1920 3452 1995 permovehit.
3482 1923 3695 1992 Quotus

2095 2027 2282 2075 autem
2334 2017 2567 2092 quisque
2620 2018 2992 2074 conscientiae
3042 2031 3174 2074 suae
3222 2018 3325 2073 hoc
3383 2017 3602 2079 tribuet,
3637 2022 3697 2070 ut

2093 2123 2218 2165 eam
2252 2108 2426 2166 solam
2457 2109 2564 2166 sibi
2595 2109 2788 2166 ducem
2815 2108 3010 2181 eligat,
3039 2121 3236 2180 neque,
3266 2107 3605 2179 voluptatum
3640 2105 3696 2163 vi

2094 2202 2406 2269 allectante,
2426 2219 2666 2279 unquam
2697 2204 2943 2260 deserat!
2969 2202 3195 2274 Quodsi
3219 2203 3322 2260 ista
3349 2202 3597 2259 doctrina
3629 2202 3698 2260 ad

2095 2295 2242 2352 vitae
2272 2296 2583 2354 communis
2619 2312 2781 2354 usum
2835 2295 3153 2362 referretur,
3179 2295 3405 2352 remotis
3431 2294 3700 2368 profecto,

2095 2403 2453 2462 quaecunque
2498 2389 2805 2452 furentibus
2854 2389 3117 2462 peccandi
3154 2388 3472 2446 libidinibus
3516 2407 3538 2441 ι
3584 2404 3702 2445 mo-

2098 2477 2177 2534 les
2213 2497 2262 2545 i,
2292 2486 2353 2535 ut
2407 2477 2630 2552 Virgilii
2656 2480 2840 2537 verbis
2885 2489 3125 2548 utamur,
3156 2498 3176 2534 ι
3213 2488 3270 2536 et
3295 2489 3508 2536 montes
3549 2479 3644 2535 alti
3676 2496 3699 2534 ι

2099 2581 2228 2628 sunt
2287 2571 2560 2646 imposita,
2593 2571 2776 2628 omnia
2818 2571 3076 2630 misceret
3127 2571 3457 2645 penitusque
3502 2570 3706 2630 distur-

2099 2661 2166 2719 ba
2175 2672 2278 2720 ret.
3078 2684 3081 2685 '
3133 2692 3142 2698 -
3391 2678 3400 2687 ·

2819 2735 2851 2810 5
2881 2735 2974 2796 59.

2173 2844 2432 2904 Venimus
2462 2847 2681 2904 tandem
2707 2847 2776 2903 ad
2805 2855 3062 2919 quartam
3104 2845 3250 2903 illam
3298 2843 3540 2904 Naturae
3582 2859 3707 2918 spe-

2101 2935 2264 3003 ciem,
2289 2951 2430 3008 quae
2453 2951 2556 2994 nec
2581 2947 2800 2995 creatur
2822 2952 2923 3007 nec
2962 2947 3137 2995 creat.
3162 2936 3269 2994 Sed
3285 2952 3436 3008 quae
3458 2937 3566 2994 huc
3585 2951 3707 3007 per-

2103 3027 2297 3095 tinent,
2319 3043 2427 3086 non
2469 3037 2579 3086 tam
2630 3045 2762 3102 prae
2783 3029 2982 3086 ceteris
3003 3029 3319 3102 perniciosa
3359 3037 3510 3094 sunt,
3541 3042 3710 3100 quam

439 3134 445 3140 ε
477 3113 751 3172 lV.-llaec
775 3115 1007 3186 denique
1040 3125 1329 3190 postquam
1359 3125 1487 3174 sunt
1515 3116 1810 3188 disputata,
1843 3115 2005 3174 facile
2043 3189 2067 3192 Α
2107 3120 2356 3177 ridicula.
2391 3119 2572 3192 Quare
2599 3136 2768 3192 quum
2797 3120 2853 3177 in
2880 3120 2968 3188 iis,
2989 3135 3131 3191 quae
3155 3120 3382 3192 preprie
3400 3119 3710 3191 perniciosa

408 3215 495 3260 est
543 3207 612 3261 ad
656 3206 1090 3279 intelligendum,
1113 3189 1276 3280 quam
1308 3205 1647 3283 Scotusjure
1667 3224 1766 3266 suo
1786 3218 1840 3265 et
1865 3207 2000 3265 haec
2029 3189 2073 3251 (ἶ
2103 3220 2309 3278 essent,
2357 3189 2634 3285 longiores
2672 3210 2955 3279 fuerimus,
2994 3189 3052 3267 in
3097 3189 3206 3279 his,
3258 3189 3416 3282 quasi
3474 3208 3711 3268 fortasse

410 3299 734 3369 scripserit:
769 3318 797 3380 ¢_
822 3300 968 3359 Deus
1010 3308 1232 3374 peccata
1279 3301 1457 3374 punit,
1486 3311 1564 3369 et,
1588 3310 1644 3358 ut
1700 3302 1883 3365 rarius.
1919 3301 2002 3355 di-

407 3409 549 3458 cant,
601 3393 779 3463 puniri
814 3394 947 3451 sinit
992 3415 1038 3450 θ.
1080 3415 1101 3449 ί
1137 3393 1273 3451 Mala
1325 3395 1580 3452 voluntas
1620 3395 2003 3466 praevarican-

413 3483 550 3538 tium
605 3485 771 3542 totius
815 3486 1026 3558 peccati
1076 3487 1314 3543 ettotitta
1344 3504 1544 3558 poenae
1587 3491 1788 3558 peccati
1839 3506 2003 3548 causa

411 3573 607 3630 ellicax
637 3585 722 3631 est
751 3594 796 3631 ι.
822 3575 906 3648 (ι.
935 3577 973 3634 l.
1002 3574 1057 3649 'p.
1079 3577 1407 3649 εδει-270.)
1435 3578 1491 3635 lu
1514 3578 1655 3636 libro
1683 3563 2004 3652 depraeda-

413 3665 709 3743 stina‘tione
733 3668 829 3740 (εἴ.
861 3685 983 3739 sup.
1007 3669 1141 3741 Cap.
1171 3668 1296 3742 IV),
1323 3685 1432 3741 quo
1465 3671 1578 3741 ipse
1607 3674 2003 3728 sententiarum

414 3771 606 3822 nexus,
639 3765 700 3812 ut
749 3757 1039 3832 diligenter
1079 3762 1146 3814 de
1176 3775 1304 3816 vero
1330 3775 1629 3832 poenarum
1663 3755 1889 3818 auctore
1917 3761 2003 3816 in-

415 3849 747 3917 quit-eretur,
776 3851 944 3907 multo
964 3853 1145 3908 acrius
1162 3851 1491 3922 postulabat,
1523 3851 1653 3906 illud
1671 3853 1867 3924 ipsum,
1886 3851 2004 3908 titil-

416 3939 495 3994 las
523 3959 556 3994 α
580 3940 690 3996 Deo
718 3957 923 4012 poenas
949 3943 1225 4009 constitui,
1254 3943 1400 3999 omni
1430 3943 1626 3999 virium
1661 3945 2008 4000 contentione

418 4031 557 4087 tueri
597 4033 827 4088 studuit.
880 4033 1035 4102 Quod
1089 4044 1269 4092 autem
1307 4034 1483 4106 majus
1539 4035 1706 4090 etiam
1741 4044 1849 4102 est,
1890 4036 2004 4108 ipsa

417 4121 534 4194 ejus
568 4122 930 4198 philosophia,
971 4133 1031 4180 ut
1070 4127 1173 4182 hoc
1198 4124 1437 4191 doceret,
1460 4141 1586 4181 eum
1612 4126 1819 4196 coegit.
1845 4125 2007 4180 Nam-

419 4222 524 4282 que
546 4228 614 4269 ex
644 4213 806 4283 hujus
855 4215 1070 4286 placitis
1121 4215 1265 4272 Deus
1307 4215 1444 4272 nihil
1491 4216 1638 4273 aliud
1687 4217 1872 4281 novit,
1901 4215 2003 4271 nisi

419 4319 558 4375 quae
578 4316 704 4360 sunt
743 4325 764 4358 ι
799 4307 1103 4364 substantia
1135 4327 1154 4361 ι
1179 4316 1276 4364 aut
1300 4308 1734 4364 substantialium
1761 4307 2008 4365 acciden-

419 4399 494 4455 tia
542 4397 848 4465 naturalia,
896 4401 1235 4472 proindeque
1285 4420 1304 4454 ι
1353 4409 1566 4466 totum,
1607 4404 1752 4475 quod
1808 4402 2012 4459 dicitur

364 4479 370 4485 ’
422 4490 621 4545 malum
657 4507 894 4564 i,quum
939 4493 993 4546 in
1019 4494 1168 4549 hisce
1211 4510 1318 4549 non
1369 4495 1693 4566 reperiatur,
1722 4513 1742 4547 ε
1785 4494 2009 4550 omnino

419 4582 634 4658 ignorat
676 4603 724 4640 ι.
772 4583 880 4658 (Cl.
913 4585 1055 4661 δεῖ.
1103 4589 1170 4652 Α.
1219 4587 1334 4660 ιν.)
1360 4587 1479 4656 Quo
1525 4587 1770 4660 profecto
1808 4586 1891 4656 lit,
1922 4597 2002 4654 ut,

425 4673 634 4730 etiamsi
665 4673 806 4732 Deus
830 4676 944 4748 ipse
982 4678 1290 4736 hominibus
1312 4679 1514 4752 impiis,
1540 4680 1740 4750 quibus
1769 4680 2008 4753 puniun-

426 4773 530 4829 tur,
555 4766 873 4834 constituat,
915 4769 1018 4826 hoc
1061 4779 1241 4828 tamen
1285 4771 1617 4845 imprudens,
1649 4773 1848 4835 nedum
1901 4787 2009 4828 non

429 4855 613 4914 volens
632 4857 812 4916 iacnt.
839 4860 1024 4933 Itaque
1048 4864 1190 4920 Deus
1219 4873 1438 4934 peccata
1464 4880 1571 4921 non
1597 4865 1772 4936 punit,
1804 4864 1916 4930 sed,
1929 4851 2010 4920 'ad

429 4969 719 5024 summum,
753 4976 774 5010 ι
802 4959 981 5031 puniri
1012 4959 1142 5017 sinit
1163 4959 1240 5033 (τι)
1272 4981 1319 5016 ι.

1132 5091 1319 5172 εδεο.

507 5233 703 5290 Totum
729 5231 895 5306 igitur
911 5231 1017 5290 hoc
1045 5233 1220 5290 nostri
1247 5235 1526 5290 decretum
1540 5233 1608 5288 de
1633 5231 1871 5304 peccatis
1891 5243 2017 5304 pec-

427 5318 787 5398 catorumque
814 5325 1026 5396 poenis,
1049 5325 1103 5380 id
1140 5325 1287 5397 quod
1311 5323 1447 5383 satis
1477 5323 1801 5399 patefecisse
1869 5319 2018 5380 arbi-

428 5429 662 5486 tramur,
693 5419 929 5476 maxima
954 5431 1086 5474 sane
1108 5417 1553 5487 gravissimorum
1582 5429 1830 5482 errorum
1879 5413 2017 5469 mul-

429 5511 661 5585 titudine
700 5521 783 5567 est
811 5509 1093 5567 refertum.
1146 5509 1296 5578 Quos
1345 5509 1413 5566 de
1465 5509 1682 5580 integro
1741 5505 2018 5576 sigillatim

505 5644 580 5715 (α)
612 5642 986 5704 εςιιΙιιιιὶεετιις,
1014 5645 1138 5701 licet
1166 5646 1244 5714 (ρ.
1277 5659 1371 5699 xm
1413 5623 2020 5715 seqq.)_Sc0ti'seut_en-

420 5711 570 5779 tium
591 5717 657 5770 de
689 5735 707 5767 ι
749 5716 890 5788 malo
921 5725 971 5770 rt
1004 5717 1070 5770 de
1096 5711 1653 5788 peccatornmpoenis
1681 5733 1698 5764 ι
1734 5711 2022 5788 defenden-

430 5789 556 5841 dam
586 5787 905 5858 susceperit,
942 5780 1166 5864 ideoque
1200 5786 1266 5842 de
1297 5780 1560 5842 industria
1585 5781 1881 5844 examinet,
1909 5780 2023 5835 illo-

2041 4549 2088 4609 υ

2102 3304 2278 3362 aniles
2335 3312 2545 3361 tantum
2594 3303 2804 3361 fabulas
2833 3303 3208 3376 appellaveris,
3258 3303 3464 3364 erimus
3489 3302 3709 3364 brevio-

2108 3413 2219 3454 res.
2859 3410 2863 3414 ”

2816 3487 2847 3561 5
2887 3487 2976 3543 60.

2178 3599 2245 3657 D.
2291 3622 2308 3654 ι
2340 3599 2543 3668 Quarta
2567 3597 2803 3657 Naturae
2826 3600 3057 3672 species,
3080 3613 3222 3669 quae
3245 3611 3345 3654 nec
3371 3606 3589 3653 creatur
3610 3611 3711 3652 nec

2105 3704 2276 3760 creat,
2305 3693 2547 3764 profecto
2593 3693 2707 3763 ipse
2736 3692 2878 3749 Deus
2932 3699 3037 3746 est.
3068 3689 3259 3746 Divina
3285 3688 3474 3761 (enim)
3513 3697 3708 3744 natura

2108 3787 2350 3841 creditur
2397 3802 2504 3842 non
2560 3785 2757 3850 creari,
2804 3784 3061 3855 quoniam
3132 3782 3406 3856 primitiva
3463 3783 3710 3838 omnium

2108 3895 2273 3935 Causa
2298 3887 2402 3944 est,
2435 3877 2576 3932 ultra
2604 3893 2766 3948 quam
2798 3875 2931 3930 nihil
2959 3884 3064 3941 est,
3094 3891 3124 3930 a
3151 3889 3262 3946 quo
3314 3875 3484 3944 possit
3511 3874 3705 3928 creari.

2108 3969 2286 4038 Quum
2319 3983 2446 4023 vero
2494 3977 2616 4038 post
2661 3966 2892 4022 reditum
2949 3965 3322 4021 universitatis
3375 3963 3626 4021 conditae
3653 3963 3713 4020 in

2109 4075 2236 4117 anas
2265 4059 2644 4129 primordiales
2665 4071 2882 4121 causas,
2913 4073 3052 4128 quae
3083 4057 3136 4112 in
3167 4057 3284 4126 ipsa
3298 4055 3482 4112 divina
3508 4063 3704 4111 natura

2109 4151 2480 4216 continentur,
2515 4150 2662 4205 nulla
2703 4149 2931 4204 ulterius
2983 4158 3179 4204 natura
3212 4161 3281 4202 ex
3305 4163 3368 4203 ea
3393 4147 3710 4218 procreahi-
3814 4154 3820 4159 '

2113 4251 2200 4298 tur
2228 4259 2325 4298 seu
2357 4243 2410 4296 in
2437 4243 2647 4312 species
2670 4239 2958 4297 sensibiles
2989 4238 3425 4310 intelligibilesve
3445 4235 3710 4310 multipli-

2109 4335 2482 4401 cabitur,nou
2538 4333 2812 4390 immerito
2866 4333 3004 4389 nihil
3055 4346 3246 4389 creare
3270 4339 3327 4388 et
3372 4330 3615 4387 creditur
3657 4336 3713 4386 et

2111 4427 2427 4497 intelligitur
2455 4445 2501 4480 ι.
2537 4420 2887 4495 (lV,26-9.‘I.)

2842 4560 2872 4635 ς
2913 4561 3003 4620 6t.

2191 4698 2212 4733 ι
2249 4679 2390 4736 Sunt
2433 4686 2752 4752 argumenta
2777 4676 3161 4749 probatissima
3190 4693 3258 4732 ex
3289 4676 3453 4733 rebus
3480 4673 3712 4733 sensibi-

2117 4771 2280 4839 libus,
2313 4786 2452 4844 quae
2479 4771 2711 4828 reditum
2730 4770 2891 4826 illum
2907 4770 3150 4826 futurum
3177 4783 3298 4824 esse
3313 4768 3711 4824 demonstrant.

2118 4897 2188 4908 —-
2219 4865 2461 4938 Sphaera
2493 4863 2745 4920 caelestis
2769 4862 3032 4933 as‘trigera
3059 4858 3227 4919 XXIV
3251 4861 3510 4915 horarum
3540 4857 3717 4928 spatio

2121 4957 2190 5016 ad
2210 4957 2461 5015 eumdem
2489 4957 2729 5013 locorum
2761 4957 2924 5011 situm
2955 4955 3096 5011 redit
3122 4971 3134 5008 :
3167 4952 3249 5009 sol
3292 4953 3362 5009 ad
3406 4952 3550 5006 idem
3577 4965 3718 5022 pun-

2119 5058 2267 5106 ctum
2291 5046 2704 5120 aequinoctialis
2722 5045 2975 5102 diametri
3003 5043 3238 5119 peractis
3259 5043 3329 5100 ιν
3348 5042 3510 5099 annis
3525 5041 3718 5099 eodem

2118 5142 2379 5215 temporis
2437 5150 2712 5196 momento
2768 5137 3033 5211 pervenit.
3083 5135 3223 5204 Quid
3250 5137 3318 5192 de
3340 5134 3506 5200 aeris,
3536 5143 3719 5191 terrae

2118 5233 2506 5299 animantibus,
2548 5230 2807 5296 surculis,
2835 5229 3055 5287 herbis?
3079 5226 3269 5285 Nonne
3315 5225 3570 5283 similiter
3617 5239 3718 5281 sua

2119 5335 2365 5398 tempora
2410 5324 2726 5384 observant,
2777 5320 2976 5390 quibus
3025 5310 3080 5375 in
3127 5316 3324 5384 foetus,
3349 5315 3534 5383 ﬂores,
3565 5314 3715 5383 folia,
3754 5365 3759 5372 .

2122 5417 2333 5475 fructus
2386 5415 2722 5487 erumpunt?
2772 5443 2845 5454 —
2898 5413 2967 5468 Et
3021 5411 3342 5484 simpliciter
3402 5409 3717 5478 dicendum,

2126 5514 2272 5570 nulla
2329 5526 2586 5583 corporea
2636 5518 2884 5564 creatura
2932 5514 3018 5565 est
3065 5505 3217 5563 vitali
3266 5515 3419 5564 motu
3444 5510 3716 5576 vegetata,

2128 5661 2247 5699 rum
2277 5651 2478 5698 tamen
2526 5655 2795 5703 errorum,
2830 5640 2920 5710 qui
2964 5656 2993 5694 a
3045 5640 3200 5696 nobis
3243 5646 3373 5696 sunt
3424 5635 3620 5702 notati,
3647 5647 3720 5692 ne

2130 5716 2294 5768 ullum
2326 5715 2538 5784 quidem
2575 5712 2839 5782 reperisse
2869 5711 3108 5766 videtur!
