4224 6078
434 267 510 333 εδ
1261 268 1351 324 ns
1393 267 1548 326 vna
1587 269 1677 325 ET
1712 270 2036 330 ruam

2159 273 2210 330 ι.
2251 274 2470 333 scen.
2511 305 2579 318 ρ-
2619 275 2802 333 rans
2837 276 2932 359 u._
3650 249 3746 336 ιδ’

436 391 579 454 quae
603 393 711 436 non
741 378 809 433 ad
842 379 1169 449 principium
1207 389 1386 436 motus
1429 381 1512 436 sui
1563 392 1888 463 revertatur.
1915 381 2030 441 Hoc
2055 383 2106 443 Α
2133 398 2232 454 per
2249 399 2310 440 se
2346 397 2403 441 et
2431 385 2706 443 mutabilia
2734 398 2862 444 sunt
2879 401 2937 444 et
2965 388 3447 456 transitoriaJocis
3463 391 3721 462 tempori-

438 471 708 546 ipsumde
742 480 856 528 toto
897 487 1115 544 quoque
1165 474 1364 527 mundo
1419 472 1823 544 intelligendum
1863 473 2032 530 :llnis

435 561 584 629 enim
603 561 732 634 ejus
756 571 841 630 est
867 562 1038 633 ipsius
1070 561 1415 634 principium,
1443 564 1586 634 quod
1610 564 1896 634 appetit-et
1923 580 2030 636 quo

433 662 655 725 reperto
681 654 938 718 cessabit,
969 668 1077 709 non
1107 663 1166 709 ut
1187 654 1489 710 substantia
1518 655 1687 726 ipsius
1712 657 2030 727 pereat,sed

435 746 570 806 utin
597 761 794 807 causas
822 762 950 801 suas
978 745 1180 802 redeat.
1215 776 1285 786 —
1313 746 1577 804 Similiter
1600 748 1816 804 animae
1861 749 2045 813 ratio-,

437 838 633 896 habilis
655 841 1070 910 conceptiones,
1105 839 1251 907 quod
1284 839 1483 894 artium
1518 840 1818 900 liberalium
1844 845 2049 906 excute.

433 930 523 1001 plo
546 931 826 1000 probatur,
856 930 1118 1001 principia
1151 946 1244 985 sua
1276 938 1551 1001 repetunt,
1575 930 1845 1002 inquibus
1866 930 2029 995 tinem

437 1032 617 1079 motus
644 1023 727 1079 sui
782 1022 1121 1078 constituunt
1151 1040 1165 1076 :
1198 1023 1524 1094 principium
1577 1023 1775 1095 quippe
1816 1033 1870 1080 et
1907 1022 2034 1079 linis

350 1103 354 1107 ⁷
427 1104 491 1184 in
522 1115 588 1172 iis
613 1115 868 1178 omnibus
897 1115 950 1170 id
982 1116 1155 1189 ipsum
1178 1105 1284 1171 est.
1322 1117 1379 1172 ln
1422 1117 1675 1174 oumibus
1723 1119 2032 1175 hominibus

433 1220 575 1263 unus
598 1213 762 1276 atque
787 1205 928 1261 idem
959 1206 1341 1290 appetitusest
1365 1207 1603 1271 essendi,
1628 1208 1769 1263 bene
1792 1209 2029 1274 cssendi,

330 1319 343 1331 -
391 1333 398 1336 -
436 1297 824 1372 perpetuahter
847 1297 1104 1371 essendi:
1136 1309 1194 1352 et
1213 1298 1259 1361 si
1309 1296 1488 1352 omnis
1538 1307 1716 1356 motus
1752 1301 2032 1368 naturalis

438 1402 544 1444 non
573 1386 796 1456 desinit,
825 1386 999 1443 donec
1021 1389 1090 1454 ad
1137 1387 1298 1449 linem
1353 1402 1510 1442 suum
1549 1389 1848 1459 perveniat,
1900 1390 2030 1462 quid

439 1489 694 1546 naturam
748 1479 1041 1538 humanam
1072 1478 1265 1534 sistere
1291 1479 1453 1544 valet,
1482 1492 1548 1534 ne
1569 1480 1639 1535 ad
1668 1479 1741 1544 id,
1762 1479 1911 1551 quod
1942 1497 2032 1550 pe-

438 1570 522 1635 tit,
544 1570 864 1642 perveniat?
897 1569 1236 1642 Quapmpter
1273 1571 1440 1634 etiam
1468 1570 1534 1626 de
1570 1570 1805 1643 humana
1837 1578 2043 1626 natura

435 1670 604 1733 patet,
626 1662 697 1717 ad
723 1661 892 1721 Deum
919 1661 1092 1734 ipsam
1119 1676 1240 1717 esse
1271 1661 1564 1719 redituram
1602 1682 1650 1715 ι.
1707 1673 1719 1684 ·

1163 1770 1193 1844 §
1229 1771 1317 1826 se.

514 1902 533 1934 ι
567 1882 843 1939 Redibunt
867 1893 1050 1938 autem
1073 1884 1278 1949 Omnia,
1310 1896 1450 1956 quae
1498 1900 1563 1941 ex
1597 1883 1708 1940 Deo
1752 1900 2036 1955 processe-

436 1983 583 2039 runt,
623 1975 813 2031 eadem
842 1974 948 2040 via,
978 1990 1084 2045 qua
1116 1977 1390 2046 processio
1420 1975 1509 2030 illa
1537 1975 1804 2032 estfacta.
1833 1977 2032 2044 Quem-

436 2067 730 2123 admodum
755 2066 918 2139 igitur
941 2068 1219 2136 processio
1248 2082 1311 2122 ea
1368 2065 1490 2131 fuit,
1519 2075 1577 2122 ut
1607 2069 1789 2137 omnia
1818 2083 1850 2123 a
1872 2083 2033 2138 supe-
2097 2112 2100 2118 .

437 2159 678 2234 ripribus
705 2159 775 2215 ad
799 2158 1054 2215 inferiora
1091 2157 1388 2216 deﬂuerent
1420 2159 1513 2231 (cf.
1548 2159 1575 2232 ς
1606 2159 1721 2231 54),
1747 2161 1827 2216 sic
1866 2159 2032 2222 etiam

440 2248 494 2304 iu
520 2250 697 2316 reditu
721 2249 977 2307 inferiora
1003 2263 1217 2320 semper
1244 2250 1300 2304 i'n
1324 2251 1603 2321 superiora
1621 2238 2028 2308 convertentur.

440 2369 511 2402 -.-
541 2339 660 2401 Non
698 2342 845 2399 enim
895 2356 1024 2397 vera
1067 2341 1206 2397 ratio
1243 2342 1374 2399 sinit
1427 2344 1708 2413 superiora
1761 2343 2031 2401 inferiori-

440 2432 542 2489 bus
571 2431 654 2499 vel
681 2433 971 2498 contineri,
1003 2432 1086 2489 vel
1115 2433 1338 2500 attrahi,
1369 2433 1454 2488 vel
1501 2433 1734 2490 absumi.
1767 2434 2030 2493 Interiora

437 2535 569 2585 vero
596 2538 628 2577 a
657 2521 1030 2596 superioribus
1064 2521 1382 2593 naturaliter
1404 2524 1751 2580 attrahuntur
1770 2523 2032 2581 etabsor-

439 2610 656 2683 lacutur,
687 2627 795 2667 non
825 2620 885 2667 ut
911 2627 1018 2666 non
1048 2611 1175 2674 sint,
1201 2612 1296 2668 sed
1325 2621 1384 2667 ut
1409 2613 1460 2668 in
1488 2612 1554 2668 iis
1600 2614 1718 2683 plus
1755 2613 2035 2670 salventur

437 2712 493 2776 et
518 2701 819 2773 subsistant
845 2711 900 2761 et
929 2720 1094 2773 unum
1126 2703 1237 2760 sint
1285 2723 1327 2758 ι.
1361 2704 1450 2776 (ι’,
1479 2704 1536 2762 8.
1562 2704 1634 2762 20
1657 2722 1674 2772 ;
1698 2705 1765 2769 ll,
1794 2703 1830 2760 5
1853 2706 2032 2779 seqq.)

1136 2814 1192 2888 ,δ
1224 2814 1312 2871 es.

517 2943 539 2978 ι
572 2923 762 2996 Itaque
811 2923 1068 2986 inferiora
1119 2941 1151 2980 a
1194 2926 1564 3007 superioribus
1629 2928 2033 2997 absorbentur,

445 3030 555 3081 non
580 3025 640 3070 ut
666 3031 773 3072 non
803 3016 935 3080 sint,
965 3015 1060 3072 sed
1083 3025 1145 3073 ut
1170 3015 1224 3071 iu
1255 3014 1322 3072 iis
1343 3015 1465 3086 plus
1486 3017 1767 3072 salventur
1801 3024 1856 3073 et
1907 3019 2034 3074 sub-

449 3108 662 3164 sistant.
695 3107 862 3179 llujus
885 3108 960 3164 rei
989 3119 1305 3197 argumenta
1328 3107 1384 3163 in
1415 3122 1598 3164 rerum
1644 3117 1838 3164 natura
1887 3109 2035 3181 inve-
2061 3090 2106 3153 (ἶ

447 3199 695 3254 niuntur.
733 3199 866 3254 Nam
892 3213 1192 3270 neque-aer
1224 3213 1378 3263 suam
1422 3199 1600 3270 perdit
1639 3200 2030 3268 substantiam,

443 3305 566 3364 cum
593 3298 741 3354 totus
763 3289 816 3345 in
843 3291 1024 3354 lumen
1052 3289 1228 3344 solare
1250 3291 1604 3366 convertitur,
1639 3291 1693 3351 in
1719 3300 1954 3359 tantum,
1976 3276 2039 3351 ut

445 3378 580 3434 nihil
609 3393 882 3451 appareat,
913 3378 1015 3434 nisi
1055 3381 1166 3443 lux,
1195 3395 1317 3436 cum
1347 3378 1490 3434 aliud
1513 3381 1585 3448 sit
1614 3381 1725 3448 lux,
1757 3381 2030 3438 aliudaer.

446 3467 718 3523 Metallum
767 3469 1003 3540 aliquod,
1046 3470 1102 3524 in
1154 3471 1276 3545 igne
1332 3470 1704 3543 liquefactum,
1751 3473 1803 3529 iu
1847 3473 2031 3546 ignem

446 3560 688 3616 converti
710 3560 924 3616 videtur
952 3561 1100 3621 salva
1125 3561 1324 3617 metalii
1344 3564 1668 3619 substantia.
1711 3555 1912 3622 Eadem
1944 3580 2034 3622 ra—

446 3649 592 3706 tione
631 3649 888 3706 exiStimo
937 3652 1276 3724 corporalem
1324 3653 1685 3709 substantiam
1715 3654 1770 3709 in
1795 3655 2033 3711 animam

445 3755 566 3798 esse
597 3743 972 3810 transitur-am,
1013 3759 1118 3800 non
1151 3756 1209 3800 ut
1238 3755 1424 3816 pereat
1452 3747 1594 3816 quod
1639 3748 1732 3812 sit,
1761 3748 1854 3805 sed
1884 3758 1944 3804 ut
1976 3748 2033 3809 in

443 3833 655 3892 meliOri
698 3834 938 3893 essentia
989 3836 1141 3893 salva
1166 3837 1238 3893 sit
1268 3855 1314 3892 ι.
1353 3834 1444 3910 (ιτ,
1468 3837 1524 3894 8.
1581 3837 1672 3894 20.
1706 3838 1777 3895 59
1809 3849 1868 3895 et
1911 3854 2037 3912 ρης·

442 3923 593 4000 sim.)
1247 3999 1250 4000 ί
1872 3954 1873 3957 ~

1159 4000 1188 4074 ς
1229 3999 1317 4054 et.

513 4118 631 4189 Hoc
679 4131 863 4186 autem
906 4122 1070 4178 etiam
1121 4133 1285 4194 atque
1311 4123 1479 4180 etiam
1525 4125 1682 4181 nobis
1709 4120 2034 4191 inculcatur,

447 4228 469 4265 ι
502 4213 582 4268 sic
633 4211 890 4268 inferiora
959 4227 1176 4284 semper
1234 4231 1265 4267 a
1312 4215 1686 4285 superioribus
1730 4218 2035 4282 absorberi,

441 4309 502 4354 ut
528 4298 678 4372 salva
704 4313 920 4356 maneat
941 4301 1253 4357 inferiorum
1283 4305 1584 4359 substantia
1620 4324 1662 4356 ι.
1710 4304 2038 4379 (V,20.59.)

363 4411 373 4418 ’
442 4389 578 4446 Hinc
608 4389 824 4462 queque
845 4391 1089 4463 profecto
1123 4395 1364 4466 colligas,
1423 4395 1603 4460 rebus,
1655 4411 1794 4465 quae
1843 4398 2035 4451 absor-

2129 472 2341 544 busque
2385 476 2652 548 subjecta,
2702 479 3146 550 generationibus
3186 488 3246 544 et
3286 483 3728 554 oorruptionibus

2128 565 2362 620 obnoxia
2400 585 2448 624 ι.
2473 567 2562 636 (ι’,
2592 567 2808 638 15-16.)

2821 701 2885 798 5
2925 701 3016 761 ss.

2199 827 2566 909 Quaecunque
2603 847 2882 911 praeterea
2915 851 3081 908 super
3131 836 3226 901 illo
3268 852 3453 897 rerum
3478 838 3725 897 omnium

2129 928 2330 992 reditu,
2353 928 2401 983 si
2426 943 2541 984 rem
2565 928 2864 999 generatim
2890 936 3056 1000 atque
3097 927 3354 986 universe
3394 937 3728 1002 spectamus,

2085 1068 2089 1073 .
2130 1032 2431 1078 memoratu
2461 1022 2624 1093 digna
2645 1019 2952 1086 videantur,
2981 1020 3180 1078 Scotus
3203 1021 3322 1093 ipse
3352 1021 3406 1078 in
3432 1023 3721 1096 augustius

2129 1111 2348 1168 redacta
2373 1111 2458 1172 his
2483 1111 2664 1167 verbis
2701 1111 2944 1181 exponit.

2205 1222 2224 1254 ι
2261 1202 2446 1258 Visum
2472 1211 2552 1258 est
2584 1202 2760 1269 nobis,
2788 1203 3048 1273 quasdam
3073 1193 3313 1261 theorias
3339 1207 3407 1263 de
3435 1207 3610 1266 reditu
3649 1206 3730 1268 de

2129 1289 2368 1347 fecluum
2422 1290 2478 1346 in
2524 1305 2738 1356 causas,
2781 1293 2884 1347 hoc
2930 1292 3094 1348 estin
3140 1296 3399 1361 rationes,
3432 1296 3486 1352 in
3533 1298 3730 1369 quibus

2132 1381 2458 1446 subsistunt,
2488 1378 2836 1456 subiungere.
2878 1380 3047 1452 Cujus
3070 1383 3268 1441 iterum
3298 1387 3503 1444 reditus
3527 1389 3728 1464 triplex

2131 1473 2467 1548 occurrebat
2485 1473 2702 1529 modus.
2748 1474 2990 1542 Quorum
3017 1477 3226 1547 primus
3247 1479 3465 1548 quidem
3496 1495 3731 1554 genera-

2132 1563 2258 1618 liter
2278 1563 2332 1618 iu
2365 1565 2818 1621 transmutatione
2869 1567 3038 1623 totius
3087 1569 3361 1625 sensibilis
3410 1582 3732 1639 creaturae,

2132 1672 2275 1726 quae
2291 1657 2431 1712 intra
2455 1655 2613 1725 hujus
2639 1660 2825 1714 mundi
2849 1660 3110 1718 ambitum
3135 1662 3466 1730 continetur,
3493 1666 3595 1721 hoc
3615 1674 3727 1732 est.

2062 1734 2111 1796 Β
2136 1747 2381 1803 omnium
2407 1764 2699 1819 corporum
2727 1766 2822 1807 seu
2849 1752 3113 1818 sensibus
3149 1747 3431 1826 corporeis
3480 1773 3735 1818 succums

2131 1838 2404 1924 licatium,
2429 1854 2527 1896 seu
2571 1856 2667 1897 eos
2713 1857 2846 1912 prae
2877 1843 3042 1899 nimia
3073 1844 3155 1923 sui
3189 1846 3490 1903 subtilitate
3521 1847 3732 1921 fugien-

2133 1930 2292 1998 tium,
2321 1931 2762 1999 censiderantur,
2787 1933 2865 2011 ita
2903 1935 3432 2009 utnullumcorpus
3471 1937 3542 1994 sit
3585 1940 3734 1996 intra

2133 2031 2340 2078 textum
2364 2037 2659 2096 corporeae
2686 2035 2936 2088 naturae,
2976 2026 3090 2081 sive
3138 2025 3286 2081 vitali
3332 2024 3483 2084 mutu
3529 2027 3740 2084 solum-

2132 2113 2317 2178 modo,
2344 2129 2442 2170 seu
2487 2113 2700 2170 occulte
2745 2129 2840 2170 seu
2886 2127 3074 2186 aperte
3103 2125 3432 2188 vegetation,
3466 2130 3560 2174 seu
3588 2117 3731 2176 irra-
3814 2120 3822 2129 '

2134 2204 2380 2270 tionabili
2401 2205 2580 2266 anima
2609 2221 2980 2278 corporeoque
3009 2223 3171 2264 sensu
3201 2209 3590 2285 pollens,qtlod
3614 2225 3725 2268 non
3753 2267 3757 2271 ,

2134 2302 2190 2358 in
2214 2317 2345 2360 suas
2362 2317 2559 2359 «ausas
2602 2303 2843 2360 occultas
2867 2311 3185 2358 revertatur.
3211 2303 3290 2359 Ad
3327 2302 3559 2362 nihilum
3581 2305 3728 2363 enim

2094 2440 2096 2442 τ
2134 2393 2409 2468 redigetur
2433 2395 2490 2450 in
2522 2393 2627 2458 his,
2669 2409 2808 2464 quae
2858 2394 3292 2451 substantialiter
3337 2409 3369 2448 a
3417 2397 3582 2451 causa
3614 2409 3732 2450 em~

2133 2486 2284 2542 nium
2313 2470 2605 2541 substituta
2629 2494 2772 2541 sunt.
2811 2472 3093 2541 Secundus
3118 2499 3248 2540 vero
3269 2490 3465 2562 modus
3485 2486 3736 2558 specula-

2137 2576 2299 2634 tionis
2323 2577 2660 2634 suae‘sedem
2701 2577 2913 2632 obtinet
2953 2576 3006 2632 in
3055 2577 3232 2632 reditu
3288 2577 3529 2648 generali
3574 2577 3737 2634 totius

2137 2666 2410 2725 humanae
2441 2674 2684 2725 naturae.
2712 2667 2780 2720 in,
2810 2665 3028 2722 Christo
3070 2667 3329 2732 salvatae,
3363 2671 3416 2724 in
3444 2669 3738 2739 pristinum

2135 2771 2270 2812 sitae
2313 2755 2640 2813 conditionis
2685 2766 2884 2813 statum
2918 2771 2986 2813 ac
3026 2758 3190 2814 veluti
3214 2761 3481 2830 quendam
3514 2761 3730 2835 paraui.

2135 2866 2275 2912 sum,
2302 2851 2354 2908 in
2377 2849 2591 2906 divinae
2619 2849 2870 2921 imaginis
2905 2851 3241 2920 dignitatem,
3300 2853 3497 2911 merito
3545 2853 3728 2916 unius.

2135 2941 2292 3012 cujus
2312 2942 2534 3017 sanguis
2552 2942 2914 2999 communiter
2941 2956 3041 3013 pro
3065 2944 3243 2999 salute
3272 2944 3439 3002 totius
3482 2943 3749 3001 humanis.

2139 3036 2268 3092 tatis
2290 3032 2443 3113 lusus
2469 3041 2572 3100 est,
2599 3035 2671 3090 ita
2696 3044 2756 3089 ut
2782 3047 2944 3090 nemo
2971 3031 3252 3090 hominum
3283 3035 3620 3092 naturalibus

2139 3126 2243 3190 nis,
2273 3125 2326 3180 in
2355 3125 2550 3196 quibus
2575 3125 2826 3182 conditus
2848 3133 2951 3188 est,
2989 3124 3250 3196 privetur,
3283 3127 3399 3183 sive
3432 3126 3592 3193 bene,
3608 3128 3729 3186 sive

2137 3216 2280 3271 male
2305 3216 2358 3270 in
2389 3216 2490 3272 bac
2514 3215 2620 3270 vita
2662 3215 2880 3270 vixerit.
2909 3217 2989 3272 Ac
3012 3215 3093 3271 sic
3121 3215 3341 3272 divinae
3383 3216 3644 3272 bonitatis
3668 3226 3730 3278 et

2137 3306 2404 3380 largitatis
2435 3304 2722 3362 int-ﬂabilis
2747 3317 2805 3362 et
2829 3306 3396 3377 incomprehensibilis
3426 3306 3645 3365 diffusio
3676 3307 3740 3373 ita

2139 3413 2359 3454 omnem
2407 3398 2701 3453 humanam
2732 3407 2985 3455 naturam
3016 3398 3322 3470 apparebit,
3353 3400 3480 3457 dunt
3511 3399 3567 3456 in
3589 3399 3740 3466 nullo

2139 3492 2378 3561 punitur,
2417 3492 2561 3560 quod
2589 3506 2621 3545 a
2648 3505 2866 3546 summo
2895 3489 3038 3546 bono
3073 3501 3280 3548 manat.
3309 3492 3527 3552 Tertius
3553 3495 3619 3551 de
3645 3507 3739 3550 rc-

2135 3570 2258 3640 ditu'
2281 3584 2522 3641 theoriae
2547 3584 2740 3639 modus
2762 3594 3012 3640 versatur
3040 3585 3094 3642 in
3128 3586 3236 3651 his,
3263 3585 3356 3657 qui
3407 3601 3514 3642 non
3559 3586 3735 3644 solum

2141 3676 2194 3732 in
2225 3675 2610 3732 sublimitatem
2642 3682 2870 3730 naturae
2895 3673 2950 3730 in
2984 3675 3050 3731 iis
3083 3676 3410 3732 substitutae
3433 3677 3736 3743 asceasuri,

2139 3781 2324 3822 verum
2354 3765 2516 3822 etiam
2541 3780 2640 3836 per
2661 3763 3047 3821 abundantiam
3084 3765 3299 3822 divinae
3329 3765 3560 3838 gratiae,
3589 3780 3734 3839 quae
3765 3797 3770 3802 -

2140 3872 2236 3927 per
2260 3855 2536 3912 Christum
2580 3864 2636 3910 et
2663 3854 2718 3911 in
2763 3855 2982 3912 Christo
3003 3856 3191 3912 electis
3220 3855 3334 3911 suis
3359 3856 3624 3922 tradetur,
3646 3873 3734 3914 suo

2135 3961 2236 4016 pra
2265 3961 2456 4002 omnes
2477 3955 2702 4001 naturae
2735 3945 2883 4018 leges
2906 3962 2969 4000 ac
3001 3945 3266 4001 terminus
3291 3945 3720 4022 superessent“-

2139 4037 2266 4092 litcr
2293 4035 2346 4091 in
2386 4036 2559 4106 ipsum
2605 4037 2774 4092 Deum
2834 4034 3112 4092 transituri
3170 4045 3322 4101 sunt,
3355 4026 3632 4109 unumque
3667 4035 3728 4093 in

2141 4130 2259 4200 ipso
2279 4135 2331 4184 et
2355 4143 2476 4184 cum
2500 4128 2617 4198 ipso
2647 4127 2833 4183 futuri.
2858 4126 3103 4196 Quorum
3132 4129 3374 4184 recursio
3399 4127 3565 4184 veluti
3607 4135 3734 4201 post

2138 4223 2401 4291 quosdam
2442 4221 2642 4291 gradus
2665 4226 2872 4291 septem
2904 4221 3255 4276 discernitur.
3289 4217 3369 4274 Ac
3396 4219 3604 4290 primoa
3629 4220 3739 4277 erit

2141 4309 2371 4366 mutatio
2400 4307 2598 4366 terreni
2617 4308 2863 4380 corporis
2886 4308 2939 4364 in
2963 4319 3168 4365 motum
3190 4307 3429 4373 vitalem,
3463 4308 3735 4365 secundus

2139 4401 2327 4458 vitalis
2367 4409 2546 4457 motus
2583 4400 2638 4455 in
2669 4415 2906 4464 sensum,
2938 4398 3134 4455 tertius
3152 4391 3416 4455 sensu'sin
3444 4399 3734 4466 rationem,

440 4483 692 4550 heanlnr.
730 4499 915 4539 veram
955 4496 1018 4541 ac
1050 4488 1320 4556 propriam
1342 4501 1408 4541 cx
1449 4487 1630 4542 causis
1671 4487 2032 4558 primordiali-
2061 4479 2109 4537 D
2135 4494 2333 4550 dehinc
2358 4493 2585 4549 rationis
2609 4493 2664 4546 in
2695 4493 2980 4549 animum:
3013 4491 3067 4547 in
3094 4507 3203 4563 quo
3229 4493 3354 4549 linis
3377 4493 3544 4549 totius
3565 4491 3735 4548 ratio-
3783 4517 3789 4524 -

440 4573 544 4630 bus
589 4573 916 4645 impertitum
946 4573 1115 4633 fuisse
1155 4577 1537 4642 substantiam,
1593 4593 1732 4647 quae
1756 4577 1870 4647 ipsa
1900 4581 2028 4635 sub-

442 4666 659 4730 stantia,
693 4667 854 4723 rebus
879 4668 936 4724 in
961 4683 1153 4724 causas
1175 4684 1302 4724 suas
1339 4669 1755 4734 revertentibus,
1779 4669 1927 4726 salva
1951 4681 2030 4725 at-

441 4772 548 4829 que
573 4758 884 4831 incorrupta
917 4775 1136 4831 manere
1157 4761 1386 4814 dicatur.
1412 4761 1481 4813 At
1508 4761 1794 4831 praecipue
1821 4762 1872 4817 iu
1890 4761 2030 4818 libro

443 4850 653 4920 quinto,
695 4867 804 4921 quo
840 4851 908 4905 de
942 4867 1123 4907 rerum
1172 4854 1416 4906 omnium
1475 4853 1651 4909 reditu
1701 4853 2029 4923 disputatur,

443 4939 610 4994 altera
639 4940 728 4994 illa
760 4941 1050 5006 sententia,
1077 4957 1240 5014 quam
1269 4958 1428 5012 supra
1473 4943 1586 5013 jam
1641 4943 2039 5013 explicavimus

399 5091 414 5106 ,
444 5029 538 5104 (cf.
571 5030 603 5105 ς
634 5032 749 5100 '56),
775 5034 995 5089 uberius
1025 5043 1107 5089 est
1138 5035 1400 5105 exposita.
1430 5035 1615 5105 ltaqne
1664 5036 1796 5090 haec
1841 5035 2036 5092 docen-

447 5131 553 5178 tur.
583 5123 756 5192 Quum
787 5139 894 5180 nun
927 5125 1072 5195 ipsae
1104 5143 1283 5181 rerum
1313 5127 1648 5182 substantiae
1682 5142 1747 5182 ex
1778 5128 2030 5184 causisin

447 5216 590 5272 hunc
621 5219 879 5273 mundum
909 5218 1217 5288 tingendum
1271 5219 1645 5292 prolluxerint,
1675 5221 1768 5275 sed
1801 5236 1866 5274 ex
1903 5221 2034 5276 sub-

446 5307 793 5374 stantiarutn,
823 5325 962 5379 quae
985 5311 1036 5363 in
1061 5311 1240 5364 causis
1268 5323 1665 5376 rettt:utset'mtl,
1702 5329 1721 5362 ι
1756 5311 2034 5381 qualitati-

446 5397 551 5454 bus
582 5415 603 5449 ι
629 5399 716 5455 hic
767 5400 1000 5454 mundus
1029 5398 1327 5481 fabricatus
1371 5417 1531 5471 atque
1570 5413 1884 5471 compactus
1935 5403 2037 5469 sit,

452 5505 476 5541 ί
517 5489 630 5560 ipse
659 5491 864 5546 reditus
895 5509 999 5547 non
1030 5503 1112 5547 est
1133 5495 1583 5560 snbstautiarutu,
1609 5510 1749 5564 quae
1781 5496 2037 5556 immuta-

447 5580 631 5638 billter
651 5591 708 5636 et
737 5583 1096 5641 insolabiliter
1125 5588 1174 5640 in
1200 5601 1259 5641 se
1287 5598 1630 5655 permanent,
1670 5590 1764 5641 sed
1812 5589 2041 5660 quality

451 5679 565 5735 tum
595 5684 650 5729 et
686 5675 1046 5745 quantitatum
1097 5679 1434 5748 aliurmuqne
1481 5679 1866 5747 accidentium,
1903 5697 2042 5752 quae

2135 4587 2275 4644 nalis
2298 4596 2583 4644 creaturae
2613 4585 2984 4643 constituitur.
3021 4585 3150 4642 Post
3197 4585 3338 4642 hanc
3367 4585 3533 4641 veluti
3564 4585 3730 4656 quin-

2134 4693 2244 4750 que
2270 4679 2507 4751 partium
2535 4688 2756 4734 nostrae
2798 4687 3026 4734 naturae
3056 4677 3466 4741 adunatiouem,
3491 4676 3738 4748 corporis

2137 4772 2407 4836 videlicet,
2436 4787 2491 4829 et
2515 4772 2695 4828 vitalis
2731 4781 2932 4835 motus,
2987 4786 3309 4843 sensusque,
3365 4770 3734 4842 rationisque.

2138 4862 2572 4933 intellectusque,
2633 4862 2707 4916 ita
2747 4869 2805 4918 ut
2833 4878 2938 4916 non
2965 4862 3229 4933 quinque,
3259 4861 3356 4918 sed
3399 4877 3565 4916 unum
3599 4861 3734 4926 sint,

2140 4954 2490 5013 inferioribus
2545 4967 2764 5027 semper
2810 4969 2844 5008 a
2886 4953 3260 5026 superioribus
3315 4951 3734 5018 consummatis,

2137 5062 2242 5118 non
2274 5055 2330 5101 ut
2353 5061 2458 5102 non
2484 5047 2614 5111 sint,
2642 5045 2735 5102 sed
2760 5053 2818 5101 ut
2841 5061 3008 5102 unum
3035 5046 3166 5112 sint,
3188 5056 3486 5116 sequentur
3508 5044 3604 5101 alii
3622 5055 3734 5102 tres

2137 5138 2473 5196 ascensionis
2493 5139 2715 5210 gradus,
2748 5152 2980 5209 quorum
3011 5144 3245 5192 unusest
3273 5137 3533 5192 transitus
3560 5134 3734 5192 animi
3813 5183 3842 5208 1.

2136 5229 2190 5286 in
2223 5227 2502 5286 scientiam
2525 5227 2790 5293 omnium,
2817 5242 2960 5298 quae
2993 5233 3115 5300 post
3147 5228 3317 5284 Deum
3350 5215 3509 5293 sunt,
3539 5240 3736 5301 κουιιρ

2142 5320 2245 5384 dus
2271 5319 2536 5376 scientiae
2561 5319 2614 5374 in
2643 5320 2986 5390 sapientiam,
3015 5319 3119 5387 hoc
3171 5332 3275 5384 est,
3321 5318 3736 5392 contemplatio-

2142 5427 2269 5468 nem
2303 5413 2550 5467 intimam
2573 5412 2842 5478 veritatis,
2873 5422 3137 5482 quantum
3173 5422 3457 5468 creaturae
3483 5410 3738 5479 concediv

2145 5513 2269 5568 tur,
2307 5504 2520 5564 tertius,
2549 5504 2639 5574 qui
2662 5513 2718 5559 ct
2746 5518 3008 5566 summus,
3064 5503 3572 5575 purgatissimorum
3617 5498 3746 5560 ani.

2148 5606 2358 5649 morum
2389 5590 2440 5645 iu
2475 5590 2649 5662 ipsum
2678 5591 2846 5646 Deum
2873 5590 3365 5661 supernaturaliter
3390 5603 3641 5653 occasus,
3672 5598 3738 5650 ac

2148 5681 2311 5738 veluti
2339 5681 2909 5750 incomprehensibilis
2929 5692 2981 5738 et
3012 5681 3400 5739 inaccessibilis
3427 5677 3564 5736 lucis
3587 5688 3736 5757 teuc-
