4224 6078
340 272 441 357 ’τ’

1340 293 1412 353 nv
1449 260 1708 355 etenus
1744 275 1835 357 ns
1866 295 2212 359 nmsrons
2247 293 2579 356 unum.

3529 279 3603 353 98

406 409 463 468 li.
528 408 739 467 ﬂorum
789 405 1169 482 opusculorum
1217 406 1456 483 primum
1507 418 1700 484 putant
1752 411 1921 486 aliqui
1945 420 1996 483 Α
2022 411 2374 480 stensizeas,
2417 426 2558 483 quas
2601 425 2697 468 seu
2736 410 2951 471 scribae
2997 414 3172 473 nostri
3212 415 3611 481 testinationcs,

342 500 710 568 intercidisse;
746 501 837 557 alii
874 502 1052 558 adhuc
1089 509 1313 559 astare
1354 501 1541 561 volunt
1564 503 1669 561 sub
1701 504 1927 562 nomine

338 591 640 660 Bet'trami,
684 591 769 648 vel
814 592 1119 649 Batramni.
1162 591 1388 651 Praeter
1426 593 1566 651 alios
1599 595 1706 652 hac
1752 597 1822 653 de
1866 612 1927 655 re

337 682 545 741 consuli
570 690 800 755 possunt
814 682 1013 739 Petrus
1036 683 1105 739 de
1121 681 1305 743 Iarca
1324 685 1471 759 apud
1490 684 1696 744 Lucam
1717 688 1929 747 Dacbeo

343 772 482 830 riunt
531 772 807 846 Spicilegii
858 782 992 830 tom.
1035 772 1104 838 ιι.
1150 783 1209 833 ct
1248 774 1595 839 doctissimus
1632 777 1719 833 vir
1762 777 1921 855 Joan.

339 860 681 920 li‘abillonius
713 862 777 918 in
813 862 1053 923 Praelst.
1172 871 1386 940 partem
1415 864 1467 925 il
1502 866 1674 925 seculi
1700 864 1770 925 iV
1797 868 1921 929 Act.

336 952 832 1031 Benedictinorum.
915 982 927 992 -
1308 958 1315 965 ’
1930 1020 1931 1023 η

402 1045 462 1105 ί.
515 1046 806 1105 Versiones
865 1046 1108 1123 Dionysii
1169 1056 1389 1109 exstant
1425 1049 1483 1110 in
1541 1054 1926 1130 manuscriptis

333 1137 522 1201 codd.
578 1153 811 1209 quorum
850 1136 1057 1212 aliquot
1101 1138 1234 1206 vidi,
1279 1140 1451 1215 ipsius
1493 1143 1683 1213 seculi,
1720 1144 1775 1201 in
1817 1160 1925 1217 quo

114 1266 125 1273 .
226 1279 230 1283 .
346 1228 484 1286 vixit
533 1227 694 1289 Joan.
724 1217 979 1297 ‘Scotus‘,
1024 1228 1295 1301 quantum
1342 1232 1655 1304 conjectura
1705 1238 1922 1310 assequi

335 1322 635 1401 lineatabe
661 1322 751 1381 his
777 1323 902 1382 vide
933 1324 1287 1385 Anastasium
1320 1312 1822 1398 'bibliomecarium,
1866 1341 1923 1388 et

338 1412 645 1489 Philippum
688 1412 967 1472 [Altinum
1006 1416 1064 1472 in
1123 1416 1433 1475 Anastasio.
1494 1419 1628 1478 bibl.
1692 1420 1927 1479 Exstant

332 1504 499 1563 etiam
533 1506 679 1580 typis
702 1522 886 1567 ensae.
921 1507 1230 1568 Observant
1271 1512 1513 1570 nonnulli
1540 1514 1612 1572 ob
1639 1516 1779 1574 hanc
1802 1534 1925 1575 ver-

333 1596 544 1654 sionem
571 1597 753 1670 primo
776 1599 838 1656 in
866 1599 1236 1674 suspiciam
1258 1602 1473 1663 venisse
1490 1603 1762 1665 Joannem
1797 1609 1923 1667 ﬁdei

332 1702 525 1759 parum
555 1703 743 1747 sanae.
1633 1711 1636 1715 ’

2021 517 2119 560 seu
2143 502 2536 578 codicisipsius
2559 501 2803 563 deiectus
2830 504 3180 564 multifariam
3200 506 3608 579 suppleverunt.

2021 591 2082 650 Si
2111 594 2240 665 quis
2287 584 2517 667 posthac
2562 593 2779 667 aliquas
2819 595 2875 654 in
2913 598 3021 656 hac
3057 589 3295 656 editione
3324 601 3398 657 ab
3427 613 3618 656 exem-

2020 682 2160 758 plari
2188 698 2295 739 ms.
2314 683 2711 757 discrepanties
2746 686 3153 755 observaverit,
3178 688 3321 745 sciat
3358 703 3458 746 eas
3484 704 3611 745 eve-

2020 772 2168 831 uisse
2218 789 2327 831 non
2376 775 2648 844 consulto,
2705 778 2805 835 sed
2856 793 3027 848 casu;
3077 796 3188 838 non
3245 781 3447 849 studio,
3490 797 3607 838 non

2019 861 2212 920 fraude
2236 864 2402 931 maia,
2445 866 2547 923 sed
2586 880 2687 941 per
2710 868 3004 935 humanam
3049 868 3441 938 inﬁrmitatem,
3468 888 3611 945 quae

2020 968 2131 1010 non
2170 955 2320 1013 videt
2353 957 2562 1025 omnia,
2607 957 2913 1035 irrepsisse.
2949 960 3062 1020 llos
3090 960 3151 1035 ,ν
3210 962 3379 1021 libros
3427 965 3611 1021 Abbas

2020 1042 2354 1102 Trithemius
2377 1044 2640 1106 adscribit
2661 1045 2855 1107 Joanni
2880 1049 3068 1120 Scoto,
3086 1066 3248 1124 quem
3274 1051 3609 1110 Mailrosiunt

2019 1145 2236 1194 vocant.
2262 1138 2399 1196 Eum
2430 1141 2679 1214 sequitur
2703 1140 2924 1211 Baleus,
2954 1153 3007 1202 et
3031 1159 3156 1203 cum
3184 1156 3405 1218 errante
3437 1160 3605 1203 errat.

2019 1220 2181 1298 Nam,
2206 1239 2267 1286 ut
2293 1231 2362 1288 de
2387 1231 2674 1291 Historicis
2707 1234 2845 1292 nihil
2872 1236 3053 1294 dicam
3091 1237 3208 1311 (qui
3234 1238 3452 1311 quidem
3492 1258 3610 1298 om.

2020 1332 2120 1375 nes
2133 1319 2467 1383 unanimiter
2494 1321 2600 1381 hoc
2616 1337 2755 1397 opus
2777 1322 2941 1387 Scoto
2964 1325 3227 1400 Erigenas
3244 1330 3609 1401 adscribunt),

2019 1412 2157 1469 satis
2174 1421 2393 1471 constat
2415 1415 2746 1474 exversione
2770 1402 3170 1490 Ambiguorum,
3190 1436 3360 1478 unum
3388 1430 3444 1479 et
3476 1437 3609 1479 etm-

2019 1504 2143 1561 detn
2166 1503 2451 1579 utriusque
2482 1505 2667 1579 operis
2691 1523 2813 1566 esse
2836 1518 3071 1580 patrem.
3120 1512 3220 1568 Diu
3263 1513 3409 1571 haud
3445 1513 3609 1570 dubie

2019 1596 2142 1655 sine
2160 1597 2413 1674 auctoris.
2426 1602 2647 1658 nomine
2666 1600 2973 1660 circnmlati
2995 1612 3125 1662 sunt
3150 1604 3207 1659 hi
3235 1603 3392 1673 libri;
3420 1620 3487 1662 eo
3511 1622 3604 1663 ca-

2020 1689 2133 1747 ruit
2150 1698 2377 1765 noster;
2402 1706 2471 1748 eo
2495 1692 2663 1751 etiam
2695 1691 3022 1752 Parisiensis
3047 1697 3223 1752 codex
3248 1696 3448 1752 caruit.
3494 1696 3610 1753 lino

402 1775 460 1833 ὅ.
506 1778 754 1838 Tertium
800 1780 1064 1858 scriptum
1109 1784 1181 1843 de
1226 1783 1733 1859 Praedestinatioue
1776 1793 1919 1866 typis

2017 1778 2157 1835 adeo
2177 1779 2524 1853 ignorabatur
2547 1796 2747 1841 nomen
2768 1783 3034 1853 auctoris,
3053 1792 3115 1839 ut
3130 1799 3269 1859 opus
3287 1773 3444 1855 prius
3458 1789 3607 1845 dam-

335 1870 611 1942 vuigatum
650 1870 879 1931 Parisiis
924 1892 1070 1933 anno
1096 1876 1292 1936 salutis
1334 1888 1555 1938 nostrae
1596 1880 1671 1938 Μ.
1707 1882 1817 1942 DC.
1853 1885 1920 1941 1..

333 1960 504 2020 habes
541 1965 682 2036 apud
711 1964 921 2039 regium
960 1967 1331 2029 consiliarium
1354 1971 1660 2032 Gilbertum
1676 1973 1923 2051 langui-

335 2071 466 2114 num
507 2056 653 2117 inter
687 2057 986 2133 scriptores
1042 2062 1216 2120 seculi
1250 2061 1349 2131 ιχ,
1388 2079 1513 2123 cum
1556 2064 1817 2126 variis‘de
1853 2084 1924 2129 eo

342 2146 483 2207 libro
509 2148 856 2224 antiquorum
873 2148 1097 2223 indiciis
1124 2162 1183 2212 et
1214 2155 1481 2213 censuris.

404 2235 462 2295 4.
486 2235 549 2294 S.
576 2237 848 2309 Maximus
864 2241 1087 2314 scripsit
1108 2244 1504 2316 expositionem
1524 2245 1920 2321 Ambiguorum

340 2326 551 2401 aliquot
577 2328 846 2400 iocorum,
871 2345 1012 2405 quae
1065 2333 1123 2391 in
1167 2334 1227 2390 S.
1274 2334 1520 2408 Dionysii
1569 2346 1629 2395 et
1669 2337 1918 2412 Gregorii

336 2415 664 2480 Nasianzeni
689 2422 844 2482 libris
865 2436 1184 2485 occurrunt.
1216 2426 1362 2485 Haec
1392 2428 1552 2503 (Pag.
1586 2429 1702 2505 Xll)
1732 2415 1921 2490 Adibi-

336 2526 444 2585 ιιιι
468 2506 709 2570 Joannes
734 2512 971 2590 Erigena
1016 2517 1176 2574 vertit
1202 2518 1390 2576 latine.
1421 2519 1615 2580 Nescio
1644 2537 1715 2579 an
1745 2514 1922 2592 totum

337 2599 558 2665 laximi
595 2620 774 2677 opus:
801 2606 1058 2681 quoniam
1092 2607 1301 2667 Graeca
1331 2609 1391 2667 S.
1426 2610 1651 2670 liaximi
1697 2613 1916 2688 integra

339 2691 578 2743 nondum
598 2698 793 2747 nactus
821 2706 966 2748 sum.
994 2692 1145 2762 Quae
1168 2693 1261 2752 hic
1285 2694 1344 2752 in
1375 2695 1668 2772 lineiegis,
1693 2711 1918 2774 accepta

332 2792 544 2834 mecum
570 2778 715 2836 rel‘cr
730 2780 932 2855 partim
964 2783 1235 2842 beneficio
1258 2799 1312 2841 v.
1332 2787 1403 2843 el.
1430 2787 1674 2848 Emerici
1697 2791 1917 2867 Bigetii,

337 2870 432 2943 qui
475 2886 558 2929 .ex
595 2870 934 2932 Bibliotheca
976 2874 1123 2949 regis
1156 2875 1454 2937 Galliarum
1492 2880 1558 2939 in
1595 2898 1748 2942 meos
1787 2900 1922 2943 usus

331 2962 608 3036 descripta
630 2963 993 3037 examinavit,
1019 2967 1219 3039 partim
1265 2969 1440 3027 codici
1476 2988 1622 3040 meo,
1645 2973 1742 3048 qui
1766 2990 1919 3034 cont—

329 3053 595 3127 piurimas
636 3051 881 3125 ejusdem
929 3053 1149 3114 Maximi
1196 3057 1603 3119 lucubrationes
1648 3066 1912 3124 continet.

2022 1872 2409 1931 uatumJuerit
2435 1869 2684 1943 Parisiis,
2707 1890 2873 1947 quam
2916 1878 3248 1945 constiterit,
3285 1872 3441 1952 cujus
3464 1895 3609 1938 esset

2020 1961 2217 2019 foetus.
2244 1960 2511 2025 Martinus
2541 1963 2779 2024 Polonus
2800 1967 2881 2025 sic
2909 1969 2979 2025 de
3014 1983 3083 2026 eo
3110 1967 3300 2027 scribit
3322 1973 3606 2043 (quemad-

2019 2052 2242 2110 modum
2268 2052 2327 2112 in
2369 2054 2581 2114 duobus
2607 2055 2766 2115 MSS.
2795 2072 2962 2133 penes
2991 2060 3525 2121 Revereudissimunt
3553 2067 3607 2121 in

2019 2146 2150 2205 Chr.
2198 2145 2261 2206 P.
2293 2146 2620 2206 Gulielmum
2659 2149 2973 2228 Archiepis.
2998 2152 3259 2215 Cantuar.
3303 2157 3427 2229 legi)
3460 2159 3608 2214 :Itir

2018 2234 2316 2317 liber[1rspl
2347 2238 2571 2315 φύσεων]
2594 2239 2734 2298 inter
2758 2234 2895 2305 alios
2917 2243 3081 2300 libros
3102 2246 3473 2303 condemnatos
3500 2248 3608 2302 Pd-

2021 2329 2161 2386 risiis
2210 2331 2542 2402 ponitur,“
2573 2331 2773 2389 dicitur
2814 2333 2948 2389 liber
2994 2335 3271 2392 Antnln'ci.
3325 2337 3604 2395 Postrema:

2019 2419 2156 2477 haec
2177 2421 2341 2479 verba
2370 2436 2481 2479 non
2520 2433 2835 2494 comparent
2864 2441 2922 2482 ιιι
2943 2425 3105 2482 editis
3127 2426 3284 2484 libris
3310 2427 3470 2484 Mart.
3506 2423 3623 2480 Pna

2019 2512 2152 2572 loni.
2178 2497 2483 2572 Gulielmus
2506 2515 3012 2576 Mnimesburiensis
3035 2518 3247 2592 primus
3276 2508 3374 2577 suo
3397 2524 3603 2578 anetori

2017 2604 2345 2675 vindicavit;
2374 2607 2629 2681 Erigeua,
2658 2618 2837 2683 utpar
2858 2620 2944 2669 est
2970 2612 3311 2681 existimare,
3345 2616 3434 2671 hic
3463 2620 3605 2687 apud

2015 2707 2147 2753 suos
2174 2694 2231 2754 id
2255 2696 2436 2756 fassus
2457 2709 2595 2767 erat,
2618 2701 2766 2774 quod
2791 2703 2934 2776 apud
2966 2712 3185 2761 exteros
3207 2706 3498 2765 celaverat.

2086 2783 2142 2841 7.
2191 2783 2463 2859 Epistolas
2509 2782 2661 2844 Secti
2704 2789 2902 2858 nullas,
2946 2796 3094 2862 quod
3136 2795 3279 2865 scio,
3318 2798 3604 2871 quisquam

2015 2876 2173 2945 vidit,
2219 2888 2440 2951 praeter
2461 2893 2578 2946 eas,
2605 2896 2745 2951 quas
2767 2882 2924 2940 libris
2946 2883 3061 2939 suis
3089 2885 3373 2956 praeﬁxit;
3402 2902 3502 2943 nec
3522 2901 3606 2944 tn-

2014 2984 2142 3028 men
2169 2970 2408 3026 dubitari
2429 2982 2637 3043 potest,
2658 2972 2791 3043 quin
2810 2973 2946 3031 alias
2974 2975 3278 3049 scripserit.
3310 2978 3525 3049 Subjcci
3543 2979 3599 3035 in

2014 3061 2170 3119 calce
2217 3061 2379 3133 huius
2426 3063 2717 3147 voluntgis
2761 3063 3021 3122 ineditatn
3066 3068 3387 3139 epistolam,
3434 3087 3601 3142 quam

331 3143 619 3213 Ceterum,
643 3154 710 3205 ut
752 3145 969 3204 redeam
1017 3146 1092 3204 ad
1116 3146 1364 3216 Scotum,
1385 3149 1504 3223 ejus
1532 3153 1910 3225 tralationem,
1936 3154 1984 3219 C
2013 3152 2232 3226 scripsit
2258 3152 2490 3224 Erigena
2518 3143 2873 3214 ad_Ganolum
2920 3154 3148 3215 Calvum
3184 3159 3253 3216 de
3295 3160 3355 3215 S.
3383 3160 3601 3218 Maximi

329 3249 496 3306 quam
520 3236 613 3293 hic
636 3236 763 3303 edo,
796 3250 1010 3319 mecum
1039 3239 1459 3299 communicavit
1493 3245 1828 3305 humanitate
1852 3258 1910 3306 et

331 3328 638 3387 eruditione
689 3329 925 3401 celebris
975 3345 1030 3387 γ.
1068 3328 1311 3391 Joannes
1346 3333 1601 3395 Mahillon
1619 3378 1639 3406 ,
1679 3339 1750 3398 de
1798 3355 1911 3413 quo

326 3437 492 3495 supra
530 3418 973 3490 commemoravi.
1000 3422 1149 3482 llaec
1176 3426 1384 3495 versio,
1411 3429 1618 3503 absque
1643 3431 1912 3505 iis,‘q’uae

328 3516 384 3572 in
419 3515 577 3573 libris
619 3519 688 3574 de
726 3514 993 3576 divisione
1037 3516 1279 3577 Naturae
1322 3518 1485 3582 facile
1524 3523 1908 3603 observantur,

324 3607 462 3665 satis
508 3607 769 3675 ostendit,
819 3608 1114 3683 Erigenam
1158 3610 1332 3672 fuisse
1370 3613 1429 3673 in
1475 3604 1700 3677 Graecis
1750 3620 1914 3692 plane

325 3699 781 3771 alphabelat'iutn.

394 3790 451 3847 5.
484 3791 630 3849 idem
670 3807 728 3848 v.
764 3791 839 3852 ci.
863 3790 918 3848 εἰ.
957 3790 1303 3853 ﬂabilionius
1342 3793 1541 3855 librum
1575 3794 1657 3856 'de
1692 3799 1915 3859 Visions

324 3882 422 3940 Dei
490 3883 848 3956 deprehendit
902 3884 962 3941 in
1014 3900 1121 3944 ms.
1182 3886 1376 3952 codice
1428 3889 1913 3953 Claromariscensi

320 3987 493 4046 prope
547 3972 1029 4045 Andomaropolin,
1092 3990 1220 4050 cum
1278 3981 1386 4036 hoc
1424 3976 1593 4049 titulo
1633 3990 1690 4038 et
1730 3983 1912 4053 initio,

274 4126 279 4137 .
325 4060 743 4132 'l'iiAC'l'A’IUS
771 4064 997 4121 Joannis
1023 4064 1172 4124 δεθεὶ
1194 4067 1288 4136 DE
1327 4067 1599 4128 VlSlONE
1626 4072 1762 4130 DEI.
1786 4074 1918 4133 0m-

323 4169 416 4210 m
440 4170 625 4210 “usus
646 4154 882 4225 corporei
904 4171 971 4211 ex
1007 4156 1374 4227 coniunctione
1398 4172 1691 4219 nascuntur
1705 4164 1919 4222 animos

322 4257 371 4301 et
397 4245 653 4318 corporis.
681 4244 819 4301 Dedi
862 4260 967 4319 ego
1002 4262 1243 4318 operam,
1286 4258 1348 4306 ut
1389 4250 1461 4308 ad
1486 4266 1576 4309 me
1602 4255 1919 4329 perveniret

324 4335 596 4405 hicScoti
638 4334 806 4404 liber;
853 4338 951 4394 sed
983 4338 1202 4395 conatui
1254 4340 1433 4399 adhuc
1480 4358 1593 4416 non
1633 4348 1919 4419 respondit

324 4438 634 4486 successus.

2007 3255 2279 3300 Verstoue.

2078 3333 2344 3393 8.V‘ersus
2361 3336 2670 3397 amisissem
2682 3340 2938 3409 libenter,
2960 3341 3064 3401 nisi
3088 3346 3187 3402 hos
3206 3345 3399 3420 dignos
3417 3350 3607 3407 existi-

2009 3437 2212 3485 masset
2232 3429 2597 3503 Baleus,quos
2619 3429 2783 3507 [Pag.
2816 3432 2956 3510 Xlii]
2990 3451 3461 3496 commemoraret.
3493 3444 3603 3500 Ex-

2011 3522 2388 3594 stantquidam
2402 3525 2459 3581 in
2472 3525 2637 3601 Caice
2646 3526 2911 3602 epistolae
2921 3531 2993 3589 ad
3002 3531 3202 3590 librum
3216 3535 3283 3591 de
3293 3533 3603 3595 Praeiiesti-

2009 3610 2263 3681 natione;
2298 3613 2392 3671 alii
2420 3615 2691 3674 habentur
2713 3618 3003 3690 praemissi
3038 3622 3110 3679 ad
3147 3623 3527 3698 Areopagitica
3566 3647 3597 3684 ιι
3668 3622 3677 3631 ’

2003 3698 2180 3774 Scoto
2209 3717 2490 3761 conversa.
2522 3704 2665 3763 Sunt
2705 3721 2921 3781 quoque
2951 3712 3195 3769 nonnulli
3236 3711 3292 3770 in
3326 3714 3603 3775 Glossnrio

2010 3792 2236 3863 Labhei,
2260 3797 2407 3869 quod
2434 3796 2675 3872 Cangius
2710 3799 2765 3857 in
2805 3802 2985 3861 lucem
3027 3805 3199 3861 dedit.
3236 3805 3602 3879 Reperiuntur

2014 3887 2246 3961 denique
2274 3890 2482 3963 aliquot
2513 3889 2667 3951 Scoti
2685 3895 2756 3950 ad
2777 3889 3056 3955 Caroluu‘t'
3058 3898 3300 3957 carmina
3325 3901 3381 3958 in
3399 3902 3606 3960 Codice

2013 3996 2121 4038 ms.
2150 3979 2507 4041 Benedictino
2550 3986 2696 4060 apud
2725 3985 3233 4060 Cantabrigienses;
3257 4005 3399 4064 quae
3421 4003 3602 4052 tamen

2012 4071 2208 4128 eadem
2257 4071 2398 4129 forte
2439 4068 2567 4131 sunt
2606 4092 2731 4134 cum
2783 4078 2873 4146 iis,
2921 4096 3062 4152 quos
3101 4083 3607 4149 lievereudissimus

2018 4159 2270 4221 Usserius
2284 4164 2606 4239 jamdudum
2641 4169 2955 4241 publicavit.

2084 4254 2423 4314 'l‘ribuuntur
2458 4257 2625 4316 Scoto
2669 4260 2931 4333 Erigonae
2955 4263 3122 4322 etiam
3162 4267 3318 4334 haec,
3348 4284 3488 4340 quae
3514 4286 3603 4328 se-

1994 4358 2280 4431 vquuntnr,
2308 4352 2602 4423 opuscula;
2636 4362 2785 4411 recte
2808 4372 2878 4411 an
2899 4372 3081 4425 secus,
3104 4374 3212 4417 non
3238 4360 3463 4421 deﬁnio.

2088 4442 2146 4499 9.
2184 4440 2245 4498 In
2271 4442 2600 4501 Matianum
2627 4445 2902 4519 Capellam
2942 4449 3340 4511 Commeatus-ii.
3369 4457 3603 4515 Servati.

393 4517 449 4585 6,
486 4517 684 4577 Libros
722 4512 769 4577 ν
806 4519 880 4575 de
921 4518 1186 4580 divisione
1237 4521 1481 4581 Naturae
1523 4525 1737 4605 primus
1770 4544 1915 4588 nunc
1942 4511 1995 4573 ι)
2021 4542 2108 4595 tur
2131 4534 2513 4591 commentarii
2540 4511 2759 4607 quidam
2789 4538 2841 4593 in
2868 4539 3144 4613 Capellant
3168 4544 3304 4601 satis
3343 4511 3605 4621 antiquae

322 4611 448 4670 edo.
498 4610 613 4669 Bos
656 4611 793 4668 mihi
836 4612 1199 4686 suppeditavit
1243 4620 1485 4691 supellex
1530 4635 1679 4689 mea,
1734 4623 1911 4711 (curta

322 4704 483 4779 alias)
520 4703 765 4760 libraria.
806 4705 988 4762 Codex
1027 4718 1216 4764 noster
1243 4709 1455 4787 videtur
1477 4712 1716 4786 scriptus
1739 4708 1913 4775 fuisse

323 4804 453 4854 ante
480 4809 656 4852 annos
681 4805 988 4854 sexcentos.
1018 4796 1285 4866 Quoniam
1309 4815 1495 4860 autem
1526 4820 1638 4863 non
1664 4806 1801 4864 satis
1826 4817 1912 4864 tu-

221 4901 226 4907 ’
325 4896 439 4943 tum
465 4886 774 4945 existimavi
828 4887 989 4946 unico
1030 4888 1199 4948 ﬁdere
1231 4894 1550 4968 exemplari,
1585 4902 1907 4970 praesertim

323 4977 381 5034 in
429 4977 727 5052 scriptione
774 4980 1163 5038 controversiis
1210 4984 1481 5053 obnoxia,
1521 4988 1704 5060 primo
1740 4991 1910 5061 iocos,

323 5084 464 5143 quos
486 5068 687 5129 Scottis
710 5086 783 5128 ex
814 5071 1053 5144 antiquis
1073 5071 1325 5132 Patribus
1350 5076 1595 5147 adduxit,
1629 5097 1737 5139 non
1776 5084 1916 5141 indi-

327 5161 559 5233 ligenter
593 5160 836 5233 inspexi;
869 5163 1010 5220 unde
1048 5165 1337 5222 nonnullas
1370 5169 1783 5228 emendationes
1812 5189 1910 5233 co-

221 5315 225 5319 .
326 5251 430 5311 dex
452 5252 545 5309 ille
578 5263 767 5311 noster
792 5253 1034 5313 lucratus
1056 5265 1143 5312 est
1181 5271 1201 5313 :
1236 5258 1450 5323 deinde,
1464 5274 1600 5325 cum
1626 5264 1909 5332 resciretn,

323 5337 552 5401 Parisiis
571 5342 629 5399 in
646 5340 978 5401 .iionasterio
1005 5342 1065 5399 S.
1089 5345 1370 5413 Germani,
1403 5347 1565 5422 hujus
1580 5352 1765 5422 operis
1792 5366 1913 5411 ser-

326 5433 446 5491 vari
464 5432 745 5506 exemplar
763 5434 911 5489 aliud
953 5436 1031 5505 (et
1058 5436 1195 5491 forte
1216 5436 1433 5493 unicum
1454 5441 1751 5498 secundum
1775 5442 1909 5501 illud

323 5536 542 5590 metm;
570 5537 700 5578 nam
731 5521 913 5578 Codex
936 5522 1147 5584 Thuani
1174 5525 1328 5581 valde
1346 5527 1731 5599 mutiluserat)
1764 5533 1905 5589 amt-

331 5617 522 5662 eorum
571 5607 746 5679 gratia
786 5608 955 5676 (inter
999 5627 1142 5683 quos
1202 5616 1419 5687 primus
1456 5619 1523 5675 ι).
1580 5633 1636 5674 v.
1695 5619 1933 5676 Petrus.

332 5693 567 5771 Mixius)
586 5698 798 5755 obtinui
816 5701 1093 5759 variantes
1111 5696 1455 5767 lectiones'ex
1486 5709 1592 5767 isto
1612 5724 1717 5769 ms.
1743 5708 1897 5765 Pari-

645 5794 916 5859 Pnrton.
965 5800 1217 5865 CXXII.
1513 5809 1517 5813 ’

180 5934 375 5995 ..ι-ιζὲ

2018 4636 2213 4678 manus
2244 4622 2301 4681 in
2324 4623 2662 4684 Bibliotheca
2691 4627 2934 4699 ampliss.
2961 4629 3065 4687 viri
3107 4631 3160 4689 Ι.
3190 4633 3403 4705 Cotton,
3431 4638 3602 4695 Bura-

2017 4715 2145 4770 netti
2171 4726 2196 4768 :
2223 4716 2320 4775 sed
2365 4719 2626 4794 anarzymi
2658 4730 2806 4787 sunt,
2835 4732 2895 4778 et
2919 4723 2994 4780 ob
3028 4726 3317 4783 nonnullas
3359 4731 3605 4791 rationes

2015 4814 2149 4877 puto
2191 4806 2520 4865 Duncbanto
2564 4810 2815 4868 Pontilici
2870 4813 3194 4875 Hibernensi
3247 4821 3431 4891 potius
3480 4840 3602 4881 esse

2015 4895 2427 4955 adscribendos.
2455 4899 2839 4957 Dunrhantum
2880 4916 3065 4961 servat
3089 4906 3423 4972 BibliOtbeca
3454 4918 3604 4990 regis

2017 4988 2190 5045 nostri
2214 4988 2417 5046 Caroli.
3528 4988 3555 5046 ἶ

2088 5081 2178 5140 10.
2216 5082 2297 5139 De
2344 5085 2620 5159 excet'ptis
2668 5102 2737 5144 ex
2785 5087 3060 5147 Macrobio
3119 5093 3200 5149 sic
3264 5094 3597 5157 clarissimus

2011 5173 2275 5230 Armacb.
2315 5172 2553 5234 Iacobus
2600 5177 2857 5236 Usserius
2895 5199 2911 5235 :
2949 5202 2967 5234 ι
3007 5181 3235 5240 Joannis
3256 5202 3472 5258 quoque
3502 5208 3595 5244 ttu-

2011 5262 2111 5320 stri
2129 5273 2397 5335 putantur
2412 5280 2537 5322 esse
2558 5280 2814 5341 excerpta
2842 5269 2951 5335 illa,
2991 5286 3134 5343 quae
3163 5274 3307 5331 inter
3334 5277 3594 5335 Macrobii

2014 5356 2220 5430 scripta
2238 5357 2507 5426 feruntur,
2530 5361 2599 5416 de
2616 5360 2935 5422 dilicrentiis
2955 5373 3011 5422 et
3030 5368 3382 5425 societatibus
3412 5376 3595 5442 graeci

2008 5448 2278 5521 latiniqne
2306 5451 2479 5518 verbi,
2508 5462 2613 5508 cet.
2643 5453 2722 5510 ita
2746 5471 2963 5527 quoque
2999 5458 3211 5514 censuit
3245 5458 3308 5515 Ρ.
3335 5459 3586 5522 Pithoeus

2013 5556 2068 5595 v.
2105 5542 2179 5596 ci.
2218 5561 2239 5595 ι
2273 5541 2421 5600 Haec
2442 5544 2532 5600 ille
2553 5546 2608 5600 in
2630 5545 2803 5614 Epist.
2840 5548 3164 5607 lliberuicis.

2076 5622 2163 5677 il.
2202 5624 2283 5682 De
2327 5624 2629 5698 Disciplina
2677 5629 3053 5687 Seholarium.
3108 5636 3270 5691 Putat
3309 5637 3578 5693 Joannem

2008 5714 2156 5770 hunc
2180 5701 2470 5789 scripsisse
2510 5719 2713 5780 linteos
2742 5723 2795 5776 in
2822 5722 3056 5778 Historia
3092 5713 3401 5784 Academiae
3426 5727 3579 5784 Porio

3191 5824 3227 5888 οὶ
