4224 6078
530 203 626 256 ιιι

1645 203 1711 263 C.
1748 205 1810 264 Β.
1852 203 2287 264 SCHLUETEltI
2324 205 2698 268 PRJEFATIO

517 290 672 348 libris
701 293 766 348 de
788 291 1062 350 Divisione
1090 292 1316 367 vestigia
1353 305 1410 350 et
1448 294 1751 366 fragmenta
1795 297 2112 372 systematis
2139 301 2189 365 Α
2218 297 2416 354 Veru
2461 313 2784 370 magnopere
2842 299 3093 357 admirati
3130 316 3340 365 sumus,
3387 302 3528 374 quod
3572 301 3789 360 doctum

523 384 808 452 cujusdam
832 383 991 457 logici
1023 401 1209 458 sparsa
1232 386 1457 458 reperit,
1470 388 1616 458 quod
1637 388 1747 446 late
1767 396 1959 460 patens
1975 389 2117 446 alte-

533 474 598 532 ri.
630 484 855 528 naturae
884 475 1097 532 scilicet
1126 479 1427 546 systemati,
1461 479 1860 550 quodammodo
1884 494 2115 556 respon-
2169 545 2180 553 η

540 565 686 618 deat.
713 564 960 622 Dictione
982 581 1150 639 prope
1170 558 1484 625 mechanica
1516 582 1673 635 utens
1703 572 1843 628 duas
1880 572 2114 631 aiiirmat

527 651 775 712 idearum
801 655 988 722 series,
1014 645 1440 735 pltilo50phiram
1465 661 1586 714 dico
1615 669 1671 716 et
1717 660 2070 733 theologicam
2092 699 2109 725 .

528 744 685 814 quasi
721 745 952 802 diﬂissas
978 746 1204 803 alteram
1225 748 1380 818 iuxta
1410 748 1637 806 alteram
1662 766 1759 822 per
1778 760 1949 808 totum
1978 767 2113 824 opus

527 834 600 890 ita
631 835 858 906 porrigi,
897 845 954 890 ut
986 835 1039 890 in
1069 837 1439 910 philosophica
1485 840 1884 910 pantheismum
1919 849 2112 898 auctor

528 925 670 980 haud
699 925 938 998 effugiat,
975 941 1139 999 quem
1166 938 1345 987 tamen
1383 929 1438 985 in
1469 929 1770 1003 theologica
1817 917 2111 990 immutans

527 1018 692 1088 atque
720 1017 1002 1076 inﬂectens
1031 1019 1272 1098 dogmati
1323 1024 1734 1079 accommodare
1783 1021 2014 1082 studeat.
2051 1025 2110 1082 Si

533 1125 624 1165 res
677 1111 842 1166 seculi
880 1111 1076 1167 decimi
1114 1112 1362 1182 publicae
1403 1113 1584 1170 minus
1620 1102 1959 1174 turbulentae
1993 1117 2110 1174 auio

535 1203 745 1274 unisque
771 1203 825 1257 in
873 1202 1065 1258 altiora
1095 1204 1273 1258 studia
1308 1204 1588 1260 elevandis
1626 1204 1808 1262 minus
1849 1206 2110 1263 adversae

530 1295 778 1374 fuissent,
825 1293 1066 1369 scholam
1125 1293 1405 1350 existimat
1453 1295 1586 1350 oriri
1647 1293 1920 1366 potuisse,
1969 1309 2110 1368 quae

529 1383 714 1440 vitatis
743 1382 1008 1457 Erigenae
1030 1383 1309 1442 erroribus
1350 1385 1418 1442 ad
1446 1384 1754 1443 intuitivam
1783 1380 2110 1446 accessisset

533 1467 888 1533 Orientalium
919 1476 1200 1533 scientiam
1232 1486 1290 1532 et
1315 1476 1601 1535 rationem.

599 1571 734 1627 Cum
757 1569 990 1626 Gerbeto
1011 1581 1122 1627 tres
1143 1569 1727 1641 praestantissimorum
1751 1571 1802 1625 in
1817 1569 2108 1627 Germania

2212 386 2516 460 Hegelium,
2547 387 2803 464 qui'idem
2829 391 3128 456 dialectico,
3155 402 3214 448 ut
3241 394 3341 448 hoc
3363 402 3581 448 utamur
3602 393 3790 457 verbo,

2207 479 2483 538 monismo
2526 497 2628 538 suo
2669 492 2778 539 tam
2825 483 3121 540 multifarie
3162 484 3480 541 memoriam
3526 483 3794 556 Erigenao

2203 566 2386 634 'aﬂ‘ert,
2412 581 2621 628 tantum
2663 587 2728 629 ex
2777 573 2963 630 auditu
3002 573 3085 628 vel
3117 575 3383 648 abruptis
3428 590 3496 632 ex
3545 573 3797 646 partibus

2212 660 2478 734 Erigenae
2515 677 2679 734 opera
2731 671 3007 734 comperta
3047 661 3247 721 habere
3284 664 3620 721 videbamus.
3665 663 3793 721 Alia

2207 754 2356 810 enim
2384 753 2592 810 ratione
2619 752 2736 810 ﬁeri
2786 769 2893 810 non
2920 755 3114 827 potuit,
3142 762 3203 810 ut
3230 764 3341 809 tam
3383 754 3560 811 obiter
3583 762 3639 809 et
3681 763 3794 810 tam

2209 842 2706 916 profundalevitate
2721 842 2870 899 illum
2887 843 3217 909 tractaverit,
3240 858 3348 916 qua
3376 844 3431 898 id
3450 843 3652 900 factum
3671 847 3798 900 eaad

2212 947 2403 989 revera
2422 933 2725 1006 reperimus
2763 931 2820 989 in
2865 933 2985 1004 ejus
3033 932 3259 990 historia
3302 932 3670 1004 philosophiae
3698 931 3791 1005 (e).
3812 975 3836 985 -

2208 1023 2460 1078 Attamen
2506 1036 2633 1078 cum
2694 1021 2924 1093 Erigone
2982 1036 3166 1078 veram
3231 1021 3632 1096 philosophiam
3687 1020 3797 1077 inie

2211 1115 2346 1171 tium
2369 1115 2579 1188 cepisse
2603 1114 2879 1188 agnoscit;
2921 1123 3248 1180 sectatorem
3287 1112 3798 1186 Neoplatonicorum

2207 1214 2265 1261 et
2313 1205 2554 1279 Dionysii
2601 1205 2958 1278 Areopagitae
3007 1206 3182 1278 ipsum
3238 1204 3491 1276 appellat.
3550 1199 3798 1260 Philoso-

2208 1297 2398 1371 phiam
2447 1297 2565 1366 eius
2613 1296 2934 1369 profundam
2985 1303 3297 1367 rectamque
3336 1309 3460 1351 esse
3500 1293 3653 1358 dicit,
3700 1292 3799 1356 sed

2211 1392 2378 1464 (quod
2420 1390 2699 1463 Hegelium
2741 1388 3083 1446 contendisse
3110 1389 3291 1444 animo
3324 1386 3412 1446 vix
3437 1384 3648 1455 concipi
3696 1399 3794 1455 po-

2209 1485 2337 1554 test)
2361 1483 2575 1554 exegesi
2608 1491 2666 1538 et
2689 1466 2909 1540 Patrum
2930 1480 3252 1537 auctoritate
3276 1480 3420 1538 haud
3446 1478 3648 1545 nixam,
3681 1477 3795 1534 imo

2214 1574 2385 1645 prope
2406 1571 2826 1646 syncretismum
2855 1570 3208 1628 referentem!
3305 1571 3307 1573 ’

531 1663 974 1733 philosophorum
1013 1659 1351 1718 Fridericum
1389 1677 1421 1717 a
1450 1661 1714 1734 Schlegel.
1758 1661 2114 1718 Franciscum
2146 1651 2190 1710 Β
2285 1665 2431 1721 Inter
2454 1679 2549 1721 eos
2573 1677 2707 1722 vero
2741 1662 3122 1728 recentiorum,
3169 1659 3264 1733 qui
3314 1676 3422 1717 non
3463 1660 3637 1716 solum
3673 1674 3800 1716 cum

531 1755 563 1808 ἐι
591 1755 820 1819 Baader,
843 1762 899 1808 et
926 1752 1218 1809 Antonium
1244 1751 1491 1809 Gunther
1512 1756 1762 1827 conferre
1783 1761 1964 1827 aptum
1985 1751 2133 1810 erit..

532 1849 774 1915 Quorum
799 1845 1006 1916 primus
1033 1859 1141 1903 non
1171 1842 1398 1908 dubitat,
1431 1843 1560 1915 quin
1599 1843 1761 1899 medii
1798 1826 1918 1900 aevi
1945 1840 2118 1913 philo-

532 1937 722 2008 sophia
746 1950 1057 1992 successum
1085 1934 1359 1990 habuisset
1388 1933 1688 1994 laetiorem,
1727 1932 1773 1988 si
1818 1940 2030 2003 praeter
2054 1930 2116 1987 S.

535 2019 930 2090 chhardum,
949 2023 1282 2091 Ansehnum,
1306 2025 1566 2095 aliosque,
1593 2022 1880 2095 Erigenam
1903 2019 2119 2092 potissi-

533 2137 703 2186 mum,
728 2133 891 2189 quem
917 2119 1290 2190 phil050phum
1319 2116 1684 2173 Christianum
1710 2129 1882 2187 aeque
1907 2114 2117 2188 perspi-

533 2230 694 2271 cuum
747 2223 802 2268 et
858 2211 1159 2283 simplicem
1212 2220 1375 2282 atque
1426 2211 1498 2266 ab
1541 2207 1690 2267 omni
1729 2206 1879 2264 falso
1936 2208 2118 2262 rerum

536 2304 902 2361 rimandarum
937 2302 1115 2359 studio
1160 2301 1429 2363 alienum,
1479 2307 1539 2354 et
1570 2297 1792 2354 meliore
1810 2311 1909 2353 suo
1951 2293 2122 2368 ipsius

529 2395 733 2469 iudicio
754 2401 1012 2458 utentem,
1041 2390 1295 2464 appellat,
1332 2398 1560 2462 sequuta
1599 2388 1789 2445 fuisset
1818 2387 1915 2460 (α).
1945 2387 2118 2452 Alter,

535 2486 629 2543 Fr.
660 2503 690 2542 a
710 2483 943 2550 Baader,
971 2481 1053 2538 vir
1077 2481 1435 2545 clarissimus,
1457 2476 1572 2549 iam
1611 2492 1756 2534 anno
1803 2475 1964 2541 1824,
1989 2484 2044 2532 et
2066 2475 2150 2532 iur

537 2579 696 2642 libro,
719 2590 880 2648 quem
903 2572 1192 2630 Fermeuta
1221 2571 1544 2646 cognitionis
1587 2567 1892 2638 inscripsit,
1923 2575 1978 2621 et
2002 2564 2124 2620 aliis

538 2669 674 2724 locis
700 2667 962 2724 lectorum
1009 2679 1230 2721 suorum
1275 2650 1485 2718 animos
1511 2659 1579 2716 ad
1605 2657 1962 2729 speculativas
1989 2669 2122 2735 ope-

541 2775 660 2816 rum
701 2759 962 2832 Erigeuae
992 2755 1290 2812 sententias
1307 2750 1564 2807 advertit.
1608 2749 1946 2819 Saepiusque
1973 2759 2121 2811 eum,

537 2852 628 2906 'nhi
662 2852 776 2922 ipse
813 2865 936 2906 cum
967 2848 1058 2904 illo
1093 2845 1392 2910 consentit,
1432 2844 1640 2908 citaus,
1677 2841 1823 2898 haud
1861 2837 2141 2897 inﬁtiatus»

542 2944 778 3013 quidem,
822 2939 1108 3010 Erigenam
1140 2937 1229 2993 hic
1272 2937 1382 2992 illic
1418 2933 1815 3007 pantheismum
1854 2929 2122 3003 attigisse,

545 3010 715 3090 solam
744 3043 920 3088 tamen
970 3031 1092 3088 Mali
1127 3029 1399 3086 notionem
1427 3028 1495 3082 ab
1520 3041 1587 3082 eo
1613 3023 1939 3096 propositam
1983 3014 2125 3078 vitu-
2154 3010 2199 3072 C

546 3137 720 3201 perat,
747 3140 857 3199 qua
885 3125 937 3179 in
965 3123 1296 3195 neologicam
1331 3119 1753 3175 abstractiouem
1792 3114 2043 3172 inciderit
2075 3123 2132 3169 et

547 3230 830 3291 propterea
855 3232 890 3275 a
916 3216 1179 3274 catholica
1208 3211 1364 3287 (Pag.
1387 3212 1523 3284 Xlll)
1549 3211 1788 3269 Ecclesia
1811 3209 2006 3266 merito
2026 3208 2129 3291 im-

549 3289 806 3383 probatus
832 3311 900 3366 sit
915 3309 1010 3383 (ι).
1030 3307 1122 3364 Dr.
1149 3310 1214 3363 Δ.
1236 3306 1484 3364 Gunther
1505 3315 1710 3371 autem,
1729 3304 1819 3360 ubi
1841 3304 1908 3360 de
1929 3289 2133 3358 ctl‘ccti-

549 3407 652 3461 hus
699 3401 1129 3476 protestantismi
1179 3409 1484 3457 sermonem
1549 3398 1681 3454 facit
1721 3397 1812 3470 (c),
1854 3395 2131 3476 antiquam

548 3468 946 3552 Catholicorum
975 3493 1028 3548 in
1051 3493 1216 3549 rebus
1235 3489 1580 3564 speculativis
1599 3468 1906 3546 libertatem
1928 3468 2128 3548 laudat,

543 3605 778 3660 .i-amque
797 3603 918 3646 cum
934 3587 1192 3646 hodierna
1213 3584 1515 3640 antistitum
1525 3580 1802 3654 Ecclesiae
1827 3577 2132 3641 timiditate,

556 3695 698 3750 quae
726 3678 848 3735 cum
877 3675 1318 3749 protestantismo
1346 3669 1588 3738 incessit,
1609 3684 1953 3744 comparans,
1975 3667 2135 3724 simul

557 3785 680 3826 ι-ιιηι
732 3767 790 3823 3.
845 3767 1142 3839 Augustino
1187 3765 1453 3836 Erigenae
1506 3759 1814 3832 exemplum
1851 3774 1921 3816 eo
1958 3757 2137 3830 aptius

555 3861 747 3918 atlerre
777 3859 968 3930 potuit,
990 3874 1101 3929 quo
1118 3857 1407 3913 incertiora
1427 3852 1606 3910 omnia
1631 3861 1775 3917 sunt,
1790 3867 1928 3925 quae
1948 3849 2138 3924 primis

557 3962 680 4033 post
727 3953 1013 4026 Erigenam
1067 3950 1263 4007 seculis
1307 3951 1567 4005 adversus
1597 3961 1721 4005 eum
1791 3947 1862 4004 ab
1897 3942 2139 4002 Ecclesia

558 4057 680 4104 acta
704 4061 827 4104 esse
856 4046 1130 4102 dicuntur.

629 4137 740 4194 Nec
780 4136 960 4194 minus
985 4137 1175 4192 doctus
1212 4133 1474 4191 historiae
1512 4130 1882 4203 philosophiae
1907 4126 2142 4199 scriptor

560 4226 766 4282 Rixner
792 4225 872 4298 (ά)
899 4223 1186 4298 Erigenam
1211 4223 1588 4294 philosophum
1632 4234 1906 4292 magnum,
1959 4218 2140 4290 singu-

562 4319 752 4384 larem,
780 4316 1058 4373 dialectica
1078 4331 1143 4371 ac
1162 4299 1388 4388 mystica
1409 4323 1524 4369 arte
1547 4323 1602 4368 et
1619 4312 1847 4368 scientia
1867 4307 2135 4382 insignem

558 4421 659 4483 pro
673 4407 936 4479 dignitate
963 4407 1237 4472 aestimat,
1271 4414 1327 4461 et
1349 4405 1646 4476 pleniorem
1667 4417 1891 4476 operum
1916 4401 1984 4457 de
2009 4400 2140 4481 divi-

558 4501 713 4556 sione
738 4492 978 4556 Naturae
1021 4506 1079 4554 et
1124 4498 1192 4554 de
1225 4494 1723 4554 Praedestinatione
1761 4493 2035 4564 epitomen
2082 4489 2138 4546 in

563 4581 674 4649 tino
724 4590 856 4648 tomi
910 4590 1130 4648 secundi
1180 4589 1441 4646 historiae
1495 4584 1870 4658 philosophiae
1917 4580 2138 4652 adjecit.

636 4788 711 4858 (α)
745 4782 1076 4858 Philosophia
1105 4784 1196 4838 der
1224 4780 1802 4858 Cesellicirte._'l‘ont.ll,
1824 4793 1888 4858 Ρ.
1918 4776 2037 4858 159'.
2057 4775 2138 4858 φῖ.

567 4846 725 4926 Muigo
758 4873 808 4910 υ.
841 4856 924 4926 St.
962 4846 1166 4926 Victor,
1198 4869 1302 4926 von
1331 4854 1430 4926 Dr.
1455 4853 1719 4926 Liebeuer
1742 4846 1874 4926 p.n7.
1900 4860 1955 4902 et
1982 4846 2148 4902 Ueber

567 4918 837 4996 die'mysl.
870 4923 1046 4996 Τήιοι.
1083 4918 2013 4996 desJoh._Clmrl_icr_'carnifici-sort1
2043 4933 2148 4971 von

559 4999 658 5063 Dr.
712 4989 1069 5066 iiuudshageu
1095 5011 1128 5066 ;A
1173 4993 1476 5066 lllgen'scne
1509 4989 1812 5060 Zeitschrift
1846 4990 1933 5059 {air
1961 4989 2146 5042 histor.

569 5067 749 5121 Theol.
783 5066 876 5121 Bd.
907 5063 994 5120 ινῑ
1027 5064 1146 5118 Heft
1175 5067 1227 5134 li.
1259 5079 1376 5134 pag.
1410 5063 1499 5134 82,
1535 5077 1649 5129 seq.

651 5079 749 5142 eat.
779 5079 876 5153 itu.
907 5079 994 5120 IV.
1027 5079 1146 5146 nett
1175 5079 1227 5122 1.
1259 5079 1376 5186 pag.
1410 5079 1499 5143 δῖι,
1535 5079 1649 5129 seq.
2042 5127 2055 5138 _

645 5135 722 5208 (ιι)
760 5137 938 5208 Perm.
968 5147 1169 5208 cogunt.
1197 5133 1328 5208 Vl.__
1356 5147 1518 5208 2590:
1545 5145 1664 5208 pag.
1696 5146 1842 5208 x__xvr_.
1875 5128 1958 5208 Cf.
1985 5137 2149 5208 epam

568 5195 810 5273 ejusdem
858 5195 1364 5274 Spekfbogmgtik,
1410 5195 1664 5274 Hell-li.
1708 5199 1860 5274 AVOI'I.
1911 5200 1993 5274 9._
2023 5195 2149 5274 Voti!

569 5265 744 5347 Sagen
768 5265 1069 5347 und-Fluch
1094 5265 1188 5347 ἄξι’
1211 5265 1587 5347 Credisne};
1603 5269 1789 5347 ⁸ιῖατιιιι·
1819 5271 1927 5347 _den
1951 5265 2158 5347 Regni]

569 5336 672 5403 de;
690 5346 956 5402 Gal-oder
1000 5344 1320 5415 positio-und
1355 5344 1447 5395 des
1489 5338 1894 5412 Nichtgut-oder
1917 5336 2150 5410 negativ-

571 5415 909 5489 gewordenen
929 5410 1202 5471 endlichen
1230 5410 1446 5468 ϐοίδια.

644 5573 674 5602 ⁸
702 5569 1188 5640 Praejudiciorsanc
1209 5567 1355 5640 ducti
1377 5582 1482 5623 non
1503 5581 1622 5622 esse
1647 5565 2150 5640 videntur‘veteres.

573 5643 666 5714 qui
704 5642 750 5696 .l.
802 5632 949 5696 Scoti
981 5638 1142 5696 falsas
1192 5638 1474 5712 opiniones
1508 5635 1773 5694 acerrime
1805 5632 2146 5706 iudicarunt;

2217 1753 2436 1828 Hegelio
2457 1754 2743 1828 Erigenam
2787 1768 2954 1828 pmpe
2996 1752 3331 1824 ignorarunt,
3362 1749 3445 1806 vel
3491 1765 3613 1805 cum
3659 1748 3802 1804 fastu

2217 1849 2586 1924 neglexerunt,
2629 1849 2725 1908 sed
2760 1847 2925 1902 etiam
2967 1845 3208 1918 priorum
3237 1855 3538 1915 temporum
3586 1836 3803 1910 iniusti-

2221 1941 2351 1998 tiam
2375 1938 2612 2014 sequuti,
2669 1940 2760 2012 pie
2816 1952 2982 2012 agere
3043 1951 3164 1992 sese
3215 1934 3617 1998 existimarunt,
3669 1932 3802 1989 dum

2219 2035 2583 2091 inveteratum
2651 2034 2718 2088 de
2772 2029 2866 2086 illo
2905 2026 3295 2103 praeiudicium
3330 2025 3378 2067 ³
3436 2026 3616 2080 denuo
3670 2039 3801 2078 cono

2220 2128 2503 2184 ﬁrmarent
2539 2129 2927 2195 acuerentqne,
2977 2120 3267 2179 nonnullos
3292 2117 3676 2190 conspicimus,
3705 2115 3802 2186 qui

2223 2221 2414 2279 timore
2439 2221 2635 2293 partim
2655 2203 2908 2276 laudabili
2928 2217 3072 2274 ducti
3095 2256 3114 2284 ,
3139 2231 3206 2272 ne
3222 2214 3588 2273 Christianum
3610 2213 3806 2284 dogma

2218 2323 2275 2394 et
2297 2301 2480 2385 opinio
2504 2315 2571 2370 de
2604 2313 2869 2385 scriptore
2889 2321 3077 2367 nostro
3101 2307 3254 2382 quasi
3281 2307 3577 2378 antiquitus
3603 2303 3806 2361 tradita

2221 2405 2564 2470 laederetur,
2613 2403 2676 2473 in,
2725 2401 3082 2472 diiudicandis
3136 2401 3398 2472 Erigenae
3443 2397 3682 2460 meritis,
3725 2394 3810 2450 fas
3864 2411 3876 2421 ·

2223 2494 2664 2568 aequitatemque
2713 2502 3150 2565 postposuerunt.
3200 2476 3296 2546 liis
3339 2490 3601 2545 accedunt
3663 2485 3802 2552 alii,

2223 2602 2454 2661 quorum
2484 2586 2756 2656 ingenium
2785 2627 2801 2647 ,
2849 2599 2973 2643 cum
3032 2598 3144 2640 rem
3183 2579 3545 2652 Christianam
3597 2577 3812 2632 ratione

2224 2658 2374 2737 mere
2401 2679 2656 2734 historica
2679 2675 2838 2748 (Pag.
2870 2675 3009 2747 ΚΝ)
3035 2684 3269 2731 tractare
3295 2669 3549 2746 gestiant,
3570 2684 3808 2733 omnem,
3872 2658 3883 2671 ’

2229 2787 2369 2842 quae
2397 2786 2630 2842 unquam
2656 2770 2900 2834 emersit,
2925 2767 3309 2840 speculativam
3339 2761 3608 2836 dogmatis
3653 2760 3808 2816 inda-

2222 2863 2495 2942 gationem
2543 2871 2598 2917 et
2649 2860 3060 2933 explicationem
3127 2856 3529 2930 profundiorem
3562 2853 3808 2925 'spernit.

2228 2950 2334 3009 Alii
2367 2949 2619 3022 denique,
2652 2951 3010 3006 recentiorum
3053 2954 3430 3020 systematum,
3459 2959 3624 3001 verae
3649 2943 3815 3000 liber-

2233 3039 2329 3097 tati
2369 3039 2713 3096 Christianae
2777 3037 3158 3108 speculationis
3219 3037 3398 3092 minus
3467 3031 3764 3089 faventium
3793 3058 3839 3098 ,-

2229 3147 2461 3206 eamque
2509 3133 2654 3189 inter
2695 3134 2830 3187 lines
2876 3130 3039 3187 nimis
3080 3138 3338 3201 angustos
3388 3125 3810 3188 coarctantium,

2231 3223 2570 3300 praeiudiciis
2604 3221 2851 3294 impliciti
2895 3221 3181 3276 admodum
3219 3218 3437 3290 quidem
3476 3225 3692 3280 cavent,
3742 3231 3813 3271 ne

2231 3316 2375 3370 Deus
2401 3329 2526 3370 cum
2550 3321 2801 3368 creatura
2831 3324 2979 3366 more
2997 3309 3276 3380 gentilium
3295 3306 3650 3380 pantheistice
3676 3319 3812 3360 cou-

2233 3405 2526 3476 fundatur,
2589 3417 2928 3474 nequaquam
2976 3415 3108 3456 vero
3153 3399 3410 3471 abyssum
3466 3396 3534 3469 (ι’)
3587 3394 3812 3458 timent,
3865 3412 3868 3413 ν

2233 3483 2375 3552 inter
2399 3506 2685 3567 utrumque
2704 3493 2898 3550 iterum
2920 3490 3180 3556 hiantem,
3198 3504 3360 3559 quem
3387 3496 3523 3543 teste
3551 3485 3610 3541 S.
3645 3484 3816 3540 Paulo

2233 3588 2323 3657 (ad
2344 3583 2608 3662 Ephesios
2634 3584 2695 3642 C.
2725 3584 2789 3649 ll,
2822 3601 2877 3640 v.
2923 3585 3010 3648 £3,
3047 3595 3162 3655 seq.
3204 3590 3260 3637 et
3299 3579 3369 3655 ad
3409 3579 3614 3637 Coloss.
3662 3576 3722 3634 C.
3771 3575 3817 3643 Ι,

2232 3694 2288 3734 v.
2327 3679 2415 3749 t9)
2443 3676 2693 3734 Salvator
2737 3684 2921 3732 noster
2950 3675 3023 3730 ita
3058 3673 3275 3738 clausit,
3316 3681 3376 3727 ut
3417 3688 3438 3724 ι
3477 3680 3708 3739 utraque
3740 3665 3821 3722 fa-

2234 3782 2382 3828 ceret
2404 3786 2569 3827 unum
2608 3789 2655 3825 r.
2710 3769 2855 3824 inter
2881 3765 3145 3836 eiusmodi
3173 3763 3319 3820 viros
3369 3758 3692 3818 numerandi
3741 3758 3822 3813 vi-

2234 3865 2432 3920 dentur
2475 3859 2769 3931 scriptores
2812 3857 3076 3914 historiae
3118 3855 3456 3912 Francorum
3498 3848 3819 3911 litterariae,

2238 3952 2489 4017 Maurini,
2516 3951 2756 4010 Thomas
2799 3949 2982 4006 Moore
3026 3956 3082 4004 et
3125 3948 3220 4004 Dr.
3261 3945 3326 4002 C.
3369 3942 3434 4001 ιτ.
3497 3941 3670 4006 ﬂock,
3717 3940 3823 3996 viri

2237 4059 2362 4099 cum
2399 4052 2618 4115 propter
2647 4040 2906 4103 indolem,
2934 4049 3047 4094 tum
3074 4045 3298 4109 propter
3341 4033 3546 4106 ingenii
3588 4045 3820 4088 acumen

2238 4134 2648 4204 doctrinamque
2695 4131 2842 4186 haud
2884 4142 3052 4202 parvo
3081 4125 3425 4184 aestimandi.
3467 4124 3665 4178 Verum
3697 4135 3824 4178 cum

2239 4219 2327 4281 his
2348 4239 2454 4280 non
2481 4221 2832 4293 litigahimus,
2856 4219 2981 4290 quia
3011 4233 3118 4283 res,
3149 4217 3218 4272 de
3235 4230 3344 4286 qua
3368 4210 3674 4284 quaeritur,
3697 4225 3826 4280 ιιι-οε

2241 4325 2364 4386 pter
2385 4311 2732 4391 singularem,
2761 4326 2924 4383 quam
2949 4308 3028 4364 illi
3055 4315 3356 4378 sequuntur
3386 4303 3443 4360 in
3487 4303 3650 4387 rebus
3673 4315 3826 4357 scru-

2220 4381 2421 4463 tandis
2444 4381 2498 4462 et
2524 4381 2886 4477 diiudicandis
2907 4400 3246 4467 methodum,
3265 4399 3370 4455 hoc
3389 4396 3512 4454 loco
3529 4381 3620 4452 vix
3645 4401 3830 4466 posset

2239 4496 2466 4554 absolvi.
2880 4537 2882 4539 -

2311 4587 2436 4643 Jam
2456 4599 2585 4643 vero
2616 4599 2741 4642 cum
2782 4581 2912 4652 alio,
2951 4580 3000 4641 si
3029 4596 3137 4639 non
3163 4569 3446 4654 Erigeuae,
3481 4582 3662 4632 tamen
3709 4573 3832 4644 eius

2319 4777 2388 4900 (ςὲ
2417 4774 2500 4832 Cf.
2537 4771 2825 4856 Voraclgule
2856 4742 2952 4825 cur
2987 4745 3243 4853 spolium.
3280 4763 3555 4842 Theologie
3574 4803 3589 4827 ,
3618 4761 3690 4818 ll.
3717 4759 3830 4820 Ab-

2319 4862 2362 4900 et
2386 4885 2427 4900 ..
2456 4843 3068 4900 lucumonum-theatre,
3094 4837 3362 4900 Vorwort,
3390 4849 3513 4900 pag.
3550 4849 3649 4890 xu.

2253 4837 2427 4912 theil.,
2456 4837 3068 4905 (irrumatione-theme,
3094 4837 3362 4902 Vorwort,
3390 4837 3513 4907 pag‘.
3550 4849 3649 4890 xu.

2319 4937 2398 5008 (di
2443 4913 3241 5008 Ilandbucltderadendum“
3305 4925 3400 5008 der
3469 4920 3828 5008 fhiiogopliile.

2251 4990 2338 5064 u.‘
2365 4990 2552 5071 rem,
2575 5018 2697 5074 pag.
2731 5000 2957 5058 t0—t6.
2987 4995 3098 5054 scr.
3135 4993 3436 5068 Appendix,
3477 4991 3603 5063 pag.
3627 4990 3825 5045 δέω.

2327 5097 2409 5170 (εὶ
2435 5094 2790 5170 Vorlerungen
2829 5091 2953 5170 ore;
2981 5087 3285 5144 Geschichte
3324 5084 3423 5140 der
3461 5079 3822 5153 Philosophie.

2252 5160 2347 5226 ill:
2369 5160 2550 5227 Tom.,
2573 5179 2627 5233 p.
2664 5160 2831 5217 {59——
2843 5160 2964 5214 161.

2326 5257 2392 5328 (ο
2415 5255 2498 5328 ct-
2538 5252 2853 5328 ιιρσειιαηηε
2880 5246 3125 5328 temet;
3148 5262 3258 5328 ικν.
3277 5239 3827 5328 cessatura“?!

2256 5311 2441 5406 55595
2456 5323 2866 5406 Βιιιιηίεινίηιμξβἶ
2885 5315 3185 5406 βῖἱρῄύσι
3219 5311 3322 5372 das
3373 5311 3696 5406 Verluiltnifs
3739 5311 3828 5366 der

2255 5400 2528 5458 “ciemus
2553 5407 2672 5447 sum
2695 5387 3104 5446 Christentluml.

2252 5559 2379 5602 nam
2441 5540 2612 5610 multa
2657 5539 2752 5596 ille
2789 5538 3000 5612 docuit,
3057 5553 3196 5612 quae
3229 5535 3451 5595 veritati
3512 5553 3624 5596 non
3683 5553 3823 5612 eon-

2252 5622 2468 5686 gruant.
2506 5609 2772 5679 Amator,
2799 5611 2951 5667 Eutr.
3074 5609 3089 5612 ’
3759 5609 3766 5612 ’
