4224 6078
443 224 544 288 H3

1441 223 1510 281 IN
1542 223 1804 283 LIBRUM
1847 225 1936 282 DE
1975 224 2314 291 DlVlSlONE
2348 223 2682 292 NATUlt£.

3605 221 3713 281 illo

434 341 718 399 doctrinae
740 326 1058 399 adversario
1088 337 1142 394 in
1169 349 1447 396 certamen
1491 339 1906 401 descendemus,
1932 338 2022 409 qui
2053 343 2101 402 Α
2129 338 2402 404 methodn,
2435 339 2559 394 licet
2588 337 2761 407 magis
2797 336 3138 402 scholastice,
3168 345 3454 404 tractasse,
3481 345 3710 396 conten-

434 440 546 490 tam
574 429 985 505 mythologiam,
1023 433 1188 498 quam
1227 429 1509 486 historiam
1538 429 1884 502 percognitas
1928 429 2020 483 ha-

432 520 589 586 bens,
615 536 716 578 nec
739 520 921 578 minus
940 519 1286 577 Christianae
1309 518 1696 593 speculationis
1741 518 2023 590 protundi-
2057 552 2059 554 -

438 623 607 671 tatem
654 612 906 680 edoctus,
955 614 1296 686 eandemque
1336 613 1678 686 perspiciens
1727 622 1788 668 et
1829 624 2020 670 amore

434 703 792 776 amplectens,
816 713 1152 776 postremum
1183 705 1391 778 integre
1428 703 1550 762 sine
1601 701 1783 760 studio
1821 711 1881 757 et
1917 700 2021 766 ira.

433 801 600 868 atque
618 809 685 852 ex
708 793 958 868 autopsia
997 795 1246 867 judicare
1295 795 1489 853 solitus
1511 825 1587 837 -—
1629 810 1777 850 nunc
1814 801 2021 856 tamen,

434 886 579 959 quod
618 887 838 955 mirum,
895 885 953 944 in
1002 887 1122 944 acie
1153 886 1339 945 hostili
1382 886 1737 960 conspicitur.
1779 884 2022 942 Dicimus

429 976 483 1038 J.
513 976 740 1045 ϐὅτι-ει,
772 975 1139 1051 professorem
1185 977 1460 1035 Honachii
1506 974 1812 1044 docentem,
1841 977 2022 1032 virum

433 1073 738 1132 eruditione
781 1083 840 1132 et
877 1074 1086 1132 mentis
1121 1073 1374 1131 acumine
1423 1073 1713 1145 insignem,
1745 1071 1902 1142 cujus
1952 1071 2024 1127 de

433 1166 662 1240 Erigena
693 1167 1021 1224 sententiam
1047 1166 1299 1224 consulto
1325 1180 1496 1237 usque
1513 1165 1586 1222 ad
1611 1165 1775 1222 tinem
1806 1163 2022 1222 citatio-

431 1272 564 1314 num
587 1265 902 1316 nostrarum
946 1257 1277 1324 distulimus,
1308 1265 1371 1313 ut
1412 1257 1532 1329 ejus
1575 1257 1645 1313 de
1669 1256 1814 1313 illius
1844 1257 2026 1312 ortho-

429 1348 592 1406 doxia
604 1348 842 1420 placitis,
861 1347 1063 1421 quippe
1081 1348 1152 1406 ad
1176 1361 1320 1421 quae
1347 1349 1513 1405 etiam
1539 1359 1846 1405 ceterorum
1885 1347 2027 1404 vitu-

430 1443 582 1516 paria
635 1458 809 1516 paene
858 1443 1043 1501 omnia
1092 1443 1362 1518 redeant,
1433 1440 1642 1514 aliquot
1701 1448 2024 1512 argumenta

433 1535 671 1592 maxime
693 1549 764 1593 ex
785 1534 906 1608 ipso
927 1533 1158 1609 Erigena
1199 1535 1366 1606 petita
1392 1547 1812 1607 opponeremus,
1847 1541 1906 1590 et
1933 1547 2024 1599 ea,

429 1643 538 1701 qua
567 1627 741 1690 decet,
767 1627 1095 1694 reverentia,
1122 1635 1179 1684 et
1204 1624 1389 1698 ipsiet
1411 1626 1688 1690 omnibus,
1709 1624 1802 1697 qui
1827 1625 1896 1681 dc
1921 1623 2027 1680 hac

2125 445 2259 501 tum,
2283 437 2574 492 dummodo
2593 433 2830 490 divinam
2863 443 3082 505 urgeret
3107 432 3386 487 unitatem.
3420 431 3708 488 Creantem

2116 541 2300 588 autem
2323 529 2497 586 creari
2523 539 2774 585 naturam
2792 543 2914 583 eam
2937 529 3007 583 ob
3032 543 3144 583 rem
3168 525 3239 581 ab
3257 525 3491 595 Erigone
3503 519 3712 587 doceri,

2121 621 2246 694 quia
2272 623 2414 677 Deus
2435 617 2904 690 superessentialis
2929 624 2986 672 et
3024 611 3554 688 snperqualitativus.
3580 611 3712 666 dum

2120 730 2189 772 ex
2230 713 2540 770 aonomasia
2586 711 2643 767 in
2695 709 3162 781 pantonomasiam
3211 723 3310 778 per
3357 703 3721 777 theophanias

2122 806 2280 878 quasi
2331 804 2611 875 protrahit,
2645 818 2742 873 per
2791 803 2933 858 hanc
2975 797 3375 872 processionem
3423 794 3716 868 (quatenus

2121 911 2222 969 per
2245 897 2415 962 ideas,
2446 895 2560 951 sive
2588 897 2701 950 Otia
2725 894 2983 967 Θιλῆματα
3025 892 3143 947 sive
3187 888 3548 968 προορίσματα
3595 883 3715 942 sive

2121 988 2437 1068 πρωτίτνπα
2452 999 2570 1042 sese
2584 985 2836 1056 explicet)
2850 981 3246 1052 quodammodo
3259 977 3440 1035 omnia
3461 978 3515 1032 in
3537 977 3719 1068 omni:

2119 1061 2228 1137 bus
2267 1077 2380 1133 ﬂat.
2427 1075 2765 1135 Postremum
2813 1082 2984 1138 notat,
3030 1071 3259 1126 eundem
3307 1069 3377 1124 de
3412 1061 3716 1138 septiformi

2125 1167 2300 1238 reditu
2324 1177 2551 1224 naturae
2578 1175 2796 1224 creatae
2826 1183 2931 1223 non
2966 1163 3204 1221 creantis
3243 1161 3300 1218 in
3333 1160 3525 1224 Deum.
3547 1165 3608 1216 et
3647 1157 3720 1216 de

2126 1259 2358 1318 transitu
2413 1257 2732 1316 inferiorum
2775 1255 2832 1314 in
2879 1255 3159 1328 superiora
3186 1292 3202 1315 ,
3253 1261 3313 1307 et
3355 1249 3599 1307 omnium
3654 1247 3716 1306 in

2125 1351 2319 1417 Deum,
2347 1350 2439 1421 qui
2470 1350 2684 1405 tandem
2706 1348 2853 1404 solus
2878 1358 3149 1419 superstes
3177 1344 3270 1409 sit,
3301 1352 3461 1399 acute
3483 1351 3541 1398 et
3569 1339 3719 1416 inge-

2125 1443 2280 1500 niose
2310 1451 2568 1506 tractare,
2597 1441 2693 1497 sed
2722 1441 2887 1498 etiam
2919 1441 3024 1496 hoc
3048 1439 3166 1497 loco
3192 1435 3520 1510 pantheismi
3556 1449 3721 1493 erro-

2125 1548 2242 1590 rem
2273 1549 2380 1590 non
2403 1529 2677 1604 effugisse.

2194 1623 2318 1680 lant
2355 1625 2402 1681 si
2423 1623 2558 1679 haec
2583 1622 2652 1678 de
2667 1620 2847 1693 pretio
2872 1617 3108 1677 decretis
3134 1617 3420 1689 Erigonae,
3447 1625 3725 1687 quatenus

434 1736 493 1776 re
513 1719 764 1799 judicare
784 1728 1035 1792 possunt,
1071 1720 1400 1794 scriptorum
1424 1717 1691 1790 Erigonae
1714 1717 2025 1791 relegondo-
2053 1710 2098 1770 Β
2123 1719 2322 1791 dogma
2377 1725 2624 1789 spectant
2672 1727 2835 1788 atque
2874 1713 3181 1778 scientiam,
3228 1709 3516 1799 tribuendo
3558 1709 3723 1764 modo

433 1829 552 1870 rum
575 1829 766 1869 ansam
788 1813 1201 1884 praeberemus.
1227 1811 1488 1881 Quamvis
1500 1810 1645 1867 enim
1660 1809 1834 1884 parati
1851 1807 2022 1865 simus

430 1904 502 1960 ad
537 1901 915 1974 accipiendum
963 1901 1344 1974 responsiones
1386 1899 1724 1974 argumentis
1769 1897 2039 1971 probatas.

431 2010 620 2052 eorum
648 1986 913 2061 omnium,
942 1993 1035 2066 qui
1062 1993 1226 2050 etiam
1265 2003 1402 2059 tum,
1432 2009 1598 2068 quum
1627 2001 1796 2049 totum
1835 1990 2022 2060 Erige-

431 2101 535 2142 nae
558 2101 694 2157 opus
719 2086 1068 2158 perlegerim,
1095 2086 1293 2157 placita
1317 2083 1439 2158 ejus
1461 2085 1668 2140 absona
1695 2097 1817 2139 esse
1846 2098 1878 2138 a
1917 2081 2028 2137 [illo

431 2176 742 2234 Christiana
775 2178 1140 2245 contendent;
1190 2177 1332 2235 bona
1381 2184 1561 2232 tamen
1619 2184 1680 2231 et
1728 2182 1876 2230 certa
1930 2186 2026 2244 spe

436 2267 710 2334 ducimur,
782 2267 924 2336 fore,
981 2277 1042 2324 ut
1095 2269 1199 2326 hac
1259 2267 1346 2324 ria
1401 2265 1611 2337 judicio
1666 2267 1736 2322 de
1792 2263 2026 2336 Erigena

433 2356 658 2414 ferendo
695 2357 910 2428 laetior,
938 2372 1102 2431 quant
1127 2359 1412 2430 hucusque
1439 2355 1642 2414 factum
1670 2365 1773 2422 est,
1804 2363 2030 2428 paretur

434 2447 635 2506 exitus.
687 2473 691 2478 -
1913 2449 1920 2455 ’

499 2539 554 2599 1.
585 2540 792 2600 Gbrres
810 2542 996 2600 laudat
1013 2541 1232 2615 quidem
1257 2541 1545 2614 Erigonam
1575 2539 1671 2614 (a),
1701 2537 1792 2611 qui
1818 2539 2029 2611 primus

434 2631 731 2688 scientilica
761 2631 969 2695 ratione
987 2631 1242 2689 Genesim
1263 2631 1595 2704 exposuerit,
1615 2641 1671 2686 et
1700 2631 1840 2686 hanc
1860 2645 2030 2702 expo-

385 2784 388 2786 _
435 2718 693 2779 sitionem
748 2721 909 2796 (Pag.
958 2719 1078 2794 XV)
1107 2739 1234 2780 cum
1285 2737 1483 2798 magno
1535 2721 1732 2778 tuentis
1777 2721 2029 2776 acumine

433 2829 607 2886 usque
642 2815 713 2872 'ad
757 2814 967 2888 singula
1013 2829 1262 2888 quaeque
1312 2813 1638 2872 mirabiliter
1690 2798 2023 2884 perduxerit.

436 2902 544 2962 Nec
575 2903 755 2963 minus
790 2895 1216 2978 profunditatem
1237 2904 1360 2979 ejus
1389 2914 1446 2962 et
1473 2905 1785 2962 audentiam
1812 2905 2026 2976 probat,

2124 1810 2270 1866 dicta
2295 1807 2533 1864 breviter
2555 1804 2978 1878 conspiciamus,
2997 1811 3214 1865 cuncta,
3239 1813 3380 1871 quae
3402 1797 3638 1856 Guerres
3659 1799 3722 1853 in

2126 1899 2220 1956 illo
2239 1897 2594 1971 vituperanda
2619 1905 2678 1952 et
2703 1894 3055 1968 improbanda
3095 1899 3304 1956 censet,
3330 1889 3402 1945 ad
3439 1889 3578 1945 haec
3615 1887 3724 1945 tria

2125 1990 2352 2047 redeunt
2371 2003 2390 2042 :

2199 2085 2250 2140 l.
2274 2080 2505 2155 Erigena
2533 2080 2800 2135 humanae
2821 2075 3018 2132 rationi
3047 2072 3273 2130 nimium
3303 2071 3473 2139 dedit,
3500 2078 3723 2141 etquae

2126 2173 2354 2230 rationis
2380 2180 2527 2236 sunt,
2559 2187 2686 2226 cum
2720 2169 2919 2226 divinis
2947 2167 3181 2226 miscens
3207 2164 3454 2236 eloquiis,
3507 2162 3720 2220 revelaa

2127 2263 2327 2325 tionem
2359 2262 2520 2335 (Pag.
2548 2259 2688 2332 XVI)
2718 2277 2822 2316 non
2858 2258 2992 2314 satis
3021 2274 3050 2312 a
3083 2255 3422 2329 philosophia
3451 2253 3721 2319 distinxit,

2126 2353 2410 2412 declarans
2432 2357 2612 2408 veram
2629 2349 3022 2421 philosophiam
3037 2362 3221 2402 veram
3234 2361 3356 2402 esse
3375 2343 3725 2417 religionem,

2038 2485 2044 2490 ι
2126 2457 2182 2500 et
2210 2459 2390 2500 veram
2421 2441 2734 2514 religionem
2759 2454 2883 2496 esse
2911 2452 3094 2494 veram
3121 2433 3537 2508 philosophiam.
3561 2431 3722 2503 Quod

2129 2536 2298 2593 etiam
2328 2535 2682 2592 'l'cnuemaun
2713 2531 2971 2595 allirtnat,
3016 2529 3113 2585 sed
3153 2527 3424 2600 Erigonae
3472 2525 3528 2582 in
3561 2525 3724 2581 laude

2125 2627 2281 2702 ponit
2307 2625 2405 2698 (ti).

2196 2715 2252 2772 2.
2279 2713 2685 2771 Pantheismum
2727 2711 3051 2787 proﬁtetur:
3083 2724 3138 2764 a.
3164 2725 3331 2781 quum
3355 2709 3527 2784 λόγον,
3555 2708 3724 2763 Deum

2129 2810 2318 2873 lilium,
2343 2817 2688 2864 emanantem
2714 2823 2745 2861 a
2764 2806 2945 2871 Patre,
2966 2815 3273 2860 creaturam
3297 2803 3476 2860 Patris
3495 2818 3615 2859 esse
3634 2803 3722 2858 al-

2130 2902 2329 2958 iirmet.
2351 2902 2425 2970 λιι.
2446 2916 2610 2973 quum
2632 2915 2822 2955 omnes
2845 2907 3126 2954 creaturas
3147 2897 3202 2953 in
3225 2895 3516 2952 universali
3539 2911 3722 2950 rerum

434 2999 685 3056 conantis
717 2997 967 3070 progredi
997 2999 1139 3055 ultra
1169 2997 1482 3070 systematis
1517 2997 1882 3070 Armpagitici
1928 3007 2030 3052 ter-
2069 3066 2098 3070 _
2130 2990 2489 3065 apocatastasi
2526 3005 2623 3063 per
2654 2990 2845 3056 Deum,
2879 3005 3044 3069 unam
3083 2987 3292 3046 scilicet
3335 2988 3724 3054 substantiam,

408 3087 634 3156 'minos,
657 3066 787 3147 dum
811 3066 1052 3149 metonis
1074 3066 1416 3146 dialecticam
1453 3103 1579 3146 cum
1621 3066 1793 3161 logica
1817 3089 2028 3144 Aristo-
2055 3066 2102 3131 ε
2131 3084 2324 3140 doceat
2353 3081 2652 3139 absorberi.
2944 3066 2946 3069 ’

436 3178 563 3237 telis
606 3177 918 3250 conjungat.
949 3179 1300 3237 Evolventem
1339 3194 1471 3236 vero
1507 3178 1752 3252 Dionysii
1781 3179 2026 3250 Areopa-

406 3267 581 3347 gitae
608 3267 756 3326 ideas
773 3285 842 3326 ac
879 3271 1154 3338 notiones,
1189 3287 1317 3327 eum
1359 3272 1438 3327 ait
1473 3272 1672 3328 iterum
1707 3271 2032 3328 uemssitate

434 3361 670 3432 quadam
697 3371 855 3416 vetus
898 3349 1200 3433 periculum
1225 3361 1552 3433 pantheismi
1601 3362 1904 3428 incurrere,
1933 3363 2026 3434 qui

435 3451 493 3508 in
511 3451 733 3526 scriptis
749 3452 1127 3527 Areopagitae,
1154 3456 1362 3510 tantum
1389 3465 1614 3526 propter
1631 3455 2027 3528 expositionem

435 3559 620 3601 rerum
649 3544 1096 3603 universaliorom
1125 3555 1181 3603 et
1214 3545 1394 3604 minus
1417 3562 1754 3620 expressam,
1784 3549 2025 3616 latuerit,-

434 3645 512 3703 et,
541 3645 602 3692 ut
629 3646 741 3694 tum
767 3638 1026 3711 temporis
1059 3639 1152 3696 vix
1195 3640 1437 3712 potuerit
1488 3641 1702 3707 evitari,
1747 3641 1888 3714 apud
1923 3656 2027 3698 noa

361 3724 381 3740 °
436 3737 610 3782 strum
646 3736 927 3790 auctorem
965 3730 1165 3786 montis
1199 3731 1430 3802 quadam
1457 3728 1769 3805 integritate
1789 3743 1844 3789 et
1871 3731 2028 3789 inno—

435 3819 618 3875 contia
664 3821 944 3891 prodierit.
971 3811 1124 3878 Hanc
1146 3831 1432 3878 creaturae
1455 3836 1581 3878 cum
1605 3822 1718 3882 Deo
1746 3823 2024 3880 confusio-

437 3924 562 3966 nem
610 3908 726 3979 jam
760 3910 816 3967 in
854 3911 1012 3969 initio
1066 3911 1191 3970 libri
1245 3915 1316 3970 de
1363 3913 1709 3972 Eucharistia
1752 3916 1904 3988 (puta
1961 3916 2026 3972 de

433 3996 959 4074 Praodestinatione)
1004 4007 1289 4074 apparere,
1343 4003 1432 4060 ubi
1477 4018 1666 4061 veram
1711 4003 2025 4077 religionem

437 4101 493 4148 et
522 4107 708 4150 veram
749 4093 1144 4167 philosophiam
1180 4111 1343 4165 unam
1373 4099 1712 4168 eandemque
1759 4113 1875 4154 rem
1902 4106 2027 4155 esse

437 4183 750 4240 contendat.
785 4182 955 4241 Ασετι
985 4182 1181 4242 deinde
1199 4195 1382 4243 notam
1417 4185 1685 4258 Erigonae
1711 4187 2029 4258 quadripar-

440 4272 593 4330 titam
631 4283 860 4331 naturae
882 4274 1227 4340 divisionem,
1264 4277 1318 4332 in
1347 4292 1455 4349 qua
1502 4290 1753 4346 naturam
1782 4291 2025 4336 creatam

436 4374 492 4420 et
520 4373 801 4422 creantem
844 4364 895 4422 ι.
935 4365 1137 4424 Gorres
1163 4369 1310 4448 λόγον
1335 4385 1458 4426 esse
1483 4369 1738 4438 afﬁrmat,
1786 4370 2022 4427 medium

436 4455 646 4512 scilicet
697 4456 842 4513 inter
901 4467 1152 4514 naturam
1207 4475 1314 4516 non
1359 4469 1602 4518 creatam
1650 4471 1708 4519 et
1745 4472 2022 4519 oreantem

437 4545 652 4620 (Deum)
665 4556 721 4606 et
732 4557 981 4606 naturam
995 4560 1235 4607 creatam
1249 4567 1354 4609 non
1366 4565 1644 4610 creantem
1660 4553 2024 4628 (Creaturam)

439 4637 696 4709 positum.
722 4637 910 4710 Itaque
932 4640 1102 4695 Deum
1149 4640 1349 4696 trinum
1403 4658 1528 4698 cum
1571 4654 1822 4700 creatura
1865 4646 1916 4700 ei
1968 4661 2028 4702 se

440 4726 740 4802 miscuisse,
769 4729 1000 4800 indeque
1018 4739 1266 4786 coactum
1297 4731 1465 4810 fuisse
1503 4733 1818 4805 Erigonam,
1847 4745 1907 4792 ut
1933 4735 2029 4791 Εἰ·

443 4815 569 4871 lium
597 4817 776 4875 Patris
801 4829 1108 4877 creaturam
1127 4837 1248 4878 esse
1277 4824 1597 4880 declararet.
1631 4826 1858 4900 Propter
1885 4827 2030 4885 hunc

441 4922 682 4965 errorem
703 4912 937 4967 eundem
967 4913 1106 4968 ultra
1149 4914 1508 4988 Areopagitae
1552 4927 1789 4991 systoma
1839 4919 2026 4976 termi-

439 5015 682 5074 numque
708 5019 814 5058 non
861 5005 1022 5077 longe
1053 5008 1304 5079 progredi
1329 5010 1593 5081 potuisse.
1641 5010 1826 5083 Neque
1881 5013 2027 5071 enim

445 5104 589 5152 eum.
618 5095 670 5159 id
699 5096 844 5164 quod
892 5099 1213 5171 Areopagita
1259 5099 1576 5172 neglexerit,
1626 5103 1922 5159 trinitatem
1969 5106 2025 5159 in

351 5193 360 5200 '
445 5183 797 5256 mysticarum
863 5200 1046 5243 rerum
1111 5190 1534 5259 speculationem
1582 5192 1950 5250 introduxissc
2005 5212 2023 5252 ξ

445 5287 632 5330 verum
683 5287 998 5348 sequentem
1048 5280 1273 5353 vestigia
1313 5281 1676 5356 Areopagitae
1724 5293 1780 5340 et
1830 5284 2025 5341 librum

446 5361 561 5431 ejus
581 5367 648 5419 de
676 5365 875 5423 divinis
900 5366 1244 5434 Nominibus,
1263 5387 1434 5443 aeque
1458 5383 1622 5446 atque
1643 5375 1792 5430 illum
1819 5384 2029 5431 tantum

448 5450 513 5508 de
554 5455 708 5510 unica
736 5456 830 5512 Dei
873 5463 1132 5527 essentia,
1169 5465 1359 5518 eadem
1396 5463 1511 5520 fore
1561 5460 2032 5538 contemplationis

434 5627 439 5632 .
513 5573 592 5645 hi)
630 5572 714 5630 Cf.
739 5574 1049 5634 Christliche
1072 5575 1282 5649 Myrtili,
1315 5591 1446 5638 tom.
1469 5571 1510 5644 1,
1539 5589 1668 5647 pag.
1689 5577 1816 5635 283.

2198 3175 2255 3230 3.
2289 3173 2438 3230 Ultra
2461 3171 2768 3246 systematis
2792 3170 3160 3244 AreOpagitici
3189 3170 3327 3227 lines
3361 3169 3587 3240 ejusque
3631 3184 3724 3226 sud

2127 3267 2591 3338 peressentialem,
2618 3267 2803 3322 omnia
2825 3278 3174 3338 superantem
3195 3265 3434 3321 divinam
3459 3264 3720 3322 unitatem

2128 3377 2237 3420 non
2257 3361 2545 3432 processit,
2565 3371 2622 3419 et
2645 3363 3004 3434 dogmaticam
3033 3363 3093 3420 S.
3117 3361 3404 3418 Trinitatis
3448 3363 3722 3420 notionem

2125 3453 2182 3520 in
2218 3452 2564 3528 Theologiam
2612 3453 2902 3526 mysticam
2943 3464 3000 3509 et
3035 3453 3423 3525 speculativam
3464 3452 3724 3511 inducere

2127 3547 2332 3606 omisit.

2202 3638 2298 3696 His
2325 3638 2674 3711 tribu3,quae
2701 3637 2937 3696 Goerros
2957 3638 3008 3694 in
3042 3637 3306 3710 Erigonae
3336 3636 3722 3709 reprehensio-

2128 3747 2255 3790 nem
2287 3741 2460 3798 notat,
2479 3732 2709 3803 accedat
2739 3742 3015 3806 quartum,
3059 3731 3202 3804 quod
3223 3730 3378 3787 multi
3406 3730 3462 3786 in
3487 3730 3725 3786 eundem

2125 3823 2628 3880 animadverterunt
2656 3840 2674 3879 :

2195 3914 2252 3970 4.
2303 3912 2430 3970 Mali
2469 3913 2636 3970 ethici
2677 3923 2930 3970 naturam
2981 3920 3145 3984 atque
3197 3911 3521 3985 gravitatem
3573 3911 3719 3967 haud

2125 4006 2370 4080 agnovit,
2403 4006 2570 4064 immo
2596 4007 2649 4062 in
2684 4004 2973 4060 universali
3002 4020 3183 4059 rerum
3231 3999 3590 4074 apocatastasi
3637 4001 3724 4058 in-

2125 4099 2355 4158 formiis
2378 4099 2640 4172 supplicia
2671 4099 2830 4174 linem
2856 4099 3074 4170 assequi
3100 4097 3306 4156 docuit.

2197 4193 2342 4251 Adi.
2375 4194 2785 4264 respondemus,
2820 4189 3246 4262 prepositionom
3274 4207 3288 4244 :
3325 4208 3345 4241 ι
3381 4186 3519 4243 Vera
3546 4186 3724 4258 philo.

2126 4283 2320 4354 sophia
2346 4291 2431 4340 est
2459 4296 2588 4338 vera
2620 4281 2828 4354 religio,
2854 4291 2909 4334 et
2951 4295 3003 4334 v.
3027 4294 3079 4334 v.
3113 4293 3238 4334 vera
3267 4277 3454 4350 religio
3483 4285 3566 4332 est
3594 4291 3724 4332 vera

2129 4372 2465 4446 philosophia
2500 4393 2549 4438 ι,
2598 4372 2798 4442 duplici
2851 4380 2904 4426 et
2932 4367 3146 4426 diverso
3193 4385 3352 4425 sensu
3379 4381 3538 4440 posse
3566 4366 3725 4422 intel-

2131 4465 2246 4537 ligi.
2297 4465 2393 4521 sed
2431 4464 2661 4519 eandem
2713 4462 2768 4516 in
2803 4461 3045 4518 auctoris
3074 4460 3244 4516 nostri
3285 4474 3380 4514 ore
3413 4470 3518 4514 non
3551 4456 3727 4530 magis

2129 4573 2256 4616 esse
2272 4565 2599 4626 suspectam,
2627 4569 2788 4626 quam
2831 4554 2906 4618 id,
2939 4553 3083 4624 quod
3133 4567 3300 4624 prape
3328 4564 3521 4606 omnes
3547 4548 3721 4606 sancti

2138 4649 2326 4703 Patres
2365 4647 2582 4710 docent,
2643 4643 3027 4699 revelationcm
3084 4641 3295 4702 scilicet
3339 4640 3539 4695 Christi
3597 4653 3722 4695 esse

2134 4752 2402 4794 summam
2439 4735 2760 4804 sapientiam
2805 4744 2970 4803 atque
2995 4746 3211 4786 omnem
3243 4729 3522 4786 continere
3549 4727 3724 4798 philo-

2133 4830 2401 4901 sophiam.
2430 4827 2509 4883 Ex
2533 4843 2642 4897 quo
2665 4825 2909 4896 sequitur
2929 4838 2980 4876 v.
3008 4838 3060 4877 v.
3090 4822 3279 4886 etiam,
3311 4834 3496 4875 veram
3548 4819 3722 4888 philo-

2128 4922 2372 4993 sophiam
2429 4919 2652 4975 eandem
2703 4931 2824 4973 esse
2873 4931 2941 4969 ac
2986 4929 3172 4970 veram
3228 4911 3566 4983 religionem,
3623 4925 3723 4967 nec

2128 5015 2269 5068 hanc
2297 5010 2457 5066 aliam
2485 5020 2540 5066 et
2561 5010 2630 5064 ah
2660 5010 2745 5063 illa
2775 5016 3083 5080 separatam
3108 5005 3380 5060 involvere
3411 5003 3716 5059 veritatem.

2128 5106 2413 5178 Erigonam
2438 5119 2564 5158 vero
2600 5119 2699 5158 nec
2729 5117 2942 5157 sacram
2975 5098 3336 5169 Scripturam,
3364 5111 3540 5165 neque
3568 5094 3724 5150 testi-

2129 5197 2306 5253 monia
2338 5195 2559 5250 Patrum
2588 5191 2995 5263 contempsisse,
3030 5197 3139 5244 tam
3166 5187 3320 5243 multi
3354 5186 3456 5241 loci
3486 5186 3540 5240 in
3567 5184 3724 5240 libris

2130 5288 2197 5343 de
2225 5287 2491 5342 divisione
2524 5285 2774 5356 probant,
2824 5291 2883 5337 ut
2931 5279 3216 5334 ridiculum
3244 5276 3405 5343 foret,
3441 5276 3545 5331 hoc
3585 5274 3724 5329 locis

2129 5379 2442 5450 singillatim
2466 5368 2747 5433 laudandis
2769 5375 2987 5432 uberius
3009 5373 3334 5446 approbare.
3355 5369 3496 5425 Duos
3513 5377 3721 5424 tantum

2130 5472 2278 5528 locos
2302 5469 2610 5534 aderamus,
2633 5484 2862 5540 quorum
2899 5467 3039 5521 alter
3067 5465 3425 5520 humilitatem
3468 5469 3717 5521 testatur,

2203 5580 2280 5646 (ι)
2313 5577 2614 5633 Geschichte
2657 5579 2751 5632 der
2784 5576 3141 5645 I’ltilosopltie,
3169 5584 3301 5632 tom.
3335 5572 3463 5640 VIII,
3509 5579 3642 5626 sect.
3678 5569 3722 5635 1,

2128 5666 2190 5725 p.
2221 5650 2312 5718 72,
2341 5650 2411 5706 cf.
2448 5665 2498 5721 p.
2547 5649 2635 5704 55.
