4224 6078
502 214 508 218 ’
563 234 669 299 tis

1659 242 1724 299 C.
1764 240 1826 298 Β.
1867 231 2306 296 SCHLUETERI
2348 233 2716 289 ΡΙΙᾸίΙᾺἸΊΟ

3722 220 3830 277 iii}

561 321 727 428 quam
777 358 830 410 in
859 354 1265 426 perscrutandis
1310 356 1470 412 rebus
1514 355 1712 411 divinis
1748 365 1938 411 auctor
1971 361 2157 406 noster
2180 356 2228 410 Λ
2258 360 2402 400 mam
2449 343 2787 414 Ρυῑῖεεῖηιυηὶ
2825 342 3263 410 θάωίηίειΐεῑυτῖ
3292 341 3440 398 mam
3472 341 3833 412 ιίιοοιοκῖυηιν

559 465 780 520 semper
803 449 1060 512 serVavit,
1090 465 1507 522 quantacunque
1534 450 1635 506 fuit
1677 451 1902 507 libertas
1940 448 2060 518 eius
2099 456 2153 498 et

561 537 807 600 audacia,
828 538 1042 608 quando
1062 540 1278 594 easdem
1307 553 1397 595 res
1415 554 1510 608 per
1532 540 1792 594 rationem
1821 537 1997 592 divina
2024 549 2153 606 gra-

563 627 640 685 tia
692 626 1046 682 illuminatam
1097 628 1498 696 inveStigabat;
1545 629 1684 682 alter
1739 629 1868 682 vero
1911 625 2146 682 ostendit

560 717 816 782 eundem,
847 717 1096 786 quamvis
1132 718 1341 773 ratione
1381 716 1688 786 adiuvante,
1710 710 2035 787 scripturam
2063 715 2148 770 in-

563 801 820 873 telligere,
849 805 1119 862 occultum
1145 805 1262 875 ejus
1280 821 1498 862 sensum
1526 817 1836 877 penetrare,
1868 817 2062 862 eruere
2092 815 2159 870 et,

560 894 834 966 explicare
873 911 932 951 se
982 910 1138 966 posse
1170 895 1498 956 conﬁderet.
1549 892 1730 954 tamen
1779 898 2176 964 existimasstg.

561 996 837 1056 nunquam
878 987 1022 1043 ultra
1056 998 1364 1044 sanctarum
1395 988 1798 1059 Scriptor-arum
1830 990 2062 1058 radium,
2089 1001 2145 1049 et

559 1073 763 1146 absque
783 1090 884 1146 ope
900 1091 1090 1132 earum
1107 1077 1269 1132 altius
1290 1093 1348 1134 se
1370 1078 1585 1136 elevare
1604 1079 1745 1136 etde
1769 1081 1932 1136 rebus
1950 1080 2148 1140 divinis

560 1175 797 1222 tractare
840 1169 944 1224 sibi
983 1168 1185 1224 licere-.'
1218 1169 1274 1224 in
1324 1172 1564 1225 secundo
1610 1170 1752 1226 libro
1797 1171 1865 1226 de
1905 1173 2016 1227 div.
2063 1173 2147 1228 die

558 1259 636 1314 cit
670 1276 684 1314 :
717 1277 737 1311 ι
771 1259 915 1328 Quid
936 1262 1082 1316 enim
1121 1261 1340 1332 prodest
1374 1261 1463 1316 illa
1513 1263 1792 1328 velocitas,
1819 1279 1978 1336 quam
2010 1281 2142 1339 pura

559 1349 812 1407 veritatis
855 1352 1248 1423 contemplatio_
1292 1351 1500 1426 effugit,
1553 1362 1650 1408 aut
1678 1355 1808 1426 quid
1842 1367 2000 1413 nocet
2028 1359 2143 1427 ipsa

564 1441 816 1508 tarditas,
843 1443 930 1500 cui
961 1429 1266 1501 desiderata
1293 1444 1458 1502 iacies
1487 1448 1727 1504 occurrit
1776 1449 1836 1504 t?
1861 1457 1917 1505 et
1943 1449 2144 1508 ibidem

560 1547 684 1602 pag.
713 1531 818 1587 {30
842 1533 928 1603 (ll,
952 1533 1066 1605 23).
1625 1566 1632 1570 -

633 1621 794 1697 (Ptig.
829 1623 1020 1693 XVII.)
1048 1625 1368 1684 Alterloeus
1391 1638 1475 1684 est
1505 1628 1601 1685 lib.
1639 1631 1679 1687 l.
1725 1647 1780 1703 p.
1824 1631 1894 1688 69
1932 1633 1994 1705 (Ι,
2025 1633 2139 1705 66).

2255 437 2395 492 lianc
2439 433 2835 507 philosophiam
2859 450 3022 492 sensu
3050 435 3386 508 angusdore,
3409 449 3504 491 seu
3550 435 3834 509 physicum

2251 528 2519 599 appellat,
2565 526 2814 596 quam-vis
2857 530 2926 583 ad
2986 525 3201 583 felicem
3255 541 3568 582 successum
3617 526 3837 597 utrique

2251 619 2570 690 parandum
2595 620 2924 690 scripturam
2954 627 3010 676 et
3046 619 3279 692 gratiam
3308 621 3462 677 verbi
3508 621 3675 678 divini
3719 636 3839 678 om-

2252 712 2383 768 nino
2414 711 2777 770 necessariam
2809 725 2931 770 esse
2975 711 3232 768 declaret.
3260 710 3347 768 Cf.
3375 711 3497 769 iib.'
3519 711 3609 779 lli,
3640 727 3695 784 p.
3727 711 3856 775 18⁸1-

2250 803 2360 876 (Ill,
2388 803 2468 876 δ).
2909 820 2914 827 -
3432 868 3436 871 ,
3822 818 3826 823 ·

2323 804 2485 968 ibi;
2503 895 2727 968 ,xvut.)
2743 896 2825 953 Att
2849 895 2914 951 ll.
2940 911 2994 951 a.
3019 895 3341 968 Quanquam
3366 895 3419 951 in
3432 868 3597 953 libris
3610 896 3676 951 tie
3690 895 3840 952 Divi-

2246 990 2403 1046 sione
2431 987 2670 1044 nonnulli
2700 987 2805 1044 loci
2833 988 3199 1058 reperiuntur,
3224 987 3424 1058 quibus
3467 988 3701 1044 mundos
3737 1002 3836 1042 ar-

2246 1083 2514 1154 chetypas
2539 1078 2594 1135 in
2624 1079 2772 1150 Lego
2796 1079 2908 1135 Deo
2937 1087 3160 1136 actem
3195 1078 3471 1146 conditus,
3494 1093 3659 1150 quam
3689 1094 3837 1137 nunc

2244 1170 2422 1227 ideam
2469 1168 2765 1224 enationis
2795 1169 3067 1242 appellare
3094 1169 3294 1234 solent,
3316 1183 3444 1225 cum
3477 1171 3716 1226 summis
3768 1169 3834 1226 ς.

2246 1257 2532 1317 Trinitatis
2555 1273 2784 1329 persona
2823 1259 3102 1324 confusus,
3128 1257 3214 1314 vel
3258 1272 3365 1312 non
3393 1259 3528 1316 satis
3551 1260 3621 1316 ab
3641 1259 3836 1316 eadem
3927 1274 3944 1284 ·

2243 1350 2534 1409 distinctus
2559 1350 2807 1414 videtur;
2852 1349 3006 1405 multi
3040 1358 3222 1405 tamen
3247 1349 3338 1406 alii
3371 1349 3478 1408 ioci
3515 1360 3834 1414 occurrunt,

2245 1444 2337 1515 qui
2367 1444 2727 1502 determinate
2753 1453 2806 1497 et
2833 1441 3078 1512 praecise
3103 1458 3137 1498 a
3166 1441 3344 1499 Verbo
3373 1452 3598 1501 aeterne
3625 1444 3836 1518 genito.
3857 1474 3867 1516 τ,

2166 1543 2170 1546 ·
2247 1535 2507 1592 mundum
2551 1535 2609 1590 in
2667 1532 2862 1593 eodem
2911 1532 3094 1589 Verbo
3131 1534 3409 1590 conditum
3445 1543 3504 1591 et
3548 1550 3648 1604 per
3690 1535 3838 1591 idem

2248 1621 2504 1692 Verbum,
2534 1636 2595 1690 ut
2630 1626 2748 1699 ipse
2770 1626 2940 1695 dicit,
2977 1622 3212 1690 factum,
3242 1635 3296 1682 et
3325 1642 3358 1681 a
3386 1625 3596 1697 Spiritu
3645 1637 3840 1686 sancto

562 1734 583 1769 α
608 1714 672 1771 Si
700 1718 920 1788 quidem
967 1716 1034 1774 de
1070 1719 1178 1776 Deo
1205 1721 1338 1776 nihil
1367 1721 1514 1777 aliud
1547 1732 1698 1779 caste
1727 1723 1922 1795 pieque
1953 1727 2143 1782 viven-

2244 1717 2579 1790 perfeetum,
2612 1726 2672 1775 ut
2715 1729 2970 1777 naturam
3020 1724 3244 1774 aeterne
3295 1717 3598 1783 conditam,
3629 1717 3842 1792 scilicet

557 1808 723 1874 tibus.
747 1811 1097 1882 studioseque
1125 1813 1410 1871 veritatem
1437 1817 1825 1887 quaerentibus
1851 1818 2139 1876 dicendum

558 1898 1063 1972 vel'cogitandum,
1096 1903 1199 1960 nisi
1245 1919 1386 1975 quae
1412 1907 1464 1960 in
1495 1917 1682 1963 sancta
1731 1905 2014 1982 Scriptura
2057 1926 2140 1969 re-

559 1991 866 2059 periuntur,
903 2008 1079 2064 neque
1119 1995 1267 2069 aliis,
1301 1995 1405 2053 nisi
1437 1996 1605 2068 ipsius
1633 1983 2142 2070 signiﬁcationibus,

557 2085 813 2136 utendum
839 2093 924 2140 est
951 2078 1058 2151 bis,
1086 2083 1176 2156 qui
1205 2087 1272 2142 de
1318 2086 1428 2144 Deo
1455 2089 1570 2144 sive
1613 2092 1744 2161 quid
1776 2093 2003 2148 credant
2027 2094 2146 2152 sive

554 2168 850 2242 disputent.
877 2174 1008 2244 Quis
1036 2177 1180 2232 enim
1208 2177 1276 2232 de
1301 2188 1495 2233 natura
1524 2179 1785 2236 ineffabili
1812 2184 2086 2255 quippiam
2110 2199 2143 2240 a

555 2261 735 2333 seipse
763 2273 1039 2336 repertum
1061 2267 1246 2322 dicere
1267 2279 1602 2339 praesumat,
1631 2281 1856 2343 praeter
1875 2275 2018 2344 quod
2053 2275 2161 2330 illa’

556 2357 671 2426 ipsa
713 2359 784 2416 de
809 2375 870 2416 se
899 2361 1014 2432 ipsa
1045 2361 1100 2417 iu
1149 2360 1265 2419 suis
1311 2363 1790 2436 sanctisorgam's,
1821 2361 2146 2439 theologicis

555 2447 698 2512 dico,
728 2450 1001 2506 modulata
1019 2461 1113 2507 est
1135 2471 1180 2505 ι.
1209 2444 1296 2508 οι
1323 2454 1490 2534 etiam
1511 2455 1604 2512 lib.
1634 2447 1697 2512 li.
1719 2472 1780 2529 p.
1802 2457 1906 2514 105
1925 2459 2010 2531 (ll,
2028 2459 2141 2531 t5),

549 2549 608 2594 et
635 2537 729 2598 tib.
755 2541 848 2608 tv,
879 2549 933 2614 p.
955 2543 1082 2612 sas,
1114 2545 1220 2602 594
1251 2545 1363 2620 (ιν,
1392 2546 1502 2620 t7).
1614 2562 1616 2564 ·
2105 2577 2111 2582 -

627 2631 855 2687 Prorsus
875 2634 1184 2690 accuratior
1212 2635 1477 2708 Erigenac
1505 2630 1670 2695 lectio
1694 2643 2153 2714 uttuutqttetttthe

554 2731 723 2776 sanae
751 2731 807 2777 et
828 2719 1012 2791 iustae
1042 2721 1246 2781 mentis
1281 2723 1538 2784 lcetorem
1570 2731 1788 2801 absque.
1803 2732 1968 2788 dubio
2013 2748 2144 2792 con-

550 2812 754 2880 vincet,
788 2815 1076 2887 Erigonam
1103 2819 1172 2874 de
1221 2817 1430 2896 ratione
1468 2822 1732 2898 αὐτονόμῳ
1777 2834 1850 2890 et,
1875 2827 1954 2880 uti
1998 2827 2144 2882 dica-

555 2918 694 2969 mus.
741 2906 1088 2978 solipsisrica,
1115 2923 1284 2982 quam
1318 2915 1653 2995 recentiores
1683 2925 1933 2975 Statuunt
1973 2918 2151 2990 philos

552 2999 735 3068 soplii.
773 3013 842 3064 ne
881 3014 1074 3056 Somno
1092 3003 1326 3074 quidem
1345 3000 1798 3081 mgitasseulmo
1838 3009 1941 3065 nisi
1989 3009 2144 3068 radio

2243 1820 2507 1878 creatam,
2541 1810 2881 1879 discernunt,
2917 1813 3043 1879 licet
3067 1824 3193 1867 cum
3219 1808 3366 1878 Lego
3392 1809 3580 1867 divino
3613 1806 3844 1878 conjun-

2242 1911 2385 1969 ctus,
2426 1903 2644 1974 quando
2689 1914 2918 1964 naturae
2963 1917 3178 1962 creatae
3226 1916 3333 1958 non
3384 1900 3632 1968 creanti,
3675 1911 3837 1972 quem

2243 1995 2504 2052 mundum
2520 1996 2745 2064 restem,
2759 1997 2969 2063 scilicet
2983 1997 3326 2066 Universum,
3358 2007 3555 2054 vocare
3577 1993 3844 2059 solemus.

2242 2085 2536 2154 opponitur
2576 2085 2721 2142 idem
2747 2085 2813 2143 e't‘
2847 2097 3032 2144 creata
3058 2097 3114 2145 et
3162 2103 3356 2146 creans
3386 2083 3700 2163 appeiietur
3736 2098 3840 2145 na,-

2243 2185 2385 2233 tura.
2412 2175 2697 2234 Praeterea
2727 2177 2959 2248 Erigena
2991 2179 3048 2235 in
3075 2179 3261 2247 variis,
3305 2193 3443 2252 quas
3485 2180 3553 2237 de
3600 2180 3660 2236 S.
3705 2177 3842 2237 Ter—

2243 2269 2400 2325 nario
2431 2269 2638 2341 profert
2677 2272 3122 2340 expositionibus,
3155 2287 3318 2344 quam
3347 2274 3692 2330 strictissime
3722 2276 3850 2331 sin--

2243 2357 2399 2428 gulns
2445 2371 2710 2431 personas
2754 2362 2868 2416 sive
2911 2363 3230 2427 ὑποστάσεις
3270 2364 3500 2422 classico
3534 2367 3835 2423 secundum

2243 2450 2436 2522 dogma
2480 2452 2781 2522 distinguit,
2809 2461 2864 2511 et
2902 2431 3298 2524 conse’quenter
3323 2456 3488 2513 etiam
3524 2457 3672 2532 λόγον
3700 2458 3855 2513 dicit;

2243 2552 2466 2596 aeterne
2513 2542 2786 2614 genitum,
2836 2559 2935 2600 nec
2987 2556 3208 2602 aeterne
3257 2549 3676 2616 procedentem,
3727 2565 3833 2606 nec

2243 2643 2465 2690 aeterne
2501 2643 2766 2690 creatum.
2804 2634 2992 2699 Locos,
3020 2635 3215 2705 quibus
3243 2637 3332 2693 illa
3359 2637 3497 2694 inter
3523 2637 3708 2712 Logon
3736 2655 3841 2695 nas-

2248 2732 2531 2794 turamque
2589 2733 2827 2780 creatam
2873 2734 2928 2779 et
2978 2737 3258 2783 creantem
3299 2728 3610 2799 distinctio,
3660 2730 3856 2796 multo

2244 2813 2420 2885 ntagis
2452 2815 2618 2870 etiam
2647 2814 2791 2868 inter
2816 2815 3049 2870 eundem
3073 2824 3130 2872 et
3162 2825 3410 2873 naturam
3453 2830 3695 2878 creatam
3722 2835 3832 2875 non

2245 2917 2524 2963 creantetn
2553 2908 2759 2962 scilicet
2787 2917 3097 2966 creaturam
3136 2909 3350 2979 proprie
3393 2909 3638 2977 dictam,
3676 2913 3849 2970 nobis;

2245 3001 2548 3058 clarissime
2578 3000 2789 3056 videtur
2839 3000 3157 3057 illucescere
3193 3001 3432 3072 (praeter
3462 3005 3600 3071 illos,
3636 3005 3846 3076 quibus
3950 3009 3951 3012 “

545 3091 798 3148 veritatis
843 3109 910 3150 ex
950 3096 1118 3151 verbo
1144 3096 1330 3154 divino
1370 3108 1426 3155 et
1457 3101 1783 3166 testimoniis
1821 3114 2147 3160 sanctorum

2243 3093 2384 3149 Deus
2422 3093 2638 3164 genitus
2684 3108 2714 3146 a
2755 3092 2867 3147 Deo
2917 3095 3210 3164 generante
3254 3101 3312 3146 et
3353 3098 3680 3163 procedente
3724 3112 3832 3152 non

557 3179 833 3240 Ecclesiae
870 3186 1114 3249 Patrum,
1156 3190 1309 3244 radio
1349 3189 1511 3246 simul
1558 3191 1758 3250 interni
1793 3194 2012 3254 luminis
2053 3198 2143 3252 ad-

551 3272 793 3344 iuvante,
825 3277 1263 3357 tangentur“),
1290 3281 1491 3336 nullum
1524 3285 1675 3340 novit
1704 3286 1934 3342 rationis
1960 3294 2137 3354 usum,

555 3379 660 3422 nec
707 3365 873 3424 ullam
930 3371 1102 3431 gratia
1158 3371 1469 3431 destitutam
1521 3376 1690 3433 animi
1739 3379 2140 3448 intentionem,

554 3471 698 3528 quae
726 3473 833 3516 non
860 3461 1088 3528 virtute,
1113 3467 1331 3536 opibus,
1360 3471 1542 3533 rebus,
1579 3464 1846 3542 fcliciqus
1873 3475 2022 3530 exitu
2053 3491 2143 3534 ne-

556 3549 798 3606 cessario
825 3562 1064 3618 careret;
1093 3571 1362 3628 nusquam
1393 3575 1462 3614 ne
1489 3564 1890 3631 praetereundo
1918 3547 2142 3638 quidem

554 3643 904 3704 sententiam,
931 3661 1070 3714 quae
1099 3647 1260 3701 istum
1290 3661 1506 3718 saperet
1537 3653 1992 3722 rationatismutn,
2017 3672 2144 3730 pro-

561 3732 700 3788 tulit.
727 3732 818 3788 illa
865 3751 993 3792 vero
1038 3735 1412 3810 philosophiae
1438 3743 1683 3801 definitio
1718 3744 1986 3819 Erigenae
2019 3762 2144 3805 eam

556 3823 626 3900 ob
651 3840 873 3881 causam
917 3827 969 3881 in
1020 3828 1382 3898 suspicionem
1430 3830 1748 3907 versaiest,
1791 3839 1936 3906 quod
1980 3839 2145 3894 simu!

558 3913 806 3972 insanum
855 3918 958 3974 hoc
1002 3915 1313 3993 signiﬁcare
1360 3914 1520 3994 posse
1565 3924 1867 3992 videbatur,
1913 3935 2017 3982 nec
2053 3929 2145 3985 vel

557 4002 692 4062 illud
710 4016 946 4078 systema
975 4019 1123 4066 utere
1151 4011 1598 4082 philosophicum‘,
1640 3998 1874 4086 arteque'
1905 4018 2141 4076 humana

551 4112 660 4168 pro
692 4097 846 4154 libitu
896 4109 1235 4167 contextum,
1265 4116 1601 4160 veramesse
1627 4114 1684 4161 et
1715 4121 1880 4163 unam
1923 4107 2145 4180 religio.
2185 4170 2192 4177 ,

551 4203 704 4256 nem,
733 4205 839 4244 non
870 4189 1057 4247 autem
1097 4208 1282 4249 veram
1315 4194 1654 4266 religionem,
1688 4196 1797 4254 fide
1838 4209 2141 4271 acceptam,

560 4278 889 4337 intelieetam
915 4291 972 4337 et
1009 4283 1263 4354 operibus
1297 4285 1699 4342 manifestatam
1720 4326 1738 4352 ,
1785 4303 1970 4345 veram
2020 4304 2145 4348 esss

555 4372 953 4445 philosophiam
1015 4375 1111 4450 (ὁ).
1159 4375 1410 4435 Ceterum
1473 4377 1704 4451 Erigena
1787 4382 2143 4446 nihilominus

2243 3183 2442 3246 minus,
2472 3195 2635 3252 quam
2669 3198 2699 3237 a
2733 3191 2988 3238 creatura
3030 3181 3416 3253 distinguitur)
3467 3183 3539 3256 (ο)
3578 3200 3612 3266 e
3650 3187 3842 3245 multis“

2239 3274 2532 3331 aﬂbramus
2558 3275 2728 3330 hosce
2753 3291 2767 3327 :
3189 3344 3196 3349 υ
3836 3294 3841 3298 λ

2311 3368 2433 3425 Lib.
2473 3367 2558 3422 lli.
2597 3381 2653 3438 p.
2675 3366 2804 3422 ἥδ.
2836 3379 2955 3437 seq.
2984 3365 3093 3438 (ΙΙΙ,
3123 3364 3237 3439 t6).
3267 3384 3289 3418 t
3312 3365 3615 3432 Credamus
3644 3366 3835 3439 itaque

2240 3439 2317 3526 ei,
2349 3467 2614 3529 quantum
2651 3446 2835 3523 datur,
2877 3456 3078 3517 mentis
3109 3445 3228 3514 acie
3272 3458 3600 3524 intueamur,
3643 3460 3840 3515 omnia

2241 3551 2474 3608 visibilia
2498 3561 2553 3606 et
2582 3549 2870 3606 invisibilia
2896 3557 3028 3615 etc.,
3053 3556 3188 3615 etc.,
3212 3564 3566 3621 quaecunque
3604 3552 3834 3608 univer-

2241 3643 2376 3698 sitas
2408 3643 2576 3698 totius
2604 3650 2890 3698 creaturae
2920 3641 3182 3706 continet,
3214 3641 3268 3697 in
3301 3642 3480 3700 Verbo
3507 3643 3601 3699 Dei
3634 3643 3836 3717 linige-

2243 3735 2361 3791 nito
2385 3743 2444 3790 et
2471 3745 2694 3789 aeterna
2724 3728 2890 3789 simul
2926 3742 2983 3788 et
3009 3734 3154 3789 facta
3181 3747 3323 3800 esse,
3351 3744 3408 3791 et
3435 3748 3610 3806 neque
3653 3731 3858 3792 aster:

2243 3827 2470 3882 nitatem
2493 3825 2548 3880 in
2575 3825 2656 3881 eis
2684 3826 3011 3896 praecedere
3039 3823 3326 3890 facturam,
3355 3829 3541 3899 neque.
3564 3827 3830 3893 facturam

2242 3921 2574 3992 praecedere
2626 3919 3023 3976 aeternitatem.
3074 3917 3356 3991 Siquidem
3400 3917 3597 3978 eorum
3652 3934 3836 3980 aeter-
3941 3967 3946 3969 .
4043 3949 4047 3952 -

2243 4011 2391 4068 nitas
2423 4002 2565 4067 facta
2592 4018 2698 4074 est,
2730 4016 2787 4066 et
2813 4007 3055 4064 conditio
3083 4017 3307 4067 aeterna
3335 4011 3388 4065 in
3425 4011 3836 4082 dispensatione

2244 4103 2394 4159 verbi
2422 4121 2470 4156 ι.
2694 4113 2705 4123 ·
3747 4103 3773 4112 ⁶

2317 4194 2435 4251 Lib.
2461 4194 2548 4262 ill,
2587 4209 2640 4264 p.
2667 4195 2777 4270 ειη
2824 4193 2936 4266 (Ill,
2967 4193 3082 4267 Π).
3119 4214 3140 4248 ι
3172 4195 3493 4255 Inconcussa
3525 4197 3711 4270 itaque
3734 4215 3836 4253 θυι

2242 4288 2469 4346 ctoritas
2514 4266 3092 4357 divinao'Sct-ipturae
3137 4299 3236 4342 nos
3263 4286 3539 4357 compellit
3586 4266 3832 4354 credere,

2247 4379 2412 4434 totius
2442 4388 2729 4433 creaturae
2756 4376 3176 4434 Universitatsm
3215 4377 3270 4431 in
3304 4374 3483 4433 Verbo
3522 4379 3615 4435 Dei
3643 4381 3835 4434 condi-
3931 4434 3934 4438 ,
3967 4403 3970 4406 ~

559 4466 861 4538 llieologiae
889 4467 1025 4524 lines
1051 4485 1082 4525 a
1112 4469 1482 4540 philosophiae
1519 4471 1716 4529 ﬁnibus
1743 4477 1911 4545 probe
1939 4475 2146 4531 discer-
2176 4462 2227 4526 D
2251 4482 2360 4528 tam
2404 4486 2549 4536 ess'e,
2571 4470 2743 4542 ipsius
2787 4483 2916 4526 vero
2951 4471 3283 4528 conditionis
3328 4474 3595 4530 rationem
3638 4491 3832 4533 omnes

559 4562 662 4626 nit,
705 4563 999 4632 rcSpici‘ens
1028 4557 1138 4619 tam
1178 4563 1463 4620 amborum
1493 4563 1724 4635 objecta,
1759 4581 1926 4639 quam
1972 4567 2142 4626 animi

560 4652 704 4710 vires
728 4663 782 4711 et
810 4655 1117 4723 facultates,
1147 4657 1342 4729 quibus
1368 4672 1630 4729 parantur
1654 4676 1710 4717 et
1736 4662 2141 4733 concipiuntur.

547 4736 638 4802 "illi
673 4747 817 4802 enim
864 4758 1084 4805 sanctae
1131 4741 1438 4819 Trinitatis,
1481 4768 1769 4810 causarum
1815 4757 2142 4825 primordia”—

550 4829 690 4887 'lium
747 4851 1038 4906 rerumque
1095 4851 1438 4896 aeternarum
1490 4845 1954 4912 speculationem,
2015 4847 2145 4902 huic

561 4939 695 4980 vero
723 4941 902 4980 rerum
937 4928 1198 4984 factarum
1227 4941 1282 4986 et
1311 4948 1406 5001 per
1446 4929 1593 4988 locos
1618 4945 1671 4987 et
1702 4946 1946 5006 tempora
1971 4950 2136 5007 appa-

563 5017 796 5073 rentium
829 5019 1225 5088 perceptionem
1248 5033 1302 5075 et
1330 5023 1796 5092 investigationem
1843 5027 2141 5094 adscribit;

562 5107 708 5164 illam
737 5107 1078 5180 sapientiam,
1106 5125 1243 5180 quae
1274 5125 1368 5181 per
1397 5113 1749 5181 intellectum,
1784 5116 1993 5174 scilicet
2028 5119 2147 5173 ani.

561 5215 733 5264 mum,
775 5200 913 5255 itane
940 5200 1248 5268 scientiam,
1276 5220 1415 5274 quae
1464 5219 1560 5274 per
1592 5206 1858 5263 rationem
1903 5222 2000 5265 seu
2029 5208 2146 5264 ani-

559 5314 709 5440 m?)
751 5313 833 5369 Ci.
881 5315 1220 5371 Acltcrmanu
1250 5336 1265 5371 ε
1295 5315 1630 5375 Christlirhes
1673 5323 1746 5375 int
1796 5319 1970 5386 Plato,
2016 5337 2142 5395 pag.

607 5391 707 5528 ὶῗδ)
737 5455 820 5512 Cl.
855 5458 946 5510 :1...
975 5456 1054 5511 ll:
1092 5477 1112 5508 ι
1143 5456 1296 5513 Nulla
1325 5460 1466 5512 enim
1507 5461 1608 5515 alia
1655 5462 1890 5516 [idalium
1936 5463 2145 5518 anima-

564 5542 682 5582 rum
713 5528 856 5583 salus
879 5539 981 5605 est,
1010 5546 1169 5598 quam
1200 5531 1270 5605 dc»
1295 5548 1399 5584 uno
1429 5549 1670 5586 υηιιιιιηιι
1697 5533 1977 5604 principio,
2005 5545 2149 5605 qliae

564 5613 691 5670 vere
740 5600 1117 5669 praedicantur
1148 5602 1388 5656 crevit-rc.
1437 5613 1487 5655 et
1519 5610 1658 5670 quae
1690 5600 1813 5656 vere
1851 5600 2148 5658 creduntur

565 5669 931 5742 intell-‘gcret.
984 5671 1044 5725 Et
1098 5671 1272 5726 lib.l:
1313 5673 1412 5726 tln
1459 5669 1666 5728 tantum
1713 5689 1927 5730 sursum
1975 5673 2146 5744 respi-

2247 4562 2553 4618 intellectus
2594 4573 2873 4630 superare,
2913 4561 3128 4635 solique
3169 4560 3365 4638 Verbo,
3389 4563 3443 4618 in
3473 4580 3586 4633 quo
3611 4568 3836 4622 condita

2245 4659 2393 4720 Sunt,
2422 4654 2699 4724 cognitam
2721 4667 2846 4709 esse
2863 4673 2910 4708 ι.

2321 4745 2439 4800 Lib.
2482 4744 2567 4806 Ill,
2600 4760 2653 4815 p.
2699 4743 2809 4801 959
2862 4743 2971 4813 (ΙΙΙ,
3028 4742 3141 4814 Ι8).
3193 4764 3214 4797 ιι
3244 4744 3388 4809 Dicit
3438 4745 3589 4800 enim
3644 4748 3836 4816 (sacra

2249 4838 2594 4908 Scriptura):
2625 4837 2681 4891 in
2729 4835 2991 4907 principio
3020 4836 3149 4891 fecit
3186 4837 3330 4895 Deus
3357 4837 3581 4891 caelum
3624 4847 3682 4892 et
3721 4846 3836 4891 ler-

2248 4944 2400 4995 ram;
2443 4932 2546 4985 hoc
2571 4938 2679 4992 est,
2715 4930 2856 4983 Deus
2887 4939 3041 4997 pater
3077 4927 3133 4982 in
3163 4928 3274 4983 Deo
3312 4928 3424 4983 tilio
3456 4927 3838 4986 unlversalita~

2255 5031 2365 5076 tem
2404 5021 2571 5076 totius
2622 5022 2918 5076 creaturae.
2950 5016 3180 5075 visibilis
3220 5028 3272 5073 et
3310 5017 3598 5072 invisibilis
3640 5021 3834 5074 condi-

2252 5110 2332 5167 dit
2360 5124 2375 5166 ε
2402 5113 2614 5182 etquid
2641 5111 2698 5166 in
2726 5110 2994 5180 principio
3018 5125 3138 5174 suo,
3167 5109 3220 5164 in
3252 5108 3430 5164 Verbo
3459 5123 3579 5172 suo,
3613 5109 3678 5162 in.
3697 5108 3837 5164 Filio

2251 5218 2354 5261 suo
2380 5202 2657 5275 unigenito
2683 5202 2841 5257 Pater
2871 5201 3145 5268 conderet,
3173 5198 3331 5274 (Pag.
3359 5199 3503 5271 XIX)
3545 5201 3688 5270 quod
3721 5201 3838 5271 ipse

2245 5316 2456 5374 cientes
2499 5325 2762 5388 quantum
2820 5332 2877 5372 se
2923 5312 3088 5372 infert
3138 5314 3444 5369 divinorum
3488 5312 3839 5382 eioquicruin

2251 5388 2506 5528 ηἳὲΐῖί
2531 5457 2622 5510 lib.
2651 5455 2713 5509 ll.
2743 5470 2761 5503 ι
2788 5451 2980 5509 Omnis
2999 5463 3178 5534 autem
3201 5465 3450 5534 creatura
3476 5454 3835 5534 incipitesse,

2251 5525 2546 5602 quiat-rat,
2585 5537 2752 5602 quum
2796 5540 2904 5581 non
2948 5532 3101 5591 erat;
3144 5527 3347 5593 eratin
3381 5534 3566 5602 causs
3593 5525 3827 5596 quidem.

2255 5600 2362 5656 nun
2391 5615 2510 5655 erat
2537 5605 2592 5652 in
2615 5601 2905 5656 e‘tecubns
2979 5630 2985 5638 ι
3023 5615 3095 5656 on
3126 5604 3351 5656 omnino
3372 5600 3542 5673 igitur
3575 5619 3705 5660 vere
3728 5620 3826 5659 ae-

2257 5673 2495 5728 ternitati
2528 5682 2822 5726 coaeterna
2852 5681 2934 5726 est
2960 5688 3005 5724 ι.
