4238 6070
547 250 646 308 125

1268 247 1329 305 C.
1374 248 1432 302 Β.
1477 245 1908 306 εειιιυετειιι
1950 241 2326 302 ΡΒίΕΙπἊἹΊΟ
2355 243 2423 299 IN
2462 241 2594 299 LIB.
2633 242 2721 299 DE
2758 240 2894 298 ων.
2936 241 3093 299 ΝΑΤ.
3135 279 3138 282 -

3711 243 3808 306 ιει

541 369 685 424 bono
723 363 1003 441 antithetis
1030 363 1308 420 rhetorum
1351 371 1657 433 comparet,
1704 360 1902 432 quibus
1944 373 2129 415 sermo
2153 365 2203 431 Α
2230 360 2443 423 visuros
2488 374 2646 424 esse;
2681 358 2906 428 gloriam
2944 370 3076 414 vero
3101 366 3155 413 et
3184 357 3415 430 gratiam
3458 359 3822 437 deiﬁoationis

539 459 722 514 acrius
741 457 1012 512 oscitatur
1036 474 1051 520 ;
1079 471 1248 525 quum
1276 441 1822 522 animadvertatpper
1845 451 1991 520 ipsos
2011 464 2129 503 ma-

541 550 625 607 los
651 550 897 605 veritatis
923 557 979 604 et
1009 547 1226 602 virtutis
1253 546 1609 602 sectatoribus
1640 543 1921 598 victoriam
1950 540 2131 611 parari

544 644 808 714 majorem
837 643 958 715 (ιι);
993 657 1160 712 quum
1209 639 1439 708 denique
1474 635 1806 692 assentiente
1829 631 2134 691 Leibniuio

543 738 610 791 de
639 750 835 805 magna
865 733 1015 799 mali,
1045 715 1191 802 quod
1219 739 1469 792 vocatur,
1501 736 1678 797 parte,
1704 741 1813 781 non
1839 724 1999 779 aliter
2029 733 2134 778 Ira.

542 834 674 886 etet.
708 823 810 879 nisi
836 833 896 878 ut
922 824 991 877 de
1020 822 1198 877 minus
1237 821 1380 876 bono
1411 829 1467 874 et
1509 817 1772 888 perfecto,
1806 815 1895 872 cui
1923 823 2135 872 tantum

542 916 730 985 major,
747 913 889 969 desit
925 912 1161 967 realitas.
1187 910 1292 966 Vix
1337 908 1480 963 aliud
1517 907 1768 977 Erigena,
1798 905 1967 962 Deum
1994 901 2135 957 aﬂir.

540 1019 699 1062 mans
727 1003 926 1059 nullam
957 1013 1227 1064 naturam,
1254 999 1337 1053 vel
1359 998 1437 1053 nil
1463 997 1516 1051 in
1547 996 1655 1051 ulla
1687 1004 1962 1059 creatura,
1990 992 2135 1064 Quod

539 1098 660 1168 ipse
691 1094 905 1159 fauerit,
929 1094 1142 1165 putri-re,
1169 1091 1264 1150 sed
1305 1091 1447 1147 istud
1477 1100 1686 1145 tantum
1715 1087 1854 1144 nihil
1872 1095 1927 1142 et
1953 1085 2138 1142 incau-

541 1188 680 1252 sale,
708 1188 852 1256 quod
883 1201 1002 1242 non,
1022 1182 1232 1244 fecerit,
1261 1181 1513 1252 quamvis
1539 1177 1893 1251 praeseiverit
1914 1193 1929 1244 ;
1954 1177 2138 1232 immo

542 1280 671 1342 hoc,
704 1277 905 1334 malum
931 1275 1178 1339 scilicet,
1216 1271 1518 1329 secundum
1560 1281 1814 1328 aeternas
1854 1278 2138 1324 creaturae

547 1368 801 1426 rationali
825 1385 856 1422 a
887 1368 1000 1422 Deo
1025 1364 1229 1421 inditas
1255 1364 1403 1436 leges
1429 1380 1488 1418 se
1527 1363 1702 1433 ipsum
1732 1361 1911 1432 potius
1934 1375 2031 1429 per
2059 1359 2138 1413 ir.-

546 1462 872 1520 rationalem
885 1472 944 1517 et
955 1458 1315 1516 innatnrakm
1333 1455 1625 1512 voluntatis
1640 1452 1797 1526 (Pag.
1815 1451 2005 1524 XXVI)
2020 1465 2140 1521 per-

540 1570 736 1612 versae
783 1564 990 1611 motum
1036 1552 1264 1625 punire,
1307 1565 1476 1623 quum
1521 1563 1695 1619 usque
1743 1547 2140 1617 l‘mstretur,_st

539 1645 729 1701 tamen
770 1661 806 1700 ιι
847 1642 992 1700 mala
1043 1641 1320 1698 voluntate
1367 1656 1477 1696 non
1516 1649 1692 1701 cesset
1736 1638 1832 1711 (ιν).
1880 1637 2135 1693 Ceterum

2232 451 2531 508 electorum
2553 451 2847 523 justorum,
2873 466 3172 521 eorumque.
3201 453 3593 509 beatitudinem
3632 469 3822 524 repro-

2230 541 2335 596 bos
2355 541 2408 595 in
2432 550 2718 598 aeternum
2750 557 2856 598 non
2886 526 3320 612 participatnros.
3350 541 3491 610 Quin
3511 543 3676 599 etiam
3695 543 3822 601 aliis

2234 631 2367 688 locis
2391 631 2648 708 allirmat,
2673 647 2768 689 eos
2791 642 2910 702 post
2943 644 3172 688 mortem
3199 633 3354 688 vanis
3386 649 3587 697 rerum,
3619 635 3823 708 quibus

2233 725 2402 779 etiam
2434 724 2488 778 in
2518 722 2623 779 hac
2654 724 2765 780 vita
2795 724 3034 794 inquieto
3066 735 3122 780 et
3146 725 3524 782 insatiabiliter
3547 726 3824 792 inhiantes

2232 815 2758 886 eircaunagebantur,
2779 814 2935 885 (Pag.
2958 815 3167 890 XXVII)
3182 817 3487 888 phantasiis
3501 829 3560 874 et
3581 819 3823 889 appetitu

2239 906 2497 975 tantalico
2542 906 2722 979 puniri
2756 905 2844 981 (Γ).
2877 907 3217 964 Postremum
3268 908 3700 975 animadvertas,
3737 925 3825 968 se-

2237 998 2360 1079 culo
2388 1013 2532 1054 nono
2562 997 2924 1057 Christianam
2959 999 3284 1069 doctrinam,
3314 1015 3462 1073 quae
3491 1001 3559 1058 de
3599 1002 3829 1064 damna-

2237 1099 2414 1149 torum
2443 1102 2526 1148 est
2552 1091 2846 1166 suppliciis,
2877 1093 3112 1158 nondum
3143 1103 3252 1150 tam
3273 1103 3530 1152 accurato
3549 1095 3828 1154 Ecclesiae

2239 1184 2490 1256 dogmate
2510 1185 2788 1251 deﬁnitam
2813 1196 2869 1242 et
2887 1187 3158 1243 ﬁrmatam
3181 1185 3370 1266 fuisse,
3386 1202 3546 1260 quam
3571 1188 3828 1262 deinceps

2239 1275 2422 1331 seculo
2465 1291 2562 1331 χιιι
2608 1291 2707 1347 per
2732 1277 3023 1335 concilium
3059 1278 3429 1335 Lateranense
3461 1294 3718 1352 quartum
3743 1278 3828 1336 fa-

2234 1378 2389 1432 ctum
2413 1379 2519 1425 est.
2559 1367 2715 1441 Quod
2746 1384 2812 1426 ex
2841 1368 3010 1440 ipsius
3030 1369 3297 1444 Erigonae
3318 1370 3499 1428 verbis
3526 1370 3828 1430 clarissimo

2235 1468 2388 1532 patet
2425 1458 2522 1532 ω).
2553 1459 2725 1516 Ιιιιιιιο
2761 1469 2982 1530 praeter
3007 1459 3292 1531 Origenem
3323 1461 3489 1524 etiam
3532 1461 3830 1535 Gregorius

2229 1551 2534 1624 ,Nysseous,
2567 1550 2862 1625 Gregorius
2886 1551 3289 1620 Nazianzenus,
3331 1552 3598 1624 Basilius,
3633 1565 3688 1612 et
3713 1557 3832 1628 ipse

2229 1643 2562 1712 Ainbrosius
2579 1655 2636 1703 et
2657 1645 3016 1718 Hieronymus
3037 1646 3235 1718 passim
3260 1648 3622 1705 nniversalem
3646 1664 3831 1705 rerum

541 1737 782 1808 .Etigena
805 1744 863 1790 et
897 1735 967 1791 de
1000 1733 1253 1804 superbia
1272 1773 1285 1796 ,
1316 1748 1479 1803 quam
1508 1742 1673 1802 eaput
1697 1731 1878 1788 anuus
1899 1730 2137 1787 malitiae
2169 1723 2216 1788 Β
2240 1739 2640 1807 apricatastasir.
2665 1737 2986 1803 docuerunt,
3014 1740 3177 1798 simul
3202 1757 3327 1798 eum
3355 1757 3418 1797 ea
3446 1741 3609 1800 linem
3632 1743 3834 1815 suppli-

540 1840 726 1894 voeat,
776 1838 835 1884 et
881 1836 1201 1899 praesertun
1248 1825 1305 1881 in
1348 1824 1600 1882 Lucifero
1631 1825 1950 1891 detestatur,
1982 1831 2037 1878 et
2074 1824 2140 1880 de

542 1920 680 1977 falso
698 1917 1098 1987 libidinemque
1120 1916 1411 1972 voluntatis
1435 1923 1584 1970 motu
1608 1924 1773 1984 atque
1792 1913 2027 1970 carnalis
2055 1927 2144 1968 co-

495 1999 499 2003 ’
537 2011 698 2086 potae
725 2005 992 2079 appetitu,
1012 2005 1181 2078 quiin
1202 2003 1412 2060 Adamn
1440 2004 1559 2073 fuit,
1582 2013 1637 2060 et
1662 2004 1728 2059 de
1743 2002 2141 2072 concupiscen-

541 2103 614 2159 tia
636 2099 906 2171 serpentis
929 2098 1103 2154 instar
1131 2097 1396 2160 Evam.id
1430 2106 1534 2162 est,
1573 2111 1794 2152 sensum
1833 2094 2139 2167 (αἴσθησιν),

538 2205 597 2250 et
623 2193 749 2250 dein
772 2206 880 2264 per
904 2192 1044 2248 hanc
1067 2191 1236 2247 ethm
1273 2191 1567 2256 Adamum,
1588 2191 1641 2246 id
1667 2199 1770 2255 est,
1806 2189 2138 2246 intellectum

539 2284 706 2357 (ναῦν)
750 2270 1020 2341 dlieiente
1056 2293 1113 2340 et
1152 2283 1447 2342 seduceole
1479 2281 1588 2354 (ε),
1618 2282 1890 2338 uberrime
1919 2289 2135 2338 tractat.

541 2375 868 2450 Superbiam
904 2385 962 2432 et
987 2375 1268 2434 libidinem
1294 2375 1587 2430 maximam
1626 2374 1912 2431 stultitiam
1944 2383 2132 2438 vocat,

539 2484 718 2541 neque
746 2468 939 2546 verba,
968 2469 1166 2535 quibus
1191 2465 1356 2536 primi
1389 2475 1640 2536 parentes
1668 2474 1791 2536 post
1821 2475 2134 2535 transgres-

541 2560 754 2617 sionem
783 2557 1025 2615 mandati
1065 2555 1236 2622 divini
1270 2569 1394 2614 sese
1426 2561 1615 2612 coram
1648 2553 1832 2624 judice
1875 2566 2139 2608 excusare

537 2653 779 2715 student.
813 2650 922 2707 ullo
946 2649 1106 2706 modo
1135 2649 1349 2716 probat.
1397 2646 1475 2703 Ex
1519 2645 1767 2717 originali
1802 2655 1984 2700 autem
2011 2660 2140 2717 peo-

539 2754 665 2800 eato
687 2759 797 2800 non
828 2741 1005 2802 solum
1027 2739 1354 2812 profundam
1382 2739 1593 2794 derivat
1621 2753 1803 2796 rerum
1829 2739 2138 2802 divinarum

539 2834 903 2907 ignorantiam
923 2840 981 2889 et
1001 2830 1201 2894 malam
1232 2831 1431 2888 mentis
1454 2831 1970 2902 concupiscentiam,
1996 2847 2142 2898 mor-

541 2935 672 2991 tem,
716 2933 774 2982 et
801 2932 984 2980 cetera
1025 2922 1207 2988 mala,
1260 2937 1450 2979 verum
1488 2921 1652 2979 etiam
1681 2937 1877 2993 corpus
1904 2920 2141 2988 hominis

541 3013 845 3077 tnateriale.
876 3012 1021 3085 quod
1051 3010 1154 3067 sub
1180 3011 1377 3069 tunicis
1402 3010 1663 3084 pclliceis,
1700 3025 1838 3082 quas
1868 3010 2009 3067 Deus
2032 3010 2143 3083 pri-

542 3109 648 3164 mis
673 3106 992 3178 parcntibns
1018 3103 1168 3169 fecit,
1202 3103 1354 3159 innui
1384 3110 1573 3176 putat;
1599 3102 1762 3160 immo
1781 3111 1838 3160 et
1858 3101 2138 3170 sexualem

541 3198 771 3257 masculi
799 3207 854 3257 et
879 3196 1114 3254 feminae
1140 3193 1502 3258 differentiam
1528 3203 1586 3252 et
1604 3192 1946 3261 divisionem,
1976 3192 2141 3250 simul

539 3311 668 3350 cum
699 3294 916 3369 generis
938 3293 1162 3351 humani
1187 3292 1592 3364 propagatione,
1624 3299 1682 3345 ut
1710 3278 1856 3349 nunc
1879 3302 1986 3358 est,
2022 3293 2140 3355 ani-

546 3387 702 3453 mali,
731 3396 790 3444 et
818 3380 1038 3445 homine
1066 3385 1306 3458 indigna,
1332 3399 1472 3456 quae
1501 3384 1554 3441 in
1584 3383 1769 3450 futuro
1801 3385 1984 3442 seculo
2023 3400 2139 3441 ces-

453 3521 458 3524 -
541 3479 714 3546 sabit,
745 3479 962 3550 quando
987 3477 1042 3545 in
1068 3476 1362 3536 universali
1393 3491 1572 3533 rerum
1607 3476 1787 3533 reditu
1813 3477 1994 3531 omnis
2021 3491 2138 3530 ma.-

539 3571 681 3628 teria
708 3569 876 3631 veluti
903 3567 1122 3632 foenum
1154 3567 1210 3624 in
1237 3566 1456 3622 ﬂamma
1493 3566 1736 3634 ardebit,
1767 3576 2019 3638 totusque
2048 3568 2137 3624 hic

543 3661 783 3734 mundus
813 3660 1144 3724 destruetur.
1174 3657 1420 3730 Denique
1443 3658 1512 3714 de
1539 3657 1816 3730 suppliciis
1854 3657 2138 3712 damnato-

540 3767 690 3818 rum,
724 3751 973 3830 quamvis
999 3753 1142 3824 apud
1167 3750 1458 3823 Erigenam
1484 3751 1685 3822 passim
1703 3749 2139 3820 signiﬁcationes

539 3841 794 3914 reperian
802 3850 906 3904 tur,
924 3839 1112 3911 quales
1128 3847 1280 3896 sunt:
1305 3857 1326 3892 ι
1343 3847 1570 3903 aeterna
1585 3838 1869 3909 supplicia,
1882 3847 2068 3893 actern
2076 3854 2141 3895 ae

539 3948 778 4008 poenae,
799 3943 1024 3992 aeterna
1049 3932 1357 4000 damnatio,
1394 3930 1847 4002 inexsunguibilis
1882 3930 2097 3997 ﬂamma
2119 3969 2138 3996 ,

545 4025 901 4086 irrevocabile
938 4023 1200 4095 judicium
1243 4023 1335 4079 Dei
1379 4022 1460 4095 (Δ)
1495 4044 1545 4089 ι,
1588 4034 1646 4078 et
1685 4037 1828 4093 quae
1859 4021 1978 4092 ejus
2016 4028 2142 4077 sunt

540 4118 784 4188 generis,
802 4124 987 4190 tamen
1015 4113 1199 4174 multis
1229 4112 1351 4169 aliis
1377 4112 1509 4169 locis
1534 4112 1807 4168 sententia
1837 4109 2135 4178 contraria,

545 4222 690 4278 quae
720 4205 930 4263 scilicet
956 4201 1340 4275 suppliciorqu
1368 4202 1748 4258 aeternitatem
1772 4199 2042 4280 destruit,
2063 4199 2140 4258 ab

542 4298 735 4357 eodem
760 4297 987 4369 proponi
1013 4296 1246 4351 videtur.
1275 4294 1418 4350 Dicit
1445 4293 1590 4348 enim
1611 4335 1627 4358 ,
1663 4294 1933 4348 neminem
1968 4307 2001 4346 a
2029 4294 2140 4348 Deo

2241 1829 2450 1883 ciorum
2479 1829 2839 1885 aeternalium
2867 1839 3193 1888 statuentes.

2313 1918 2603 1990 Postquam
2624 1921 2760 1978 haec
2785 1922 2853 1980 de
2882 1922 3146 1994 Erigonae
3171 1924 3302 1990 vita,
3331 1923 3508 1980 indole
3533 1936 3588 1982 et
3611 1925 3834 1997 scriptis

2237 2013 2808 2080 commemoravimus,
2837 2014 3105 2087 simulque
3136 2015 3442 2074 testimonia
3465 2018 3533 2073 de
3557 2033 3625 2074 eo
3653 2033 3687 2073 ει
3719 2019 3834 2075 cla-

2240 2104 2474 2160 rissimis
2505 2103 2636 2159 viris
2671 2104 2955 2176 praeteriti
2994 2114 3050 2160 et
3096 2105 3270 2178 magis
3316 2106 3482 2164 etiam
3527 2109 3833 2180 praesentis

2239 2195 2500 2264 temporis
2525 2194 2632 2250 lata
2657 2194 3001 2262 adduximus,
3033 2210 3135 2252 nec
3161 2198 3342 2256 minus
3368 2200 3722 2271 gravissimas
3749 2203 3833 2258 in-

2239 2288 2547 2343 cusationes
2566 2297 2755 2342 contra
2777 2287 2897 2357 ejus
2917 2287 3110 2358 placita
3139 2281 3829 2358 factitatas'recensuitnns,

2242 2375 2431 2433 lectori
2460 2375 2723 2434 benevolo
2751 2391 2889 2447 opus
2918 2378 3022 2433 hoc
3049 2377 3409 2448 rarissimum,
3438 2381 3581 2451 quod
3617 2397 3718 2454 pro
3747 2383 3832 2441 vi-

2240 2469 2327 2525 rili
2358 2479 2513 2540 parte
2540 2484 2571 2525 a
2602 2469 3004 2541 typogrnpliicls
3029 2469 3240 2526 mendis
3265 2472 3423 2542 primi
3449 2481 3506 2528 et
3535 2472 3705 2532 solius
3732 2491 3830 2531 oo-

2241 2560 2378 2619 .dicis
2401 2561 2682 2631 hucusque
2703 2560 2834 2619 editi
2856 2561 2888 2598 ⁸
2910 2561 3068 2616 nobis
3090 2557 3345 2619 cura'l‘uit
3374 2547 3635 2636 purgare,
3665 2565 3835 2622 tradi—

2238 2668 2385 2717 mus,
2414 2651 2754 2722 potissimum
2775 2668 2899 2709 eum
2931 2653 2984 2707 in
3015 2652 3200 2719 ﬁnem,
3240 2663 3300 2708 ut
3328 2669 3502 2710 novae
3522 2665 3580 2717 et
3600 2671 3832 2715 secura.-

2242 2741 2366 2802 tiorl
2397 2743 2730 2813 inquisitioni
2770 2743 2838 2799 de
2867 2745 3077 2801 meritis
3105 2746 3208 2801 viri
3239 2747 3541 2817 praeclari,
3573 2750 3677 2822 ,ιιιιὶ
3719 2759 3832 2813 tam

2238 2833 2332 2893 .diu
2373 2848 2592 2892 rumore
2615 2834 2870 2904 ﬂagravit
2913 2835 3169 2906 sinistro,
3216 2853 3405 2894 ansam
3451 2841 3832 2910 praebeamus.

2239 2921 2500 2983 Conferas
2527 2938 2673 2995 ergo,
2711 2923 2968 2984 benevole
2995 2923 3197 2993 lector,
3224 2936 3461 2999 systema
3502 2930 3568 2984 de
3593 2929 3834 2985 Naturae

2244 3012 2510 3070 divisione
2546 3015 2614 3069 ab
2644 3012 2877 3086 Erigcna
2903 3015 3239 3087 propositum
3270 3033 3394 3074 cum
3431 3019 3612 3075 ethica
3642 3019 3836 3089 Spino-

2247 3118 2346 3159 εδει
2365 3103 2597 3172 aliisque
2627 3104 2991 3164 recentiorum
3014 3106 3320 3178 systematis
3339 3107 3737 3178 pantlieisticis,
3755 3117 3832 3173 et,

2245 3198 2320 3252 uti
2351 3213 2448 3256 nos
2469 3196 2693 3267 quidem
2720 3197 3033 3269 opinamur,
3062 3199 3487 3264 animadvertes,
3517 3199 3700 3272 specie
3720 3210 3835 3257 tan-

2243 3290 2520 3344 turnntodo
2572 3304 2733 3346 verae
2781 3298 2839 3346 et
2889 3289 3154 3361 genuinae
3201 3291 3485 3362 cujusdam
3532 3291 3834 3364 sapientiae

2239 3381 2458 3436 divinae
2487 3390 2594 3436 tam
2625 3381 2796 3437 multa
2835 3392 2999 3452 atque
3035 3381 3314 3455 praeclara
3347 3382 3563 3454 ingenia
3592 3385 3835 3454 potuisse

2240 3471 2423 3526 seduci
2450 3487 2464 3532 ;
2505 3470 2649 3540 quod
2677 3485 2814 3526 sane
2841 3471 3063 3527 minime
3100 3470 3300 3528 factum
3325 3473 3551 3541 luisset,
3581 3474 3686 3530 nisi
3711 3473 3835 3532 Eri-

2240 3575 2412 3632 genae
2442 3559 2785 3634 aliorumque
2822 3569 3124 3634 systemata
3151 3563 3325 3620 multo
3361 3562 3571 3635 majore
3608 3565 3835 3635 profuno

2235 3651 2445 3718 .ditate,
2473 3649 2652 3724 copia,
2673 3661 2734 3707 et
2762 3652 2962 3709 mentis
3000 3653 3249 3710 acumine
3266 3654 3536 3727 insignia,
3564 3655 3836 3728 similique

2228 3743 2553 3806 Christiano
2597 3743 2834 3816 dogmati
2878 3745 3053 3816 magis
3088 3760 3348 3819 congrua,
3375 3756 3601 3819 propter

2241 3850 2364 3891 rum
2383 3833 2641 3891 invidiam
2667 3845 2778 3890 tam
2801 3833 3002 3892 multos
3028 3836 3335 3908 aequalium
3361 3837 3666 3894 latuissent.
3690 3838 3834 3895 Alin-

2244 3926 2374 3997 quin
2401 3925 2548 3982 enim
2578 3936 2730 3984 certo
2767 3926 3002 3999 Erigena
3040 3927 3242 4000 ingenii
3265 3927 3351 3982 sui
3378 3927 3668 4000 splendore
3692 3927 3835 3990 istos

2242 4018 2464 4082 vicisset
2506 4027 2563 4074 et
2601 4018 2967 4076 obscurasset.
3016 4017 3313 4089 Speramus
3354 4028 3561 4087 tamen,
3594 4020 3734 4087 fore,
3775 4031 3836 4081 ut

2241 4112 2584 4185 philosophia
2608 4113 2780 4169 nostri
2805 4113 2948 4177 aevi,
2972 4113 3297 4184 praesertim
3323 4128 3412 4179 ea,
3437 4127 3579 4184 quae
3593 4114 3836 4171 maxime

2242 4203 2575 4277 speculativa
2597 4212 2703 4271 est,
2732 4212 2790 4262 et
2811 4203 3091 4260 dialectica
3121 4205 3323 4260 virtute
3347 4204 3543 4276 pollet,
3568 4213 3625 4275 et
3658 4219 3832 4276 quae,

2243 4304 2530 4369 postquam
2558 4310 2778 4350 onmem
2802 4295 3036 4366 speciem
3059 4294 3371 4352 sensibilem
3399 4305 3455 4350 et
3490 4310 3677 4352 veram
3717 4296 3833 4352 sin-

546 4389 750 4462 privari
780 4385 1115 4446 naturalibus
1137 4386 1255 4459 sive
1271 4383 1586 4442 concreatis
1607 4384 1767 4440 bonis
1784 4383 1886 4454 (ε),
1911 4392 1968 4438 et
1989 4383 2138 4451 dam-
2167 4424 2216 4484 Β
2244 4401 2538 4458 ceramque
2585 4384 3022 4459 in‘laginationem
3044 4426 3060 4452 ,
3112 4396 3362 4442 naturam
3379 4427 3396 4453 ,
3440 4387 3726 4444 historiam
3773 4395 3834 4443 et

543 4490 707 4540 natos
750 4487 995 4552 tempore
1040 4476 1456 4532 resurrectionis
1484 4488 1540 4533 et
1573 4475 1993 4532 restauratiouis
2021 4474 2142 4532 uni-

495 4597 498 4599 >
545 4570 796 4633 versatis,
821 4569 911 4623 ubi
939 4567 1122 4624 omnis
1145 4568 1351 4628 malitia
1382 4573 1594 4637 pereat,
1631 4565 1952 4620 innovatum
1984 4578 2141 4618 mun-

544 4661 676 4718 dum
706 4660 852 4718 nulla
882 4674 1105 4730 prorsus
1131 4657 1344 4720 umbra,
1379 4673 1475 4713 nec
1503 4656 1610 4710 ullo
1640 4655 1982 4723 discrepantc
2006 4669 2142 4709 con-

544 4760 709 4812 centu
735 4749 1178 4810 ditior-maturos.
1228 4751 1392 4810 immo
1420 4761 1518 4817 per
1550 4743 1933 4816 theoplianiam
1968 4758 2142 4816 quan-

546 4844 705 4905 dam,
751 4830 1068 4912 quamvisa
1109 4837 1320 4902 visione
1365 4834 1612 4892 beatiﬂca
1651 4833 1924 4903 iustorum
1971 4832 2141 4889 multo

546 4931 837 4998 diversam,
854 4930 1044 4996 Deum,
1061 4939 1190 4996 tunc
1207 4926 1391 4994 omnia
1415 4926 1470 4981 in
1491 4927 1743 4982 omnibus
1765 4934 2140 4999 apparentem,

619 5061 697 5130 (a)
723 5059 805 5132 Ci.
835 5059 931 5132 lib.
957 5059 1024 5124 ν.
1050 5074 1102 5129 p.
1128 5058 1229 5116 521
1260 5057 1494 5132 35)._
1520 5058 1774 5132 tVitiettlt‘
1805 5057 1951 5132 enim
1975 5076 1996 5109 ι
2031 5066 2137 5132 get:

548 5127 686 5187 cum
706 5131 859 5186 miris
886 5127 1064 5199 ipsius
1078 5127 1364 5200 Augnslini
1389 5127 1566 5184 verbis
1585 5129 1659 5184 ibi
1680 5127 1857 5182 allatis
1874 5136 1932 5182 et
1955 5143 2011 5200 p.
2032 5128 2140 5182 525

547 5201 804 5288 (γτιξιχρι
831 5202 1155 5288 ρυὶςνειιὶιιι
1167 5213 1323 5288 3.035.

619 5273 695 5343 (tr)
721 5267 921 5343 Cf.__lib.
954 5271 1015 5335 ν,
1039 5287 1108 5343 με
1124 5271 1229 5343 515
1247 5269 1335 5343 ιν,
1366 5267 1480 5343 Si}.
1511 5288 1531 5320 ι
1551 5268 1742 5342 impiis
1763 5283 1894 5326 vero
1913 5287 1933 5320 ι
1959 5279 2062 5341 cet.
2088 5278 2142 5323 et

549 5357 603 5416 p.
630 5341 856 5466 ‘55l‘}V,
889 5343 980 5413 51)
1017 5361 1036 5392 ι
1070 5341 1547 5422 Considi-lavimus
1570 5341 1713 5396 enim
1744 5359 1765 5392 ι
1799 5351 1905 5395 cet.

621 5416 691 5466 (cl
722 5413 764 5466 (ι
791 5451 807 5466 .
835 5412 940 5466 ωι.
968 5413 1084 5466 ιῖθ.
1112 5422 1226 5466 not.
1252 5429 1280 5466 ι
1305 5419 1362 5466 et
1380 5410 1528 5466 alibi.

621 5410 807 5486 (clm.
835 5412 940 5471 col.
962 5410 1084 5475 129,
1112 5422 1226 5466 not.
1252 5429 1280 5466 ι
1305 5419 1362 5466 et
1380 5410 1528 5488 alibi.

619 5566 650 5601 '
676 5566 873 5642 Tribus
897 5579 1026 5642 sane
1054 5561 1330 5619 codicibus
1351 5558 1590 5642 Thomas
1607 5559 1748 5642 gate
1777 5561 1830 5642 ip
1864 5559 2139 5642 πάσι-φη-

553 5638 621 5692 de
642 5637 879 5692 editione
903 5637 1080 5708 prima,
1095 5651 1234 5708 usus
1261 5645 1369 5708 est,
1396 5630 1586 5708 inutile
1607 5630 1838 5708 Tliuani,
1866 5645 1965 5684 suo
2005 5630 2142 5684 inte-

552 5722 669 5778 gro,
705 5721 808 5767 nec
843 5701 953 5763 non
987 5707 1171 5762 codice
1195 5702 1512 5768 l’arisicnsi,
1535 5701 1585 5756 id
1607 5701 1751 5773 quod
1770 5701 1882 5772 ipse
1915 5710 2142 5756 testatur

2244 4479 2438 4549 dogma
2467 4475 2755 4548 positivum
2781 4475 3028 4546 reliquit,
3057 4473 3148 4530 uni
3175 4475 3405 4532 scilicet
3449 4477 3679 4532 rationis
3707 4477 3832 4533 abs-

2245 4579 2452 4626 tractae
2475 4578 2530 4624 et
2549 4569 2831 4641 αὐτονὸμον
2855 4567 3055 4623 notioni
3081 4567 3372 4624 universali
3396 4569 3631 4634 addicta,
3648 4567 3830 4624 omnia

2242 4664 2426 4720 facere
2457 4673 2514 4719 et
2539 4660 2870 4733 excogitare,
2911 4660 3048 4728 nihil
3089 4660 3336 4732 accipere
3377 4670 3435 4718 et
3482 4660 3588 4718 ﬁde
3634 4659 3830 4727 intelli-

2241 4768 2393 4825 gere,
2423 4752 2604 4808 omnia
2636 4751 2845 4816 tollere,
2875 4751 3006 4806 nihil
3033 4765 3235 4823 ponere
3259 4751 3436 4821 gestit,
3467 4758 3524 4806 et
3538 4749 3652 4820 jam
3678 4749 3736 4804 in
3759 4764 3830 4805 eo

2245 4853 2350 4912 est,
2389 4855 2452 4900 ut
2493 4845 2546 4902 in
2586 4844 2890 4900 absolutum
2919 4842 3124 4900 incidat
3144 4841 3504 4908 nihilismum,
3535 4842 3702 4898 etiam
3730 4856 3831 4912 per

2233 4936 2498 5010 Erigonae
2540 4933 2772 5006 placita,
2815 4933 2942 5005 qui,
2986 4930 3195 4989 oetioni
3236 4929 3533 4987 universali
3568 4941 3626 4986 et
3663 4931 3830 4988 diale-

2313 5064 2717 5155 (dJACf;lib;_Y,
2741 5083 2795 5136 ι).
2815 5065 2942 5132 sos,
2973 5064 3082 5121 ibid
3119 5079 3174 5137 ν.
3207 5062 3336 5129 tuo,
3361 5062 3610 5128 552,555
3636 5072 3694 5120 et
3721 5063 3825 5122 εδδ

2241 5137 2763 5277 μέἚὲἓὶδῼίρ.
2789 5206 2925 5269 sto;
2946 5207 3074 5261 ibid.
3138 5204 3274 5262 ,εδδ
3296 5215 3351 5259 et
3369 5203 3475 5261 sat
3501 5203 3692 5276 (v.34.
3707 5157 3830 5282 36},

2314 5207 2385 5350 id)
2409 5279 2491 5336 Ct.
2532 5280 2626 5334 lib.
2664 5278 2725 5344 v,
2757 5292 2808 5349 p.
2849 5220 3320 5343 535,5l£,515,
3359 5276 3465 5332 sto
3504 5286 3560 5331 et
3589 5274 3694 5332 5n
3729 5276 3830 5349 ῃ,

2664 5274 2727 5344 νς
2757 5292 2808 5349 p.
2849 5278 2985 5343 5'15,
3016 5274 3154 5343 5η,
3184 5275 3320 5341 515,
3359 5276 3465 5332 516
3504 5274 3560 5331 et
3589 5274 3694 5332 517
3729 5274 3830 5349 (ἡ,

2239 5350 2823 5494 1.93;;‘(ci’lsm
2858 5416 3001 5484 too;
3043 5417 3175 5473 mu.
3200 5417 3306 5471 sos
3336 5415 3426 5485 (γ,
3455 5415 3548 5472 27.
3573 5414 3685 5487 si).
3746 5491 3750 5496 ,

2246 5567 2300 5692 ξι
2334 5566 2658 5630 testimoniis,
2687 5580 2828 5640 quae
2866 5560 3064 5648 attulit.
3090 5577 3254 5643 supra
3287 5562 3523 5626 excusis.
3554 5563 3820 5624 Arnum.

2293 5651 2408 5692 tur.
3462 5647 3464 5649 '

2293 5651 2408 5694 ΜΤ.
3462 5647 3464 5649 ’
