4202 6222
475 355 483 363 ’⁷
505 344 611 402 127
658 297 667 304 “

1637 334 2140 403 EXPOSlTiONES
2172 338 2458 397 JOANNlS
2497 338 2700 400 SCOTI

3671 338 3772 401 128

507 454 678 511 omnis
716 452 896 509 dicina
933 451 1254 508 illuminatio
1293 447 1575 507 secundum
1620 453 1898 511 bonitatem
1946 452 2090 509 varie
2114 457 2164 516 Α
2191 465 2262 507 ne
2290 449 2529 518 mireris,
2551 451 2697 524 quod
2723 449 2984 517 diximus,
3016 446 3219 524 nullam
3247 449 3594 507 substitutam
3613 466 3771 509 creas

503 546 560 599 in
597 561 659 600 eu
681 582 699 608 ,
724 559 858 616 quae
876 543 1123 626 praevisa
1151 553 1295 610 sunt,
1323 542 1648 612 proveniant,
1681 544 1782 600 hoc
1823 556 1927 611 est,
1954 559 2090 616 quo«

509 633 659 690 niam
681 634 898 690 divinae
923 633 1184 691 bonitatis
1211 633 1388 692 omnis
1414 631 1756 702 illuminatio,
1782 649 1924 707 quae
1952 635 2092 693 mul~

511 725 768 796 tiplicitcr
801 725 855 781 in
881 739 968 790 ea,
1001 741 1142 797 quae
1179 724 1427 795 praevisa
1474 733 1622 794 sunt,
1666 725 1918 785 facienda
1963 742 2090 798 pro-

337 810 344 820 ’
446 831 449 834 ·
505 816 680 880 cedit,
707 824 879 870 manet
911 814 1100 886 simpla
1126 810 1181 869 in
1207 811 1383 882 seipsa
1410 813 1453 879 ⁸,
1479 824 1564 879 et,
1599 813 1728 871 dum
1776 814 2092 871 diffunditur

513 907 895 974 universaliter
917 907 974 962 in
1003 919 1068 962 ea
1087 906 1135 970 ³,
1161 921 1301 976 quae
1344 915 1490 972 sunt,
1519 914 1578 960 ut
1618 905 1760 970 sint,
1789 905 1916 975 quia
1947 904 2090 960 nulla

512 995 618 1052 alia
645 1006 729 1052 est
753 1010 934 1053 rerum
959 996 1200 1051 omnium
1223 988 1558 1051 sensibilium
1589 1004 1644 1051 et
1671 995 2090 1068 intelligihilium

509 1086 856 1142 subsistentia
877 1087 1099 1158 praeter
1122 1086 1336 1141 divinae
1359 1086 1614 1143 bonitatis
1643 1085 2092 1149 illutninationem

507 1185 564 1230 et
591 1173 966 1243 diﬂ‘usionetn,
995 1191 1102 1232 non
1136 1176 1331 1233 desinit
1361 1191 1484 1233 esse
1523 1177 1579 1232 in
1613 1163 1825 1248 se'ipsa
1863 1175 2089 1248 simplex

508 1274 565 1321 et
609 1264 954 1321 inexhausta.
1002 1265 1098 1322 Est
1125 1265 1272 1331 enim
1303 1265 1424 1323 fons
1452 1281 1561 1322 non
1603 1265 1907 1333 deﬁciens,
1938 1276 1994 1322 et
2034 1265 2092 1322 in

511 1356 716 1420 omnia,
747 1369 889 1426 quae
921 1362 1066 1420 sunt,
1113 1354 1322 1422 infinita
1365 1355 1754 1416 numerositate
1799 1355 2091 1427 proﬂuens.

506 1447 578 1502 Et
605 1463 712 1502 non
743 1446 917 1502 solum
947 1446 1001 1502 in
1029 1445 1212 1501 omnia
1243 1456 1506 1503 manatet
1531 1447 1801 1518 provenit,
1833 1458 1890 1501 ut
1917 1447 2094 1503 subsi-

508 1545 687 1602 stant,
720 1549 904 1590 verum
945 1534 1110 1592 etiam
1138 1535 1162 1568 ³
1191 1536 1464 1604 universa,
1495 1553 1636 1608 quae
1664 1553 1734 1592 ex
1778 1539 1893 1610 ipsa
1913 1578 1928 1605 ,
1957 1548 2014 1593 et
2037 1539 2092 1595 in

509 1628 622 1698 ipsa
641 1667 656 1692 ,
686 1635 743 1684 et
783 1642 882 1697 per
913 1626 1084 1698 ipsam
1116 1629 1450 1695 subsistunt,
1475 1629 1530 1684 in
1560 1645 1722 1686 unam
1768 1629 2093 1686 ineffabilem

508 1719 850 1784 harmoniam
870 1716 894 1753 ⁵
921 1729 1157 1789 coaptat,
1183 1719 1257 1774 ita
1280 1729 1338 1774 ut
1355 1719 1409 1776 in
1437 1720 1789 1778 universitate
1813 1721 2090 1792 multiple:

2197 553 2410 612 turam,
2451 543 2565 600 nisi
2605 553 2954 600 convertatur
2983 543 3051 598 ad
3091 541 3468 610 Creatorem,-
3477 543 3773 616 perfectam

2193 632 2311 689 fieri
2338 649 2520 706 posse.
2553 633 2692 691 Vera
2719 635 2987 706 siquidem
3012 636 3170 691 docet
3199 632 3358 699 ratio,
3384 633 3565 698 omnia
3585 675 3602 700 ,
3634 649 3777 706 quae

2194 735 2342 790 sunt,
2372 726 2438 780 ad
2473 739 2696 782 causam
2727 741 2906 793 suam,
2944 740 3014 782 ex
3041 741 3172 796 qua,
3199 735 3254 780 et
3284 740 3381 795 per
3407 741 3590 796 quam,
3623 736 3678 781 et
3716 727 3772 782 in

2191 829 2300 884 qua
2350 815 2691 881 subsistunt,
2740 825 2801 872 ut
2849 815 3222 886 perﬁciantur,
3274 816 3565 888 respicere.
3615 817 3776 873 Intel-

2193 905 2442 971 lectualia
2473 906 2690 977 quidem
2740 918 2798 962 et
2846 905 3130 964 rationalia
3171 906 3481 964 immediate
3507 907 3529 938 ’
3554 924 3653 980 per
3691 925 3771 974 se,

2196 994 2470 1052 intellectu
2493 1011 2624 1052 vero
2649 1005 2703 1056 et
2733 995 2942 1052 ratione
2963 996 3204 1051 carentia
3229 994 3462 1066 quadam
3487 997 3776 1052 medietate

2194 1085 2600 1143 rationabilium
2623 1095 2680 1150 et
2704 1086 3122 1158 intelligibilium
3147 1086 3487 1158 interposita,
3516 1086 3583 1141 ad
3610 1103 3775 1142 unum

2194 1177 2570 1233 universitatis
2590 1176 2916 1251 principium
2939 1185 3357 1235 convertuntur.
3386 1176 3570 1233 Omnis
3599 1179 3776 1250 itaque

2189 1271 2343 1334 ,datio
2382 1271 2700 1341 .Optinta,'et
2745 1271 2920 1330 omnis
2960 1270 3178 1326 donatio
3208 1269 3471 1341 perfecta,
3501 1270 3775 1325 desursum

2189 1369 2293 1426 est,
2335 1360 2390 1417 id
2423 1368 2534 1427 est,
2562 1361 2845 1422 desursum
2875 1358 3185 1425 descendit;
3227 1374 3259 1414 a
3285 1373 3413 1430 quo,
3443 1359 3545 1414 nisi
3572 1375 3600 1412 a
3630 1359 3777 1416 fonte

2198 1451 2453 1508 ineifabili
2483 1451 2728 1515 omnium
2754 1450 3043 1517 honorum,
3073 1467 3102 1506 a
3130 1449 3292 1506 Patre
3315 1449 3614 1506 luminum?
3634 1453 3781 1519 Quo-

2186 1558 2412 1617 .eunque
2453 1543 2601 1604 enim
2636 1557 2732 1604 seu
2775 1557 2937 1601 sensu
2961 1556 3225 1613 corporeo
3249 1542 3296 1574 ³⁸
3327 1540 3778 1609 inlemuntiante,

2189 1649 2293 1700 seu
2330 1648 2467 1705 puro
2492 1633 2764 1694 intellectu
2793 1633 3171 1711 investigante,
3193 1632 3249 1688 in
3274 1631 3628 1690 universitate
3650 1627 3780 1688 cen-

2201 1725 2311 1792 dita
2356 1725 2431 1788 ad
2477 1723 2740 1795 liquidum
2785 1721 3084 1793 percipitur
3127 1731 3296 1798 atque
3335 1722 3678 1794 cognoscitur
3721 1723 3777 1779 in

507 1807 578 1862 sit
607 1808 627 1838 ⁵
653 1823 749 1878 per
776 1807 1041 1866 infinitam
1062 1807 1588 1881 multiplicationem,
1615 1818 1670 1864 et
1697 1809 1750 1865 in
1777 1810 1890 1882 ipsa
1910 1809 2090 1866 omnia
2119 1799 2166 1860 Β
2194 1813 2674 1871 substitutionibus
2716 1822 2948 1878 naturae
2989 1822 3047 1870 et
3083 1812 3511 1886 perfectionibus
3535 1815 3775 1886 gratiae,
3803 1809 3812 1812 ”

507 1917 673 1956 unum
704 1902 814 1961 sint
843 1915 942 1973 per
968 1902 1563 1974 incomprehensibilem
1588 1903 1994 1959 adunationem.
2023 1903 2092 1966 lit

506 1995 613 2048 hoc
643 2002 726 2049 est
768 1994 913 2065 quod
956 1991 1034 2048 ait
1061 2009 1076 2048 :
1107 2001 1291 2048 manet
1339 1992 1528 2065 simpla
1551 2001 1609 2057 et
1638 2009 1741 2048 non
1768 1995 1866 2049 hoc
1893 1994 2088 2060 solum,

501 2084 595 2141 sed
633 2085 850 2155 uni/ica:
882 2085 1202 2151 illuminata,
1234 2085 1338 2140 hoc
1361 2094 1470 2152 est,
1503 2100 1602 2155 per
1637 2100 1790 2141 suam
1822 2085 2090 2142 illumina-

504 2176 1232 2252 tionetn.et'processionem
1280 2175 1448 2232 facta.
1477 2174 1648 2234 Totus
1689 2177 1872 2249 itaque
1901 2177 2091 2234 titulus

501 2279 584 2324 est
608 2268 767 2340 primi
791 2267 1044 2340 capituli:
1067 2267 1329 2335 Quoniam
1343 2269 1521 2327 omnis
1541 2269 1722 2324 divina
1743 2268 2084 2337 illuminatio,

500 2357 789 2414 secundum
836 2357 1121 2420 bonitatem
1170 2358 1315 2413 varie
1357 2357 1421 2421 ,ἱη
1461 2358 1723 2430 ρτουὶωεσ
1749 2359 2083 2430 proveniem,

501 2455 677 2501 manet
706 2445 919 2517 simpla,
945 2455 994 2503 et
1025 2462 1130 2502 non
1152 2444 1250 2501 hoc
1277 2447 1470 2515 saltata,
1492 2447 1586 2502 sed
1631 2446 1849 2516 uniﬁcat
1887 2447 2088 2503 illaturi-

505 2547 655 2593 urtla.
2105 2597 2112 2602 .

577 2627 692 2700 ﬁl.
732 2625 910 2696 Ipsum
961 2640 1094 2681 vero
1139 2625 1435 2697 capitulum
1481 2641 1550 2683 ex
1596 2628 1862 2684 sententia
1895 2625 2086 2686 Jacobi

501 2717 733 2790 apostoli
754 2717 991 2773 orditur:
1009 2715 1176 2772 Omne
1193 2717 1374 2774 datum
1389 2719 1666 2789 optimam,
1681 2720 1768 2775 vel
1791 2729 1851 2776 ut
1863 2734 2088 2791 expres-

501 2810 620 2867 sius
646 2809 715 2865 de
740 2809 906 2864 verbo
935 2808 990 2862 in
1036 2808 1262 2862 verbum
1292 2806 1653 2864 transferatur
1680 2811 1905 2866 somnis
1933 2810 2082 2869 datio
2131 2857 2133 2859 .

502 2899 730 2971 optima,
742 2909 790 2954 et
809 2914 962 2953 unane
973 2898 1168 2952 donum
1179 2897 1462 2969 perfectum
1474 2899 1602 2955 datu
1615 2915 1752 2956 rsum
1761 2909 1859 2967 est,
1869 2901 2085 2956 descen-

496 2992 631 3048 dens
651 3011 686 3046 ο
706 3001 854 3062 patre
875 2989 1153 3044 luminum.
1181 2990 1330 3058 Quae
1350 2990 1647 3062 apostolica
1665 2992 1930 3050 sententia
1944 2994 2085 3050 divi-

500 3098 631 3139 nam
649 3082 926 3140 dationem»
942 3095 1009 3135 ex
1036 3080 1218 3137 divina
1245 3077 1536 3145 donatione
1565 3083 1800 3139 mirabili
1819 3083 2086 3149 discernit

2194 1924 2302 1965 non
2337 1908 2558 1964 aliunde
2602 1907 2708 1965 nisi
2753 1924 2784 1964 a
2826 1907 2990 1971 Patre
3024 1907 3288 1963 luminum
3321 1907 3584 1979 procedit.
3613 1906 3778 1964 Pater

2190 2009 2376 2055 autem
2411 1999 2675 2056 luminum
2701 2010 2787 2056 est
2812 1999 2984 2068 Patet;
3008 1997 3296 2064 caelestis,
3328 1997 3508 2054 lumen
3538 1999 3775 2070 primum

2192 2099 2357 2161 atque
2381 2090 2656 2158 intimum,
2687 2106 2717 2146 a
2746 2105 2854 2161 quo
2881 2089 3058 2146 lumen
3085 2103 3298 2154 verum,
3326 2087 3561 2144 Verbum
3595 2105 3775 2156 suum,

2189 2198 2292 2254 per
2331 2184 2476 2254 quod
2519 2181 2662 2238 facta
2693 2191 2818 2238 sunt
2851 2174 3066 2248 omnia,
3095 2191 3154 2247 et
3181 2180 3223 2212 “
3250 2177 3306 2235 in
3329 2194 3436 2250 quo
3483 2179 3776 2235 substituta

2191 2280 2318 2327 sunt
2361 2273 2566 2338 omnia,
2595 2273 2904 2345 unigenitus
2937 2271 3108 2328 Filius
3133 2287 3266 2328 suus
3287 2269 3555 2337 nascitur,
3581 2285 3614 2324 a
3642 2285 3771 2342 quo,

2192 2363 2356 2419 Patre
2383 2349 2531 2428 dico,
2565 2361 2920 2418 coessentiale
2963 2362 3069 2420 sibi
3118 2361 3406 2434 Verboque
3448 2375 3548 2421 suo
3587 2360 3773 2426 lumen

2190 2457 2440 2528 procedit
2477 2457 2520 2488 “
2546 2455 2784 2529 Spiritus
2825 2467 3066 2524 sanctus,
3089 2455 3308 2527 spiritus
3345 2453 3523 2531 Patris
3547 2464 3600 2511 et
3626 2453 3774 2521 Filii,

2189 2545 2249 2604 in
2290 2563 2400 2621 quo
2445 2555 2502 2604 et
2541 2564 2641 2619 per
2680 2563 2842 2618 quem
2884 2547 3202 2604 donationes
3243 2547 3544 2616 gratiarum
3591 2545 3777 2602 distri-

2187 2638 2432 2697 buuntur
2465 2640 2521 2696 in
2550 2639 2751 2696 omnin.
2784 2641 2852 2695 Et
2881 2641 3016 2697 haec
3044 2648 3134 2696 est
3174 2640 3317 2695 trina
3358 2637 3481 2705 lux,
3528 2646 3582 2694 et
3631 2637 3773 2692 trina

2185 2729 2422 2796 bonitas,
2463 2739 2574 2785 tres
2621 2729 2953 2797 substantiae
2988 2730 3050 2787 in
3097 2746 3206 2785 una
3234 2729 3501 2794 essentia,
3527 2728 3690 2785 Pater
3712 2734 3772 2782 et

2187 2817 2358 2882 Filius
2385 2829 2440 2874 et
2467 2817 2704 2889 Spiritus
2741 2833 2992 2886 sanctus,
3020 2833 3165 2876 unus
3201 2819 3368 2886 Deus,
3399 2835 3506 2873 una
3529 2817 3765 2884 bonitas,

2186 2925 2355 2966 unum
2378 2909 2559 2964 lumen
2585 2907 2836 2965 diffusum
2865 2907 2922 2965 in
2943 2909 3302 2980 omnia,quae
3327 2920 3474 2972 sunt,
3502 2919 3561 2965 ut
3580 2925 3767 2968 essen-

2189 3000 2390 3057 tialiter
2417 3003 2738 3067 subsistant,
2770 3001 3057 3071 splendens
3077 3001 3133 3056 in
3159 3001 3433 3068 omnibus,
3456 3017 3597 3072 quae
3621 3015 3774 3070 sunt,

2188 3103 2250 3149 ut
2277 3092 2332 3147 in
2352 3109 2592 3149 amorem
2614 3102 2671 3149 et
2701 3092 3085 3165 cogitationem
3115 3092 3533 3166 pulchritudinis
3565 3095 3608 3126 “
3639 3112 3772 3151 suae

502 3173 839 3240 diﬂ'erentia,
885 3173 1144 3245 optimam
1191 3173 1410 3245 quidem
1447 3173 1720 3231 dationem
1760 3175 2084 3232 universalis
2112 3151 2156 3213 C
2191 3195 2581 3243 convertantur
2595 3185 2796 3253 “mnia,
2814 3185 3224 3257 supereminens
3241 3185 3596 3260 omnia,quae
3621 3197 3774 3253 gum,

499 3277 788 3324 creaturae
832 3265 1202 3322 substitutioni
1245 3264 1593 3331 distribuens,
1636 3267 1934 3340 perfectam
1957 3280 2086 3324 vero

509 3349 860 3414 donationem
885 3357 1098 3413 divinae
1113 3355 1322 3428 gratiae
1336 3354 1573 3425 largitati
1590 3372 1604 3423 ;
1622 3358 1878 3427 quoniam
1902 3358 2086 3427 omne,

507 3451 651 3522 quod
680 3459 786 3514 cst,
828 3449 1042 3505 duobus
1068 3447 1243 3504 modis
1267 3447 1506 3512 divinam
1550 3448 1844 3520 participat
1871 3447 2088 3507 bonita-

503 3550 633 3604 tem,
655 3556 884 3610 qnorum
909 3537 1118 3610 primus
1153 3537 1211 3593 in
1234 3537 1542 3594 conditione
1565 3549 1793 3594 naturae
1813 3547 1920 3604 est,
1949 3539 2091 3594 alter

2191 3289 2252 3337 ut
2277 3277 2628 3351 perfectionis
2671 3293 2802 3336 suae
2849 3278 3184 3349 plenitudine
3209 3278 3461 3334 fruantur
3482 3279 3685 3346 omnia,
3710 3290 3770 3336 et

2191 3369 2248 3427 in
2293 3371 2414 3453 ipso
2455 3370 2638 3428 munia
2683 3387 2848 3426 unum
2879 3371 3007 3426 sint.
3036 3372 3081 3425 A
3114 3370 3280 3429 Patre
3302 3370 3488 3448 itaque
3508 3374 3771 3430 luminum

2197 3461 2382 3520 omnia
2407 3462 2611 3518 lumina
2643 3463 2997 3517 descendunt.

2263 3554 2375 3611 Sed
2418 3553 2650 3610 fortasse
2675 3553 2797 3626 quis
2823 3552 3019 3608 dixerit
3046 3570 3059 3606 :
3087 3551 3370 3621 Quomodo
3405 3551 3607 3618 omnia,
3633 3567 3776 3624 quae

507 3632 562 3686 in
587 3627 970 3686 distributione
997 3627 1204 3698 gratiae
1229 3628 1574 3700 perspicitur.
1608 3627 1756 3683 Nihil
1775 3628 1975 3700 quippe
2002 3637 2091 3684 est

2194 3657 2344 3712 sunt,
2371 3644 2573 3700 lumina
2599 3645 2758 3701 sunt?
2785 3644 3044 3712 Quamvis
3071 3645 3220 3700 enim
3244 3643 3566 3699 universitas
3591 3659 3773 3702 rerum

504 3730 561 3787 in
617 3727 910 3785 universali
957 3735 1250 3792 creatura,
1297 3725 1444 3796 quod
1491 3724 1575 3778 his
1628 3723 1835 3779 duobus
1879 3734 2086 3780 careat.

2193 3737 2440 3793 omnium
2464 3736 2507 3768 “
2534 3751 2565 3790 a
2602 3736 2763 3792 Patre
2789 3751 2886 3807 per
2905 3734 3099 3790 Filium
3129 3744 3185 3790 et
3224 3734 3486 3807 Spiritum
3529 3746 3775 3793 sanctum

503 3812 763 3878 Subsistit
803 3820 952 3876 enim
984 3832 1169 3883 omne,
1217 3818 1362 3888 quod
1388 3824 1509 3882 est,
1540 3831 1602 3871 ac
1630 3815 1845 3872 divinae
1885 3816 2092 3886 gratiae
2194 3823 2409 3884 condita
2431 3826 2522 3891 sit,
2555 3826 2720 3882 Pater
2745 3826 2941 3897 quippe
2974 3826 3108 3892 vult,
3139 3825 3307 3882 Filius
3333 3826 3483 3894 facit,
3515 3843 3774 3898 c00pera-

498 3915 654 3987 juxta
681 3910 1094 3967 convenientem
1123 3907 1226 3964 εἱιιὶ
1253 3906 1558 3978 analogiam
1579 3906 1853 3978 particeps
1881 3914 1988 3962 est.
2021 3904 2094 3962 Ει
2195 3928 2286 3975 ml-
2318 3917 2554 3989 Spirilus
2574 3928 2812 3983 sanctus,
2838 3917 3054 3989 proprie
3082 3925 3264 3972 tamen
3289 3926 3344 3972 et
3373 3917 3681 3989 specialiter
3707 3921 3775 3976 de

506 4001 828 4068 notandum.
861 4000 1006 4072 quod
1031 4015 1138 4054 non
1159 3997 1480 4070 simpliciter
1503 4005 1589 4054 εει
1617 3995 2085 4084 ἀίειυωεοηιιιεε
2194 4008 2649 4066 intellectualibus
2697 4017 2753 4064 et
2808 4008 3163 4064 ratiOnaIibns
3210 4009 3430 4064 condita
3483 4009 3688 4065 lumina
3741 4029 3772 4066 a

444 4118 449 4123 ι
506 4093 653 4148 datio
677 4092 874 4162 aptium
890 4100 939 4146 et
961 4105 1112 4144 omne
1129 4088 1325 4143 donum
1337 4086 1642 4160 perlectum.
1658 4086 2090 4144 Primordialiter

2194 4102 2357 4159 Patre
2396 4100 2658 4156 luminum
2705 4113 2804 4171 per
2847 4100 3087 4170 genitura
3133 4099 3314 4155 lumen
3359 4115 3564 4172 perque
3593 4100 3772 4157 lumen

503 4185 705 4255 quippe
751 4182 806 4237 in
833 4181 1120 4247 omnibus.
1158 4194 1300 4253 quae
1343 4188 1493 4245 Βυιιιν
1537 4179 1817 4249 Praecedit
1857 4180 2042 4236 ἀειιιω
2066 4179 2088 4213 ⁷
2193 4192 2496 4264 procedens
2524 4199 2739 4263 oportet
2768 4190 3102 4262 praedicari,
3134 4200 3314 4246 cetera
3345 4205 3474 4246 vero
3503 4191 3625 4263 plus
3653 4191 3776 4247 illu-

503 4285 753 4342 naturale
775 4285 1153 4349 substitutum,
1175 4282 1262 4339 cui
1287 4283 1681 4354 subsequenter
1701 4283 1724 4315 ⁸
1749 4281 2095 4339 distribuitur
2195 4282 2414 4348 minari,
2444 4297 2609 4352 quam
2637 4281 2842 4336 lumina
2869 4290 3006 4343 esse,
3039 4281 3304 4335 credenda
3329 4282 3482 4336 sunt!
3516 4280 3623 4338 Sed
3647 4283 3774 4338 huic

503 4381 778 4455 perfectae
799 4381 1103 4440 donationis
1123 4379 1585 4453 augmentum.Et
1610 4389 1668 4436 ut
1691 4381 1836 4436 scias
1853 4380 2092 4439 dationis
2195 4373 2440 4431 consulta
2491 4372 2702 4429 ratione
2749 4371 2906 4430 facile
2961 4387 3250 4442 possumus
3308 4374 3654 4443 respondere.
3706 4373 3775 4430 Et

501 4495 558 4541 et
577 4483 882 4540 donationis
901 4481 1396 4554 manifestissimam
1419 4479 1826 4549 discretionem,
1853 4480 2084 4548 intuere,
2115 4507 2168 4569 ι)

503 4585 651 4659 quod
681 4584 761 4640 ait
787 4602 801 4640 :
829 4583 1016 4642 Omnis
1033 4573 1184 4646 datio
1207 4584 1430 4656 aptium,
1461 4585 1564 4640 hoc
1587 4592 1691 4651 est,
1731 4582 1910 4640 omnis
1930 4599 2086 4640 crea-

505 4699 659 4745 turae
702 4688 1016 4745 subatitutio
1046 4687 1202 4744 valde
1245 4688 1425 4753 bona;
1467 4688 1608 4743 sicut
1649 4686 1914 4758 scriptum
1955 4696 2084 4744 est:

508 4810 528 4845 ς
563 4790 634 4849 Et
658 4791 794 4848 vidit
829 4790 1007 4854 Deus,
1035 4799 1092 4845 et
1115 4803 1246 4846 ecce
1272 4788 1453 4844 omnia
1490 4787 1630 4844 bona
1669 4788 1826 4844 valde
1861 4808 1909 4846 ι.
1936 4787 2085 4856 Quo-

501 4895 651 4950 niam
674 4908 802 4950 vero
823 4891 1021 4949 nullius
1035 4889 1345 4948 substitutio
1365 4888 1603 4962 perfecta
1619 4889 1707 4954 sit,
1724 4887 1829 4943 nisi
1849 4887 1918 4944 ad
1931 4886 2091 4944 Crea-

504 5004 679 5049 torem
708 5002 1074 5056 convertatur,
1107 4991 1353 5063 sequitur
1378 5007 1396 5044 ι
1420 4999 1468 5043 et
1511 5004 1664 5044 omne
1689 4990 1886 5051 donum
1915 4987 2088 5060 perfe-

2197 4466 2374 4538 primo
2409 4465 2628 4536 quidem
2651 4464 2975 4522 dicendum:
3007 4464 3053 4518 si
3088 4463 3251 4522 Pater
3284 4463 3550 4520 luminum
3587 4481 3687 4538 per
3711 4481 3773 4521 se

2193 4557 2371 4628 ipsum
2399 4556 2486 4609 lux
2515 4563 2618 4618 est,
2647 4569 2824 4627 neque
2849 4555 3000 4609 enim
3037 4552 3201 4609 Pater
3240 4553 3502 4610 luminum
3530 4564 3698 4621 esset,
3723 4555 3770 4612 si

2186 4647 2248 4702 in
2271 4661 2332 4703 se
2365 4646 2479 4716 ipso
2509 4646 2601 4702 lux
2638 4661 2746 4702 non
2771 4644 3112 4712 subsisteret,
3139 4643 3348 4714 omnia,
3375 4660 3515 4715 quae
3540 4645 3692 4712 fecit,
3714 4645 3770 4702 in

2192 4738 2457 4809 sapientia
2485 4753 2581 4794 sua
2610 4737 2757 4801 fecit,
2789 4750 2932 4808 quae
2961 4746 3017 4792 et
3040 4735 3158 4809 ipsa
3182 4735 3274 4791 lux
3311 4736 3477 4803 est",
3505 4737 3766 4808 quoniam

2171 4829 2564 4886 .coesseutialis
2606 4828 2757 4886 Patri
2804 4828 3070 4884 luminum
3113 4836 3198 4885 est
3240 4845 3255 4882 :
3302 4828 3564 4900 numquid
3611 4829 3771 4885 aliter

2193 4920 2610 4976 existimandum
2641 4919 2747 4975 nisi
2779 4928 2840 4974 ut
2871 4918 2915 4950 “
2941 4918 3124 4974 omnia
3147 4959 3163 4984 ,
3185 4930 3328 4990 quae
3369 4916 3534 4974 Pater
3578 4917 3669 4973 lux
3713 4935 3769 4974 tn

2188 5013 2474 5084 sapientia,
2495 5012 2834 5068 coessentiali
2859 5010 2964 5068 sibi
2987 5011 3108 5067 luce
3125 5010 3385 5077 condidit,
3413 5011 3612 5067 lumina
3635 5025 3768 5068 eon-

389 5103 404 5116 '
501 5107 664 5152 ctum.
689 5093 974 5152 Praecedit
992 5094 1174 5167 itaque
1185 5093 1392 5164 optima
1405 5087 2089 5156 naturaesubstitutio,cui

2191 5106 2302 5161 dita
2329 5106 2620 5169 credantur
2664 5113 2722 5160 et
2767 5102 3171 5176 intelligantur?
3211 5100 3376 5158 Pater
3415 5111 3596 5158 autem
3638 5118 3768 5158 suae

503 5199 572 5256 ad
600 5197 986 5272 perfectionem
1009 5197 1231 5254 additur
1254 5196 1324 5252 ad
1339 5192 1655 5252 Creatorem
1683 5194 1990 5250 conversio.
2021 5193 2091 5250 Et
2191 5198 2487 5270 sapientiae
2522 5197 2682 5253 Pater
2707 5205 2807 5252 est.
2848 5195 3012 5268 Igitur
3047 5195 3322 5262 omnium,
3373 5211 3514 5268 quae
3567 5197 3622 5251 in
3670 5210 3767 5252 sua

1780 5374 2034 5432 VAlilAE
2072 5371 2473 5434 LECTIONES.

579 5539 594 5568 ¹
625 5537 716 5591 Sic
764 5534 874 5589 AB.
948 5535 970 5566 ²
999 5532 1044 5588 Β
1072 5534 1124 5587 in
1163 5550 1226 5589 ea
1246 5531 1628 5588 uttirersaliter.
1714 5530 2176 5586 'Bverummmen.
2205 5529 2247 5583 C
2272 5539 2324 5581 ut
2355 5528 2709 5581 subsisterent.
2743 5542 2875 5582 rere.
2918 5526 3096 5580 etiam.
3185 5527 3207 5557 ⁸
3235 5525 3327 5581 ΑΒ
3356 5527 3768 5589 ιηηοηωηι,εἱο

507 5607 744 5677 ubique.
802 5606 822 5636 '
838 5606 875 5677 Β
891 5605 1261 5677 sitmultiplcm.
1338 5604 1361 5635 ⁸
1377 5603 1522 5659 Sic-At
1554 5603 1624 5677 Β.Δ
1702 5604 1720 5630 "
1741 5602 1781 5655 Β
1804 5602 2224 5677 donantnutmn.
2273 5599 2343 5677 _'
2364 5597 2873 5677 B'subsisteuterLB'
2897 5599 3348 5677 co.t;r.substil_nto.
3400 5595 3514 5677 Αἰ)
3540 5596 3582 5650 Β
3600 5597 3766 5677 inme?

506 5659 668 5736 and.
707 5676 784 5731 sic
833 5676 944 5732 fere
991 5659 1190 5742 ubique
1229 5675 1283 5728 in
1328 5686 1452 5729 ante
1493 5690 1565 5740 tu,
1604 5673 1624 5725 ι
1668 5689 1774 5727 non
1823 5669 2180 5743 adsi‘tnilatur.
2272 5669 2313 5699 "
2341 5683 2740 5743 (στρατίᾳ-θυι.
2774 5666 2834 5725 Β.
2955 5659 2996 5691 ³⁸
3020 5678 3204 5743 rtem.
3233 5668 3294 5724 ll.
3381 5666 3443 5743 ’ξ’
3469 5665 3760 5743 Bprocedit

510 5746 700 5801 lutnrn.
781 5747 824 5776 ⁸³
851 5748 895 5798 Α
932 5746 973 5799 Β
1015 5737 1382 5813 pull‘rt‘tudmis
1453 5737 1795 5814 sic'uliique.
1877 5744 1919 5771 ³³
1956 5742 1994 5795 Β
2022 5741 2254 5793 otuuittm
2304 5755 2494 5794 rerum.
2573 5737 2619 5768 ¹⁵
2656 5747 2728 5792 est
2751 5756 2860 5802 om.
2923 5743 2982 5801 Β.
3075 5738 3118 5770 ¹⁶
3156 5750 3208 5793 ut
3238 5754 3345 5796 om.
3380 5737 3440 5792 Β.
