4238 6070
321 221 425 282 ιεθ

1188 230 1413 289 SUPER
1448 224 1870 288 lERARCHIAM
1911 228 2322 288 CAELESTEM
2362 226 2421 284 S.
2462 226 2781 291 DlONYSll.

3492 237 3595 295 rso
3616 196 3619 199 ’

323 343 593 421 sapientia
615 339 772 408 fecit,
802 341 916 415 ipse
958 340 1120 402 Pater
1148 356 1268 398 esse
1297 358 1519 407 necesse
1546 332 1649 409 est,
1683 344 1894 425 scilicet
1922 349 1970 406 Α
2066 339 2772 412 Pulchre'igiturtbeologus
2793 339 2959 395 Deum
2977 338 3191 396 Patrem
3213 333 3478 399 luminum
3491 355 3590 412 pa-

326 431 567 491 Patrem.
595 432 753 501 Quod
782 434 944 488 etiam
974 434 1089 504 ipse
1125 434 1385 490 Dominus
1407 435 1686 490 evidenter
1711 436 1909 491 astruit

327 524 554 581 dicens:
593 542 614 576 ι
664 522 941 581 Confiteor
988 524 1082 583 tibi
1110 564 1128 591 ,
1183 525 1411 581 Domine
1463 524 1625 585 Pater
1670 525 1804 581 caeli
1851 533 1908 581 et

327 622 511 691 terrae
540 632 585 667 ι.
617 613 714 669 Bst
741 626 795 668 et
822 614 926 674 alia
955 616 1124 682 ratio,
1171 632 1311 687 quae
1357 616 1658 672 luculenter
1693 618 1903 683 edocet,

321 696 544 763 omnino
578 717 883 782 creaturam
928 706 1196 767 visibilem
1242 717 1297 773 et
1350 707 1675 769 invisibilem
1722 707 1941 765 lumen,

314 804 445 850 esse
489 795 768 858 conditum
813 812 845 851 a
894 796 1055 851 Patre
1101 796 1388 852 luminum.
1423 797 1481 854 Si
1509 798 1653 854 enim
1692 813 1907 855 summa

322 886 559 950 bonitas,
580 902 720 957 quae
741 886 885 942 Deus
901 896 1004 953 est,
1026 889 1229 956 omnia,
1245 904 1385 960 quae
1404 890 1596 954 voluit,
1619 899 1906 963 propterea

324 973 473 1037 fecit,
521 984 599 1040 ut,
649 976 905 1044 quoniam
936 991 1034 1046 per
1066 976 1297 1049 seipsam
1326 978 1612 1035 invisibilis
1648 990 1705 1035 et
1750 979 1902 1037 inac’

324 1067 591 1144 cessibilis
645 1065 734 1122 lux
765 1075 871 1133 est,
928 1082 1143 1124 omnem
1192 1083 1411 1124 sensum
1468 1077 1521 1125 et
1571 1069 1906 1127 intellectum

320 1172 616 1227 superans,
646 1172 741 1228 per
767 1172 852 1223 ea,
885 1172 1023 1229 quae
1069 1159 1138 1213 ab
1171 1158 1284 1229 ipsa
1311 1159 1327 1191 ⁸
1368 1158 1505 1214 facta
1549 1170 1694 1224 sunt,
1738 1161 1905 1217 veluti

316 1259 414 1319 per
432 1248 694 1316 quasdam
721 1247 1123 1304 lucubrationes
1138 1248 1159 1279 ²
1174 1248 1229 1303 in
1254 1249 1500 1304 notitiam
1526 1250 1907 1310 intellectualis.

319 1348 375 1394 et
399 1340 682 1405 rationalis
702 1349 988 1396 creaturae
1010 1342 1184 1411 possit
1205 1342 1553 1406 descendere,
1575 1346 1717 1413 quod
1739 1344 1904 1403 etiam

314 1426 602 1502 Apostolus
648 1431 874 1496 edocet,
921 1432 997 1485 ait
1039 1432 1183 1487 cnim
1225 1449 1239 1487 :
1296 1450 1321 1483 ι
1360 1432 1653 1489 invisibilia
1698 1433 1817 1502 ejus
1872 1447 1902 1490 a

321 1530 573 1575 creatura
603 1522 791 1578 mundi
814 1537 913 1591 per
945 1537 1031 1586 ea,
1079 1538 1223 1592 quae
1260 1523 1404 1579 facta
1447 1534 1604 1589 sunt,
1635 1524 1903 1582 intellecta

317 1613 728 1684 conspiciuntur
760 1634 779 1668 ι
818 1629 835 1666 :
867 1615 998 1684 quid
1026 1616 1244 1681 mirum,
1271 1615 1315 1671 si
1359 1632 1540 1684 omne,
1571 1615 1712 1688 quod
1757 1617 1907 1672 inac-

2004 439 2146 484 trem
2163 429 2414 499 appellat,
2434 430 2687 499 quoniam
2711 428 2911 506 abipso
2931 437 3058 484 sunt
3080 431 3362 496 omnia,.in
3381 431 3579 502 quibus

2008 528 2064 575 ct
2086 535 2181 588 per
2210 533 2348 589 quae
2361 519 2609 579 omnibus
2626 533 2691 581 se,
2707 518 3040 585 manifestat,
3061 529 3117 574 et
3133 521 3185 574 in
3201 521 3315 577 luce
3341 537 3470 576 suae
3494 535 3591 579 Sis

2007 613 2243 683 picntiae
2262 611 2479 666 luminis
2489 610 2792 668 conformis
2811 608 3031 665 uniflcat
3046 610 3261 667 etfacit.
3282 612 3474 667 Beatus
3489 627 3585 667 au—

2011 712 2116 756 tem
2136 701 2425 769 Dionysius
2435 702 2769 763 Athenarum
2787 701 3075 770 episcopus
3089 702 3155 757 de
3168 700 3384 756 caelesti
3409 703 3582 758 ierar-
3626 744 3633 751 .

1998 791 2147 856 cbia,
2165 792 2267 845 boc
2283 799 2385 856 est,
2416 791 2482 846 de
2500 790 2718 846 caelesti
2743 791 3054 860 episcopatu
3082 790 3584 859 supermundalium

2009 880 2361 946 virtutum,in
2372 881 2566 951 quibus
2594 880 2829 937 maxime
2850 889 2906 938 et
2952 880 3323 955 principaliter
3337 889 3457 952 post
3470 881 3585 951 pri-

1972 1046 1979 1055 ο
2006 973 2298 1030 mordiales
2317 987 2512 1041 causas
2540 983 2694 1043 pater
2720 972 2981 1029 luminum
3007 973 3132 1029 data
3158 988 3254 1028 sua
3279 974 3483 1044 optima
3524 984 3584 1040 et

2005 1063 2146 1119 dona
2177 1078 2273 1118 sua
2292 1062 2529 1132 perfecta
2549 1072 2605 1118 et
2629 1062 2952 1131 multiplicat
2976 1064 3028 1116 in
3054 1062 3347 1125 inﬁnitum,
3376 1063 3504 1118 etin
3526 1076 3588 1118 se

2007 1154 2180 1224 ipsum
2198 1162 2413 1223 revocat
2431 1153 2484 1208 in
2506 1169 2695 1218 unum,
2718 1153 2901 1208 volens
2924 1154 3162 1209 scribere
3179 1152 3421 1223 praefata
3437 1155 3587 1210 then-

2007 1243 2201 1315 logica,
2219 1236 2479 1298 tbeoriam
2494 1258 2649 1299 orsus
2661 1251 2763 1309 est,
2794 1258 2957 1312 quam
2982 1243 3378 1313 subsequenter
3396 1243 3553 1314 expia
3567 1273 3585 1283 -

1981 1406 1987 1411 _
2002 1343 2121 1400 ttat,
2146 1334 2368 1388 dicens:
2394 1331 2500 1388 Sed
2520 1346 2568 1387 et
2595 1333 2763 1388 anulis
2792 1330 2953 1397 Patre
2980 1346 3119 1395 moto
3146 1334 3587 1404 nmm'feslatianis

2003 1417 2262 1489 luminum
2288 1424 2572 1494 pracessio,
2611 1424 2666 1479 in
2694 1440 2791 1479 nos
2812 1425 3002 1495 optime
3018 1424 3240 1495 aclarge
3259 1427 3587 1494 proveniant.

2005 1520 2261 1577 iterarunt
2287 1518 2485 1586 uni/ica
2506 1518 2667 1572 virtus
2697 1534 2792 1572 nos
2822 1516 3002 1588 replet,
3032 1530 3078 1572 et
3095 1518 3345 1573 convertit
3368 1518 3437 1571 ad
3459 1534 3575 1572 con~

1958 1643 1963 1648 η
2006 1610 2266 1680 gregantis
2284 1605 2464 1663 Patris
2484 1609 2525 1640 “
2556 1605 2808 1664 unitatem
2836 1620 2882 1664 et
2913 1610 3154 1680 dei/iram
3175 1611 3605 1682 simplicitatem.

322 1703 630 1760 cossibilem
678 1702 850 1759 lucem
899 1705 1130 1773 quodam
1181 1706 1341 1761 modo
1371 1707 1416 1782 ξ,
1458 1717 1520 1763 ιιι
1566 1706 1902 1767 accessibitis
1930 1717 1976 1779 Β
2002 1688 2266 1770 Quoniam
2296 1702 2513 1757 beatum
2546 1700 2805 1758 Jacobum
2841 1703 2907 1759 de
2937 1705 3281 1774 processione
3322 1713 3373 1760 et
3404 1702 3584 1757 multi-

287 1793 407 1860 .sit,
434 1795 588 1865 puris
616 1795 982 1852 intellectibus
1010 1782 1340 1863 introducit,
1373 1797 1554 1866 lumen
1585 1798 1899 1861 iilominans

312 1885 548 1948 animos,
566 1886 694 1942 etin
716 1887 1077 1958 cognitionem
1099 1887 1375 1946 Creatoris
1397 1889 1477 1942 sui
1502 1903 1594 1944 eos
1616 1903 1897 1954 revocans,

310 1974 457 2037 nulla
490 1975 702 2031 ratione
720 1977 967 2038 obstante
983 1977 1348 2050 intelligatur?
1379 1979 1537 2035 Verbi
1559 1980 1757 2049 gratia.
1788 1976 1902 2034 exe

313 2065 521 2123 intimis
537 2074 764 2123 naturae
784 2068 1065 2134 ordinibus
1084 2069 1397 2140 paradigma
1420 2084 1717 2126 sumamus.
1741 2069 1903 2140 Lapis

314 2156 420 2214 iste
453 2158 531 2213 vel
554 2160 658 2214 hoc
682 2158 893 2230 lignum
923 2160 1055 2215 mihi
1076 2160 1098 2192 ⁸
1127 2160 1308 2215 lumen
1332 2169 1457 2224 est;
1486 2169 1542 2214 et
1576 2159 1620 2214 si
1661 2159 1901 2230 quaeris,

312 2250 612 2320 quomodo,
637 2251 778 2307 ratio
824 2265 914 2306 me
950 2252 1207 2308 admonet
1231 2250 1272 2316 ⁸,
1309 2260 1366 2305 ιιι
1400 2249 1492 2305 tibi
1524 2252 1898 2320 respondeam,

316 2337 463 2395 hunc
500 2338 609 2394 vel
640 2340 789 2396 hunc
835 2339 1071 2413 lapidem
1112 2340 1525 2397 consideranti"
1558 2340 1725 2396 multa
1768 2339 1904 2399 mibi

318 2415 652 2495 occurrunt,
690 2444 840 2501 \qoae
882 2430 1122 2486 animum
1159 2445 1340 2487 meum
1387 2429 1712 2485 illuminant.
1764 2430 1903 2486 Eum

318 2519 519 2593 quippe
545 2522 918 2578 animadverto
942 2523 1237 2579 subsistere
1261 2525 1466 2579 bonum
1499 2533 1553 2578 et
1592 2522 1901 2595 pulchrum,

312 2615 615 2673 secundum
634 2618 905 2691 propriam
923 2616 1224 2688 analogiam
1241 2632 1383 2683 esse,
1402 2632 1601 2690 genere
1618 2615 1907 2689 specieque

317 2717 417 2774 per
455 2703 815 2760 dill'erentiam
845 2721 877 2761 a
903 2707 1102 2773 ceteris
1130 2722 1315 2764 rerum
1345 2708 1637 2779 generibus
1674 2716 1732 2763 et
1774 2721 1903 2779 spe-

314 2796 502 2852 ciebus
525 2797 823 2869 segregari,
845 2812 1071 2854 numero
1093 2812 1216 2865 suo,
1239 2814 1347 2883 quo
1374 2795 1536 2856 ultum
1560 2796 1762 2868 aliquid
1784 2797 1901 2865 lit',
1928 2836 1933 2839 ν

315 2888 609 2954 contineri,
638 2889 882 2946 ordinem
917 2905 1074 2946 suum
1098 2906 1205 2946 non
1234 2893 1517 2955 excedere.
1534 2891 1711 2949 locum
1742 2906 1901 2949 suum

306 2978 462 3050 juxta
478 2979 562 3034 sui
585 2980 838 3061 ponderis
863 2981 1177 3052 qualitatem
1202 2992 1408 3053 petere.
1434 2982 1578 3040 llaec
1598 2983 1900 3056 horumque

2002 1793 2295 1865 plicatione
2336 1792 2641 1849 divinorum
2671 1794 2934 1849 luminum
2963 1809 3060 1865 per
3093 1795 3217 1851 data
3270 1806 3499 1851 naturae
3527 1807 3582 1850 et

2001 1885 2142 1943 dona
2170 1882 2378 1955 gratiae
2409 1883 2745 1941 solummodo
2779 1885 2999 1941 videbat
3018 1885 3239 1952 dixisse,
3270 1886 3339 1940 de
3366 1888 3565 1951 aduna-

2003 1976 2151 2030 tione
2182 1989 2309 2033 vero
2334 1990 2544 2040 eorum,
2604 1975 2767 2048 inque
2815 1975 3019 2034 fantem
3045 1970 3588 2035 suum'restitutione

1944 2077 1948 2081 ι
2002 2056 2243 2125 siluisse,
2271 2059 2470 2115 merito
2517 2061 2656 2117 banc
2700 2062 3029 2117 sententiam
3083 2062 3382 2119 subnectit.
3419 2065 3492 2117 Ae
3536 2066 3584 2120 si
3662 2100 3667 2107 ι

2003 2144 2214 2207 diceret
2245 2166 2262 2207 :
2294 2151 2421 2211 Non.
2443 2154 2619 2209 solum
2647 2154 2771 2209 data
2798 2164 2855 2210 et
2884 2156 3028 2210 dona
3052 2156 3262 2219 divina,
3295 2172 3436 2225 quae
3462 2171 3586 2228 post

2000 2244 2274 2314 angelieas
2317 2245 2653 2302 substantias
2700 2248 2755 2302 in
2785 2247 3041 2303 humanis
3094 2249 3369 2303 tuentibus
3406 2250 3587 2317 adhuc

1967 2334 1975 2399 ί
2003 2336 2216 2392 mortali
2239 2352 2405 2393 carne
2426 2339 2662 2408 gravatis
2682 2342 2919 2399 maxime
2952 2341 3111 2408 fiunt,
3140 2341 3431 2398 desursum
3457 2354 3587 2398 sunt

2002 2443 2035 2483 a
2058 2438 2215 2499 patre
2242 2430 2512 2487 luminum
2535 2432 2951 2498 descendentia.
2981 2451 3174 2491 verum
3203 2436 3368 2491 etiam
3402 2437 3590 2492 omnis

2001 2518 2279 2586 processio
2308 2519 2528 2575 divinae
2562 2522 3006 2586 illuminat-iouis.
3039 2540 3177 2595 quae
3203 2519 3589 2597 inelfabili‘pac

2001 2616 2157 2683 terno
2181 2617 2330 2664 motu
2358 2610 2411 2665 in
2442 2626 2543 2665 nos
2563 2613 2943 2683 copiosissime
2964 2624 3020 2669 et
3049 2616 3428 2685 multipliciter
3451 2632 3580 2686 pros

2001 2702 2171 2765 venit,
2208 2701 2409 2758 iterum
2444 2704 2560 2771 ipsa
2599 2718 2991 2789 congruenter,
3013 2707 3147 2763 dum
3182 2710 3255 2764 sit
3280 2709 3457 2767 virtus
3487 2727 3586 2766 nos

2001 2795 2272 2849 uniilcans
2302 2809 2467 2867 atque
2495 2797 2820 2865 restituens,
2847 2816 2944 2855 sua
2972 2802 3359 2880 gratiaintplet
3378 2814 3433 2857 et
3453 2820 3586 2859 con-

2001 2887 2163 2941 vertit
2191 2887 2259 2942 ad
2291 2888 2470 2958 ipsum
2513 2891 2750 2957 Patrem,
2795 2895 2890 2961 qui
2918 2894 2985 2947 ad
3018 2909 3079 2948 se
3105 2909 3417 2965 congregat,
3446 2912 3586 2965 quae

1998 2996 2033 3037 a
2060 2997 2120 3037 se
2156 2984 2484 3052 procedunt,
2510 2994 2567 3040 et
2593 2986 2649 3039 in
2677 3001 2738 3040 se
2769 2986 2997 3040 nniiieat
3024 2986 3261 3047 diversa.
3284 2999 3338 3040 et
3370 2987 3584 3043 deiﬁcat

242 3130 247 3135 _
313 3070 508 3127 similia
532 3072 662 3128 dum
699 3072 755 3127 in
797 3073 900 3129 hoc
928 3073 1104 3144 lapide
1132 3089 1320 3140 cerno,
1349 3073 1553 3131 lumina
1583 3075 1712 3131 mihi
1734 3074 1891 3139 fiunt,
1925 3074 1968 3134 C
1998 3074 2107 3130 sibi
2129 3076 2454 3139 conformis,
2477 3084 2534 3131 et
2554 3076 2828 3145 simplicat
2854 3079 2897 3110 "
2923 3078 3086 3132 veluti
3122 3078 3175 3131 in
3201 3075 3462 3130 infinitam
3486 3092 3589 3130 nu-

316 3162 420 3219 hoc
443 3169 551 3228 est,
578 3178 667 3217 me
692 3162 1014 3220 illuminant.
1045 3165 1295 3237 Cogitare
1329 3166 1471 3221 enim
1515 3166 1736 3236 incipio,
1761 3167 1902 3222 unde

312 3249 365 3308 ei
395 3251 524 3307 talia
554 3260 701 3317 sunt,
735 3265 791 3308 et
815 3252 1053 3321 intueor,
1073 3257 1216 3324 quod
1240 3255 1442 3312 nullius
1483 3267 1768 3313 creaturae
1788 3256 1903 3311 sive

310 3344 544 3411 visibilis
560 3345 676 3400 sive
695 3346 987 3403 invisibilis
1000 3349 1420 3420 participatione
1433 3351 1754 3407 naturaliter
1764 3352 1903 3407 haec

232 3451 238 3453 ’
308 3434 364 3495 ei
383 3436 589 3501 insunt,
603 3451 669 3493 ac
687 3453 811 3494 mox
837 3440 1048 3496 ratione
1069 3441 1208 3499 duce
1226 3456 1389 3520 super
1407 3434 1662 3501 omniain
1680 3458 1900 3500 causam

310 3527 555 3584 omnium
581 3529 915 3600 introducor,
930 3547 996 3588 ex
1013 3549 1117 3604 qua
1130 3531 1381 3590 omnibus
1395 3534 1545 3590 locus
1557 3543 1613 3592 et
1630 3537 1786 3602 ordo,
1804 3552 1904 3590 nu-

518 3629 573 3673 et
596 3623 804 3690 species
829 3638 1121 3694 genusque,
1150 3624 1364 3681 bonitas
1378 3633 1436 3681 et
1457 3625 1917 3696 pulchritudo'et

314 3710 583 3778 essentia,
613 3722 903 3787 ceteraque
946 3715 1074 3771 data
1102 3725 1158 3779 et
1196 3716 1336 3772 dona
1365 3715 1779 3772 distribuuntur.
1814 3717 1905 3774 Si-

311 3802 517 3861 militer
543 3806 610 3862 de
635 3809 781 3862 omni
812 3817 1082 3874 creatura,
1107 3824 1136 3863 a
1163 3809 1445 3875 summo,"
1469 3820 1641 3880 usque
1661 3811 1729 3865 ad
1752 3810 1904 3864 deor-

312 3909 466 3960 sum.
505 3895 608 3952 hoc
646 3907 751 3965 est,
781 3900 851 3954 ab
878 3899 1229 3956 intellectuali
1268 3916 1437 3971 usque
1469 3900 1536 3956 ad
1579 3916 1797 3973 corpus,
1831 3901 1923 3958 ad.

310 3984 525 4045 laudem
558 3987 832 4047 Creatoris
869 3992 1230 4053 referentibus
1265 4006 1386 4047 eam
1431 3999 1485 4047 et
1533 4007 1593 4048 se
1634 3995 1814 4065 ipsos,
1845 4001 1902 4047 et

312 4075 485 4134 Deum
529 4093 686 4135 suum
728 4082 967 4137 studiose
994 4083 1400 4152 quaerentibus,
1433 4090 1489 4138 et
1526 4082 1580 4137 in
1621 4083 1897 4146 omnibus,

312 4183 452 4237 quae
483 4180 630 4237 sunt,
657 4187 780 4229 eum
809 4173 1054 4229 invenire
1078 4174 1411 4239 ardentibus,
1434 4182 1491 4231 et
1513 4189 1678 4247 super
1692 4176 1894 4240 omnia,

312 4273 454 4329 quae
480 4271 627 4325 sunt,
653 4278 776 4318 eum
808 4264 1027 4319 laudare
1054 4265 1399 4336 diligentibus
1419 4266 1509 4321 ius
1535 4267 1898 4326 introductiva

308 4364 423 4421 est,
449 4357 565 4411 suis
592 4358 891 4414 rationibus
919 4361 1275 4416 consideratis
1294 4400 1311 4427 ,
1340 4361 1650 4432 liquidoque
1699 4363 1900 4418 mentis

1998 3170 2371 3224 merositatem
2429 3170 2818 3240 multiplicata.
2859 3170 2977 3236 Oua
3038 3169 3081 3200 ⁸⁸
3140 3178 3321 3222 autem
3374 3169 3584 3224 ratione

2000 3262 2421 3331 πατροκίνητος,
2449 3262 2504 3317 id
2528 3272 2632 3328 est,
2653 3275 2809 3333 pater
2826 3273 3006 3318 motus
3031 3278 3059 3316 a
3091 3259 3316 3316 Graecis
3343 3256 3580 3321 dicatur,
3665 3264 3671 3269 '

2001 3367 2115 3409 non
2139 3352 2441 3425 incongrue
2460 3359 2765 3425 quaeritur.
2786 3355 3075 3422 Quomodo
3094 3354 3255 3410 enim
3268 3353 3398 3408 imm
3408 3351 3556 3405 utabi
3565 3382 3584 3391 -

2001 3444 2075 3502 lis
2112 3457 2385 3513 movetur,
2404 3449 2491 3504 vel
2516 3465 2550 3506 a
2576 3464 2687 3520 quo
2706 3458 2979 3515 movetur,
3000 3445 3084 3505 vel
3114 3448 3169 3504 in
3199 3446 3331 3518 quid
3365 3445 3408 3477 “
3434 3456 3487 3499 et
3515 3449 3581 3500 ad
3649 3470 3653 3473 -

2001 3539 2138 3609 quid
2155 3552 2430 3605 movetur.
2459 3557 2570 3598 non
2588 3542 2935 3600 infructuose
2950 3559 2979 3597 a
2994 3539 3341 3612 sapientibus
3359 3537 3586 3594 investi-

2002 3638 2181 3703 gatur.
2208 3631 2387 3688 Movet
2417 3633 2585 3703 igitur
2611 3634 2854 3701 seipsum
2880 3648 2991 3688 non
3018 3632 3284 3696 localiter,
3314 3644 3424 3685 non
3445 3636 3585 3684 tem-

1969 3715 1974 3720 ’
1998 3725 2289 3796 poraliter,
2303 3724 2401 3781 sed
2422 3725 2464 3758 °
2484 3726 3029 3809 superessentialitcr
3049 3723 3349 3796 superloca
3369 3732 3424 3779 et
3446 3733 3584 3776 tem-

2000 3828 2137 3888 pora
2162 3826 2414 3875 movetur
2437 3831 2467 3870 a
2498 3818 2701 3886 seipse.
2730 3815 2892 3872 Nulla
2922 3816 3193 3885 siquidem
3223 3830 3387 3871 cattSa
3419 3829 3580 3884 prae-

2000 3900 2167 3964 cedit,
2194 3912 2336 3971 quae
2374 3898 2549 3973 ipsum
2591 3908 2826 3964 moveat,
2850 3913 2974 3954 cum
3019 3897 3091 3953 sit
3109 3897 3225 3971 ipse
3250 3896 3423 3969 prima
3454 3912 3589 3952 una-

1999 4006 2107 4062 que
2131 4006 2297 4047 causa
2310 3990 2554 4049 omnium
2578 3998 2845 4046 motuum.
2872 3989 2993 4061 Ipse
3010 3997 3093 4069 est
3114 3999 3292 4047 motus
3313 3998 3368 4043 et
3388 3998 3587 4047 status.

1999 4096 2182 4142 motus
2205 4085 2416 4142 stabilis
2439 4093 2494 4140 et
2528 4092 2703 4140 status
2738 4083 2972 4140 mobilis.
2990 4082 3108 4155 Quo
3125 4091 3468 4154 argumento,
3499 4084 3586 4137 die

2000 4195 2226 4251 quaeso,
2271 4179 2538 4251 approbas
2588 4177 2922 4234 immobilem
2970 4176 3184 4232 Patrem
3217 4173 3457 4232 moveri?
3508 4174 3585 4230 Ex

1964 4270 1965 4273 “
1999 4272 2222 4327 nomine
2249 4260 2624 4343 argutiientor.
2653 4269 2711 4325 Si
2762 4271 2982 4340 quaeris
3020 4284 3215 4326 nomen
3247 4268 3399 4332 illud,
3432 4267 3580 4320 audi.

1998 4359 2057 4416 lu
2086 4372 2313 4431 utraque
2341 4361 2545 4429 lingua,
2575 4374 2771 4431 graeca
2804 4359 3053 4416 videlicet
3079 4359 3371 4428 latiusque,
3422 4355 3587 4413 Pater

310 4446 553 4501 contuitu
586 4450 906 4520 perspicuis.
936 4449 1074 4506 illnc
1095 4460 1194 4513 est.
1214 4453 1363 4521 quod
1389 4451 1709 4508 universalis
1728 4454 1892 4539 liuius
1922 4448 1971 4509 υ
1998 4461 2253 4519 vocatur;
2273 4461 2327 4505 et
2348 4465 2541 4527 graece
2554 4452 2768 4520 quidem
2792 4453 3133 4524 componitur
3147 4455 3337 4527 πατήρ,
3355 4452 3455 4505 hoc
3475 4462 3590 4506 eat.

310 4536 499 4591 mundi
512 4535 718 4593 fabrica
740 4540 1229 4597 tnaximumlumen
1252 4542 1332 4607 fit,
1356 4556 1422 4597 ex
1445 4542 1629 4598 multis
1647 4535 1895 4614 partibus

304 4624 477 4691 veluti
503 4644 570 4683 ex
603 4631 785 4697 multis
815 4630 1052 4688 lucernis
1086 4643 1453 4706 compactum,
1483 4632 1550 4691 ad
1582 4635 1893 4709 intelligibi-

309 4713 442 4774 lium
468 4734 653 4775 rerum
686 4737 850 4791 puras
879 4725 1089 4795 species
1116 4725 1432 4782 revelandas
1461 4734 1517 4782 et
1555 4730 1891 4784 contuendas

308 4806 509 4863 utentis
546 4811 692 4876 acie,
734 4811 916 4881 divina
953 4815 1126 4885 gratia
1160 4825 1216 4871 et
1263 4817 1488 4873 rationis
1515 4832 1616 4889 ope
1645 4819 1697 4873 in
1726 4820 1891 4876 corde

308 4897 549 4959 Metium
574 4902 878 4975 sapientum
911 4907 1354 4977 cooperantibus.

1998 4547 2169 4602 πάντα
2191 4551 2359 4616 τηρῶν
2383 4543 2446 4608 ⁸⁸,
2472 4543 2648 4608 idest,
2679 4543 2860 4614 omnia
2889 4557 3130 4599 servans.
3163 4540 3279 4597 Non
3314 4542 3364 4595 ‘7.
3385 4541 3480 4595 tibi
3505 4541 3581 4593 vi-

2000 4635 2161 4689 detur
2212 4646 2358 4688 recte
2387 4630 2610 4693 moveri,
2671 4643 2729 4688 ut
2756 4634 3026 4691 custodiat
3050 4632 3252 4693 omnia,
3277 4631 3369 4702 qui
3398 4641 3583 4686 servat

1998 4732 2054 4779 et
2082 4716 2253 4779 salvat
2277 4722 2478 4784 omnia,
2535 4737 2676 4792 quae
2722 4723 2777 4776 itt
2807 4723 3082 4794 unigenito
3108 4735 3206 4777 suo
3252 4720 3412 4774 fecit?
3438 4720 3575 4775 Audi

1996 4815 2160 4872 etiam
2194 4814 2322 4869 illud
2346 4832 2361 4870 :
2394 4814 2553 4870 Pater
2579 4824 2634 4869 et
2661 4813 2803 4869 Deus
2831 4822 3072 4880 Vocatur,
3100 4814 3203 4869 boc
3219 4822 3321 4878 est,
3357 4812 3481 4874 Θεός
3512 4811 3579 4875 ⁵⁸,

1996 4920 2245 4970 currens,
2295 4918 2493 4961 nomen
2541 4921 2572 4958 a
2606 4904 2769 4959 verbo
2818 4903 3004 4972 diu”,
3050 4907 3196 4975 quod
3224 4900 3364 4958 idem
3394 4915 3577 4964 curro,

1585 5112 1788 5168 VARIA
1799 5114 1839 5167 Ε
1877 5112 2278 5213 LECTIONFS.

384 5263 403 5299 ⁸
423 5265 566 5338 Aea.
595 5237 731 5338 ’,ΔΒΑ
763 5266 1177 5338 tugubrattoues.
1254 5266 1275 5300 ³
1302 5267 1343 5320 Α
1368 5267 1774 5336 quodammodo.
1852 5268 1873 5299 ⁵
1901 5269 1941 5322 Β
1966 5279 2018 5322 ut
2037 5275 2100 5324 ab
2125 5281 2189 5338 e_.r
2218 5268 2425 5335 (punct.
2456 5267 2676 5327 indicat.
2708 5282 2775 5321 ea:
2792 5269 3079 5321 delendum
3106 5264 3268 5338 esse).
3298 5336 3302 5338 Α
3346 5266 3367 5297 ⁸
3392 5267 3572 5329 michi,

287 5330 393 5407 .sic
409 5334 635 5407 ubique.
710 5331 753 5407 ξ-
765 5332 850 5387 AB
885 5345 1175 5407 ammonet,
1201 5338 1279 5391 sic
1301 5330 1518 5407 ubique.

308 5400 552 5457 altritudo
582 5416 691 5455 om.
715 5400 778 5455 Β.
882 5402 926 5433 ¹⁶
956 5402 997 5455 Β
1018 5422 1246 5460 assumo.

306 5474 491 5529 adscr.
540 5469 618 5525 De
643 5481 789 5525 motu
817 5474 1001 5538 patris.

312 5557 389 5604 αι
407 5552 743 5613 pantateron.

318 5619 387 5692 (Β
405 5621 527 5693 ἀει)
554 5627 589 5667 α
616 5624 788 5668 veroo.

759 5705 1031 5767 Partica.
1077 5706 1334 5769 CXXII.

1111 5475 1155 5507 ⁸⁷⁵
1192 5475 1283 5532 Sic
1322 5477 1427 5540 BC,
1457 5481 1501 5531 Δ
1552 5476 1735 5545 inquit.

1603 5338 1621 5369 "
1654 5338 1813 5417 (Sorr.
1946 5339 2033 5391 All
2082 5340 2453 5417 consideraisr

1321 5405 1617 5461 '“Vl'atris
1646 5423 1753 5461 om.
1790 5408 1897 5465 AB.
1941 5423 2108 5477 marg.
2144 5410 2320 5463 adscr.
2366 5406 2453 5459 8"
2542 5409 2570 5438 ιλ

1322 5477 1427 5533 BC.
1457 5481 1501 5531 Δ
1552 5476 1735 5533 inquit.
1821 5478 1865 5507 ι’
1902 5477 1946 5529 Β
1982 5488 2077 5533 set.
2100 5481 2179 5533 sic
2214 5477 2326 5530 fere
2373 5478 2570 5533 ubique

849 5493 1001 5527 atris.
1112 5493 1155 5507 ι’
1193 5493 1283 5532 me
1325 5493 1427 5540 m3,
1457 5493 1501 5531 Α
1552 5493 1735 5545 mquu.
1821 5493 1864 5507 --
1902 5493 1946 5529 ι)
1982 5493 2179 5541 δίωκε
2214 5493 2326 5530 tere
2373 5493 2589 5546 unique.

849 5541 892 5575 "
927 5542 1017 5598 AC
1044 5542 1209 5599 Nam.
1286 5548 1330 5578 ⁸⁸
1373 5547 1431 5600 Β·
1483 5561 1654 5616 marg.
1685 5546 1864 5601 adscr.
1907 5545 2071 5601 tlteos.
2171 5548 2214 5579 ι’
2255 5546 2344 5602 Sic
2371 5546 2476 5603 CB'
2530 5546 2589 5614 (Β

2529 5338 2552 5369 ⁸
2576 5339 2616 5390 Β
2636 5339 2722 5391 sit.
2819 5338 2840 5368 '
2864 5353 2929 5390 ea:
2958 5352 3060 5402 qua
3100 5335 3339 5389 omnibus
3366 5365 3436 5375 -—
3460 5339 3576 5403 pul-

2542 5408 2583 5438 ”
2624 5407 2711 5461 AC
2764 5406 3080 5475 simpli/icat.
3205 5405 3247 5436 ⁸³
3289 5404 3347 5456 B‘
3400 5419 3571 5469 marg.

2692 5477 2734 5508 "
2775 5477 2835 5529 ll‘
2886 5490 3053 5543 marg.
3084 5479 3259 5528 adscr.
3288 5476 3445 5541 patir.
3480 5476 3574 5525 hoc

2171 5548 2214 5579 ι’
2255 5546 2344 5602 Sic
2371 5545 2494 5603 CB"
2530 5546 2616 5614 (B'
2647 5551 2760 5603 Utro
2798 5561 2895 5622 pro
2923 5547 3072 5607 diu):
3133 5545 3220 5599 ΑΒ
3257 5560 3437 5617 nomen
3480 5545 3572 5597 diu

3147 5710 3184 5770 5
