4238 6070
403 260 503 321 157

1238 257 1473 316 suras
1514 254 1945 313 lERABCltlAM
1975 208 2393 311 etcassum
2435 254 2497 309 s.
2533 251 2852 311 DlONYSIt.

3603 266 3707 325 158

398 389 460 425 ρει
504 369 853 439 sensiltiliims
902 368 1115 435 formis,
1154 370 1273 424 sive
1323 369 1609 427 absolutis.
1667 370 1995 437 modumque
2026 375 2071 430 Α
2100 382 2252 421 coras
2300 366 2678 436 similitudines
2717 366 3030 422 mirabiliter
3072 368 3355 424 descendit.
3409 371 3489 426 Ne
3533 374 3701 439 illud.

401 474 627 520 naturae
696 479 802 519 non
878 463 1296 525 cxi-edentibus,
1359 462 1475 518 sive
1534 460 1819 522 confusis.
1879 460 1994 515 sive

398 555 708 626 superﬂuis,
768 565 825 609 ut
873 554 1126 626 superius
1175 554 1379 611 dictum
1433 563 1540 617 est,
1591 550 1992 615 circumscribi,

397 650 649 723 similiter
670 659 734 723 et
772 664 887 716 eos,
920 650 1015 720 qui
1046 649 1310 723 imagines
1334 650 1553 721 quidem
1598 646 1995 722 signiticatiras

394 717 520 796 esse
547 720 837 812 recipiunt,
881 717 1184 814 angelicae
1210 753 1392 797 tamen
1441 750 1496 797 et
1541 739 1997 810 superetttinentis

395 828 919 904 naturaedignitate
938 834 1188 906 indignas
1210 834 1567 897 arbitrantur,
1590 831 1869 895 deridens,
1894 844 1996 885 nec

399 942 515 985 non
536 941 594 981 et
616 939 734 991 eos,
763 924 859 995 qui
891 923 1260 996 spiritualium
1305 924 1760 997 imaginationum
1802 936 1997 979 causas

402 1030 591 1088 turpes
619 1026 678 1072 et
702 1014 1111 1073 irrationabiles
1156 1024 1475 1095 autumant,
1501 1012 1766 1070 refutans.
1795 1012 1862 1069 Et
1894 1014 1995 1071 hoc

396 1118 481 1163 est
502 1108 752 1179 quodait
782 1125 798 1164 :
824 1109 902 1165 Et
931 1124 1075 1173 nunc
1125 1110 1328 1179 itaque.
1355 1108 1469 1180 jam
1501 1108 1775 1174 videlicet,
1817 1108 1995 1163 ωιιεί-

344 1258 355 1263 -
398 1202 584 1259 derata
626 1202 861 1260 veritate
900 1203 1191 1275 divinaque
1241 1203 1511 1274 sapientia
1564 1201 1837 1266 consulta,
1886 1216 1994 1259 non

398 1295 633 1366 replent,
685 1305 746 1351 ut
795 1295 1116 1367 insipientes
1161 1296 1480 1351 existimant
1533 1296 1576 1361 ⁸,
1627 1292 1997 1351 materialibus

396 1402 592 1445 sacrae
611 1389 1027 1462 descriptiones,
1052 1400 1276 1448 sanctae
1296 1390 1505 1469 scilicet
1544 1391 1986 1469 imaginationes,

396 1489 713 1537 sanctorum
765 1480 1105 1551 eloquiorum
1154 1483 1418 1539 caelestes
1444 1468 1691 1551 ornatus,
1741 1468 1870 1539 dum
1901 1499 1997 1539 eos

354 1569 755 1627 edissimilibus
775 1571 877 1646 sibi
908 1572 1099 1628 formis
1128 1574 1497 1640 manifestam,
1524 1589 1580 1630 et
1624 1590 1724 1650 per
1747 1591 1862 1636 cas,
1885 1576 1996 1631 dis-

394 1660 604 1718 similes
632 1662 880 1720 videlicet
903 1666 929 1698 ⁸
974 1663 1198 1730 formas,
1250 1682 1416 1738 super
1439 1682 1631 1722 omnes
1680 1666 1842 1723 simul
1873 1682 1993 1723 ma-

398 1752 617 1809 teriales
633 1756 847 1828 species
867 1758 1365 1829 Superntundalium
1389 1759 1647 1815 virtutum
1678 1759 1996 1816 altitudines

395 1844 709 1901 ostendunt.
736 1845 849 1902 llac
877 1855 1059 1904 autem
1084 1850 1457 1906 controversia
1482 1849 1657 1918 ﬁnita,
1684 1851 1752 1905 ad
1784 1849 1998 1908 laudem

397 1933 742 1992 dissimilium
782 1938 1198 2012 similitudinum
1255 1941 1527 1997 convertit
1578 1955 1898 1999 sermonem
1941 1951 1998 2000 et

300 2062 306 2068 -
399 2028 478 2082 ait
506 2044 521 2082 :
548 2026 690 2095 Quia
716 2046 843 2085 ’t'ero
870 2040 921 2087 et
966 2042 1207 2087 nostrum
1252 2033 1488 2088 animum
1539 2034 1796 2090 reducunt
1832 2036 2013 2107 magis

400 2116 703 2183 dissimiles,
734 2119 885 2176 velut
909 2121 1310 2193 signiﬁcantius
1351 2108 1680 2183 transfertur
1708 2127 2000 2195 obscurae,

397 2210 768 2269 similitudines
793 2213 837 2281 ³,
883 2231 990 2271 non
1036 2217 1256 2271 aestimo
1300 2232 1615 2291 quemquam
1641 2218 1771 2274 bene
1794 2221 2004 2290 sapien-

403 2316 516 2356 tum
554 2304 931 2361 contradicere.
977 2305 1096 2363 Non
1150 2308 1410 2373 arbitror,
1452 2308 1648 2378 inquit,
1702 2310 1871 2366 ullum
1911 2324 2004 2367 eo-

404 2411 524 2452 tnm
580 2400 624 2462 ⁵,
672 2397 768 2467 qui
810 2400 1049 2471 sapiunt,
1096 2402 1536 2459 contradicere.’
1590 2403 1725 2459 mihi
1774 2404 1998 2470 dicenti,

394 2487 690 2549 dissimiles
710 2490 794 2546 vel
821 2492 1088 2550 obscuras
1134 2493 1158 2525 ⁸
1204 2494 1589 2552 similitudines
1616 2496 1792 2568 magis
1837 2511 2003 2567 quam

399 2577 609 2637 similes
627 2590 684 2638 et
711 2593 933 2655 apertas
960 2586 1203 2641 animum
1246 2598 1494 2643 nostrum
1523 2588 1786 2645 reducere
1814 2588 1872 2645 in
1896 2604 2002 2647 .ve-

397 2688 515 2728 ram
563 2673 880 2732 caelestium
930 2678 1193 2733 virtutum
1242 2680 1777 2751 contemplationem.
1836 2674 1995 2753 Quod

388 2764 561 2838 etiam
586 2768 797 2823 ratiune
820 2770 1062 2835 subnexa
1087 2771 1282 2827 suadet
1302 2774 1524 2828 dicens:
1547 2774 1615 2828 In
1635 2776 1846 2846 quidem
1862 2777 2002 2830 enim

306 2933 325 2937 ᾗ
396 2857 794 2927 pretiosioribus
850 2864 1019 2918 sacris
1092 2864 1498 2934 formationibus
1556 2883 1877 2942 consequens
1926 2876 2004 2923 est

296 3008 303 3011 ἓ
402 2949 584 3004 seduci
602 2950 921 3022 aurlformes
935 2955 1195 3023 quasdam
1221 2958 1593 3013 aestimantes'
1619 2974 1730 3015 esse
1756 2959 2004 3016 caelestes

399 3041 676 3107 essentias,
702 3052 752 3096 et
778 3045 1041 3119 quosdam
1079 3047 1217 3102 viros
1252 3046 1546 3119 fulgureos,
1573 3049 1766 3105 decora
1789 3051 2002 3106 indutos

397 3132 722 3197 vestimenta,
742 3118 967 3191 candide
985 3146 1035 3190 et
1081 3138 1229 3207 ignee
1250 3139 1574 3211 innocueque
1598 3142 1998 3213 resplendentes,

402 3232 451 3276 ct
478 3221 504 3255 ³
551 3221 949 3297 quibuscunque
988 3229 1114 3284 aliis
1153 3229 1413 3286 similibus
1461 3232 1767 3304 imaginatis
1814 3234 2003 3307 {armis

398 3312 658 3387 theologia
701 3316 949 3373 caelestes
990 3319 1247 3390 ﬁgurauit
1280 3320 1594 3378 intellectus.
1636 3322 1694 3380 In
1724 3322 2003 3395 pretiosis,

398 3404 592 3476 inquit,
621 3406 729 3463 hoc
748 3404 857 3470 est,
874 3408 1120 3479 pulchris
1147 3419 1484 3484 naturaeque
1506 3412 1777 3470 similibus
1796 3417 2004 3473 sanctis

398 3490 881 3570 imaginationilms
909 3500 1167 3562 facillime
1202 3513 1429 3574 possunt
1469 3507 1673 3570 seduci,
1701 3508 1794 3578 qui
1815 3508 2006 3564 existi-

397 3578 599 3655 mant,‘
622 3589 884 3648 caelestes
912 3595 1248 3650 substantias
1287 3612 1485 3653 aureas
1527 3597 1729 3655 habere
1774 3599 2001 3667 formas,

397 3690 452 3734 et
506 3684 771 3753 quosdam
824 3685 970 3741 viros
1030 3686 1336 3745 luculentos
1394 3690 1466 3746 ibi
1526 3706 1681 3756 esse,
1741 3693 1834 3763 qui
1886 3694 2003 3766 pul-

401 3770 535 3827 chra
605 3773 776 3831 induti
847 3787 975 3833 sunt
1072 3780 1440 3848 vestimenta,
1509 3784 1710 3854 quique
1771 3783 1794 3817 ³
1869 3801 2001 3845 can-

396 3864 525 3931 dido
556 3866 737 3925 colore
763 3880 818 3926 et
849 3871 1031 3942 igneo.
1080 3872 1313 3930 innocue
1344 3885 1525 3929 tamen
1557 3876 1905 3947 resplendent
1934 3878 2000 3944 ‘°,

397 3955 646 4029 aliasque
709 3960 918 4018 similes
991 3964 1317 4036 imaginatus
1373 3966 1577 4022 formas
1641 3969 2003 4027 humanorum

395 4063 687 4119 corporum
716 4052 1237 4125 coniigurationibtts
1265 4056 1472 4112 similes
1503 4058 1751 4115 habitare
1792 4062 2002 4119 caeles-

397 4139 472 4194 tia
502 4139 731 4211 lingunt,
762 4143 1126 4213 spiritualium
1152 4154 1208 4200 ct
1239 4146 1586 4201 invisibilium
1626 4149 1887 4206 virtutum
1915 4151 2003 4207 in-

398 4230 704 4303 tcliigibiles
748 4236 1070 4293 naturaliter
1100 4240 1516 4297 substitutioues
1552 4258 1652 4299 nec
1682 4253 1830 4299 recte
1856 4246 2005 4318 cogi-

398 4331 550 4387 tare.
594 4342 696 4382 nec
736 4343 869 4398 pure
917 4345 1247 4405 cognoscere
1296 4334 1568 4403 valentes,
1598 4347 1671 4403 ct,
1722 4339 1867 4413 quod
1916 4348 2007 4397 est

398 4415 765 4499 miserabilius
794 4419 859 4487 “,
891 4422 979 4478 vis
1013 4423 1066 4477 in
1098 4424 1337 4481 humana
1367 4427 1713 4485 multitudine
1740 4431 2003 4499 paucissi-

346 4518 353 4522 ’
398 4496 523 4564 Inus
559 4511 868 4582 sapientum
906 4529 1168 4571 numerus
1208 4516 1505 4584 invenitur,
1546 4519 1637 4589 qui
1677 4520 1770 4576 tali
1811 4536 1998 4578 errore

399 4598 584 4666 seduci
632 4615 738 4655 non
780 4603 987 4673 possit,
1034 4602 1169 4659 falsa
1215 4622 1316 4677 pro
1373 4610 1519 4665 veris
1558 4611 1864 4682 approbare
1904 4627 1994 4666 re-

400 4701 621 4759 spuens.
655 4689 950 4762 Sequitur:
986 4692 1141 4759 Quod
1180 4698 1392 4767 quidem
1435 4716 1498 4754 ne
1534 4713 1860 4771 paterentur,
1908 4705 2000 4778 qui

402 4778 539 4833 nihil
583 4782 877 4838 uisibilibus
927 4784 1075 4841 bouis
1131 4787 1177 4818 ¹²
1219 4788 1379 4844 altius
1434 4793 1762 4864 intelligunt,
1812 4809 1999 4855 sancta

404 4874 764 4947 theologorum
814 4879 1109 4934 restitutiva
1145 4882 1189 4960 ξ’
1229 4884 1513 4955 sapientia.
1552 4897 1601 4942 et
1648 4886 1696 4921 “
1731 4890 1801 4943 ad
1847 4891 2015 4947 inde--

2098 460 2313 530 inquit,
2352 460 2629 531 simplices
2672 463 3155 533 imprudentesque
3205 463 3443 535 fidelium
3489 468 3709 524 animae

2095 560 2431 623 paterentur,
2465 554 2570 608 hoc
2595 564 2700 621 est,
2728 553 3230 626 incircumscriptos
3258 555 3308 588 ³-³
3325 557 3552 628 spiritus
3582 574 3708 615 cae-

2098 644 2315 699 lestium
2347 644 2610 701 virtutum
2643 648 2826 702 aureis
2851 647 3179 716 quibusdam
3211 648 3402 705 formis
3432 650 3705 721 pulchris—

2097 752 2204 806 que
2248 737 2471 792 humani
2502 737 2782 807 corporis,
2815 739 3220 803 membrorum,
3264 756 3545 797 armorum
3590 742 3704 802 cir-

2097 828 2457 898 cumscriptos
2480 869 2496 891 ,
2548 828 3053 901 pretiosissimaque
3090 831 3420 887 vestimenta
3464 832 3704 897 indums,

2097 918 2251 975 falsis
2276 921 2393 977 suis
2416 920 2719 991 pbantasiis
2743 920 3025 993 deceptae,
3048 924 3366 981 occasiones
3392 926 3558 981 etiam
3572 943 3638 983 es
3656 925 3729 957 “‘

2099 1014 2435 1083 propheticis
2467 1013 2769 1069 visionibus
2806 998 3163 1085 accipiendas,
3191 1017 3590 1086 existimarent,
3615 1038 3706 1075 se—

2092 1107 2206 1176 ‘que
2232 1107 2379 1176 ipsas
2404 1107 2767 1172 seducerent,
2805 1108 3301 1181 abominabiliaque
3341 1112 3480 1167 idola
3503 1152 3518 1175 ,
3547 1112 3707 1184 longe

2099 1196 2299 1251 divinis
2327 1195 2690 1253 intellectibus
2724 1206 2955 1263 remota,
2985 1198 3039 1252 in
3065 1200 3181 1255 suis
3204 1202 3629 1272 cogitationibus
3663 1202 3705 1235 τ’

2100 1288 2408 1357 ﬁngerent,
2457 1288 2865 1357 sapientissima
2899 1289 3211 1362 theologia,
3260 1279 3531 1348 lunnanae
3570 1294 3707 1349 insi-

2104 1382 2345 1454 pientiac
2373 1382 2665 1438 consulens
2685 1422 2700 1448 ,
2732 1382 2899 1438 etiam
2928 1383 3004 1439 ad
3043 1383 3371 1451 defortuium
3402 1383 3708 1443 formarum

2100 1472 2395 1530 dissimiles
2422 1473 2845 1546 imaginationes
2870 1475 3179 1542 descendit,
3211 1494 3351 1549 quas
3376 1495 3479 1536 nec
3507 1488 3705 1535 natura

2098 1567 2398 1623 visibilium
2437 1583 2618 1623 rerum
2657 1567 2702 1601 ι’
2749 1568 2964 1640 recipit,
3008 1584 3109 1625 nec
3152 1570 3502 1628 invisibiliutn
3537 1572 3711 1628 subli-

2101 1654 2264 1717 mitas
2293 1660 2518 1717 omnino
2545 1661 2646 1717 sibi
2678 1662 2975 1718 convenire
3007 1665 3295 1732 permittit.
3324 1666 3402 1727 Ac
3431 1665 3478 1723 si
3514 1673 3708 1735 aperte

2100 1749 2219 1822 ipsa
2252 1763 2441 1807 sancta
2472 1751 2741 1824 theologia
2766 1752 3064 1809 clamaret:
3091 1756 3546 1824 quemadmodum
3571 1756 3712 1814 tales

2100 1842 2374 1900 deformes
2406 1844 2838 1916 inbonestaequc
2879 1845 3296 1917 imaginationes
3332 1846 3397 1913 ι’,
3438 1862 3572 1919 quas
3612 1861 3711 1905 nae

2101 1934 2294 1990 turalis
2338 1933 2657 2006 simplicitas
2693 1934 2947 2008 respuit.
3002 1946 3060 1993 et
3103 1937 3447 2009 pulchritudo
3495 1940 3710 1998 deridet

2102 2026 2420 2084 caelestium
2449 2027 2822 2084 intellectuum
2858 2030 2927 2095 ",
2975 2027 3232 2086 iaeﬂ‘abili
3256 2029 3598 2099 ,sinceritate
3644 2043 3703 2092 et

2103 2117 2641 2190 incomprehensibili
2672 2117 3048 2178 uniformitate
3068 2120 3113 2153 “
3146 2120 3489 2190 refelluntur,
3517 2139 3709 2195 quam-

2102 2213 2282 2270 vi5°in
2320 2213 2512 2285 ﬁguris
2551 2228 2742 2270 corum
2784 2213 3247 2273 tenebrosissltnis
3288 2231 3657 2289 apparuerunt
3689 2238 3704 2274 :

2103 2306 2200 2372 ita,
2244 2315 2300 2361 et
2344 2322 2453 2361 non
2501 2305 2684 2369 aliter,
2712 2304 3142 2363 formosissimus
3177 2308 3602 2383 imagincs'illae
3634 2312 3710 2379 υ,

2104 2411 2246 2468 quae
2299 2398 2571 2454 humanae
2621 2398 2870 2469 dignitati
2916 2409 3180 2469 putantur
3236 2416 3581 2473 congruere,
3639 2406 3747 2459 ab.

2103 2491 2400 2547 eorundem
2451 2491 2821 2551 intellectuum
2867 2492 2916 2524 ³³
2957 2494 3248 2564 purissima
3305 2495 3713 2553 incircumscri-

2104 2590 2305 2653 ptaque
2351 2581 2703 2637 subsistentia
2759 2574 3153 2643 universalitcr
3185 2594 3553 2641 removentur.
3601 2584 3713 2641 Has
3760 2646 3773 2661 ,

2105 2667 2374 2738 siquidem
2404 2684 2597 2725 omnes
2620 2685 2808 2727 sacras
2836 2669 3187 2743 figurationes
3203 2673 3423 2729 divinae
3453 2673 3710 2744 Scriptu-

2106 2778 2202 2819 rac
2226 2761 2276 2795 ⁸⁵
2301 2748 2692 2842 significativas
2715 2781 2857 2832 esse,
2890 2782 2999 2822 non
3026 2775 3211 2823 autem
3240 2770 3613 2824 substantivas
3634 2769 3709 2835 ",

2105 2857 2391 2914 verissima
2421 2858 2672 2914 veritatis
2706 2860 3005 2933 spcculatio
3048 2862 3336 2917 acclamat.
3369 2862 3493 2920 Non
3524 2880 3712 2919 conce-

2106 2950 2235 3011 dens
2281 2948 2331 2980 “
2377 2944 2653 3029 materiale
2706 2960 2943 3006 nostrum
2994 2952 3051 3008 in
3094 2954 3335 3029 turpibus
3387 2944 3709 3023 imaginibus

2107 3056 2326 3095 manens
2359 3041 2698 3111 requiescere.
2724 3038 2842 3096 Non
2880 3042 3221 3107 concedens,
3251 3044 3425 3116 inquit
3457 3085 3471 3109 ,
3509 3044 3715 3125 theolo-

2106 3130 2218 3203 gia,
2251 3129 2539 3186 materiale
2558 3141 2827 3200 nostrum,
2858 3133 2961 3188 hoc
2984 3144 3088 3198 est,
3122 3147 3371 3191 nostrum
3400 3137 3444 3169 ⁸⁷
3468 3138 3715 3193 animum

2104 3223 2270 3279 rebus
2284 3222 2661 3280 materialibus
2675 3224 3142 3296 promptissimum
3156 3241 3216 3284 se
3229 3226 3492 3294 inserere,
3520 3228 3574 3283 in
3598 3236 3715 3284 tun-

2104 3314 2265 3386 pibus
2302 3310 2633 3387 imaginibus
2661 3317 2933 3373 manendo
2954 3318 3001 3349 ²⁶
3029 3318 3397 3387 requiescere,
3439 3318 3603 3389 inque
3630 3320 3715 3376 eis

2107 3404 2274 3461 finem
2314 3405 2660 3475 cogitationis
2679 3421 2902 3477 ponere,
2935 3409 3005 3461 ad
3032 3408 3294 3477 obscuras
3317 3409 3714 3482 indecorasque

2104 3498 2491 3554 similitudines
2530 3500 2800 3570 pervenit.
2840 3500 2898 3554 ιιι
2927 3499 3138 3556 Graeco
3170 3498 3219 3533 "
3247 3501 3509 3573 scriptum
3559 3513 3647 3559 cst
3692 3520 3709 3559 ε

2102 3589 2368 3664 προσύλον
2394 3592 2558 3664 ἡμῶν,
2587 3589 2641 3645 id
2674 3602 2760 3646 est
2779 3630 2794 3655 ,
2830 3592 3112 3653 materiale
3133 3601 3411 3657 nostrum,
3439 3608 3604 3649 omne
3633 3590 3715 3649 vi-

2104 3682 2325 3749 delicet,
2344 3684 2489 3754 quod
2514 3683 2579 3737 in‘
2595 3693 2783 3737 nostra
2798 3683 2982 3738 anima
3006 3686 3073 3739 ad
3091 3684 3513 3742 similitudinem
3541 3696 3715 3742 tuatc;

2106 3775 2257 3833 rialis
2300 3775 2475 3832 nostri
2507 3774 2554 3808 ⁸⁸
2592 3768 2841 3847 corporis
2882 3773 3499 3843 facillime‘inclinatur,
3547 3777 3717 3848 inque

2104 3882 2348 3923 amorem
2394 3882 2578 3923 rerum
2620 3866 3409 3923 visibiliumirrationabiliter
3450 3866 3708 3924 nectitur.

2104 3958 2351 4030 Purgans
2392 3975 2513 4013 vero
2556 3974 2766 4012 sursum
2812 3974 2989 4013 uersus
3027 3960 3286 4023 animant,
3329 3968 3379 4012 et
3425 3973 3709 4029 suggerens

2104 4049 2442 4121 deformitate
2474 4050 2933 4121 compositionum,
2965 4060 3217 4119 tanquam
3247 4064 3411 4122 neque
3429 4049 3578 4119 justo
3619 4064 3709 4104 ue-

2103 4159 2205 4213 que
2230 4140 2276 4174 ⁸¹
2311 4157 2433 4196 vero
2460 4141 2728 4213 probante
2752 4156 2866 4195 esse
2885 4181 2901 4206 ,
2929 4156 3095 4212 neque
3119 4140 3165 4172 ⁵⁸
3215 4141 3368 4195 ualde
3413 4142 3712 4198 materiali-

2106 4239 2222 4302 bus,
2250 4237 2375 4307 quia
2397 4237 2471 4289 sic
2512 4234 2754 4305 turpibus
2771 4234 2967 4290 similia
2987 4233 3276 4309 secgtndum
3297 4234 3567 4291 veritatem
3587 4242 3711 4290 sunt

2106 4325 2508 4398 supercaelestia
2530 4318 2587 4379 et
2620 4324 2800 4380 divina
2840 4323 3141 4393 spectacula
3173 4322 3243 4377 ⁸³.
3276 4322 3394 4379 Hoc
3427 4321 3595 4391 facit,
3624 4324 3715 4389 in-

2107 4419 2243 4489 quit,
2275 4418 2499 4488 provida
2530 4415 2823 4487 theologia,
2853 4430 3094 4488 purgans
3124 4429 3345 4471 sursum
3369 4428 3564 4471 versus
3592 4415 3713 4472 ani-

2106 4529 2276 4578 mam,
2307 4513 2410 4568 hoc
2434 4520 2542 4577 est,
2565 4492 2903 4581 superiorem
2926 4521 3136 4581 partem
3162 4510 3381 4568 animae
3400 4512 3706 4583 rationalis,

2104 4622 2245 4685 quae
2278 4621 2403 4677 pars
2430 4605 2647 4659 animus
2696 4619 2790 4659 seu
2836 4603 3142 4659 intellectus
3172 4620 3205 4659 a
3234 4605 3571 4676 sapienatibus
3601 4622 3709 4663 no-

2105 4699 2367 4763 minatur,
2413 4697 2482 4751 ab
2527 4696 2676 4750 omni
2726 4694 2984 4750 falsorum
3023 4696 3467 4765 phantasmatum
3514 4706 3712 4753 conta-

2103 4793 2265 4863 gione
2293 4789 2339 4823 ³⁵
2374 4789 2660 4844 mundans.
2701 4787 2808 4843 Pro
2836 4803 2901 4842 eo
2930 4787 3076 4857 quod
3120 4786 3496 4843 transtulimus
3528 4806 3548 4837 r
3583 4804 3711 4843 sur-

2103 4902 2223 4941 sum
2244 4900 2435 4940 versns
2463 4882 2701 4939 animam
2726 4900 2773 4947 ι,
2806 4880 2860 4936 in
2887 4881 3098 4937 Graeco
3126 4880 3386 4938 scribitur
3413 4899 3435 4935 ι
3453 4883 3706 4960 ἀνωφερὲς

1687 4981 1947 5044 VARIAE
1986 4978 2391 5039 LECTiOi‘iES.

479 5063 496 5093 ¹
520 5062 912 5132 Δ·ε.τὶειίιηεηι,
946 5066 989 5123 C
1036 5070 1301 5123 estiumut.
1381 5071 1401 5104 ³
1442 5070 1485 5126 Β
1516 5074 1748 5131 videlicet
1799 5077 2104 5134 dissimiles.

402 5148 585 5190 eorum
630 5150 741 5190 om.
786 5135 850 5194 Β.

403 5203 488 5277 sio
535 5212 598 5277 ‘et
621 5274 630 5277 _
652 5214 787 5277 text.
814 5221 1035 5276 graec:
1072 5224 1170 5277 pro
1217 5223 1264 5263 et
1293 5211 1336 5264 A
1365 5228 1426 5271 e;
1449 5226 1496 5266 et
1538 5203 1647 5269 om.
1677 5214 1741 5270 Β.

401 5270 448 5327 Β
473 5273 787 5331 mirabilius.
818 5270 844 5276 ⁷
896 5279 939 5308 ¹³
969 5270 1183 5336 Βᾱόηἱε
1253 5280 1257 5284 ”
1311 5280 1353 5311 ¹³
1391 5270 1434 5335 Α
1465 5284 1777 5341 institution.
1882 5270 1923 5321 ’ἶ

410 5343 450 5421 rt
491 5343 583 5400 Sic
731 5358 788 5403 ει
833 5363 977 5421 corr.
1016 5347 1110 5421 Β,
1146 5349 1235 5404 ΑΒ
1266 5353 1626 5421 cogitationes.

404 5411 550 5467 forte
576 5417 764 5478 eadem
795 5435 869 5475 ιιι.
909 5419 1283 5478 intellectuum.

404 5481 690 5562 tellectum.
787 5484 833 5520 "‘
868 5489 1121 5562 B'stteras
1150 5492 1442 5562 scripturae
1468 5481 1675 5552 divinae

410 5568 584 5626 marg.
626 5556 802 5612 adscr.
832 5556 1177 5616 con-cedens.
1255 5556 1581 5621 "luostrnm
1623 5556 1841 5625 omivfl.

404 5642 588 5718 adscr.
618 5661 827 5718 graeco.

414 5713 553 5770 sala.
619 5713 680 5750 ’⁸⁸
710 5719 750 5775 Β
783 5723 1116 5791 cogitatione.

976 5137 998 5168 ⁵
1022 5141 1383 5195 contradicere
1401 5157 1513 5195 0m.
1546 5143 1609 5210 Β,
1634 5147 1702 5201 ad
1735 5164 1904 5219 marg.
1931 5150 2115 5204 adscr.
2153 5147 2227 5202 B"

976 5224 1035 5266 :.:
1072 5224 1170 5273 pro
1217 5223 1264 5263 et
1293 5211 1336 5264 A
1365 5228 1426 5271 εξ
1449 5226 1496 5266 et
1538 5233 1647 5269 om.
1677 5214 1741 5270 Β.
1835 5217 1857 5249 ¹
1890 5220 1929 5273 8
1952 5220 2161 5273 auibus.

1990 5236 2161 5273 uwus.

1753 5355 1797 5390 ³⁸
1839 5376 2012 5415 rerum
2066 5355 2177 5414 oin.
2225 5358 2286 5411 B.

1365 5424 1429 5453 ’³³
1469 5424 1623 5501 Carr.
1657 5426 1741 5485 B'.
1772 5430 1860 5484 AB
1888 5426 2487 5501 incomprehrcnskibilium
2513 5424 2797 5501 forntitate.

1712 5502 2075 5570 ﬁgurationes.
2178 5502 2225 5531 "
2267 5502 2308 5551 Β
2340 5502 2680 5552 substantias.
2813 5502 2860 5527 "
2900 5502 2990 5571 Sit:
3028 5502 3068 5541 l-
3092 5531 3107 5549 .
3149 5502 3259 5571 MS.
3285 5502 3494 5555 cedens,
3536 5502 3596 5545 15·
3634 5502 3701 5544 ad

1720 5611 1732 5622 .
1780 5571 1841 5625 Β.
1918 5570 1963 5603 ³⁸
2002 5569 2042 5623 Β
2071 5587 2309 5625 mancus.
2388 5567 2437 5601 ²⁹
2473 5568 2516 5623 Β
2554 5569 2611 5624 in
2642 5568 2869 5629 ierictw,
2918 5565 2981 5617 B'
3020 5578 3123 5631 pro
3166 5562 3369 5618 tcrtdtn
3415 5562 3484 5619 ad
3526 5575 3701 5630 mrs-

925 5651 1087 5726 “gSir
1110 5651 1151 5707 C
1179 5663 1233 5707 et
1264 5655 1379 5708 rad.
1407 5673 1548 5713 corr.
1581 5660 1667 5726 B‘,
1694 5663 1784 5717 AB
1809 5674 2037 5721 nostrae.

2213 5076 2233 5107 ³
2266 5074 2358 5130 Sic
2382 5089 2525 5130 vers.
2557 5081 2612 5128 et
2639 5082 2773 5127 text.
2821 5083 3025 5141 gruem,
3046 5066 3141 5141 AB
3164 5066 3399 5141 similest
3452 5065 3510 5141 Af
3536 5064 3706 5124 utinm

2331 5144 2352 5176 ⁸
2378 5146 2425 5203 Α
2454 5161 2691 5199 oscurus.
2767 5143 2785 5175 "
2824 5137 2881 5196 WA
2927 5139 3274 5213 uestimentis.
3379 5137 3402 5170 ⁸
3435 5137 3706 5213 βίᾳηνυιςο

2276 5217 2319 5248 ⁸⁸
2349 5214 2392 5272 Β
2413 5214 2657 5284 respirat,
2679 5213 2753 5268 B'
2780 5227 2924 5267 corr.
2979 5209 3326 5284 resplendent.
3432 5210 3476 5241 ἰ
3629 5210 3706 5284 ’(Ζ,

1994 5293 2008 5309 ”
2041 5304 2226 5360 supra.
2270 5288 2449 5344 adscr.
2485 5279 2545 5360 et
2564 5286 2693 5339 iam.
2798 5284 2840 5360 ‘_'
2871 5284 2914 5336 A
2946 5279 3385 5360 circumscriptam
3498 5279 3589 5334 ’Ἃ
3624 5281 3702 5335 in.

2428 5356 2472 5386 “
2520 5356 2565 5408 A
2607 5356 2982 5426 cogitationes,
3018 5350 3114 5426 ﬂ.”
3248 5348 3700 5426 rirtututn,__t:_ot't‘.

2875 5424 2919 5453 ²²
2947 5422 2989 5473 Β
3013 5419 3136 5475 illae
3162 5420 3433 5490 imagines.
3508 5420 3601 5474 "B
3624 5422 3706 5479 iu-

2178 5499 2225 5531 "
2267 5498 2308 5551 Β
2340 5489 2680 5552 substantias.
2813 5493 2860 5527 "
2900 5492 2990 5547 Sit:
3028 5492 3068 5541 ι’.
3092 5531 3107 5549 ,
3149 5489 3239 5543 ΑΒ
3272 5489 3494 5555 cedens,
3535 5490 3596 5545 B‘
3634 5493 3703 5544 ad

2137 5663 2182 5696 ³¹
2218 5662 2263 5718 Β
2302 5682 2411 5718 nec.
2516 5662 2563 5695 ³³
2593 5643 2833 5716 Βίιιῖε.-’
2890 5658 2936 5689 ³⁸
2981 5653 3054 5707 Ex
3089 5669 3268 5719 \'ct's.,
3304 5651 3437 5709 ABG
3465 5665 3703 5723 expertu-
