4238 6070
505 260 608 320 ΓΠ

1325 265 1552 324 SUPER
1595 266 2022 350 IERARClllAM
2061 265 2474 322 CAELESTEM
2511 265 2569 322 S.
2613 260 2932 322 DlONYSil.

3668 257 3762 310 178

505 379 679 434 rubim
715 379 728 410 '
769 379 1216 450 signiﬁcationem
1267 381 1289 411 ε
1333 381 1374 436 Τ
1379 384 1672 436 iiruuorum
1712 383 1954 436 vocabuli
1986 397 2082 437 ex-
2113 387 2156 443 Α
2188 391 2428 436 mentum
2460 381 2588 435 totis
2617 381 2908 434 virtutibus
2941 373 3453 462 incommutabiliter
3475 383 3531 428 et
3559 370 3774 462 stabili-

503 471 803 542 ponendam
839 481 1233 542 conseQucnter
1269 473 1584 543 ingreditur.
1637 472 1762 543 Ipsa
1794 485 1968 526 autem
1995 473 2078 528 ol-

2187 479 2267 524 ter
2293 487 2358 527 ac
2383 472 2686 541 ponderose
2718 469 2864 526 circa
2895 481 3020 523 vere
3057 465 3350 530 excelsum,
3382 479 3654 520 summum
3682 461 3762 517 vi-

500 561 822 616 ttssimarum
852 573 900 616 et
926 571 1314 634 compactamm
1339 564 1540 618 aedium
1577 565 1724 618 omni
1748 563 1768 595 ³
1807 565 2084 633 diligenter
2178 563 2374 619 delicet
2417 565 2639 626 bonum,
2679 563 2824 634 quod
2871 561 3012 616 sicut
3051 575 3180 616 vero
3219 559 3439 621 bonum,
3483 556 3558 612 ita
3599 555 3766 612 etiam

499 652 724 707 exaltari
753 653 1040 712 ignominia
1069 651 1428 724 subjectionis,
1449 665 1494 708 et
1526 654 1594 708 ad
1617 670 1878 708 summum
1901 671 2080 722 super-

499 745 762 800 mnudaue
783 761 989 799 sursum
1012 747 1206 816 ferens,
1229 754 1276 800 et
1299 761 1364 798 ea;
1386 747 1525 800 omni
1549 747 1872 800 extremitate
1893 747 2080 815 ine/fu-

497 837 670 890 ltiliter
697 838 750 891 in
775 835 1224 896 sublimissimum.
1259 849 1307 892 et
1339 839 1478 890 circa
1515 855 1626 892 rere
1659 839 1918 893 excelsum
1956 842 2076 895 totis

494 929 770 983 rirtutibus
819 929 1314 984 iucommutabiliter
1355 941 1404 984 et
1445 931 1700 986 stabiliter
1740 930 2071 994 collocatum,

493 1030 540 1074 et
563 1020 727 1074 diriui
752 1021 1160 1090 superadrentus
1196 1019 1414 1077 inomni
1443 1021 1864 1092 impossibilitate
1897 1031 1944 1075 ct
1978 1023 2078 1074 im-

493 1109 865 1165 materialitate
900 1113 1216 1184 arreptittttm
1258 1124 1305 1168 et
1350 1113 1606 1183 deiferum
1652 1123 1700 1166 et
1743 1113 2078 1182 {autalt-tritor

491 1201 545 1256 in
585 1203 790 1258 diuinas
833 1205 1186 1274 susceptiones
1233 1215 1492 1272 apertum.
1553 1205 1612 1260 ln
1663 1205 1764 1259 hac
1807 1205 2074 1260 sententia

489 1305 638 1364 patet
665 1295 710 1359 δε
752 1298 1018 1366 qttaedam
1049 1297 1546 1354 escelsissimarum
1585 1308 1644 1354 et
1668 1298 2072 1354 sublevatarum

485 1385 698 1442 aedium
746 1387 894 1442 oumi
941 1385 1230 1458 diligenter
1297 1387 1482 1444 extolli
1550 1389 2076 1467 circumcalcationis

486 1473 574 1530 vel
620 1476 1074 1533 deatnbulationis
1123 1477 1505 1545 minoratioue,
1534 1489 1589 1534 et
1617 1495 1832 1537 sursum
1879 1497 2072 1552 super-

487 1566 762 1624 mundaue
803 1565 1100 1634 ferens,.et
1127 1568 1274 1624 omni
1304 1569 1421 1625 ab’
1469 1573 1812 1628 extremitate
1857 1571 2071 1628 inﬂexi-

483 1657 666 1714 biliter
687 1674 904 1716 stirsum
933 1660 1190 1732 positum,
1217 1671 1272 1717 et
1303 1661 1450 1720 circa
1477 1675 1604 1718 vero
1642 1662 2068 1722 excelsissimum

2182 671 2308 710 vere
2335 657 2609 722 excelsum
2643 666 2747 712 est.
2795 653 2904 710 Nec
2941 668 3047 708 non
3085 653 3420 722 acceptivum
3451 651 3628 716 docet,
3659 650 3768 706 hoc

2181 757 2282 814 est,
2333 749 2700 818 acceptionem
2757 745 2922 802 divini
2975 747 3208 816 desuper
3249 745 3514 802 adventus
3563 742 3771 814 absque

2179 841 2536 910 possibilitate
2575 851 2630 896 et
2672 840 3080 903 materialitate,
3113 840 3206 894 sed
3248 839 3300 892 in
3328 837 3472 914 omni
3497 825 3794 907 ~impassi-3

2180 931 2269 986 bili
2303 931 2784 986 immaterialitate.
2839 930 3106 1000 Superaut
3137 943 3369 998 mimque
3397 943 3611 982 omnem
3643 941 3771 996 pas-

2178 1023 2386 1078 sihilem
2415 1023 2718 1078 materiem.
2771 1021 3040 1076 Deil'erum
3067 1035 3282 1090 quoque
3323 1019 3500 1084 docet,
3529 1019 3630 1074 hoc
3657 1029 3764 1083 est,

2175 1114 2448 1186 deigeram
2495 1129 2684 1168 eorum
2736 1111 3010 1167 virtutem.
3085 1110 3250 1166 Deum
3313 1125 3546 1180 namque
3599 1109 3768 1167 suile-

2177 1213 2302 1260 runt
2331 1213 2388 1260 et
2410 1201 2714 1260 subvehunt
2759 1201 3112 1266 familiariter,
3159 1202 3264 1257 hoc
3303 1209 3408 1266 est,
3451 1201 3768 1256 oledienter

2177 1299 2398 1353 laudant
2451 1298 2624 1368 ipsum
2677 1296 2907 1352 suil'erre
2957 1303 3012 1350 et
3042 1295 3345 1352 subvehere
3391 1293 3598 1349 omnia.
3647 1292 3764 1350 Non

2173 1391 2318 1444 enim
2347 1387 2623 1454 sull‘ertur,
2652 1389 2744 1444 sed
2773 1386 2995 1454 sull'ert;
3030 1402 3130 1442 nec
3154 1386 3494 1451 subvehitur,
3521 1389 3614 1443 sed
3639 1388 3767 1442 sub-

2173 1481 2358 1546 vehit;
2411 1493 2588 1550 neque
2635 1481 2788 1536 sedet
2835 1479 2888 1534 in
2923 1477 3124 1549 aliquo,
3152 1477 3244 1550 qui
3275 1477 3319 1510 “
3347 1477 3400 1533 in
3449 1493 3509 1534 se
3550 1479 3764 1543 sedere.

2167 1573 2278 1629 lino
2303 1581 2411 1632 est.
2437 1571 2721 1643 quiescere
2759 1569 2890 1626 facit
2931 1570 3132 1626 omnia.
3171 1570 3337 1626 Docet
3381 1577 3653 1640 apertum,
3677 1569 3765 1628 vel

2173 1655 2315 1720 sicut
2341 1663 2556 1734 planius
2587 1663 2933 1727 transfertur,
2961 1669 3296 1733 suggestum,
3327 1661 3433 1716 hoc
3459 1669 3566 1725 est,
3593 1660 3766 1716 sedile

485 1749 880 1806 universalibus
927 1752 1220 1808 virtutibus
1271 1751 1621 1810 immobiliter
1662 1765 1719 1812 et
1765 1756 2067 1826 ponderose
2100 1741 2143 1802 Β
2173 1755 2226 1810 in
2271 1755 2483 1812 divinas
2527 1753 2920 1824 susceptioncs.
2995 1750 3134 1807 Sunt
3183 1751 3330 1806 enim
3387 1749 3762 1806 sublimissimi

449 1909 452 1912 ν
481 1837 788 1906 fundatum,
814 1853 870 1900 et
891 1841 1062 1898 divini
1095 1845 1522 1916 superadventns
1551 1847 1603 1901 in
1637 1846 2070 1920 impossibilitate

477 1930 632 1988 omni
687 1940 742 1986 et
797 1935 1258 1992 immaterislitate
1297 1937 1635 2007 acceptivum
1697 1949 1754 1995 et
1803 1940 2069 1997 doliorum

477 2032 538 2078 et
573 2021 915 2079 familiariter
953 2025 1006 2080 in
1059 2025 1274 2083 divinas
1311 2029 1686 2100 susceptiones
1731 2039 2065 2102 suggestum.

447 2113 622 2190 .lpsa,
656 2115 830 2186 inquit
861 2116 882 2148 ⁸
903 2147 974 2158 --
995 2119 1367 2188 superioribus
1418 2119 1670 2176 similiter
1695 2123 2018 2178 subauditur
2048 2143 2064 2178 :

479 2206 780 2262 nominatio
816 2207 1208 2264 altissimorum
1249 2219 1305 2265 et
1345 2222 1749 2282 compactarum
1782 2213 1862 2282 vel
1889 2215 2068 2270 suble-

479 2309 726 2357 vatarnm
757 2291 996 2368 sodium;
1027 2318 1092 2356 ex
1121 2303 1374 2376 ambiguo
1402 2293 1546 2359 enim
1579 2323 1774 2376 graeco
1808 2307 2068 2364 transfer-

481 2401 606 2447 tur:
636 2393 952 2468 ἕπηρμὶνων,
1002 2395 1168 2466 quod,
1199 2403 1384 2450 utrum
1424 2412 1454 2450 a
1495 2398 1659 2452 verbo
1713 2397 1888 2474 ἑπάρω
1913 2400 1958 2465 ⁷,
2013 2402 2064 2454 id

382 2479 390 2488 ’
477 2496 562 2542 est
604 2502 908 2558 mmpango
947 2489 1028 2543 vel
1064 2489 1265 2552 adnuo,
1305 2507 1372 2544 an
1417 2506 1447 2545 a
1483 2493 1644 2547 verbo
1689 2494 1888 2568 ἐπαίρω
1913 2495 1956 2554 ⁸.
2011 2497 2064 2552 il

474 2587 556 2634 est
585 2577 811 2638 sustolle
834 2577 855 2608 '
880 2581 1157 2656 derivatur
1183 2580 1254 2644 ",
1300 2579 1518 2636 dubium
1551 2595 1632 2638 est
1665 2615 1734 2626 -—
1771 2587 1930 2642 ducet
1963 2589 2064 2643 hoc

477 2669 784 2740 diligenter.
835 2671 975 2740 Quid
1018 2675 1212 2728 docet?
1254 2675 1492 2729 Exaltari
1542 2677 1700 2746 plane
1743 2693 1836 2734 cas
1883 2681 2060 2746 sedes,

475 2761 560 2814 vel
587 2761 770 2817 extolli
801 2763 868 2817 ab
895 2761 1040 2818 omni
1071 2763 1386 2836 ignominia,
1419 2765 1624 2822 vilitate
1649 2769 1857 2824 scilicet
1883 2771 2062 2840 subjev

475 2853 694 2917 ctionis,
723 2855 806 2910 vel
834 2857 1144 2926 expressius
1185 2845 1527 2924 translatum,
1555 2860 1624 2914 ab
1653 2863 1798 2916 omni
1832 2863 2063 2918 circum-

395 2939 404 2950 ”
474 2944 790 3000 caleatmnis
825 2963 918 3002 seu
949 2947 1400 3004 deatnlmlationis
1449 2951 1832 3007 minoratione.
1883 2953 1949 3008 Et
1977 2964 2062 3010 est

473 3050 702 3092 sensus:
729 3037 1068 3094 Thronornm
1110 3042 1410 3096 nominatio
1441 3043 1630 3102 docet.
1659 3044 2060 3102 excelsissimus

473 3129 682 3186 divinas
709 3131 864 3186 sedes
897 3133 1186 3204 diligenter
1226 3135 1456 3192 exaltari
1484 3137 1554 3191 ab
1583 3139 1732 3193 omni
1765 3125 2056 3210 ignominia

471 3222 720 3280 subditae
747 3225 1036 3280 multorum
1063 3227 1286 3297 pedibus
1315 3229 1612 3286 intimitatis
1639 3232 1706 3296 “,
1733 3243 1788 3286 et
1815 3233 1884 3288 ab
1907 3233 2056 3288 omni

2169 1851 2406 1921 sttggesti
2433 1849 2498 1915 ⁸³,
2525 1849 2630 1903 alta
2653 1846 2902 1902 videlicet
2927 1837 3139 1908 sedilia,
3165 1845 3218 1899 in
3239 1843 3450 1900 divinas
3471 1841 3768 1914 susceptio-

2169 1957 2298 2006 nes,
2347 1941 2400 1994 in
2445 1940 2751 1998 divinorum
2797 1939 2956 2009 plane
2989 1934 3375 2002 'intellectuum
3423 1935 3764 2006 reeeptiones

2167 2033 2340 2105 parati
2370 2043 2534 2104 atque.
2555 2031 2750 2103 aperti,
2777 2029 3108 2102 repandique
3139 2037 3194 2084 et
3220 2028 3262 2060 ¹⁵
3283 2027 3350 2085 ad
3373 2026 3614 2084 divinam
3640 2041 3762 2083 ses-

2167 2125 2373 2180 siOuem
2403 2125 2630 2180 habiles.

2167 2295 2170 2298 Α
2235 2224 2266 2297 §
2301 2227 2356 2278 Ξ.
2383 2223 2529 2280 llaec
2557 2225 2764 2295 quidem
2807 2223 3077 2278 nominum
3108 2221 3361 2291 ipsorum,
3393 2229 3647 2292 quantum
3689 2221 3760 2278 ad

2166 2331 2280 2375 nos.
2312 2316 2622 2370 declat-otio.
2669 2313 2812 2368 llaec
2840 2323 2943 2374 est.
2977 2313 3172 2382 inquit,
3201 2321 3461 2380 quantum
3495 2309 3652 2366 nobis
3677 2313 3786 2376 τῖε,

2167 2409 2344 2472 detur,
2393 2416 2449 2462 et
2487 2423 2519 2460 a
2561 2407 2718 2460 nobis
2769 2404 3108 2476 intelligitur,
3156 2403 3427 2474 expositio
3482 2403 3762 2458 nominum

2167 2500 2328 2554 trium
2377 2501 2614 2568 ipsorum
2654 2498 2862 2569 primat-
2909 2496 3208 2551 ierarchiae
3253 2496 3527 2552 ordinum.
3569 2494 3760 2550 Direa-

2164 2591 2290 2643 dum
2326 2607 2466 2653 vero,
2491 2605 2646 2659 quam
2686 2587 3000 2658 ierurcltium
3033 2603 3214 2641 eorum
3251 2586 3612 2640 aestiummtts.
3649 2584 3760 2642 Sed

2167 2682 2368 2742 dicere,
2395 2679 2493 2746 ait,
2523 2687 2734 2750 oportet
2773 2693 2893 2742 nos,
2921 2695 3084 2748 quam
3115 2678 3462 2742 ierarchiam,
3513 2679 3616 2733 hoc
3653 2688 3760 2742 est,

2163 2779 2374 2848 qualem
2409 2777 2732 2832 ierarchiam
2759 2791 2946 2832 eorum
2977 2761 3309 2830 arbitramur
3341 2773 3386 2806 ”
3405 2789 3546 2828 essm
3574 2772 3762 2829 Omnis

2125 2871 2370 2943 quidem
2417 2885 2596 2925 eorum
2643 2871 2932 2924 ierarcltiae
2971 2867 3378 2938 speculationem
3421 2865 3590 2921 Deum
3640 2865 3764 2920 imi-

2163 2963 2298 3017 tanti
2383 2960 2426 2994 “
2515 2959 2870 3030 deiformitnte
2963 2959 3334 3030 dependentem
3407 2955 3764 3032 inflerilriliter

2163 3049 2293 3114 esse.
2337 3063 2384 3108 et
2410 3054 2572 3109 diridi
2599 3069 2801 3108 onmem
2847 3050 3190 3104 ierarclticttm
3238 3050 3496 3104 actionem
3535 3048 3589 3102 in
3630 3065 3760 3119 par-

2165 3149 2518 3218 ticipationem
2539 3161 2744 3202 sacram
2773 3155 2821 3200 et
2843 3143 3180 3198 traditionem
3221 3143 3549 3212 purgationis
3595 3155 3764 3212 puras

2165 3247 2214 3291 et
2252 3236 2414 3292 divini
2469 3235 2683 3290 luminis
2721 3246 2768 3290 et
2799 3233 3112 3304 perfectione
3153 3229 3422 3290 scimtiar,
3449 3230 3764 3300 sufficienter

469 3313 592 3374 loco
623 3317 830 3377 humili,
876 3320 966 3388 qui
1021 3319 1554 3376 circumcalcantium
1608 3331 1665 3378 et
1711 3323 2064 3381 deambulan-
2158 3329 2277 3398 jam
2317 3345 2348 3382 η
2382 3327 2530 3382 nobis
2572 3325 2768 3380 dictum
2819 3339 2930 3378 esse
2971 3322 3216 3376 arbitror.
3275 3320 3494 3378 Omnis.
3551 3320 3759 3390 inquit.

467 3411 608 3469 tium
637 3412 836 3484 plantis
887 3415 1079 3470 teritur
1109 3427 1162 3470 et
1191 3416 1512 3482 tninoratur,
1547 3417 1648 3472 hoc
1672 3427 1777 3482 est,
1811 3418 2059 3474 humilia-

471 3511 562 3560 lnr
609 3514 666 3562 et
717 3509 1058 3578 supponitur.
1111 3505 1180 3564 Ut
1231 3524 1364 3580 ergo
1411 3509 1676 3568 altissime
1719 3525 1750 3562 a
1781 3511 2053 3567 communi

469 3596 723 3654 omnibus
751 3598 991 3668 planitie,
1021 3614 1163 3670 quae
1207 3600 1369 3656 veluti
1416 3601 1773 3674 ignominiosa
1819 3601 2058 3672 undique

471 3689 714 3746 calcatur
757 3701 812 3748 et
859 3692 1274 3759 deambulatur,
1335 3693 1540 3750 inedita
1591 3703 1756 3766 atque
1802 3695 2056 3751 sublimia

467 3782 801 3846 enitantur,
828 3783 902 3837 ita
935 3782 1274 3840 Thronorum
1307 3773 1678 3857 similitnitque
1705 3785 1786 3840 sui
1817 3783 1972 3848 ordo,
2001 3786 2054 3842 in

465 3875 666 3946 quibus
701 3877 854 3931 sedet
899 3890 1132 3946 regnans
1157 3883 1210 3930 et
1252 3875 1508 3943 judicans
1551 3875 1734 3930 omnia
1763 3875 2049 3941 Divinitas,

467 3967 900 4041 superexaltatus
925 3976 1012 4022 est
1031 3975 1088 4022 et
1111 3983 1142 4022 a
1171 3968 1443 4023 communi
1471 3967 1724 4022 omnibus
1751 3969 2060 4024 humilitate

467 4069 733 4132 remotus,
759 4057 811 4114 id
837 4070 942 4125 est,
965 4059 1112 4138 omni
1143 4059 1406 4116 materiali
1447 4069 1698 4116 creatura
1733 4059 2051 4136 humilique.

365 4161 378 4178 ‘
468 4149 536 4209 Ει
585 4155 688 4208 hoc
735 4153 1458 4224 apertissime'Thronorum
1531 4153 1830 4210 nominatio
1873 4155 2054 4210 docet.

466 4244 636 4301 Docet
671 4245 836 4302 etiam
873 4249 1060 4302 eorum
1089 4247 1364 4312 virtutem,
1397 4262 1534 4318 quae
1570 4262 1664 4303 eos
1703 4263 1864 4317 supra
1893 4264 2056 4303 mttu-

465 4337 600 4400 duns
626 4337 678 4391 in
707 4352 974 4392 summum
1001 4337 1199 4394 bonum
1226 4339 1494 4404 subvehit,
1524 4349 1582 4394 et
1606 4341 1673 4394 ab
1703 4339 1850 4394 omni
1877 4349 2056 4395 extre-

469 4427 658 4484 mitate
702 4429 1000 4499 corporalis
1029 4439 1334 4494 creaturae,
1375 4445 1514 4500 quae
1548 4431 1712 4486 veluti
1747 4431 1799 4486 in
1835 4447 2056 4502 compa—

470 4521 679 4576 ratione
717 4493 1128 4592 intclligibilium
1162 4493 1344 4578 rerum
1392 4493 1515 4579 vilis
1545 4525 1876 4594 humilisque
1907 4493 2045 4580 vide-
2087 4493 2133 4552 υ

469 4621 580 4682 tur,
611 4614 664 4668 in
703 4614 1150 4670 sublimissimum
1197 4615 1544 4672 inei'l'ahiliter
1585 4617 1848 4682 sublevat,
1882 4615 2048 4672 Deum

467 4703 739 4768 videlicet,
766 4705 858 4774 qui
895 4703 1316 4762 sublimissimus
1349 4717 1452 4766 est.
1485 4717 1540 4762 et
1575 4710 1732 4778 cujus
1761 4709 2054 4778 participa-

471 4794 616 4852 tione
651 4797 750 4868 ipsi
783 4797 1266 4853 Thronisublimes
1294 4810 1438 4854 sunt.
1472 4800 1636 4854 Docet
1666 4800 1792 4854 illud
1821 4801 2054 4854 colloca-

389 4885 398 4898 '
469 4897 605 4956 tum,
633 4889 716 4945 vel
747 4887 1055 4956 fundatum,
1093 4891 1193 4944 hoc
1226 4899 1310 4945 est
1343 4891 1752 4966 collocationem
1785 4901 1839 4946 et
1865 4891 2056 4946 tinnia—

2167 3418 2274 3476 hoc
2341 3425 2460 3484 est,
2537 3415 2862 3471 universalis
2939 3412 3242 3468 ierarchiae
3313 3411 3758 3482 speculationem.

2167 3510 2547 3566 deﬁnitionem
2602 3507 2798 3580 plane,
2842 3505 3011 3562 Deum
3064 3502 3297 3560 imitanti
3329 3503 3368 3536 "
3401 3501 3762 3557 deifurtnitate

2165 3603 2596 3674 dependentem,
2657 3599 2710 3655 id
2759 3608 2868 3664 est,
2928 3605 3068 3670 quae
3127 3597 3362 3666 desuper
3419 3593 3465 3626 ¹¹⁸
3529 3595 3758 3675 pendet,

2162 3695 2536 3764 uriginemque
2561 3693 2711 3750 ducit
2733 3707 2800 3747 ex
2835 3689 3188 3746 similitudine
3221 3687 3266 3720 ⁸⁸
3295 3687 3514 3742 divinae
3547 3686 3721 3742 formo

2164 3787 2350 3844 sitatis
2391 3785 2694 3858 (superius,
2725 3782 2990 3854 siquidem
3037 3779 3292 3840 intertio
3321 3777 3594 3847 Capitale,
3625 3779 3750 3832 uni-

2166 3877 2430 3932 vcrsalem
2463 3874 2784 3930 ierarcbiam
2817 3867 3064 3928 deﬁnivit
3101 3869 3290 3924 dic‘ens
3317 3885 3332 3922 :
3358 3866 3625 3923 lerarchia
3667 3879 3750 3922 est

2165 3969 2230 4025 ad
2261 3969 2466 4032 Deum,
2511 3977 2772 4037 quantum
2817 3963 3097 4036 possibile,
3141 3960 3440 4018 similitudo
3464 3959 3743 4027 etunitas)

2163 4059 2530 4116 inllexihiliter
2553 4071 2695 4122 esse,
2719 4057 2776 4112 id
2803 4065 2888 4112 est
2916 4051 3460 4116 incommutabiliter,
3489 4048 3756 4106 sollicieu-

2164 4149 2382 4221 terjam
2425 4167 2456 4205 a
2497 4151 2653 4205 nobis
2688 4150 2890 4204 dictum
2935 4147 3193 4202 arbitror.
3234 4145 3485 4200 Arbitror
3513 4143 3678 4198 etiam
3709 4143 3757 4173 “'

2163 4242 2496 4298 suﬂicienter
2537 4241 2760 4302 dictum,
2799 4238 2963 4292 dividi
3004 4251 3220 4291 omnem
3263 4235 3624 4290 ierat-rideam
3665 4247 3750 4287 ac-

2165 4337 2387 4398 tionem,
2423 4331 2509 4386 vcl
2539 4331 2678 4385 sicut
2705 4329 2916 4400 planius
2951 4327 3278 4385 transfertur
3307 4325 3752 4397 negotiationem,

2165 4429 2216 4482 in
2242 4425 2712 4498 participationem
2743 4438 2954 4478 sacram
2981 4421 3150 4490 ipsius
3169 4417 3486 4491 principalis
3511 4415 3752 4472 euntium

2163 4519 2484 4583 ierarchiae,
2520 4531 2660 4586 quae
2697 4525 2784 4570 est
2829 4515 3114 4574 Divinitas.
3149 4524 3204 4568 et
3253 4511 3629 4573 traditionem,
3655 4525 3756 4580 per

2161 4613 2440 4682 superiora
2481 4607 2849 4672 inferioribus,
2881 4605 3220 4678 purgationis
3246 4619 3434 4674 purae,
3471 4602 3614 4657 nulla
3643 4602 3752 4656 die.

2161 4703 2514 4758 similitudine
2540 4699 2876 4762 intermixta,
2907 4705 2960 4751 et
2991 4697 3044 4751 in
3078 4695 3244 4750 divini
3273 4693 3510 4758 luminis,
3533 4694 3577 4726 "
3599 4691 3744 4760 simi-

2161 4797 2285 4851 liter
2309 4793 2782 4866 participationem
2819 4799 2874 4846 et
2915 4789 3284 4848 traditionem.
3311 4795 3360 4840 et
3401 4787 3452 4840 ib
3490 4784 3736 4857 perfecti-

2163 4905 2263 4944 vae
2301 4886 2584 4948 scientiae,
2616 4887 2805 4940 eodem
2841 4884 3002 4938 modo
3033 4880 3503 4952 participationem
3543 4891 3594 4932 et
3637 4893 3740 4933 trao

1749 5004 2006 5060 VARle
2056 4997 2460 5058 LECTIONES.

541 5122 558 5154 ⁸
584 5119 628 5176 Β
657 5121 901 5192 seraphin
927 5133 974 5175 et
1007 5121 1272 5186 cherubin,
1307 5123 1386 5176 sic
1413 5123 1750 5191 saepissime.
1845 5123 1868 5154 ²
1903 5121 2057 5178 Corr.
2103 5121 2144 5175 Β
2179 5121 2222 5192 ⁸,
2251 5115 2834 5192 ᾼΒ-ξξθηῑριζηῑῑοιξκηι.
2967 5111 3007 5165 Β
3034 5111 3246 5192 supra
3279 5108 3466 5192 adser._
3487 5107 3551 5160 ab
3573 5105 3723 5162 omni

518 5192 610 5248 Sic
635 5193 708 5256 C;
733 5181 824 5248 ΑΒ
847 5209 960 5262 qm,
988 5193 1130 5262 quod
1155 5201 1240 5250 est
1263 5181 1536 5262 quoniam.
1615 5193 1635 5224 '
1661 5195 1738 5248 Ex
1762 5193 1926 5263 conj.,
1949 5209 2044 5262 pro
2067 5181 2292 5247 armti-alt
2329 5181 2646 5248 AB'onim‘o;
2671 5187 2734 5236 ub
2755 5201 2864 5236 um.
2891 5181 2952 5234 (ι.
3048 5181 3070 5212 ⁸
3097 5181 3138 5234 Β
3160 5181 3360 5249 tuquid,
3393 5181 3430 5232 Β
3455 5183 3466 5196 ⁸
3491 5193 3630 5232 corr.
3659 5197 3732 5230 [π.

518 5265 601 5318 sit.
697 5262 1057 5320 'ABhabere
1078 5263 1324 5318 videntur
1361 5261 1590 5322 ἐπάρμω.
1687 5267 1710 5296 ⁸
1733 5265 1821 5320 All
1845 5266 2042 5322 ἕπάρω.
2137 5262 2160 5292 ⁹
2203 5263 2295 5314 Sic
2319 5257 2468 5315 ABG.
2501 5255 2756 5310 Fortasse
2795 5253 3000 5322 legend.
3035 5259 3125 5322 est
3145 5251 3376 5322 subigito.
3409 5263 3674 5322 (praevox
3711 5264 3746 5304 ε.

468 5265 601 5334 quit.
697 5265 720 5296 '
859 5261 1057 5346 habere
1078 5261 1324 5345 videntur
1343 5261 1594 5346 ,ξεᾶρμᾱξε
1687 5267 1710 5296 ⁸
1733 5265 1821 5320 All
1845 5261 2042 5346 the”.

3048 5181 3070 5212 ⁸
3097 5179 3138 5234 Β
3160 5179 3360 5249 tuquid,
3393 5181 3430 5232 Β
3455 5183 3466 5196 ⁸
3491 5193 3630 5232 corr.
3659 5197 3732 5230 [π.

467 5319 605 5390 voce
648 5319 869 5389 sustolle
897 5319 1166 5403 scriptura
1197 5335 1284 5386 vix
1323 5319 1520 5390 dil‘ei-i.
1557 5319 1750 5389 Vocem
1791 5319 1999 5389 subleivo
2043 5330 2688 5403 expectes,_qu_ia‘supra
2715 5325 2784 5403 _in
2819 5319 3422 5403 eotltl;_liis‘ltabebatttr
3444 5319 3737 5403 sub-lepore;

469 5421 610 5468 rem,
637 5419 747 5460 non
775 5407 1132 5461 sublaturum.
1209 5403 1253 5436 “
1275 5405 1317 5458 Β
1345 5405 1362 5424 ⁸
1393 5407 1542 5458 corr.
1573 5407 1852 5464 derivetur.

467 5491 622 5548 quae.
650 5547 663 5548 γ
699 5475 746 5509 ⁸⁸
766 5475 810 5548 Α
835 5475 1082 5547 subgesti.

469 5545 614 5618 vers.
642 5547 788 5618 Scoti
819 5557 874 5604 et
915 5545 1046 5602 (est.
1077 5560 1258 5618 graec.
1450 5547 1662 5618 imitati,
1691 5547 1732 5600 B
1755 5551 1767 5566 ‘
1793 5563 1936 5600 corr.
1965 5547 2182 5618 imitate.
2263 5545 2428 5618 "__$ic
2457 5545 2644 5618 (},_Mt
2665 5545 2878 5618 inritati,
2911 5545 2972 5586 Β·
3000 5545 3256 5618 imitated
3380 5545 3390 5610 ξ

389 5667 408 5684 ,
465 5615 682 5686 prodit;
711 5617 753 5673 C
779 5603 914 5688 quae
933 5603 1226 5688 supptiitdit.
1283 5603 1419 5670 ’θλ
1449 5603 1868 5674 similitudinem.
1947 5617 1992 5646 "
2025 5615 2258 5678 limini,
2299 5613 2358 5668 Β·
2401 5611 2584 5684 pundt.
2627 5605 2772 5675 subj.
2801 5617 2852 5658 et
2891 5619 3060 5676 tttarg.
3101 5603 3278 5658 adscr.
3319 5603 3496 5654 etiam.

467 5705 642 5760 marg.
671 5689 738 5748 ad
769 5687 850 5744 er.
881 5697 928 5744 ct
967 5687 1276 5757 parret-(irae
1305 5687 1566 5742 scientiae.

1933 5407 1974 5438 “
2005 5405 2046 5460 ί]
2069 5396 2127 5458 εἰ
2151 5417 2296 5458 corr.
2325 5400 2368 5454 Β
2387 5396 2402 5422 ⁵
2428 5396 2774 5467 inﬁrmitatis.

1163 5473 1208 5506 ³⁸
1225 5485 1272 5528 et
1299 5489 1404 5530 om.
1443 5475 1484 5529 Β
1503 5475 1646 5544 (ratl.
1675 5476 1936 5530 delet-isse
1962 5476 2172 5530 videtur
2197 5473 2238 5528 Β
2261 5477 2325 5544 ἦ).

2871 5394 2916 5424 ¹²
2951 5392 3040 5447 Sic
3062 5393 3103 5444 (Ζ
3133 5401 3186 5445 et
3217 5391 3330 5442 rati.
3359 5403 3500 5442 corr.
3527 5387 3570 5442 Β
3593 5394 3628 5449 ⁵,
3655 5387 3744 5440 ΑΒ

2429 5457 2586 5523 ⁸⁵’5ἱο
2613 5467 2655 5520 (Ι
2687 5477 2742 5520 et
2766 5479 2910 5518 corr.
2937 5463 2976 5516 Β
2999 5465 3040 5524 ⁸,
3073 5461 3158 5516 ΑΒ
3183 5459 3522 5513 arbitratum.
3597 5461 3640 5488 "
3667 5457 3736 5508 Ex

2263 5533 2304 5574 ¹⁹
2337 5539 2428 5596 Sic
2457 5539 2520 5602 (ἶ,
2556 5537 2644 5591 ΑΒ
2665 5536 2878 5596 imitati,
2911 5533 2972 5586 B'
3000 5533 3222 5586 imitate.

3603 5597 3635 5626 ιι
3685 5605 3750 5662 Β.

3319 5529 3518 5585 "Corr
3567 5525 3634 5582 B‘
3665 5569 3679 5588 ,
3703 5527 3742 5578 Β
3825 5529 3836 5538 “
