4238 6070
1199 281 1437 339 .SUPEll
1473 283 1903 343 ιειι-ειῐιριιιιιι
1936 289 2350 350 CAELESTEM
2391 293 2449 348 S.
2494 293 2810 352 DlONYSll.

3534 297 3638 356 l82

361 396 515 452 nium
559 393 873 484 immediate
917 390 1244 468 principium
1289 399 1370 455 sui
1423 410 1603 456 motus
1643 398 1875 474 accipit,
1916 417 1947 458 a
1977 409 2022 467 Λ
2055 416 2162 470 tnr,
2193 406 2447 466 ineffabili
2476 425 2605 484 erga
2656 411 2759 468 sibi
2787 406 3062 484 subjectos
3095 412 3134 444 "
3165 411 3364 484 pietate
3399 422 3454 470 et
3494 415 3640 469 cari-

362 487 516 544 nullo
551 481 756 543 moveri
789 503 893 544 non
929 489 1202 545 immerito
1241 490 1460 552 tlirilttr,
1498 493 1754 562 quoniam
1783 508 1949 550 causa

365 583 550 636 motus
595 577 681 634 sui
731 579 1204 649 superessetitialis
1245 591 1358 637 est.
1407 591 1461 637 et
1501 591 1724 654 superat
1765 597 1946 647 omne,

368 759 441 816 tis
469 760 722 817 conditae
747 761 987 827 ordines,
1013 764 1266 832 quamvis
1297 763 1350 819 in
1379 780 1482 818 una
1512 779 1679 821 causa
1706 765 1952 829 omnium

368 863 549 909 motus
571 853 655 908 sui
679 853 1002 926 principium
1031 858 1384 919 constituant,
1416 857 1950 913 nontamen-imme-

367 943 514 1000 diale
543 943 614 999 ab
653 944 790 1015 ipso,
817 947 911 1000 sed
939 945 1206 1016 gradatim
1253 963 1352 1018 per
1391 949 1702 1017 superiores
1737 962 1955 1018 semper

367 1035 658 1094 inferiores
699 1046 754 1093 et
797 1032 1084 1093 moventur
1121 1052 1177 1092 et
1217 1039 1686 1095 administrantur.
1724 1039 1956 1095 Pulchre

369 1128 537 1202 igitur
570 1126 1012 1186 excellentissimi
1060 1131 1375 1186 caelestium
1411 1132 1771 1188 essentiarnm
1810 1130 1957 1186 ordi-

368 1235 470 1278 nes
485 1222 834 1298 οιύτοηνηιιοί,
862 1223 965 1276 boc
981 1231 1088 1286 est,
1115 1236 1212 1293 per
1237 1237 1297 1279 se
1326 1224 1456 1278 moti
1478 1234 1534 1279 et
1555 1231 1682 1278 sum
1701 1232 1756 1276 et
1780 1220 1958 1278 nomi-

367 1320 593 1378 nantur,
623 1313 880 1384 quoniam
923 1327 1022 1384 per
1063 1313 1272 1384 seipsos
1307 1313 1520 1384 seipsos
1555 1321 1799 1380 movent,
1829 1323 1885 1368 et
1923 1328 1957 1368 a

369 1404 566 1477 seipsis
602 1415 906 1462 moventur.
954 1405 998 1460 Α
1040 1406 1188 1461 nullo
1235 1407 1380 1462 enim
1433 1407 1696 1478 superiori
1739 1418 1801 1462 se
1839 1423 1957 1463 mo-

371 1508 592 1563 ventur,
617 1497 721 1554 nisi
751 1498 823 1552 ab
851 1497 968 1568 ipso
999 1496 1128 1563 Deo,
1155 1496 1249 1568 qui
1279 1496 1480 1552 nullius
1509 1498 1728 1569 preprie
1751 1496 1958 1568 princi-

368 1589 522 1661 pium
572 1601 753 1647 mutus
796 1599 912 1654 est,
941 1590 1201 1660 quoniam
1249 1589 1492 1646 omnium
1543 1589 1795 1662 generale
1842 1597 1956 1656 est;

370 1683 516 1754 quod
544 1690 728 1739 autem
762 1682 1002 1748 omnium
1039 1682 1294 1754 generale
1323 1692 1432 1749 est,
1460 1683 1659 1740 nullius
1683 1684 1958 1756 proprium

2053 507 2163 554 tate
2207 511 2514 566 moventur,
2547 502 2751 559 nullum
2788 518 2978 558 eorum
3015 503 3194 574 perire
3231 516 3325 560 aut
3360 503 3416 562 in
3455 503 3639 578 aliquo

2009 617 2014 621 <
2053 592 2362 663 rontcmpni
2397 593 2656 650 sitientes.
2684 594 3224 667 (Iememplatirnsque
3257 597 3444 652 iterum
3473 593 3646 652 sensi-

365 668 510 738 quod
543 679 652 736 est,
677 680 732 724 et
760 668 775 702 '
809 669 953 740 quod
985 685 1090 725 non
1123 679 1228 727 est.
1257 671 1436 727 Ceteri
1465 687 1593 728 vero
1622 672 1950 731 universita-
2006 686 2010 690 ‘

2053 683 2235 740 (tilium
2263 685 2640 755 symbolarum,
2669 694 2760 740 aut
2787 685 3218 740 intellectualis-nt
3245 685 3636 757 spccnlationis.

2051 776 2099 828 A
2144 775 2519 846 superioribus
2559 777 2930 833 subauditur:
2962 776 3357 833 aestimandum
3402 793 3640 848 quoque.

2053 885 2150 925 eas
2173 871 2620 940 rontemplativas
2645 886 2765 928 esse
2788 870 3128 928 sensibilium
3153 871 3518 944 symbolarum
3549 881 3645 926 aut

2055 959 2536 1025 intellectualinm,
2576 970 2636 1016 nt
2683 961 3040 1018 subaudiatur
3081 961 3333 1018 similiter
3375 959 3649 1031 syntlmln-

2057 1070 2200 1117 l'tun.
2227 1053 2633 1124 speculationis.
2665 1057 2817 1122 Quae
2859 1055 3125 1110 sententia
3165 1052 3454 1124 dupliciter
3478 1051 3522 1084 "
3553 1065 3647 1122 po-
3698 1043 3709 1053 ’

2059 1153 2163 1203 test
2207 1147 2459 1226 intelligi,
2497 1157 2558 1202 ut
2600 1163 2794 1203 sensus
2842 1146 2914 1203 sit
2946 1147 2992 1181 “
3017 1161 3036 1202 :
3059 1144 3395 1204 sensibilium
3429 1145 3648 1215 symbo-

2057 1239 2232 1294 lorum
2277 1248 2373 1294 aut
2417 1235 2836 1310 intelligibiliu'm
2880 1237 3335 1308 contemplativae
3370 1243 3498 1290 sunt
3525 1249 3648 1306 spe-

2057 1329 2372 1392 culationis,
2397 1329 2502 1386 hoc
2532 1339 2617 1385 est
2653 1329 2901 1388 occultae
2945 1328 3354 1400 intelligentiae.
3393 1323 3460 1382 Ut
3503 1325 3652 1380 enim

2061 1419 2538 1484 intellnclttaliunt,
2596 1415 2670 1476 it'a
2727 1420 2892 1476 etiam
2965 1417 3304 1474 sensibilium
3371 1414 3650 1488 symbolo-

2063 1527 2182 1568 rum
2239 1511 2676 1584 cinnemplantur
2722 1511 3076 1568 intellectum.
3117 1507 3405 1572 Sensibilia
3465 1515 3650 1562 autent

2063 1605 2308 1678 symbola
2391 1613 2561 1671 sunt,
2641 1617 2874 1675 quorum
2965 1600 3297 1658 intellectum
3385 1599 3652 1654 caelestes

2063 1697 2295 1752 virtutes
2343 1695 2798 1767 contemplantur,
2853 1693 3052 1750 veteris
3109 1691 3247 1762 legis
3283 1697 3648 1755 sacramenta,

369 1764 476 1831 est.
525 1772 638 1830 llac
681 1775 890 1830 ratione
933 1789 1041 1830 non
1086 1774 1262 1832 solum
1309 1773 1688 1844 primm-diales
1720 1775 1961 1830 omnium
1995 1785 2038 1844 Β
2067 1787 2216 1842 verm
2271 1787 2446 1858 ετειιίε,
2491 1764 2921 1852 tabernaculum,
2968 1793 3025 1840 et
3073 1783 3274 1844 οωιιῖει,
3312 1797 3453 1855 quae
3499 1781 3554 1860 in
3585 1795 3656 1839 eo

375 1863 558 1919 rerum
593 1877 792 1920 causae
827 1866 1161 1930 αὖτοκινητοε,
1191 1879 1381 1920 verum
1411 1865 1576 1920 etiam
1613 1864 1960 1919 excellentis-

373 1957 497 2012 simi
529 1957 552 1988 ¹
580 1956 842 2012 caelestes
883 1957 1105 2032 ordines
1136 1968 1534 2028 nuncupantur.
1561 1957 1804 2014 llmnana
1829 1973 1964 2029 quo-

372 2063 480 2118 que
525 2047 705 2102 anima
754 2048 1170 2120 a-pbiiosopltis
1222 2049 1703 2112 αὐτοκινητὸςςιιυιτ
1732 2059 1834 2110 est.
1868 2064 1966 2120 per

321 2149 327 2156 '
375 2141 609 2212 seipsam
639 2151 792 2196 mota
824 2141 846 2172 ³
874 2157 978 2196 non
1007 2141 1453 2196 irrationabiliter
1477 2143 1802 2205 nominatur,
1837 2143 1964 2213 quia

375 2231 522 2286 trulla
546 2238 798 2288 creatura
827 2233 1183 2304 propiuquior
1198 2242 1281 2289 est
1311 2235 1442 2294 Deo.
1460 2245 1538 2299 et,
1565 2236 1609 2290 si
1640 2252 1744 2289 non
1769 2250 1968 2306 pecca-

378 2328 482 2386 ret,
509 2337 606 2393 per
632 2322 836 2378 nullum
865 2323 1204 2394 superiorem
1242 2339 1307 2381 se
1336 2325 1580 2382 ordinem
1617 2327 1967 2382 administra-

379 2423 554 2480 retur,
573 2413 832 2484 quOniam
855 2413 1036 2470 nullus
1059 2415 1308 2488 superior
1324 2416 1412 2471 illa
1438 2417 1968 2489 licretordo.qucm-

376 2505 671 2562 admodum
700 2521 806 2562 non
833 2505 973 2572 erit,
1005 2507 1227 2578 quando
1254 2507 1276 2540 ⁸
1317 2509 1373 2564 in
1414 2509 1698 2582 pristinam
1736 2494 1968 2564 naturae

311 2655 320 2660 _
375 2609 510 2653 suae
526 2597 872 2654 revocabitur
899 2595 1243 2670 dignitatem.
1271 2599 1341 2655 Et
1367 2601 1422 2656 in
1441 2601 1673 2673 subjecta
1698 2611 1968 2659 contume-

377 2683 507 2742 liam
533 2686 748 2744 omnino
782 2687 1088 2744 nescientes.
1131 2687 1248 2746 lloc
1277 2697 1387 2755 est,
1421 2690 1764 2764 quamvisin
1800 2691 1968 2749 subii.

379 2777 570 2834 usitate
599 2777 924 2836 universalis
955 2788 1241 2838 creaturae
1259 2776 1390 2853 post
1426 2781 1596 2839 Deum
1639 2784 1968 2841 constitutae

379 2867 508 2936 sint,
539 2871 761 2928 omnino
789 2883 970 2930 tamen
1014 2873 1086 2935 in.
1111 2889 1199 2940 ea,
1227 2889 1372 2946 quae
1407 2873 1512 2931 sibi
1542 2875 1784 2948 subjecta
1819 2885 1966 2955 sunt,

373 2971 793 3042 contumeliam,
824 2973 908 3030 vel
936 2972 1077 3031 sicut
1110 2973 1326 3046 planius
1355 2973 1700 3043 transfertur,
1725 2983 1970 3032 contem-

379 3071 534 3134 ptum
580 3062 761 3122 facere
807 3067 1078 3124 nesciunt.
1116 3067 1186 3123 Et
1235 3083 1344 3124 non
1393 3068 1496 3125 hoc
1542 3069 1743 3134 solum,
1779 3083 1968 3126 verum

2064 1878 2182 1933 ῆι·νί
2239 1879 2497 1934 Dominus
2545 1877 2844 1949 praecepit,
2896 1876 3090 1933 deinde.
3139 1875 3374 1932 visiones
3421 1875 3658 1946 prophe-

2067 1979 2240 2025 tarum
2289 1970 2343 2026 in
2395 1970 2559 2026 variis
2601 1970 2851 2026 formulis
2897 1978 3059 2040 atque
3107 1967 3329 2040 ﬁguris,
3377 1975 3656 2040 postremo

2063 2060 2432 2116 ecclesiastica
2490 2059 2623 2116 Novi
2677 2060 3008 2131 Testamenti
3074 2059 3366 2132 mysteria,
3423 2073 3655 2130 quorum

2063 2152 2305 2206 omnium
2345 2151 2596 2206 intimum
2646 2151 2822 2206 lumen
2864 2151 3037 2206 sancti
3074 2149 3253 2222 angeli
3283 2149 3432 2206 clare
3464 2149 3509 2181 ¹’⁶
3538 2164 3659 2218 per-

2064 2244 2322 2315 spiciunt.
2369 2243 2520 2312 Quae
2565 2243 2677 2300 sint
2723 2258 2854 2298 vero
2929 2241 3287 2314 intelligibilia
3364 2238 3652 2312 symbolo,

2065 2313 2175 2388 non
2239 2313 2401 2389 facile
2459 2333 2616 2389 nobis
2674 2333 2950 2399 occurrit,
3003 2313 3127 2386 nisi
3175 2329 3316 2385 forte
3387 2329 3656 2392 dicamus,

2066 2427 2214 2498 ipsas
2228 2415 2607 2496 theopluinias,
2625 2427 2678 2480 in
2703 2425 2898 2495 quibus
2911 2431 2998 2480 est
3011 2425 3056 2456 "
3078 2421 3288 2494 species
3303 2421 3547 2476 veritatis
3562 2435 3662 2489 per

2064 2532 2128 2573 se
2151 2517 2300 2572 otnni
2333 2515 2632 2572 intellectui
2657 2515 2947 2572 invisibilis
2971 2515 3036 2580 “,
3058 2515 3220 2570 modo
3245 2513 3479 2584 quodam
3501 2499 3663 2568 nobis

2066 2611 2245 2663 adhuc
2275 2606 2550 2679 incognito
2581 2606 2964 2662 intellectualis
3006 2605 3049 2638 "
3080 2605 3349 2680 symbolo,
3407 2606 3508 2662 hoc
3553 2616 3656 2666 est.

2067 2699 2427 2756 materialimn
2459 2715 2640 2755 rerum
2669 2699 3024 2756 similitudine
3067 2697 3310 2754 carentia
3355 2697 3486 2768 ipsis
3511 2711 3658 2764 esse,

2067 2789 2144 2845 ita
2173 2799 2233 2846 ut
2280 2789 2333 2844 in
2365 2787 2498 2860 ipsis
2541 2789 2908 2860 tlteopbauiis,
2950 2790 3055 2845 hoc
3080 2795 3186 2852 cst,
3220 2788 3420 2844 divinis
3445 2785 3662 2860 appari-

2033 2881 2345 2953 ktionibus,
2397 2895 2537 2952 quas.
2587 2879 2936 2937 intellectuali
2991 2880 3150 2936 ut:qu
3203 2879 3664 2951 contentplantur,

2069 2973 2292 3030 intimos
2323 2972 2536 3028 divinos
2585 2970 2890 3030 intellectus
2919 2971 3272 3044 perspiciant,
3300 2963 3663 3042 quemadmo-

2069 3063 2198 3118 dum
2225 3077 2326 3118 nos
2347 3076 2444 3134 per
2469 3060 2742 3118 sensibilia
2766 3061 3028 3134 symbols,
3047 3071 3310 3133 quantum
3332 3060 3665 3118 datnrnobis

377 3152 544 3210 etiam
575 3153 629 3210 in
669 3171 913 3214 amorem
944 3167 999 3216 et
1025 3159 1388 3246 coguitiopem
1421 3161 1724 3226 communis
1746 3159 1966 3216 creato.
1993 3147 2042 3208 C
2074 3155 2396 3226 intelligere,
2425 3154 2692 3224 quaedam
2729 3153 2912 3209 divina
2948 3155 3159 3211 occulta
3201 3153 3461 3225 mysteria
3486 3151 3532 3202 t'
3570 3167 3664 3210 co-

379 3243 459 3301 ris
497 3245 746 3303 subditos
781 3247 886 3304 sibi
925 3249 1146 3306 ordines
1197 3243 1492 3306 admonent
1531 3250 1552 3284 ⁸
1589 3260 1648 3307 et
1687 3263 1966 3310 revocant.

379 3335 536 3405 Quod
585 3349 985 3410 consequenter
1029 3339 1305 3410 subiungit
1337 3358 1354 3396 :
1386 3339 1493 3397 Sed
1533 3341 1858 3397 incusantem
1913 3351 1969 3398 ut

379 3436 430 3480 et
495 3426 1010 3485 intransmutabilent
1074 3431 1322 3486 habentes
1393 3432 1637 3502 propriae
1697 3431 1969 3501 deiformis

382 3517 724 3588 specialitatis
756 3522 1095 3589 purissimam
1132 3523 1546 3579 collocationem.
1582 3522 1697 3580 Hoc
1721 3531 1825 3590 est,
1861 3540 1968 3580 non

381 3607 558 3666 solum
585 3619 956 3683 contemptum
987 3614 1042 3670 in
1072 3613 1313 3684 subiecta
1343 3617 1446 3671 sibi
1477 3616 1748 3682 nesciunt,
1781 3631 1970 3672 verum

279 3707 287 3717 '
379 3701 546 3755 etiam
591 3701 795 3758 habent
835 3704 1188 3770 incasualem,
1219 3718 1279 3762 ut
1327 3721 1382 3762 ιιι
1419 3707 1967 3775 intranstnutabilem,

382 3791 732 3862 purissimam
777 3795 1187 3853 collocationem
1222 3799 1473 3870 propriae
1527 3799 1809 3876 deiformis
1841 3815 1968 3872 spc-

382 3883 659 3942 cialitatis.
685 3885 1038 3944 Purissimant
1064 3889 1262 3961 quippe
1289 3891 1699 3966 collocatimtcm
1722 3932 1737 3957 ,
1756 3884 1974 3948 'fnnda-

383 3986 624 4032 mentum
652 3976 674 4010 ⁸
704 3978 864 4050 plane
909 3983 1111 4038 habent
1138 3982 1488 4061 incasualem.
1521 3985 1664 4056 quod
1693 4002 1966 4058 nunquam

383 4067 528 4136 ruit,
571 4077 628 4126 et
667 4073 896 4137 merito,
929 4074 1065 4144 .qnia
1109 4075 1599 4134 intransmutabilis
1643 4088 1755 4146 est;
1797 4080 1970 4136 nescit
2022 4087 2027 4092 '

331 4215 342 4221 ,
381 4158 527 4215 enim
563 4161 790 4219 moveri.
827 4163 896 4220 Et
926 4166 946 4198 ⁷
979 4182 1118 4238 quae
1160 4177 1244 4223 est
1287 4171 1310 4201 ⁸
1342 4169 1432 4224 illa
1464 4171 1787 4230 collocatio?
1823 4173 1966 4245 quod

383 4246 830 4314 fundamentum?
857 4253 1080 4329 Propria
1124 4258 1282 4330 plane
1325 4258 1605 4319 deiformis
1637 4262 1963 4338 specialitas,

381 4354 546 4410 quam
575 4343 752 4400 omnis
781 4349 988 4418 appetit
1015 4356 1288 4414 creatura,
1339 4350 1453 4407 sive
1496 4354 1673 4410 sciens
1705 4354 1835 4426 quid
1873 4371 1968 4428 ap-

381 4439 554 4502 petat,
591 4433 708 4491 sive
751 4431 1020 4504 ncsciens,
1060 4441 1284 4496 omnino
1319 4456 1447 4497 casu
1487 4452 1544 4498 et
1585 4446 1966 4501 transnnttabi-

2073 3262 2342 3318 gitoscere
2379 3247 2656 3318 iubemur.
2687 3245 2874 3303 Potest
2899 3255 2957 3304 ct
2983 3247 3064 3302 sic
3105 3245 3329 3316 intelligi
3355 3262 3369 3301 :
3403 3245 3667 3302 Contem-

2047 3340 2305 3410 -plativas
2355 3338 2691 3395 sensibilium
2740 3337 3106 3412 symbolarum
3156 3355 3284 3396 esse
3337 3337 3666 3396 excellentes

2073 3432 2340 3488 essentiae
2361 3431 2753 3488 existimandae
2773 3441 2919 3497 sunt,
2950 3441 3045 3488 aut
3071 3431 3520 3503 contemplativas
3544 3445 3667 3503 spo-

2074 3523 2384 3592 culationis,
2425 3527 2529 3581 hoc.
2551 3533 2658 3589 est,
2695 3525 3021 3594 cognitionis
3049 3524 3493 3582 intellectualinm
3530 3539 3666 3595 quia-

2073 3614 2421 3686 limncunque
2453 3631 2654 3670 rerum.
2697 3612 2814 3670 Non
2836 3615 2983 3670 enim
3015 3613 3262 3686 cogimur
3287 3613 3578 3690 subaudire
3606 3613 3666 3668 in

2073 3715 2352 3776 utroque:
2412 3706 2801 3779 symbolarum,
2850 3707 2945 3762 sed
2987 3705 3236 3763 absolute
3282 3707 3662 3762 solummodo:

2074 3798 2526 3871 contemplativas
2552 3798 3020 3864 iutellectualium,
3061 3799 3531 3878 ut,_quodcunque
3555 3797 3668 3854 cui-

2073 3891 2204 3948 libet
2252 3891 2584 3963 probabilius
2627 3890 2892 3954 videatur,
2946 3890 3258 3956 Subandiat,
3308 3889 3425 3945 sive
3456 3903 3662 3951 rerum,

2074 3985 2188 4040 sive
2207 3998 2554 4048 arcanorum,
2587 3981 2702 4039 sive
2727 3982 3006 4048 virtutum,
3034 3981 3152 4038 sive
3179 3981 3483 4053 lmjusmodi
3509 3979 3666 4036 sinti-

2075 4078 2164 4133 lia.
2195 4077 2302 4132 Sed
2333 4074 2786 4146 quemadmodum
2816 4073 3080 4156 caelestes
3120 4071 3412 4137 essentiae,
3462 4084 3586 4126 cum
3619 4072 3666 4107 ³⁵

2073 4171 2183 4226 sint
2219 4169 2440 4224 omnino
2469 4165 2859 4236 incorporalcs,
2904 4165 3183 4222 sensibilia
3229 4163 3670 4234 contetnplantur

2074 4262 2344 4336 symbola.
2369 4276 2476 4316 non
2507 4275 2674 4330 parra
2703 4257 2907 4330 indiget
2929 4256 3204 4330 indagine,
3227 4255 3330 4313 nisi
3359 4254 3499 4312 forte
3517 4255 3667 4311 dica—

2074 4371 2218 4420 mns,
2249 4369 2342 4410 eas
2365 4350 2722 4424 spiritualium
2753 4364 3041 4422 corporum
3089 4347 3457 4404 habitudinem
3491 4345 3677 4412 indui,

2075 4458 2135 4503 ut
2162 4445 2438 4502 sensibilia
2477 4459 2574 4515 per
2615 4458 2809 4499 sensus
2835 4449 3204 4514 cognoscant:
3242 4438 3328 4494 vel
3353 4446 3504 4495 certe
3544 4452 3669 4494 cre-

319 4590 329 4604 '
381 4519 536 4578 litate
575 4535 748 4592 caret,
775 4526 906 4584 nulli
950 4540 1236 4587 creaturae
1274 4547 1305 4586 a
1329 4548 1389 4588 se
1427 4534 1676 4592 conditae
1699 4535 1964 4594 incuriam
1997 4510 2044 4571 θ
2070 4539 2307 4593 dendutn
2370 4510 2498 4602 est;
2525 4549 2620 4591 eas
2649 4550 2757 4589 non
2798 4510 2974 4590 soloin
3023 4529 3430 4594 intellectualis,
3473 4543 3672 4585 verum

327 4615 339 4624 “
382 4628 478 4669 seu
527 4625 896 4690 contemptum
952 4618 1136 4678 infert.
1182 4622 1259 4679 Ita
1306 4626 1634 4683 excellentes
1668 4629 1961 4695 essentiae,

382 4705 483 4777 ipsi
523 4704 732 4765 formae
756 4710 1067 4769 simillimae
1096 4723 1260 4784 atque
1297 4715 1598 4786 proximae,
1634 4718 1858 4775 omnino
1895 4719 1963 4775 il-

379 4793 490 4854 lam
533 4809 826 4872 sequentes
867 4813 926 4859 et
958 4803 1254 4870 imitantes,
1290 4805 1344 4861 itt
1390 4806 1818 4864 incommutabili
1862 4825 1966 4866 na-

379 4895 538 4948 tam
556 4907 688 4949 suae
715 4903 863 4951 statu
887 4903 943 4951 et
967 4891 1368 4968 pulchritudine
1393 4900 1560 4956 divini
1592 4901 1912 4973 principalis
1943 4907 1967 4941 ⁹

378 4983 613 5057 exempli
634 4983 700 5054 ³⁸,
729 5001 894 5058 quam
916 4989 1121 5060 absque
1142 4991 1248 5046 ulla
1275 4991 1712 5050 dissimilitudine
1735 5011 1968 5067 sequun-

2069 4629 2236 4684 etiam
2280 4627 2560 4684 sensibilia
2591 4627 2796 4696 absque
2838 4623 2949 4677 ullo
2995 4620 3358 4693 corporalium
3402 4633 3664 4676 sensuum
3726 4682 3732 4686 _

2070 4720 2399 4792 adminiculo
2427 4734 2653 4776 cernere
2695 4732 2875 4790 posse,
2901 4715 3041 4772 sicut
3070 4715 3316 4770 Elisaeus
3343 4713 3390 4747 ³⁸
3422 4711 3674 4769 Naamatt-

2072 4815 2270 4888 Syrum
2296 4829 2356 4870 se
2391 4815 2444 4870 in
2471 4811 2708 4870 Iordane
2734 4813 3002 4867 lavantem
3025 4807 3294 4880 spirituali
3323 4806 3480 4864 oculo
3505 4804 3661 4860 via'it.

2076 4907 2260 4980 Neque
2287 4908 2334 4940 “
2372 4917 2428 4962 ut
2481 4889 2732 4962 varietate
2771 4920 2955 4960 sacrae
2986 4900 3290 4973 Scripturae
3335 4901 3566 4954 tlteoriae
3609 4895 3670 4955 in

2073 5000 2307 5054 divinum
2339 4999 2603 5064 reductas,
2635 5000 2724 5052 sed
2767 5005 2821 5052 nt
2867 4996 3036 5050 omnis
3079 4991 3446 5048 immnterialis
3491 4989 3665 5047 scien-

1672 5104 1926 5164 VARIAE
1961 5108 2361 5169 LECTIONES.

455 5190 473 5224 ⁸
499 5189 551 5248 Δ
575 5207 659 5249 eo.
735 5193 756 5225 ³
783 5191 826 5248 Β
853 5196 1216 5252 excelsissimi.
1294 5197 1315 5229 ³
1341 5194 1436 5252 Sic
1465 5205 1521 5254 et
1565 5198 1683 5252 rad.
1721 5203 1982 5297 corr..B',
2022 5204 2111 5260 ΑΒ
2149 5217 2365 5262 ntalem.
2444 5205 2466 5240 ⁸
2487 5208 2533 5264 Β
2558 5205 2684 5261 fort.
2724 5223 2904 5278 quam.
2981 5205 3004 5238 '
3030 5204 3072 5260 Β
3099 5206 3402 5261 admouent.
3477 5201 3502 5238 ‘
3526 5201 3571 5258 Β
3598 5207 3668 5263 ad

383 5347 560 5407 marg.
589 5333 768 5390 adscr.
807 5334 912 5389 sive.
942 5333 1372 5403 fundamentum.
1450 5340 1469 5372 '
1501 5339 1560 5395 ll‘
1590 5353 1762 5414 marg.
1809 5343 1989 5400 adscr.
2026 5349 2268 5402 ostendit.
2345 5348 2367 5380 ³
2396 5350 2436 5404 ll
2463 5348 2552 5402 sit.

382 5441 710 5510 suprascr.
917 5431 972 5510 ‘_°_
989 5432 1078 5487 Sic
1103 5430 1174 5510 C_;
1207 5433 1294 5489 AB
1325 5435 1582 5510 equinis,
1612 5435 1682 5510 Il"
1703 5453 1860 5510 corr.
1881 5439 2138 5510 exemplo.

2637 5349 2661 5382 ⁹
2691 5347 2731 5402 ll
2756 5288 3292 5423 principtillfi‘sswunct.
3333 5344 3440 5418 adj.
3483 5354 3538 5402 et
3581 5359 3662 5404 tus

2245 5443 2282 5514 ’ἱ
2311 5439 2428 5497 Sic.
2453 5442 2541 5514 (ξΑ
2558 5457 2681 5514 erga
2709 5441 2970 5511 subjectos
2996 5441 3094 5496 sibi
3121 5438 3401 5514 sttitjet'tos.
3424 5434 3674 5514 ergo

384 5498 647 5590 anniset”
704 5501 803 5601 sibi
822 5593 834 5601 ι
855 5502 1111 5571 subjectos
1139 5506 1344 5574 (punct.
1372 5505 1436 5561 Β·
1464 5498 1603 5578 subj.
1635 5508 1894 5578 videtur).
1975 5498 2086 5568 “'A
2113 5513 2443 5584 dupplicitcr,
2472 5513 2510 5566 ll
2532 5498 2849 5601 dnp'pliritEr
2876 5516 3088 5584 (punct.
3118 5498 3230 5582 adj:
3255 5509 3362 5572 B‘).
3445 5505 3488 5538 ⁸³
3517 5506 3555 5561 ll
3592 5498 3668 5562 iit

379 5575 602 5650 dcit-siis...
625 5575 639 5588 ’
663 5595 705 5625 ¹⁸
732 5593 776 5647 Β
797 5593 951 5657 dare,
983 5595 1043 5649 B'
1075 5611 1216 5651 corr.
1247 5599 1408 5653 dare.

377 5686 622 5761 gisibilis‘
646 5683 851 5761 (punct.
903 5689 1009 5761 adj.
1033 5689 1137 5761 ll’).

377 5753 472 5824 B',
497 5755 629 5815 ΑΒΕ
660 5753 807 5812 ilum.
901 5753 1074 5814 "’All
1111 5760 1389 5819 helisaeu.
1493 5753 1616 5817 ""ll
1642 5779 1752 5820 nec.

1509 5598 1554 5631 ”
1591 5597 1770 5668 Conj.,
1810 5600 1942 5658 ABG
1963 5603 2059 5659 cis.

1241 5690 1282 5721 ’τ
1327 5689 1411 5744 B"
1469 5707 1630 5764 supra
1675 5693 1853 5747 adscr.
1882 5692 1974 5764 per
2003 5696 2404 5754 intclleﬂualia.

2175 5603 2218 5634 ¹⁶
2257 5605 2346 5660 Sic
2383 5605 2456 5678 C,
2493 5597 2926 5662 A‘intellcctunm
2965 5601 3208 5667 visibilis,
3243 5601 3284 5654 Β
3321 5597 3660 5655 intellectum

2497 5696 2540 5730 ³⁸
2578 5697 2619 5756 Β
2671 5697 2916 5770 mysterio
2948 5694 3174 5751 occulta.
3258 5694 3299 5728 "
3335 5691 3473 5750 Rud.
3513 5700 3660 5745 corr.
