  <div class='ocr_page' id='page_1' title='image "/cluster/home/n/w/nwhite01/storage/ocr_20150623/122/uva.x000503459/132.png"; bbox 0 0 4238 6070; ppageno 0'>
   <div class='ocr_carea' id='block_1_1' title="bbox 378 250 480 308">
    <p class='ocr_par' dir='ltr' id='par_1_1' title="bbox 378 250 480 308">
     <span class='ocr_line' id='line_1_1' title="bbox 378 250 480 308; baseline 0 -1"><span class='ocrx_word' id='word_1_1' title='bbox 378 250 480 308; x_wconf 74' lang='grc' dir='ltr'><strong>Ι85</strong></span> 
     </span>
    </p>
   </div>
   <div class='ocr_carea' id='block_1_2' title="bbox 1216 237 2808 310">
    <p class='ocr_par' dir='ltr' id='par_1_2' title="bbox 1216 237 2808 310">
     <span class='ocr_line' id='line_1_2' title="bbox 1216 237 2808 310; baseline -0.003 0"><span class='ocrx_word' id='word_1_2' title='bbox 1216 252 1443 310; x_wconf 70' lang='lat' dir='ltr'><strong>supra</strong></span> <span class='ocrx_word' id='word_1_3' title='bbox 1479 251 1903 308; x_wconf 77' lang='lat' dir='ltr'><strong>tEttARClHAM</strong></span> <span class='ocrx_word' id='word_1_4' title='bbox 1941 248 2347 308; x_wconf 73' lang='lat' dir='ltr'><strong>CAELESTEM</strong></span> <span class='ocrx_word' id='word_1_5' title='bbox 2392 249 2448 305; x_wconf 87' lang='lat' dir='ltr'><strong>s.</strong></span> <span class='ocrx_word' id='word_1_6' title='bbox 2491 237 2808 308; x_wconf 68' lang='lat' dir='ltr'><strong>oi‘oursu.</strong></span> 
     </span>
    </p>
   </div>
   <div class='ocr_carea' id='block_1_3' title="bbox 3537 256 3637 312">
    <p class='ocr_par' dir='ltr' id='par_1_3' title="bbox 3537 256 3637 312">
     <span class='ocr_line' id='line_1_3' title="bbox 3537 256 3637 312; baseline 0 -3"><span class='ocrx_word' id='word_1_7' title='bbox 3537 256 3637 312; x_wconf 79' lang='grc'><strong>186</strong></span> 
     </span>
    </p>
   </div>
   <div class='ocr_carea' id='block_1_4' title="bbox 377 360 3649 438">
    <p class='ocr_par' dir='ltr' id='par_1_4' title="bbox 377 360 3649 438">
     <span class='ocr_line' id='line_1_4' title="bbox 377 360 3649 438; baseline -0.002 -14"><span class='ocrx_word' id='word_1_8' title='bbox 377 369 475 434; x_wconf 74' lang='lat' dir='ltr'><strong>dit”,</strong></span> <span class='ocrx_word' id='word_1_9' title='bbox 505 369 819 433; x_wconf 77' lang='lat' dir='ltr'><strong>ascendens,</strong></span> <span class='ocrx_word' id='word_1_10' title='bbox 851 370 1141 424; x_wconf 84' lang='lat' dir='ltr'><strong>cumvolvit</strong></span> <span class='ocrx_word' id='word_1_11' title='bbox 1166 379 1219 424; x_wconf 90' lang='lat' dir='ltr'><strong>et</strong></span> <span class='ocrx_word' id='word_1_12' title='bbox 1267 363 1488 438; x_wconf 73' lang='lat' dir='ltr'><strong>colligit,</strong></span> <span class='ocrx_word' id='word_1_13' title='bbox 1527 365 1852 436; x_wconf 84' lang='lat' dir='ltr'><strong>easdemque</strong></span> <span class='ocrx_word' id='word_1_14' title='bbox 1898 363 1954 416; x_wconf 88' lang='lat' dir='ltr'><strong>in</strong></span> <span class='ocrx_word' id='word_1_15' title='bbox 1987 373 2029 424; x_wconf 66' lang='grc' dir='ltr'>Α</span> <span class='ocrx_word' id='word_1_16' title='bbox 2059 377 2125 430; x_wconf 89' lang='lat' dir='ltr'><strong>pe</strong></span> <span class='ocrx_word' id='word_1_17' title='bbox 2155 361 2333 432; x_wconf 83' lang='lat' dir='ltr'><strong>omnia</strong></span> <span class='ocrx_word' id='word_1_18' title='bbox 2368 360 2435 414; x_wconf 85' lang='lat' dir='ltr'><strong>ab</strong></span> <span class='ocrx_word' id='word_1_19' title='bbox 2480 377 2587 417; x_wconf 90' lang='lat' dir='ltr'><strong>uno</strong></span> <span class='ocrx_word' id='word_1_20' title='bbox 2623 376 2819 433; x_wconf 78' lang='lat' dir='ltr'><strong>graeco</strong></span> <span class='ocrx_word' id='word_1_21' title='bbox 2866 362 3029 417; x_wconf 76' lang='lat' dir='ltr'><strong>\CI&#39;lJO</strong></span> <span class='ocrx_word' id='word_1_22' title='bbox 3079 362 3335 427; x_wconf 87' lang='lat' dir='ltr'><strong>veniunt,</strong></span> <span class='ocrx_word' id='word_1_23' title='bbox 3387 369 3528 435; x_wconf 87' lang='lat' dir='ltr'><strong>quod</strong></span> <span class='ocrx_word' id='word_1_24' title='bbox 3561 378 3649 426; x_wconf 86' lang='lat' dir='ltr'><strong>est</strong></span> 
     </span>
    </p>
   </div>
   <div class='ocr_carea' id='block_1_5' title="bbox 373 456 1956 531">
    <p class='ocr_par' dir='ltr' id='par_1_5' title="bbox 373 456 1956 531">
     <span class='ocr_line' id='line_1_5' title="bbox 373 456 1956 531; baseline -0.005 -15"><span class='ocrx_word' id='word_1_25' title='bbox 373 459 638 516; x_wconf 77' lang='lat' dir='ltr'><strong>unitatem</strong></span> <span class='ocrx_word' id='word_1_26' title='bbox 689 460 1050 516; x_wconf 77' lang='lat' dir='ltr'><strong>maximorum</strong></span> <span class='ocrx_word' id='word_1_27' title='bbox 1108 474 1366 531; x_wconf 72' lang='lat' dir='ltr'><strong>generum</strong></span> <span class='ocrx_word' id='word_1_28' title='bbox 1425 458 1664 521; x_wconf 85' lang='lat' dir='ltr'><strong>reducit;</strong></span> <span class='ocrx_word' id='word_1_29' title='bbox 1725 456 1956 524; x_wconf 87' lang='lat' dir='ltr'><strong>ideoque</strong></span> 
     </span>
    </p>
   </div>
   <div class='ocr_carea' id='block_1_6' title="bbox 373 545 1955 618">
    <p class='ocr_par' dir='ltr' id='par_1_6' title="bbox 373 545 1955 618">
     <span class='ocr_line' id='line_1_6' title="bbox 373 545 1955 618; baseline -0.003 -15"><span class='ocrx_word' id='word_1_30' title='bbox 373 545 650 604; x_wconf 80' lang='lat' dir='ltr'><strong>reductiva</strong></span> <span class='ocrx_word' id='word_1_31' title='bbox 693 549 892 605; x_wconf 85' lang='lat' dir='ltr'><strong>dicitur</strong></span> <span class='ocrx_word' id='word_1_32' title='bbox 934 565 1028 606; x_wconf 87' lang='lat' dir='ltr'><strong>seu</strong></span> <span class='ocrx_word' id='word_1_33' title='bbox 1062 551 1288 607; x_wconf 86' lang='lat' dir='ltr'><strong>reditiva</strong></span> <span class='ocrx_word' id='word_1_34' title='bbox 1321 556 1358 604; x_wconf 88' lang='lat'><strong>‘.</strong></span> <span class='ocrx_word' id='word_1_35' title='bbox 1407 551 1484 604; x_wconf 73' lang='lat' dir='ltr'><strong>Ac</strong></span> <span class='ocrx_word' id='word_1_36' title='bbox 1530 564 1624 618; x_wconf 87' lang='lat' dir='ltr'><strong>per</strong></span> <span class='ocrx_word' id='word_1_37' title='bbox 1653 549 1755 603; x_wconf 86' lang='lat' dir='ltr'><strong>hoc</strong></span> <span class='ocrx_word' id='word_1_38' title='bbox 1786 547 1955 600; x_wconf 83' lang='lat' dir='ltr'><strong>ratio-</strong></span> 
     </span>
    </p>
   </div>
   <div class='ocr_carea' id='block_1_7' title="bbox 372 637 1954 710">
    <p class='ocr_par' dir='ltr' id='par_1_7' title="bbox 372 637 1954 710">
     <span class='ocr_line' id='line_1_7' title="bbox 372 637 1954 710; baseline -0.001 -16"><span class='ocrx_word' id='word_1_39' title='bbox 372 637 510 694; x_wconf 84' lang='lat' dir='ltr'><strong>nalis</strong></span> <span class='ocrx_word' id='word_1_40' title='bbox 537 639 738 704; x_wconf 84' lang='lat' dir='ltr'><strong>anima,</strong></span> <span class='ocrx_word' id='word_1_41' title='bbox 765 655 991 710; x_wconf 82' lang='lat' dir='ltr'><strong>poenam</strong></span> <span class='ocrx_word' id='word_1_42' title='bbox 1015 641 1496 710; x_wconf 70' lang='lat' dir='ltr'><strong>praevaricationis</strong></span> <span class='ocrx_word' id='word_1_43' title='bbox 1539 654 1669 696; x_wconf 87' lang='lat' dir='ltr'><strong>suae</strong></span> <span class='ocrx_word' id='word_1_44' title='bbox 1694 641 1870 703; x_wconf 86' lang='lat' dir='ltr'><strong>luens,</strong></span> <span class='ocrx_word' id='word_1_45' title='bbox 1900 639 1954 692; x_wconf 91' lang='lat' dir='ltr'><strong>in</strong></span> 
     </span>
    </p>
   </div>
   <div class='ocr_carea' id='block_1_8' title="bbox 375 728 1955 802">
    <p class='ocr_par' dir='ltr' id='par_1_8' title="bbox 375 728 1955 802">
     <span class='ocr_line' id='line_1_8' title="bbox 375 728 1955 802; baseline 0.001 -19"><span class='ocrx_word' id='word_1_46' title='bbox 375 728 694 798; x_wconf 74' lang='lat' dir='ltr'><strong>multiplices</strong></span> <span class='ocrx_word' id='word_1_47' title='bbox 731 730 1193 802; x_wconf 77' lang='lat' dir='ltr'><strong>multiformesque</strong></span> <span class='ocrx_word' id='word_1_48' title='bbox 1226 728 1600 800; x_wconf 88' lang='lat' dir='ltr'><strong>temporalium</strong></span> <span class='ocrx_word' id='word_1_49' title='bbox 1645 746 1823 798; x_wconf 83' lang='lat' dir='ltr'><strong>rerum</strong></span> <span class='ocrx_word' id='word_1_50' title='bbox 1859 746 1955 800; x_wconf 82' lang='lat' dir='ltr'><strong>ap-</strong></span> 
     </span>
    </p>
   </div>
   <div class='ocr_carea' id='block_1_9' title="bbox 371 820 1956 892">
    <p class='ocr_par' dir='ltr' id='par_1_9' title="bbox 371 820 1956 892">
     <span class='ocr_line' id='line_1_9' title="bbox 371 820 1956 892; baseline -0.002 -16"><span class='ocrx_word' id='word_1_51' title='bbox 371 821 576 892; x_wconf 76' lang='lat' dir='ltr'><strong>petitus</strong></span> <span class='ocrx_word' id='word_1_52' title='bbox 629 823 790 877; x_wconf 65' lang='lat' dir='ltr'><strong>veluti</strong></span> <span class='ocrx_word' id='word_1_53' title='bbox 861 824 1093 892; x_wconf 86' lang='lat' dir='ltr'><strong>quadam</strong></span> <span class='ocrx_word' id='word_1_54' title='bbox 1152 823 1442 877; x_wconf 85' lang='lat' dir='ltr'><strong>diaeretica</strong></span> <span class='ocrx_word' id='word_1_55' title='bbox 1495 821 1548 876; x_wconf 85' lang='lat' dir='ltr'><strong>vi</strong></span> <span class='ocrx_word' id='word_1_56' title='bbox 1597 821 1616 850; x_wconf 82' lang='lat'><strong>’</strong></span> <span class='ocrx_word' id='word_1_57' title='bbox 1675 820 1872 890; x_wconf 84' lang='lat' dir='ltr'><strong>partita</strong></span> <span class='ocrx_word' id='word_1_58' title='bbox 1937 820 1956 852; x_wconf 91' lang='grc'>³</span> 
     </span>
    </p>
   </div>
   <div class='ocr_carea' id='block_1_10' title="bbox 372 911 1956 993">
    <p class='ocr_par' dir='ltr' id='par_1_10' title="bbox 372 911 1956 993">
     <span class='ocr_line' id='line_1_10' title="bbox 372 911 1956 993; baseline -0.002 -27"><span class='ocrx_word' id='word_1_59' title='bbox 372 923 455 966; x_wconf 84' lang='lat' dir='ltr'><strong>est</strong></span> <span class='ocrx_word' id='word_1_60' title='bbox 479 922 532 967; x_wconf 88' lang='lat' dir='ltr'><strong>et</strong></span> <span class='ocrx_word' id='word_1_61' title='bbox 559 913 749 979; x_wconf 82' lang='lat' dir='ltr'><strong>scissa,</strong></span> <span class='ocrx_word' id='word_1_62' title='bbox 778 914 950 993; x_wconf 79' lang='lat' dir='ltr'><strong>donec</strong></span> <span class='ocrx_word' id='word_1_63' title='bbox 977 912 1284 987; x_wconf 82' lang='lat' dir='ltr'><strong>partitionis</strong></span> <span class='ocrx_word' id='word_1_64' title='bbox 1308 927 1437 967; x_wconf 88' lang='lat' dir='ltr'><strong>suae</strong></span> <span class='ocrx_word' id='word_1_65' title='bbox 1461 911 1516 967; x_wconf 90' lang='lat' dir='ltr'><strong>in</strong></span> <span class='ocrx_word' id='word_1_66' title='bbox 1556 926 1742 965; x_wconf 84' lang='lat' dir='ltr'><strong>amore</strong></span> <span class='ocrx_word' id='word_1_67' title='bbox 1777 924 1956 965; x_wconf 85' lang='lat' dir='ltr'><strong>rerum</strong></span> 
     </span>
    </p>
   </div>
   <div class='ocr_carea' id='block_1_11' title="bbox 368 1003 1957 1076">
    <p class='ocr_par' dir='ltr' id='par_1_11' title="bbox 368 1003 1957 1076">
     <span class='ocr_line' id='line_1_11' title="bbox 368 1003 1957 1076; baseline -0.001 -18"><span class='ocrx_word' id='word_1_68' title='bbox 368 1004 732 1074; x_wconf 80' lang='lat' dir='ltr'><strong>corporalium</strong></span> <span class='ocrx_word' id='word_1_69' title='bbox 783 1005 1070 1060; x_wconf 86' lang='lat' dir='ltr'><strong>terminum</strong></span> <span class='ocrx_word' id='word_1_70' title='bbox 1107 1005 1345 1076; x_wconf 85' lang='lat' dir='ltr'><strong>posuerit</strong></span> <span class='ocrx_word' id='word_1_71' title='bbox 1381 1003 1422 1070; x_wconf 68' lang='grc' dir='ltr'><strong>δ,</strong></span> <span class='ocrx_word' id='word_1_72' title='bbox 1471 1003 1610 1059; x_wconf 81' lang='lat' dir='ltr'><strong>infra</strong></span> <span class='ocrx_word' id='word_1_73' title='bbox 1639 1018 1798 1073; x_wconf 85' lang='lat' dir='ltr'><strong>quem</strong></span> <span class='ocrx_word' id='word_1_74' title='bbox 1831 1019 1957 1074; x_wconf 90' lang='lat' dir='ltr'><strong>pro-</strong></span> 
     </span>
    </p>
   </div>
   <div class='ocr_carea' id='block_1_12' title="bbox 371 1094 1958 1168">
    <p class='ocr_par' dir='ltr' id='par_1_12' title="bbox 371 1094 1958 1168">
     <span class='ocr_line' id='line_1_12' title="bbox 371 1094 1958 1168; baseline 0 -18"><span class='ocrx_word' id='word_1_75' title='bbox 371 1097 490 1150; x_wconf 85' lang='lat' dir='ltr'><strong>dire</strong></span> <span class='ocrx_word' id='word_1_76' title='bbox 527 1112 633 1150; x_wconf 89' lang='lat' dir='ltr'><strong>non</strong></span> <span class='ocrx_word' id='word_1_77' title='bbox 677 1097 868 1166; x_wconf 79' lang='lat' dir='ltr'><strong>potuit.</strong></span> <span class='ocrx_word' id='word_1_78' title='bbox 922 1094 1028 1152; x_wconf 88' lang='lat' dir='ltr'><strong>Sed</strong></span> <span class='ocrx_word' id='word_1_79' title='bbox 1083 1097 1277 1153; x_wconf 87' lang='lat' dir='ltr'><strong>iterum</strong></span> <span class='ocrx_word' id='word_1_80' title='bbox 1324 1097 1600 1154; x_wconf 76' lang='lat' dir='ltr'><strong>Creatoris</strong></span> <span class='ocrx_word' id='word_1_81' title='bbox 1653 1097 1732 1152; x_wconf 89' lang='lat' dir='ltr'><strong>sui</strong></span> <span class='ocrx_word' id='word_1_82' title='bbox 1784 1097 1958 1168; x_wconf 80' lang='lat' dir='ltr'><strong>gratia</strong></span> 
     </span>
    </p>
   </div>
   <div class='ocr_carea' id='block_1_13' title="bbox 371 1183 1957 1259">
    <p class='ocr_par' dir='ltr' id='par_1_13' title="bbox 371 1183 1957 1259">
     <span class='ocr_line' id='line_1_13' title="bbox 371 1183 1957 1259; baseline 0.002 -18"><span class='ocrx_word' id='word_1_83' title='bbox 371 1195 689 1257; x_wconf 85' lang='lat' dir='ltr'><strong>praeventa,</strong></span> <span class='ocrx_word' id='word_1_84' title='bbox 734 1189 960 1252; x_wconf 79' lang='lat' dir='ltr'><strong>salvata,</strong></span> <span class='ocrx_word' id='word_1_85' title='bbox 1009 1189 1224 1259; x_wconf 82' lang='lat' dir='ltr'><strong>adjuta,</strong></span> <span class='ocrx_word' id='word_1_86' title='bbox 1286 1197 1578 1251; x_wconf 87' lang='lat' dir='ltr'><strong>revocata.</strong></span> <span class='ocrx_word' id='word_1_87' title='bbox 1637 1183 1957 1257; x_wconf 83' lang='lat' dir='ltr'><strong>quibusdam</strong></span> 
     </span>
    </p>
   </div>
   <div class='ocr_carea' id='block_1_14' title="bbox 257 1265 1960 1350">
    <p class='ocr_par' dir='ltr' id='par_1_14' title="bbox 257 1265 1960 1350">
     <span class='ocr_line' id='line_1_14' title="bbox 257 1265 1960 1350; baseline 0.002 -20"><span class='ocrx_word' id='word_1_88' title='bbox 257 1265 268 1272; x_wconf 74' lang='grc'><strong>’</strong></span> <span class='ocrx_word' id='word_1_89' title='bbox 368 1277 628 1350; x_wconf 71' lang='lat' dir='ltr'><strong>gradibus</strong></span> <span class='ocrx_word' id='word_1_90' title='bbox 687 1278 969 1350; x_wconf 82' lang='lat' dir='ltr'><strong>analyticis</strong></span> <span class='ocrx_word' id='word_1_91' title='bbox 1039 1283 1092 1334; x_wconf 85' lang='lat' dir='ltr'><strong>in</strong></span> <span class='ocrx_word' id='word_1_92' title='bbox 1155 1280 1388 1350; x_wconf 85' lang='lat' dir='ltr'><strong>seipsam</strong></span> <span class='ocrx_word' id='word_1_93' title='bbox 1450 1279 1825 1350; x_wconf 79' lang='lat' dir='ltr'><strong>recolligitur,</strong></span> <span class='ocrx_word' id='word_1_94' title='bbox 1894 1294 1960 1334; x_wconf 88' lang='lat' dir='ltr'><strong>ac</strong></span> 
     </span>
    </p>
   </div>
   <div class='ocr_carea' id='block_1_15' title="bbox 370 1367 1960 1442">
    <p class='ocr_par' dir='ltr' id='par_1_15' title="bbox 370 1367 1960 1442">
     <span class='ocr_line' id='line_1_15' title="bbox 370 1367 1960 1442; baseline 0.002 -21"><span class='ocrx_word' id='word_1_95' title='bbox 370 1367 568 1425; x_wconf 84' lang='lat' dir='ltr'><strong>deinde</strong></span> <span class='ocrx_word' id='word_1_96' title='bbox 601 1369 623 1401; x_wconf 85' lang='grc'><strong><em>⁸</em></strong></span> <span class='ocrx_word' id='word_1_97' title='bbox 655 1369 709 1425; x_wconf 89' lang='lat' dir='ltr'><strong>in</strong></span> <span class='ocrx_word' id='word_1_98' title='bbox 741 1370 1001 1426; x_wconf 90' lang='lat' dir='ltr'><strong>unitatem</strong></span> <span class='ocrx_word' id='word_1_99' title='bbox 1025 1368 1300 1426; x_wconf 82' lang='lat' dir='ltr'><strong>Creatoris</strong></span> <span class='ocrx_word' id='word_1_100' title='bbox 1335 1371 1438 1437; x_wconf 89' lang='lat' dir='ltr'><strong>sui,</strong></span> <span class='ocrx_word' id='word_1_101' title='bbox 1484 1386 1646 1442; x_wconf 85' lang='lat' dir='ltr'><strong>quam</strong></span> <span class='ocrx_word' id='word_1_102' title='bbox 1685 1371 1960 1442; x_wconf 80' lang='lat' dir='ltr'><strong>peccando</strong></span> 
     </span>
    </p>
   </div>
   <div class='ocr_carea' id='block_1_16' title="bbox 367 1459 1960 1527">
    <p class='ocr_par' dir='ltr' id='par_1_16' title="bbox 367 1459 1960 1527">
     <span class='ocr_line' id='line_1_16' title="bbox 367 1459 1960 1527; baseline 0.004 -13"><span class='ocrx_word' id='word_1_103' title='bbox 367 1459 631 1527; x_wconf 81' lang='lat' dir='ltr'><strong>sciderat,</strong></span> <span class='ocrx_word' id='word_1_104' title='bbox 667 1463 721 1517; x_wconf 88' lang='lat' dir='ltr'><strong>in</strong></span> <span class='ocrx_word' id='word_1_105' title='bbox 767 1463 1126 1519; x_wconf 85' lang='lat' dir='ltr'><strong>deiﬁcationis</strong></span> <span class='ocrx_word' id='word_1_106' title='bbox 1175 1464 1374 1518; x_wconf 87' lang='lat' dir='ltr'><strong>virtute</strong></span> <span class='ocrx_word' id='word_1_107' title='bbox 1429 1473 1787 1520; x_wconf 81' lang='lat' dir='ltr'><strong>restaurator.</strong></span> <span class='ocrx_word' id='word_1_108' title='bbox 1841 1463 1960 1520; x_wconf 67' lang='lat' dir='ltr'><strong>Non</strong></span> 
     </span>
    </p>
   </div>
   <div class='ocr_carea' id='block_1_17' title="bbox 373 1553 1960 1629">
    <p class='ocr_par' dir='ltr' id='par_1_17' title="bbox 373 1553 1960 1629">
     <span class='ocr_line' id='line_1_17' title="bbox 373 1553 1960 1629; baseline 0.004 -22"><span class='ocrx_word' id='word_1_109' title='bbox 373 1553 448 1607; x_wconf 86' lang='lat' dir='ltr'><strong>ita</strong></span> <span class='ocrx_word' id='word_1_110' title='bbox 489 1563 574 1610; x_wconf 68' lang='lat' dir='ltr'><strong>est</strong></span> <span class='ocrx_word' id='word_1_111' title='bbox 603 1555 654 1608; x_wconf 92' lang='lat' dir='ltr'><strong>in</strong></span> <span class='ocrx_word' id='word_1_112' title='bbox 696 1556 1022 1612; x_wconf 88' lang='lat' dir='ltr'><strong>caelestibus</strong></span> <span class='ocrx_word' id='word_1_113' title='bbox 1054 1558 1328 1622; x_wconf 87' lang='lat' dir='ltr'><strong>essentiis,</strong></span> <span class='ocrx_word' id='word_1_114' title='bbox 1357 1559 1784 1629; x_wconf 86' lang='lat' dir='ltr'><strong>praesertimque</strong></span> <span class='ocrx_word' id='word_1_115' title='bbox 1819 1559 1960 1615; x_wconf 84' lang='lat' dir='ltr'><strong>emi-</strong></span> 
     </span>
    </p>
   </div>
   <div class='ocr_carea' id='block_1_18' title="bbox 375 1644 1958 1721">
    <p class='ocr_par' dir='ltr' id='par_1_18' title="bbox 375 1644 1958 1721">
     <span class='ocr_line' id='line_1_18' title="bbox 375 1644 1958 1721; baseline 0.003 -22"><span class='ocrx_word' id='word_1_116' title='bbox 375 1647 648 1721; x_wconf 74' lang='lat' dir='ltr'><strong>nentibus,</strong></span> <span class='ocrx_word' id='word_1_117' title='bbox 672 1663 810 1717; x_wconf 82' lang='lat' dir='ltr'><strong>quae</strong></span> <span class='ocrx_word' id='word_1_118' title='bbox 823 1644 1098 1718; x_wconf 77' lang='lat' dir='ltr'><strong>nunquam</strong></span> <span class='ocrx_word' id='word_1_119' title='bbox 1114 1649 1389 1704; x_wconf 82' lang='lat' dir='ltr'><strong>Creatoris</strong></span> <span class='ocrx_word' id='word_1_120' title='bbox 1401 1650 1482 1704; x_wconf 89' lang='lat' dir='ltr'><strong>sui</strong></span> <span class='ocrx_word' id='word_1_121' title='bbox 1501 1650 1758 1706; x_wconf 88' lang='lat' dir='ltr'><strong>unitatem</strong></span> <span class='ocrx_word' id='word_1_122' title='bbox 1782 1650 1925 1706; x_wconf 85' lang='lat' dir='ltr'><strong>disru</strong></span> <span class='ocrx_word' id='word_1_123' title='bbox 1937 1679 1958 1692; x_wconf 79' lang='grc' dir='ltr'><strong><em>ο</em></strong></span> 
     </span>
    </p>
   </div>
   <div class='ocr_carea' id='block_1_19' title="bbox 2057 450 3648 526">
    <p class='ocr_par' dir='ltr' id='par_1_19' title="bbox 2057 450 3648 526">
     <span class='ocr_line' id='line_1_19' title="bbox 2057 450 3648 526; baseline 0.002 -18"><span class='ocrx_word' id='word_1_124' title='bbox 2057 460 2286 526; x_wconf 53' lang='lat' dir='ltr'><strong>(sucina:</strong></span> <span class='ocrx_word' id='word_1_125' title='bbox 2313 452 2378 517; x_wconf 77' lang='lat'><strong>&quot;,</strong></span> <span class='ocrx_word' id='word_1_126' title='bbox 2408 450 2563 522; x_wconf 81' lang='lat' dir='ltr'><strong>cujus</strong></span> <span class='ocrx_word' id='word_1_127' title='bbox 2593 453 2748 507; x_wconf 83' lang='lat' dir='ltr'><strong>tertia</strong></span> <span class='ocrx_word' id='word_1_128' title='bbox 2798 467 3023 522; x_wconf 79' lang='lat' dir='ltr'><strong>persona</strong></span> <span class='ocrx_word' id='word_1_129' title='bbox 3076 453 3299 522; x_wconf 79' lang='lat' dir='ltr'><strong>pluralis</strong></span> <span class='ocrx_word' id='word_1_130' title='bbox 3342 463 3424 512; x_wconf 82' lang='lat' dir='ltr'><strong>est</strong></span> <span class='ocrx_word' id='word_1_131' title='bbox 3454 461 3648 526; x_wconf 72' lang='grc' dir='ltr'><strong>μυοῦν-</strong></span> 
     </span>
    </p>
   </div>
   <div class='ocr_carea' id='block_1_20' title="bbox 2055 544 3646 615">
    <p class='ocr_par' dir='ltr' id='par_1_20' title="bbox 2055 544 3646 615">
     <span class='ocr_line' id='line_1_20' title="bbox 2055 544 3646 615; baseline 0.001 -13"><span class='ocrx_word' id='word_1_132' title='bbox 2055 569 2142 602; x_wconf 77' lang='grc' dir='ltr'><strong>ται</strong></span> <span class='ocrx_word' id='word_1_133' title='bbox 2170 546 2233 608; x_wconf 81' lang='grc'><strong>¹⁹,</strong></span> <span class='ocrx_word' id='word_1_134' title='bbox 2282 554 2334 600; x_wconf 91' lang='lat' dir='ltr'><strong>et</strong></span> <span class='ocrx_word' id='word_1_135' title='bbox 2369 545 2424 600; x_wconf 89' lang='lat' dir='ltr'><strong>iu</strong></span> <span class='ocrx_word' id='word_1_136' title='bbox 2473 555 2553 601; x_wconf 91' lang='lat' dir='ltr'><strong>tot</strong></span> <span class='ocrx_word' id='word_1_137' title='bbox 2599 544 2870 615; x_wconf 74' lang='lat' dir='ltr'><strong>praefatos</strong></span> <span class='ocrx_word' id='word_1_138' title='bbox 2919 545 3394 615; x_wconf 76' lang='lat' dir='ltr'><strong>interpretationes</strong></span> <span class='ocrx_word' id='word_1_139' title='bbox 3441 549 3572 604; x_wconf 88' lang='lat' dir='ltr'><strong>verti</strong></span> <span class='ocrx_word' id='word_1_140' title='bbox 3599 547 3646 580; x_wconf 80' lang='lat'><strong>’°</strong></span> 
     </span>
    </p>
   </div>
   <div class='ocr_carea' id='block_1_21' title="bbox 2057 635 3645 712">
    <p class='ocr_par' dir='ltr' id='par_1_21' title="bbox 2057 635 3645 712">
     <span class='ocr_line' id='line_1_21' title="bbox 2057 635 3645 712; baseline 0.003 -22"><span class='ocrx_word' id='word_1_141' title='bbox 2057 646 2252 708; x_wconf 83' lang='lat' dir='ltr'><strong>potest,</strong></span> <span class='ocrx_word' id='word_1_142' title='bbox 2273 650 2416 706; x_wconf 88' lang='lat' dir='ltr'><strong>quae</strong></span> <span class='ocrx_word' id='word_1_143' title='bbox 2444 635 2569 692; x_wconf 88' lang='lat' dir='ltr'><strong>huic</strong></span> <span class='ocrx_word' id='word_1_144' title='bbox 2607 638 2726 691; x_wconf 89' lang='lat' dir='ltr'><strong>loco</strong></span> <span class='ocrx_word' id='word_1_145' title='bbox 2746 637 3104 702; x_wconf 87' lang='lat' dir='ltr'><strong>conveniunt;</strong></span> <span class='ocrx_word' id='word_1_146' title='bbox 3138 653 3261 692; x_wconf 89' lang='lat' dir='ltr'><strong>nam</strong></span> <span class='ocrx_word' id='word_1_147' title='bbox 3278 645 3540 712; x_wconf 74' lang='grc' dir='ltr'><strong>μυοῦνται</strong></span> <span class='ocrx_word' id='word_1_148' title='bbox 3577 639 3645 703; x_wconf 78' lang='grc'><strong>’¹.</strong></span> 
     </span>
    </p>
   </div>
   <div class='ocr_carea' id='block_1_22' title="bbox 2058 728 3650 795">
    <p class='ocr_par' dir='ltr' id='par_1_22' title="bbox 2058 728 3650 795">
     <span class='ocr_line' id='line_1_22' title="bbox 2058 728 3650 795; baseline 0.001 -10"><span class='ocrx_word' id='word_1_149' title='bbox 2058 730 2184 785; x_wconf 90' lang='lat' dir='ltr'><strong>dum</strong></span> <span class='ocrx_word' id='word_1_150' title='bbox 2219 728 2451 784; x_wconf 76' lang='lat' dir='ltr'><strong>vertitur</strong></span> <span class='ocrx_word' id='word_1_151' title='bbox 2497 728 2552 785; x_wconf 88' lang='lat' dir='ltr'><strong>in</strong></span> <span class='ocrx_word' id='word_1_152' title='bbox 2599 729 2788 784; x_wconf 89' lang='lat' dir='ltr'><strong>oculos</strong></span> <span class='ocrx_word' id='word_1_153' title='bbox 2833 729 3127 795; x_wconf 87' lang='lat' dir='ltr'><strong>cohibent,</strong></span> <span class='ocrx_word' id='word_1_154' title='bbox 3175 729 3301 786; x_wconf 88' lang='lat' dir='ltr'><strong>huic</strong></span> <span class='ocrx_word' id='word_1_155' title='bbox 3344 731 3650 786; x_wconf 80' lang='lat' dir='ltr'><strong>sententiae</strong></span> 
     </span>
    </p>
   </div>
   <div class='ocr_carea' id='block_1_23' title="bbox 2058 821 3651 896">
    <p class='ocr_par' dir='ltr' id='par_1_23' title="bbox 2058 821 3651 896">
     <span class='ocr_line' id='line_1_23' title="bbox 2058 821 3651 896; baseline 0.001 -18"><span class='ocrx_word' id='word_1_156' title='bbox 2058 822 2352 878; x_wconf 88' lang='lat' dir='ltr'><strong>convenire</strong></span> <span class='ocrx_word' id='word_1_157' title='bbox 2399 837 2507 878; x_wconf 89' lang='lat' dir='ltr'><strong>non</strong></span> <span class='ocrx_word' id='word_1_158' title='bbox 2554 825 2728 879; x_wconf 85' lang='lat' dir='ltr'><strong>video.</strong></span> <span class='ocrx_word' id='word_1_159' title='bbox 2781 821 2880 878; x_wconf 88' lang='lat' dir='ltr'><strong>Ubi</strong></span> <span class='ocrx_word' id='word_1_160' title='bbox 2922 824 3245 896; x_wconf 83' lang='lat' dir='ltr'><strong>posuimus:</strong></span> <span class='ocrx_word' id='word_1_161' title='bbox 3277 825 3651 882; x_wconf 81' lang='lat' dir='ltr'><strong>sanctilicatae</strong></span> 
     </span>
    </p>
   </div>
   <div class='ocr_carea' id='block_1_24' title="bbox 2059 914 3652 980">
    <p class='ocr_par' dir='ltr' id='par_1_24' title="bbox 2059 914 3652 980">
     <span class='ocr_line' id='line_1_24' title="bbox 2059 914 3652 980; baseline 0.002 -11"><span class='ocrx_word' id='word_1_162' title='bbox 2059 923 2220 980; x_wconf 82' lang='lat' dir='ltr'><strong>sunt,</strong></span> <span class='ocrx_word' id='word_1_163' title='bbox 2244 914 2321 969; x_wconf 86' lang='lat' dir='ltr'><strong>ibi</strong></span> <span class='ocrx_word' id='word_1_164' title='bbox 2350 923 2404 971; x_wconf 89' lang='lat' dir='ltr'><strong>et</strong></span> <span class='ocrx_word' id='word_1_165' title='bbox 2434 914 2772 972; x_wconf 82' lang='lat' dir='ltr'><strong>sacrilleatae</strong></span> <span class='ocrx_word' id='word_1_166' title='bbox 2822 924 2879 970; x_wconf 88' lang='lat' dir='ltr'><strong>et</strong></span> <span class='ocrx_word' id='word_1_167' title='bbox 2906 914 3216 971; x_wconf 82' lang='lat' dir='ltr'><strong>immolatae</strong></span> <span class='ocrx_word' id='word_1_168' title='bbox 3241 915 3295 971; x_wconf 88' lang='lat' dir='ltr'><strong>in</strong></span> <span class='ocrx_word' id='word_1_169' title='bbox 3342 917 3535 974; x_wconf 86' lang='lat' dir='ltr'><strong>eodem</strong></span> <span class='ocrx_word' id='word_1_170' title='bbox 3565 927 3652 972; x_wconf 88' lang='lat' dir='ltr'><strong>ta-</strong></span> 
     </span>
    </p>
   </div>
   <div class='ocr_carea' id='block_1_25' title="bbox 2060 1005 3654 1076">
    <p class='ocr_par' dir='ltr' id='par_1_25' title="bbox 2060 1005 3654 1076">
     <span class='ocr_line' id='line_1_25' title="bbox 2060 1005 3654 1076; baseline 0.002 -14"><span class='ocrx_word' id='word_1_171' title='bbox 2060 1021 2184 1062; x_wconf 84' lang='lat' dir='ltr'><strong>men</strong></span> <span class='ocrx_word' id='word_1_172' title='bbox 2215 1021 2374 1062; x_wconf 87' lang='lat' dir='ltr'><strong>sensu</strong></span> <span class='ocrx_word' id='word_1_173' title='bbox 2403 1019 2690 1075; x_wconf 83' lang='lat' dir='ltr'><strong>possumus</strong></span> <span class='ocrx_word' id='word_1_174' title='bbox 2719 1006 2766 1038; x_wconf 81' lang='grc'><strong><em>³²</em></strong></span> <span class='ocrx_word' id='word_1_175' title='bbox 2803 1020 3023 1076; x_wconf 85' lang='lat' dir='ltr'><strong>ponere.</strong></span> <span class='ocrx_word' id='word_1_176' title='bbox 3068 1005 3427 1065; x_wconf 83' lang='lat' dir='ltr'><strong>Perfectionis</strong></span> <span class='ocrx_word' id='word_1_177' title='bbox 3468 1016 3654 1065; x_wconf 77' lang='lat' dir='ltr'><strong>autem</strong></span> 
     </span>
    </p>
   </div>
   <div class='ocr_carea' id='block_1_26' title="bbox 2060 1097 3656 1170">
    <p class='ocr_par' dir='ltr' id='par_1_26' title="bbox 2060 1097 3656 1170">
     <span class='ocr_line' id='line_1_26' title="bbox 2060 1097 3656 1170; baseline 0.002 -20"><span class='ocrx_word' id='word_1_178' title='bbox 2060 1097 2310 1166; x_wconf 87' lang='lat' dir='ltr'><strong>princeps</strong></span> <span class='ocrx_word' id='word_1_179' title='bbox 2344 1104 2463 1163; x_wconf 86' lang='lat' dir='ltr'><strong>est,</strong></span> <span class='ocrx_word' id='word_1_180' title='bbox 2503 1111 2642 1167; x_wconf 81' lang='lat' dir='ltr'><strong>quae</strong></span> <span class='ocrx_word' id='word_1_181' title='bbox 2678 1111 2874 1168; x_wconf 76' lang='lat' dir='ltr'><strong>graece</strong></span> <span class='ocrx_word' id='word_1_182' title='bbox 2909 1097 3221 1170; x_wconf 73' lang='grc' dir='ltr'><strong>τιλιταρχια</strong></span> <span class='ocrx_word' id='word_1_183' title='bbox 3257 1109 3502 1164; x_wconf 80' lang='lat' dir='ltr'><strong>vocatur,</strong></span> <span class='ocrx_word' id='word_1_184' title='bbox 3535 1099 3656 1169; x_wconf 85' lang='lat' dir='ltr'><strong>ipsa</strong></span> 
     </span>
    </p>
   </div>
   <div class='ocr_carea' id='block_1_27' title="bbox 2061 1185 3648 1263">
    <p class='ocr_par' dir='ltr' id='par_1_27' title="bbox 2061 1185 3648 1263">
     <span class='ocr_line' id='line_1_27' title="bbox 2061 1185 3648 1263; baseline 0.003 -23"><span class='ocrx_word' id='word_1_185' title='bbox 2061 1185 2350 1250; x_wconf 81' lang='lat' dir='ltr'><strong>Diviuitas,</strong></span> <span class='ocrx_word' id='word_1_186' title='bbox 2400 1201 2541 1258; x_wconf 84' lang='lat' dir='ltr'><strong>quae</strong></span> <span class='ocrx_word' id='word_1_187' title='bbox 2571 1186 2788 1242; x_wconf 87' lang='lat' dir='ltr'><strong>sibimet</strong></span> <span class='ocrx_word' id='word_1_188' title='bbox 2832 1185 3225 1263; x_wconf 68' lang='lat' dir='ltr'><strong>excelsissimo,</strong></span> <span class='ocrx_word' id='word_1_189' title='bbox 3271 1188 3375 1244; x_wconf 90' lang='lat' dir='ltr'><strong>hoc</strong></span> <span class='ocrx_word' id='word_1_190' title='bbox 3417 1199 3525 1253; x_wconf 90' lang='lat' dir='ltr'><strong>est,</strong></span> <span class='ocrx_word' id='word_1_191' title='bbox 3583 1188 3648 1244; x_wconf 91' lang='lat' dir='ltr'><strong>in</strong></span> 
     </span>
    </p>
   </div>
   <div class='ocr_carea' id='block_1_28' title="bbox 2061 1262 3654 1348">
    <p class='ocr_par' dir='ltr' id='par_1_28' title="bbox 2061 1262 3654 1348">
     <span class='ocr_line' id='line_1_28' title="bbox 2061 1262 3654 1348; baseline 0.004 -19"><span class='ocrx_word' id='word_1_192' title='bbox 2061 1275 2374 1330; x_wconf 79' lang='lat' dir='ltr'><strong>summitate</strong></span> <span class='ocrx_word' id='word_1_193' title='bbox 2415 1276 2783 1331; x_wconf 81' lang='lat' dir='ltr'><strong>universitatis</strong></span> <span class='ocrx_word' id='word_1_194' title='bbox 2827 1262 3047 1332; x_wconf 82' lang='lat' dir='ltr'><strong>ordines</strong></span> <span class='ocrx_word' id='word_1_195' title='bbox 3094 1262 3307 1348; x_wconf 78' lang='lat' dir='ltr'><strong>primae</strong></span> <span class='ocrx_word' id='word_1_196' title='bbox 3351 1278 3654 1336; x_wconf 82' lang='lat' dir='ltr'><strong>ierarchiae</strong></span> 
     </span>
    </p>
   </div>
   <div class='ocr_carea' id='block_1_29' title="bbox 2062 1349 3289 1442">
    <p class='ocr_par' dir='ltr' id='par_1_29' title="bbox 2062 1349 3289 1442">
     <span class='ocr_line' id='line_1_29' title="bbox 2062 1349 3289 1442; baseline 0.001 -24"><span class='ocrx_word' id='word_1_197' title='bbox 2062 1364 2388 1431; x_wconf 88' lang='lat' dir='ltr'><strong>sanctiﬁcat,</strong></span> <span class='ocrx_word' id='word_1_198' title='bbox 2416 1364 2711 1429; x_wconf 82' lang='lat' dir='ltr'><strong>sacriﬁcat,</strong></span> <span class='ocrx_word' id='word_1_199' title='bbox 2743 1364 3005 1421; x_wconf 86' lang='lat' dir='ltr'><strong>immolat.</strong></span> <span class='ocrx_word' id='word_1_200' title='bbox 3175 1439 3178 1442; x_wconf 90' lang='lat'><em>_</em></span> <span class='ocrx_word' id='word_1_201' title='bbox 3285 1349 3289 1354; x_wconf 49' lang='grc'><em>”</em></span> 
     </span>
    </p>
   </div>
   <div class='ocr_carea' id='block_1_30' title="bbox 2134 1453 3656 1528">
    <p class='ocr_par' dir='ltr' id='par_1_30' title="bbox 2134 1453 3656 1528">
     <span class='ocr_line' id='line_1_30' title="bbox 2134 1453 3656 1528; baseline 0.003 -19"><span class='ocrx_word' id='word_1_202' title='bbox 2134 1453 2166 1528; x_wconf 64' lang='lat'><strong><em>5</em></strong></span> <span class='ocrx_word' id='word_1_203' title='bbox 2202 1454 2258 1509; x_wconf 82' lang='grc'><strong>5.</strong></span> <span class='ocrx_word' id='word_1_204' title='bbox 2289 1453 2407 1510; x_wconf 82' lang='lat' dir='ltr'><strong>Hoc</strong></span> <span class='ocrx_word' id='word_1_205' title='bbox 2431 1471 2553 1526; x_wconf 74' lang='lat' dir='ltr'><strong>ergo</strong></span> <span class='ocrx_word' id='word_1_206' title='bbox 2574 1453 2800 1525; x_wconf 68' lang='lat' dir='ltr'><strong>theologi</strong></span> <span class='ocrx_word' id='word_1_207' title='bbox 2820 1466 3000 1525; x_wconf 79' lang='lat' dir='ltr'><strong>aperte</strong></span> <span class='ocrx_word' id='word_1_208' title='bbox 3027 1455 3320 1522; x_wconf 76' lang='lat' dir='ltr'><strong>declarant,</strong></span> <span class='ocrx_word' id='word_1_209' title='bbox 3355 1457 3656 1528; x_wconf 83' lang='lat' dir='ltr'><strong>suppositas</strong></span> 
     </span>
    </p>
   </div>
   <div class='ocr_carea' id='block_1_31' title="bbox 2061 1544 3658 1620">
    <p class='ocr_par' dir='ltr' id='par_1_31' title="bbox 2061 1544 3658 1620">
     <span class='ocr_line' id='line_1_31' title="bbox 2061 1544 3658 1620; baseline 0.004 -22"><span class='ocrx_word' id='word_1_210' title='bbox 2061 1545 2270 1617; x_wconf 78' lang='lat' dir='ltr'><strong>quidem</strong></span> <span class='ocrx_word' id='word_1_211' title='bbox 2342 1544 2643 1600; x_wconf 73' lang='lat' dir='ltr'><strong>caelestium</strong></span> <span class='ocrx_word' id='word_1_212' title='bbox 2697 1545 3042 1602; x_wconf 65' lang='lat' dir='ltr'><strong>nuntiarunt</strong></span> <span class='ocrx_word' id='word_1_213' title='bbox 3107 1547 3469 1620; x_wconf 82' lang='lat' dir='ltr'><strong>dispositiones</strong></span> <span class='ocrx_word' id='word_1_214' title='bbox 3524 1567 3557 1603; x_wconf 89' lang='lat' dir='ltr'><strong>a</strong></span> <span class='ocrx_word' id='word_1_215' title='bbox 3605 1549 3658 1582; x_wconf 81' lang='grc'><strong>⁸³</strong></span> 
     </span>
    </p>
   </div>
   <div class='ocr_carea' id='block_1_32' title="bbox 2063 1623 3657 1710">
    <p class='ocr_par' dir='ltr' id='par_1_32' title="bbox 2063 1623 3657 1710">
     <span class='ocr_line' id='line_1_32' title="bbox 2063 1623 3657 1710; baseline 0.003 -20"><span class='ocrx_word' id='word_1_216' title='bbox 2063 1629 2443 1706; x_wconf 71' lang='lat' dir='ltr'><strong>superﬁt-matis</strong></span> <span class='ocrx_word' id='word_1_217' title='bbox 2509 1635 2750 1692; x_wconf 82' lang='lat' dir='ltr'><strong>ordinate</strong></span> <span class='ocrx_word' id='word_1_218' title='bbox 2824 1623 3029 1692; x_wconf 64' lang='lat' dir='ltr'><strong>erudiri</strong></span> <span class='ocrx_word' id='word_1_219' title='bbox 3088 1637 3304 1710; x_wconf 72' lang='lat' dir='ltr'><strong>deiﬁcus</strong></span> <span class='ocrx_word' id='word_1_220' title='bbox 3360 1640 3657 1703; x_wconf 72' lang='lat' dir='ltr'><strong>scientias:</strong></span> 
     </span>
    </p>
   </div>
   <div class='ocr_carea' id='block_1_33' title="bbox 368 1723 2005 1814">
    <p class='ocr_par' dir='ltr' id='par_1_33' title="bbox 368 1737 2005 1814">
     <span class='ocr_line' id='line_1_33' title="bbox 368 1737 2005 1814; baseline 0.005 -24"><span class='ocrx_word' id='word_1_221' title='bbox 368 1747 564 1808; x_wconf 79' lang='lat' dir='ltr'><strong>perant</strong></span> <span class='ocrx_word' id='word_1_222' title='bbox 591 1738 633 1791; x_wconf 81' lang='lat'><strong>&#39;.</strong></span> <span class='ocrx_word' id='word_1_223' title='bbox 662 1737 778 1795; x_wconf 84' lang='lat' dir='ltr'><strong>Non</strong></span> <span class='ocrx_word' id='word_1_224' title='bbox 800 1739 944 1795; x_wconf 85' lang='lat' dir='ltr'><strong>enim</strong></span> <span class='ocrx_word' id='word_1_225' title='bbox 975 1755 1071 1796; x_wconf 87' lang='lat' dir='ltr'><strong>eas</strong></span> <span class='ocrx_word' id='word_1_226' title='bbox 1097 1741 1371 1814; x_wconf 71' lang='grc' dir='ltr'><strong>ἀναλυτικῇ</strong></span> <span class='ocrx_word' id='word_1_227' title='bbox 1397 1741 1444 1806; x_wconf 87' lang='grc'><strong>⁷,</strong></span> <span class='ocrx_word' id='word_1_228' title='bbox 1473 1737 1523 1794; x_wconf 85' lang='lat' dir='ltr'><strong>id</strong></span> <span class='ocrx_word' id='word_1_229' title='bbox 1553 1751 1653 1804; x_wconf 91' lang='lat' dir='ltr'><strong>est,</strong></span> <span class='ocrx_word' id='word_1_230' title='bbox 1686 1741 1959 1798; x_wconf 83' lang='lat' dir='ltr'><strong>reductiva</strong></span> <span class='ocrx_word' id='word_1_231' title='bbox 1994 1738 2005 1798; x_wconf 94' lang='lat' dir='ltr'><strong>l</strong></span> 
     </span>
    </p>
   </div>
   <div class='ocr_carea' id='block_1_34' title="bbox 2058 1723 3657 1814">
    <p class='ocr_par' dir='ltr' id='par_1_34' title="bbox 2065 1723 3657 1805">
     <span class='ocr_line' id='line_1_34' title="bbox 2065 1723 3657 1805; baseline 0.003 -25"><span class='ocrx_word' id='word_1_232' title='bbox 2065 1723 2298 1780; x_wconf 80' lang='lat' dir='ltr'><strong>omnium</strong></span> <span class='ocrx_word' id='word_1_233' title='bbox 2325 1741 2442 1779; x_wconf 78' lang='lat' dir='ltr'><strong>vero</strong></span> <span class='ocrx_word' id='word_1_234' title='bbox 2470 1724 2684 1805; x_wconf 83' lang='lat' dir='ltr'><strong>altiores</strong></span> <span class='ocrx_word' id='word_1_235' title='bbox 2712 1724 2779 1779; x_wconf 83' lang='lat' dir='ltr'><strong>ab</strong></span> <span class='ocrx_word' id='word_1_236' title='bbox 2807 1725 2920 1795; x_wconf 83' lang='lat' dir='ltr'><strong>ipsa</strong></span> <span class='ocrx_word' id='word_1_237' title='bbox 2948 1727 3240 1794; x_wconf 79' lang='lat' dir='ltr'><strong>tltearclu&#39;a,</strong></span> <span class='ocrx_word' id='word_1_238' title='bbox 3266 1740 3520 1801; x_wconf 83' lang='lat' dir='ltr'><strong>quantum</strong></span> <span class='ocrx_word' id='word_1_239' title='bbox 3544 1731 3657 1802; x_wconf 75' lang='lat' dir='ltr'><strong>fas,</strong></span> 
     </span>
    </p>
   </div>
   <div class='ocr_carea' id='block_1_35' title="bbox 373 1831 1960 1913">
    <p class='ocr_par' dir='ltr' id='par_1_35' title="bbox 373 1831 1960 1913">
     <span class='ocr_line' id='line_1_35' title="bbox 373 1831 1960 1913; baseline 0.001 -27"><span class='ocrx_word' id='word_1_240' title='bbox 373 1831 488 1887; x_wconf 80' lang='lat' dir='ltr'><strong>sive</strong></span> <span class='ocrx_word' id='word_1_241' title='bbox 535 1831 762 1889; x_wconf 88' lang='lat' dir='ltr'><strong>reditiva</strong></span> <span class='ocrx_word' id='word_1_242' title='bbox 813 1833 1109 1913; x_wconf 40' lang='lat' dir='ltr'><strong>l{scientia</strong></span> <span class='ocrx_word' id='word_1_243' title='bbox 1161 1835 1342 1890; x_wconf 83' lang='lat' dir='ltr'><strong>reduci</strong></span> <span class='ocrx_word' id='word_1_244' title='bbox 1385 1835 1813 1899; x_wconf 87' lang='lat' dir='ltr'><strong>aestimandum,</strong></span> <span class='ocrx_word' id='word_1_245' title='bbox 1864 1834 1960 1889; x_wconf 87' lang='lat' dir='ltr'><strong>sed</strong></span> 
     </span>
    </p>
   </div>
   <div class='ocr_carea' id='block_1_36' title="bbox 372 1918 1961 1996">
    <p class='ocr_par' dir='ltr' id='par_1_36' title="bbox 372 1918 1961 1996">
     <span class='ocr_line' id='line_1_36' title="bbox 372 1918 1961 1996; baseline 0.002 -19"><span class='ocrx_word' id='word_1_246' title='bbox 372 1925 536 1980; x_wconf 75' lang='lat' dir='ltr'><strong>veluti</strong></span> <span class='ocrx_word' id='word_1_247' title='bbox 561 1925 732 1996; x_wconf 86' lang='lat' dir='ltr'><strong>prima</strong></span> <span class='ocrx_word' id='word_1_248' title='bbox 761 1937 817 1981; x_wconf 89' lang='lat' dir='ltr'><strong>et</strong></span> <span class='ocrx_word' id='word_1_249' title='bbox 856 1918 1299 1996; x_wconf 80' lang='lat' dir='ltr'><strong>superexcellenti</strong></span> <span class='ocrx_word' id='word_1_250' title='bbox 1336 1925 1679 1982; x_wconf 86' lang='lat' dir='ltr'><strong>deiﬁcatione</strong></span> <span class='ocrx_word' id='word_1_251' title='bbox 1717 1925 1961 1994; x_wconf 82' lang='lat' dir='ltr'><strong>repletas</strong></span> 
     </span>
    </p>
   </div>
   <div class='ocr_carea' id='block_1_37' title="bbox 367 2015 1958 2088">
    <p class='ocr_par' dir='ltr' id='par_1_37' title="bbox 367 2015 1958 2088">
     <span class='ocr_line' id='line_1_37' title="bbox 367 2015 1958 2088; baseline 0.001 -19"><span class='ocrx_word' id='word_1_252' title='bbox 367 2015 523 2087; x_wconf 71' lang='lat' dir='ltr'><strong>juxta</strong></span> <span class='ocrx_word' id='word_1_253' title='bbox 548 2016 1031 2073; x_wconf 85' lang='lat' dir='ltr'><strong>etnineutissimam</strong></span> <span class='ocrx_word' id='word_1_254' title='bbox 1059 2017 1360 2074; x_wconf 87' lang='lat' dir='ltr'><strong>divinorum</strong></span> <span class='ocrx_word' id='word_1_255' title='bbox 1390 2032 1615 2088; x_wconf 88' lang='lat' dir='ltr'><strong>operum</strong></span> <span class='ocrx_word' id='word_1_256' title='bbox 1655 2017 1958 2082; x_wconf 82' lang='lat' dir='ltr'><strong>scientiam,</strong></span> 
     </span>
    </p>
   </div>
   <div class='ocr_carea' id='block_1_38' title="bbox 357 2099 1955 2181">
    <p class='ocr_par' dir='ltr' id='par_1_38' title="bbox 357 2099 1955 2181">
     <span class='ocr_line' id='line_1_38' title="bbox 357 2099 1955 2181; baseline 0 -19"><span class='ocrx_word' id='word_1_257' title='bbox 357 2099 639 2178; x_wconf 39' lang='lat' dir='ltr'><strong>&#39;qtmntum</strong></span> <span class='ocrx_word' id='word_1_258' title='bbox 663 2108 872 2181; x_wconf 75' lang='lat' dir='ltr'><strong>angelis</strong></span> <span class='ocrx_word' id='word_1_259' title='bbox 903 2109 1080 2175; x_wconf 77' lang='lat' dir='ltr'><strong>datar,</strong></span> <span class='ocrx_word' id='word_1_260' title='bbox 1109 2125 1203 2164; x_wconf 90' lang='lat' dir='ltr'><strong>eas</strong></span> <span class='ocrx_word' id='word_1_261' title='bbox 1253 2111 1513 2165; x_wconf 81' lang='lat' dir='ltr'><strong>debemus</strong></span> <span class='ocrx_word' id='word_1_262' title='bbox 1570 2107 1955 2174; x_wconf 81' lang='lat' dir='ltr'><strong>lionoriﬁcare,</strong></span> 
     </span>
    </p>
   </div>
   <div class='ocr_carea' id='block_1_39' title="bbox 373 2193 1964 2275">
    <p class='ocr_par' dir='ltr' id='par_1_39' title="bbox 373 2193 1964 2275">
     <span class='ocr_line' id='line_1_39' title="bbox 373 2193 1964 2275; baseline 0.001 -23"><span class='ocrx_word' id='word_1_263' title='bbox 373 2201 629 2268; x_wconf 85' lang='lat' dir='ltr'><strong>quoniam</strong></span> <span class='ocrx_word' id='word_1_264' title='bbox 681 2200 989 2261; x_wconf 84' lang='lat' dir='ltr'><strong>immediate</strong></span> <span class='ocrx_word' id='word_1_265' title='bbox 1045 2203 1113 2258; x_wconf 89' lang='lat' dir='ltr'><strong>ab</strong></span> <span class='ocrx_word' id='word_1_266' title='bbox 1167 2203 1282 2275; x_wconf 88' lang='lat' dir='ltr'><strong>ipsa</strong></span> <span class='ocrx_word' id='word_1_267' title='bbox 1319 2201 1502 2256; x_wconf 83' lang='lat' dir='ltr'><strong>divina</strong></span> <span class='ocrx_word' id='word_1_268' title='bbox 1531 2193 1728 2256; x_wconf 84' lang='lat' dir='ltr'><strong>virtute</strong></span> <span class='ocrx_word' id='word_1_269' title='bbox 1759 2209 1816 2255; x_wconf 86' lang='lat' dir='ltr'><strong>et</strong></span> <span class='ocrx_word' id='word_1_270' title='bbox 1842 2199 1964 2254; x_wconf 80' lang='lat' dir='ltr'><strong>illit-</strong></span> 
     </span>
    </p>
   </div>
   <div class='ocr_carea' id='block_1_40' title="bbox 377 2292 1958 2363">
    <p class='ocr_par' dir='ltr' id='par_1_40' title="bbox 377 2292 1958 2363">
     <span class='ocr_line' id='line_1_40' title="bbox 377 2292 1958 2363; baseline -0.001 -17"><span class='ocrx_word' id='word_1_271' title='bbox 377 2293 652 2351; x_wconf 86' lang='lat' dir='ltr'><strong>minantur</strong></span> <span class='ocrx_word' id='word_1_272' title='bbox 675 2302 728 2349; x_wconf 91' lang='lat' dir='ltr'><strong>et</strong></span> <span class='ocrx_word' id='word_1_273' title='bbox 753 2294 1126 2363; x_wconf 87' lang='lat' dir='ltr'><strong>perﬁciuntur.</strong></span> <span class='ocrx_word' id='word_1_274' title='bbox 1165 2293 1231 2348; x_wconf 83' lang='lat' dir='ltr'><strong>Et</strong></span> <span class='ocrx_word' id='word_1_275' title='bbox 1263 2295 1365 2350; x_wconf 90' lang='lat' dir='ltr'><strong>hoc</strong></span> <span class='ocrx_word' id='word_1_276' title='bbox 1391 2303 1476 2348; x_wconf 84' lang='lat' dir='ltr'><strong>est</strong></span> <span class='ocrx_word' id='word_1_277' title='bbox 1503 2293 1644 2362; x_wconf 84' lang='lat' dir='ltr'><strong>quod</strong></span> <span class='ocrx_word' id='word_1_278' title='bbox 1673 2292 1921 2362; x_wconf 85' lang='lat' dir='ltr'><strong>sequitur</strong></span> <span class='ocrx_word' id='word_1_279' title='bbox 1945 2309 1958 2344; x_wconf 88' lang='lat'><strong>:</strong></span> 
     </span>
    </p>
   </div>
   <div class='ocr_carea' id='block_1_41' title="bbox 378 2385 1962 2459">
    <p class='ocr_par' dir='ltr' id='par_1_41' title="bbox 378 2385 1962 2459">
     <span class='ocr_line' id='line_1_41' title="bbox 378 2385 1962 2459; baseline -0.003 -16"><span class='ocrx_word' id='word_1_280' title='bbox 378 2387 502 2443; x_wconf 87' lang='lat' dir='ltr'><strong>Non</strong></span> <span class='ocrx_word' id='word_1_281' title='bbox 541 2389 682 2444; x_wconf 83' lang='lat' dir='ltr'><strong>enim</strong></span> <span class='ocrx_word' id='word_1_282' title='bbox 729 2403 822 2459; x_wconf 64' lang='lat' dir='ltr'><strong>per</strong></span> <span class='ocrx_word' id='word_1_283' title='bbox 858 2390 994 2443; x_wconf 86' lang='lat' dir='ltr'><strong>alias</strong></span> <span class='ocrx_word' id='word_1_284' title='bbox 1039 2399 1251 2444; x_wconf 86' lang='lat' dir='ltr'><strong>sanctas</strong></span> <span class='ocrx_word' id='word_1_285' title='bbox 1280 2387 1550 2452; x_wconf 72' lang='lat' dir='ltr'><strong>assentiar,</strong></span> <span class='ocrx_word' id='word_1_286' title='bbox 1589 2386 1682 2454; x_wconf 75' lang='lat' dir='ltr'><strong>sed</strong></span> <span class='ocrx_word' id='word_1_287' title='bbox 1726 2387 1792 2438; x_wconf 85' lang='lat' dir='ltr'><strong>ab</strong></span> <span class='ocrx_word' id='word_1_288' title='bbox 1846 2385 1962 2454; x_wconf 72' lang='lat' dir='ltr'><strong>ipsa</strong></span> 
     </span>
    </p>
   </div>
   <div class='ocr_carea' id='block_1_42' title="bbox 370 2478 1964 2549">
    <p class='ocr_par' dir='ltr' id='par_1_42' title="bbox 370 2478 1964 2549">
     <span class='ocr_line' id='line_1_42' title="bbox 370 2478 1964 2549; baseline -0.001 -16"><span class='ocrx_word' id='word_1_289' title='bbox 370 2481 644 2534; x_wconf 75' lang='lat' dir='ltr'><strong>tliearcliia</strong></span> <span class='ocrx_word' id='word_1_290' title='bbox 694 2483 716 2515; x_wconf 81' lang='grc'><strong><em>³</em></strong></span> <span class='ocrx_word' id='word_1_291' title='bbox 751 2481 1129 2549; x_wconf 74' lang='lat' dir='ltr'><strong>sanctiﬁcatae,</strong></span> <span class='ocrx_word' id='word_1_292' title='bbox 1171 2481 1225 2534; x_wconf 86' lang='lat' dir='ltr'><strong>in</strong></span> <span class='ocrx_word' id='word_1_293' title='bbox 1253 2481 1418 2548; x_wconf 82' lang='lat' dir='ltr'><strong>ipsam</strong></span> <span class='ocrx_word' id='word_1_294' title='bbox 1459 2478 1756 2542; x_wconf 73' lang='lat' dir='ltr'><strong>immediate</strong></span> <span class='ocrx_word' id='word_1_295' title='bbox 1784 2489 1964 2532; x_wconf 69' lang='lat' dir='ltr'><strong>exten-</strong></span> 
     </span>
    </p>
   </div>
   <div class='ocr_carea' id='block_1_43' title="bbox 373 2565 1962 2642">
    <p class='ocr_par' dir='ltr' id='par_1_43' title="bbox 373 2565 1962 2642">
     <span class='ocr_line' id='line_1_43' title="bbox 373 2565 1962 2642; baseline -0.003 -17"><span class='ocrx_word' id='word_1_296' title='bbox 373 2565 760 2637; x_wconf 76' lang='lat' dir='ltr'><strong>rluntitr,ontni</strong></span> <span class='ocrx_word' id='word_1_297' title='bbox 782 2571 1184 2642; x_wconf 82' lang='lat' dir='ltr'><strong>supercminenti</strong></span> <span class='ocrx_word' id='word_1_298' title='bbox 1226 2575 1412 2626; x_wconf 78' lang='lat' dir='ltr'><strong>uirtute</strong></span> <span class='ocrx_word' id='word_1_299' title='bbox 1443 2565 1502 2624; x_wconf 72' lang='lat' dir='ltr'><strong>et</strong></span> <span class='ocrx_word' id='word_1_300' title='bbox 1543 2569 1747 2634; x_wconf 84' lang='lat' dir='ltr'><strong>ordine,</strong></span> <span class='ocrx_word' id='word_1_301' title='bbox 1796 2579 1844 2623; x_wconf 80' lang='lat' dir='ltr'><strong>et</strong></span> <span class='ocrx_word' id='word_1_302' title='bbox 1892 2569 1962 2623; x_wconf 76' lang='lat' dir='ltr'><strong>ad</strong></span> 
     </span>
    </p>
   </div>
   <div class='ocr_carea' id='block_1_44' title="bbox 371 2651 1961 2732">
    <p class='ocr_par' dir='ltr' id='par_1_44' title="bbox 371 2651 1961 2732">
     <span class='ocr_line' id='line_1_44' title="bbox 371 2651 1961 2732; baseline -0.001 -16"><span class='ocrx_word' id='word_1_303' title='bbox 371 2663 725 2716; x_wconf 74' lang='lat' dir='ltr'><strong>castissimum</strong></span> <span class='ocrx_word' id='word_1_304' title='bbox 749 2651 978 2717; x_wconf 83' lang='lat' dir='ltr'><strong>omnino</strong></span> <span class='ocrx_word' id='word_1_305' title='bbox 1005 2663 1370 2732; x_wconf 75' lang='lat' dir='ltr'><strong>fortitudinem</strong></span> <span class='ocrx_word' id='word_1_306' title='bbox 1407 2661 1754 2724; x_wconf 82' lang='lat' dir='ltr'><strong>collocantur,</strong></span> <span class='ocrx_word' id='word_1_307' title='bbox 1795 2671 1841 2714; x_wconf 82' lang='lat' dir='ltr'><strong>et</strong></span> <span class='ocrx_word' id='word_1_308' title='bbox 1891 2661 1961 2715; x_wconf 80' lang='lat' dir='ltr'><strong>ad</strong></span> 
     </span>
    </p>
   </div>
   <div class='ocr_carea' id='block_1_45' title="bbox 372 2751 1964 2823">
    <p class='ocr_par' dir='ltr' id='par_1_45' title="bbox 372 2751 1964 2823">
     <span class='ocr_line' id='line_1_45' title="bbox 372 2751 1964 2823; baseline -0.001 -17"><span class='ocrx_word' id='word_1_309' title='bbox 372 2751 871 2807; x_wconf 78' lang='lat' dir='ltr'><strong>immateriulitatem</strong></span> <span class='ocrx_word' id='word_1_310' title='bbox 899 2765 945 2808; x_wconf 89' lang='lat' dir='ltr'><strong>et</strong></span> <span class='ocrx_word' id='word_1_311' title='bbox 979 2753 1283 2808; x_wconf 74' lang='lat' dir='ltr'><strong>inuisibilem</strong></span> <span class='ocrx_word' id='word_1_312' title='bbox 1305 2753 1767 2823; x_wconf 72' lang='lat' dir='ltr'><strong>pulchritudinem,</strong></span> <span class='ocrx_word' id='word_1_313' title='bbox 1794 2767 1964 2821; x_wconf 84' lang='lat' dir='ltr'><strong>quan-</strong></span> 
     </span>
    </p>
   </div>
   <div class='ocr_carea' id='block_1_46' title="bbox 375 2843 1962 2915">
    <p class='ocr_par' dir='ltr' id='par_1_46' title="bbox 375 2843 1962 2915">
     <span class='ocr_line' id='line_1_46' title="bbox 375 2843 1962 2915; baseline 0.001 -19"><span class='ocrx_word' id='word_1_314' title='bbox 375 2855 485 2898; x_wconf 83' lang='lat' dir='ltr'><strong>tum</strong></span> <span class='ocrx_word' id='word_1_315' title='bbox 508 2845 610 2914; x_wconf 74' lang='lat' dir='ltr'><strong>fas,</strong></span> <span class='ocrx_word' id='word_1_316' title='bbox 627 2843 680 2897; x_wconf 87' lang='lat' dir='ltr'><strong>in</strong></span> <span class='ocrx_word' id='word_1_317' title='bbox 700 2844 1182 2915; x_wconf 79' lang='lat' dir='ltr'><strong>contemplationem</strong></span> <span class='ocrx_word' id='word_1_318' title='bbox 1205 2847 1568 2914; x_wconf 78' lang='lat' dir='ltr'><strong>adducuntur,</strong></span> <span class='ocrx_word' id='word_1_319' title='bbox 1588 2854 1636 2898; x_wconf 85' lang='lat' dir='ltr'><strong>et</strong></span> <span class='ocrx_word' id='word_1_320' title='bbox 1663 2847 1962 2899; x_wconf 84' lang='lat' dir='ltr'><strong>divinorum</strong></span> 
     </span>
    </p>
   </div>
   <div class='ocr_carea' id='block_1_47' title="bbox 374 2934 1962 3004">
    <p class='ocr_par' dir='ltr' id='par_1_47' title="bbox 374 2934 1962 3004">
     <span class='ocr_line' id='line_1_47' title="bbox 374 2934 1962 3004; baseline -0.002 -15"><span class='ocrx_word' id='word_1_321' title='bbox 374 2951 591 3004; x_wconf 78' lang='lat' dir='ltr'><strong>operum</strong></span> <span class='ocrx_word' id='word_1_322' title='bbox 629 2935 834 2989; x_wconf 73' lang='lat' dir='ltr'><strong>scibilcs</strong></span> <span class='ocrx_word' id='word_1_323' title='bbox 876 2940 1125 3002; x_wconf 84' lang='lat' dir='ltr'><strong>rationes,</strong></span> <span class='ocrx_word' id='word_1_324' title='bbox 1160 2946 1214 2989; x_wconf 81' lang='lat' dir='ltr'><strong>ut</strong></span> <span class='ocrx_word' id='word_1_325' title='bbox 1258 2937 1459 3004; x_wconf 86' lang='lat' dir='ltr'><strong>primae</strong></span> <span class='ocrx_word' id='word_1_326' title='bbox 1507 2946 1552 2988; x_wconf 84' lang='lat' dir='ltr'><strong>et</strong></span> <span class='ocrx_word' id='word_1_327' title='bbox 1604 2935 1744 2988; x_wconf 85' lang='lat' dir='ltr'><strong>circa</strong></span> <span class='ocrx_word' id='word_1_328' title='bbox 1798 2934 1962 2988; x_wconf 85' lang='lat' dir='ltr'><strong>Deum</strong></span> 
     </span>
    </p>
   </div>
   <div class='ocr_carea' id='block_1_48' title="bbox 371 3025 1964 3098">
    <p class='ocr_par' dir='ltr' id='par_1_48' title="bbox 371 3025 1964 3098">
     <span class='ocr_line' id='line_1_48' title="bbox 371 3025 1964 3098; baseline -0.002 -17"><span class='ocrx_word' id='word_1_329' title='bbox 371 3028 647 3098; x_wconf 79' lang='lat' dir='ltr'><strong>essentiac,</strong></span> <span class='ocrx_word' id='word_1_330' title='bbox 675 3027 975 3097; x_wconf 80' lang='lat' dir='ltr'><strong>ﬂectuntur,</strong></span> <span class='ocrx_word' id='word_1_331' title='bbox 1012 3038 1058 3080; x_wconf 87' lang='lat' dir='ltr'><strong>et</strong></span> <span class='ocrx_word' id='word_1_332' title='bbox 1109 3027 1171 3080; x_wconf 87' lang='lat' dir='ltr'><strong>ab</strong></span> <span class='ocrx_word' id='word_1_333' title='bbox 1217 3029 1327 3096; x_wconf 82' lang='lat' dir='ltr'><strong>ipso</strong></span> <span class='ocrx_word' id='word_1_334' title='bbox 1361 3026 1702 3096; x_wconf 68' lang='lat' dir='ltr'><strong>perfectionis</strong></span> <span class='ocrx_word' id='word_1_335' title='bbox 1731 3025 1964 3094; x_wconf 83' lang='lat' dir='ltr'><strong>principe</strong></span> 
     </span>
    </p>
   </div>
   <div class='ocr_carea' id='block_1_49' title="bbox 370 3115 1962 3186">
    <p class='ocr_par' dir='ltr' id='par_1_49' title="bbox 370 3115 1962 3186">
     <span class='ocr_line' id='line_1_49' title="bbox 370 3115 1962 3186; baseline -0.002 -14"><span class='ocrx_word' id='word_1_336' title='bbox 370 3117 719 3172; x_wconf 69' lang='lat' dir='ltr'><strong>excelsissimc</strong></span> <span class='ocrx_word' id='word_1_337' title='bbox 761 3117 1119 3186; x_wconf 73' lang='lat' dir='ltr'><strong>sanctiﬁcante</strong></span> <span class='ocrx_word' id='word_1_338' title='bbox 1158 3128 1300 3181; x_wconf 82' lang='lat' dir='ltr'><strong>sunt.</strong></span> <span class='ocrx_word' id='word_1_339' title='bbox 1347 3115 1557 3172; x_wconf 85' lang='lat' dir='ltr'><strong>Nullius</strong></span> <span class='ocrx_word' id='word_1_340' title='bbox 1609 3116 1962 3186; x_wconf 72' lang='lat' dir='ltr'><strong>espositionis</strong></span> 
     </span>
    </p>
   </div>
   <div class='ocr_carea' id='block_1_50' title="bbox 373 3209 1961 3281">
    <p class='ocr_par' dir='ltr' id='par_1_50' title="bbox 373 3209 1961 3281">
     <span class='ocr_line' id='line_1_50' title="bbox 373 3209 1961 3281; baseline -0.003 -16"><span class='ocrx_word' id='word_1_341' title='bbox 373 3210 577 3281; x_wconf 74' lang='lat' dir='ltr'><strong>indiget</strong></span> <span class='ocrx_word' id='word_1_342' title='bbox 611 3211 744 3266; x_wconf 82' lang='lat' dir='ltr'><strong>haec</strong></span> <span class='ocrx_word' id='word_1_343' title='bbox 770 3210 1072 3275; x_wconf 86' lang='lat' dir='ltr'><strong>sententia;</strong></span> <span class='ocrx_word' id='word_1_344' title='bbox 1115 3209 1167 3264; x_wconf 90' lang='lat' dir='ltr'><strong>in</strong></span> <span class='ocrx_word' id='word_1_345' title='bbox 1203 3209 1524 3280; x_wconf 85' lang='lat' dir='ltr'><strong>quibusdam</strong></span> <span class='ocrx_word' id='word_1_346' title='bbox 1556 3220 1734 3262; x_wconf 89' lang='lat' dir='ltr'><strong>tamen</strong></span> <span class='ocrx_word' id='word_1_347' title='bbox 1762 3221 1961 3278; x_wconf 83' lang='lat' dir='ltr'><strong>anceps</strong></span> 
     </span>
    </p>
   </div>
   <div class='ocr_carea' id='block_1_51' title="bbox 375 3299 1957 3373">
    <p class='ocr_par' dir='ltr' id='par_1_51' title="bbox 375 3299 1957 3373">
     <span class='ocr_line' id='line_1_51' title="bbox 375 3299 1957 3373; baseline -0.001 -19"><span class='ocrx_word' id='word_1_348' title='bbox 375 3303 509 3356; x_wconf 83' lang='lat' dir='ltr'><strong>haec</strong></span> <span class='ocrx_word' id='word_1_349' title='bbox 543 3302 584 3333; x_wconf 81' lang='grc'><strong>¹⁹</strong></span> <span class='ocrx_word' id='word_1_350' title='bbox 631 3303 1002 3372; x_wconf 85' lang='lat' dir='ltr'><strong>interpretatio</strong></span> <span class='ocrx_word' id='word_1_351' title='bbox 1027 3312 1128 3356; x_wconf 88' lang='lat' dir='ltr'><strong>est.</strong></span> <span class='ocrx_word' id='word_1_352' title='bbox 1156 3300 1381 3373; x_wconf 83' lang='lat' dir='ltr'><strong>Quippe,</strong></span> <span class='ocrx_word' id='word_1_353' title='bbox 1411 3301 1500 3356; x_wconf 89' lang='lat' dir='ltr'><strong>ubi</strong></span> <span class='ocrx_word' id='word_1_354' title='bbox 1545 3299 1919 3355; x_wconf 87' lang='lat' dir='ltr'><strong>transtulimus</strong></span> <span class='ocrx_word' id='word_1_355' title='bbox 1945 3315 1957 3352; x_wconf 93' lang='lat'><strong>:</strong></span> 
     </span>
    </p>
   </div>
   <div class='ocr_carea' id='block_1_52' title="bbox 371 3393 1964 3461">
    <p class='ocr_par' dir='ltr' id='par_1_52' title="bbox 371 3393 1964 3461">
     <span class='ocr_line' id='line_1_52' title="bbox 371 3393 1964 3461; baseline 0 -14"><span class='ocrx_word' id='word_1_356' title='bbox 371 3394 440 3447; x_wconf 83' lang='lat' dir='ltr'><strong>ad</strong></span> <span class='ocrx_word' id='word_1_357' title='bbox 493 3395 858 3449; x_wconf 76' lang='lat' dir='ltr'><strong>castissimum</strong></span> <span class='ocrx_word' id='word_1_358' title='bbox 913 3396 1134 3456; x_wconf 76' lang='lat' dir='ltr'><strong>oninino</strong></span> <span class='ocrx_word' id='word_1_359' title='bbox 1185 3393 1621 3458; x_wconf 78' lang='lat' dir='ltr'><strong>fortitudinem,‘</strong></span> <span class='ocrx_word' id='word_1_360' title='bbox 1655 3393 1728 3448; x_wconf 88' lang='lat' dir='ltr'><strong>ibi</strong></span> <span class='ocrx_word' id='word_1_361' title='bbox 1784 3401 1964 3461; x_wconf 82' lang='lat' dir='ltr'><strong>patest</strong></span> 
     </span>
    </p>
   </div>
   <div class='ocr_carea' id='block_1_53' title="bbox 370 3467 1960 3548">
    <p class='ocr_par' dir='ltr' id='par_1_53' title="bbox 370 3467 1960 3548">
     <span class='ocr_line' id='line_1_53' title="bbox 370 3467 1960 3548; baseline -0.002 -9"><span class='ocrx_word' id='word_1_362' title='bbox 370 3467 535 3539; x_wconf 73' lang='lat' dir='ltr'><strong>etiam</strong></span> <span class='ocrx_word' id='word_1_363' title='bbox 577 3484 895 3542; x_wconf 81' lang='lat' dir='ltr'><strong>transferri;</strong></span> <span class='ocrx_word' id='word_1_364' title='bbox 943 3485 1014 3539; x_wconf 83' lang='lat' dir='ltr'><strong>ad</strong></span> <span class='ocrx_word' id='word_1_365' title='bbox 1055 3486 1418 3540; x_wconf 75' lang='lat' dir='ltr'><strong>castissimum</strong></span> <span class='ocrx_word' id='word_1_366' title='bbox 1463 3483 1910 3539; x_wconf 76' lang='lat' dir='ltr'><strong>inﬂexibilitatem</strong></span> <span class='ocrx_word' id='word_1_367' title='bbox 1945 3499 1960 3548; x_wconf 92' lang='lat'><strong>;</strong></span> 
     </span>
    </p>
   </div>
   <div class='ocr_carea' id='block_1_54' title="bbox 371 3574 1963 3651">
    <p class='ocr_par' dir='ltr' id='par_1_54' title="bbox 371 3574 1963 3651">
     <span class='ocr_line' id='line_1_54' title="bbox 371 3574 1963 3651; baseline -0.003 -19"><span class='ocrx_word' id='word_1_368' title='bbox 371 3576 592 3651; x_wconf 71' lang='grc' dir='ltr'><strong>ἆρρεπές</strong></span> <span class='ocrx_word' id='word_1_369' title='bbox 627 3577 665 3607; x_wconf 85' lang='grc'><strong>¹¹</strong></span> <span class='ocrx_word' id='word_1_370' title='bbox 691 3578 832 3632; x_wconf 85' lang='lat' dir='ltr'><strong>enim</strong></span> <span class='ocrx_word' id='word_1_371' title='bbox 863 3577 917 3632; x_wconf 89' lang='lat' dir='ltr'><strong>iu</strong></span> <span class='ocrx_word' id='word_1_372' title='bbox 947 3577 1156 3633; x_wconf 86' lang='lat' dir='ltr'><strong>Graeco</strong></span> <span class='ocrx_word' id='word_1_373' title='bbox 1177 3585 1261 3632; x_wconf 88' lang='lat' dir='ltr'><strong>est</strong></span> <span class='ocrx_word' id='word_1_374' title='bbox 1283 3576 1326 3607; x_wconf 77' lang='lat'>“</span> <span class='ocrx_word' id='word_1_375' title='bbox 1353 3576 1631 3646; x_wconf 86' lang='lat' dir='ltr'><strong>scriptum,</strong></span> <span class='ocrx_word' id='word_1_376' title='bbox 1661 3575 1804 3646; x_wconf 83' lang='lat' dir='ltr'><strong>quod</strong></span> <span class='ocrx_word' id='word_1_377' title='bbox 1838 3574 1880 3605; x_wconf 82' lang='lat'>&quot;</span> <span class='ocrx_word' id='word_1_378' title='bbox 1909 3583 1963 3630; x_wconf 86' lang='lat' dir='ltr'><strong>et</strong></span> 
     </span>
    </p>
   </div>
   <div class='ocr_carea' id='block_1_55' title="bbox 371 3665 1959 3738">
    <p class='ocr_par' dir='ltr' id='par_1_55' title="bbox 371 3665 1959 3738">
     <span class='ocr_line' id='line_1_55' title="bbox 371 3665 1959 3738; baseline -0.002 -15"><span class='ocrx_word' id='word_1_379' title='bbox 371 3665 739 3724; x_wconf 77' lang='lat' dir='ltr'><strong>fortitudinem</strong></span> <span class='ocrx_word' id='word_1_380' title='bbox 771 3680 824 3724; x_wconf 92' lang='lat' dir='ltr'><strong>et</strong></span> <span class='ocrx_word' id='word_1_381' title='bbox 846 3668 1290 3725; x_wconf 77' lang='lat' dir='ltr'><strong>inllexibilitatetn</strong></span> <span class='ocrx_word' id='word_1_382' title='bbox 1320 3667 1608 3738; x_wconf 80' lang='lat' dir='ltr'><strong>signiﬁcat.</strong></span> <span class='ocrx_word' id='word_1_383' title='bbox 1644 3666 1755 3722; x_wconf 76' lang='lat' dir='ltr'><strong>Nec</strong></span> <span class='ocrx_word' id='word_1_384' title='bbox 1780 3677 1959 3722; x_wconf 86' lang='lat' dir='ltr'><strong>tamen</strong></span> 
     </span>
    </p>
   </div>
   <div class='ocr_carea' id='block_1_56' title="bbox 374 3757 1960 3842">
    <p class='ocr_par' dir='ltr' id='par_1_56' title="bbox 374 3757 1960 3842">
     <span class='ocr_line' id='line_1_56' title="bbox 374 3757 1960 3842; baseline -0.002 -28"><span class='ocrx_word' id='word_1_385' title='bbox 374 3759 549 3816; x_wconf 75' lang='lat' dir='ltr'><strong>rlill‘ert</strong></span> <span class='ocrx_word' id='word_1_386' title='bbox 575 3775 784 3826; x_wconf 78' lang='lat' dir='ltr'><strong>sensus,</strong></span> <span class='ocrx_word' id='word_1_387' title='bbox 829 3763 1085 3833; x_wconf 88' lang='lat' dir='ltr'><strong>quoniam</strong></span> <span class='ocrx_word' id='word_1_388' title='bbox 1111 3775 1238 3816; x_wconf 84' lang='lat' dir='ltr'><strong>vera</strong></span> <span class='ocrx_word' id='word_1_389' title='bbox 1265 3758 1526 3816; x_wconf 75' lang='lat' dir='ltr'><strong>fortitudo</strong></span> <span class='ocrx_word' id='word_1_390' title='bbox 1574 3775 1603 3812; x_wconf 90' lang='lat' dir='ltr'><strong>a</strong></span> <span class='ocrx_word' id='word_1_391' title='bbox 1637 3757 1783 3812; x_wconf 88' lang='lat' dir='ltr'><strong>nullo</strong></span> <span class='ocrx_word' id='word_1_392' title='bbox 1816 3757 1960 3842; x_wconf 76' lang='lat' dir='ltr'><strong>ﬂecti</strong></span> 
     </span>
    </p>
   </div>
   <div class='ocr_carea' id='block_1_57' title="bbox 373 3850 1959 3926">
    <p class='ocr_par' dir='ltr' id='par_1_57' title="bbox 373 3850 1959 3926">
     <span class='ocr_line' id='line_1_57' title="bbox 373 3850 1959 3926; baseline 0.001 -20"><span class='ocrx_word' id='word_1_393' title='bbox 373 3863 571 3926; x_wconf 87' lang='lat' dir='ltr'><strong>potest.</strong></span> <span class='ocrx_word' id='word_1_394' title='bbox 601 3851 864 3910; x_wconf 84' lang='lat' dir='ltr'><strong>Similiter</strong></span> <span class='ocrx_word' id='word_1_395' title='bbox 883 3857 970 3911; x_wconf 86' lang='lat' dir='ltr'><strong>ubi</strong></span> <span class='ocrx_word' id='word_1_396' title='bbox 1016 3855 1343 3911; x_wconf 82' lang='lat' dir='ltr'><strong>iuvisihilem</strong></span> <span class='ocrx_word' id='word_1_397' title='bbox 1371 3853 1851 3926; x_wconf 80' lang='lat' dir='ltr'><strong>pulchritudinem,</strong></span> <span class='ocrx_word' id='word_1_398' title='bbox 1885 3850 1959 3907; x_wconf 87' lang='lat' dir='ltr'><strong>ibi</strong></span> 
     </span>
    </p>
   </div>
   <div class='ocr_carea' id='block_1_58' title="bbox 371 3945 1960 4019">
    <p class='ocr_par' dir='ltr' id='par_1_58' title="bbox 371 3945 1960 4019">
     <span class='ocr_line' id='line_1_58' title="bbox 371 3945 1960 4019; baseline 0 -17"><span class='ocrx_word' id='word_1_399' title='bbox 371 3946 762 4018; x_wconf 79' lang='lat' dir='ltr'><strong>intelligibilem</strong></span> <span class='ocrx_word' id='word_1_400' title='bbox 828 3949 1076 4004; x_wconf 82' lang='lat' dir='ltr'><strong>decorem</strong></span> <span class='ocrx_word' id='word_1_401' title='bbox 1125 3957 1302 4018; x_wconf 87' lang='lat' dir='ltr'><strong>potest</strong></span> <span class='ocrx_word' id='word_1_402' title='bbox 1359 3947 1482 4019; x_wconf 87' lang='lat' dir='ltr'><strong>quis</strong></span> <span class='ocrx_word' id='word_1_403' title='bbox 1522 3963 1723 4018; x_wconf 87' lang='lat' dir='ltr'><strong>ponere</strong></span> <span class='ocrx_word' id='word_1_404' title='bbox 1782 3945 1847 4012; x_wconf 72' lang='lat'><strong>“,</strong></span> <span class='ocrx_word' id='word_1_405' title='bbox 1907 3945 1960 4002; x_wconf 86' lang='lat' dir='ltr'><strong>in</strong></span> 
     </span>
    </p>
   </div>
   <div class='ocr_carea' id='block_1_59' title="bbox 367 4036 1958 4109">
    <p class='ocr_par' dir='ltr' id='par_1_59' title="bbox 367 4036 1958 4109">
     <span class='ocr_line' id='line_1_59' title="bbox 367 4036 1958 4109; baseline -0.001 -15"><span class='ocrx_word' id='word_1_406' title='bbox 367 4039 667 4109; x_wconf 78' lang='lat' dir='ltr'><strong>eodemque</strong></span> <span class='ocrx_word' id='word_1_407' title='bbox 695 4039 740 4071; x_wconf 85' lang='grc'><strong><em>³⁸</em></strong></span> <span class='ocrx_word' id='word_1_408' title='bbox 776 4048 954 4094; x_wconf 88' lang='lat' dir='ltr'><strong>tamen</strong></span> <span class='ocrx_word' id='word_1_409' title='bbox 983 4037 1278 4094; x_wconf 81' lang='lat' dir='ltr'><strong>intellecm.</strong></span> <span class='ocrx_word' id='word_1_410' title='bbox 1325 4036 1460 4093; x_wconf 80' lang='lat' dir='ltr'><strong>Nam</strong></span> <span class='ocrx_word' id='word_1_411' title='bbox 1503 4037 1791 4093; x_wconf 75' lang='lat' dir='ltr'><strong>invisibilis</strong></span> <span class='ocrx_word' id='word_1_412' title='bbox 1837 4038 1958 4107; x_wconf 63' lang='lat' dir='ltr'><strong>pulo</strong></span> 
     </span>
    </p>
   </div>
   <div class='ocr_carea' id='block_1_60' title="bbox 369 4129 1954 4201">
    <p class='ocr_par' dir='ltr' id='par_1_60' title="bbox 369 4129 1954 4201">
     <span class='ocr_line' id='line_1_60' title="bbox 369 4129 1954 4201; baseline -0.002 -15"><span class='ocrx_word' id='word_1_413' title='bbox 369 4129 626 4186; x_wconf 85' lang='lat' dir='ltr'><strong>chritudo</strong></span> <span class='ocrx_word' id='word_1_414' title='bbox 677 4129 750 4185; x_wconf 89' lang='lat' dir='ltr'><strong>nil</strong></span> <span class='ocrx_word' id='word_1_415' title='bbox 804 4130 950 4184; x_wconf 87' lang='lat' dir='ltr'><strong>aliud</strong></span> <span class='ocrx_word' id='word_1_416' title='bbox 1006 4139 1110 4192; x_wconf 85' lang='lat' dir='ltr'><strong>est,</strong></span> <span class='ocrx_word' id='word_1_417' title='bbox 1152 4146 1315 4201; x_wconf 84' lang='lat' dir='ltr'><strong>quam</strong></span> <span class='ocrx_word' id='word_1_418' title='bbox 1363 4129 1717 4200; x_wconf 79' lang='lat' dir='ltr'><strong>intelligibilis</strong></span> <span class='ocrx_word' id='word_1_419' title='bbox 1763 4131 1954 4194; x_wconf 84' lang='lat' dir='ltr'><strong>decor;</strong></span> 
     </span>
    </p>
   </div>
   <div class='ocr_carea' id='block_1_61' title="bbox 370 4220 1962 4296">
    <p class='ocr_par' dir='ltr' id='par_1_61' title="bbox 370 4220 1962 4296">
     <span class='ocr_line' id='line_1_61' title="bbox 370 4220 1962 4296; baseline 0.001 -18"><span class='ocrx_word' id='word_1_420' title='bbox 370 4220 637 4296; x_wconf 79' lang='lat' dir='ltr'><strong>siquidem</strong></span> <span class='ocrx_word' id='word_1_421' title='bbox 665 4226 940 4295; x_wconf 70' lang='grc' dir='ltr'><strong>εὐπρέπεια</strong></span> <span class='ocrx_word' id='word_1_422' title='bbox 975 4225 1015 4255; x_wconf 70' lang='grc'><strong><em>⁸⁵</em></strong></span> <span class='ocrx_word' id='word_1_423' title='bbox 1061 4235 1116 4278; x_wconf 85' lang='lat' dir='ltr'><strong>et</strong></span> <span class='ocrx_word' id='word_1_424' title='bbox 1150 4223 1203 4278; x_wconf 87' lang='lat' dir='ltr'><strong>in</strong></span> <span class='ocrx_word' id='word_1_425' title='bbox 1250 4224 1704 4296; x_wconf 82' lang='lat' dir='ltr'><strong>pulchritudinem</strong></span> <span class='ocrx_word' id='word_1_426' title='bbox 1734 4223 1962 4280; x_wconf 75' lang='lat' dir='ltr'><strong>vertitur</strong></span> 
     </span>
    </p>
   </div>
   <div class='ocr_carea' id='block_1_62' title="bbox 371 4295 1957 4387">
    <p class='ocr_par' dir='ltr' id='par_1_62' title="bbox 371 4295 1957 4387">
     <span class='ocr_line' id='line_1_62' title="bbox 371 4295 1957 4387; baseline 0.003 -21"><span class='ocrx_word' id='word_1_427' title='bbox 371 4323 425 4367; x_wconf 82' lang='lat' dir='ltr'><strong>et</strong></span> <span class='ocrx_word' id='word_1_428' title='bbox 445 4295 715 4378; x_wconf 78' lang='lat' dir='ltr'><strong>decorem.</strong></span> <span class='ocrx_word' id='word_1_429' title='bbox 739 4315 833 4371; x_wconf 83' lang='lat' dir='ltr'><strong>Ubi</strong></span> <span class='ocrx_word' id='word_1_430' title='bbox 863 4326 1124 4386; x_wconf 86' lang='lat' dir='ltr'><strong>quantum</strong></span> <span class='ocrx_word' id='word_1_431' title='bbox 1151 4316 1252 4381; x_wconf 78' lang='lat' dir='ltr'><strong>fas,</strong></span> <span class='ocrx_word' id='word_1_432' title='bbox 1272 4315 1342 4370; x_wconf 89' lang='lat' dir='ltr'><strong>ibi</strong></span> <span class='ocrx_word' id='word_1_433' title='bbox 1361 4327 1534 4387; x_wconf 84' lang='lat' dir='ltr'><strong>potest</strong></span> <span class='ocrx_word' id='word_1_434' title='bbox 1564 4317 1666 4372; x_wconf 88' lang='lat' dir='ltr'><strong>dici</strong></span> <span class='ocrx_word' id='word_1_435' title='bbox 1694 4325 1957 4385; x_wconf 85' lang='lat' dir='ltr'><strong>quantum</strong></span> 
     </span>
    </p>
   </div>
   <div class='ocr_carea' id='block_1_63' title="bbox 274 4405 1956 4480">
    <p class='ocr_par' dir='ltr' id='par_1_63' title="bbox 274 4405 1956 4480">
     <span class='ocr_line' id='line_1_63' title="bbox 274 4405 1956 4480; baseline 0.002 -20"><span class='ocrx_word' id='word_1_436' title='bbox 274 4441 277 4448; x_wconf 92' lang='lat'><strong><em>-</em></strong></span> <span class='ocrx_word' id='word_1_437' title='bbox 370 4405 516 4468; x_wconf 86' lang='lat' dir='ltr'><strong>licet,</strong></span> <span class='ocrx_word' id='word_1_438' title='bbox 545 4406 627 4460; x_wconf 90' lang='lat' dir='ltr'><strong>vel</strong></span> <span class='ocrx_word' id='word_1_439' title='bbox 653 4416 912 4476; x_wconf 82' lang='lat' dir='ltr'><strong>quantum</strong></span> <span class='ocrx_word' id='word_1_440' title='bbox 939 4407 1044 4472; x_wconf 84' lang='lat' dir='ltr'><strong>lex,</strong></span> <span class='ocrx_word' id='word_1_441' title='bbox 1075 4409 1157 4462; x_wconf 85' lang='lat' dir='ltr'><strong>vel</strong></span> <span class='ocrx_word' id='word_1_442' title='bbox 1183 4418 1442 4480; x_wconf 85' lang='lat' dir='ltr'><strong>quantum</strong></span> <span class='ocrx_word' id='word_1_443' title='bbox 1471 4406 1700 4478; x_wconf 84' lang='lat' dir='ltr'><strong>justum.</strong></span> <span class='ocrx_word' id='word_1_444' title='bbox 1735 4408 1812 4463; x_wconf 81' lang='lat' dir='ltr'><strong>Ex</strong></span> <span class='ocrx_word' id='word_1_445' title='bbox 1849 4423 1956 4463; x_wconf 88' lang='lat' dir='ltr'><strong>uno</strong></span> 
     </span>
    </p>
   </div>
   <div class='ocr_carea' id='block_1_64' title="bbox 371 4496 1952 4571">
    <p class='ocr_par' dir='ltr' id='par_1_64' title="bbox 371 4496 1952 4571">
     <span class='ocr_line' id='line_1_64' title="bbox 371 4496 1952 4571; baseline 0.003 -21"><span class='ocrx_word' id='word_1_446' title='bbox 371 4497 515 4550; x_wconf 81' lang='lat' dir='ltr'><strong>enim</strong></span> <span class='ocrx_word' id='word_1_447' title='bbox 539 4496 750 4553; x_wconf 78' lang='lat' dir='ltr'><strong>Graeco</strong></span> <span class='ocrx_word' id='word_1_448' title='bbox 795 4507 1076 4554; x_wconf 84' lang='lat' dir='ltr'><strong>vertuntur</strong></span> <span class='ocrx_word' id='word_1_449' title='bbox 1125 4501 1326 4571; x_wconf 77' lang='grc' dir='ltr'><strong>θεμιτόν</strong></span> <span class='ocrx_word' id='word_1_450' title='bbox 1383 4501 1435 4553; x_wconf 88' lang='lat' dir='ltr'><strong>in</strong></span> <span class='ocrx_word' id='word_1_451' title='bbox 1487 4516 1594 4554; x_wconf 90' lang='lat' dir='ltr'><strong>uno</strong></span> <span class='ocrx_word' id='word_1_452' title='bbox 1645 4499 1952 4565; x_wconf 84' lang='lat' dir='ltr'><strong>intellectu;</strong></span> 
     </span>
    </p>
   </div>
   <div class='ocr_carea' id='block_1_65' title="bbox 371 4588 1954 4659">
    <p class='ocr_par' dir='ltr' id='par_1_65' title="bbox 371 4588 1954 4659">
     <span class='ocr_line' id='line_1_65' title="bbox 371 4588 1954 4659; baseline 0.005 -20"><span class='ocrx_word' id='word_1_453' title='bbox 371 4603 533 4644; x_wconf 82' lang='lat' dir='ltr'><strong>omne</strong></span> <span class='ocrx_word' id='word_1_454' title='bbox 579 4589 775 4659; x_wconf 79' lang='lat' dir='ltr'><strong>quippe</strong></span> <span class='ocrx_word' id='word_1_455' title='bbox 824 4588 905 4646; x_wconf 82' lang='lat' dir='ltr'><strong>ias</strong></span> <span class='ocrx_word' id='word_1_456' title='bbox 947 4601 997 4644; x_wconf 87' lang='lat' dir='ltr'><strong>et</strong></span> <span class='ocrx_word' id='word_1_457' title='bbox 1032 4592 1176 4654; x_wconf 81' lang='lat' dir='ltr'><strong>licet.</strong></span> <span class='ocrx_word' id='word_1_458' title='bbox 1227 4601 1277 4646; x_wconf 89' lang='lat' dir='ltr'><strong>et</strong></span> <span class='ocrx_word' id='word_1_459' title='bbox 1333 4592 1412 4646; x_wconf 79' lang='lat' dir='ltr'><strong>lex</strong></span> <span class='ocrx_word' id='word_1_460' title='bbox 1467 4602 1574 4655; x_wconf 87' lang='lat' dir='ltr'><strong>est,</strong></span> <span class='ocrx_word' id='word_1_461' title='bbox 1643 4602 1698 4646; x_wconf 87' lang='lat' dir='ltr'><strong>et</strong></span> <span class='ocrx_word' id='word_1_462' title='bbox 1747 4588 1954 4658; x_wconf 84' lang='lat' dir='ltr'><strong>justum</strong></span> 
     </span>
    </p>
   </div>
   <div class='ocr_carea' id='block_1_66' title="bbox 372 4672 1956 4759">
    <p class='ocr_par' dir='ltr' id='par_1_66' title="bbox 372 4672 1956 4759">
     <span class='ocr_line' id='line_1_66' title="bbox 372 4672 1956 4759; baseline 0.001 -26"><span class='ocrx_word' id='word_1_463' title='bbox 372 4687 471 4759; x_wconf 77' lang='lat' dir='ltr'><strong>est.</strong></span> <span class='ocrx_word' id='word_1_464' title='bbox 517 4678 653 4734; x_wconf 87' lang='lat' dir='ltr'><strong>ltem</strong></span> <span class='ocrx_word' id='word_1_465' title='bbox 684 4681 772 4735; x_wconf 90' lang='lat' dir='ltr'><strong>ubi</strong></span> <span class='ocrx_word' id='word_1_466' title='bbox 804 4699 819 4735; x_wconf 90' lang='lat'><strong>:</strong></span> <span class='ocrx_word' id='word_1_467' title='bbox 852 4692 906 4736; x_wconf 93' lang='lat' dir='ltr'><strong>et</strong></span> <span class='ocrx_word' id='word_1_468' title='bbox 941 4681 1084 4735; x_wconf 86' lang='lat' dir='ltr'><strong>circa</strong></span> <span class='ocrx_word' id='word_1_469' title='bbox 1124 4683 1288 4736; x_wconf 83' lang='lat' dir='ltr'><strong>Deum</strong></span> <span class='ocrx_word' id='word_1_470' title='bbox 1335 4672 1604 4739; x_wconf 72' lang='lat' dir='ltr'><strong>essentiae</strong></span> <span class='ocrx_word' id='word_1_471' title='bbox 1645 4680 1956 4744; x_wconf 87' lang='lat' dir='ltr'><strong>ﬂeetuntur,</strong></span> 
     </span>
    </p>
   </div>
   <div class='ocr_carea' id='block_1_67' title="bbox 373 4770 1956 4843">
    <p class='ocr_par' dir='ltr' id='par_1_67' title="bbox 373 4770 1956 4843">
     <span class='ocr_line' id='line_1_67' title="bbox 373 4770 1956 4843; baseline 0.002 -19"><span class='ocrx_word' id='word_1_472' title='bbox 373 4784 471 4841; x_wconf 83' lang='lat' dir='ltr'><strong>pro</strong></span> <span class='ocrx_word' id='word_1_473' title='bbox 493 4770 782 4826; x_wconf 79' lang='lat' dir='ltr'><strong>ﬂectuntur</strong></span> <span class='ocrx_word' id='word_1_474' title='bbox 829 4784 1002 4842; x_wconf 88' lang='lat' dir='ltr'><strong>potest</strong></span> <span class='ocrx_word' id='word_1_475' title='bbox 1059 4773 1342 4828; x_wconf 78' lang='lat' dir='ltr'><strong>transferri</strong></span> <span class='ocrx_word' id='word_1_476' title='bbox 1395 4772 1434 4805; x_wconf 82' lang='lat'><strong>&quot;</strong></span> <span class='ocrx_word' id='word_1_477' title='bbox 1469 4774 1843 4843; x_wconf 87' lang='lat' dir='ltr'><strong>perﬁciuntur,</strong></span> <span class='ocrx_word' id='word_1_478' title='bbox 1871 4773 1956 4829; x_wconf 85' lang='lat' dir='ltr'><strong>vel</strong></span> 
     </span>
    </p>
   </div>
   <div class='ocr_carea' id='block_1_68' title="bbox 325 4859 1955 4948">
    <p class='ocr_par' dir='ltr' id='par_1_68' title="bbox 325 4859 1955 4948">
     <span class='ocr_line' id='line_1_68' title="bbox 325 4859 1955 4948; baseline 0 -31"><span class='ocrx_word' id='word_1_479' title='bbox 325 4936 332 4948; x_wconf 35' lang='lat'><strong><em>‘</em></strong></span> <span class='ocrx_word' id='word_1_480' title='bbox 371 4859 657 4926; x_wconf 77' lang='lat' dir='ltr'><strong>docenwr,</strong></span> <span class='ocrx_word' id='word_1_481' title='bbox 688 4861 770 4917; x_wconf 81' lang='lat' dir='ltr'><strong>vel</strong></span> <span class='ocrx_word' id='word_1_482' title='bbox 798 4863 1096 4929; x_wconf 84' lang='lat' dir='ltr'><strong>initiantur,</strong></span> <span class='ocrx_word' id='word_1_483' title='bbox 1129 4865 1212 4918; x_wconf 90' lang='lat' dir='ltr'><strong>vel</strong></span> <span class='ocrx_word' id='word_1_484' title='bbox 1247 4865 1583 4920; x_wconf 86' lang='lat' dir='ltr'><strong>imbuuntur.</strong></span> <span class='ocrx_word' id='word_1_485' title='bbox 1629 4863 1772 4920; x_wconf 86' lang='lat' dir='ltr'><strong>llaec</strong></span> <span class='ocrx_word' id='word_1_486' title='bbox 1795 4864 1955 4936; x_wconf 75' lang='lat' dir='ltr'><strong>quip~</strong></span> 
     </span>
    </p>
   </div>
   <div class='ocr_carea' id='block_1_69' title="bbox 1987 4452 2036 4511">
    <p class='ocr_par' dir='ltr' id='par_1_69' title="bbox 1987 4452 2036 4511">
     <span class='ocr_line' id='line_1_69' title="bbox 1987 4452 2036 4511; baseline 0 0"><span class='ocrx_word' id='word_1_487' title='bbox 1987 4452 2036 4511; x_wconf 79' lang='grc' dir='ltr'>υ</span> 
     </span>
    </p>
   </div>
   <div class='ocr_carea' id='block_1_70' title="bbox 2057 1816 3659 1895">
    <p class='ocr_par' dir='ltr' id='par_1_70' title="bbox 2057 1816 3659 1895">
     <span class='ocr_line' id='line_1_70' title="bbox 2057 1816 3659 1895; baseline 0.005 -25"><span class='ocrx_word' id='word_1_488' title='bbox 2057 1817 2330 1872; x_wconf 76' lang='lat' dir='ltr'><strong>doctrinas</strong></span> <span class='ocrx_word' id='word_1_489' title='bbox 2361 1816 2678 1871; x_wconf 70' lang='lat' dir='ltr'><strong>illuminari.</strong></span> <span class='ocrx_word' id='word_1_490' title='bbox 2724 1817 3045 1884; x_wconf 80' lang='lat' dir='ltr'><strong>Declarant,</strong></span> <span class='ocrx_word' id='word_1_491' title='bbox 3075 1819 3277 1895; x_wconf 83' lang='lat' dir='ltr'><strong>inquit,</strong></span> <span class='ocrx_word' id='word_1_492' title='bbox 3315 1821 3659 1892; x_wconf 80' lang='lat' dir='ltr'><strong>apertissime</strong></span> 
     </span>
    </p>
   </div>
   <div class='ocr_carea' id='block_1_71' title="bbox 2062 1905 3655 1982">
    <p class='ocr_par' dir='ltr' id='par_1_71' title="bbox 2062 1905 3655 1982">
     <span class='ocr_line' id='line_1_71' title="bbox 2062 1905 3655 1982; baseline 0.005 -20"><span class='ocrx_word' id='word_1_493' title='bbox 2062 1905 2321 1979; x_wconf 70' lang='lat' dir='ltr'><strong>theologi,</strong></span> <span class='ocrx_word' id='word_1_494' title='bbox 2352 1907 2652 1978; x_wconf 85' lang='lat' dir='ltr'><strong>prophetae</strong></span> <span class='ocrx_word' id='word_1_495' title='bbox 2682 1907 2938 1982; x_wconf 84' lang='lat' dir='ltr'><strong>videlicet</strong></span> <span class='ocrx_word' id='word_1_496' title='bbox 2977 1909 3031 1966; x_wconf 91' lang='lat' dir='ltr'><strong>in</strong></span> <span class='ocrx_word' id='word_1_497' title='bbox 3063 1911 3359 1982; x_wconf 82' lang='lat' dir='ltr'><strong>visionibus</strong></span> <span class='ocrx_word' id='word_1_498' title='bbox 3386 1913 3501 1969; x_wconf 87' lang='lat' dir='ltr'><strong>suis</strong></span> <span class='ocrx_word' id='word_1_499' title='bbox 3532 1916 3655 1976; x_wconf 85' lang='lat' dir='ltr'><strong>hoc.</strong></span> 
     </span>
    </p>
   </div>
   <div class='ocr_carea' id='block_1_72' title="bbox 2061 1996 3657 2073">
    <p class='ocr_par' dir='ltr' id='par_1_72' title="bbox 2061 1996 3657 2073">
     <span class='ocr_line' id='line_1_72' title="bbox 2061 1996 3657 2073; baseline 0.007 -22"><span class='ocrx_word' id='word_1_500' title='bbox 2061 1998 2206 2069; x_wconf 90' lang='lat' dir='ltr'><strong>quod</strong></span> <span class='ocrx_word' id='word_1_501' title='bbox 2236 1996 2290 2052; x_wconf 92' lang='lat' dir='ltr'><strong>in</strong></span> <span class='ocrx_word' id='word_1_502' title='bbox 2320 1997 2645 2053; x_wconf 87' lang='lat' dir='ltr'><strong>caelestium</strong></span> <span class='ocrx_word' id='word_1_503' title='bbox 2673 1999 3033 2056; x_wconf 87' lang='lat' dir='ltr'><strong>essentiarum</strong></span> <span class='ocrx_word' id='word_1_504' title='bbox 3063 2001 3532 2073; x_wconf 82' lang='lat' dir='ltr'><strong>dispositionibus,</strong></span> <span class='ocrx_word' id='word_1_505' title='bbox 3561 2021 3657 2062; x_wconf 48' lang='lat' dir='ltr'><strong>or-</strong></span> 
     </span>
    </p>
   </div>
   <div class='ocr_carea' id='block_1_73' title="bbox 2061 2085 3658 2168">
    <p class='ocr_par' dir='ltr' id='par_1_73' title="bbox 2061 2085 3658 2168">
     <span class='ocr_line' id='line_1_73' title="bbox 2061 2085 3658 2168; baseline 0.002 -22"><span class='ocrx_word' id='word_1_506' title='bbox 2061 2087 2432 2146; x_wconf 84' lang='lat' dir='ltr'><strong>dinalionibus</strong></span> <span class='ocrx_word' id='word_1_507' title='bbox 2479 2085 2672 2161; x_wconf 86' lang='lat' dir='ltr'><strong>plane,</strong></span> <span class='ocrx_word' id='word_1_508' title='bbox 2719 2091 2983 2162; x_wconf 87' lang='lat' dir='ltr'><strong>suppositi</strong></span> <span class='ocrx_word' id='word_1_509' title='bbox 3033 2090 3083 2126; x_wconf 76' lang='lat'><strong>“</strong></span> <span class='ocrx_word' id='word_1_510' title='bbox 3114 2094 3335 2150; x_wconf 86' lang='lat' dir='ltr'><strong>ordines</strong></span> <span class='ocrx_word' id='word_1_511' title='bbox 3387 2113 3418 2150; x_wconf 90' lang='lat' dir='ltr'><strong>a</strong></span> <span class='ocrx_word' id='word_1_512' title='bbox 3464 2109 3658 2168; x_wconf 61' lang='lat' dir='ltr'><strong>super.</strong></span> 
     </span>
    </p>
   </div>
   <div class='ocr_carea' id='block_1_74' title="bbox 2063 2167 3658 2259">
    <p class='ocr_par' dir='ltr' id='par_1_74' title="bbox 2063 2167 3658 2259">
     <span class='ocr_line' id='line_1_74' title="bbox 2063 2167 3658 2259; baseline 0.006 -23"><span class='ocrx_word' id='word_1_513' title='bbox 2063 2180 2320 2246; x_wconf 79' lang='lat' dir='ltr'><strong>ﬁrmatis,</strong></span> <span class='ocrx_word' id='word_1_514' title='bbox 2361 2182 2466 2236; x_wconf 86' lang='lat' dir='ltr'><strong>hoc</strong></span> <span class='ocrx_word' id='word_1_515' title='bbox 2491 2189 2598 2246; x_wconf 89' lang='lat' dir='ltr'><strong>est,</strong></span> <span class='ocrx_word' id='word_1_516' title='bbox 2636 2167 3323 2258; x_wconf 76' lang='lat' dir='ltr'><strong>excelsioribusordinnta</strong></span> <span class='ocrx_word' id='word_1_517' title='bbox 3367 2186 3483 2259; x_wconf 73' lang='lat' dir='ltr'><strong>lege</strong></span> <span class='ocrx_word' id='word_1_518' title='bbox 3527 2167 3658 2245; x_wconf 79' lang='lat' dir='ltr'><strong>eru-</strong></span> 
     </span>
    </p>
   </div>
   <div class='ocr_carea' id='block_1_75' title="bbox 2063 2272 3660 2351">
    <p class='ocr_par' dir='ltr' id='par_1_75' title="bbox 2063 2272 3660 2351">
     <span class='ocr_line' id='line_1_75' title="bbox 2063 2272 3660 2351; baseline 0.006 -22"><span class='ocrx_word' id='word_1_519' title='bbox 2063 2273 2288 2329; x_wconf 88' lang='lat' dir='ltr'><strong>diuntur</strong></span> <span class='ocrx_word' id='word_1_520' title='bbox 2333 2273 2386 2328; x_wconf 90' lang='lat' dir='ltr'><strong>in</strong></span> <span class='ocrx_word' id='word_1_521' title='bbox 2417 2272 2626 2329; x_wconf 81' lang='lat' dir='ltr'><strong>deiﬁcis</strong></span> <span class='ocrx_word' id='word_1_522' title='bbox 2661 2274 2942 2351; x_wconf 84' lang='lat' dir='ltr'><strong>scientiis,</strong></span> <span class='ocrx_word' id='word_1_523' title='bbox 2995 2275 3050 2334; x_wconf 84' lang='lat' dir='ltr'><strong>in</strong></span> <span class='ocrx_word' id='word_1_524' title='bbox 3100 2276 3402 2334; x_wconf 83' lang='lat' dir='ltr'><strong>divinorum</strong></span> <span class='ocrx_word' id='word_1_525' title='bbox 3451 2281 3660 2338; x_wconf 87' lang='lat' dir='ltr'><strong>scilicet</strong></span> 
     </span>
    </p>
   </div>
   <div class='ocr_carea' id='block_1_76' title="bbox 2061 2362 3662 2442">
    <p class='ocr_par' dir='ltr' id='par_1_76' title="bbox 2061 2362 3662 2442">
     <span class='ocr_line' id='line_1_76' title="bbox 2061 2362 3662 2442; baseline 0.005 -22"><span class='ocrx_word' id='word_1_526' title='bbox 2061 2363 2437 2420; x_wconf 88' lang='lat' dir='ltr'><strong>intellectuum</strong></span> <span class='ocrx_word' id='word_1_527' title='bbox 2466 2364 2856 2436; x_wconf 84' lang='lat' dir='ltr'><strong>multiplicibus</strong></span> <span class='ocrx_word' id='word_1_528' title='bbox 2894 2362 3212 2442; x_wconf 83' lang='lat' dir='ltr'><strong>disciplinis,</strong></span> <span class='ocrx_word' id='word_1_529' title='bbox 3255 2386 3394 2441; x_wconf 88' lang='lat' dir='ltr'><strong>quae</strong></span> <span class='ocrx_word' id='word_1_530' title='bbox 3423 2386 3520 2427; x_wconf 83' lang='lat' dir='ltr'><strong>eos</strong></span> <span class='ocrx_word' id='word_1_531' title='bbox 3543 2374 3662 2428; x_wconf 88' lang='lat' dir='ltr'><strong>dei-</strong></span> 
     </span>
    </p>
   </div>
   <div class='ocr_carea' id='block_1_77' title="bbox 2063 2457 3661 2532">
    <p class='ocr_par' dir='ltr' id='par_1_77' title="bbox 2063 2457 3661 2532">
     <span class='ocr_line' id='line_1_77' title="bbox 2063 2457 3661 2532; baseline 0.004 -18"><span class='ocrx_word' id='word_1_532' title='bbox 2063 2457 2231 2515; x_wconf 78' lang='lat' dir='ltr'><strong>ﬁcant</strong></span> <span class='ocrx_word' id='word_1_533' title='bbox 2263 2477 2280 2513; x_wconf 86' lang='lat'><strong>:</strong></span> <span class='ocrx_word' id='word_1_534' title='bbox 2310 2459 2538 2516; x_wconf 84' lang='lat' dir='ltr'><strong>altiores</strong></span> <span class='ocrx_word' id='word_1_535' title='bbox 2580 2475 2714 2515; x_wconf 82' lang='lat' dir='ltr'><strong>vero</strong></span> <span class='ocrx_word' id='word_1_536' title='bbox 2757 2460 3032 2528; x_wconf 90' lang='lat' dir='ltr'><strong>omnium,</strong></span> <span class='ocrx_word' id='word_1_537' title='bbox 3068 2471 3180 2518; x_wconf 87' lang='lat' dir='ltr'><strong>tres</strong></span> <span class='ocrx_word' id='word_1_538' title='bbox 3209 2463 3419 2520; x_wconf 87' lang='lat' dir='ltr'><strong>scilicet</strong></span> <span class='ocrx_word' id='word_1_539' title='bbox 3452 2467 3661 2532; x_wconf 81' lang='lat' dir='ltr'><strong>primae</strong></span> 
     </span>
    </p>
   </div>
   <div class='ocr_carea' id='block_1_78' title="bbox 2064 2539 3662 2626">
    <p class='ocr_par' dir='ltr' id='par_1_78' title="bbox 2064 2539 3662 2626">
     <span class='ocr_line' id='line_1_78' title="bbox 2064 2539 3662 2626; baseline 0.005 -20"><span class='ocrx_word' id='word_1_540' title='bbox 2064 2539 2370 2607; x_wconf 82' lang='lat' dir='ltr'><strong>ierarcbiae</strong></span> <span class='ocrx_word' id='word_1_541' title='bbox 2413 2552 2654 2619; x_wconf 86' lang='lat' dir='ltr'><strong>ordines,</strong></span> <span class='ocrx_word' id='word_1_542' title='bbox 2687 2553 2777 2624; x_wconf 86' lang='lat' dir='ltr'><strong>qui</strong></span> <span class='ocrx_word' id='word_1_543' title='bbox 2824 2566 3035 2626; x_wconf 76' lang='lat' dir='ltr'><strong>ceteras</strong></span> <span class='ocrx_word' id='word_1_544' title='bbox 3077 2555 3343 2612; x_wconf 85' lang='lat' dir='ltr'><strong>caelestes</strong></span> <span class='ocrx_word' id='word_1_545' title='bbox 3395 2559 3662 2614; x_wconf 79' lang='lat' dir='ltr'><strong>essentiss</strong></span> 
     </span>
    </p>
   </div>
   <div class='ocr_carea' id='block_1_79' title="bbox 2063 2643 3654 2718">
    <p class='ocr_par' dir='ltr' id='par_1_79' title="bbox 2063 2643 3654 2718">
     <span class='ocr_line' id='line_1_79' title="bbox 2063 2643 3654 2718; baseline 0.006 -19"><span class='ocrx_word' id='word_1_546' title='bbox 2063 2643 2328 2711; x_wconf 82' lang='lat' dir='ltr'><strong>dignitate</strong></span> <span class='ocrx_word' id='word_1_547' title='bbox 2354 2644 2712 2715; x_wconf 87' lang='lat' dir='ltr'><strong>praecellunt,</strong></span> <span class='ocrx_word' id='word_1_548' title='bbox 2750 2645 2820 2700; x_wconf 90' lang='lat' dir='ltr'><strong>ab</strong></span> <span class='ocrx_word' id='word_1_549' title='bbox 2866 2645 2982 2717; x_wconf 84' lang='lat' dir='ltr'><strong>ipsa</strong></span> <span class='ocrx_word' id='word_1_550' title='bbox 3025 2647 3342 2713; x_wconf 83' lang='lat' dir='ltr'><strong>Divinitate,</strong></span> <span class='ocrx_word' id='word_1_551' title='bbox 3391 2661 3654 2718; x_wconf 89' lang='lat' dir='ltr'><strong>quantum</strong></span> 
     </span>
    </p>
   </div>
   <div class='ocr_carea' id='block_1_80' title="bbox 2064 2733 3660 2800">
    <p class='ocr_par' dir='ltr' id='par_1_80' title="bbox 2064 2733 3660 2800">
     <span class='ocr_line' id='line_1_80' title="bbox 2064 2733 3660 2800; baseline 0.006 -11"><span class='ocrx_word' id='word_1_552' title='bbox 2064 2733 2244 2789; x_wconf 86' lang='lat' dir='ltr'><strong>divina</strong></span> <span class='ocrx_word' id='word_1_553' title='bbox 2272 2733 2404 2789; x_wconf 89' lang='lat' dir='ltr'><strong>sinit</strong></span> <span class='ocrx_word' id='word_1_554' title='bbox 2434 2734 2538 2800; x_wconf 82' lang='lat' dir='ltr'><strong>lex,</strong></span> <span class='ocrx_word' id='word_1_555' title='bbox 2570 2734 2624 2791; x_wconf 83' lang='lat' dir='ltr'><strong>in</strong></span> <span class='ocrx_word' id='word_1_556' title='bbox 2663 2736 2925 2791; x_wconf 87' lang='lat' dir='ltr'><strong>doctrinis</strong></span> <span class='ocrx_word' id='word_1_557' title='bbox 2954 2735 3311 2794; x_wconf 75' lang='lat' dir='ltr'><strong>iueﬂ&#39;abilihus</strong></span> <span class='ocrx_word' id='word_1_558' title='bbox 3351 2739 3660 2798; x_wconf 83' lang='lat' dir='ltr'><strong>illuminan-</strong></span> 
     </span>
    </p>
   </div>
   <div class='ocr_carea' id='block_1_81' title="bbox 2069 2822 3655 2904">
    <p class='ocr_par' dir='ltr' id='par_1_81' title="bbox 2069 2822 3655 2904">
     <span class='ocr_line' id='line_1_81' title="bbox 2069 2822 3655 2904; baseline 0.006 -24"><span class='ocrx_word' id='word_1_559' title='bbox 2069 2831 2172 2880; x_wconf 89' lang='lat' dir='ltr'><strong>tur.</strong></span> <span class='ocrx_word' id='word_1_560' title='bbox 2222 2824 2342 2894; x_wconf 86' lang='lat' dir='ltr'><strong>Ipsa</strong></span> <span class='ocrx_word' id='word_1_561' title='bbox 2386 2822 2650 2895; x_wconf 86' lang='lat' dir='ltr'><strong>siquidem</strong></span> <span class='ocrx_word' id='word_1_562' title='bbox 2681 2827 2946 2884; x_wconf 87' lang='lat' dir='ltr'><strong>Divinitas</strong></span> <span class='ocrx_word' id='word_1_563' title='bbox 2979 2829 3254 2904; x_wconf 79' lang='lat' dir='ltr'><strong>proximos</strong></span> <span class='ocrx_word' id='word_1_564' title='bbox 3284 2830 3388 2887; x_wconf 85' lang='lat' dir='ltr'><strong>sibi</strong></span> <span class='ocrx_word' id='word_1_565' title='bbox 3430 2832 3655 2890; x_wconf 82' lang='lat' dir='ltr'><strong>ordines</strong></span> 
     </span>
    </p>
   </div>
   <div class='ocr_carea' id='block_1_82' title="bbox 2066 2916 3658 3000">
    <p class='ocr_par' dir='ltr' id='par_1_82' title="bbox 2066 2916 3658 3000">
     <span class='ocr_line' id='line_1_82' title="bbox 2066 2916 3658 3000; baseline 0.008 -31"><span class='ocrx_word' id='word_1_566' title='bbox 2066 2916 2242 2981; x_wconf 88' lang='lat' dir='ltr'><strong>docet,</strong></span> <span class='ocrx_word' id='word_1_567' title='bbox 2269 2917 2368 2986; x_wconf 83' lang='lat' dir='ltr'><strong>ipsi</strong></span> <span class='ocrx_word' id='word_1_568' title='bbox 2397 2927 2578 2989; x_wconf 75' lang='lat' dir='ltr'><strong>autem</strong></span> <span class='ocrx_word' id='word_1_569' title='bbox 2605 2919 2896 2979; x_wconf 79' lang='lat' dir='ltr'><strong>inferiores</strong></span> <span class='ocrx_word' id='word_1_570' title='bbox 2915 2921 3169 3000; x_wconf 84' lang='lat' dir='ltr'><strong>erudiunt</strong></span> <span class='ocrx_word' id='word_1_571' title='bbox 3197 2966 3213 2990; x_wconf 91' lang='lat'><strong>,</strong></span> <span class='ocrx_word' id='word_1_572' title='bbox 3260 2942 3324 2981; x_wconf 82' lang='lat' dir='ltr'><strong>ac</strong></span> <span class='ocrx_word' id='word_1_573' title='bbox 3353 2927 3433 2982; x_wconf 88' lang='lat' dir='ltr'><strong>sic</strong></span> <span class='ocrx_word' id='word_1_574' title='bbox 3460 2927 3508 2959; x_wconf 83' lang='grc'><strong>³⁸</strong></span> <span class='ocrx_word' id='word_1_575' title='bbox 3535 2945 3658 3000; x_wconf 71' lang='lat' dir='ltr'><strong>gra-</strong></span> 
     </span>
    </p>
   </div>
   <div class='ocr_carea' id='block_1_83' title="bbox 2069 3013 3658 3094">
    <p class='ocr_par' dir='ltr' id='par_1_83' title="bbox 2069 3013 3658 3094">
     <span class='ocr_line' id='line_1_83' title="bbox 2069 3013 3658 3094; baseline 0.007 -24"><span class='ocrx_word' id='word_1_576' title='bbox 2069 3017 2235 3071; x_wconf 86' lang='lat' dir='ltr'><strong>datim</strong></span> <span class='ocrx_word' id='word_1_577' title='bbox 2267 3033 2437 3087; x_wconf 88' lang='lat' dir='ltr'><strong>usque</strong></span> <span class='ocrx_word' id='word_1_578' title='bbox 2464 3018 2532 3072; x_wconf 89' lang='lat' dir='ltr'><strong>ad</strong></span> <span class='ocrx_word' id='word_1_579' title='bbox 2561 3019 2911 3074; x_wconf 82' lang='lat' dir='ltr'><strong>novissimum</strong></span> <span class='ocrx_word' id='word_1_580' title='bbox 2942 3013 3194 3076; x_wconf 76' lang='lat' dir='ltr'><strong>ornatum</strong></span> <span class='ocrx_word' id='word_1_581' title='bbox 3225 3038 3323 3094; x_wconf 86' lang='lat' dir='ltr'><strong>per</strong></span> <span class='ocrx_word' id='word_1_582' title='bbox 3347 3025 3658 3092; x_wconf 84' lang='lat' dir='ltr'><strong>superiores</strong></span> 
     </span>
    </p>
   </div>
   <div class='ocr_carea' id='block_1_84' title="bbox 1992 3096 3717 3180">
    <p class='ocr_par' dir='ltr' id='par_1_84' title="bbox 1992 3096 3717 3180">
     <span class='ocr_line' id='line_1_84' title="bbox 1992 3096 3717 3180; baseline 0.007 -21"><span class='ocrx_word' id='word_1_583' title='bbox 1992 3096 2034 3157; x_wconf 90' lang='lat' dir='ltr'><strong>C</strong></span> <span class='ocrx_word' id='word_1_584' title='bbox 2069 3108 2122 3161; x_wconf 93' lang='lat' dir='ltr'><strong>in</strong></span> <span class='ocrx_word' id='word_1_585' title='bbox 2147 3105 2435 3164; x_wconf 80' lang='lat' dir='ltr'><strong>inferiores</strong></span> <span class='ocrx_word' id='word_1_586' title='bbox 2453 3108 2631 3164; x_wconf 84' lang='lat' dir='ltr'><strong>divina</strong></span> <span class='ocrx_word' id='word_1_587' title='bbox 2650 3109 2929 3166; x_wconf 86' lang='lat' dir='ltr'><strong>descendit</strong></span> <span class='ocrx_word' id='word_1_588' title='bbox 2945 3110 3210 3166; x_wconf 81' lang='lat' dir='ltr'><strong>doctrina.</strong></span> <span class='ocrx_word' id='word_1_589' title='bbox 3229 3112 3498 3180; x_wconf 81' lang='lat' dir='ltr'><strong>Quasdam</strong></span> <span class='ocrx_word' id='word_1_590' title='bbox 3513 3119 3653 3170; x_wconf 83' lang='lat' dir='ltr'><strong>enim</strong></span> <span class='ocrx_word' id='word_1_591' title='bbox 3714 3126 3717 3127; x_wconf 69' lang='lat'><strong><em>&#39;</em></strong></span> 
     </span>
    </p>
   </div>
   <div class='ocr_carea' id='block_1_85' title="bbox 2063 3195 3649 3271">
    <p class='ocr_par' dir='ltr' id='par_1_85' title="bbox 2063 3195 3649 3271">
     <span class='ocr_line' id='line_1_85' title="bbox 2063 3195 3649 3271; baseline 0.007 -21"><span class='ocrx_word' id='word_1_592' title='bbox 2063 3211 2245 3271; x_wconf 69' lang='lat' dir='ltr'><strong>eorum</strong></span> <span class='ocrx_word' id='word_1_593' title='bbox 2259 3195 2597 3253; x_wconf 81' lang='lat' dir='ltr'><strong>introducunt</strong></span> <span class='ocrx_word' id='word_1_594' title='bbox 2613 3215 2644 3251; x_wconf 89' lang='lat' dir='ltr'><strong>a</strong></span> <span class='ocrx_word' id='word_1_595' title='bbox 2659 3199 2925 3267; x_wconf 73' lang='lat' dir='ltr'><strong>prioribus</strong></span> <span class='ocrx_word' id='word_1_596' title='bbox 2937 3217 3086 3254; x_wconf 81' lang='lat' dir='ltr'><strong>sacre</strong></span> <span class='ocrx_word' id='word_1_597' title='bbox 3099 3202 3649 3268; x_wconf 81' lang='lat' dir='ltr'><strong>eruditas,Dominum</strong></span> 
     </span>
    </p>
   </div>
   <div class='ocr_carea' id='block_1_86' title="bbox 2060 3287 3652 3366">
    <p class='ocr_par' dir='ltr' id='par_1_86' title="bbox 2060 3287 3652 3366">
     <span class='ocr_line' id='line_1_86' title="bbox 2060 3287 3652 3366; baseline 0.008 -25"><span class='ocrx_word' id='word_1_598' title='bbox 2060 3303 2172 3342; x_wconf 80' lang='lat' dir='ltr'><strong>esse</strong></span> <span class='ocrx_word' id='word_1_599' title='bbox 2200 3287 2503 3342; x_wconf 85' lang='lat' dir='ltr'><strong>caelestium</strong></span> <span class='ocrx_word' id='word_1_600' title='bbox 2551 3289 2821 3354; x_wconf 67' lang='lat' dir='ltr'><strong>uirtutum,</strong></span> <span class='ocrx_word' id='word_1_601' title='bbox 2862 3301 2910 3346; x_wconf 85' lang='lat' dir='ltr'><strong>et</strong></span> <span class='ocrx_word' id='word_1_602' title='bbox 2921 3337 2924 3340; x_wconf 95' lang='lat'><strong>.</strong></span> <span class='ocrx_word' id='word_1_603' title='bbox 2954 3309 3125 3363; x_wconf 81' lang='lat' dir='ltr'><strong>regem</strong></span> <span class='ocrx_word' id='word_1_604' title='bbox 3167 3293 3369 3366; x_wconf 82' lang='lat' dir='ltr'><strong>gloriae</strong></span> <span class='ocrx_word' id='word_1_605' title='bbox 3397 3297 3449 3351; x_wconf 89' lang='lat' dir='ltr'><strong>in</strong></span> <span class='ocrx_word' id='word_1_606' title='bbox 3479 3297 3652 3354; x_wconf 84' lang='lat' dir='ltr'><strong>caelos</strong></span> 
     </span>
    </p>
   </div>
   <div class='ocr_carea' id='block_1_87' title="bbox 2040 3376 3650 3456">
    <p class='ocr_par' dir='ltr' id='par_1_87' title="bbox 2040 3376 3650 3456">
     <span class='ocr_line' id='line_1_87' title="bbox 2040 3376 3650 3456; baseline 0.012 -29"><span class='ocrx_word' id='word_1_607' title='bbox 2040 3376 2366 3433; x_wconf 75' lang='lat' dir='ltr'><strong>.liumanitus</strong></span> <span class='ocrx_word' id='word_1_608' title='bbox 2401 3388 2682 3449; x_wconf 86' lang='lat' dir='ltr'><strong>receptum.</strong></span> <span class='ocrx_word' id='word_1_609' title='bbox 2721 3379 2982 3452; x_wconf 72' lang='lat' dir='ltr'><strong>Exemplo</strong></span> <span class='ocrx_word' id='word_1_610' title='bbox 3007 3387 3271 3453; x_wconf 87' lang='lat' dir='ltr'><strong>approbat</strong></span> <span class='ocrx_word' id='word_1_611' title='bbox 3319 3388 3462 3456; x_wconf 86' lang='lat' dir='ltr'><strong>quod</strong></span> <span class='ocrx_word' id='word_1_612' title='bbox 3491 3387 3650 3448; x_wconf 78' lang='lat' dir='ltr'><strong>dixit.</strong></span> 
     </span>
    </p>
   </div>
   <div class='ocr_carea' id='block_1_88' title="bbox 2062 3467 3757 3546">
    <p class='ocr_par' dir='ltr' id='par_1_88' title="bbox 2062 3467 3757 3546">
     <span class='ocr_line' id='line_1_88' title="bbox 2062 3467 3757 3546; baseline 0.008 -25"><span class='ocrx_word' id='word_1_613' title='bbox 2062 3467 2414 3524; x_wconf 88' lang='lat' dir='ltr'><strong>lntroducunt</strong></span> <span class='ocrx_word' id='word_1_614' title='bbox 2438 3470 2604 3533; x_wconf 86' lang='lat' dir='ltr'><strong>enim,</strong></span> <span class='ocrx_word' id='word_1_615' title='bbox 2636 3470 2830 3540; x_wconf 87' lang='lat' dir='ltr'><strong>inquit,</strong></span> <span class='ocrx_word' id='word_1_616' title='bbox 2864 3473 2966 3542; x_wconf 88' lang='lat' dir='ltr'><strong>ipsi</strong></span> <span class='ocrx_word' id='word_1_617' title='bbox 2998 3473 3230 3546; x_wconf 79' lang='lat' dir='ltr'><strong>theologi</strong></span> <span class='ocrx_word' id='word_1_618' title='bbox 3268 3475 3322 3530; x_wconf 91' lang='lat' dir='ltr'><strong>in</strong></span> <span class='ocrx_word' id='word_1_619' title='bbox 3352 3476 3653 3534; x_wconf 81' lang='lat' dir='ltr'><strong>visionibus</strong></span> <span class='ocrx_word' id='word_1_620' title='bbox 3752 3493 3757 3499; x_wconf 84' lang='lat'><em>‘</em></span> 
     </span>
    </p>
   </div>
   <div class='ocr_carea' id='block_1_89' title="bbox 2061 3561 3654 3636">
    <p class='ocr_par' dir='ltr' id='par_1_89' title="bbox 2061 3561 3654 3636">
     <span class='ocr_line' id='line_1_89' title="bbox 2061 3561 3654 3636; baseline 0.006 -20"><span class='ocrx_word' id='word_1_621' title='bbox 2061 3561 2176 3617; x_wconf 83' lang='lat' dir='ltr'><strong>suis</strong></span> <span class='ocrx_word' id='word_1_622' title='bbox 2202 3563 2462 3632; x_wconf 84' lang='lat' dir='ltr'><strong>quasdam</strong></span> <span class='ocrx_word' id='word_1_623' title='bbox 2508 3563 2752 3618; x_wconf 85' lang='lat' dir='ltr'><strong>eruditas</strong></span> <span class='ocrx_word' id='word_1_624' title='bbox 2793 3565 3062 3620; x_wconf 83' lang='lat' dir='ltr'><strong>essentias</strong></span> <span class='ocrx_word' id='word_1_625' title='bbox 3103 3581 3136 3619; x_wconf 89' lang='lat' dir='ltr'><strong>a</strong></span> <span class='ocrx_word' id='word_1_626' title='bbox 3179 3566 3473 3636; x_wconf 88' lang='lat' dir='ltr'><strong>prioribus.</strong></span> <span class='ocrx_word' id='word_1_627' title='bbox 3508 3569 3573 3624; x_wconf 82' lang='lat' dir='ltr'><strong>Et</strong></span> <span class='ocrx_word' id='word_1_628' title='bbox 3600 3571 3654 3626; x_wconf 89' lang='lat' dir='ltr'><strong>in</strong></span> 
     </span>
    </p>
   </div>
   <div class='ocr_carea' id='block_1_90' title="bbox 2061 3645 3658 3728">
    <p class='ocr_par' dir='ltr' id='par_1_90' title="bbox 2061 3645 3658 3728">
     <span class='ocr_line' id='line_1_90' title="bbox 2061 3645 3658 3728; baseline 0.004 -18"><span class='ocrx_word' id='word_1_629' title='bbox 2061 3645 2172 3725; x_wconf 78' lang='lat' dir='ltr'><strong>quo</strong></span> <span class='ocrx_word' id='word_1_630' title='bbox 2192 3655 2439 3709; x_wconf 87' lang='lat' dir='ltr'><strong>eruditae</strong></span> <span class='ocrx_word' id='word_1_631' title='bbox 2465 3655 2631 3710; x_wconf 84' lang='lat' dir='ltr'><strong>sunt?</strong></span> <span class='ocrx_word' id='word_1_632' title='bbox 2671 3654 2728 3709; x_wconf 88' lang='lat' dir='ltr'><strong>lu</strong></span> <span class='ocrx_word' id='word_1_633' title='bbox 2753 3669 2821 3708; x_wconf 87' lang='lat' dir='ltr'><strong>eo</strong></span> <span class='ocrx_word' id='word_1_634' title='bbox 2856 3655 3038 3725; x_wconf 85' lang='lat' dir='ltr'><strong>plane,</strong></span> <span class='ocrx_word' id='word_1_635' title='bbox 3069 3659 3210 3728; x_wconf 90' lang='lat' dir='ltr'><strong>quod</strong></span> <span class='ocrx_word' id='word_1_636' title='bbox 3241 3659 3501 3724; x_wconf 78' lang='lat' dir='ltr'><strong>Dominus</strong></span> <span class='ocrx_word' id='word_1_637' title='bbox 3528 3676 3658 3717; x_wconf 84' lang='lat' dir='ltr'><strong>eae-</strong></span> 
     </span>
    </p>
   </div>
   <div class='ocr_carea' id='block_1_91' title="bbox 2061 3741 3653 3818">
    <p class='ocr_par' dir='ltr' id='par_1_91' title="bbox 2061 3741 3653 3818">
     <span class='ocr_line' id='line_1_91' title="bbox 2061 3741 3653 3818; baseline 0.006 -19"><span class='ocrx_word' id='word_1_638' title='bbox 2061 3741 2276 3799; x_wconf 85' lang='lat' dir='ltr'><strong>lestium</strong></span> <span class='ocrx_word' id='word_1_639' title='bbox 2301 3744 2581 3809; x_wconf 86' lang='lat' dir='ltr'><strong>virtutum,</strong></span> <span class='ocrx_word' id='word_1_640' title='bbox 2606 3754 2661 3798; x_wconf 88' lang='lat' dir='ltr'><strong>et</strong></span> <span class='ocrx_word' id='word_1_641' title='bbox 2691 3760 2784 3800; x_wconf 81' lang='lat' dir='ltr'><strong>rex</strong></span> <span class='ocrx_word' id='word_1_642' title='bbox 2827 3746 3034 3816; x_wconf 74' lang='lat' dir='ltr'><strong>gloriae</strong></span> <span class='ocrx_word' id='word_1_643' title='bbox 3056 3746 3116 3806; x_wconf 82' lang='lat' dir='ltr'><strong>in</strong></span> <span class='ocrx_word' id='word_1_644' title='bbox 3145 3748 3260 3818; x_wconf 86' lang='lat' dir='ltr'><strong>ipsa</strong></span> <span class='ocrx_word' id='word_1_645' title='bbox 3293 3751 3653 3816; x_wconf 77' lang='lat' dir='ltr'><strong>humanitate,</strong></span> 
     </span>
    </p>
   </div>
   <div class='ocr_carea' id='block_1_92' title="bbox 2061 3828 3656 3911">
    <p class='ocr_par' dir='ltr' id='par_1_92' title="bbox 2061 3828 3656 3911">
     <span class='ocr_line' id='line_1_92' title="bbox 2061 3828 3656 3911; baseline 0.007 -21"><span class='ocrx_word' id='word_1_646' title='bbox 2061 3828 2226 3905; x_wconf 86' lang='lat' dir='ltr'><strong>quam</strong></span> <span class='ocrx_word' id='word_1_647' title='bbox 2253 3851 2319 3891; x_wconf 73' lang='lat' dir='ltr'><strong>es</strong></span> <span class='ocrx_word' id='word_1_648' title='bbox 2351 3835 2507 3892; x_wconf 88' lang='lat' dir='ltr'><strong>nobis</strong></span> <span class='ocrx_word' id='word_1_649' title='bbox 2537 3848 2758 3908; x_wconf 90' lang='lat' dir='ltr'><strong>propter</strong></span> <span class='ocrx_word' id='word_1_650' title='bbox 2798 3855 2897 3894; x_wconf 90' lang='lat' dir='ltr'><strong>nos</strong></span> <span class='ocrx_word' id='word_1_651' title='bbox 2932 3849 3245 3911; x_wconf 81' lang='lat' dir='ltr'><strong>acceperat,</strong></span> <span class='ocrx_word' id='word_1_652' title='bbox 3278 3843 3333 3898; x_wconf 93' lang='lat' dir='ltr'><strong>in</strong></span> <span class='ocrx_word' id='word_1_653' title='bbox 3361 3845 3540 3900; x_wconf 83' lang='lat' dir='ltr'><strong>caelos</strong></span> <span class='ocrx_word' id='word_1_654' title='bbox 3565 3859 3656 3900; x_wconf 86' lang='lat' dir='ltr'><strong>as-</strong></span> 
     </span>
    </p>
   </div>
   <div class='ocr_carea' id='block_1_93' title="bbox 2061 3923 3656 4001">
    <p class='ocr_par' dir='ltr' id='par_1_93' title="bbox 2061 3923 3656 4001">
     <span class='ocr_line' id='line_1_93' title="bbox 2061 3923 3656 4001; baseline 0.009 -19"><span class='ocrx_word' id='word_1_655' title='bbox 2061 3937 2314 3999; x_wconf 83' lang='lat' dir='ltr'><strong>sumptus</strong></span> <span class='ocrx_word' id='word_1_656' title='bbox 2338 3937 2445 3992; x_wconf 88' lang='lat' dir='ltr'><strong>est,</strong></span> <span class='ocrx_word' id='word_1_657' title='bbox 2477 3928 2580 3984; x_wconf 87' lang='lat' dir='ltr'><strong>hoc</strong></span> <span class='ocrx_word' id='word_1_658' title='bbox 2603 3940 2718 3998; x_wconf 82' lang='lat' dir='ltr'><strong>est,</strong></span> <span class='ocrx_word' id='word_1_659' title='bbox 2739 3929 2881 4001; x_wconf 86' lang='lat' dir='ltr'><strong>quod</strong></span> <span class='ocrx_word' id='word_1_660' title='bbox 2911 3932 3218 3988; x_wconf 76' lang='lat' dir='ltr'><strong>humanitas</strong></span> <span class='ocrx_word' id='word_1_661' title='bbox 3240 3933 3450 3990; x_wconf 88' lang='lat' dir='ltr'><strong>Domini</strong></span> <span class='ocrx_word' id='word_1_662' title='bbox 3483 3923 3656 3996; x_wconf 78' lang='lat' dir='ltr'><strong>nostri</strong></span> 
     </span>
    </p>
   </div>
   <div class='ocr_carea' id='block_1_94' title="bbox 2059 4018 3657 4102">
    <p class='ocr_par' dir='ltr' id='par_1_94' title="bbox 2059 4018 3657 4102">
     <span class='ocr_line' id='line_1_94' title="bbox 2059 4018 3657 4102; baseline 0.007 -26"><span class='ocrx_word' id='word_1_663' title='bbox 2059 4018 2190 4076; x_wconf 81' lang='lat' dir='ltr'><strong>Jesu</strong></span> <span class='ocrx_word' id='word_1_664' title='bbox 2221 4018 2454 4085; x_wconf 84' lang='lat' dir='ltr'><strong>Christi,</strong></span> <span class='ocrx_word' id='word_1_665' title='bbox 2485 4023 2576 4093; x_wconf 88' lang='lat' dir='ltr'><strong>qui</strong></span> <span class='ocrx_word' id='word_1_666' title='bbox 2608 4033 2692 4078; x_wconf 88' lang='lat' dir='ltr'><strong>est</strong></span> <span class='ocrx_word' id='word_1_667' title='bbox 2722 4023 2983 4092; x_wconf 80' lang='lat' dir='ltr'><strong>Demittus</strong></span> <span class='ocrx_word' id='word_1_668' title='bbox 3011 4025 3274 4081; x_wconf 86' lang='lat' dir='ltr'><strong>virtutum</strong></span> <span class='ocrx_word' id='word_1_669' title='bbox 3305 4037 3361 4083; x_wconf 86' lang='lat' dir='ltr'><strong>et</strong></span> <span class='ocrx_word' id='word_1_670' title='bbox 3399 4045 3494 4084; x_wconf 74' lang='lat' dir='ltr'><strong>rex</strong></span> <span class='ocrx_word' id='word_1_671' title='bbox 3539 4029 3657 4102; x_wconf 65' lang='lat' dir='ltr'><strong>glo-</strong></span> 
     </span>
    </p>
   </div>
   <div class='ocr_carea' id='block_1_95' title="bbox 2064 4110 3652 4192">
    <p class='ocr_par' dir='ltr' id='par_1_95' title="bbox 2064 4110 3652 4192">
     <span class='ocr_line' id='line_1_95' title="bbox 2064 4110 3652 4192; baseline 0.008 -26"><span class='ocrx_word' id='word_1_672' title='bbox 2064 4110 2196 4177; x_wconf 83' lang='lat' dir='ltr'><strong>riae,</strong></span> <span class='ocrx_word' id='word_1_673' title='bbox 2242 4112 2296 4167; x_wconf 92' lang='lat' dir='ltr'><strong>in</strong></span> <span class='ocrx_word' id='word_1_674' title='bbox 2333 4129 2488 4168; x_wconf 88' lang='lat' dir='ltr'><strong>suam</strong></span> <span class='ocrx_word' id='word_1_675' title='bbox 2523 4114 2883 4180; x_wconf 83' lang='lat' dir='ltr'><strong>divinitatem,</strong></span> <span class='ocrx_word' id='word_1_676' title='bbox 2922 4118 3312 4186; x_wconf 64' lang='lat' dir='ltr'><strong>quammelos</strong></span> <span class='ocrx_word' id='word_1_677' title='bbox 3355 4121 3652 4192; x_wconf 80' lang='lat' dir='ltr'><strong>appellant,</strong></span> 
     </span>
    </p>
   </div>
   <div class='ocr_carea' id='block_1_96' title="bbox 2063 4197 3654 4285">
    <p class='ocr_par' dir='ltr' id='par_1_96' title="bbox 2063 4197 3654 4285">
     <span class='ocr_line' id='line_1_96' title="bbox 2063 4197 3654 4285; baseline 0.009 -30"><span class='ocrx_word' id='word_1_678' title='bbox 2063 4212 2185 4273; x_wconf 87' lang='lat' dir='ltr'><strong>post</strong></span> <span class='ocrx_word' id='word_1_679' title='bbox 2210 4205 2662 4261; x_wconf 85' lang='lat' dir='ltr'><strong>resurrectionem</strong></span> <span class='ocrx_word' id='word_1_680' title='bbox 2708 4207 2943 4262; x_wconf 81' lang='lat' dir='ltr'><strong>exaltata</strong></span> <span class='ocrx_word' id='word_1_681' title='bbox 2966 4208 3067 4273; x_wconf 88' lang='lat' dir='ltr'><strong>sit.</strong></span> <span class='ocrx_word' id='word_1_682' title='bbox 3101 4218 3157 4267; x_wconf 85' lang='lat' dir='ltr'><strong>et</strong></span> <span class='ocrx_word' id='word_1_683' title='bbox 3192 4197 3336 4285; x_wconf 83' lang='lat' dir='ltr'><strong>quod</strong></span> <span class='ocrx_word' id='word_1_684' title='bbox 3367 4222 3654 4285; x_wconf 82' lang='lat' dir='ltr'><strong>utriusque</strong></span> 
     </span>
    </p>
   </div>
   <div class='ocr_carea' id='block_1_97' title="bbox 2064 4298 3654 4377">
    <p class='ocr_par' dir='ltr' id='par_1_97' title="bbox 2064 4298 3654 4377">
     <span class='ocr_line' id='line_1_97' title="bbox 2064 4298 3654 4377; baseline 0.008 -26"><span class='ocrx_word' id='word_1_685' title='bbox 2064 4307 2309 4376; x_wconf 70' lang='lat' dir='ltr'><strong>naturae.</strong></span> <span class='ocrx_word' id='word_1_686' title='bbox 2356 4298 2572 4352; x_wconf 83' lang='lat' dir='ltr'><strong>divinae</strong></span> <span class='ocrx_word' id='word_1_687' title='bbox 2601 4298 2852 4354; x_wconf 86' lang='lat' dir='ltr'><strong>videlicet</strong></span> <span class='ocrx_word' id='word_1_688' title='bbox 2894 4308 3058 4370; x_wconf 86' lang='lat' dir='ltr'><strong>atque</strong></span> <span class='ocrx_word' id='word_1_689' title='bbox 3093 4302 3378 4368; x_wconf 87' lang='lat' dir='ltr'><strong>humanae,</strong></span> <span class='ocrx_word' id='word_1_690' title='bbox 3409 4307 3654 4377; x_wconf 88' lang='lat' dir='ltr'><strong>proprie-</strong></span> 
     </span>
    </p>
   </div>
   <div class='ocr_carea' id='block_1_98' title="bbox 2066 4389 3655 4470">
    <p class='ocr_par' dir='ltr' id='par_1_98' title="bbox 2066 4389 3655 4470">
     <span class='ocr_line' id='line_1_98' title="bbox 2066 4389 3655 4470; baseline 0.008 -28"><span class='ocrx_word' id='word_1_691' title='bbox 2066 4389 2265 4446; x_wconf 86' lang='lat' dir='ltr'><strong>tatibus</strong></span> <span class='ocrx_word' id='word_1_692' title='bbox 2288 4390 2802 4447; x_wconf 83' lang='lat' dir='ltr'><strong>incommutahiliter</strong></span> <span class='ocrx_word' id='word_1_693' title='bbox 2829 4408 2895 4446; x_wconf 77' lang='lat' dir='ltr'><strong>ex</strong></span> <span class='ocrx_word' id='word_1_694' title='bbox 2923 4395 3129 4450; x_wconf 72' lang='lat' dir='ltr'><strong>uanitate</strong></span> <span class='ocrx_word' id='word_1_695' title='bbox 3169 4397 3507 4452; x_wconf 82' lang='lat' dir='ltr'><strong>substantiae</strong></span> <span class='ocrx_word' id='word_1_696' title='bbox 3530 4414 3655 4470; x_wconf 79' lang='lat' dir='ltr'><strong>per-</strong></span> 
     </span>
    </p>
   </div>
   <div class='ocr_carea' id='block_1_99' title="bbox 2061 4483 3648 4552">
    <p class='ocr_par' dir='ltr' id='par_1_99' title="bbox 2061 4483 3648 4552">
     <span class='ocr_line' id='line_1_99' title="bbox 2061 4483 3648 4552; baseline 0.006 -15"><span class='ocrx_word' id='word_1_697' title='bbox 2061 4483 2448 4548; x_wconf 87' lang='lat' dir='ltr'><strong>manentihus,</strong></span> <span class='ocrx_word' id='word_1_698' title='bbox 2494 4484 2948 4552; x_wconf 84' lang='lat' dir='ltr'><strong>quemadmodum</strong></span> <span class='ocrx_word' id='word_1_699' title='bbox 2998 4485 3231 4542; x_wconf 83' lang='lat' dir='ltr'><strong>Verbum</strong></span> <span class='ocrx_word' id='word_1_700' title='bbox 3272 4503 3402 4543; x_wconf 88' lang='lat' dir='ltr'><strong>caro</strong></span> <span class='ocrx_word' id='word_1_701' title='bbox 3447 4487 3648 4547; x_wconf 77' lang='lat' dir='ltr'><strong>factum</strong></span> 
     </span>
    </p>
   </div>
   <div class='ocr_carea' id='block_1_100' title="bbox 2064 4573 3652 4653">
    <p class='ocr_par' dir='ltr' id='par_1_100' title="bbox 2064 4573 3652 4653">
     <span class='ocr_line' id='line_1_100' title="bbox 2064 4573 3652 4653; baseline 0.007 -23"><span class='ocrx_word' id='word_1_702' title='bbox 2064 4584 2166 4640; x_wconf 87' lang='lat' dir='ltr'><strong>est,</strong></span> <span class='ocrx_word' id='word_1_703' title='bbox 2195 4575 2269 4629; x_wconf 87' lang='lat' dir='ltr'><strong>ita</strong></span> <span class='ocrx_word' id='word_1_704' title='bbox 2296 4591 2427 4630; x_wconf 90' lang='lat' dir='ltr'><strong>caro</strong></span> <span class='ocrx_word' id='word_1_705' title='bbox 2456 4575 2694 4653; x_wconf 68' lang='lat' dir='ltr'><strong>Verbum</strong></span> <span class='ocrx_word' id='word_1_706' title='bbox 2726 4573 2864 4632; x_wconf 77' lang='lat' dir='ltr'><strong>facta</strong></span> <span class='ocrx_word' id='word_1_707' title='bbox 2895 4585 3040 4631; x_wconf 89' lang='lat' dir='ltr'><strong>totus</strong></span> <span class='ocrx_word' id='word_1_708' title='bbox 3082 4578 3224 4634; x_wconf 84' lang='lat' dir='ltr'><strong>Deus</strong></span> <span class='ocrx_word' id='word_1_709' title='bbox 3270 4579 3322 4634; x_wconf 89' lang='lat' dir='ltr'><strong>in</strong></span> <span class='ocrx_word' id='word_1_710' title='bbox 3370 4583 3499 4638; x_wconf 88' lang='lat' dir='ltr'><strong>totis</strong></span> <span class='ocrx_word' id='word_1_711' title='bbox 3533 4583 3652 4641; x_wconf 82' lang='lat' dir='ltr'><strong>suis</strong></span> 
     </span>
    </p>
   </div>
   <div class='ocr_carea' id='block_1_101' title="bbox 2065 4665 3652 4744">
    <p class='ocr_par' dir='ltr' id='par_1_101' title="bbox 2065 4665 3652 4744">
     <span class='ocr_line' id='line_1_101' title="bbox 2065 4665 3652 4744; baseline 0.006 -22"><span class='ocrx_word' id='word_1_712' title='bbox 2065 4667 2292 4722; x_wconf 84' lang='lat' dir='ltr'><strong>naturis.</strong></span> <span class='ocrx_word' id='word_1_713' title='bbox 2319 4665 2386 4722; x_wconf 83' lang='lat' dir='ltr'><strong>Et</strong></span> <span class='ocrx_word' id='word_1_714' title='bbox 2413 4681 2480 4721; x_wconf 92' lang='lat' dir='ltr'><strong>ne</strong></span> <span class='ocrx_word' id='word_1_715' title='bbox 2508 4666 2742 4732; x_wconf 88' lang='lat' dir='ltr'><strong>mireris,</strong></span> <span class='ocrx_word' id='word_1_716' title='bbox 2774 4667 3113 4724; x_wconf 83' lang='lat' dir='ltr'><strong>divinitatem</strong></span> <span class='ocrx_word' id='word_1_717' title='bbox 3143 4669 3342 4740; x_wconf 84' lang='lat' dir='ltr'><strong>Christi</strong></span> <span class='ocrx_word' id='word_1_718' title='bbox 3371 4672 3652 4744; x_wconf 85' lang='lat' dir='ltr'><strong>pluraliter</strong></span> 
     </span>
    </p>
   </div>
   <div class='ocr_carea' id='block_1_102' title="bbox 2065 4757 3654 4831">
    <p class='ocr_par' dir='ltr' id='par_1_102' title="bbox 2065 4757 3654 4831">
     <span class='ocr_line' id='line_1_102' title="bbox 2065 4757 3654 4831; baseline 0.009 -18"><span class='ocrx_word' id='word_1_719' title='bbox 2065 4757 2244 4814; x_wconf 78' lang='lat' dir='ltr'><strong>caelos</strong></span> <span class='ocrx_word' id='word_1_720' title='bbox 2275 4758 2477 4812; x_wconf 86' lang='lat' dir='ltr'><strong>vocari.</strong></span> <span class='ocrx_word' id='word_1_721' title='bbox 2521 4757 2578 4814; x_wconf 88' lang='lat' dir='ltr'><strong>Si</strong></span> <span class='ocrx_word' id='word_1_722' title='bbox 2614 4758 2758 4814; x_wconf 90' lang='lat' dir='ltr'><strong>enim</strong></span> <span class='ocrx_word' id='word_1_723' title='bbox 2791 4759 2905 4828; x_wconf 90' lang='lat' dir='ltr'><strong>ipse</strong></span> <span class='ocrx_word' id='word_1_724' title='bbox 2933 4760 3208 4831; x_wconf 81' lang='lat' dir='ltr'><strong>multiplex</strong></span> <span class='ocrx_word' id='word_1_725' title='bbox 3240 4772 3297 4816; x_wconf 90' lang='lat' dir='ltr'><strong>et</strong></span> <span class='ocrx_word' id='word_1_726' title='bbox 3332 4764 3539 4825; x_wconf 73' lang='lat' dir='ltr'><strong>inﬁnita</strong></span> <span class='ocrx_word' id='word_1_727' title='bbox 3565 4783 3654 4826; x_wconf 78' lang='lat' dir='ltr'><strong>ss-</strong></span> 
     </span>
    </p>
   </div>
   <div class='ocr_carea' id='block_1_103' title="bbox 2065 4839 3651 4923">
    <p class='ocr_par' dir='ltr' id='par_1_103' title="bbox 2065 4839 3651 4923">
     <span class='ocr_line' id='line_1_103' title="bbox 2065 4839 3651 4923; baseline 0.008 -18"><span class='ocrx_word' id='word_1_728' title='bbox 2065 4851 2264 4921; x_wconf 85' lang='lat' dir='ltr'><strong>pientia</strong></span> <span class='ocrx_word' id='word_1_729' title='bbox 2293 4849 2470 4906; x_wconf 87' lang='lat' dir='ltr'><strong>Patris</strong></span> <span class='ocrx_word' id='word_1_730' title='bbox 2496 4858 2616 4915; x_wconf 87' lang='lat' dir='ltr'><strong>est,</strong></span> <span class='ocrx_word' id='word_1_731' title='bbox 2665 4850 2792 4906; x_wconf 89' lang='lat' dir='ltr'><strong>dum</strong></span> <span class='ocrx_word' id='word_1_732' title='bbox 2821 4851 2888 4906; x_wconf 89' lang='lat' dir='ltr'><strong>sit</strong></span> <span class='ocrx_word' id='word_1_733' title='bbox 2921 4867 3027 4906; x_wconf 86' lang='lat' dir='ltr'><strong>una</strong></span> <span class='ocrx_word' id='word_1_734' title='bbox 3061 4839 3118 4908; x_wconf 86' lang='lat' dir='ltr'><strong>et</strong></span> <span class='ocrx_word' id='word_1_735' title='bbox 3144 4853 3418 4910; x_wconf 85' lang='lat' dir='ltr'><strong>individua</strong></span> <span class='ocrx_word' id='word_1_736' title='bbox 3445 4897 3461 4923; x_wconf 90' lang='lat'><strong>,</strong></span> <span class='ocrx_word' id='word_1_737' title='bbox 3507 4867 3564 4916; x_wconf 82' lang='lat' dir='ltr'><strong>et</strong></span> <span class='ocrx_word' id='word_1_738' title='bbox 3602 4858 3651 4918; x_wconf 85' lang='lat' dir='ltr'><strong>si</strong></span> 
     </span>
    </p>
   </div>
   <div class='ocr_carea' id='block_1_104' title="bbox 1658 4987 2346 5052">
    <p class='ocr_par' dir='ltr' id='par_1_104' title="bbox 1658 4987 2346 5052">
     <span class='ocr_line' id='line_1_104' title="bbox 1658 4987 2346 5052; baseline -0.013 -1"><span class='ocrx_word' id='word_1_739' title='bbox 1658 4994 1910 5052; x_wconf 75' lang='lat' dir='ltr'><strong>VABIAE</strong></span> <span class='ocrx_word' id='word_1_740' title='bbox 1944 4987 2346 5050; x_wconf 82' lang='lat' dir='ltr'><strong>LECTIONES.</strong></span> 
     </span>
    </p>
   </div>
   <div class='ocr_carea' id='block_1_105' title="bbox 452 5110 1367 5170">
    <p class='ocr_par' dir='ltr' id='par_1_105' title="bbox 452 5110 1367 5170">
     <span class='ocr_line' id='line_1_105' title="bbox 452 5110 1367 5170; baseline 0.001 -6"><span class='ocrx_word' id='word_1_741' title='bbox 452 5113 466 5144; x_wconf 87' lang='grc'>¹</span> <span class='ocrx_word' id='word_1_742' title='bbox 504 5110 544 5164; x_wconf 82' lang='grc' dir='ltr'><strong><em>Β</em></strong></span> <span class='ocrx_word' id='word_1_743' title='bbox 571 5111 801 5170; x_wconf 79' lang='lat' dir='ltr'><strong>recitira.</strong></span> <span class='ocrx_word' id='word_1_744' title='bbox 839 5127 985 5166; x_wconf 87' lang='lat' dir='ltr'><strong>corr.</strong></span> <span class='ocrx_word' id='word_1_745' title='bbox 1021 5111 1081 5166; x_wconf 86' lang='lat' dir='ltr'><strong>B&#39;</strong></span> <span class='ocrx_word' id='word_1_746' title='bbox 1129 5111 1367 5167; x_wconf 78' lang='lat' dir='ltr'><strong>reditiva.</strong></span> 
     </span>
    </p>
   </div>
   <div class='ocr_carea' id='block_1_106' title="bbox 372 5181 1875 5271">
    <p class='ocr_par' dir='ltr' id='par_1_106' title="bbox 372 5181 1875 5271">
     <span class='ocr_line' id='line_1_106' title="bbox 372 5181 1875 5271; baseline -0.003 -35"><span class='ocrx_word' id='word_1_747' title='bbox 372 5183 604 5271; x_wconf 40' lang='lat' dir='ltr'><strong>qualium</strong></span> <span class='ocrx_word' id='word_1_748' title='bbox 647 5181 902 5271; x_wconf 58' lang='lat' dir='ltr'><strong>diorcticu</strong></span> <span class='ocrx_word' id='word_1_749' title='bbox 947 5184 1230 5271; x_wconf 53' lang='lat' dir='ltr'><strong>inme-uita.</strong></span> <span class='ocrx_word' id='word_1_750' title='bbox 1262 5252 1300 5271; x_wconf 53' lang='grc' dir='ltr'>η</span> <span class='ocrx_word' id='word_1_751' title='bbox 1323 5181 1346 5213; x_wconf 66' lang='grc'><strong><em>⁵</em></strong></span> <span class='ocrx_word' id='word_1_752' title='bbox 1379 5182 1471 5271; x_wconf 49' lang='lat' dir='ltr'><strong>tr“</strong></span> <span class='ocrx_word' id='word_1_753' title='bbox 1487 5183 1875 5271; x_wconf 39' lang='lat' dir='ltr'><strong>corr‘.pposuit:</strong></span> 
     </span>
    </p>
   </div>
   <div class='ocr_carea' id='block_1_107' title="bbox 382 5250 1765 5318">
    <p class='ocr_par' dir='ltr' id='par_1_107' title="bbox 382 5250 1765 5318">
     <span class='ocr_line' id='line_1_107' title="bbox 382 5250 1765 5318; baseline 0 -12"><span class='ocrx_word' id='word_1_754' title='bbox 382 5250 397 5284; x_wconf 73' lang='grc'><strong><em>⁹</em></strong></span> <span class='ocrx_word' id='word_1_755' title='bbox 463 5250 595 5306; x_wconf 71' lang='lat' dir='ltr'><strong>ABG</strong></span> <span class='ocrx_word' id='word_1_756' title='bbox 652 5255 952 5310; x_wconf 75' lang='grc' dir='ltr'><strong>ἀναλυτικα.</strong></span> <span class='ocrx_word' id='word_1_757' title='bbox 1021 5250 1028 5253; x_wconf 47' lang='grc'><em>”</em></span> <span class='ocrx_word' id='word_1_758' title='bbox 1067 5253 1090 5284; x_wconf 86' lang='grc'><strong>⁸</strong></span> <span class='ocrx_word' id='word_1_759' title='bbox 1130 5251 1221 5308; x_wconf 85' lang='lat' dir='ltr'><strong>Sic</strong></span> <span class='ocrx_word' id='word_1_760' title='bbox 1260 5252 1335 5318; x_wconf 72' lang='grc' dir='ltr'><strong>Ο,</strong></span> <span class='ocrx_word' id='word_1_761' title='bbox 1381 5252 1472 5306; x_wconf 83' lang='grc' dir='ltr'><strong>ΑΒ</strong></span> <span class='ocrx_word' id='word_1_762' title='bbox 1518 5250 1765 5306; x_wconf 63' lang='lat' dir='ltr'><strong>recidiva.</strong></span> 
     </span>
    </p>
   </div>
   <div class='ocr_carea' id='block_1_108' title="bbox 1466 5101 3470 5226">
    <p class='ocr_par' dir='ltr' id='par_1_108' title="bbox 1466 5101 3470 5226">
     <span class='ocr_line' id='line_1_108' title="bbox 1466 5101 3470 5180; baseline 0 -16"><span class='ocrx_word' id='word_1_763' title='bbox 1466 5112 1488 5142; x_wconf 79' lang='grc'>³</span> <span class='ocrx_word' id='word_1_764' title='bbox 1525 5108 1705 5180; x_wconf 80' lang='lat' dir='ltr'><strong>Conj.,</strong></span> <span class='ocrx_word' id='word_1_765' title='bbox 1738 5109 1826 5162; x_wconf 83' lang='grc' dir='ltr'><strong>ΑΒ</strong></span> <span class='ocrx_word' id='word_1_766' title='bbox 1862 5108 2082 5180; x_wconf 80' lang='lat' dir='ltr'><strong>quedam</strong></span> <span class='ocrx_word' id='word_1_767' title='bbox 2107 5103 2360 5158; x_wconf 78' lang='lat' dir='ltr'><strong>diaretica</strong></span> <span class='ocrx_word' id='word_1_768' title='bbox 2392 5102 2460 5168; x_wconf 84' lang='lat' dir='ltr'><strong>vi,</strong></span> <span class='ocrx_word' id='word_1_769' title='bbox 2505 5101 2569 5156; x_wconf 77' lang='lat' dir='ltr'><strong>B‘</strong></span> <span class='ocrx_word' id='word_1_770' title='bbox 2600 5118 2697 5172; x_wconf 87' lang='lat' dir='ltr'><strong>pro</strong></span> <span class='ocrx_word' id='word_1_771' title='bbox 2730 5104 2983 5158; x_wconf 82' lang='lat' dir='ltr'><strong>diaretica</strong></span> <span class='ocrx_word' id='word_1_772' title='bbox 3023 5119 3164 5159; x_wconf 89' lang='lat' dir='ltr'><strong>corr.</strong></span> <span class='ocrx_word' id='word_1_773' title='bbox 3206 5107 3470 5165; x_wconf 81' lang='lat' dir='ltr'><strong>dialetica.</strong></span> 
     </span>
     <span class='ocr_line' id='line_1_109' title="bbox 1487 5172 3470 5226; baseline 0 0"><span class='ocrx_word' id='word_1_774' title='bbox 1487 5197 1630 5226; x_wconf 69' lang='lat' dir='ltr'><strong>corr-</strong></span> <span class='ocrx_word' id='word_1_775' title='bbox 1682 5183 1875 5226; x_wconf 76' lang='lat' dir='ltr'><strong>nosuil.</strong></span> <span class='ocrx_word' id='word_1_776' title='bbox 1974 5179 1996 5210; x_wconf 82' lang='grc'><strong><em>⁸</em></strong></span> <span class='ocrx_word' id='word_1_777' title='bbox 2039 5175 2083 5226; x_wconf 82' lang='grc' dir='ltr'><strong>Β</strong></span> <span class='ocrx_word' id='word_1_778' title='bbox 2154 5175 2382 5226; x_wconf 82' lang='lat' dir='ltr'><strong>demum.</strong></span> <span class='ocrx_word' id='word_1_779' title='bbox 2460 5172 2482 5204; x_wconf 83' lang='grc'><strong>⁸</strong></span> <span class='ocrx_word' id='word_1_780' title='bbox 2531 5172 2575 5226; x_wconf 84' lang='grc' dir='ltr'><strong>Β</strong></span> <span class='ocrx_word' id='word_1_781' title='bbox 2617 5175 2950 5226; x_wconf 82' lang='lat' dir='ltr'><strong>dirunerant.</strong></span> <span class='ocrx_word' id='word_1_782' title='bbox 2998 5176 3058 5226; x_wconf 77' lang='lat' dir='ltr'><strong>B‘</strong></span> <span class='ocrx_word' id='word_1_783' title='bbox 3108 5193 3252 5226; x_wconf 85' lang='lat' dir='ltr'><strong>corr.</strong></span> <span class='ocrx_word' id='word_1_784' title='bbox 3309 5180 3470 5226; x_wconf 80' lang='lat' dir='ltr'><strong>dirun</strong></span> 
     </span>
    </p>
   </div>
   <div class='ocr_carea' id='block_1_109' title="bbox 1860 5175 3644 5314">
    <p class='ocr_par' dir='ltr' id='par_1_109' title="bbox 1860 5175 3644 5314">
     <span class='ocr_line' id='line_1_110' title="bbox 1861 5175 3644 5251; baseline 0.006 -25"><span class='ocrx_word' id='word_1_785' title='bbox 1861 5175 1883 5232; x_wconf 77' lang='lat'><strong>.&#39;</strong></span> <span class='ocrx_word' id='word_1_786' title='bbox 1974 5179 1996 5210; x_wconf 83' lang='grc'><strong><em>⁸</em></strong></span> <span class='ocrx_word' id='word_1_787' title='bbox 2039 5175 2083 5229; x_wconf 83' lang='grc' dir='ltr'><strong>Β</strong></span> <span class='ocrx_word' id='word_1_788' title='bbox 2154 5175 2382 5227; x_wconf 83' lang='lat' dir='ltr'><strong>demum.</strong></span> <span class='ocrx_word' id='word_1_789' title='bbox 2460 5175 2482 5204; x_wconf 84' lang='grc'><strong>⁸</strong></span> <span class='ocrx_word' id='word_1_790' title='bbox 2531 5175 2575 5226; x_wconf 84' lang='grc' dir='ltr'><strong>Β</strong></span> <span class='ocrx_word' id='word_1_791' title='bbox 2617 5175 2950 5243; x_wconf 81' lang='lat' dir='ltr'><strong>diruperant.</strong></span> <span class='ocrx_word' id='word_1_792' title='bbox 2998 5176 3058 5228; x_wconf 78' lang='lat' dir='ltr'><strong>B‘</strong></span> <span class='ocrx_word' id='word_1_793' title='bbox 3108 5193 3252 5232; x_wconf 89' lang='lat' dir='ltr'><strong>corr.</strong></span> <span class='ocrx_word' id='word_1_794' title='bbox 3309 5180 3644 5251; x_wconf 81' lang='lat' dir='ltr'><strong>dirupcrunl.</strong></span> 
     </span>
     <span class='ocr_line' id='line_1_111' title="bbox 1860 5243 3644 5314; baseline 0.006 -18"><span class='ocrx_word' id='word_1_795' title='bbox 1860 5251 1882 5286; x_wconf 73' lang='grc' dir='ltr'><strong>ο</strong></span> <span class='ocrx_word' id='word_1_796' title='bbox 1922 5249 1999 5305; x_wconf 76' lang='lat' dir='ltr'><strong>Ex</strong></span> <span class='ocrx_word' id='word_1_797' title='bbox 2045 5253 2178 5300; x_wconf 79' lang='lat' dir='ltr'><strong>text.</strong></span> <span class='ocrx_word' id='word_1_798' title='bbox 2209 5260 2293 5314; x_wconf 74' lang='lat' dir='ltr'><strong>gr.</strong></span> <span class='ocrx_word' id='word_1_799' title='bbox 2331 5252 2389 5298; x_wconf 88' lang='lat' dir='ltr'><strong>et</strong></span> <span class='ocrx_word' id='word_1_800' title='bbox 2420 5257 2581 5306; x_wconf 83' lang='lat' dir='ltr'><strong>vers.,</strong></span> <span class='ocrx_word' id='word_1_801' title='bbox 2625 5243 2716 5297; x_wconf 81' lang='lat' dir='ltr'><strong>AB</strong></span> <span class='ocrx_word' id='word_1_802' title='bbox 2764 5245 3042 5299; x_wconf 77' lang='lat' dir='ltr'><strong>ierurclria.</strong></span> <span class='ocrx_word' id='word_1_803' title='bbox 3174 5249 3215 5279; x_wconf 78' lang='lat'><strong>‘°</strong></span> <span class='ocrx_word' id='word_1_804' title='bbox 3254 5251 3384 5304; x_wconf 73' lang='lat' dir='ltr'><strong>haec</strong></span> <span class='ocrx_word' id='word_1_805' title='bbox 3428 5266 3536 5307; x_wconf 88' lang='lat' dir='ltr'><strong>om.</strong></span> <span class='ocrx_word' id='word_1_806' title='bbox 3583 5251 3644 5310; x_wconf 89' lang='grc' dir='ltr'><strong>Β.</strong></span> 
     </span>
    </p>
   </div>
   <div class='ocr_carea' id='block_1_110' title="bbox 3550 5113 3649 5169">
    <p class='ocr_par' dir='ltr' id='par_1_110' title="bbox 3550 5113 3649 5169">
     <span class='ocr_line' id='line_1_112' title="bbox 3550 5113 3649 5169; baseline 0 0"><span class='ocrx_word' id='word_1_807' title='bbox 3550 5113 3649 5169; x_wconf 82' lang='lat' dir='ltr'><strong>&#39;C</strong></span> 
     </span>
    </p>
   </div>
   <div class='ocr_carea' id='block_1_111' title="bbox 3174 5249 3644 5310">
    <p class='ocr_par' dir='ltr' id='par_1_111' title="bbox 3174 5249 3644 5310">
     <span class='ocr_line' id='line_1_113' title="bbox 3174 5249 3644 5310; baseline 0.013 -9"><span class='ocrx_word' id='word_1_808' title='bbox 3174 5249 3215 5279; x_wconf 81' lang='lat'><strong>‘°</strong></span> <span class='ocrx_word' id='word_1_809' title='bbox 3254 5251 3384 5304; x_wconf 73' lang='lat' dir='ltr'><strong>haec</strong></span> <span class='ocrx_word' id='word_1_810' title='bbox 3428 5249 3536 5307; x_wconf 85' lang='lat' dir='ltr'><strong>om.</strong></span> <span class='ocrx_word' id='word_1_811' title='bbox 3583 5251 3644 5310; x_wconf 89' lang='grc' dir='ltr'><strong>Β.</strong></span> 
     </span>
    </p>
   </div>
   <div class='ocr_carea' id='block_1_112' title="bbox 316 5349 3634 5464">
    <p class='ocr_par' dir='ltr' id='par_1_112' title="bbox 316 5349 3634 5464">
     <span class='ocr_line' id='line_1_114' title="bbox 316 5349 3634 5464; baseline -0.001 -48"><span class='ocrx_word' id='word_1_812' title='bbox 316 5379 318 5382; x_wconf 90' lang='grc'><strong>·</strong></span> <span class='ocrx_word' id='word_1_813' title='bbox 379 5361 419 5393; x_wconf 79' lang='grc'>⁸⁸</span> <span class='ocrx_word' id='word_1_814' title='bbox 443 5362 532 5416; x_wconf 80' lang='lat' dir='ltr'><strong>AB</strong></span> <span class='ocrx_word' id='word_1_815' title='bbox 552 5349 805 5443; x_wconf 60' lang='grc' dir='ltr'><strong>δῷτρσπης.</strong></span> <span class='ocrx_word' id='word_1_816' title='bbox 838 5363 1203 5464; x_wconf 68' lang='lat' dir='ltr'><strong>Cpanarepes.</strong></span> <span class='ocrx_word' id='word_1_817' title='bbox 1239 5366 1294 5420; x_wconf 90' lang='lat' dir='ltr'><strong>in</strong></span> <span class='ocrx_word' id='word_1_818' title='bbox 1317 5374 1468 5420; x_wconf 75' lang='lat' dir='ltr'><strong>textu</strong></span> <span class='ocrx_word' id='word_1_819' title='bbox 1509 5377 1707 5435; x_wconf 73' lang='lat' dir='ltr'><strong>graeco</strong></span> <span class='ocrx_word' id='word_1_820' title='bbox 1724 5362 1862 5436; x_wconf 72' lang='lat' dir='ltr'><strong>legis</strong></span> <span class='ocrx_word' id='word_1_821' title='bbox 1894 5361 2241 5434; x_wconf 74' lang='grc' dir='ltr'><strong>πιναρῥιπίς.</strong></span> <span class='ocrx_word' id='word_1_822' title='bbox 2349 5358 2390 5389; x_wconf 70' lang='grc'><strong>’⁸</strong></span> <span class='ocrx_word' id='word_1_823' title='bbox 2416 5371 2492 5412; x_wconf 79' lang='lat' dir='ltr'><strong>est</strong></span> <span class='ocrx_word' id='word_1_824' title='bbox 2520 5373 2630 5413; x_wconf 88' lang='lat' dir='ltr'><strong>om.</strong></span> <span class='ocrx_word' id='word_1_825' title='bbox 2661 5358 2721 5412; x_wconf 86' lang='grc' dir='ltr'><strong>Β.</strong></span> <span class='ocrx_word' id='word_1_826' title='bbox 2823 5356 2867 5389; x_wconf 79' lang='grc'><strong>⁸³</strong></span> <span class='ocrx_word' id='word_1_827' title='bbox 2906 5357 2946 5410; x_wconf 87' lang='grc' dir='ltr'><strong><em>Β</em></strong></span> <span class='ocrx_word' id='word_1_828' title='bbox 2969 5366 3108 5446; x_wconf 72' lang='lat' dir='ltr'><strong>quod</strong></span> <span class='ocrx_word' id='word_1_829' title='bbox 3136 5359 3343 5430; x_wconf 86' lang='lat' dir='ltr'><strong>(punct.</strong></span> <span class='ocrx_word' id='word_1_830' title='bbox 3377 5361 3483 5433; x_wconf 85' lang='lat' dir='ltr'><strong>adj.</strong></span> <span class='ocrx_word' id='word_1_831' title='bbox 3515 5360 3576 5419; x_wconf 81' lang='grc' dir='ltr'><strong>Β·</strong></span> <span class='ocrx_word' id='word_1_832' title='bbox 3617 5397 3634 5412; x_wconf 92' lang='grc'><strong>.</strong></span> 
     </span>
    </p>
   </div>
   <div class='ocr_carea' id='block_1_113' title="bbox 378 5450 1736 5524">
    <p class='ocr_par' dir='ltr' id='par_1_113' title="bbox 378 5450 1736 5524">
     <span class='ocr_line' id='line_1_115' title="bbox 378 5450 1736 5524; baseline -0.001 -16"><span class='ocrx_word' id='word_1_833' title='bbox 462 5453 566 5524; x_wconf 77' lang='lat' dir='ltr'><strong>Pro</strong></span> <span class='ocrx_word' id='word_1_834' title='bbox 613 5453 737 5524; x_wconf 80' lang='lat' dir='ltr'><strong>quis</strong></span> <span class='ocrx_word' id='word_1_835' title='bbox 774 5470 965 5522; x_wconf 85' lang='lat' dir='ltr'><strong>ponere</strong></span> <span class='ocrx_word' id='word_1_836' title='bbox 1027 5450 1111 5508; x_wconf 70' lang='lat' dir='ltr'><strong>B&quot;</strong></span> <span class='ocrx_word' id='word_1_837' title='bbox 1155 5454 1272 5509; x_wconf 86' lang='lat' dir='ltr'><strong>rad.</strong></span> <span class='ocrx_word' id='word_1_838' title='bbox 1329 5468 1473 5510; x_wconf 87' lang='lat' dir='ltr'><strong>corr.</strong></span> <span class='ocrx_word' id='word_1_839' title='bbox 1523 5452 1736 5524; x_wconf 66' lang='lat' dir='ltr'><strong>exponi,</strong></span> 
     </span>
    </p>
   </div>
   <div class='ocr_carea' id='block_1_114' title="bbox 375 5593 1494 5666">
    <p class='ocr_par' dir='ltr' id='par_1_114' title="bbox 375 5593 1494 5666">
     <span class='ocr_line' id='line_1_116' title="bbox 375 5593 1494 5666; baseline -0.001 -17"><span class='ocrx_word' id='word_1_840' title='bbox 375 5613 602 5666; x_wconf 62' lang='grc' dir='ltr'><strong>ίιναιται.</strong></span> <span class='ocrx_word' id='word_1_841' title='bbox 627 5593 981 5666; x_wconf 32' lang='grc' dir='ltr'><strong>ᾩηκινσηιρζ</strong></span> <span class='ocrx_word' id='word_1_842' title='bbox 1069 5595 1114 5627; x_wconf 78' lang='grc' dir='ltr'><strong>³ο</strong></span> <span class='ocrx_word' id='word_1_843' title='bbox 1161 5594 1204 5649; x_wconf 85' lang='grc' dir='ltr'><strong><em>Β</em></strong></span> <span class='ocrx_word' id='word_1_844' title='bbox 1228 5594 1494 5666; x_wconf 78' lang='lat' dir='ltr'><strong>transferi.</strong></span> 
     </span>
    </p>
   </div>
   <div class='ocr_carea' id='block_1_115' title="bbox 378 5663 1862 5738">
    <p class='ocr_par' dir='ltr' id='par_1_115' title="bbox 378 5663 1862 5738">
     <span class='ocr_line' id='line_1_117' title="bbox 378 5663 1862 5738; baseline -0.001 -19"><span class='ocrx_word' id='word_1_845' title='bbox 378 5663 426 5696; x_wconf 85' lang='grc'><strong>¹³</strong></span> <span class='ocrx_word' id='word_1_846' title='bbox 452 5681 486 5719; x_wconf 83' lang='lat' dir='ltr'><strong>a</strong></span> <span class='ocrx_word' id='word_1_847' title='bbox 515 5679 622 5722; x_wconf 81' lang='lat' dir='ltr'><strong>om.</strong></span> <span class='ocrx_word' id='word_1_848' title='bbox 651 5664 758 5731; x_wconf 79' lang='lat' dir='ltr'><strong>AB,</strong></span> <span class='ocrx_word' id='word_1_849' title='bbox 793 5663 860 5722; x_wconf 76' lang='lat' dir='ltr'><strong>ad</strong></span> <span class='ocrx_word' id='word_1_850' title='bbox 887 5679 1058 5738; x_wconf 74' lang='lat' dir='ltr'><strong>marg.</strong></span> <span class='ocrx_word' id='word_1_851' title='bbox 1089 5666 1264 5721; x_wconf 85' lang='lat' dir='ltr'><strong>adscr.</strong></span> <span class='ocrx_word' id='word_1_852' title='bbox 1296 5663 1385 5721; x_wconf 24' lang='lat' dir='ltr'><strong>B&#39;.’</strong></span> <span class='ocrx_word' id='word_1_853' title='bbox 1475 5664 1524 5696; x_wconf 75' lang='lat'>&quot;</span> <span class='ocrx_word' id='word_1_854' title='bbox 1555 5664 1601 5721; x_wconf 82' lang='grc' dir='ltr'><strong>Δ</strong></span> <span class='ocrx_word' id='word_1_855' title='bbox 1632 5663 1862 5735; x_wconf 79' lang='lat' dir='ltr'><strong>supposi.</strong></span> 
     </span>
    </p>
   </div>
   <div class='ocr_carea' id='block_1_116' title="bbox 1839 5448 2766 5504">
    <p class='ocr_par' dir='ltr' id='par_1_116' title="bbox 1839 5448 2766 5504">
     <span class='ocr_line' id='line_1_118' title="bbox 1839 5448 2766 5504; baseline -0.002 -1"><span class='ocrx_word' id='word_1_856' title='bbox 1839 5449 1886 5483; x_wconf 81' lang='lat'>&quot;</span> <span class='ocrx_word' id='word_1_857' title='bbox 1935 5448 1996 5503; x_wconf 80' lang='grc' dir='ltr'><strong>Β·</strong></span> <span class='ocrx_word' id='word_1_858' title='bbox 2043 5450 2157 5502; x_wconf 87' lang='lat' dir='ltr'><strong>rad.</strong></span> <span class='ocrx_word' id='word_1_859' title='bbox 2213 5463 2356 5504; x_wconf 83' lang='lat' dir='ltr'><strong>corr.</strong></span> <span class='ocrx_word' id='word_1_860' title='bbox 2405 5448 2605 5504; x_wconf 76' lang='lat' dir='ltr'><strong>eodem.</strong></span> <span class='ocrx_word' id='word_1_861' title='bbox 2722 5448 2766 5480; x_wconf 86' lang='grc'><strong>¹⁶</strong></span> 
     </span>
    </p>
   </div>
   <div class='ocr_carea' id='block_1_117' title="bbox 381 5517 2572 5595">
    <p class='ocr_par' dir='ltr' id='par_1_117' title="bbox 381 5517 2572 5595">
     <span class='ocr_line' id='line_1_119' title="bbox 381 5517 2572 5595; baseline -0.002 -19"><span class='ocrx_word' id='word_1_862' title='bbox 381 5519 419 5554; x_wconf 81' lang='grc'><strong>⁸⁷</strong></span> <span class='ocrx_word' id='word_1_863' title='bbox 450 5523 583 5579; x_wconf 80' lang='lat' dir='ltr'><strong>ABG</strong></span> <span class='ocrx_word' id='word_1_864' title='bbox 623 5517 784 5595; x_wconf 46' lang='lat' dir='ltr'><strong>ﬁeri,</strong></span> <span class='ocrx_word' id='word_1_865' title='bbox 805 5525 864 5578; x_wconf 77' lang='grc' dir='ltr'><strong>Β·</strong></span> <span class='ocrx_word' id='word_1_866' title='bbox 899 5541 1063 5594; x_wconf 85' lang='lat' dir='ltr'><strong>supra</strong></span> <span class='ocrx_word' id='word_1_867' title='bbox 1112 5525 1290 5595; x_wconf 83' lang='lat' dir='ltr'><strong>adscr.</strong></span> <span class='ocrx_word' id='word_1_868' title='bbox 1323 5535 1518 5595; x_wconf 81' lang='lat' dir='ltr'><strong>trans-,</strong></span> <span class='ocrx_word' id='word_1_869' title='bbox 1552 5517 1932 5595; x_wconf 15' lang='lat' dir='ltr'><strong>etiradLeorr.</strong></span> <span class='ocrx_word' id='word_1_870' title='bbox 1965 5521 2062 5587; x_wconf 77' lang='lat' dir='ltr'><strong>teri</strong></span> <span class='ocrx_word' id='word_1_871' title='bbox 2093 5517 2257 5595; x_wconf 54' lang='lat' dir='ltr'><strong>(forte</strong></span> <span class='ocrx_word' id='word_1_872' title='bbox 2281 5519 2385 5588; x_wconf 76' lang='lat' dir='ltr'><strong>leg.</strong></span> <span class='ocrx_word' id='word_1_873' title='bbox 2422 5519 2572 5595; x_wconf 69' lang='lat' dir='ltr'><strong>dici).</strong></span> 
     </span>
    </p>
   </div>
   <div class='ocr_carea' id='block_1_118' title="bbox 1616 5590 2532 5715">
    <p class='ocr_par' dir='ltr' id='par_1_118' title="bbox 1616 5590 2532 5715">
     <span class='ocr_line' id='line_1_120' title="bbox 1616 5590 2532 5693; baseline -0.007 -46"><span class='ocrx_word' id='word_1_874' title='bbox 1616 5593 1664 5625; x_wconf 82' lang='lat'>“</span> <span class='ocrx_word' id='word_1_875' title='bbox 1705 5591 1798 5648; x_wconf 81' lang='lat' dir='ltr'><strong>AB</strong></span> <span class='ocrx_word' id='word_1_876' title='bbox 1823 5593 2068 5693; x_wconf 59' lang='grc' dir='ltr'><strong>ειύσνξςιν,</strong></span> <span class='ocrx_word' id='word_1_877' title='bbox 2097 5590 2139 5644; x_wconf 86' lang='lat' dir='ltr'><strong>C</strong></span> <span class='ocrx_word' id='word_1_878' title='bbox 2178 5601 2404 5660; x_wconf 74' lang='lat' dir='ltr'><strong>myonte.</strong></span> 
     </span>
     <span class='ocr_line' id='line_1_121' title="bbox 1632 5659 2532 5715; baseline -0.001 0"><span class='ocrx_word' id='word_1_879' title='bbox 1632 5679 1862 5715; x_wconf 65' lang='lat' dir='ltr'><strong>suntpost.</strong></span> <span class='ocrx_word' id='word_1_880' title='bbox 2027 5659 2180 5715; x_wconf 70' lang='grc' dir='ltr'><strong>ϐων.</strong></span> <span class='ocrx_word' id='word_1_881' title='bbox 2219 5663 2299 5715; x_wconf 75' lang='lat' dir='ltr'><strong>li&#39;.</strong></span> <span class='ocrx_word' id='word_1_882' title='bbox 2331 5659 2464 5715; x_wconf 70' lang='grc' dir='ltr'><strong>ΑΒΕ</strong></span> <span class='ocrx_word' id='word_1_883' title='bbox 2484 5676 2532 5714; x_wconf 80' lang='lat' dir='ltr'><strong>st</strong></span> 
     </span>
    </p>
   </div>
   <div class='ocr_carea' id='block_1_119' title="bbox 2105 5675 2552 5724">
    <p class='ocr_par' dir='ltr' id='par_1_119' title="bbox 2105 5675 2552 5724">
     <span class='ocr_line' id='line_1_122' title="bbox 2105 5675 2552 5724; baseline -0.002 -10"><span class='ocrx_word' id='word_1_884' title='bbox 2105 5675 2180 5714; x_wconf 87' lang='lat' dir='ltr'><strong>rr.</strong></span> <span class='ocrx_word' id='word_1_885' title='bbox 2219 5675 2299 5724; x_wconf 61' lang='grc' dir='ltr'><strong>υτ,</strong></span> <span class='ocrx_word' id='word_1_886' title='bbox 2331 5675 2464 5715; x_wconf 60' lang='lat' dir='ltr'><strong>nuc.</strong></span> <span class='ocrx_word' id='word_1_887' title='bbox 2484 5676 2552 5714; x_wconf 80' lang='lat' dir='ltr'><strong>si.</strong></span> 
     </span>
    </p>
   </div>
   <div class='ocr_carea' id='block_1_120' title="bbox 2821 5449 3644 5525">
    <p class='ocr_par' dir='ltr' id='par_1_120' title="bbox 2821 5449 3644 5525">
     <span class='ocr_line' id='line_1_123' title="bbox 2821 5449 3644 5525; baseline 0.006 -24"><span class='ocrx_word' id='word_1_888' title='bbox 2821 5449 2909 5525; x_wconf 68' lang='grc' dir='ltr'><strong>ΑΒ</strong></span> <span class='ocrx_word' id='word_1_889' title='bbox 2965 5453 3221 5525; x_wconf 51' lang='grc' dir='ltr'><strong>εὐπραξία</strong></span> <span class='ocrx_word' id='word_1_890' title='bbox 3273 5452 3314 5507; x_wconf 90' lang='lat' dir='ltr'><strong>C</strong></span> <span class='ocrx_word' id='word_1_891' title='bbox 3365 5452 3644 5525; x_wconf 59' lang='lat' dir='ltr'><strong>cuprept&#39;g.</strong></span> 
     </span>
    </p>
   </div>
   <div class='ocr_carea' id='block_1_121' title="bbox 2671 5519 3630 5591">
    <p class='ocr_par' dir='ltr' id='par_1_121' title="bbox 2671 5519 3630 5591">
     <span class='ocr_line' id='line_1_124' title="bbox 2671 5519 3630 5591; baseline 0.005 -20"><span class='ocrx_word' id='word_1_892' title='bbox 2671 5519 2714 5551; x_wconf 74' lang='grc'><strong>⁸⁸</strong></span> <span class='ocrx_word' id='word_1_893' title='bbox 2744 5520 2831 5591; x_wconf 49' lang='lat' dir='ltr'><strong>AB</strong></span> <span class='ocrx_word' id='word_1_894' title='bbox 2857 5519 3076 5588; x_wconf 62' lang='grc' dir='ltr'><strong>μνομκιξ</strong></span> <span class='ocrx_word' id='word_1_895' title='bbox 3107 5521 3149 5577; x_wconf 76' lang='lat' dir='ltr'><strong>C</strong></span> <span class='ocrx_word' id='word_1_896' title='bbox 3183 5538 3359 5591; x_wconf 69' lang='lat' dir='ltr'><strong>tityon.</strong></span> <span class='ocrx_word' id='word_1_897' title='bbox 3428 5519 3438 5524; x_wconf 60' lang='grc'><em>’</em></span> <span class='ocrx_word' id='word_1_898' title='bbox 3471 5523 3512 5556; x_wconf 82' lang='grc'><strong><em>⁸⁸</em></strong></span> <span class='ocrx_word' id='word_1_899' title='bbox 3542 5523 3630 5576; x_wconf 77' lang='grc' dir='ltr'><strong>ΑΒ</strong></span> 
     </span>
    </p>
   </div>
   <div class='ocr_carea' id='block_1_122' title="bbox 2498 5588 3636 5664">
    <p class='ocr_par' dir='ltr' id='par_1_122' title="bbox 2498 5588 3636 5664">
     <span class='ocr_line' id='line_1_125' title="bbox 2498 5588 3636 5664; baseline 0.002 -20"><span class='ocrx_word' id='word_1_900' title='bbox 2498 5589 2546 5664; x_wconf 51' lang='grc' dir='ltr'><strong>’ᾖ</strong></span> <span class='ocrx_word' id='word_1_901' title='bbox 2591 5588 2682 5646; x_wconf 88' lang='lat' dir='ltr'><strong>Sic</strong></span> <span class='ocrx_word' id='word_1_902' title='bbox 2728 5589 2771 5644; x_wconf 91' lang='lat' dir='ltr'><strong>C</strong></span> <span class='ocrx_word' id='word_1_903' title='bbox 2811 5601 2867 5646; x_wconf 88' lang='lat' dir='ltr'><strong>et</strong></span> <span class='ocrx_word' id='word_1_904' title='bbox 2906 5605 3048 5646; x_wconf 82' lang='lat' dir='ltr'><strong>corr.</strong></span> <span class='ocrx_word' id='word_1_905' title='bbox 3093 5591 3179 5657; x_wconf 84' lang='lat'><strong>8‘,</strong></span> <span class='ocrx_word' id='word_1_906' title='bbox 3214 5588 3303 5646; x_wconf 57' lang='lat' dir='ltr'><strong>AB</strong></span> <span class='ocrx_word' id='word_1_907' title='bbox 3342 5593 3636 5664; x_wconf 76' lang='lat' dir='ltr'><strong>posuimus.</strong></span> 
     </span>
    </p>
   </div>
  </div>
