4238 6070
571 221 679 278 187

1664 217 2166 276 εχιιοειτιοδεδ
2204 216 2490 276 JOANNIS
2529 214 2729 274 SCO't'l
2806 188 2814 197 ”

3745 211 3846 274 I88

573 351 710 410 ipsa,
753 333 955 391 Christi
1007 332 1255 387 videlicet
1295 331 1572 396 divinitas,
1613 348 1719 388 una
1763 343 1822 390 et
1866 333 2159 405 singularis
2187 345 2236 404 Α
2263 335 2466 407 inquit,
2505 349 2630 391 cum
2681 335 2721 368 "
2768 334 2941 390 sancti
2974 334 3205 408 theologi
3241 335 3445 406 primas
3476 333 3736 392 caelestes
3761 302 3883 399 es:

574 429 768 484 dooms
794 434 880 480 est
909 423 1122 487 l'atris,
1159 434 1214 478 et
1246 435 1427 477 tamen
1457 424 1511 478 iu
1544 423 1660 494 ipsa
1699 425 1897 481 inultae
1925 425 2164 479 ittaitsio-

573 533 674 576 nes
702 530 851 584 sunt,
874 517 1002 588 quid
1029 515 1266 588 expedit,
1298 515 1344 570 si
1373 518 1564 571 eadem
1591 517 1848 572 credatur
1874 527 1932 572 et
1959 518 2160 572 intellis

571 622 734 684 gatur
757 612 1051 676 caelum‘et
1079 607 1256 664 caeli?
1292 607 1515 663 Caelum
1557 609 1779 678 quidem
1820 618 2042 679 propter
2071 625 2163 664 sn-

570 699 1145 776 persnbstantialitatis
1200 714 1334 755 suae
1378 699 1789 768 excellentiam;
1841 701 1999 756 caeli
2030 716 2161 757 vero

570 801 792 864 propter
839 789 1140 861 sapientiae
1190 804 1324 844 suae
1389 789 1742 860 multiplicem
1811 789 2155 857 inﬁnitatem,

567 883 826 952 quoniam
881 881 1182 953 sapientiae
1227 878 1346 950 ejus
1382 897 1493 936 non
1542 888 1627 935 est
1673 895 1954 936 numerus.
1982 882 2160 949 Quae-

559 977 693 1032 dam
751 991 881 1032 vero
934 974 1204 1032 caelestes
1235 975 1466 1028 virtutes
1514 987 1545 1027 a
1593 972 1969 1044 superioribus
2016 987 2158 1029 sem-

562 1069 665 1144 pe'r
727 1070 979 1134 discunt,
1019 1069 1290 1139 quomodo
1329 1065 1488 1122 Jesus
1535 1067 1798 1124 Dominus
1854 1077 1939 1122 est
1971 1067 1987 1098 ²
2033 1081 2160 1121 cae-

561 1163 781 1220 lestium
828 1163 1086 1218 virtutum
1140 1170 1196 1216 et
1240 1176 1341 1216 rex
1389 1159 1632 1232 gloriae,
1660 1168 1717 1214 et
1751 1161 2020 1231 quomodo
2057 1160 2159 1214 lin-

563 1257 802 1311 manitas
829 1255 1001 1326 ipsius
1043 1254 1098 1308 in
1129 1252 1465 1308 divinitatem
1502 1262 1776 1321 assumpta
1805 1259 1917 1316 est,
1961 1268 2067 1307 non
2099 1257 2158 1306 ut

560 1349 950 1419 assomptionis
998 1346 1168 1418 ipsius
1219 1347 1242 1378 ⁸
1279 1346 1499 1402 modum
1541 1345 1875 1417 intelligant;
1934 1340 2157 1418 superat

559 1445 761 1514 quippe
786 1458 1004 1498 onmem
1037 1441 1404 1506 intellectum;
1426 1441 1519 1498 scd
1548 1450 1604 1495 ut
1633 1441 1799 1512 ipsam
1828 1443 2157 1512 assumptio-

561 1551 685 1590 nem
716 1532 1202 1602 supernaturalitcr
1231 1539 1284 1587 et
1315 1529 1658 1587 ineﬂ'ahiiiter
1683 1547 1806 1587 esse
1835 1529 2032 1586 fat-tant
2059 1550 2156 1588 co-

559 1627 846 1695 gnoscant.
903 1621 1175 1688 Quasdam
1216 1638 1334 1678 rere
1373 1624 1514 1693 apud
1551 1624 1724 1693 ipsum
1771 1622 1955 1677 Jesum
1998 1625 2153 1678 Chri-

2263 430 2470 486 seutias
2496 429 2566 486 ab
2603 429 2720 499 ipso
2750 427 3060 484 immediate
3092 427 3276 484 doceri
3314 428 3689 493 introducunt,
3720 430 3851 499 quia

2262 521 2395 592 ipse,
2427 524 2556 578 dum
2586 521 2640 575 in
2671 528 2900 586 tantum,
2931 531 3196 590 quantum
3225 519 3616 590 praediximus,
3635 529 3850 576 ceteras

2259 628 2450 670 omnes
2484 603 2644 670 simul
2683 613 2738 667 in
2769 612 2968 668 divinis
3017 611 3500 668 illuminationibus
3545 600 3850 684 superemi-

2260 713 2389 760 neut
2417 713 2478 760 ut
2508 703 2770 768 mediate,
2817 704 2921 758 hoc
2945 711 3065 767 est,
3112 701 3275 757 veluti
3323 703 3603 772 superiore
3649 713 3844 762 natura

2260 789 2600 866 interposita,
2631 794 2980 866 quaestiones
3009 802 3318 851 reverenter
3345 803 3625 864 appetunt,
3657 795 3710 849 id
3758 807 3846 850 est

2262 884 2480 949 timide,
2523 885 2666 955 quod
2715 899 2910 954 graece
2955 876 3155 939 dicitur
3200 885 3463 952 εὐλαϐῶς,
3509 887 3841 942 desiderant.

2255 977 2504 1033 statuerint
2528 978 2672 1033 enim
2700 988 2783 1033 est
2811 995 2933 1034 cum
2963 995 3150 1036 amore
3181 981 3443 1038 timiditas
3469 982 3553 1036 vel
3582 997 3844 1039 verecun-

2400 1067 2468 1121 lt't
2508 1069 2645 1122 enim
2675 1085 2780 1123 non
2821 1068 2940 1124 inde
2968 1071 3310 1143 interrogant,
3345 1073 3446 1126 boc
3475 1081 3578 1138 est,
3603 1081 3660 1127 et
3695 1072 3842 1128 enim

2257 1172 2366 1212 non
2393 1157 2570 1228 ipsum
2596 1158 2781 1213 Jcsum
2813 1159 3119 1216 immediate
3145 1161 3500 1234 interrogant,
3517 1179 3679 1234 quare
3695 1163 3779 1220 uti
3797 1162 3843 1197 ³⁸

2258 1249 2434 1327 rubra
2459 1249 2800 1305 vestimenta?
2846 1250 2928 1305 vel
2957 1252 3096 1306 sicut
3125 1251 3179 1307 in
3217 1253 3532 1308 melioribus
3569 1253 3846 1328 exempla-
3938 1273 3944 1278 '

2259 1339 2408 1394 ribus
2459 1340 2752 1405 invenitur,
2816 1358 2978 1412 quare
3019 1343 3096 1396 tui
3139 1342 3182 1375 “
3219 1345 3458 1398 coccinea
3501 1346 3847 1402 uestimenta!

2256 1429 2410 1500 Apud
2440 1433 2638 1499 seipse;
2691 1432 2735 1463 “
2780 1449 2900 1489 vero
2929 1433 3214 1489 deliberant
3243 1447 3366 1489 ante
3387 1435 3727 1510 interrogare,
3761 1436 3846 1493 vel

2253 1521 2576 1592 simpliciter
2607 1526 2951 1590 transfertur,
2977 1526 3142 1596 apud
3168 1542 3224 1580 se
3251 1527 3395 1596 ipsas
3441 1536 3767 1584 cunctantur
3798 1530 3844 1562 ³⁸

2259 1613 2343 1669 vel
2397 1616 2670 1671 haesitant
2701 1616 2744 1648 ⁸⁸
2778 1618 3133 1674 antedicere.
3165 1619 3348 1676 Potest
3373 1632 3429 1676 et
3456 1623 3535 1677 sic
3566 1621 3793 1695 intelligi
3822 1637 3839 1677 :

558 1727 698 1772 stunt
763 1715 784 1747 ³
852 1726 1160 1787 quaerentes
1189 1755 1206 1779 ,
1263 1727 1314 1770 et
1379 1732 1474 1787 pro
1535 1716 1702 1780 nobis~
1757 1734 1886 1772 suae
1953 1718 2155 1774 divinae

2260 1714 2316 1760 et
2341 1706 2486 1761 enim
2508 1723 2617 1762 non
2665 1708 2788 1764 inde
2831 1711 3189 1782 interrogant,
3218 1723 3276 1766 ct
3316 1713 3458 1767 cnitn
3493 1727 3563 1768 ne
3599 1714 3748 1778 inde,
3773 1715 3846 1770 ab

558 1806 784 1860 actionis
825 1807 1099 1860 scientiam
1129 1807 1422 1870 discentes,
1461 1816 1507 1861 et
1558 1824 1646 1862 ea:
1675 1807 1859 1863 letum
1903 1810 1924 1840 ⁸
1951 1811 2006 1864 in
2045 1827 2156 1865 me-

557 1897 754 1950 dietate
806 1895 829 1928 ⁸
876 1895 1142 1950 docentem
1186 1907 1233 1952 et
1259 1897 1616 1968 praelurgiens
1639 1899 1711 1953 eis
1734 1900 2156 1969 muaifestantem

558 2004 712 2042 sitam
754 1987 1044 2042 humanam
1082 1987 1474 2059 benignitatem.
1520 1991 1876 2046 introducunt
1917 2007 2153 2066 quoque,

558 2077 757 2148 inquit,
796 2078 1029 2149 theologi
1071 2079 1352 2148 quasdam,
1396 2079 1498 2135 hoc
1533 2088 1638 2147 est,
1669 2081 2156 2139 cxcellcntissimas

559 2173 825 2245 caelestes
851 2172 1153 2240 essentias,
1195 2171 1338 2242 apud
1390 2173 1564 2243 ipsum
1607 2172 1792 2230 Jcsum
1843 2175 2156 2232 immediate

555 2278 774 2335 semper
800 2278 946 2328 esse,
991 2272 1318 2334 quaerentes
1361 2273 1418 2318 et
1459 2264 1734 2321 discentes
1775 2266 1845 2323 ab
1877 2266 1993 2336 ipso
2022 2281 2156 2324 suae

553 2374 658 2432 pro
684 2361 838 2416 nobis
865 2360 1080 2416 divinae
1109 2361 1360 2426 actionis,
1389 2361 1491 2418 hoc
1514 2372 1623 2429 est,
1656 2363 2066 2432 incarnationis,
2099 2376 2155 2422 et

553 2451 844 2522 passionis,
869 2462 925 2508 ct
953 2455 1388 2521 resurrectionis,
1405 2464 1458 2510 et
1474 2459 1862 2528 assumptionis
1874 2460 1926 2513 in
1943 2461 2152 2518 caelum

553 2541 862 2597 scientiam.
917 2542 987 2598 Et
1036 2541 1389 2600 introducunt
1427 2545 1602 2617 ipsum
1640 2545 1826 2603 Jesum
1863 2549 2148 2606 docentem

545 2646 650 2688 eas
671 2633 980 2690 immediate
1003 2642 1057 2690 et
1079 2636 1515 2692 manil’estautem
1562 2637 1628 2694 iis
1668 2637 1710 2705 ‘,
1756 2641 2146 2713 praelargiens,

553 2725 660 2780 hoc
690 2734 791 2790 est,
821 2725 973 2795 prius
996 2741 1159 2796 quam
1189 2726 1387 2784 ceteris
1412 2727 1668 2800 largiens,
1699 2731 1783 2786 Vel
1809 2732 1953 2788 sicut
1984 2735 2150 2790 etiam

551 2823 736 2886 potest
780 2815 1153 2885 interpretari,
1193 2816 1650 2891 praclargientem
1687 2821 1708 2852 ¹
1754 2837 1908 2877 suam
1955 2823 2153 2878 buma-

553 2923 704 2972 nam,
737 2905 840 2962 ltoc
894 2916 981 2962 est
1025 2905 1351 2964 clementem
1378 2924 1507 2980 erga
1538 2910 1768 2966 salutem
1800 2913 2020 2968 humani
2058 2930 2150 2984 ge-

555 2997 707 3053 neris
734 2997 1147 3068 benignitatem.
1187 2994 1303 3070 Ego
1331 3001 1490 3064 enim,
1523 3000 1718 3071 inquit,
1760 3002 1969 3072 disputo
1989 3005 2150 3075 justi-

557 3091 688 3145 tiam
737 3105 784 3147 et
801 3091 1068 3163 judicium
1115 3091 1401 3148 Snlutarir.
1434 3093 1717 3151 Sententia
1749 3109 1971 3155 sanctae
1993 3074 2148 3156 Scri—
2175 3074 2219 3134 Ο

556 3193 754 3256 ptorae
780 3186 1069 3254 approbat,
1098 3184 1239 3253 quod
1266 3184 1528 3241 Dominus
1553 3185 1713 3243 Iesus
1741 3189 2018 3258 proximas
2047 3191 2148 3247 sibi

553 3276 820 3334 caelestes
840 3276 1106 3332 essentias
1133 3279 1348 3348 semper
1375 3278 1585 3334 doceat.
1618 3279 1750 3351 Ego,
1781 3281 1972 3352 inquit,
1995 3282 2152 3338 .lesns

485 3363 488 3366 ’
555 3368 848 3434 videlicet,
895 3369 1112 3440 disputo
1146 3366 1416 3436 iustitiam
1447 3377 1503 3424 et
1542 3369 1809 3438 judicium
1858 3373 2150 3441 Salutaris,

556 3463 664 3518 mei
695 3461 968 3530 profecto,
1015 3459 1107 3531 qui
1149 3461 1174 3492 ⁸
1216 3460 1609 3517 eaclesdumet
1639 3467 1977 3520 terrestrium
2004 3467 2151 3522 salus

557 3570 702 3620 sum,
733 3564 788 3609 et
813 3570 940 3624 pax,
969 3562 1024 3608 et
1052 3554 1369 3624 redemptio.
1397 3554 1547 3623 Quae
1576 3555 1723 3612 enim
1747 3558 1918 3628 major
1943 3558 2151 3630 iustitia

554 3655 660 3709 est,
709 3660 869 3712 quam
901 3654 958 3697 ut
987 3644 1009 3677 ³
1047 3643 1276 3699 Creator
1307 3655 1652 3710 creaturam,
1702 3663 1865 3718 quam
1895 3649 1964 3703 ad
2016 3649 2154 3703 ima-

557 3737 741 3810 ginem
766 3752 918 3791 suam
952 3735 1177 3800 fecerat,
1213 3738 1281 3790 ab
1307 3737 1588 3815 erroribus
1615 3739 1728 3796 suis
1759 3751 1976 3796 revocet
2002 3742 2153 3796 simi-

557 3828 774 3905 lcmqne
803 3829 884 3884 sui
916 3830 1197 3894 restituat;
1225 3829 1354 3898 quid
1383 3828 1557 3900 majus
1582 3832 1871 3901 judicium,
1900 3849 2062 3904 quam
2093 3827 2153 3889 ut

563 3922 754 3994 puniat
781 3921 834 3975 in
884 3931 1158 3986 creatura,
1185 3921 1328 3990 quod
1351 3938 1455 3975 non
1487 3920 1635 3986 fecit,
1665 3923 1880 3988 liberet,
1907 3924 2050 3996 quod
2075 3923 2152 3978 l'e-

559 4014 657 4072 cit.
690 4013 824 4070 llinc
854 4013 1139 4068 Psalmista
1167 4013 1277 4067 ait:
1302 4031 1320 4065 ι
1352 4011 1778 4071 Misericordiatn
1808 4025 1865 4069 et
1891 4015 2152 4083 judicium

560 4108 796 4165 cantabo
822 4106 940 4170 tibi,
970 4105 1194 4160 Domine
1214 4124 1232 4157 ι
1264 4124 1276 4158 :
1303 4106 1735 4163 misericordiam
1760 4107 2005 4163 videlicet
2029 4107 2155 4162 libe-

563 4199 736 4254 rando
782 4207 1066 4263 naturam,
1103 4198 1363 4269 judicium
1397 4215 1523 4254 vero
1557 4201 1832 4270 puniendo
1872 4202 2151 4256 delictum.

563 4288 733 4344 Miror
759 4298 958 4353 autem,
987 4289 1109 4359 quia
1137 4305 1183 4342 et
1215 4289 1515 4344 caelestium
1545 4292 1892 4346 essentiarnm
1929 4293 2154 4362 primae,

2260 1797 2376 1867 ipso
2428 1799 2676 1855 videlicet
2731 1800 2890 1865 Jesu,
2940 1802 3295 1874 interrogant.
3356 1804 3635 1875 Siquidem
3681 1821 3842 1876 prae-

2257 1887 2416 1953 dixit,
2454 1898 2509 1943 ut
2549 1890 2804 1956 ntediate,
2835 1891 2886 1945 id
2927 1903 3011 1946 est
3058 1896 3212 1962 quasi
3242 1896 3494 1960 mediatc,
3528 1911 3631 1949 non
3661 1905 3844 1950 autem

2257 1981 2478 2036 omnino
2507 1982 2771 2048 mediate;
2812 1983 2958 2038 nulla
2994 1988 3194 2057 quippe
3227 1997 3482 2053 creatura
3526 1989 3669 2043 inter
3697 1988 3846 2058 ipsas

2255 2082 2311 2128 ct
2335 2070 2519 2131 Jcsum
2555 2075 2715 2130 altior
2738 2085 2864 2141 est,
2910 2085 2969 2130 nt
3013 2079 3273 2147 praelatis
3313 2078 3611 2134 rationibus
3651 2079 3845 2136 incon-

2255 2179 2416 2220 cusse
2439 2166 2721 2222 detinitum
2753 2167 2816 2222 ⁸⁷.
2882 2167 2991 2223 Cur
3024 2179 3203 2224 autem
3242 2169 3394 2240 quasi
3435 2171 3685 2235 mediate,
3734 2187 3842 2227 non

2251 2267 2438 2312 autem
2465 2257 2680 2327 penitus
2708 2257 3037 2324 immediate,
3065 2260 3146 2315 vel
3181 2261 3395 2331 penitus
3422 2261 3653 2316 mediate
3682 2263 3845 2317 inter-

2252 2349 2481 2421 rogant?
2516 2348 2800 2406 Rationem
2839 2351 3014 2406 reddit
3050 2369 3064 2405 :
3095 2353 3236 2423 apud
3267 2369 3331 2408 se
3367 2355 3513 2424 ipsas
3549 2369 3675 2410 vero
3706 2354 3844 2411 deli—

2251 2444 2448 2502 berant
2473 2446 2827 2517 interrogare,
2853 2446 3000 2502 velut
3025 2447 3236 2516 planius
3259 2449 3604 2514 transfertur,
3625 2449 3842 2518 dicere;

2253 2533 2554 2591 deliberant
2591 2536 2789 2607 quippe
2836 2537 3120 2593 altitudine
3170 2540 3554 2611 mysteriorum
3602 2539 3840 2612 expave-

2255 2627 2383 2684 l’acti
2413 2669 2430 2694 ,
2481 2640 2662 2684 utrum
2725 2631 3122 2702 interrogarent
3189 2633 3232 2664 "
3274 2647 3466 2689 necne.
3518 2631 3588 2689 Et
3631 2633 3744 2704 ipsa
3799 2635 3845 2669 "

2253 2718 2569 2775 deliberatio
2599 2718 2764 2774 veluti
2798 2719 2845 2752 "
2880 2721 3147 2790 quaedam
3193 2721 3458 2778 medietas
3502 2735 3535 2779 ιι
3582 2721 3844 2796 theologis

2255 2820 2496 2866 vocatur.
2575 2810 2812 2883 ideoque
2876 2826 3050 2883 neque
3104 2811 3365 2868 medietas
3405 2822 3751 2884 est,'nequc
3792 2813 3842 2847 “

2254 2904 2611 2962 itutnedictas.
2659 2904 2788 2959 Βηιὶ
2832 2914 3016 2960 autem
3042 2905 3256 2960 videtur
3293 2921 3400 2976 non
3445 2905 3661 2962 aliunde
3699 2907 3844 2965 lianc

2253 2996 2698 3055 deliberationem
2746 2997 3124 3053 excellentium
3169 3000 3525 3054 cssentiarum
3566 2998 3845 3072 theologos

2253 3081 2601 3156 intellexisse,
2628 3091 2734 3147 nisi
2761 3107 2826 3146 ex
2857 3091 2971 3162 ipsa
3001 3091 3228 3158 visione,
3257 3106 3397 3162 quae
3430 3091 3706 3158 describit,
3736 3093 3842 3150 duo

2251 3184 2546 3239 Clterubim
2557 3185 2604 3216 "
2617 3200 2678 3239 se
2695 3183 2921 3239 invicem
2939 3179 3134 3238 intueri
3146 3193 3200 3240 et
3213 3184 3368 3254 quasi
3382 3184 3676 3266 consiliari,
3695 3185 3844 3256 quod

2251 3278 2412 3330 etiam
2445 3277 2548 3332 iste
2587 3276 2842 3348 magister
2872 3275 2926 3330 in
2953 3276 3307 3346 sequentibus
3336 3276 3572 3332 voluisse
3601 3278 3838 3336 videtur.

2253 3365 2594 3422 Ostenduntes
2613 3368 2843 3436 quidem,
2862 3367 2984 3433 quia
3004 3368 3232 3434 discunt,
3247 3377 3294 3422 et
3310 3367 3524 3438 deiﬁcae
3535 3369 3844 3440 scientiae"

2250 3467 2520 3526 appetunt,
2535 3457 2639 3512 hoc
2653 3467 2760 3523 est,
2774 3473 2871 3528 per
2897 3461 3038 3512 banc
3059 3455 3500 3514 delibet’ationem
3525 3459 3840 3528 ostendunt,

2251 3550 2378 3618 quia
2403 3550 2642 3614 discunt,
2666 3559 2721 3606 et
2756 3549 3000 3606 deificum
3033 3552 3337 3617 scientiam,
3364 3569 3504 3623 quae
3528 3568 3589 3608 se
3610 3551 3659 3584 “
3681 3552 3840 3608 deiti-

2251 3651 2361 3708 cat,
2428 3644 2499 3699 ab
2553 3643 2602 3676 ¹⁸
2637 3642 2768 3699 Jesu
2825 3652 3033 3714 petunt.
3078 3643 3203 3699 Non
3253 3655 3428 3699 autem
3481 3643 3843 3714 praesidentes

2250 3755 2344 3810 per
2362 3737 2411 3769 "
2436 3738 2670 3794 divinam
2693 3741 3075 3810 processionem
3103 3741 3323 3795 inditam
3355 3741 3796 3798 illuminationem
3823 3760 3842 3806 :

2252 3831 2355 3886 hoc
2413 3838 2540 3896 est,
2578 3845 2691 3885 non
2741 3829 2816 3884 ita
2874 3839 3066 3900 petunt
3135 3830 3371 3887 divinam
3413 3832 3739 3896 scientiam,
3782 3840 3844 3888 ut

2252 3929 2652 3992 praeoccupent
2678 3920 2903 3974 inditam
2944 3921 3047 3977 sibi
3093 3921 3540 3976 illuntittationem
3576 3938 3674 3992 per
3701 3922 3840 3979 divi-

2253 4029 2380 4070 nam
2428 4013 2826 4083 processionctn
2848 4013 2922 4067 ³⁷.
2955 4011 3099 4066 Nihil
3127 4013 3269 4068 etho
3301 4021 3517 4085 petunt,
3543 4015 3644 4070 nisi
3693 4017 3845 4085 prius

2252 4107 2598 4178 processione
2619 4105 2782 4160 divini
2811 4105 3030 4160 luminis
3056 4115 3405 4177 cognoscant,
3431 4115 3608 4161 utrum
3633 4115 3842 4176 petant,

2252 4208 2310 4256 et
2335 4199 2490 4270 quid,
2518 4209 2573 4256 et
2601 4200 2870 4269 quomodo
2901 4212 3083 4270 petere
3122 4214 3218 4252 eos
3245 4207 3477 4269 oportet.
3523 4199 3589 4252 Et
3632 4198 3735 4254 hoc
3760 4209 3846 4255 est

2255 4293 2398 4364 quod
2423 4291 2554 4345 dicit
2577 4290 2664 4345 “z
2701 4307 2806 4346 non
2842 4291 3214 4360 praesilientes
3246 4290 3470 4344 inditam
3503 4291 3847 4345 illuminatio—

559 4397 608 4441 et
648 4397 850 4439 tantum
886 4384 1041 4438 simul
1083 4401 1264 4439 omnes
1285 4386 1664 4456 supereminent
1696 4387 2006 4442 thearclticis
2037 4388 2157 4442 illu-
2188 4421 2235 4480 υ
2261 4401 2382 4438 nem
2409 4385 2623 4440 divinae
2652 4385 3031 4452 processionis.
3065 4382 3186 4436 Non
3233 4384 3280 4421 ⁸⁸
3306 4400 3428 4453 ergo
3473 4385 3642 4452 prima
3677 4383 3847 4438 caele-

561 4476 936 4533 tninationibus
989 4487 1040 4528 ut
1087 4478 1310 4530 medinte
1375 4479 1705 4546 quaestiones
1773 4490 2061 4534 reverenter
2110 4480 2153 4513 ⁸⁸

561 4580 832 4642 appetunt.
873 4569 1019 4623 Urdo
1047 4571 1334 4624 verborum
1364 4585 1377 4622 :
1409 4567 1592 4636 Miror,
1625 4569 1754 4641 quia
1784 4578 2045 4641 appetunt
2091 4580 2151 4626 ut

563 4663 798 4720 mediate
842 4662 1191 4732 quaestiones
1237 4669 1548 4717 reverenter
1589 4663 1797 4730 primae
1839 4661 2148 4719 caelestium

2213 4474 2223 4514 Τ
2260 4477 2419 4530 stium
2447 4474 2804 4531 intellertttum
2846 4475 3106 4529 ierarrliia
3153 4474 3233 4539 ³⁹,
3282 4477 3344 4527 ab
3376 4474 3488 4542 ipsa
3530 4474 3847 4552 τελιταρχία

2257 4567 2608 4636 sanctificata,
2635 4583 2738 4638 quo
2761 4567 2815 4620 in
2838 4584 2952 4621 eam
2979 4565 3276 4620 immediate
3301 4565 3599 4619 extenditur
3621 4565 3687 4630 ³⁸,
3722 4583 3849 4620 san-

2260 4662 2492 4716 ctissima
2519 4663 2828 4731 purgatione
2877 4659 3042 4715 multo
3082 4658 3278 4714 lumine
3308 4659 3691 4728 anteperfectae
3718 4675 3847 4713 con-

563 4749 922 4818 esStPntiarum
948 4799 962 4818 ,
1012 4768 1066 4812 et
1094 4759 1497 4828 Superemincnt
1529 4767 1736 4812 tantum
1767 4756 1928 4813 simul
1961 4772 2152 4812 omnes
2239 4755 2654 4817 mtuunationis,
2677 4752 3138 4824 proportionaliter
3165 4768 3280 4806 eam
3307 4751 3850 4823 impleam-purgatur,

565 4851 891 4908 thearclticis
926 4848 1429 4905 illuminatitmibus.
1466 4848 1532 4902 Et
1577 4858 1661 4904 est
1699 4863 1889 4904 sensus
1918 4863 1932 4902 :
1964 4847 2152 4912 lliror,

2259 4857 2308 4902 et
2336 4847 2687 4910 illuminatnr,
2730 4857 2777 4899 et
2815 4844 3105 4915 per/icitur.
3130 4842 3276 4898 Ordo
3307 4843 3592 4899 verborum
3621 4863 3634 4898 :
3662 4843 3854 4900 Nonne

1861 4990 1946 5045 VA
1959 4988 2116 5043 lllAE
2161 4985 2559 5043 LECTIONES.

550 5142 554 5146 ·
642 5115 658 5147 ⁸
700 5113 740 5168 Β
767 5124 838 5167 est
866 5113 1128 5165 dominus.
1230 5112 1250 5141 ²
1279 5111 1317 5162 Β
1349 5109 1513 5164 illius:

570 5188 769 5242 Iesum.

575 5260 615 5290 ω
650 5257 737 5310 ΛΗ
770 5267 821 5309 nt
876 5263 1203 5308 reverenter.
1312 5252 1350 5282 ¹¹
1393 5251 1430 5304 Β
1459 5268 1592 5305 com.

573 5330 686 5384 rail.
716 5341 856 5378 corr.
891 5323 988 5385 B';
1026 5324 1113 5376 ΑΒ
1143 5333 1462 5376 cunctanter.

575 5399 659 5452 AB
690 5395 1065 5450 deliberabant.
1186 5396 1227 5426 "
1259 5393 1347 5448 Sic
1373 5393 1413 5442 ti
1439 5403 1492 5446 ct
1521 5410 1663 5447 corr.
1697 5394 1792 5456 li';
1820 5395 1907 5448 AB
1935 5397 2062 5464 ipse.

1674 5255 1717 5282 “
1758 5253 1816 5307 Β·
1858 5270 2004 5308 corr.
2048 5263 2160 5306 tua.

575 5539 669 5590 rad
701 5551 843 5588 rorr.
875 5551 926 5588 ιι.
1005 5536 1049 5565 ’⁸
1089 5535 1128 5588 Β
1153 5553 1262 5623 per.

575 5630 788 5686 dicitur.
867 5633 911 5668 ’³
941 5631 981 5686 Β
1007 5638 1019 5650 ·
1051 5614 1445 5688 σοι-ι’.”Νοηηο.
1523 5633 1567 5664 ³⁵
1597 5635 1640 5687 Α
1672 5634 1918 5687 ierim-lii.

1619 5111 1639 5140 ³
1667 5111 1934 5167 Christum
1965 5128 2075 5166 om.
2105 5109 2168 5174 C,
2201 5125 2344 5168 vers.
2379 5119 2432 5162 et
2467 5118 2600 5163 text.
2638 5123 2720 5175 gr.

848 5185 870 5247 '_
903 5184 1058 5237 Corr.
1091 5182 1173 5240 B',
1203 5187 1239 5234 Λ
1275 5183 1326 5234 in
1362 5181 1709 5242 medietatem,
1739 5181 1778 5235 Β
1820 5183 2244 5238 immedietatem.

2242 5251 2286 5284 ³³
2325 5251 2384 5304 Β·
2413 5267 2556 5306 corr.
2602 5260 2714 5304 tua.

1562 5323 1606 5355 ¹⁶
1639 5323 1728 5378 ΑΒ
1757 5323 2056 5384 esitant.--B‘
2089 5338 2251 5392 supra
2281 5322 2458 5392 adscr.
2490 5321 2738 5392 liesitiant.

2163 5391 2209 5426 ¹⁰
2235 5393 2278 5446 Α
2306 5391 2460 5446 velut.

576 5470 691 5519 rad.
722 5482 864 5518 corr.
901 5465 1142 5530 dei/iram
1187 5464 1493 5523 scientiam:
1539 5464 1580 5516 C
1622 5467 1896 5520 ostendens
1939 5461 2157 5535 quidem
2189 5481 2244 5530 (ξ.
2288 5467 2342 5515 d.
2382 5472 2437 5515 et
2483 5461 2724 5535 dei/iram
2764 5461 3054 5515 scientiam.

1359 5535 1401 5564 ’τ
1438 5536 1658 5589 inditum
1704 5531 2167 5597 illuutittttiitmmtt,
2212 5537 2308 5588 hoc
2338 5543 2409 5586 est
2453 5550 2556 5587 non
2589 5533 2661 5586 ita
2699 5543 2874 5601 petunt
2908 5562 2979 5572 -ο
3007 5532 3383 5601 procationem
3425 5548 3536 5588 otn.
3576 5531 3638 5585 Β.

1998 5633 2041 5664 ³⁸
2069 5631 2368 5686 extenditur
2392 5645 2503 5684 nm.
2535 5629 2644 5696 AB,
2679 5629 2858 5685 addidi
2889 5645 2957 5686 cs
2988 5646 3132 5686 vers.
3159 5638 3214 5686 et
3243 5638 3373 5686 text.
3404 5645 3586 5702 graec.

2815 5107 2836 5138 ⁸
2866 5105 2966 5179 _Sic
2990 5107 3112 5172 AB;
3143 5121 3288 5163 vers.
3321 5117 3375 5162 et
3407 5115 3538 5164 text.
3570 5124 3651 5179 gr.
3681 5109 3854 5179 ipsum

2607 5180 2627 5212 τ
2663 5179 2702 5232 Β
2729 5177 3156 5249 praelargienter.
3232 5181 3255 5210 ⁸
3281 5179 3323 5233 Α
3354 5177 3594 5248 quidem:
3658 5181 3679 5214 ⁹
3704 5177 3752 5235 Α
3775 5189 3851 5233 et.

2607 5260 2714 5304 tua.
2820 5248 2866 5281 “
2904 5250 3086 5305 Curru
3117 5248 3210 5303 ΑΒ
3236 5253 3450 5305 τρίοδος.
3532 5250 3577 5281 ’⁸
3611 5249 3702 5304 Sic
3730 5249 3770 5305 C
3801 5259 3858 5305 et

2853 5266 2866 5279 ’
2904 5266 3086 5313 t..orr.,
3117 5266 3210 5303 Ab
3236 5267 3450 5317 τωρωι.
3533 5266 3577 5281 ³·
3611 5266 3702 5304 :nc
3730 5266 3770 5305 ιι
3801 5266 3852 5305 et

2841 5320 2880 5351 "
2923 5321 2983 5374 Β·
3011 5337 3170 5390 supra
3202 5321 3374 5376 adscr.
3405 5330 3499 5373 est.
3592 5320 3636 5362 ⁸⁸
3673 5319 3852 5444 Cottii,

2869 5389 2915 5422 "
2941 5390 2980 5444 Β
3006 5390 3278 5444 cherubin.
3309 5391 3389 5444 sit:
3417 5392 3631 5444 nbiene.
3709 5390 3754 5421 ⁸³
3836 5394 3852 5412 “

2869 5389 2915 5422 ⁸⁸
2941 5390 2980 5444 Β
3006 5389 3278 5455 cherubin,
3309 5391 3389 5444 sic
3417 5392 3638 5460 ubique.
3709 5390 3754 5460 ’3
3789 5389 3855 5460 Β]

3165 5461 3214 5491 ’³
3250 5451 3304 5516 se
3333 5478 3442 5516 om.
3477 5451 3540 5516 Βξ
3632 5451 3682 5493 ¹⁸
3721 5459 3776 5514 ln
3817 5459 3859 5514 Β

3165 5532 3383 5586 nionem
3425 5548 3536 5587 otn.
3576 5531 3638 5585 Β.
3744 5531 3791 5562 ⁸³
3821 5531 3861 5587 Β

2322 5180 2343 5211 ⁸
2372 5179 2412 5233 Β
2437 5182 2532 5233 eis.

2537 5391 2579 5422 “
2617 5391 2656 5445 Β
2681 5407 2790 5444 nec.
