4238 6070
1605 240 2111 300 [χροδιτιοῐςεε
2149 240 2432 299 JOANNIS
2471 240 2665 297 SCOTl

3586 316 3595 319 ν
3693 241 3800 299 iss

528 348 712 408 Ambit
737 359 920 408 autem
963 360 1241 409 aeternam
1263 351 1596 417 scientiam,
1630 368 1735 409 tt0n
1771 363 1830 409 ut
1872 355 2112 411 exterius
2139 360 2186 417 Α
2212 352 2596 409 excelsissimae
2616 353 2781 421 ipsius
2810 352 3212 410 illuminatiouis
3253 354 3798 411 eminentia.l.nudes

520 434 1152 512 cam'circtnnscrihat,
1205 445 1300 502 sed
1331 456 1392 502 ut
1440 446 1668 503 interius
1719 460 1840 503 eam
1892 448 2106 502 lustret.

519 531 799 603 Quaeram
836 545 1085 592 creatura
1117 537 1221 603 sit,
1250 552 1390 608 quae
1425 548 1704 593 aeternam
1726 538 1809 595 sui
1835 537 2109 606 Creatoris

452 680 457 683 .
520 627 807 685 scientiam
829 629 1040 686 ambire
1064 629 1256 698 possit,
1287 646 1427 700 tione
1452 629 1632 686 omnia
1658 628 1800 684 intra
1817 621 1889 686 se
1915 631 1938 661 ⁸
1979 647 2106 687 con-

523 721 661 777 tinet
716 731 899 793 atque“
925 722 1171 797 coartat?
1221 724 1527 778 Secundum
1573 722 2106 788 excellentissimam,

441 845 448 852 -
519 821 784 880 quantum
811 804 1017 886 angelis
1045 813 1629 885 concediturpsemper
1647 812 1905 868 mobilem
1939 812 2107 869 collo-

465 918 469 921 ‘
518 903 823 971 cationettt;
856 918 1071 973 semper
1098 904 1299 974 quippe
1348 904 1634 960 collocatio
1673 905 1823 975 ejus,
1865 904 1967 959 hoc
1997 913 2118 970 est,

516 1005 695 1053 status
725 997 941 1052 mobilis
966 1006 1066 1059 est,
1093 1000 1153 1053 et‘
1178 1006 1355 1053 motus
1380 997 1715 1052 collocahilis
1740 996 2102 1062 unil'ormiter,

513 1085 767 1144 videlicet
793 1087 1025 1143 stabilis.
1051 1086 1188 1155 Quid
1219 1070 1438 1153 initum,
1471 1087 1602 1142 dum
1634 1098 1692 1141 et
1734 1085 1895 1155 hujus
1923 1085 2104 1142 sensi-

512 1177 640 1233 bilis
665 1166 990 1251 sphaerae"
1025 1176 1236 1234 Stahilis
1269 1188 1449 1232 motus
1492 1178 1582 1243 sit,
1611 1191 1866 1248 quoniam
1900 1176 2105 1233 unifor-

511 1269 679 1327 miter
704 1279 970 1339 movetur,
997 1278 1054 1326 et
1093 1278 1268 1326 status
1309 1269 1547 1335 mobilis,
1590 1268 1846 1342 quoniam
1889 1282 2105 1340 semper

512 1374 765 1420 movetur
805 1362 858 1418 ιι
890 1362 946 1420 ll
954 1363 1091 1420 ultas
1115 1362 1325 1437 quidem
1354 1372 1402 1418 et
1425 1348 1603 1417 beatas
1625 1361 1803 1417 uidens
1826 1369 1956 1431 pure
1975 1362 2111 1416 conl

510 1452 876 1526 templationes
896 1495 914 1521 ,
961 1454 1176 1527 simplos
1220 1454 1243 1488 ³
1280 1470 1398 1511 cera
1440 1464 1489 1509 et
1534 1454 1834 1509 immediate
1864 1451 2101 1531 fulgores

510 1542 834 1611 illuminstu,
855 1551 905 1599 et
937 1543 1115 1598 divino
1140 1542 1390 1598 alimento
1420 1542 1635 1611 repleta.
1658 1540 1873 1606 Multas,
1900 1540 2098 1610 inquit,

505 1641 568 1687 et
600 1631 791 1689 beatas
820 1633 1055 1689 theorias
1076 1633 1264 1702 prima
1296 1631 1563 1689 ierarchia
1595 1644 1728 1702 pure
1770 1630 1933 1686 videt.
1980 1629 2100 1701 Ipsa

2209 442 2380 511 ipsius
2407 423 2571 508 dicit,
2607 444 2803 514 quibus
2837 445 3005 499 Deum
3048 443 3317 516 gloriﬁcat
3352 444 3656 514 theologia,
3691 447 3794 502 lto-

2208 534 2445 591 minibus
2474 535 2695 591 tradidit
2714 535 2781 590 “.
2803 534 2912 590 Alii
2930 536 3139 602 quidem
3155 536 3292 591 enim
3314 537 3458 607 ejus,
3481 537 3798 594 sensibiliter

2203 624 2375 682 dicere
2392 622 2455 688 ⁸⁸,
2483 623 2587 679 hoc
2606 632 2721 690 est,
2742 624 2834 680 alii
2850 626 3065 694 quidem
3096 625 3387 696 participes
3409 623 3553 694 eius,
3584 625 3809 695 primae.

2206 713 2471 770 videlicet
2500 715 2801 772 icrarchiac
2821 756 2836 781 ,
2875 716 3205 772 seusibiliter
3224 716 3405 772 dicere
3430 714 3543 789 ἔδει
3574 716 3622 750 ¹³
3647 718 3799 774 theo-

2204 807 2342 879 logis
2369 811 2674 874 traduntur,
2702 823 2952 884 tanquam
2983 828 3080 866 vox
3120 828 3377 882 aquarum
3407 811 3622 868 reboant
3648 828 3668 868 :
3690 809 3792 869 Be-

2203 898 2409 957 nedicta
2434 899 2617 971 ‘gloria
2644 899 2857 956 Domini
2893 918 2959 956 ea:
2980 900 3094 957 loco
3131 918 3228 956 suo
3266 901 3328 955 ³⁸.
3351 901 3461 957 ΑΙῖὶ
3481 920 3599 958 vero
3637 904 3787 960 illam

2204 989 2354 1051 ualde
2375 990 2692 1046 laudabilem
2713 1001 2763 1046 et
2782 992 3069 1062 piissimam
3097 992 3390 1048 reclamant
3416 993 3728 1064 theologiam
3768 1011 3787 1049 :

2180 1080 2434 1141 Sanctus
2450 1123 2468 1149 ,
2493 1080 2999 1149 Sanctus,Sanctus
3020 1083 3277 1139 Dominus
3303 1084 3441 1139 Deus
3461 1085 3505 1117 ι’
3532 1084 3790 1151 Sabaotlt,

2200 1171 2355 1243 plena
2378 1182 2454 1227 est
2477 1173 2650 1227 omnis
2670 1174 2810 1227 terra
2830 1173 3031 1244 gloriae
3058 1175 3193 1244 ejus.
3231 1174 3333 1240 Ubi
3353 1175 3641 1248 posuimus
3661 1178 3793 1247 piis.

2200 1263 2426 1330 simam,
2467 1265 2539 1320 ibi
2564 1265 2731 1321 etiam
2757 1260 3316 1331 honorabilissimam,
3347 1266 3432 1322 vel
3462 1268 3617 1323 valde
3653 1268 3796 1324 ado-

2201 1353 2430 1410 randum
2470 1353 2514 1387 “
2539 1362 2723 1427 potest
2769 1356 3139 1429 interpretari.
3187 1357 3343 1425 Quod
3392 1368 3578 1415 autem
3626 1358 3788 1425 dicit,

2203 1443 2666 1505 seusibilitereos
2697 1447 2883 1505 dicere
2916 1448 2981 1512 ⁸⁸,
3014 1463 3125 1505 non
3168 1446 3329 1505 facile
3375 1458 3555 1520 patet,
3604 1459 3788 1508 utrum

2204 1537 2367 1593 veluti
2388 1550 2486 1608 per
2517 1538 2782 1611 quaedam
2806 1538 3109 1612 spiritualia
3132 1555 3361 1612 corpora
3384 1540 3429 1574 ὀ
3459 1540 3564 1597 sibi
3587 1556 3793 1600 conua-

2204 1625 2453 1682 toraliter
2476 1626 2762 1697 adjuncta,
2796 1629 2851 1684 in
2894 1630 3095 1700 quibus
3118 1630 3283 1687 etiam
3305 1630 3562 1687 humanis
3583 1631 3789 1691 visibus

510 1723 734 1795 quidem
780 1724 961 1779 divina
992 1723 1256 1796 sapientia
1279 1762 1297 1791 ,
1329 1738 1490 1794 quam
1538 1722 1684 1781 clare
1726 1721 2096 1795 conspicatur,
2130 1724 2175 1785 Β
2200 1724 2519 1795 apparuisse
2562 1725 2743 1781 divina
2776 1727 2942 1782 tradit
2987 1727 3248 1794 historia,
3297 1729 3571 1802 praelatus
3599 1730 3791 1791 laudes

507 1814 790 1894 multiplex
814 1823 978 1873 estet
1002 1815 1182 1871 beata.
1221 1814 1486 1885 Quoniam
1517 1828 1646 1869 vero
1672 1814 1787 1885 ipsa
1816 1815 2099 1886 multiplex

505 1907 773 1979 sapientia
806 1907 1000 1977 simpla
1038 1914 1123 1965 est
1169 1917 1225 1965 et
1256 1908 1590 1974 individua,
1638 1917 1925 1980 propterea
1968 1910 2098 1965 sim-

504 1999 680 2073 plices
723 2015 855 2057 suos
895 1999 1133 2072 fulgores
1175 2001 1231 2056 in
1279 2000 1509 2072 primam
1551 2000 1806 2072 primitus
1847 2000 2097 2063 dill‘undit

504 2092 852 2159 ierarcltiam,
879 2080 1078 2164 quibus
1106 2091 1194 2147 illa
1221 2090 1577 2159 illuminatur,
1604 2109 1669 2148 ac
1712 2092 1874 2149 veluti
1912 2095 2095 2151 divino

502 2184 783 2249 alimento,
811 2184 947 2249 sive,
981 2195 1039 2240 ut
1060 2183 1275 2255 planius
1304 2182 1651 2248 transfertur,
1673 2184 1858 2239 divina
1887 2183 2094 2241 laetitia

500 2279 698 2335 satiata
735 2278 993 2350 repletur.
1043 2275 1215 2332 Multa
1244 2276 1466 2349 quidem"
1497 2278 1667 2349 primo
1706 2277 1831 2332 data
1863 2277 2089 2349 fusione,

499 2368 616 2427 sola
660 2387 783 2427 rere
815 2355 1101 2426 domestica
1126 2380 1174 2426 et
1199 2369 1396 2440 uniﬁca
1421 2368 1629 2425 diuinae
1660 2370 1956 2440 refectionis
1979 2370 2097 2425 uni.

497 2470 643 2526 tate;
665 2460 933 2532 multaque
962 2463 1326 2517 communione
1348 2461 1443 2517 Dei
1469 2470 1519 2516 et
1549 2454 1915 2532 cooperatione
1931 2463 2092 2533 digna

497 2551 683 2622 eiecta
710 2551 781 2606 ad
802 2568 937 2617 eam,
969 2562 1025 2607 ut
1053 2552 1326 2623 possibile,
1352 2552 1697 2609 similitudine
1719 2553 1971 2609 bonarum
1995 2555 2093 2608 Ita-

496 2640 793 2697 bitudinum
838 2651 887 2695 et
936 2643 1221 2696 actionum.
1257 2641 1561 2699 Verborum
1597 2645 1931 2699 constructio
1968 2644 2123 2699 talis-

495 2737 583 2787 est
608 2747 626 2786 :
657 2730 825 2802 Digna
852 2730 1045 2786 ell'ecta
1067 2740 1153 2788 est
1180 2732 1348 2788 multa
1382 2734 1560 2804 primo
1594 2742 1721 2789 ante
1752 2732 1889 2790 alias
1911 2733 2086 2790 ierar-

497 2824 650 2881 chius
670 2822 882 2879 fusione
905 2824 1225 2895 sapientiae,
1248 2825 1367 2882 sola
1393 2841 1541 2891 vero,
1574 2826 1677 2882 hoc
1698 2833 1777 2880 est
1804 2824 2083 2896 singulari,

494 2914 816 2980 domestica,
859 2918 1103 2985 proxima
1135 2916 1316 2987 plane,
1359 2926 1416 2971 et
1452 2915 1650 2971 nnillca
1687 2914 1904 2971 divinae
1949 2915 2085 2972 refe-

497 3006 700 3065 ctionis
729 3007 968 3074 unitate;
1017 3022 1133 3062 non.
1153 3006 1302 3063 enim
1325 3007 1504 3063 omnis
1531 3008 1710 3062 unitas
1741 3008 1936 3062 unillca
1967 3016 2081 3072 eet,

2201 1816 2478 1897 carporeis
2505 1817 2757 1874 sensibus
2783 1819 3027 1876 sensibili
3072 1835 3209 1877 voce
3257 1830 3536 1891 coaptatas
3575 1824 3787 1895 hymni.

2198 1908 2410 1974 sunt",
2446 1923 2515 1964 an
2544 1909 2671 1981 quia
2701 1909 3033 1981 propheticis
3059 1910 3358 1969 visionibus
3385 1902 3459 1969 ita
3486 1928 3795 1986 apparuere

2197 1999 2361 2056 veluti
2393 2001 2698 2076 sensibilcs,
2725 2001 2780 2056 in
2802 2002 3156 2073 similitudhte
3174 2003 3424 2061 videlicet
3449 1996 3789 2066 sensibilium

2195 2106 2388 2147 vocum
2435 2091 2696 2162 prolatae.
2758 2093 3141 2150 Verumtamen
3207 2096 3588 2165 quoquomodo
3639 2095 3788 2167 sint,

2194 2185 2267 2239 ab
2288 2183 2674 2241 excelsissimis
2694 2168 2903 2255 primae
2945 2186 3245 2242 ierarcltiue
3273 2188 3525 2245 essentiis
3548 2203 3644 2246 eas
3667 2189 3790 2248 ﬁeri

2195 2274 2477 2347 theologus
2508 2277 2611 2333 iste
2636 2284 2889 2333 testatur.
2930 2278 3021 2334 Ait
3043 2278 3190 2336 enim
3218 2298 3234 2333 :
3272 2278 3386 2336 llas
3410 2292 3587 2336 autem
3621 2282 3792 2337 excel-

2192 2369 2434 2424 sissimus
2466 2368 2765 2425 caelestium
2809 2370 3110 2426 animorum
3135 2373 3501 2444 Ιιψμιιοίοθίηι
3527 2375 3643 2445 jam
3664 2375 3786 2446 qui-

2192 2459 2309 2513 dem
2334 2460 2390 2513 in
2410 2459 2493 2513 Itis
2530 2475 2667 2531 quae
2705 2470 2829 2516 sunt
2869 2461 2935 2515 de
2982 2462 3175 2518 diuinis
3220 2463 3496 2529 laudibus,
3524 2474 3782 2537 quantum

2189 2548 2469 2619 possibile,
2506 2551 2841 2620 aperuimus,
2886 2562 2935 2606 et
2975 2551 3173 2607 dictum
3215 2563 3292 2607 est
3334 2554 3398 2607 de
3433 2553 3518 2612 liis
3541 2556 3595 2610 in
3632 2555 3779 2621 illis,

2188 2649 2445 2711 quantum
2464 2641 2535 2694 ad
2544 2656 2654 2696 nos
2673 2682 2688 2707 ,
2714 2633 3027 2714 suﬁcienter
3040 2660 3061 2708 ;
3083 2659 3150 2697 ea:
3166 2645 3355 2714 quibus
3377 2643 3432 2699 in
3464 2645 3785 2701 admonitio-

2190 2746 2306 2785 nem
2336 2732 2521 2806 suﬁicit
2550 2731 2726 2788 dicere
2745 2743 2951 2791 tantum
2972 2735 3257 2789 secundum
3293 2750 3538 2803 praesens
3559 2740 3780 2804 tempus.

2191 2823 2267 2878 Ex
2316 2823 2419 2879 hac
2460 2825 2725 2879 sententia
2764 2839 3053 2897 possumus
3089 2840 3453 2898 cognoscere,
3488 2827 3554 2882 de
3580 2827 3784 2883 divinis

2188 2912 2436 2969 laudibus
2464 2914 2636 2985 ipsum
2655 2914 2960 2986 scripsisse,
2980 2916 3234 2985 quoniam
3265 2916 3317 2971 in
3342 2916 3481 2973 libro
3501 2917 3568 2973 de
3585 2917 3785 2978 divinis

2188 3006 2499 3069 nominibus
2520 3020 2587 3061 ex
2616 3006 2896 3062 amatoriis
2920 3007 3137 3078 hymnis
3164 3010 3335 3064 sancti
3352 3007 3591 3064 .ler‘othci
3619 3017 3786 3080 quae-

498 3104 605 3171 sed,
619 3101 735 3160 sola
760 3088 974 3170 divina;
1009 3102 1287 3174 multaque
1309 3104 1689 3159 communione
1709 3102 1804 3159 Dei
1824 3112 1880 3157 et
1904 3117 2086 3172 ωομεν
2117 3100 2162 3162 C
2194 3100 2318 3152 dam
2350 3097 2679 3161 introduxit,
2708 3098 2765 3153 in
2791 3097 2992 3169 quibus
3013 3099 3080 3155 de
3107 3099 3404 3171 praedictis
3430 3099 3677 3172 laudibus
3704 3101 3787 3157 nio

497 3195 713 3251 ratione
767 3194 926 3267 digna
982 3192 1144 3253 facta.
1200 3193 1335 3248 Eum
1373 3193 1573 3265 quippe
1621 3194 1812 3264 primo.
1846 3192 2092 3259 omnium

496 3288 897 3352 communicat,
923 3286 1027 3341 hoc
1053 3293 1136 3342 est
1190 3284 1499 3356 participat,
1533 3283 1694 3355 eique
1726 3282 1750 3316 ⁸
1773 3295 2095 3357 cooperator

496 3377 553 3433 io
597 3376 1065 3435 administratione
1112 3376 1488 3433 universitatis
1533 3376 1673 3431 infra
1717 3380 1778 3432 s‘e
1819 3378 2090 3432 conditae.

491 3469 777 3540 Quomodo
817 3468 1185 3524 communicat
1227 3473 1285 3524 et
1326 3466 1694 3540 cooperator?
1729 3466 1787 3523 in
1843 3466 2095 3523 similitu-

494 3559 659 3625 dine,
703 3560 952 3616 videlicet
998 3558 1066 3614 ad
1114 3576 1261 3623 eam,
1304 3559 1740 3615 communionem
1786 3558 1984 3630 plane,
2037 3566 2093 3614 et

498 3653 883 3724 cooperatione
929 3652 1189 3707 bonarum
1238 3650 1616 3727 habitudinutn
1666 3658 1724 3706 et
1771 3649 2091 3716 actionum,

493 3753 765 3815 quantum
795 3750 977 3811 potest
1008 3740 1146 3795 tieri.
1194 3739 1253 3798 In
1311 3738 1668 3795 similitudine
1702 3739 1888 3809 itaque
1923 3738 2091 3795 bona-
2121 3778 2127 3784 .

495 3847 619 3888 rum
663 3830 1082 3896 habitudinum,
1124 3830 1228 3885 hoc
1271 3837 1356 3884 cst
1396 3829 1685 3889 virtutum,
1720 3827 1894 3883 virtus
1944 3827 2089 3882 enim

491 3928 581 3976 est
604 3920 827 3976 habitus
862 3917 1144 3975 rationalis
1170 3927 1266 3974 aut
1289 3916 1676 3973 intellectualis
1715 3916 1914 3981 animi,
1946 3924 2002 3970 et
2033 3916 2089 3972 in

492 4010 850 4068 similitudine
896 4010 1161 4065 bonarum
1208 4010 1484 4064 actionum
1530 4008 1896 4064 communicat
1946 4006 2086 4072 Deo,

490 4103 655 4172 eique
701 4108 1047 4174 cooperator.
1106 4097 1380 4174 uultuque
1420 4099 1722 4154 divinorum
1767 4100 2089 4170 superposita

492 4210 807 4264 cognoscens
824 4233 841 4259 ,
873 4202 921 4247 et
948 4193 1156 4247 dirutae
1183 4193 1433 4247 scien:iae
1458 4200 1508 4247 et
1532 4191 1845 4262 cognitionis
1870 4188 1927 4244 in
1956 4207 2085 4261 par-

491 4283 817 4353 ticipatione,
835 4282 1123 4337 secundum
1140 4282 1280 4349 quod
1301 4281 1385 4351 {as
1404 4291 1503 4345 est,
1522 4281 1681 4351 facta.
1706 4280 1976 4352 Factaque
2001 4290 2088 4337 est

489 4373 788 4430 scentulum
834 4374 978 4442 quod
999 4371 1104 4437 las,
1129 4372 1233 4427 hoc
1266 4380 1352 4426 est
1376 4370 1425 4437 ',
1453 4371 1600 4436 licet,
1637 4380 1719 4425 est
1743 4370 1765 4403 ⁸
1793 4370 2003 4442 justum
2036 4374 2082 4436 9,

2195 3187 2270 3243 hil
2318 3196 2599 3242 tractatur.
2651 3185 2762 3242 'Ubi
2807 3188 3091 3258 posuimus
3151 3188 3577 3245 admonitionem
3608 3190 3676 3253 ε’,
3706 3188 3782 3247 ibi

2192 3281 2479 3352 ὑπόμνησιν
2505 3278 2559 3333 in
2590 3278 2833 3345 Graeco,
2857 3280 2960 3335 hoc
2986 3287 3069 3335 est
3086 3320 3102 3346 ,
3129 3279 3558 3336 admonitionem
3587 3278 3671 3335 vel
3692 3294 3782 3335 re-

2193 3369 2589 3426 cordationem.
2622 3364 2831 3425 Sullicit
2853 3411 2868 3435 ,
2891 3368 3097 3440 inquit,
3123 3370 3259 3425 haec
3286 3385 3456 3441 pauca
3487 3386 3553 3427 ex
3583 3369 3785 3428 divinis

2193 3459 2446 3515 laudibus
2478 3460 2547 3515 ad
2573 3474 2830 3532 praesens
2874 3469 3087 3531 tempus
3136 3461 3190 3516 in
3240 3460 3663 3518 admonitionem
3695 3463 3784 3519 vel

2193 3553 2631 3610 recordationem
2673 3553 2877 3608 dicere.
2911 3551 3050 3619 Quia
3080 3552 3423 3623 theologicam
3437 3536 3486 3627 ’ἦ
3510 3553 3786 3609 scientiam

2192 3646 2307 3717 ipsa
2335 3646 2507 3717 prima
2551 3644 2828 3716 dispositio
2840 3643 2913 3710 “,
2941 3656 3196 3715 quantum
3221 3644 3304 3715 [as
3325 3685 3341 3710 ,
3379 3643 3677 3701 illuminata
3704 3655 3787 3701 est

2191 3754 2225 3793 α
2238 3737 2536 3792 thearcltica
2552 3737 2800 3802 bonitate,
2815 3738 2918 3792 hoc
2928 3746 3030 3800 est,
3050 3737 3178 3806 quia
3192 3737 3364 3808 prima
3382 3737 3648 3793 ierarchia
3666 3736 3786 3792 illo»

2192 3832 2398 3886 minata
2427 3839 2513 3884 est
2540 3829 2595 3884 in
2626 3828 2988 3900 theologicam
3036 3827 3322 3883 scientiam
3351 3828 3421 3882 ab
3457 3826 3571 3899 ipsa
3600 3826 3783 3886 divina

2190 3922 2454 3979 bonitate.
2484 3920 2551 3978 Et
2577 3936 2646 3976 ne
2677 3920 2895 3976 mireris
2919 3920 3385 3976 constructionem
3421 3932 3439 3973 :
3478 3919 3780 3976 inominata

2193 4012 2551 4085 theologicam
2608 4010 2928 4078 scientiam;
2992 4019 3076 4067 est
3133 4011 3282 4067 enim
3346 4019 3495 4074 rata,
3551 4011 3785 4067 dicimus

2189 4103 2389 4174 quippe
2414 4101 2690 4157 illoniinor
2715 4102 2762 4135 "
2783 4117 2815 4157 a
2841 4110 2896 4158 te
2922 4110 3119 4167 artem,
3143 4102 3316 4157 doceo
3342 4109 3394 4156 te
3416 4101 3774 4172 disciplinam.

2190 4190 2312 4259 Qua
2334 4201 2586 4262 tanquam
2615 4192 2886 4262 deiformis
2912 4194 3173 4248 ierarcltt'a
3198 4202 3248 4247 et
3276 4192 3396 4247 aliis
3416 4194 3625 4265 quidem
3656 4209 3772 4247 ean-
3860 4240 3867 4245 .

2188 4287 2306 4341 dem
2329 4286 2514 4340 deinde
2532 4285 2751 4339 tradidit
2772 4302 2786 4349 ;
2813 4286 2917 4341 hoc
2937 4298 3021 4341 est
3047 4304 3060 4339 :
3084 4302 3151 4343 ex
3177 4302 3282 4356 qua
3308 4287 3489 4343 divina
3509 4287 3746 4343 bonitate
3763 4327 3782 4353 ,

2190 4376 2276 4431 vel
2298 4387 2355 4429 ut
2377 4376 2592 4447 planius
2613 4375 2964 4442 transfertur,
2993 4391 3059 4431 ex
3088 4378 3275 4433 eadem
3302 4378 3482 4432 divina
3506 4376 3780 4446 bonitate;

491 4467 550 4524 in
597 4464 1012 4538 participatione
1059 4464 1275 4519 divinae
1315 4463 1584 4520 Scientiae
1629 4472 1686 4517 et
1726 4463 2080 4539 cognitionis,
2116 4449 2163 4527 ο
2192 4476 2449 4537 tauquam
2500 4466 2811 4533 deilorutis;
2854 4468 3308 4538 quemadmodum
3355 4469 3557 4540 quippe
3600 4468 3783 4525 divina

491 4571 858 4627 cognoscens,
893 4556 1019 4609 dum
1040 4555 1339 4627 cognoscit,
1365 4554 1835 4624 supereminenter
1853 4553 2020 4608 multa
2037 4552 2081 4585 “

485 4647 1164 4713 divinorum,snbauditur
1190 4645 1581 4701 intellectuum.
1609 4645 1867 4715 Sequitur
1899 4662 1915 4697 :
1949 4642 2082 4698 Prs-

487 4747 741 4812 ptereaet
784 4739 971 4792 laudes
990 4736 1154 4809 ipsius
1194 4734 1452 4805 theologia
1494 4735 1607 4797 Itis,
1656 4733 1832 4805 quiin
1873 4732 2078 4788 terra“

490 4846 654 4899 sunt,
695 4827 952 4896 tradidit,
1014 4828 1071 4885 in
1127 4828 1316 4900 quibus
1361 4826 1673 4883 mirabiliter
1710 4824 2081 4894 manifestatur

2189 4557 2407 4613 bonitas
2435 4556 2735 4635 conformat
2760 4558 2940 4612 omnia
2960 4598 2976 4623 ,
3002 4560 3074 4613 ita
3094 4568 3150 4614 et
3174 4560 3288 4631 ipsa
3310 4561 3485 4629 prima
3513 4561 3783 4616 ierarchia

2189 4658 2495 4704 ceterarum
2522 4649 2861 4718 sequentium
2887 4665 2944 4705 se
2972 4649 3252 4705 deiformis
3277 4660 3361 4707 est
3379 4690 3396 4717 ,
3423 4652 3522 4707 hoc
3543 4660 3626 4706 est
3643 4692 3657 4715 ,
3684 4646 3802 4707 eas"

2190 4741 2329 4795 sicut
2364 4739 2507 4795 Deus
2539 4739 2766 4806 format;
2816 4750 2871 4795 et
2917 4739 3039 4794 aliis
3066 4741 3283 4809 quidem
3330 4742 3557 4796 eandem
3589 4741 3785 4797 deinde

2191 4831 2443 4894 tradidit,
2494 4831 2551 4885 id
2597 4838 2714 4897 est,
2760 4833 2990 4887 eandem
3038 4832 3275 4886 divinam
3306 4834 3648 4899 bonitatem,
3675 4850 3784 4905 qua
3855 4894 3861 4900 ,

668 4986 671 4989 ,
1038 4993 1043 4999 ,
1783 4936 2044 4994 YABIAE
2083 4937 2491 4997 LECTIONES.

570 5034 588 5066 ⁸
611 5036 661 5091 Α
679 5048 821 5090 eum.
892 5033 914 5063 ⁸
944 5049 998 5087 se
1018 5047 1129 5089 om.
1158 5031 1222 5088 Β.
1326 5032 1349 5064 ³
1370 5030 1461 5087 ΑΒ
1480 5047 1645 5102 spera.
1673 5100 1679 5102 Α
1746 5028 1770 5061 ⁸
1795 5037 1842 5084 et
1871 5040 2040 5083 status
2056 5030 2264 5102 mobilis
2278 5032 2523 5102 quoniam
2541 5046 2742 5102 semper
2767 5039 3001 5102 movetur
3030 5046 3140 5085 om.
3160 5030 3220 5084 Β.
3242 5100 3254 5102 ᾼ
3298 5032 3320 5064 ⁸
3347 5030 3438 5087 Sic
3466 5032 3574 5088 AB.
3676 5032 3698 5064 ‘
3718 5034 3779 5089 B‘

493 5120 638 5162 corr.
662 5113 835 5175 atque.
908 5105 928 5136 "
958 5103 1001 5158 Β
1022 5106 1160 5175 quod
1185 5106 1281 5158 hoc
1303 5102 1385 5173 fas
1406 5100 1515 5165 est,
1533 5102 1594 5156 B‘
1616 5100 1795 5157 adscr.
1818 5115 1961 5156 corr.
1982 5101 2123 5171 quod
2145 5102 2228 5170 fas
2252 5100 2324 5158 est
2346 5103 2430 5189 [as
2450 5112 2548 5157 est.

489 5201 890 5273 participatione
931 5198 1218 5273 secundum
1242 5200 1381 5273 quod
1412 5199 1492 5264 fas
1525 5208 1622 5273 est,
1654 5195 1774 5273 _ltoc
1803 5205 1892 5273 est
1929 5194 2047 5273 licet
2075 5180 2939 5273 ςιξηιῖιιειιιὶίι’ἰιιμρξῃίἰεῑραι-ιίοιιιεΔ
2953 5203 3070 5273 cet.

1581 5269 1624 5299 “
1647 5268 1700 5320 in
1728 5265 1914 5334 quibus
1940 5266 2252 5319 miraliliter
2283 5295 2353 5305 -——
2378 5263 2594 5319 tradidit
2617 5263 2726 5319 om.
2763 5263 2823 5317 Β.
2872 5306 2884 5323 .
2927 5263 3173 5320 ﬂ"dicere
3196 5282 3306 5319 om.
3343 5264 3403 5319 Β.
3484 5265 3524 5297 ⁸³
3552 5266 3608 5321 Β·
3634 5263 3775 5322 sorr.

1347 5339 1392 5371 ³⁸
1424 5337 1594 5395 Verba
1622 5352 1783 5407 supra
1820 5336 2023 5391 omissa
2056 5351 2070 5391 :
2104 5336 2159 5388 in
2185 5336 2372 5402 quibus
2409 5334 2719 5389 mirabiliter
2765 5364 2835 5374 ——
2862 5335 3144 5389 eminentia
3188 5338 3229 5391 Β
3271 5338 3336 5390 ad
3370 5352 3542 5407 rnarg.
3573 5338 3777 5400 adscr.,

1723 5434 1764 5464 ¹⁷
1791 5430 1884 5487 Sic
1901 5428 2012 5492 AB,
2046 5431 2100 5484 in
2124 5430 2335 5488 Graeco
2364 5431 2486 5493 Θεὸς
2517 5432 2688 5485 deest.
2789 5430 3036 5495 “'SicC,
3064 5440 3114 5486 et
3145 5448 3289 5486 corr.
3319 5430 3406 5494 B',
3439 5433 3525 5486 AB
3554 5433 3778 5488 adorea.

1723 5503 1887 5557 ualia.
1971 5503 2013 5533 ³¹
2038 5500 2429 5571 Allptnnizaut,
2446 5504 2524 5558 sic
2541 5505 2756 5571 ubique.
2833 5504 2878 5534 ¹³
2900 5503 2958 5558 ις’
2981 5519 3123 5557 corr.
3147 5504 3594 5558 ummonitionem.
3670 5503 3716 5533 "
3738 5504 3778 5557 ll

2053 5570 2102 5602 ”
2127 5556 2219 5627 Sic
2248 5569 2289 5626 C
2316 5580 2366 5627 et
2399 5556 2541 5657 corr.
2571 5556 2664 5639 B‘;
2684 5572 2772 5628 ΑΒ
2798 5556 3071 5644 depositio.
3159 5574 3204 5604 ³⁸
3229 5556 3389 5629 Carr.
3416 5556 3504 5641 B',
3528 5572 3613 5629 ΑΒ
3647 5556 3775 5629 illa?

490 5270 797 5326 etninetiteut
830 5270 1072 5325 multum.
1180 5270 1222 5302 υ
1245 5271 1292 5326 Δ
1315 5272 1480 5324 intra.

488 5340 733 5396 dicendo.
835 5340 880 5372 “
911 5341 951 5394 Β
971 5341 1067 5395 hoc
1088 5350 1161 5396 est
1190 5358 1244 5396 α.

487 5436 587 5495 sed
612 5435 748 5493 falso
771 5437 877 5492 huc
902 5412 1184 5491 ius‘erenin
1206 5449 1326 5491 esse
1351 5432 1630 5490 indicavit.

490 5518 618 5564 tera.
691 5509 737 5540 "
756 5506 798 5561 Β
826 5508 1002 5562 dicere
1019 5516 1128 5560 eos.
1203 5506 1250 5538 "
1271 5504 1546 5574 Bcorpora
1567 5503 1887 5574 spiritualia.

486 5577 621 5648 quia
652 5576 819 5652 ειεῳεει
848 5575 1189 5645 theologicam
1215 5570 1437 5648 (puncta
1464 5572 1525 5628 θ’
1552 5570 1657 5640 ad].
1691 5571 1951 5643 videtur).

2648 5101 2672 5133 ‘
2691 5101 2872 5171 Conj.,
2916 5100 3005 5155 ΑΒ
3030 5110 3100 5155 et.
3187 5103 3210 5137 ³
3235 5100 3296 5154 Β*
3328 5106 3504 5158 adscr.
3532 5112 3626 5157 est.
3656 5104 3696 5158 (Σ
3726 5106 3781 5159 in
3810 5164 3815 5170 ,

3189 5194 3229 5225 ¹⁰
3262 5192 3355 5249 Sic
3384 5194 3446 5261 C,
3478 5195 3570 5249 AB
3596 5213 3779 5264 super—

2789 5430 3036 5495 “'SieC,
3064 5440 3114 5486 et
3145 5448 3289 5486 corr.
3319 5430 3406 5494 B',
3439 5433 3525 5486 ΑΒ
3554 5433 3779 5488 αόοηιη-

494 5668 659 5740 tuine,
684 5666 748 5730 B’
779 5686 946 5746 marg.
982 5673 1161 5730 adscr.
1193 5670 1275 5727 uel
1313 5669 1546 5728 erudiar.
1579 5668 1620 5725 C
1650 5666 1887 5722 illumino
1937 5678 1984 5721 te
2025 5675 2212 5722 artem.
