4238 6070
487 242 588 299 221

1329 236 1557 295 supra
1594 211 2021 292 transcursu
2062 233 2474 292 cascssrcm
2517 233 2578 289 s.
2617 232 2930 292 monrsn.

3646 241 3754 302 2θῆ

486 366 777 418 daemones
831 357 1028 426 plane,
1087 355 1374 425 imperare.
1430 352 1706 408 Adversus
1759 349 2067 422 superbiam
2100 360 2141 415 Α
2173 356 2388 402 ciorum
2434 360 2745 418 angelorum
2800 347 3002 402 viritim
3055 349 3102 380 ‘°
3144 349 3195 403 in
3243 353 3444 410 ceteris
3500 355 3754 424 gentibus

485 451 815 509 lndaeorum
856 447 964 502 hoe
1006 446 1210 501 dictum
1251 443 1509 507 arbitror,
1551 440 1642 512 qui
1687 440 1866 510 ipsum,
1896 439 2063 495 Deum

487 558 584 614 per
632 555 692 596 se
735 539 929 610 ipsum,
1004 553 1110 592 non
1163 549 1262 606 per
1310 533 1547 605 aliquem
1584 533 1896 602 angelorum
1933 531 2015 585 sui
2048 529 2064 550 ‘

491 634 761 701 imperare
779 628 881 684 sibi
905 635 1210 690 autumant,
1237 625 1467 694 ideoque
1509 639 1569 679 se
1589 625 1612 655 ²
1640 621 2068 678 honorabiliores

487 724 683 779 ceteris
706 719 955 792 gentibus
985 717 1308 786 gloriantur,
1339 715 1494 784 quasi
1523 712 1757 784 speciale
1783 711 2067 781 imperium

488 813 654 869 unius
697 811 790 866 Dei
820 809 1027 865 electus
1071 807 1300 878 pupulas
1319 805 1506 861 Israel.
1539 803 1798 874 Sequitur
1840 819 1854 856 :
1885 800 1992 859 Sed
2019 813 2068 855 et

487 904 751 972 claudunt
768 899 902 954 illud
929 898 1214 954 secundum
1238 898 1405 965 ipsam
1436 911 1643 949 sacram
1673 893 2071 963 intelligentiam

429 985 432 990 ’
483 993 846 1062 accipiendum
889 988 931 1043 ³.
979 984 1096 1042 Non
1155 989 1475 1051 secundum,
1514 985 1710 1055 inquit,
1749 981 1940 1037 falsam
1981 997 2072 1037 su-

486 1093 820 1152 perbamque
873 1077 898 1111 ⁸
938 1074 1219 1132 Judaicatu
1268 1075 1599 1146 opinionem,
1652 1090 1760 1144 qua
1814 1089 1873 1128 se
1907 1073 2070 1128 veluti

487 1173 758 1245 propriam
791 1169 888 1226 Dei
918 1166 1306 1225 [nereditatem
1325 1166 1637 1235 jactitaut’,
1682 1166 1863 1222 divina
1891 1166 2074 1235 provi-

487 1263 669 1319 dentia
697 1260 1012 1331 accipienda
1047 1266 1130 1314 est
1149 1298 1165 1323 ,
1196 1258 1291 1314 sed
1321 1257 1596 1326 eloquium
1640 1257 1769 1312 illud
1805 1256 2076 1326 accipien-

488 1353 640 1417 dum,
669 1351 775 1407 hoc
803 1346 912 1415 est,
939 1349 1127 1405 divina
1151 1347 1432 1417 Scriptura
1454 1347 1747 1402 scrutanda
1774 1347 2072 1402 secundum

490 1441 666 1511 ipsam
710 1449 953 1496 sanctam
1001 1437 1435 1508 intelligentiam,
1477 1449 1618 1507 quae
1638 1437 1822 1503 docet,
1859 1451 2075 1507 rempu-

430 1579 432 1581 ,
490 1533 690 1590 biieam
732 1530 1066 1587 universalis
1090 1538 1375 1585 creaturae
1417 1529 1691 1585 communi
1734 1529 2074 1602 providentia

489 1631 548 1678 et
583 1620 802 1678 salute'
831 1621 1142 1692 gubernari.
1166 1618 1458 1690 Propterea
1503 1620 1753 1676 subditur
1789 1638 1805 1675 :
1853 1618 1983 1674 Non
2019 1631 2076 1676 ut

2171 437 2475 508 imperium,
2509 445 2568 490 ut
2596 451 2694 507 per
2720 451 2871 499 eum.
2905 440 3154 508 angelum
3193 439 3464 508 videlicet,
3507 457 3746 514 gentem,

2168 527 2254 582 cui
2285 536 2520 596 pnaeest,
2549 526 2604 580 in
2642 528 3007 598 cognitionem
3031 529 3190 585 unius
3208 532 3447 587 omnium
3477 536 3756 607 principii.

2169 615 2310 684 quod
2333 614 2447 684 ipse
2478 613 2737 670 Dominus
2779 627 2883 679 est,
2929 619 3247 675 reduceret:
3293 633 3577 693 propterea
3615 626 3754 682 dixit

2168 704 2394 760 Michael
2435 701 2721 760 ludaicutn
2761 707 2979 762 duxisse
3023 709 3296 778 populum,
3353 721 3412 765 ut
3457 728 3556 783 per
3581 730 3750 792 unum

2168 795 2360 849 ducem
2408 793 2572 849 unius
2593 793 2634 827 ⁸⁷
2681 796 2856 866 gentis
2905 811 3164 863 expresse
3207 801 3543 857 nominatum
3584 805 3628 837 “
3659 822 3750 861 ce-

2171 893 2317 940 teros
2345 895 2650 941 ceterarum
2688 886 2932 956 gentium
2959 889 3126 952 duces
3175 891 3334 945 nobis
3356 892 3659 952 insinuaret
3694 904 3718 951 ἕ·
3740 940 3753 958 .

2171 984 2226 1030 et
2251 984 2308 1030 ut
2349 973 2541 1030 falsam
2577 976 2884 1046 opinionem
2917 977 3244 1034 Judaeorum
3292 983 3616 1053 destrueret,
3661 988 3749 1060 qui

2169 1064 2479 1134 opinantur,
2499 1063 2702 1119 nullum
2720 1067 3018 1138 principem
3045 1068 3146 1122 nisi
3175 1072 3346 1140 ipsum
3375 1073 3540 1129 Deum
3559 1076 3756 1131 imme-

2173 1155 2316 1210 diate
2339 1155 2440 1210 sibi
2465 1153 2749 1224 imperare.
2778 1156 3036 1226 Sequitur
3061 1175 3073 1212 :
3105 1160 3291 1229 Aperte
3333 1179 3426 1217 nos
3450 1164 3670 1221 edocens
3683 1169 3754 1226 ³⁵,

2174 1261 2334 1298 unam
2369 1245 2415 1278 ²¹
2462 1261 2573 1298 esse
2623 1247 2856 1302 omnium
2899 1249 3280 1316 providentiam
3329 1254 3375 1283 ³³
3423 1257 3581 1308 simul
3646 1274 3753 1311 σιη-

2175 1334 2329 1390 nibus
2378 1336 2730 1407 inuisibilibus
2798 1347 2848 1391 et
2907 1337 3196 1394 t'isibilibus
3248 1341 3528 1399 uirtutibus
3577 1363 3759 1415 super-

2173 1428 2519 1484 essentialiter
2544 1428 3010 1500 supercollocatam
3032 1433 3101 1484 ⁸³.
3134 1431 3412 1505 Tanquam
3446 1439 3490 1492 si
3521 1437 3721 1494 diceret
3746 1460 3758 1494 :

2174 1519 2468 1591 Propterea
2518 1522 2785 1594 theologia
2811 1525 2859 1556 ιλ
2894 1525 3135 1597 singulos
3161 1529 3494 1598 singularum
3535 1546 3761 1602 genera-

2177 1611 2384 1669 tionutn
2428 1611 2649 1682 angelos
2702 1615 2905 1681 tradit,
2963 1633 3128 1671 unam
3170 1619 3261 1673 uni
3308 1621 3668 1689 distribuens,
3711 1640 3768 1679 nt
3849 1657 3858 1660 -

489 1712 748 1784 puniente
794 1709 906 1764 Deo
961 1725 1084 1764 cum
1139 1707 1262 1763 aliis
1313 1709 1416 1763 diis
1450 1717 1543 1764 aut
1585 1709 1786 1780 angelis
1833 1720 2070 1766 nostram
2101 1721 2147 1780 Β
2175 1712 2362 1773 ape-rte
2390 1720 2493 1761 nos
2516 1705 2763 1772 edoceat,
2793 1723 2954 1762 unam
2977 1708 3026 1742 ³³
3055 1724 3174 1766 esse
3203 1712 3443 1767 omnium
3475 1716 3766 1784 providet»

491 1804 765 1871 ducatum,
800 1810 850 1856 et
899 1799 1070 1855 Israel
1117 1801 1176 1854 in
1221 1802 1388 1870 gentis
1440 1800 1792 1871 principatum
1828 1810 1877 1858 et
1913 1800 2078 1874 gentis

495 1896 744 1962 ducatum
783 1903 1025 1946 contento
1053 1892 1098 1957 ',
1150 1892 1241 1946 sed
1289 1902 1344 1946 ut
1373 1893 1489 1963 ipsa
1529 1894 1740 1964 quidem
1781 1908 1887 1948 una
1922 1892 2079 1949 sintut

492 1985 728 2044 omnium
749 1983 953 2038 excelsa
974 1981 1298 2053 providentia
1328 1999 1504 2038 omnes
1525 1984 1760 2039 homines
1775 1972 2082 2039 salutariter

493 2075 824 2150 prapriorum
866 2069 1175 2142 angelorum
1213 2057 1551 2128 restitueriis
1587 2071 2082 2130 ntanuduetionibas

493 2163 856 2238 iliuribusnte,
890 2161 1006 2218 solo
1049 2161 1159 2232 fere
1199 2162 1226 2194 ⁸
1257 2162 1400 2218 ultra
1453 2180 1633 2218 omnes
1674 2163 1846 2220 Israel
1882 2165 1938 2221 in
1976 2166 2082 2222 aeri

498 2256 711 2314 Domini
736 2255 1178 2312 itlaminationetn
1206 2264 1257 2311 et
1293 2255 1640 2327 cognitionem
1673 2271 1937 2312 conuerso.
1965 2254 2082 2311 Non

499 2349 674 2422 quasi,
720 2349 917 2420 inquit,
966 2348 1265 2420 partiretur
1302 2346 1450 2403 Deus
1482 2363 1606 2404 cum
1634 2346 1820 2404 alteris
1858 2346 1969 2405 diis
1989 2333 2086 2402 aut

503 2446 725 2517 angelis.
768 2445 875 2499 hoc
907 2449 1015 2509 est,
1043 2439 1351 2498 divideret’
1378 2441 1546 2496 inter
1596 2440 1801 2508 alteros
1827 2441 1962 2496 deos
1992 2449 2086 2495 aut

501 2535 719 2608 angelos
745 2543 992 2590 nostrum
1018 2532 1294 2597 ducatum,
1320 2539 1631 2586 ceterarum
1676 2528 1926 2606 uidelicet
1954 2544 2086 2602 gon-

505 2629 660 2689 tium,
681 2642 750 2681 ex
790 2624 989 2694 quibus
1015 2625 1086 2679 ad
1105 2623 1307 2680 cultum
1341 2622 1504 2678 unius
1532 2622 1645 2677 veri
1684 2621 1781 2678 Dei
1808 2635 2084 2688 vocamur,

504 2717 789 2786 imperium
826 2713 892 2780 “,
940 2715 1097 2785 quasi
1147 2720 1435 2768 contentus
1472 2711 1520 2744 “
1543 2712 1613 2768 sit
1660 2711 1779 2769 solo
1809 2708 1977 2768 lsrael
2031 2709 2087 2765 in

501 2806 678 2879 gentis
736 2804 1103 2876 principatum
1153 2802 1441 2873 gentisque
1491 2801 1768 2865 ducatum,
1802 2808 1884 2854 ut
1944 2809 2089 2858 esset

505 2896 758 2967 princeps
807 2893 992 2966 gentis
1033 2901 1089 2948 et
1133 2891 1242 2946 dus
1267 2891 1485 2961 gentis,
1539 2905 1653 2945 non
1692 2888 1948 2961 alicujus,
1984 2891 2088 2947 nisi

506 2988 674 3042 solius
717 2984 998 3045 Judaicae,
1047 2983 1144 3038 sed
1193 2982 1350 3053 quasi
1403 2994 1511 3037 una
1554 2980 1896 3052 providentia
1928 2980 2092 3037 simul

2184 1797 2313 1852 tiam
2338 1837 2359 1862 ,
2400 1812 2544 1868 quae
2585 1796 2745 1853 simul
2784 1801 3036 1856 omnibus
3082 1802 3443 1860 i-nvisihilibus
3468 1807 3766 1864 etvisibili-
3863 1864 3868 1868 .

2181 1889 2286 1943 bus
2311 1889 2608 1946 virtutibus.
2647 1905 2811 1961 super
2852 1907 3069 1948 omnem
3122 1897 3414 1951 essentiam
3445 1899 3774 1968 supercolio-

2183 1989 2359 2036 catur.
2401 1980 2598 2038 Omnes
2633 1994 2810 2037 autem
2851 2000 2943 2054 per
2979 1984 3219 2056 singulas
3245 1999 3418 2057 gentes
3460 1989 3773 2060 imperantes
3813 1979 3817 1983 ’

2184 2069 2396 2141 angelos
2423 2110 2441 2137 ,
2484 2072 2539 2126 in
2571 2073 2742 2141 ipsum
2777 2084 2831 2127 ut
2853 2076 3120 2143 propriam
3146 2077 3457 2150 principium
3484 2096 3769 2152 sequentes,-

2184 2161 2450 2216 voltmtate
2477 2163 2744 2218 essentiali
2768 2182 3000 2236 quasque
3022 2168 3234 2222 virtutes
3255 2173 3571 2227 eatemlere.-
3605 2177 3646 2229 Λ
3679 2192 3772 2231 su-

2183 2254 2487 2324 perioribus
2514 2256 2866 2311 subauditur:
2897 2267 2956 2313 ut
2997 2258 3220 2330 doceret
3262 2278 3362 2317 nos
3396 2253 3587 2321 eadem
3629 2267 3778 2322 theo-

2187 2341 2352 2414 logia,
2396 2345 2539 2413 quod
2587 2359 2778 2400 attines
2816 2347 3145 2418 imperantes
3183 2350 3356 2421 angeli
3399 2369 3498 2422 per
3539 2355 3776 2424 singulas

2187 2442 2379 2504 gentes
2419 2435 2740 2502 extendunt,
2801 2437 2902 2490 huc
2949 2446 3063 2501 est,
3099 2440 3405 2495 subvehunt
3453 2456 3768 2514 sequentes,

2187 2524 2500 2580 obedientes
2538 2524 2745 2580 scilicet
2783 2528 2885 2582 sibi
2921 2527 3193 2584 voluntate
3216 2533 3490 2599 essentia“
3512 2534 3579 2598 ⁸⁸,
3609 2534 3781 2590 libero

2187 2613 2381 2686 plenae
2407 2613 2454 2649 ³⁷
2487 2615 2785 2670 voluntatis
2813 2618 3040 2673 arbitrio
3060 2659 3075 2681 ,
3101 2620 3245 2688 quod
3285 2623 3646 2679 essentialiter
3679 2625 3778 2680 hu-

2191 2706 2371 2762 manis
2419 2707 2692 2764 mentibus
2744 2709 2904 2774 incst,
2958 2725 3203 2782 quasque
3255 2716 3520 2789 virtutes,
3568 2717 3621 2772 id
3673 2730 3782 2784 est,

2191 2811 2544 2870 quascunque
2568 2798 2616 2832 ⁸⁸
2647 2799 2879 2854 virtutes
2915 2802 3220 2858 animorum
3268 2805 3422 2862 libito
3467 2822 3528 2864 se
3553 2824 3776 2878 sequen-

2194 2891 2359 2957 tium,
2392 2893 2444 2946 in
2477 2891 2653 2962 ipsum
2681 2893 2854 2964 Deum
2894 2905 2945 2950 ut
2975 2896 3254 2967 proprium
3283 2899 3636 2970 principium;
3671 2919 3802 2956 tneo'

2195 2983 2302 3050 rito
2327 3020 2347 3046 ,
2392 2983 2520 3053 quia
2553 2983 2820 3041 Dominus
2865 2986 3142 3056 proprium
3184 2995 3241 3043 et
3288 2987 3462 3044 solum
3502 2993 3784 3049 rationalis

506 3075 749 3131 antatium
787 3073 1006 3129 excelsa
1031 3086 1221 3128 omnes
1253 3072 1503 3126 homines
1537 3069 1876 3137 salutariter,
1924 3086 2090 3128 causa
2119 3085 2163 3149 (ς
2193 3081 2482 3129 creaturae
2522 3075 2848 3146 principium
2896 3087 3000 3132 est.
3075 3077 3222 3134 Ordo
3266 3080 3447 3151 itaque
3487 3082 3782 3139 dictionum

507 3165 758 3222 videlicet
809 3164 1052 3219 omnium
1093 3161 1300 3223 salutis.
1354 3161 1705 3218 distribuerat
1738 3162 2092 3219 mstitutoriis

508 3256 568 3317 in
620 3256 829 3314 cultum
881 3255 979 3310 Dei
1031 3253 1577 3318 manuductionibus,
1624 3253 1845 3310 auxiliis
1891 3254 2088 3324 plane,

509 3351 850 3424 propriorum
879 3346 1214 3420 angelorum,
1237 3349 1363 3405 dum
1401 3346 1551 3402 solus
1581 3346 1698 3403 l'ere
1718 3357 1875 3403 extra
1902 3361 2094 3403 onmes

510 3442 758 3500 nationes
783 3441 834 3495 in
871 3439 986 3494 veri
1008 3437 1222 3494 Domini
1248 3437 1427 3493 lucem
1451 3446 1508 3492 et
1533 3438 1896 3510 cognitionem
1926 3437 2095 3494 Israel

513 3546 809 3590 conversus
857 3531 948 3585 sit.
993 3527 1148 3582 Unde
1193 3525 1452 3598 theologia
1496 3527 1705 3598 quidem
1735 3543 1792 3582 se
1831 3528 1875 3563 “
1924 3528 2094 3597 ipsum

425 3622 801 3695 .~‘>-possedisse
829 3617 1094 3676 Israel'in
1132 3634 1245 3675 vero
1276 3617 1372 3674 Dei
1408 3617 1727 3689 famulatum
1765 3618 2090 3690 significans,

514 3713 657 3785 facta
681 3721 760 3770 est
783 3711 957 3785 portio
976 3710 1205 3774 Domini,
1225 3711 1318 3764 ait.
1348 3710 1500 3767 Linde
1517 3709 2094 3781 “,quatnobrem,qua

514 3809 580 3864 de
603 3821 794 3872 causa,
820 3805 1079 3877 quoniam
1113 3803 1261 3860 solus
1285 3801 1404 3858 fere
1448 3802 1617 3860 lsrael
1649 3803 1704 3858 in
1732 3801 2094 3873 cognitionem

513 3911 808 3954 conversus
823 3903 925 3959 est,
943 3893 1213 3965 theologia
1234 3908 1296 3950 se
1317 3893 1515 3964 ipsum,
1534 3893 1816 3948 Dominum
1828 3891 2093 3962 profecto,

512 3987 818 4060 possedisse
869 3984 1037 4040 Israel
1079 3985 1133 4038 in
1180 3982 1499 4039 lattiulatum
1545 3997 1708 4039 suum
1760 3981 2092 4055 signiﬁcans,

517 4077 659 4136 facta
680 4087 768 4133 est
777 4077 957 4150 portio
975 4075 1209 4141 Domini,
1223 4075 1323 4130 ait.
1333 4072 1520 4133 Potest
1535 4075 1701 4130 etiam
1716 4075 2060 4146 interpretari
2080 4093 2093 4128 :

517 4168 715 4229 Factus
760 4179 868 4239 est,
923 4179 986 4226 ut
1025 4168 1380 4225 subaudiatur
1411 4167 1606 4233 lsrael,
1632 4168 1812 4238 portio
1854 4167 2092 4226 Domini.

516 4261 811 4319 Usteadens
864 4271 1039 4318 autent
1100 4268 1148 4315 et
1203 4277 1322 4314 eum
1373 4259 1569 4315 uiritint
1624 4261 1809 4316 ceteris
1861 4260 2098 4330 gentibus

514 4353 843 4412 distribuisse
867 4351 1080 4407 cuidam
1108 4360 1410 4406 sanctorum
1458 4348 1763 4421 angelorum
1805 4350 1860 4404 in
1910 4365 2099 4419 cogno-

2191 3172 2314 3221 est:
2342 3179 2533 3220 omnes
2557 3179 2656 3236 per
2696 3167 2935 3238 singulas
2968 3178 3156 3240 gentes
3199 3171 3530 3240 imperantes
3565 3175 3784 3246 angelos

2191 3263 2481 3326 sequentes
2515 3270 2869 3328 quascunque
2907 3260 3138 3316 virtutes
3185 3262 3461 3319 voluntate
3506 3266 3781 3321 t‘sstmtiali

2193 3347 2248 3402 in
2279 3347 2460 3418 ipsum
2507 3357 2561 3402 et
2603 3349 2882 3420 proprium
2927 3350 3252 3423 principium
3296 3357 3591 3412 extendere
3631 3358 3787 3412 docnt

2196 3437 2486 3510 theologia.
2547 3439 2619 3493 ln'
2649 3441 2754 3495 hac
2801 3458 2905 3495 una
2935 3444 3202 3498 sententia
3247 3446 3532 3501 sanissimo
3559 3458 3616 3501 et
3637 3447 3787 3504 altis-

2193 3529 2331 3584 sima
2354 3531 2586 3584 traditur
2612 3531 2765 3587 nobis
2798 3533 3064 3588 doctrina.
3105 3533 3346 3590 Primum
3371 3537 3588 3607 quidem
3608 3581 3624 3603 ,
3659 3540 3785 3609 quia

2194 3619 2372 3674 sancti
2400 3618 2574 3690 angeli
2603 3621 2772 3674 nostri
2806 3621 3083 3690 praesules
3121 3633 3275 3689 sunt,
3307 3632 3364 3680 et
3400 3641 3508 3682 nou
3527 3625 3688 3681 aliam
3715 3635 3784 3683 ob

2195 3725 2413 3765 causam
2458 3711 2728 3780 imperant
2777 3712 2970 3777 nobis,
3015 3713 3116 3768 nisi
3167 3722 3226 3767 ut
3272 3730 3369 3768 nos
3409 3725 3664 3772 revocent
3693 3734 3788 3772 no-

2195 3799 2326 3855 stris
2361 3797 2406 3832 ⁸⁵
2430 3800 2705 3855 erroribus
2751 3811 2809 3856 et
2853 3789 3178 3872 ignominiis
3237 3803 3293 3858 in
3345 3804 3505 3860 unius
3542 3806 3787 3862 omnium

2194 3887 2448 3960 principii
2486 3895 2541 3944 et
2584 3904 2785 3946 causae
2832 3891 3231 3963 cognitionem,
3284 3907 3426 3963 quae
3459 3894 3572 3950 sola
3603 3905 3786 3952 nostra

2197 3975 2343 4034 salus
2369 3987 2454 4036 est
2473 3989 2526 4034 et
2551 3979 2599 4010 '°
2628 3980 2877 4053 purgatio
2897 3991 2953 4034 et
2979 3979 3304 4039 illuminatio
3343 3993 3399 4039 et
3425 3983 3686 4055 perfectio
3733 3997 3790 4042 et

2165 4085 2408 4124 summa
2451 4070 2730 4127 beatitudo
2772 4078 2830 4127 et
2877 4071 3169 4127 deiﬁcatio.
3223 4073 3298 4130 Et
3318 4076 3462 4145 quod
3496 4091 3659 4137 uento
3685 4091 3786 4130 no-

2197 4169 2370 4215 strum
2413 4160 2614 4216 invitus
2653 4161 2951 4228 reducitur,
2984 4178 3055 4219 ne
3091 4164 3356 4221 naturalis
3379 4165 3550 4236 gloria
3575 4169 3789 4223 divinae
3853 4236 3859 4240 _

2199 4254 2490 4326 imaginis,
2547 4268 2687 4324 quae
2729 4255 2966 4319 maxime
3009 4255 3064 4310 in
3105 4257 3357 4313 libertate
3396 4260 3607 4315 arbitrii
3633 4261 3790 4319 nobis

2198 4341 2322 4398 data
2345 4351 2454 4409 est,
2505 4343 2847 4399 decoloratur
2871 4343 2940 4410 ³⁸,
2968 4347 3063 4402 sed
3093 4347 3512 4420 uniuscujusque
3542 4363 3789 4409 nostrum

514 4446 764 4503 scendum
785 4459 881 4514 per
912 4459 1033 4499 eum
1065 4457 1227 4496 suum
1249 4443 1481 4502 omnium
1503 4441 1846 4514 principium,
1869 4440 2095 4496 Michael
2128 4443 2172 4503 ί)
2202 4434 2448 4490 interiori
2475 4435 2660 4490 virtuti
2694 4436 2887 4492 electio
2915 4441 3075 4494 datur
3097 4450 3155 4495 et
3185 4440 3408 4498 libertas
3439 4453 3494 4497 et
3519 4445 3799 4513 possibili--

515 4537 648 4592 dixit
688 4536 977 4592 Iudaicum
1021 4533 1234 4589 desisse
1273 4533 1542 4614 populum.
1577 4529 1650 4588 Ut
1674 4531 1720 4565 “
1760 4532 2094 4596 ostenderet,

507 4625 688 4699 inquit
728 4625 795 4693 ⁸⁸,
835 4623 1011 4698 ipsum
1050 4623 1337 4678 Dominum
1366 4622 1706 4678 distribuisse
1727 4623 1941 4679 cuidam
1972 4637 2098 4679 san-

2205 4527 2574 4590 t.ts_redeundi
2622 4527 2678 4582 in
2724 4543 2887 4593 eum,
2934 4529 3002 4586 ad
3028 4531 3181 4602 cujus
3209 4532 3496 4601 imaginem
3530 4535 3657 4592 laeti
3696 4552 3791 4592 su»

2206 4636 2345 4682 ntus,
2370 4621 2500 4675 etin
2531 4621 2648 4691 ipso
2673 4620 2958 4677 deilicandi
2989 4623 3036 4655 ³³
3061 4633 3117 4679 et
3140 4624 3510 4694 beatiﬁcandi,
3549 4627 3668 4700 ipso
3694 4645 3790 4698 per

1830 4750 2085 4809 νΑιιιΑε
2123 4751 2523 4807 LECTIONES.

549 4931 554 4936 ι
594 4904 603 4930 ¹
674 4893 767 4949 Sic
815 4908 913 4964 pro
953 4910 1190 4949 suorum.
1290 4895 1313 4926 ²
1364 4911 1421 4950 se
1457 4909 1567 4950 om.
1610 4892 1673 4948 Β.

529 5037 772 5092 dividere.
847 5034 892 5105 ξ’
925 5033 988 5088 Β⁶
1035 5036 1215 5090 adscr.
1263 5047 1310 5089 et
1367 5035 1672 5105 imperium.

522 5114 812 5177 opulentus.
841 5104 882 5177 Ω
930 5108 1083 5177 quasi
1103 5104 1455 5177 gotttemptus.

524 5172 689 5249 inquit
738 5177 778 5230 Β
837 5172 953 5249 ἕρμ’
1018 5174 1064 5208 ⁸⁸
1099 5172 1166 5228 B‘
1221 5172 1395 5245 marg,
1433 5172 1682 5230 ,adsch:

523 5247 778 5337 quantque
802 5247 1082 5390 uiiicmgue
1121 5267 1197 5320 uel
1227 5267 1434 5349 singula
1466 5267 1708 5337 singulis.

527 5345 579 5389 et
615 5339 735 5390 rati.
771 5349 920 5390 corr.
1009 5341 1048 5390 '.
1095 5336 1186 5390 AB
1222 5348 1530 5390 msmueret.
1629 5339 1673 5370 ³⁸

527 5345 579 5389 et
615 5336 735 5390 rati.
771 5349 920 5392 corr.
964 5336 1048 5400 θ’,
1095 5336 1186 5392 AB
1222 5336 1530 5391 insinueret.

549 4931 554 4936 ~
594 4904 603 4930 ¹
674 4893 767 4949 Sic
815 4908 913 4964 pro
953 4910 1190 4949 suorum.
1290 4895 1313 4926 ²
1364 4911 1421 4950 se
1457 4909 1567 4950 om.
1610 4893 1673 4948 Β.
1774 4893 1800 4926 ³
1847 4893 1912 4948 B‘
1971 4895 2151 4950 adscr.
2205 4907 2297 4950 est.
2400 4895 2421 4928 ⁴
2456 4896 2553 4952 Sic
2597 4895 2670 4958 C,
2716 4896 2806 4949 AB
2847 4913 2912 4961 su

527 4964 555 5019 ⁵,
579 4965 670 5022 Sir
692 4967 733 5020 υ
756 4975 813 5020 et
835 4980 979 5018 corr.
1005 4964 1092 5030 B‘,
1125 4965 1213 5019 AB
1244 4964 1428 5019 saluti.
1502 4965 1522 5006 ¹
1549 4965 1590 5019 Β
1642 4976 1958 5033 contempto,
1998 4966 2062 5020 B‘
2115 4981 2260 5020 corr.
2311 4976 2569 5021 contento.
2646 4967 2668 4998 ⁸
2703 4968 2748 5020 A
2777 4983 2912 5020 uere.

1789 5037 1830 5067 “
1869 5035 2025 5092 Carr.
2092 5038 2152 5090 Β·
2175 5053 2190 5100 ;

1568 5103 1614 5140 ⁸⁸
1638 5104 1854 5188 quidem
1903 5121 2013 5186 orn.
2037 5105 2219 5188 Ense
2247 5103 2366 5188 om.
2409 5103 2521 5162 AB.

1816 5268 1862 5339 ιζ
1889 5266 1952 5320 Β·
1985 5283 2148 5339 supra
2182 5268 2359 5339 adscr.
2392 5267 2649 5339 cturnus.

1629 5339 1673 5370 ³⁸
1708 5335 1798 5392 Sic
1825 5337 1867 5393 C
1898 5348 1954 5392 et
1991 5335 2110 5393 rad.
2142 5353 2284 5392 corr.
2309 5337 2394 5400 B',
2427 5337 2516 5391 AB
2561 5338 2827 5391 reducens.

3389 4898 3411 4928 ⁸
3428 4897 3519 4952 'AC
3565 4900 3787 4955 iactam.-

3015 4967 3038 5001 ’
3074 4967 3166 5020 Sic
3216 4967 3257 5022 Ο
3297 4974 3352 5020 et
3382 4984 3525 5024 corr.
3577 4968 3658 5034 B‘,
3696 4973 3786 5024 Ali

2247 5052 2348 5106 pro
2397 5037 2550 5110 quosi
2611 5047 2882 5110 contentus
2930 5036 2970 5110 A
3007 5053 3158 5110 quae
3188 5049 3529 5110 contemptus,
3563 5037 3610 5092 Β
3653 5059 3784 5110 quas

2625 5106 2670 5138 ³³
2707 5106 2816 5162 Pro
2855 5108 2994 5163 unde
3027 5109 3069 5160 A
3115 5109 3247 5160 vide.
3325 5105 3369 5140 υ
3393 5105 3448 5162 Ε
3478 5120 3526 5162 et
3603 5105 3789 5168 "'Pro

2400 4895 2421 4928 ⁸
2456 4896 2553 4952 Sic
2597 4895 2670 4968 C,
2716 4896 2806 4949 AB
2847 4895 3268 4968 superbiamque.

1725 5179 1764 5230 i.
1813 5193 1860 5229 e.
1910 5175 2217 5246 singillatim
2260 5177 2336 5232 uel
2390 5189 2449 5230 ut
2509 5179 2804 5244 expressius
2860 5178 3072 5231 dicatur
3131 5193 3293 5231 unam
3341 5179 3434 5232 ιιιιὲ
3504 5179 3580 5233 rel
3625 5198 3786 5235 unam

2764 5267 2809 5298 ¹⁸
2844 5264 2934 5320 Sic
2966 5265 3028 5328 C,
3064 5267 3155 5320 AB
3193 5267 3471 5320 minatum.
3549 5270 3594 5302 ⁸³
3631 5268 3786 5328 SicC

2924 5335 2970 5368 ⁷³⁸
3009 5338 3050 5389 A
3078 5352 3256 5389 unum.
3356 5337 3400 5368 ”
3438 5338 3528 5390 AB
3549 5353 3640 5392 un.
3677 5357 3788 5394 esse

527 5405 751 5460 omnium
816 5423 927 5464 esse
961 5407 1358 5478 prouidentiam.
1434 5407 1480 5439 "
1501 5407 1657 5462 Carr.
1689 5406 1775 5470 B',
1829 5408 1919 5463 AB
1946 5408 2436 5479 supercollocatum.
2511 5408 2557 5440 "
2585 5407 2676 5462 Sic
2704 5408 2764 5470 C,
2799 5409 2844 5460 A
2874 5407 2943 5494 ad
2975 5406 3285 5493 theologiam
3309 5405 3351 5459 B
3379 5408 3446 5493 ad
3471 5410 3781 5479 ιΙιεοιοθιαρι

529 5494 733 5568 (punct.
755 5497 865 5553 adi.
895 5498 1000 5570 B').
1075 5498 1190 5555 “A
1219 5515 1341 5554 una.
1417 5499 1464 5534 ⁸⁸
1495 5500 1537 5554 Β
1562 5499 2006 5590 ξξιρςινεεεεηιὲαιὲ.
2085 5500 2130 5532 ³⁷
2160 5497 2224 5561 C,
2247 5508 2302 5552 et
2327 5513 2469 5552 corr.
2505 5497 2562 5552 Β·
2592 5497 2768 5566 plane.
2845 5499 2890 5531 ³⁸
2916 5498 2977 5550 B‘
3011 5511 3180 5568 marg.
3216 5500 3394 5554 adscr.
3431 5499 3503 5552 uel
3524 5499 3775 5568 singulas.

532 5585 854 5670 t’ﬁBisuper
881 5589 1058 5670 adscr.
1087 5606 1119 5645 α
1149 5591 1368 5646 nostris.
1448 5593 1492 5624 ”
1522 5585 1682 5649 corr.
1706 5591 1794 5656 θ’,
1822 5589 1911 5645 AB
1942 5603 2030 5660 ut;
2057 5601 2107 5647 et
2135 5607 2244 5646 om.
2262 5591 2306 5646 (Σ.
2377 5589 2419 5620 ³³
2449 5589 2540 5643 Sic
2574 5591 2683 5654 AC,
2720 5587 2762 5643 Β
2788 5588 3127 5644 decoleretnr.
3204 5587 3250 5621 ³³
3277 5588 3367 5645 Sic
3393 5590 3434 5644 C
3459 5599 3514 5645 ct
3533 5605 3672 5644 corr.
3702 5592 3788 5651 ll‘.

533 5655 618 5714 ΔΒ
643 5655 959 5728 deiﬁciendi.
