4238 6070
398 256 406 261 .
436 177 438 179 ’
482 198 587 259 279
632 257 639 262 ,
1847 183 2076 270 insuti;

2174 199 2391 269 scon‘
2708 177 2713 179 ’
3508 216 3511 219 ’
3636 230 3746 292 sev

458 313 781 384 .turbontar,
809 315 1251 417 quemadmodum
1271 331 1319 378 et
1349 337 1486 378 nunc
1516 316 1589 378 ad
1614 320 2071 396 cnl.'giaem,quae
2091 333 2136 392 Α
2168 323 2399 390 Quaeris
2436 329 2479 360 ι’
2518 334 2705 386 autem
2747 332 3029 402 fortassis,
3081 354 3218 408 quae
3270 341 3344 397 sit
3390 345 3546 411 ratio,
3577 362 3746 417 quare

474 411 552 451 est
589 418 750 477 super
772 419 990 465 mentem
1016 409 1058 478 ⁸,
1093 412 1438 481 introeuntes,
1467 429 1571 469 non
1594 429 1892 471 sermonum
1910 414 2074 493 ιη’ευὶ-
2173 417 2472 488 positiones
2495 420 2781 490 incipimus
2804 424 3218 497 adignioribus,
3266 441 3322 487 et
3350 433 3468 490 abla
3479 409 3650 493 tiones
3676 438 3746 493 ab

477 497 663 557 tatem,
684 494 775 549 sed
795 495 1307 558 irrationabilitatem
1321 502 1601 574 perfectam
1659 514 1709 558 et
1760 504 2066 576 impruden-

477 582 610 637 tiam
639 584 663 617 ⁸
714 577 1032 646 inveniemus
1061 591 1107 646 ³.
1154 591 1222 647 Et
1276 593 1349 648 ibi
1389 594 1598 665 quidem
1649 612 1683 650 a
1720 583 2071 668 super-raritati

474 686 713 733 extrema
771 682 1084 739 descendens
1153 702 1324 743 sermo
1383 687 1671 742 secundum
1723 686 2071 760 quantitatem

412 815 419 822 .
479 770 879 828 descensus—ad
909 773 1256 846 portionalem
1291 776 1618 835 dilatabatur
1648 776 2068 844 multitudinem;

479 874 623 914 nunc
652 872 827 917 autem
867 864 932 918 ab
980 864 1321 933 inferioribus
1344 867 1415 923 ad
1450 883 1745 938 supremum
1788 866 2072 923 ascendens

476 952 768 1006 secundum
796 970 1095 1010 mensuram
1118 958 1438 1012 ascensionis
1478 955 1830 1023 contrahitur,
1876 968 1923 1013 et
1953 967 2068 1029 post

476 1055 683 1095 omnem
714 1047 1067 1101 ascensionem
1097 1057 1236 1103 totus
1256 1049 1373 1104 sine
1398 1064 1519 1105 rore
1538 1051 1656 1114 erit,
1678 1060 1726 1104 et
1754 1062 1895 1103 totus
1922 1050 2071 1105 unie-

478 1144 570 1187 tur
602 1132 628 1167 ⁸
672 1134 948 1205 ineffabili.
1008 1137 1150 1193 Dicis
1198 1150 1370 1197 autem
1393 1178 1410 1208 ,
1443 1156 1608 1212 quare
1636 1137 1880 1194 letaliter
1900 1141 2070 1208 primo

427 1234 443 1243 ‘
477 1239 721 1295 ponentes
758 1228 783 1263 ⁸
816 1231 1024 1285 divinas
1052 1230 1380 1306 positiones,
1408 1236 1473 1287 ab
1522 1231 1717 1287 ultimis
1763 1233 2068 1289 inchoanus

478 1316 710 1373 diuinam
741 1309 1056 1377 ablutionem
1074 1324 1100 1378 l’
1129 1324 1393 1390 Quoniam
1415 1327 1557 1397 quod
1581 1337 1658 1380 est
1679 1343 1839 1392 super
1863 1342 2067 1382 onmem

475 1409 786 1477 positionem
810 1424 1079 1482 ponentes,
1110 1430 1143 1469 a
1172 1416 1340 1485 magis
1387 1416 1488 1487 ipsi
1516 1427 1748 1487 cognato
1781 1418 2067 1487 suppositi-

477 1520 601 1561 ttom
636 1504 1033 1576 cﬂirmutionem
1080 1508 1347 1576 oportebat
1401 1526 1631 1579 ponere;
1683 1509 1816 1564 illud
1868 1519 2062 1586 autem.

474 1593 616 1666 quod
636 1606 889 1665 est‘suprr
900 1610 1102 1650 omnem
1134 1596 1449 1687 oblationem
1474 1596 1516 1659 ‘,
1530 1615 1609 1652 .nu
1615 1598 1837 1668 ferentes
1852 1616 1884 1653 lt
1900 1599 2066 1676 magis

477 1686 794 1747 distantibus
816 1687 882 1743 ab
905 1688 1015 1760 ipso
1031 1684 1511 1762 anferre.'Aut"iton
1528 1694 1694 1763 magis
1719 1694 1824 1748 vita
1846 1704 1893 1748 et
1920 1691 2067 1749 boni.
2095 1684 2138 1744 ιι

476 1790 581 1841 tas,
624 1794 781 1851 quam
826 1794 919 1833 aer
951 1788 1008 1843 et,
1049 1779 1205 1852 lapis,
1231 1798 1335 1837 non
1379 1795 1453 1837 est
1489 1784 1708 1855 crapula
1750 1794 1798 1839 et
1854 1794 2060 1840 nonest

471 1865 708 1929 insania,
736 1886 893 1938 unum
924 1886 1028 1926 non
1049 1871 1245 1926 dicitur
1262 1883 1309 1927 et
1334 1889 1439 1930 non
1462 1873 1809 1946 intelligitur?

1162 1997 1356 2040 CLOSSA
1366 2025 1380 2039 .

488 2114 494 2121 ’
550 2093 753 2151 Sensus
778 2094 901 2150 talis
929 2106 1005 2151 est
1034 2111 1055 2153 :
1087 2096 1200 2169 ligo
1248 2103 1410 2168 pnl‘o,
1453 2099 1598 2170 quod
1638 2107 1715 2159 tu.
1755 2089 2060 2166 TimOtbec,

474 2187 652 2247 oculis
700 2187 897 2244 mentis
953 2191 1314 2260 perspexeris,
1379 2192 1522 2263 quod
1582 2201 1846 2252 tractatus
1891 2195 2061 2251 nostri

475 2280 651 2335 ultimi
685 2281 806 2352 plus
857 2280 1130 2361 abundant
1177 2283 1231 2338 iu
1281 2283 1481 2344 verbis.
1520 2301 1682 2355 quam
1711 2285 1895 2357 primi.
1925 2287 2059 2342 Erat

479 2372 627 2426 enim
671 2360 1104 2444 uec-osse,quod
1133 2375 1269 2431 iiber
1296 2374 1363 2432 de
1390 2375 1590 2432 divinis
1632 2376 2059 2444 characteribus,

476 2460 560 2515 vel
615 2454 992 2532 personalibus
1037 2465 1498 2529 distinctionibus,
1533 2465 1656 2539 [etl
1686 2467 1710 2499 '
1749 2469 1817 2523 de
1864 2466 2063 2522 divinis

475 2552 789 2609 nominibus
817 2555 997 2612 minus
1031 2564 1161 2612 sunt
1185 2555 1208 2590 ⁸
1244 2556 1296 2612 in
1316 2556 1505 2613 verbis
1526 2555 1866 2630 prolixiores,
1897 2572 2059 2628 quam

472 2630 680 2699 l’uerint
706 2646 1034 2719 symbolicae
1067 2647 1367 2719 tlte010giae
1393 2658 1676 2706 tractatus.
1709 2649 1768 2706 Et
1795 2650 1934 2705 ratio
1954 2648 2059 2705 ista

472 2741 590 2800 est,
620 2737 898 2808 quoniam,
930 2746 1137 2809 quanto
1181 2740 1427 2803 materia,
1477 2741 1544 2795 de
1601 2730 1707 2811 qua
1738 2741 1937 2813 agitur,
1975 2751 2063 2799 cst

475 2823 645 2882 altior
672 2836 729 2884 et
753 2842 785 2883 a
814 2842 977 2884 sensu
1009 2830 1286 2896 remotior,
1312 2839 1403 2888 aut
1432 2830 1502 2886 ab
1529 2830 1911 2901 imaginatione
1938 2833 2057 2886 lon-

470 2918 747 2990 ginquior,
778 2928 929 2976 tanto
955 2921 1135 2976 minus
1154 2930 1242 2979 est
1264 2906 1540 2979 utendum
1568 2923 1752 2980 verbis
1793 2924 2060 2980 sensibili-

2172 506 2541 567 inl‘erioribus.
2577 511 2744 585 Cujus
2780 516 2857 571 rei
2898 518 3038 574 ratio
3076 521 3198 577 talis
3224 526 3507 597 estquia,
3529 532 3747 599 quando

2173 601 2428 659 volumus
2445 618 2544 675 per
2568 608 2890 677 positionem
2914 609 3104 678 Deum,
3136 614 3226 686 qui
3245 626 3329 672 est
3346 632 3509 689 super
3526 633 3744 678 omnem

2168 700 2519 771 positionem,
2549 702 2853 777 designare,
2874 709 3140 770 convenit,
3169 721 3228 765 ut
3275 713 3388 782 ipsa
3419 714 3663 785 digniora
3688 723 3751 775 et

2171 791 2345 862 magis
2372 789 2422 846 ei
2446 786 2744 864 propinqua
2783 797 3136 867 principalius
3156 798 3516 860 attribuamus
3537 805 3744 877 eidem;

2169 886 2384 953 quando
2414 901 2543 941 vero
2568 887 2815 946 volumus
2841 890 3013 961 ipsum
3042 894 3327 967 designare
3368 914 3471 971 per
3514 898 3749 959 ablatio-

2154 988 2314 1037 ‘nem,
2345 977 2551 1046 pariter
2574 976 2620 1010 ι’
2649 981 2924 1044 convenit,
2973 981 3100 1038 illud
3145 986 3215 1041 ab
3240 1001 3306 1042 eo
3344 988 3581 1057 auferre,
3602 994 3748 1063 quod

2166 1067 2342 1137 uiagis
2382 1066 2452 1120 ub
2495 1069 2612 1137 ipso
2661 1070 2867 1128 distare
2914 1073 3148 1134 videtur.
3190 1077 3353 1136 Verbi
3388 1082 3585 1152 gratia,
3612 1099 3749 1140 con-

2167 1157 2448 1225 grueutius
2483 1167 2534 1213 et
2564 1161 2921 1233 propinquius
2948 1167 3265 1225 attribuitur
3289 1170 3342 1226 ei
3368 1173 3474 1229 vita
3513 1183 3571 1230 et
3594 1174 3744 1231 boui-
3781 1194 3786 1199 ·

2168 1254 2274 1312 tas,
2295 1252 2459 1318 quam
2506 1267 2601 1307 aer
2620 1253 2703 1309 vel
2751 1254 2910 1327 lapis.
2953 1254 3217 1317 Similiter
3254 1261 3327 1319 ab
3351 1278 3419 1320 eo
3447 1265 3755 1327 evidentius

2161 1347 2482 1419 removetur
2505 1342 2727 1413 crapula
2751 1343 2839 1401 vel
2868 1344 3102 1417 insania,
3144 1364 3308 1422 quam
3335 1352 3537 1411 dicitur
3561 1354 3645 1413 vel
3667 1354 3755 1415 iu-

2167 1428 2441 1500 telligitur.
2508 1468 2511 1473 -
2644 1450 2647 1453 ν
3263 1438 3267 1443 “

2698 1563 3096 1699 centrum:
3132 1610 3222 1669 tv.

2167 1752 2324 1819 Quod
2347 1753 2481 1808 nihil
2504 1764 2581 1810 est
2617 1759 2943 1840 sensibilium
2965 1727 3430 1840 omnissensibiiis
3575 1771 3752 1827 mel-

2709 1830 2924 1895 lcntiant
2952 1835 3203 1892 causalis.

2689 1978 2975 2023 nmsmo
3010 1982 3216 2024 τιτυιι.

2239 2107 2404 2174 Deus,
2435 2111 2530 2182 qui
2556 2119 2640 2167 est
2669 2126 2834 2168 causa
2865 2112 3236 2184 causalissima
3261 2115 3523 2183 omnium,
3557 2119 3752 2176 merito

2168 2200 2367 2257 dicitur
2390 2202 2522 2257 nihil
2551 2218 2677 2259 esse
2708 2204 3081 2277 sensibilium,
3105 2206 3219 2263 sive
3242 2209 3482 2265 activum
3504 2210 3611 2276 sit,
3638 2212 3751 2267 sive

2166 2292 2464 2364 passivum.
2490 2292 2563 2350 Et
2578 2294 2700 2350 idco
2723 2286 2915 2353 beatus
2938 2297 3240 2368 Dionysius.
3256 2299 3543 2356 ostendere
3564 2299 3755 2358 volens
3776 2304 3793 2308 ”

2166 2384 2541 2441 excellentiam
2572 2385 2732 2459 bujus
2756 2402 2981 2453 mulsae,
3027 2390 3251 2460 quaevis
3289 2391 3359 2447 ab
3394 2406 3463 2447 eo
3507 2404 3752 2450 removet

2088 2534 2095 2539 ,
2168 2475 2483 2553 remotiora,
2513 2485 2573 2532 ut
2597 2487 2683 2535 est
2698 2494 2716 2507 ἠ
2731 2494 2839 2535 non
2868 2480 3208 2550 substantia,
3236 2489 3348 2537 tum
3389 2492 3449 2539 ut
3486 2499 3594 2539 non
3631 2498 3747 2547 eus,

2168 2587 2275 2628 non
2301 2573 2522 2639 vivens,
2562 2556 2821 2644 ut‘lapis,
2862 2588 2970 2629 non
3015 2574 3316 2642 rationale,
3361 2584 3424 2632 ut
3466 2565 3650 2649 pecus.
3682 2575 3752 2632 Et

2167 2663 2516 2720 nominantur
2561 2663 2653 2721 hic
2704 2673 2815 2720 tres
2857 2664 3056 2739 gradus
3100 2664 3387 2723 inferiores
3430 2679 3749 2734 creaturae,

2164 2769 2303 2826 quos
2330 2764 2592 2820 removet,
2621 2754 2873 2812 videlicet
2899 2771 3088 2812 eorum
3111 2772 3253 2828 quae
3276 2765 3426 2824 sunt,
3450 2764 3507 2814 et
3529 2758 3755 2825 vivunt,

2166 2854 2351 2920 etnon
2375 2846 2646 2914 sentiunt;
2677 2847 2808 2903 item
2829 2862 3018 2903 eorum
3038 2844 3105 2917 “,
3127 2863 3270 2919 quae
3289 2848 3497 2916 vivunt,
3524 2849 3618 2906 sed
3642 2864 3746 2906 non

2168 2938 2528 3005 rationantur,
2555 2954 2657 2995 nec
2682 2939 3019 3011 intelligunt;
3053 2950 3327 3012 postremo
3354 2953 3596 2999 removet
3631 2958 3750 2998 om-

476 3009 601 3076 bus,
630 3016 686 3066 et
720 3010 892 3082 stragis
920 3004 1259 3070 exercendus
1299 3022 1385 3071 est
1430 3014 1622 3105 oculus
1663 3014 2135 3104 intellectualishc
2168 3027 2275 3089 nia,
2304 3044 2444 3100 quae
2467 3038 2693 3103 possunt
2719 3004 2933 3103 corpori
2962 3004 3324 3089 vel-sensibus
3351 3033 3651 3102 subiacere.

473 3107 701 3172 propter
725 3100 871 3172 quod
915 3101 971 3158 in
1026 3104 1300 3174 praesenti
1340 3105 1502 3171 libro,
1529 3100 1620 3163 ubi
1675 3106 1738 3162 ﬁt
1763 3108 2060 3164 mentiode

474 3189 660 3246 divina
712 3191 974 3264 caligine,
1026 3191 1081 3249 id
1126 3205 1214 3252 est
1262 3196 1332 3254 de
1377 3197 2058 3268 incomprehensiltilitate.

474 3284 621 3351 quae
643 3284 859 3339 excedit
883 3299 1102 3343 onmem
1146 3295 1384 3343 mentem
1413 3296 1523 3343 tam
1539 3288 1871 3360 angelicam,
1897 3305 2061 3361 quam

478 3375 796 3445 humanam,
823 3377 910 3433 vel
932 3393 1073 3451 quae
1096 3387 1182 3436 est
1207 3394 1372 3453 super
1418 3380 1571 3437 verbi
1597 3381 1930 3439 intellectum
1963 3396 2062 3439 vo-

447 3468 742 3538 calem),
790 3485 901 3527 non
931 3471 1104 3528 solum
1150 3471 1458 3529 invenimus
1487 3473 1776 3533 verborum
1827 3474 2065 3531 brevita-

478 3572 610 3627 tem.
641 3564 738 3620 sed
759 3562 1561 3636 perlectumjncomparabilem
1581 3581 1862 3623 excessum
1891 3562 2061 3624 ratio-

477 3654 566 3712 nis
588 3656 656 3711 ad
677 3655 1132 3729 investigandum,
1156 3666 1211 3713 et
1230 3657 1552 3728 prudentiae
1572 3658 1643 3715 ad
1661 3658 1821 3741 digne
1840 3657 2064 3731 loquen-

473 3747 627 3806 dum.
652 3746 711 3804 In
743 3748 1037 3819 praedictis
1063 3745 1229 3805 etiam
1256 3747 1412 3806 libris
1437 3757 1703 3806 tractatus
1744 3765 1777 3805 a
1817 3749 2064 3821 superio-
2112 3746 2115 3749 ’

477 3836 630 3894 ribus
672 3837 742 3894 ad
774 3836 1059 3896 inferiores
1080 3839 1436 3906 descendens,
1478 3840 1777 3896 secundum
1804 3840 2061 3912 majorem

475 3926 565 3984 vel
615 3928 883 3985 minorem
927 3928 1298 4001 prolixitatem
1332 3940 1405 3992 et.
1449 3940 1655 4002 quanto
1696 3934 2065 3995 tractabamns

474 4017 777 4086 inferiora,
815 4027 873 4078 et
921 4021 1176 4103 sensibus
1229 4022 1646 4105 propiuquiora,
1690 4032 1842 4085 tanto
1888 4025 2063 4097 magis

474 4108 721 4183 abundat
781 4110 1072 4167 verborum
1150 4112 1309 4182 copia
1381 4113 1805 4184 proportionali;
1869 4114 2062 4191 eodem

474 4212 757 4262 πωπω..
788 4200 834 4235 ⁸⁸
865 4211 1047 4259 autem
1074 4194 1341 4260 tractatus
1387 4204 1459 4261 ab
1506 4203 1855 4261 inferioribus
1878 4205 1945 4262 ad
1973 4221 2066 4262 su-

476 4289 695 4362 periura
743 4292 1114 4351 conscendens
1169 4295 1468 4352 secundum
1518 4309 1832 4352 mensuram
1873 4288 2064 4353 ascen-

476 4379 650 4459 Bionis
680 4383 1053 4450 contrahitur,
1082 4384 1136 4440 id
1163 4392 1251 4441 est
1289 4392 1583 4448 coartatur.
1612 4383 1749 4442 Cum
1789 4397 1970 4442 autem
1993 4386 2060 4442 ad
2089 4390 2141 4450 D

478 4475 676 4545 tuentis
703 4474 986 4533 excessum
1015 4488 1333 4549 perventum
1364 4477 1486 4545 fuit,
1525 4487 1654 4534 tunc
1679 4478 1860 4535 delicit
1886 4478 2065 4536 onmis

476 4578 659 4621 sermo
706 4575 815 4645 tam
860 4568 974 4624 oris
1014 4582 1177 4643 quam
1228 4572 1428 4628 mentis
1452 4613 1468 4638 ,
1504 4573 1633 4643 quia
1680 4586 1843 4629 verus
1886 4587 2066 4628 sermo

459 4646 676 4716 mentis
713 4658 1039 4717 iueli'abilem
1085 4661 1256 4717 Deum
1305 4680 1412 4719 non
1451 4663 1712 4735 loquitur,
1761 4679 1860 4719 nec
1896 4673 2066 4721 restat

477 4748 683 4813 menti,
715 4748 819 4805 uisi
867 4760 926 4807 ut
972 4761 1084 4807 tota
1124 4762 1181 4809 et
1210 4754 1449 4809 letaliter
1476 4756 1519 4788 “
1553 4754 1807 4811 ineffabili
1841 4757 2062 4810 conuiu-

478 4846 589 4892 tur.
623 4836 758 4896 Cum
786 4841 931 4897 enim
990 4842 1131 4899 inter
1189 4843 1362 4900 Deum
1415 4854 1474 4900 et
1531 4855 1764 4902 inetitem
1814 4845 1948 4902 nihil
1994 4845 2067 4901 sit

479 4929 751 5001 medium,
801 4944 1086 5007 postquam
1114 4935 1256 4994 facta
1287 4950 1372 4994 est
1400 4953 1432 4992 a
1465 4938 1574 5010 Deo
1601 4939 1842 4994 onmium
1881 4953 2060 4995 remo-

480 5021 574 5088 tio,
613 5039 722 5081 non
756 5034 929 5083 restat
967 5027 1071 5083 nisi
1108 5027 1175 5083 ad
1208 5042 1381 5097 ipsum
1414 5029 1825 5095 supermentalis
1852 5029 2043 5105 unitio.

2835 3182 3069 3237 taurus.

2233 3300 2471 3359 Dicimus
2490 3319 2637 3375 ergo,
2653 3303 2792 3374 quod
2808 3304 3041 3359 omnium
3054 3319 3237 3366 causa,
3251 3313 3301 3359 et
3326 3301 3484 3376 super
3507 3302 3551 3336 “'
3571 3320 3748 3359 omnia

2163 3391 2419 3461 existens,
2447 3411 2541 3451 nec
2580 3395 2695 3453 sine
2734 3394 3026 3451 substantia
3063 3405 3173 3459 est,
3206 3410 3301 3451 nec
3327 3396 3439 3452 sine
3477 3397 3613 3462 vita,
3656 3411 3750 3450 nec

2163 3485 2279 3541 sine
2300 3485 2525 3552 ratione,
2546 3500 2637 3539 nec
2659 3484 2771 3540 sine
2791 3494 2978 3547 mente,
3001 3500 3093 3539 nec
3117 3500 3307 3557 corpus
3325 3495 3422 3549 est,
3439 3502 3532 3541 nec
3549 3484 3747 3558 ﬁgura,
3845 3477 3851 3485 ’

2166 3595 2260 3634 nec
2300 3577 2566 3650 formant,
2613 3592 2707 3632 nec
2749 3576 3088 3648 qualitatem,
3118 3593 3210 3631 nec
3234 3577 3611 3645 quantitatem,
3656 3587 3748 3630 aut

2164 3669 2373 3743 pondus
2404 3667 2582 3735 liabet,
2609 3684 2775 3739 neque
2796 3668 2852 3722 in
2876 3665 2990 3722 loco
3006 3676 3083 3723 est
3103 3709 3121 3734 ,
3145 3683 3239 3722 nec
3265 3668 3499 3733 videtur,
3527 3685 3622 3723 nec
3662 3677 3750 3722 ta—

2163 3768 2306 3814 ctum
2329 3755 2623 3813 sensibilem
2659 3757 2835 3823 habet,
2864 3772 2960 3811 nec
2984 3756 3226 3822 sentitur,
3250 3772 3345 3812 nec
3362 3755 3603 3812 sensibile
3637 3767 3714 3811 est
3730 3794 3748 3821 ,

2164 3864 2256 3904 nec
2283 3848 2727 3903 inordinationem
2756 3847 2942 3913 habet,
2976 3864 3141 3918 neque
3164 3845 3545 3902 turbationibus
3570 3863 3606 3900 a
3626 3862 3747 3917 pas-

2164 3939 2401 3995 sionibus
2428 3937 2790 3993 materialibus
2810 3937 3114 4008 perturbata
3131 3978 3147 4003 ,
3182 3952 3344 4009 neque
3369 3938 3623 4006 impotens
3644 3949 3745 4003 est,

2162 4028 2493 4086 sensibilibus
2514 4026 2747 4099 subjecta
2768 4027 2995 4090 casibus,
3016 4042 3110 4081 nec
3128 4028 3314 4097 indiga
3340 4024 3386 4060 “
3411 4033 3488 4081 est
3509 4024 3744 4088 luminis.

2162 4134 2257 4175 nec
2281 4117 2658 4185 variationem,
2697 4132 2791 4172 nec
2836 4117 3249 4188 corruptionem,
3287 4125 3379 4172 aut
3405 4115 3747 4202 divisionem,
3829 4190 3832 4194 η

2162 4219 2253 4265 aut
2277 4208 2643 4279 privationem,
2671 4216 2765 4263 attt
2796 4208 3111 4280 passionem,
3139 4218 3231 4263 aut
3256 4209 3485 4278 ﬂuxum,
3521 4214 3616 4265 aut
3640 4204 3748 4266 ali-

2161 4300 2287 4375 quid
2314 4299 2463 4355 aliud
2488 4297 2811 4354 sensibilium
2839 4314 2933 4354 nec
2955 4298 3107 4354 liabet
3137 4313 3231 4353 nec
3257 4306 3357 4356 est.
3450 4309 3462 4319 ·

2848 4444 3039 4488 θιοςει
3048 4470 3063 4486 .

2232 4558 2431 4637 Sensus
2467 4566 2589 4623 talis
2615 4575 2715 4622 est.
2745 4564 3060 4622 Assorimns
3097 4565 3239 4635 quod
3268 4564 3445 4631 Deus,
3475 4565 3569 4635 qui
3596 4577 3724 4624 cret

2163 4660 2239 4715 vit
2276 4660 2464 4716 omnia
2486 4700 2503 4723 ,
2527 4669 2633 4726 ,εει
2682 4657 2884 4727 aliquid
2918 4655 3751 4722 materialiter‘subslantiatum,

2162 4749 2278 4804 sive
2315 4764 2418 4805 nec
2443 4752 2653 4812 vivens,
2685 4764 2787 4803 nec
2817 4746 3025 4801 ratione
3054 4756 3210 4802 utens
3230 4786 3244 4809 ,
3271 4760 3373 4801 nec
3405 4753 3593 4800 mente
3610 4743 3750 4803 emi-

2162 4855 2298 4896 nens
2328 4840 2395 4894 ν’.
2428 4840 2521 4896 Ait
2546 4848 2750 4903 autem,
2776 4837 2958 4893 omnia
2982 4835 3025 4869 '°
3053 4852 3085 4890 a
3111 4852 3172 4892 se
3198 4837 3430 4891 invicem
3455 4836 3497 4870 ⁸³
3516 4844 3647 4891 sunt
3666 4848 3753 4890 re-

2163 4942 2311 4989 mota
2336 4942 2393 4987 et
2419 4946 2451 4989 a
2490 4931 2636 4996 Deo,
2664 4930 2789 5002 quia
2826 4944 2932 4984 non
2976 4942 3075 4983 ens
3115 4929 3376 4984 remotius
3402 4937 3489 4984 est
3528 4944 3559 4982 a
3605 4927 3750 4993 Deo,

2151 5044 2317 5099 quam
2342 5044 2427 5095 ea,
2452 5040 2593 5098 quae
2616 5034 2743 5080 sunt
2766 5035 2823 5080 et
2847 5024 3056 5087 vivunt,
3084 5037 3187 5080 nec
3207 5023 3571 5085 rationantur,
3595 5019 3751 5077 intel-

1766 5187 2019 5244 VAIUAE
2055 5185 2459 5243 LECTIONES.

554 5340 575 5374 ⁸
600 5340 796 5400 οοττ...
825 5341 945 5397 md.
971 5351 1218 5396 montem.
1294 5342 1314 5373 ’
1347 5340 1524 5404 Cum,
1549 5342 1665 5396 coci.
1691 5342 2045 5412 prudentium.
2154 5340 2337 5416 Corn,
2361 5341 2480 5393 cod.
2507 5329 2785 5416 veniemus.
2853 5338 2873 5368 ⁸
2901 5335 3226 5416 (Bormam.
3254 5334 3455 5416 unitnr.
3527 5331 3550 5364 ⁸
3570 5332 3749 5416 Cyri"

481 5413 604 5471 cod.
626 5422 875 5482 potentes.
947 5413 969 5443 ⁸
994 5412 1175 5482 Corn,
1199 5413 1317 5467 eod.
1341 5401 1701 5466 oblaciuncmf
1758 5414 1777 5444 "
1808 5422 1855 5465 et
1883 5427 1994 5467 till).
2028 5413 2148 5465 cod.
2224 5411 2246 5442 ⁸
2277 5409 2380 5465 l’ro
2406 5421 2523 5463 sunt
2549 5409 2670 5482 codf
2700 5418 2745 5482 et
2772 5417 2845 5460 ut.
2914 5405 2935 5436 '
2966 5404 3142 5482 (ionj..
3176 5406 3298 5482 cod.
3322 5418 3488 5482 super
3510 5401 3657 5482 vorbi
3676 5402 3749 5454 in-

480 5479 850 5538 teliecltmlem.
891 5482 1057 5543 Mavis
1090 5479 1229 5536 forte
1266 5483 1582 5552 simpliciter
1620 5482 1954 5536 intellectura.

486 5552 532 5624 ι’
561 5553 737 5624 ιξυηίη
768 5556 885 5624 t'tnl.
919 5561 995 5624 p‘.‘
1026 5552 1164 5607 forte
1193 5567 1292 5623 ΡΙὊ
1319 5568 1397 5622 V-

482 5622 701 5694 indigna
805 5623 841 5654 "
877 5622 1048 5678 Locus
1074 5622 1359 5692 corruptus
1386 5637 1505 5677 esse
1530 5622 1751 5676 videtur

2037 5482 2077 5511 '°
2111 5482 2223 5537 Una
2252 5497 2349 5532 vox
2383 5481 2556 5533 deost.
2632 5478 2672 5510 "
2698 5476 2880 5534 (ξω-ι’..
2911 5479 3028 5530 cod.
3071 5476 3244 5529 totali.

1491 5554 1533 5585 "
1560 5553 1693 5606 (ῥοαί.
1730 5552 1850 5606 item
1888 5550 2179 5606 verborum.
2280 5550 2322 5579 "’
2350 5566 2410 5601 su
2451 5564 2506 5601 er
2543 5565 2649 5602 «nn.
2685 5550 2829 5605 cod..
2862 5550 2985 5600 add.
3012 5561 3077 5600 ex
3107 5561 3172 5601 cu

1491 5622 1751 5673 ivialelur
1840 5622 1882 5653 “
1908 5623 2041 5673 Cod.
2073 5622 2262 5673 ontnis.
2346 5620 2384 5647 “'
2415 5566 2517 5673 lim
2545 5619 2762 5673 int-item
2795 5616 2893 5670 rod
2944 5618 3102 5668 etiam
3131 5618 3173 5666 ri

1840 5622 1882 5653 “
1908 5623 2041 5676 Cod.
2073 5622 2262 5675 ottmis.
2346 5620 2384 5647 “'
2415 5616 2517 5673 Pro
2545 5619 2762 5675 int-item
2795 5616 2893 5670 rod
2944 5618 3102 5668 etiam
3131 5618 3307 5668 rit-em.

3345 5475 3387 5505 “
3419 5474 3574 5528 Curi.
3611 5481 3748 5542 qua.

2483 5566 2506 5599 r
2543 5565 2649 5602 oin.
2685 5549 2829 5605 cod.,
2862 5546 2985 5600 add.
3012 5561 3077 5600 ex
3107 5545 3250 5611 conj.
3350 5544 3393 5575 ¹⁶
3422 5546 3558 5600 Corr
3585 5582 3601 5604 ,
3628 5542 3742 5597 cod.
