4238 6070
491 243 593 320 237

1855 246 1977 304 «1οΑ
1988 247 2142 305 NNlS
2182 248 2378 309 SCOTI

3645 280 3752 339 988

475 361 623 430 apud
655 357 858 425 Deum,
891 359 1006 430 ipse
1026 368 1144 426 est,
1171 360 1237 414 de
1261 376 1368 428 quo
1391 360 1496 416 dixi
1527 381 1537 413 :
1574 364 1635 416 Io
1658 363 1913 444 priscipio
1942 376 2056 420 erat
2086 372 2132 429 Α
2164 382 2268 421 non
2295 366 2565 437 potuistis,
2596 369 2723 437 quid
2747 378 2903 425 extra
2939 358 3024 427 me
3052 371 3228 427 facere
3253 376 3514 444 potestis?
3539 379 3678 444 Nam
3703 394 3759 435 et

497 450 735 505 l'crbttru.
1436 498 1439 503 ,

551 536 742 596 Omnia
766 558 859 612 per
878 541 1048 614 ipsum
1080 542 1224 612 facta
1247 553 1390 597 sunt.
1418 544 1520 598 Per
1543 545 1713 614 ipsum
1740 544 1905 601 Deum
1931 542 2056 599 Ver-

486 622 633 701 bum,
657 635 741 690 vel
764 651 862 706 per
887 635 1059 707 ipsum
1092 636 1323 694 Verbum
1346 639 1519 693 ‘Deutn
1539 640 1722 693 omnia
1745 637 1886 696 faeta
1908 647 2058 710 sunt.

486 727 554 785 Et
575 727 703 799 quid
732 738 817 784 est
851 731 1030 785 omnia
1049 746 1143 801 per
1173 732 1340 805 ipsum
1362 732 1503 800 {rcta
1530 732 1811 814 suntnnisi
1834 750 1850 786 :
1878 746 1945 789 eo
1963 750 2032 788 nu

485 835 671 881 Scente
691 835 821 880 ante
856 824 1038 880 munia
1065 818 1146 879 α’
1168 824 1327 879 Patre
1344 865 1363 890 ,
1402 828 1584 880 omnia
1608 842 1731 881 cum
1752 827 1870 896 ipso
1887 839 1940 881 et
1960 840 2058 896 per

485 919 659 987 ipsum
709 918 849 972 facta
909 916 1261 973 suut?'Nam
1303 919 1470 990 ipsius
1516 933 1583 974 ex
1630 917 1794 974 Patre
1839 934 2062 987 genenr-

479 1020 558 1067 tto
590 1011 704 1082 ipsa
737 1018 822 1067 est
865 1024 1154 1066 causarum
1190 1025 1433 1065 ommum
1471 1010 1747 1075 conditio,
1789 1011 2057 1065 omnium-

479 1118 622 1173 que,
667 1117 807 1172 quae
866 1116 933 1156 ex
991 1103 1168 1158 causis
1214 1101 1266 1155 in
1320 1108 1516 1172 genera
1566 1112 1621 1158 et
1673 1104 1884 1173 species
1936 1119 2060 1174 pro-

477 1192 715 1255 cedunt.
762 1191 1010 1261 Operatio
1071 1199 1125 1246 et
1176 1191 1422 1247 enectus.
1491 1191 1592 1246 l’er
1652 1193 2055 1265 generationem

429 1320 432 1324 λ
475 1284 676 1354 quippe
726 1284 822 1339 Dei
862 1297 942 1339 ex
986 1283 1098 1340 Deo
1149 1267 1418 1354 principio
1475 1282 1615 1338 facta
1667 1295 1795 1340 sunt
1848 1286 2051 1351 omnia.

475 1375 616 1429 Audi
669 1372 910 1429 divinum
954 1384 1012 1426 et
1063 1372 1333 1450 iuell'ahile
1374 1374 1708 1445 paradoxum
1738 1415 1753 1441 ,
1796 1374 2059 1448 irresera-

474 1469 578 1524 bue
602 1476 896 1534 secretum,
919 1466 1207 1537 invisibile,
1229 1467 1573 1537 profundum,
1598 1468 2057 1539 incomprehensi-

475 1556 582 1615 bile
610 1559 944 1632 mysterium.
974 1558 1080 1612 Per
1102 1574 1206 1613 non
1236 1558 1567 1623 factmn,sed
1590 1558 1852 1629 gemunt,
1871 1558 2055 1613 omnia

481 1644 641 1714 facta,
668 1647 761 1705 sed
789 1664 895 1704 non
916 1648 1118 1718 genita.
1149 1642 1503 1718 Principium,
1519 1664 1582 1705 es
1602 1663 1707 1717 quo
1730 1649 1932 1714 omnia,
1955 1648 2060 1703 Pa-

2164 456 2235 510 ibi
2262 472 2369 510 tum
2404 456 2515 516 «ius
2534 499 2550 523 ,
2575 463 2670 543 sed
2704 465 2894 541 χωρίς,
2922 464 3022 519 hoc
3045 476 3153 529 est,
3179 482 3286 522 non
3314 467 3454 535 sine,
3485 474 3579 529 sed
3603 490 3756 540 extra

2161 547 2355 604 Graeci
2386 551 2652 609 scribunt.
2675 552 2911 610 Facilius
2933 568 3112 611 autem
3135 566 3419 630 propterea
3443 563 3577 629 dixi,
3600 567 3751 637 quia.

2165 641 2289 694 dum
2319 641 2452 728 quis
2492 642 2641 696 audit
2669 644 2783 699 sine
2813 645 3165 715 ἔμαρψα-ει
3192 660 3384 718 putare
3429 652 3547 728 sine
3587 654 3760 728 ipsius

2158 727 2388 785 consilio
2436 731 2515 786 rel
2549 728 2841 800 adiutorio.
2888 751 2954 792 ac
2986 754 3083 807 per
3115 738 3215 793 hoc
3259 755 3367 797 non
3400 726 3622 813 totum,‘
3644 762 3752 810 non

2167 823 2347 878 tritinia
2415 822 2517 878 illi'
2547 823 2855 893 distribuit;
2911 830 3136 883 audiens
3192 847 3320 887 vero
3375 845 3564 902 extra,
3615 836 3752 894 nihil

2157 916 2379 970 omnino
2411 914 2683 988 relinquit,
2725 920 2872 989 quod
2900 920 2952 977 in
2985 922 3103 993 ipso.
3127 934 3181 978 et
3212 941 3312 996 per
3344 926 3519 999 ipsum
3545 928 3750 988 factum

2159 1020 2267 1060 non
2295 1005 2385 1060 sit.
2816 1003 2821 1007 ’

2229 1092 2386 1163 Quod
2408 1094 2701 1169 facturum
2728 1097 2783 1154 in
2805 1100 2915 1170 ipso
2950 1095 3205 1160 siluerat.
3250 1104 3538 1176 Postquam
3577 1124 3752 1166 remo-

2160 1186 2369 1243 tissima
2406 1189 2559 1243 omni
2602 1191 2809 1246 ratione
2840 1202 2895 1244 et
2919 1192 3197 1250 intellectu
3235 1197 3428 1254 beatus
3467 1201 3748 1272 evangeli-

2159 1288 2271 1334 stes
2300 1279 2481 1336 divina
2520 1282 2779 1360 revelavit
2814 1286 3090 1355 mysteria.
3124 1287 3294 1344 Deum
3326 1280 3561 1349 Verbum
3602 1295 3749 1351 vide-

2158 1363 2381 1428 licetin
2431 1367 2543 1425 Deo
2584 1370 2857 1444 loquente,
2906 1373 2960 1429 in
3021 1376 3287 1435 aurbobus
3334 1375 3747 1456 intelligentiam

2100 1472 2107 1476 ‘
2158 1460 2332 1517 salicti
2364 1456 2598 1531 Spiritus
2628 1464 2846 1521 divinae
2874 1466 3187 1538 Scripturae
3224 1477 3747 1543 contemplatoribns

2122 1616 2127 1621 I
2159 1552 2601 1631 relinquens—ut
2618 1555 2786 1622 enim,
2815 1558 2906 1629 qui
2926 1558 3181 1629 loquitur,
3211 1562 3263 1618 in
3286 1563 3473 1631 verbo,
3496 1568 3640 1637 quod
3670 1568 3742 1626 lo~

2157 1644 2371 1713 quitur,
2423 1646 2730 1702 necessario
2782 1649 3031 1718 spiritum
3094 1653 3308 1723 prodat,
3355 1654 3428 1712 ita
3472 1655 3616 1715 Deus
3653 1660 3749 1719 Pa-

469 1753 556 1796 ter
579 1738 1091 1810 est;'prineipinm,
1119 1739 1387 1809 pet-quod
1407 1738 1606 1802 omnia,
1631 1736 1921 1794 Filiusest.
1952 1738 2056 1795 l'a-
2091 1727 2134 1784 Β
2164 1747 2246 1792 ter
2299 1737 2466 1792 simul
2525 1746 2582 1794 et
2644 1741 2817 1797 semel
2874 1755 2930 1796 et
2984 1743 3182 1802 Filium
3242 1763 3400 1804 suum
3463 1751 3636 1824 gignit
3689 1764 3747 1811 et
3796 1790 3797 1793 η

481 1841 556 1888 tre
593 1830 842 1903 loquente
872 1829 1097 1885 verbum
1123 1842 1300 1893 suum,
1333 1829 1436 1884 hoc
1465 1840 1548 1889 est
1569 1870 1583 1886 .
1620 1828 1780 1885 l’atre
1804 1828 2060 1901 gignente

471 1921 793 1993 sapientiam
812 1936 986 1985 suam,
1019 1919 1197 1973 omnia
1223 1919 1370 1973 lium.
1384 1918 1664 1991 'Proplteta
1680 1921 1794 1974 .ail:
1815 1939 1836 1971 ι
1863 1917 2056 1976 Omnia

470 2032 522 2070 tu
550 2010 816 2084 sapientia
864 2010 1037 2071 fecisti
1077 2031 1097 2063 υ
1126 2024 1142 2075 ;
1174 1997 1408 2074 etalibi,
1436 2027 1722 2082 personam
1754 2009 1930 2065 Patris
1969 2010 2056 2066 in-

466 2105 760 2162 troducens
788 2119 801 2156 :
830 2122 851 2155 ι
884 2086 1167 2160 Erat-tavit
1189 2118 1287 2158 cor
1311 2103 1496 2171 meum
1520 2123 1564 2158 ι.
1597 2103 1662 2158 Et
1687 2102 1816 2174 quid
1843 2111 2057 2157 eructa-

471 2197 547 2250 νει
563 2211 658 2271 cor
678 2194 874 2251 suum?
900 2194 1016 2266 ipse
1039 2195 1258 2264 exponit
1290 2211 1303 2247 :
1328 2212 1346 2244 ι
1382 2195 1604 2249 verbum
1635 2194 1832 2250 bonum
1856 2193 1981 2250 dico
2007 2211 2055 2259 ι,

469 2291 692 2346 veritust:
739 2289 936 2345 bonum
981 2288 1192 2356 loquor,
1243 2286 1434 2346 Filium
1478 2288 1679 2342 bonum
1725 2288 1902 2358 εἰςιν).
1949 2285 2057 2343 Cor

475 2379 760 2453 patris‘est
787 2393 884 2433 sua
916 2378 1130 2447 propria
1171 2375 1493 2443 substantia,
1522 2378 1589 2430 de
1621 2392 1726 2448 qua
1767 2376 1947 2448 genita
1971 2384 2055 2431 est
2082 2428 2085 2431 λ

471 2468 586 2526 Filii
636 2469 851 2543 propria
903 2470 1234 2535 substantia;
1289 2471 1562 2541 praecedit
1615 2468 1778 2524 Pater
1816 2469 2051 2525 Verbum

432 2556 436 2560 ’
467 2578 573 2618 non
594 2573 809 2628 natura,
837 2563 932 2617 sed
958 2576 1141 2617 causa.
1163 2560 1308 2615 Andi‘
1324 2561 1498 2633 ipsum
1526 2561 1719 2618 Filium
1742 2561 2008 2616 dicentem
2032 2573 2050 2616 :

444 2690 451 2696 ρ
475 2672 491 2705 ι
541 2650 697 2709 Pater
735 2651 907 2720 major
928 2658 1021 2707 est
1050 2667 1136 2705 me
1164 2670 1208 2716 ι,
1234 2652 1535 2708 substantia
1564 2651 1680 2722 ejus
1707 2666 1866 2713 causa
1895 2665 2052 2708 meae

377 2742 386 2749 ’
466 2746 805 2802 substantiae
835 2754 937 2800 est.
988 2742 1298 2807 Praecedit,
1344 2745 1596 2815 inquam,
1626 2741 2051 2799 PaterN'erliunt

465 2820 758 2897 causaliter
783 2878 797 2903 ,
841 2835 1117 2908 praecedit
1144 2834 1314 2890 Filius
1340 2835 1520 2890 ontnia
1539 2875 1555 2901 ,
1586 2852 1726 2905 quae
1751 2850 1849 2906 per
1874 2835 2048 2905 ipsum

464 2945 605 2987 tacta
638 2938 788 2990 sunt.
820 2926 1159 2982 naturaliter.
1190 2926 1505 2982 Substantia
1530 2924 1652 2981 Filii
1694 2924 1844 2981 Patri
1893 2940 2051 2981 coae~

467 3035 621 3089 terna
661 3031 765 3077 est.
807 3017 1121 3073 Substantia
1151 3032 1357 3091 eorum,
1392 3031 1530 3087 quae
1558 3031 1655 3086 per
1683 3016 1857 3086 ipsum
1903 3016 2047 3070 facta

2162 1827 2422 1899 Spiritum
2473 1845 2645 1887 suum
2686 1848 2786 1904 per
2837 1834 3075 1906 genitum
3131 1854 3288 1895 suum
3334 1845 3747 1912 producit--et

2158 1930 2442 1991 postquam
2484 1928 2585 1991 per
2625 1923 2796 1979 Deum
2836 1924 3031 1982 Filium
3078 1930 3262 1987 omnia
3311 1931 3456 1988 facta
3487 1951 3641 2000 esse,
3691 1951 3742 1992 et

2158 2010 2294 2065 nihil
2314 2023 2469 2067 extra
2492 2011 2667 2084 ipsum
2689 2015 2988 2073 subsistere
3020 2021 3272 2085 astruxit,
3297 2004 3463 2080 veluti
3483 2024 3553 2080 ab
3577 2026 3745 2081 altero

2158 2100 2454 2169 primordio
2491 2117 2626 2159 suae
2667 2104 2969 2175 theologiae
3014 2111 3209 2165 seriem
3248 2108 3464 2176 direxit.
3506 2116 3741 2172 dicens:

2160 2188 2314 2257 Quod
2334 2192 2533 2264 factum
2554 2205 2629 2251 est
2651 2195 2707 2249 in
2732 2196 2844 2267 ipso
2866 2197 2967 2252 rita
2987 2210 3120 2253 erat.
3140 2199 3607 2267 Praedixit-enim,
3632 2222 3746 2259 om-

2156 2282 2273 2335 nia.
2284 2297 2378 2352 per
2402 2282 2571 2353 ipsum
2599 2283 2741 2356 facta
2763 2297 2906 2353 sunt,
2943 2304 3007 2344 ac
3035 2290 3197 2346 veluti
3237 2310 3267 2347 a
3304 2295 3559 2365 quopiam
3586 2312 3745 2367 roga-

2160 2383 2245 2431 tus
2274 2376 2338 2431 de
2364 2375 2453 2442 iis,
2476 2392 2618 2447 quae
2644 2392 2743 2448 per
2766 2378 2952 2434 Deum
2973 2379 3203 2437 Verbum
3238 2384 3378 2443 facta
3404 2396 3532 2442 sunt
3560 2403 3574 2440 :
3606 2401 3744 2458 quo-

2157 2467 2319 2523 modo
2356 2476 2414 2523 cl
2444 2468 2571 2537 quid
2607 2467 2664 2523 in
2701 2469 2820 2539 ipso
2842 2482 3000 2526 erant
3024 2513 3040 2533 .
3070 2489 3211 2543 quae
3239 2489 3334 2544 per
3371 2475 3546 2546 ipsum
3597 2476 3743 2533 facta

2155 2558 2318 2614 sunt?
2348 2560 2623 2629 respondit
2645 2570 2701 2615 et
2728 2561 2805 2615 ait
2833 2579 2845 2613 :
2886 2562 3045 2643 Quod
3071 2564 3269 2630 factum
3299 2576 3376 2621 est
3410 2568 3467 2623 in
3496 2567 3611 2637 ipso
3634 2560 3774 2626 vita.

2106 2718 2111 2723 ξ
2152 2660 2285 2706 erat.
2315 2650 2465 2719 Quae
2495 2652 2760 2707 sententia
2789 2653 3075 2723 dupliciter
3112 2656 3518 2725 pronunciatur.
3553 2659 3740 2718 Potest

2154 2743 2299 2797 enim
2341 2742 2700 2813 subdistingui
2730 2761 2743 2798 :
2771 2744 2926 2811 Quod
2949 2746 3148 2825 factum
3170 2726 3278 2811 est.)
3297 2765 3362 2806 ac
3394 2751 3587 2808 deinde
3615 2755 3739 2811 sub-

2147 2832 2297 2904 jungi
2320 2834 2374 2886 in
2394 2833 2506 2904 ipso
2538 2835 2639 2889 rita
2661 2845 2806 2900 erat,
2833 2845 3011 2905 potest
3038 2840 3202 2895 etiam
3225 2841 3306 2897 sic
3325 2858 3339 2896 :
3360 2842 3512 2910 Quod
3534 2845 3740 2915 factum

2151 2935 2225 2978 ru
2254 2924 2310 2979 in
2334 2924 2469 2995 ipso,
2495 2939 2558 2978 ac
2582 2924 2777 2981 deimle
2796 2926 3086 2984 subinfcrri
3110 2931 3215 2985 vita
3244 2942 3377 2988 erat.
3408 2935 3490 2989 Ac
3517 2949 3615 3005 per
3637 2938 3738 2990 hoc

2152 3015 2207 3073 in
2229 3016 2436 3073 duabus
2455 3018 2986 3088 pronuntiationibus
3004 3021 3137 3078 duos
3156 3024 3499 3094 speculamur
3526 3027 3734 3083 iutelle-
3782 3085 3786 3089 ,

464 3121 614 3173 sunt.
651 3111 925 3166 inchoavit
953 3109 1153 3179 inipso
1193 3120 1313 3163 esse
1339 3102 1468 3162 ante
1496 3117 1733 3178 tempora
1762 3106 2046 3171 secularia,
2077 3083 2121 3146 (ἶ
2154 3117 2294 3164 ctus.
2324 3107 2443 3165 Non
2474 3109 2619 3165 enim
2648 3110 2836 3167 eadem
2867 3112 3076 3167 theoria
3111 3102 3213 3180 est,
3242 3131 3380 3186 quae
3399 3117 3528 3173 dicit
3555 3136 3573 3173 :
3594 3121 3736 3189 quod
3761 3160 3769 3170 .

466 3220 571 3262 non
595 3204 648 3258 in
677 3212 942 3277 tempore,
971 3200 1067 3253 sed
1090 3214 1213 3253 cum
1248 3198 1598 3269 temporibus.
1624 3195 1858 3268 Tempus
1875 3196 2047 3266 siqui-

400 3322 403 3326 Α
464 3305 588 3353 dem
630 3295 772 3349 inter
808 3293 989 3347 cetera
1010 3329 1025 3354 ,
1054 3303 1193 3360 quae
1225 3289 1363 3342 facta
1390 3298 1538 3354 sunt,
1558 3287 1769 3344 factum
1794 3296 1911 3355 est;
1940 3303 2049 3344 non

467 3399 648 3443 autem
676 3388 1040 3457 procreatum,
1068 3382 1163 3437 sed
1184 3391 1542 3436 rant-reatum.
1569 3379 1635 3435 Et
1654 3395 1794 3451 quae
1814 3389 1897 3434 εδει
1921 3394 2052 3434 con-

466 3477 744 3550 sequentia
775 3474 950 3539 verbi,
973 3476 1116 3544 quod
1130 3474 1366 3529 locutum
1390 3484 1472 3527 εει
1500 3487 1563 3536 os
1594 3471 1899 3527 Altissimi?
1931 3469 2050 3526 Non

464 3573 610 3624 enim
648 3570 704 3624 in
744 3582 937 3622 vanum
979 3566 1191 3620 locutus
1216 3575 1299 3629 est
1332 3563 1513 3629 Pater,
1547 3578 1655 3617 non
1694 3562 2047 3627 infructuose,

466 3675 573 3714 non
602 3658 719 3713 sine
760 3670 955 3728 magno
997 3652 1222 3723 ell’cctu;
1247 3670 1373 3709 nam
1406 3663 1471 3712 ,οι
1507 3652 1753 3708 homines
1781 3650 1968 3728 [inter]
1992 3668 2053 3708 se

467 3752 614 3824 ipSos
654 3748 936 3819 loquentes
983 3747 1185 3818 aliquid
1226 3746 1281 3801 in
1322 3743 1547 3799 auribus
1574 3743 1905 3798 audientium
1933 3740 2051 3796 etii-

463 3843 633 3896 ciunt.
673 3840 798 3897 'l‘ria
847 3839 1031 3911 itaque
1077 3839 1300 3894 credere
1338 3848 1394 3893 et
1428 3837 1729 3909 intelligere
1768 3836 2048 3899 debemus,

464 3937 771 4005 loquentem
799 3933 1016 3988 Patrem
1036 3926 1073 3996 ,7
1096 3932 1506 4004 ptonnnciatum
1531 3930 1788 3994 Verbum,
1819 3943 1883 3985 ea
1913 3945 2055 4000 quae

463 4028 769 4103 eliicittntnr
796 4042 891 4103 per
935 4026 1186 4082 Verbum.
1213 4026 1377 4081 Pater
1407 4027 1665 4101 loquitur,
1707 4024 1943 4082 Verbum
1969 4025 2054 4095 gi-

468 4120 672 4195 gnitur,
713 4122 897 4176 omnia
936 4118 1262 4177 elliciuntur.
1304 4120 1447 4183 Audi
1493 4117 1839 4188 l’rophetam,
1886 4132 2054 4189 quum

467 4230 585 4284 ipse
619 4212 776 4277 dixit,
810 4225 858 4266 ει
902 4197 1044 4281 tactu
1069 4226 1222 4276 sunt,
1253 4211 1357 4267 hoc
1380 4222 1490 4276 est,
1521 4208 1753 4266 Verbum
1779 4223 1936 4264 suum
1963 4223 2057 4280 ge-

469 4307 609 4365 nuit.
637 4321 732 4375 per
750 4307 893 4376 quod
932 4304 1071 4359 facta
1107 4316 1232 4360 sunt
1259 4303 1463 4358 omnia.
1495 4301 1565 4357 Et
1600 4317 1668 4356 ne
1696 4299 1836 4356 lorte
1864 4299 2056 4356 existi-
2106 4338 2118 4351 .

470 4409 649 4455 mares
666 4414 874 4460 eorum,
898 4410 1039 4468 quae
1067 4409 1215 4461 sunt,
1238 4398 1500 4465 quaedam
1522 4395 1737 4464 quidem
1761 4409 1856 4463 per
1878 4393 2053 4462 ipsum

2152 3198 2539 3268 metuimloeis
2582 3202 3023 3274 temporibusque
3070 3205 3383 3271 discretum,
3423 3209 3741 3280 generibus,

2149 3289 2341 3348 formis
2361 3289 2709 3361 numerisque
2739 3291 3052 3349 distinctum
3070 3335 3088 3359 ,
3119 3297 3464 3355 sensibilibus
3487 3301 3739 3371 intelligi-

2150 3381 2458 3452 bilibusque
2484 3383 2805 3439 substantiis
2848 3398 2945 3439 seu
2986 3400 3326 3461 compactum
3356 3406 3452 3447 seu
3488 3407 3739 3466 segrega-

2154 3481 2266 3529 tum
2288 3513 2304 3538 ,
2335 3475 2438 3531 hoc
2465 3484 2634 3529 totum
2658 3474 2713 3530 in
2741 3475 2859 3547 ipso
2881 3477 2993 3531 vita
3021 3482 3170 3545 erat;
3199 3491 3255 3535 et
3293 3497 3359 3538 ea
3385 3497 3526 3554 quae
3563 3484 3739 3542 decla-

2154 3577 2241 3622 rat
2266 3585 2280 3622 :
2306 3562 2693 3638 quod'faetum
2737 3579 2822 3624 est
2861 3568 2917 3625 in
2954 3571 3092 3641 ipso,
3128 3590 3234 3631 non
3282 3574 3430 3632 aliud
3467 3587 3590 3641 erat
3632 3569 3741 3634 nisi

2154 3659 2284 3723 vita,
2315 3667 2372 3714 ut
2410 3657 2482 3714 sit
2525 3674 2718 3715 sensus
2746 3678 2763 3715 :
2791 3640 3019 3726 Omnia,
3050 3678 3190 3733 quae
3233 3656 3331 3735 per
3375 3640 3569 3737 ipsum,
3597 3667 3746 3724 facta

2151 3759 2300 3817 sunt,
2321 3749 2375 3804 in
2402 3752 2519 3821 ipso
2539 3750 2645 3805 vita
2679 3759 2803 3806 sunt
2829 3761 2882 3805 et
2903 3770 3068 3831 unum
3091 3764 3236 3810 sunt.
3258 3755 3428 3811 Erant
3448 3757 3616 3822 enim.
3640 3760 3741 3815 hoc

2152 3850 2235 3896 est
2264 3839 2564 3896 subsistunt
2593 3841 2645 3896 in
2684 3843 2800 3912 ipso
2825 3844 3135 3911 causaliter,
3177 3846 3495 3917 priusquam
3533 3848 3643 3902 sint
3686 3850 3743 3902 in

2153 3928 2464 4006 semetipsis
2496 3935 2761 3992 elfective.
2810 3937 2983 3993 Aliter
3012 3937 3155 4014 enim
3197 3941 3297 3995 sub
3333 3939 3451 4009 ipso
3483 3953 3614 3997 sunt
3651 3957 3739 4007 ea,

2153 4014 2295 4096 quae
2335 4041 2433 4095 per
2476 4026 2651 4098 ipsum
2696 4026 2848 4084 facta
2889 4029 3226 4094 sunt,‘alitcr
3257 4030 3311 4085 in
3343 4030 3460 4101 ipso
3483 4040 3613 4088 sunt
3654 4047 3740 4097 ea,

2155 4129 2318 4187 quam
2364 4119 2480 4189 ipse
2507 4129 2611 4189 est.
2643 4118 2839 4176 Omnia
2871 4120 3077 4192 itaque.
3102 4138 3242 4191 quae
3282 4137 3376 4194 per
3407 4122 3638 4181 Verbum
3668 4124 3742 4179 fa-
3770 4152 3775 4157 -

2155 4218 2243 4263 ctu
2283 4219 2436 4274 sunt.
2482 4209 2536 4264 in
2565 4210 2681 4282 ipso
2717 4208 2902 4265 vivunt
2946 4212 3481 4287 inconitnutaliiliter,
3529 4225 3589 4271 et
3636 4214 3742 4270 rita

2156 4308 2321 4367 sunt;
2350 4301 2406 4357 in
2444 4317 2553 4372 quo
2579 4316 2754 4371 neque
2783 4294 3220 4365 fuerun’t‘oinnia
3240 4300 3630 4377 temporalibus
3658 4303 3691 4361 it
3714 4331 3745 4351 -

2162 4390 2402 4464 tervallis
2428 4406 2523 4446 seu
2564 4391 2841 4456 localibus.
2877 4388 2975 4449 nec
3000 4392 3182 4451 futura
3214 4405 3365 4461 sunt,
3408 4397 3505 4452 sed
3544 4395 3757 4453 solum;

468 4490 566 4548 Dei
598 4488 830 4546 Verbum
876 4473 1019 4542 uti:
1046 4502 1188 4552 esse,
1214 4487 1484 4557 quaedam
1526 4502 1652 4541 vero
1679 4490 1835 4541 (εχιιή
1883 4487 2055 4556 ipsum
2087 4454 2134 4515 Ι)
2161 4481 2322 4535 modo
2342 4486 2506 4553 super
2526 4484 2703 4537 omnia
2730 4476 2968 4553 tempora
2988 4495 3044 4539 et
3068 4484 3185 4541 loca
3202 4486 3258 4541 in
3280 4484 3400 4557 ipso
3427 4502 3594 4543 unum
3620 4495 3761 4543 sunt.
3853 4522 3863 4536 .

469 4596 564 4639 aut
600 4581 741 4638 facta
785 4596 907 4638 esse
933 4591 1024 4636 aut
1069 4580 1361 4645 existentia
1392 4594 1487 4650 per
1515 4580 1825 4651 semetipsa.
1879 4579 1955 4633 ita
1999 4589 2061 4634 ut

470 4688 577 4729 non
605 4673 785 4728 omnia
805 4714 817 4738 ,
840 4686 983 4742 quae
1007 4680 1136 4727 sunt
1154 4712 1168 4737 ,
1197 4682 1251 4727 et
1293 4686 1435 4740 quae
1462 4662 1567 4726 non
1604 4680 1728 4728 sunt
1749 4711 1765 4734 ,
1796 4670 1864 4726 ad
1894 4685 2059 4726 unum

472 4764 796 4837 principium
828 4764 1169 4821 referantur.
1199 4760 1600 4817 conclusionem
1624 4761 1806 4815 τιυιίιιε
1851 4761 2060 4816 theolo-

471 4854 593 4927 giae
630 4853 871 4911 subdidit
912 4869 928 4905 :
959 4862 1009 4906 et
1032 4853 1279 4923 sinequo
1302 4851 1595 4921 lactantes:
1625 4849 1757 4905 nihil
1774 4866 1795 4914 ;
1824 4851 1927 4906 hoc
1953 4860 2061 4914 est,

475 4939 609 5004 nihil
635 4955 791 5002 extra
821 4947 998 5016 ipsum
1018 4953 1115 5017 ‘est
1144 4944 1371 5002 factum,
1400 4941 1527 5011 quia
1555 4941 1669 5010 ipse
1693 4941 1880 5000 ambit.
1923 4941 2062 4996 intra

474 5055 534 5097 se
575 5042 1041 5112 comprehendens
1070 5036 1270 5093 omnia.
1301 5044 1355 5090 et
1384 5034 1514 5089 nihil
1537 5034 1587 5090 ei
1606 5035 2066 5108 coaeteruumyel

474 5132 935 5190 consubstantiale
974 5129 1293 5200 intelligitur
1324 5127 1400 5180 vel
1432 5126 1785 5182 coessentiale
1805 5167 1819 5189 ,
1846 5136 2067 5197 praeter

475 5242 632 5285 suum
672 5225 882 5281 Patrem
913 5235 968 5279 et
1006 5238 1161 5282 suum
1203 5221 1462 5294 Spiritum
1504 5238 1533 5274 ε
1569 5219 1731 5275 Patre
1758 5235 1853 5290 per
1885 5218 2062 5290 ipsum

476 5325 879 5395 procedentem.
912 5315 975 5371 Et
1014 5313 1120 5370 hoc
1149 5312 1360 5369 facilius
1391 5314 1443 5367 in
1480 5311 1695 5368 Graeco
1721 5314 1879 5367 datur
1905 5311 2065 5367 intel-

480 5414 593 5487 ligi.
643 5414 741 5473 Ubi
780 5415 922 5469 enim
973 5410 1145 5466 Latini
1194 5411 1400 5477 ponunt
1438 5410 1551 5461 sine
1592 5408 1726 5477 ipso,
1765 5408 1836 5462 ibi
1873 5406 2065 5461 Graeci

481 5511 646 5585 χωρὶς
679 5510 876 5565 αὐτοῦ,
944 5504 1046 5556 hoc
1104 5516 1185 5559 est
1238 5509 1396 5558 extra
1453 5495 1966 5587 ipsumLSimititer
2010 5508 2068 5587 et

480 5600 597 5668 ipso
624 5595 882 5654 Dominus
912 5594 1023 5649 suis
1052 5593 1329 5663 dlseipuns
1352 5589 1481 5645 dicit
1512 5608 1523 5641 :
1561 5586 1581 5639 ε
1620 5586 1786 5642 Extra
1815 5602 1898 5643 me
1933 5586 2068 5642 nihil

482 5689 702 5759 potestis
725 5686 904 5743 facere
938 5703 984 5737 ι.
1015 5682 1116 5749 Qui
1153 5697 1252 5753 per
1278 5693 1391 5746 vos,
1436 5680 1630 5753 inquit,
1652 5695 1808 5734 extra
1838 5697 1925 5734 me
1950 5680 2063 5735 lteri

2163 4581 2219 4625 et
2243 4572 2621 4627 univerSaliter
2650 4575 2953 4629 subsistunt
2980 4574 3232 4641 visibilia,
3263 4575 3582 4642 invisibilia,
3622 4592 3746 4631 cor—

2165 4664 2403 4734 poralia,
2449 4664 2843 4738 incorporalia,
2905 4666 3220 4730 rationalia,
3258 4666 3634 4736 irrationalia,
3691 4670 3758 4724 οι·

2164 4740 2483 4827 simpliciter
2509 4755 2718 4810 caelum
2745 4768 2799 4809 et.
2829 4764 2971 4809 terra
2992 4797 3004 4817 ,
3027 4758 3290 4828 abyssus,
3307 4766 3365 4811 et
3390 4772 3751 4828 quaecunque

2166 4850 2219 4899 in
2242 4846 2324 4899 eis
2361 4857 2506 4907 sunt,
2539 4847 2591 4899 in
2619 4845 2733 4915 ipso
2760 4846 2937 4899 vivunt
2954 4886 2968 4909 ,
2994 4858 3050 4900 et
3072 4848 3179 4901 vita
3202 4839 3349 4912 sunt,
3372 4858 3430 4902 et
3455 4849 3747 4904 aeternalié

2170 4946 2251 4990 ter
2275 4936 2596 5014 subsistunt,
2624 4947 2678 4990 et
2698 4951 2836 5005 quae
2858 4938 3013 4993 nobis
3036 4940 3183 4993 outni
3205 4949 3354 4995 motu
3380 4938 3530 4995 vitali
3557 4954 3746 4995 carere

2169 5030 2439 5089 videntur.
2471 5030 2524 5083 in
2550 5030 2726 5086 Verbo
2757 5033 2962 5086 vivunt.
3000 5029 3104 5089 Sed
3127 5034 3172 5087 si
3198 5033 3448 5103 quaeris,
3475 5018 3748 5104 quomodo

2168 5121 2247 5174 vel
2276 5136 2380 5190 qua
2408 5121 2615 5176 ratione
2638 5123 2840 5186 omnia,
2880 5139 3018 5193 tutae
3048 5139 3144 5195 per
3167 5125 3400 5181 Verbum
3430 5131 3573 5183 taeta
3599 5139 3744 5186 sunt.

2166 5216 2220 5271 in
2253 5217 2369 5286 ipSo
2403 5216 2640 5273 vitaliter
2682 5227 2737 5272 et
2786 5217 3130 5273 uniformiter
3166 5227 3222 5274 et
3247 5218 3538 5275 causaliter
3574 5220 3743 5275 διώξει

2164 5320 2339 5373 stunt,
2376 5309 2563 5380 accipe
2602 5308 2973 5381 paradigtttala
3013 5323 3080 5364 ex
3122 5318 3498 5367 creaturarum
3532 5310 3748 5372 natura.

2165 5405 2314 5458 disce
2338 5403 2600 5459 factorem
2626 5417 2694 5459 ex
2719 5404 2803 5467 iis,
2830 5417 2969 5474 quae
2994 5402 3045 5457 in
3070 5403 3187 5473 ipso
3207 5414 3263 5458 et
3284 5417 3382 5474 per
3401 5404 3575 5475 ipsutn
3607 5404 3753 5459 facta
3796 5386 3801 5391 ’

2165 5505 2313 5554 sunt.
2345 5514 2363 5547 ι
2396 5493 2690 5551 invisibilia
2710 5492 2858 5550 enim
2877 5496 2994 5566 ejus
3022 5514 3071 5562 ι,
3098 5494 3577 5565 .itaitApostolus.
3603 5514 3623 5545 ι
3655 5513 3755 5569 per

2168 5577 2256 5647 ea,
2286 5599 2423 5655 quae
2448 5586 2583 5641 facta
2611 5596 2769 5644 sunt,
2795 5583 3067 5641 intelleCta
3093 5584 3508 5656 conspiciuntur
3541 5603 3586 5640 ι.
3608 5586 3750 5639 lion-

2169 5676 2401 5748 spieare,
2427 5674 2700 5748 quomodo
2726 5675 2965 5730 omnium
2994 5689 3195 5739 rerum,
3223 5688 3360 5748 quas
3385 5687 3568 5732 matter
3591 5671 3753 5743 huius
