4238 6070
404 252 515 317 ⁸293

1366 253 1602 316 ΗοΜιι.
1643 258 1708 316 l.\'
1745 256 2042 317 PliOLOC.
2085 258 2313 319 EVANC
2381 263 2533 319 SEC.
2570 257 2761 320 JOAN.

3581 262 3697 322 23‘

407 375 498 444 qui
527 374 593 429 cie
619 372 851 430 occultis
872 383 1098 429 naturae
1127 370 1334 426 sinibus
1359 371 1414 431 in
1446 378 1590 434 hunc
1617 379 1880 435 mundum
1903 394 2000 450 per
2030 381 2074 440 Λ
2106 383 2437 436 nominasse.
2456 381 2590 437 Tres
2604 394 2784 437 tamen
2813 381 3044 438 mundos
3069 359 3330 439 debemus
3359 383 3666 458 intelligere

405 463 814 536 generationem
863 464 996 520 locis
1053 463 1504 539 temporibusque
1543 469 1769 524 veniunt
1793 508 1811 532 .
1846 483 2003 525 acce-

404 557 572 630 peris,
612 555 790 628 qualis
829 555 1162 614 illuminatio
1185 571 1272 615 est
1299 560 1352 615 in
1383 560 1484 616 hac
1515 563 1623 617 vita
1650 561 2005 618 nascentibus

311 649 314 652 ’
405 658 466 704 ιιι
495 649 832 712 moriantur,
873 651 1256 708 crescentibus
1286 662 1342 705 ut
1366 660 1825 722 corrumpantur.
1852 664 2000 708 com-

405 740 600 813 positis
629 749 690 798 ut
719 745 1023 810 solvantur,
1054 744 1123 798 de
1163 742 1484 814 quietudine
1524 742 1738 799 silentis
1773 751 2001 798 naturae

406 831 463 890 in
498 830 930 906 inquietudinem
955 832 1335 888 tumultuantis
1357 831 1611 887 miseriae
1643 831 1999 889 cadentibus?

409 925 529 996 hic,
561 940 786 996 quaeso,
815 923 994 994 qualis
1020 922 1108 978 lux
1138 933 1259 979 erat
1291 922 1595 994 spiritualis
1637 931 1693 978 et
1721 937 1847 978 vera
1873 938 2002 994 pro-

405 1017 607 1073 creatis
627 1017 682 1072 in
711 1016 820 1073 vita
847 1015 1163 1074 transitoria
1186 1025 1240 1073 et
1261 1015 1436 1072 falsa?
1459 1015 1730 1086 Numquid
1766 1018 2001 1073 mundus

406 1108 511 1165 iste
558 1106 812 1164 alienatis
840 1121 874 1163 a
916 1121 1049 1163 vero
1093 1100 1305 1166 lumine
1351 1107 1686 1164 conveniens
1731 1107 2000 1164 habitatio

404 1200 530 1256 est!
562 1197 836 1272 Numquid
869 1197 1023 1270 regio
1047 1199 1276 1256 umbrae
1304 1198 1524 1263 mortis,
1552 1209 1612 1254 et
1631 1199 1998 1272 lacrymarum

407 1289 562 1346 vallis
585 1329 602 1356 ,
628 1298 688 1346 et
714 1291 1054 1362 ignorantiae
1097 1284 1463 1361 profundum,
1492 1297 1548 1344 et
1577 1297 1798 1346 terrena
1841 1289 1999 1346 itahi~

407 1383 564 1449 tatio,
594 1382 890 1446 humanum
933 1382 1182 1440 animum
1215 1397 1559 1455 aggravans.
1588 1392 1646 1443 et
1671 1397 1740 1438 en
1772 1381 1886 1439 veri
1915 1380 2000 1440 lu-

405 1473 571 1531 minis
597 1473 842 1530 contuilu
887 1473 1178 1532 interiores
1199 1465 1390 1530 oculos
1427 1472 1725 1540 elimitans,
1753 1488 1863 1530 non
1894 1473 1996 1529 im-

399 1569 602 1625 merito
634 1569 874 1628 dicitur?
923 1567 1040 1626 Non
1078 1584 1213 1640 ergo
1256 1569 1327 1624 de
1370 1567 1458 1634 iis,
1516 1567 1610 1638 qui
1657 1567 1728 1626 de
1759 1567 1996 1626 occultis

399 1658 670 1714 sontinum
705 1658 889 1716 causis
915 1657 971 1714 in
995 1660 1205 1730 species
1224 1673 1522 1729 corporeus
1543 1660 1866 1730 procedunt,
1899 1659 1994 1716 de-

2104 469 2349 539 Quorum
2375 473 2586 545 primus
2607 481 2715 537 est,
2747 474 2837 544 qui
2861 461 3109 530 absolute
3144 473 3275 530 solis
3325 472 3686 532 invisibilibus

2103 571 2159 639 et
2202 563 2583 633 spiritualibns
2630 565 2887 620 virtutum
2922 563 3179 636 impletur
3221 565 3580 632 substantiis:
3631 566 3685 621 in

2102 656 2263 724 quem
2287 651 2602 725 quicunque
2633 653 2862 718 venerit,
2889 652 3108 723 plenam
3150 669 3311 710 verae
3337 653 3478 711 lucis
3504 655 3685 726 possis

2101 741 2195 796 det
2220 742 2712 814 participationem.
2759 741 3070 808 Secundus,
3100 743 3191 813 qui
3228 744 3472 816 praefato
3519 759 3686 816 oppo-

2102 830 2246 887 nitur
2277 848 2308 888 e
2337 832 2573 898 diverso,
2626 835 2882 906 quoniam
2913 835 3160 892 absolute
3205 853 3270 893 ex
3326 837 3684 895 invisibilibus

2100 930 2156 976 et
2218 923 2595 993 corporalibus
2651 925 3003 981 constituitur
3045 929 3273 984 naturis.
3322 925 3389 984 Et
3435 929 3688 1003 quamvis

2103 1007 2475 1070 universitatis
2497 1013 2736 1071 intimam
2768 1016 3010 1074 obtineat
3040 1019 3470 1088 proportionem,
3515 1003 3573 1077 in
3618 1041 3686 1082 en

2100 1112 2285 1160 tatnen
2309 1114 2430 1162 erat
2461 1105 2720 1172 Verbum,
2759 1113 2817 1162 et
2854 1122 2951 1178 per
2991 1106 3228 1164 Verbum
3275 1109 3450 1166 iactus
3485 1121 3590 1178 est,
3627 1119 3687 1170 et

2098 1208 2184 1254 est
2221 1200 2429 1270 primus
2467 1199 2672 1270 gradus
2699 1203 2767 1256 ad
2809 1201 3176 1272 cognitionem
3205 1203 3453 1260 veritatis
3493 1219 3685 1260 ascen.

2099 1290 2232 1344 dere
2267 1297 2366 1359 per
2407 1302 2603 1346 sensus
2640 1290 2973 1355 volentibus;
3027 1293 3240 1361 species
3272 1308 3506 1364 namque
3555 1295 3686 1350 visi-

2099 1379 2287 1436 bilium
2333 1379 2405 1436 ad
2455 1380 2822 1452 cognitionem
2871 1380 3220 1437 invisibilium
3265 1383 3680 1440 ratiocinantem

2097 1471 2323 1528 attrahit
2351 1469 2614 1529 animum.
2647 1470 2864 1551 Tertius
2887 1474 3123 1528 mundus
3161 1483 3266 1542 est,
3290 1475 3382 1547 qui
3415 1477 3680 1531 rationem

2098 1561 2409 1618 medietatis
2450 1560 2636 1628 habet,
2682 1573 2739 1618 et
2781 1564 3116 1633 superiorem
3148 1566 3493 1636 spiritalium,
3518 1575 3572 1621 et
3599 1568 3682 1624 in-

2097 1649 2355 1708 feriorem
2368 1651 2730 1727 corporalium
2752 1652 2805 1709 in
2827 1669 2888 1709 se
2916 1653 3033 1724 ipso
3053 1655 3289 1727 copulat.
3309 1667 3365 1714 et
3386 1660 3452 1716 de
3471 1660 3683 1714 duobus

401 1745 594 1803 bemus
623 1746 926 1820 intelligere
956 1763 974 1804 :
1005 1764 1142 1819 quas
1187 1747 1454 1806 illuminat
1482 1759 1687 1804 omnem
1731 1749 1992 1806 hominem
2027 1746 2071 1804 Β
2099 1756 2266 1802 unum
2305 1743 2456 1810 facit,
2486 1745 2626 1801 etin
2657 1745 2876 1801 homine
2914 1745 3032 1803 solo
3075 1747 3430 1820 intelligitur,
3471 1749 3528 1804 in
3571 1765 3682 1820 quo

401 1836 688 1897 uolentem
718 1838 778 1896 iu
801 1839 1060 1896 mandunt
1084 1879 1102 1904 ,
1131 1837 1226 1895 sed
1270 1839 1338 1896 de
1377 1838 1475 1904 iis,
1503 1838 1597 1909 qui
1637 1838 1996 1909 spiritualiter

401 1939 502 2002 per
528 1929 934 2001 generationem
959 1933 1191 2003 gratiae,
1222 1944 1364 2002 quae
1384 1929 1546 1987 datur
1567 1928 1622 1985 in
1644 1930 1994 2002 baptismate,

400 2021 458 2078 in
511 2022 771 2077 mundum
821 2021 1047 2078 Veniunt
1095 2019 1460 2084 inviSibilem.
1489 2018 1582 2090 qui
1627 2019 1994 2087 nativitatem,

401 2129 542 2188 quae
567 2114 866 2170 secundum
899 2112 1254 2185 eorruptibiie
1281 2127 1480 2186 corpus
1508 2122 1614 2187 εει,
1651 2121 1992 2184 spernentes,

403 2206 766 2270 nativitatem,
794 2220 935 2277 quae
970 2213 1057 2262 est
1100 2205 1399 2263 secundum
1449 2203 1726 2278 spiritum,
1762 2203 1992 2277 eligunt,

405 2299 672 2378 mundun;
691 2296 786 2370 qui
816 2298 1074 2354 deorsum
1105 2305 1190 2352 est
1217 2295 1524 2359 calcantes,
1551 2305 1607 2354 et
1634 2294 1688 2351 in
1731 2296 1994 2354 mundum

401 2389 501 2462 qui
527 2390 820 2447 desursum
841 2397 928 2446 est
953 2389 1348 2453 ascendentes,
1399 2388 1621 2445 umbras
1656 2387 1995 2459 ignorantiae

404 2493 462 2539 et
489 2482 682 2540 mortis
708 2481 1027 2539 deserentes
1045 2521 1062 2548 ,
1111 2479 1286 2537 lucem
1321 2480 1624 2555 sapientiae
1651 2489 1706 2536 et
1733 2479 1876 2539 vitae
1898 2494 1996 2553 ap-

404 2583 684 2647 petentes,
731 2572 826 2630 iilii
880 2572 1160 2631 hominum
1209 2587 1331 2629 esse
1369 2571 1712 2651 desinentes,
1755 2573 1852 2628 lilii
1898 2573 1993 2630 Dei

411 2668 524 2726 seri
559 2667 898 2732 inchoantes,
929 2666 1192 2722 mundum
1228 2667 1485 2743 vitiorum
1510 2674 1896 2739 postponentes
1937 2675 1994 2724 et

408 2761 462 2814 in
491 2759 800 2828 semetipsis
830 2759 1175 2823 destruentes
1200 2795 1218 2825 ,
1265 2758 1528 2816 mundum
1559 2757 1822 2814 virtutum
1865 2767 1996 2816 ante

406 2849 598 2907 oculos
624 2849 826 2908 mentis
851 2849 1267 2912 constituentes.
1296 2858 1354 2905 et
1381 2847 1437 2909 in
1464 2861 1590 2905 eum
1629 2847 1760 2905 totis
1790 2837 1996 2908 viribus

407 2934 707 3005 ascendere
747 2942 1039 3001 inhiantes.
1072 2943 1182 3000 Eos
1211 2943 1396 3014 itaque
1414 2956 1545 2998 vara
1580 2941 1668 2996 lux
1700 2941 1993 3010 illuminat,

405 3033 498 3106 qui
536 3031 594 3091 in
630 3035 890 3093 mundum
939 3033 1200 3090 virtutum
1235 3034 1478 3100 veniunt,
1511 3047 1619 3090 non
1653 3048 1773 3104 eos,
1812 3033 1908 3108 qui
1937 3034 1992 3090 in

408 3125 666 3182 mundum
703 3124 958 3181 vitiorum
1002 3131 1185 3180 ruunt.
1652 3151 1655 3154 -
1847 3171 1855 3178 .

478 3217 546 3277 In
573 3218 770 3274 mundo
799 3227 933 3272 erat.
963 3216 1018 3271 in
1049 3217 1152 3271 hoc
1177 3215 1298 3272 loco
1325 3215 1584 3272 mundum
1623 3213 1857 3288 appellat
1881 3227 1988 3271 non

404 3311 581 3375 solum
609 3306 935 3384 generaliter
959 3307 1225 3364 visibilem
1247 3318 1579 3373 creaturam,
1607 3316 1797 3364 verum
1823 3307 1990 3364 etiam

404 3390 717 3478 specialiter
757 3397 1038 3455 rationalis
1080 3407 1324 3462 naturae,
1374 3413 1518 3470 quae
1552 3398 1604 3453 in
1635 3397 1855 3454 homine
1881 3406 1988 3462 est,

405 3485 790 3554 substantiam.
828 3493 887 3548 In
926 3492 1012 3549 his
1049 3491 1320 3564 siquidem
1361 3489 1638 3562 omnibus,
1673 3499 1751 3556 et,
1777 3498 1838 3546 nt
1859 3490 1991 3548 sim,

405 3585 622 3661 pliciter
646 3579 850 3648 dicam.
886 3585 941 3640 in
979 3582 1334 3641 universitate
1385 3581 1605 3639 condita
1627 3579 1868 3638 Verbum
1896 3581 2004 3656 ius.

410 3692 539 3737 vera
564 3687 704 3748 erat.
737 3675 880 3732 Idem
904 3675 1171 3738 subsistit.
1197 3685 1254 3732 et
1274 3691 1492 3749 semper
1523 3685 1665 3741 erat,
1701 3675 1830 3749 quia
1853 3691 1992 3732 nunc

406 3785 571 3845 quam
601 3769 656 3824 ιη
682 3769 938 3825 omnibus
968 3766 1266 3826 subsistere
1295 3766 1532 3826 desistit.
1578 3767 1648 3824 Ut
1683 3767 1854 3834 enim,
1895 3769 1990 3840 qui

410 3861 669 3936 loquitur,
694 3861 819 3918 dum
846 3859 1106 3932 loquitur.
1128 3851 1328 3918 desinit
1351 3875 1459 3918 vox
1484 3859 1602 3930 ejus
1620 3874 1768 3924 esse,
1793 3859 1998 3918 desinit

407 3964 466 4012 et
489 3946 770 4014 evanescit
797 3971 811 4008 :
841 3953 922 4009 sic
966 3951 1219 4010 caelestis
1267 3951 1430 4009 Pater
1467 3953 1512 4009 si
1553 3954 1993 4018 Verbumsuum

407 4045 558 4118 loqui
587 4044 839 4108 cessarit,
880 4041 1107 4101 effectus
1137 4042 1322 4112 Verbi,
1375 4045 1478 4101 hoc
1515 4055 1622 4112 est,
1668 4043 1996 4102 universitas

412 4138 629 4196 condita
675 4120 782 4194 non
811 4135 1138 4192 substiterit.
1175 4128 1554 4196 Uuiversitatis
1583 4151 1823 4208 namque
1863 4147 1996 4192 con-

413 4227 557 4286 ditae
581 4227 898 4302 substitutio
923 4237 1008 4283 est
1030 4235 1086 4282 et
1106 4217 1418 4296 permansio
1446 4225 1540 4283 Dei
1569 4226 1746 4283 Patris
1769 4225 1994 4293 locutio,

407 4320 516 4376 hoc
547 4329 656 4385 est,
695 4331 917 4375 aeterna
957 4327 1012 4373 et
1055 4317 1517 4375 incommutabilis
1558 4319 1641 4374 sui
1695 4316 1858 4375 Verbi
1903 4332 1996 4388 ge-

411 4416 640 4470 neratio.
681 4411 864 4468 Potest
906 4413 1075 4468 etiam
1127 4427 1234 4469 non
1281 4412 1729 4470 irrationabiliter
1772 4413 1842 4470 de
1892 4414 1997 4472 hoc

2095 1833 2276 1892 omnis
2318 1845 2572 1891 creatura
2615 1835 2908 1892 adonatur.
2952 1835 3193 1908 Corpore
3216 1839 3364 1893 enim
3387 1849 3600 1896 constat
3625 1851 3682 1895 et

2094 1927 2298 1984 anima.
2341 1916 2553 1999 Carpus
2595 1929 2664 1985 de
2709 1928 2815 1984 hoc
2868 1930 3088 1994 mundo,
3127 1930 3368 1985 animam
3397 1931 3465 1986 de
3508 1930 3682 1986 altero

2096 2023 2299 2080 mundo
2346 2022 2632 2095 colligens,
2681 2037 2848 2078 unum
2893 2023 3025 2093 facit
3068 2033 3345 2080 ornatum.
3385 2025 3453 2080 Et
3482 2040 3679 2095 corpus

2094 2114 2314 2186 quidem
2352 2129 2571 2171 oinnem
2605 2130 2948 2186 corpoream,
2979 2114 3164 2172 anima
3195 2131 3326 2173 vero
3351 2131 3568 2173 omnem
3594 2118 3679 2172 in.

2093 2217 2410 2277 corpoream
2437 2204 2680 2277 possidet
2704 2214 2974 2261 naturam.
2999 2205 3168 2273 Quae,
3195 2206 3322 2261 dum
3359 2209 3680 2278 compagine

2094 2309 2203 2350 una
2247 2294 2666 2368 conglobantur,
2695 2306 2859 2352 mune
2885 2297 3218 2351 mundanum
3248 2296 3486 2352 hominis
3513 2297 3683 2352 conli-

2093 2386 2250 2442 ciunt
2289 2394 2697 2464 ornamentum.
2747 2385 2982 2456 Ideoque
3014 2385 3179 2441 homo
3217 2385 3419 2441 dicitur
3457 2387 3676 2451 omnis;

2092 2479 2271 2534 omnis
2321 2492 2556 2548 namque
2584 2484 2855 2538 creatura
2899 2492 2952 2532 ιιι
3005 2476 3122 2546 ipso
3166 2479 3315 2532 velut
3356 2477 3409 2532 in
3463 2477 3678 2533 oliicina

2093 2573 2328 2646 quadam
2371 2570 2658 2628 moliatur.
2699 2566 2840 2626 Hinc
2869 2579 2926 2626 et
2957 2569 3073 2642 ipse
3101 2569 3362 2628 Dominus
3401 2571 3679 2640 praedica-

2092 2666 2233 2722 turis
2258 2665 2542 2737 discipulis
2568 2665 2848 2737 praecepit
2878 2681 2892 2718 :
2931 2681 2950 2716 ι
2985 2664 3304 2720 Praedicate
3325 2663 3680 2736 Evangciium

2092 2758 2240 2815 omni
2271 2767 2556 2814 creaturae
2586 2777 2634 2812 ι.
2658 2756 2766 2812 iste
2787 2757 2954 2825 igitur
2975 2755 3228 2821 mundus,
3258 2756 3360 2810 hoc
3387 2765 3472 2810 est
3494 2758 3678 2820 homo,

2093 2848 2415 2906 Creatorem
2447 2864 2606 2905 suum
2644 2865 2754 2906 non
2813 2848 3106 2920 cognovit,
3157 2864 3332 2918 neque
3385 2863 3483 2920 per
3545 2847 3681 2914 legis

2093 2940 2334 3011 scriptae
2377 2940 2646 3012 symbola,
2692 2955 2871 3012 neque
2885 2952 2994 3012 per
3019 2939 3251 2996 visibilis
3271 2949 3552 2995 creaturae
3579 2956 3677 3012 pa-

2096 3033 2397 3106 radigmata
2429 3034 2601 3090 Deum
2627 3049 2786 3091 suum
2811 3033 2979 3090 voluit
3000 3048 3350 3105 cognoscere.
3376 3034 3676 3088 carnalium

2016 3113 2064 3176 Β
2094 3125 2485 3198 cogitationum
2512 3125 2744 3184 vinculis
2757 3121 3033 3184 detentus.
3069 3123 3139 3180 Et
3173 3127 3402 3180 uitandus
3430 3142 3548 3188 eum
3572 3142 3678 3181 non

2089 3220 2350 3291 cognorit.
2389 3218 2507 3276 Non
2545 3221 2801 3294 cognovit
2827 3217 2990 3277 homo
3017 3215 3184 3275 Deum
3219 3218 3472 3285 Verbum,
3504 3235 3679 3292 nequa

2092 3322 2220 3368 ante
2241 3311 2682 3370 humanationem
2695 3314 2816 3385 ejus
2834 3329 2932 3385 per
2943 3328 3004 3369 se
3017 3313 3132 3369 sola
3152 3313 3438 3368 divinitate
3453 3313 3674 3374 nudum,

2092 3416 2194 3458 nec
2221 3411 2344 3472 post
2372 3401 2815 3461 humanationem
2841 3402 2955 3460 sola
2998 3403 3372 3459 incarnatione
3398 3403 3673 3459 vestitum.

2091 3493 2422 3550 i-nvisibilem
2484 3493 2801 3567 ignorabat,
2851 3494 3121 3551 visibilem
3181 3495 3436 3566 negabat.
3496 3492 3674 3552 Noluit

2093 3599 2360 3655 quaerere
2397 3592 2748 3654 quaerentem
2786 3597 2880 3650 se;
2912 3583 3084 3641 noluit
3123 3585 3313 3640 audire
3356 3591 3676 3648 Vocaotem;

2095 3673 2268 3730 noluit
2298 3673 2479 3730 colere
2522 3672 2896 3742 deillcantem;
2931 3673 3102 3732 noluit
3140 3673 3384 3746 recipere
3417 3673 3680 3748 recipisn~

2097 3775 2227 3823 tem.

2164 3859 2236 3915 In
2260 3862 2476 3932 propria
2502 3863 2660 3929 venit,
2695 3861 2748 3918 in
2777 3874 2842 3918 ea
2888 3858 3168 3952 videlicet,
3205 3872 3348 3930 quae
3376 3873 3476 3932 per
3495 3858 3684 3952 Ιιιδιινιι1

2094 3947 2239 4008 facta
2269 3961 2416 4017 sunt,
2448 3966 2516 4009 ac
2540 3965 2638 4023 per
2670 3955 2774 4008 hoc
2806 3951 3029 4024 propria
3076 3951 3222 4007 illius
3259 3966 3366 4006 non
3402 3952 3678 4011 immerito

2096 4048 2246 4098 sunt.
2279 4041 2348 4097 Et
2368 4043 2451 4098 ssi
2477 4059 2596 4098 eum
2619 4042 2775 4116 [non]
2811 4044 2828 4074 ³
2857 4051 3175 4113 receperunt.
3203 4039 3299 4098 Sui
3329 4049 3456 4116 sunt
3486 4056 3681 4102 omnes

2097 4133 2363 4196 homines,
2387 4149 2526 4204 quos
2547 4113 2714 4189 voluit
2742 4113 3010 4188 redimere
3035 4141 3092 4186 et
3125 4131 3374 4186 redemit.
3405 4113 3414 4125 ’

2167 4223 2441 4300 Quotquot
2468 4238 2644 4281 autem
2672 4234 2972 4298 receperunt
3007 4241 3149 4290 eum,
3177 4224 3318 4278 dedit
3354 4226 3428 4280 eis
3457 4235 3684 4294 potests-

2098 4338 2201 4382 tern
2227 4305 2367 4397 ﬁlios
2397 4322 2494 4379 Dei
2545 4321 2683 4392 ﬁeri,
2712 4320 3042 4376 credentibus
3072 4321 3126 4374 in
3157 4321 3364 4375 nomine
3392 4322 3529 4392 ejus.
3556 4319 3678 4377 1am

2099 4417 2361 4476 dividitur
2386 4429 2492 4470 non
2533 4411 2845 4468 humanitas
2880 4410 3162 4466 rationalis
3203 4410 3410 4476 mundi,
3444 4411 3542 4467 sed
3579 4425 3680 4466 vo-

413 4504 613 4561 nmndo
640 4501 885 4560 sensibili
912 4503 1254 4559 solummodo
1290 4504 1426 4559 haec
1463 4505 1733 4560 sententia
1779 4506 1992 4576 pracdi-
2022 4493 2072 4554 Β
2099 4512 2311 4576 iuntas;
2343 4513 2698 4580 segregantur
2732 4511 3041 4574 receptores
3100 4501 3366 4558 inearnati
3427 4501 3586 4558 Verbi
3645 4515 3680 4559 ε

411 4595 544 4661 cari,
573 4611 712 4670 quae
735 4597 811 4650 ait
846 4615 858 4649 :
892 4593 959 4651 In
984 4596 1180 4651 mundo
1203 4607 1338 4661 erat,
1375 4608 1423 4654 et
1450 4597 1678 4653 mundus
1699 4615 1794 4669 per
1818 4598 1990 4670 ipsum

411 4687 584 4758 [actus
611 4697 706 4741 est.
740 4686 820 4742 Ne
840 4687 980 4743 forte
1003 4687 1126 4758 quis
1162 4695 1382 4756 putaret
1413 4686 1727 4744 Hanichcae
1751 4689 1995 4748 haeresis

411 4795 658 4844 consors,
686 4778 946 4836 mundum
972 4780 1246 4851 corporeis
1268 4781 1519 4836 sensibus
1545 4783 1991 4840 succumbentem

413 4887 446 4924 a
466 4869 680 4926 diabolo
704 4873 870 4926 fuisse
897 4882 1159 4932 creatum,
1193 4881 1248 4926 et
1276 4887 1381 4926 non
1413 4886 1444 4927 a
1467 4871 1728 4929 Creatore
1749 4872 1991 4931 omnium

415 4963 705 5020 visibilium
730 4973 786 5019 et
817 4961 1195 5029 invisibilium,
1235 4964 1520 5036 theologus
1552 4965 1830 5023 subnectit
1876 4985 1890 5019 :
1924 4964 1990 5022 In

416 5067 609 5110 niuium
641 5067 776 5122 erat,
815 5057 920 5112 hoc
949 5065 1053 5121 est,
1097 5057 1150 5113 in
1205 5056 1308 5112 hoc
1337 5059 1541 5113 mundo
1581 5071 1701 5113 erat
1742 5058 1854 5124 ille,
1899 5059 1991 5129 qui

417 5151 655 5202 continet
689 5149 893 5210 Omnia,
947 5158 996 5202 et
1040 5149 1264 5202 ntumlm
1312 5164 1406 5215 per
1457 5151 1627 5218 ipsum
1671 5147 1844 5219 [actus
1893 5161 1990 5204 est.

419 5233 533 5290 Non
559 5236 703 5292 enim
732 5237 784 5292 in
817 5237 1007 5292 alienis
1034 5238 1288 5307 operibus
1329 5237 1697 5292 universitatis
1744 5239 1995 5294 conditor

309 5354 314 5358 -
416 5323 644 5388 habitat,
685 5327 780 5382 sed
811 5331 866 5381 in
903 5327 1016 5382 suis
1054 5342 1193 5396 quae
1233 5325 1379 5381 feeit.
1416 5326 1867 5383 Animadvertere
1902 5329 1996 5383 dea

417 5418 623 5484 beluus,
657 5421 871 5478 beatum
918 5423 1297 5495 evangelista-ni
1352 5417 1678 5489 generaliter
1735 5420 1993 5475 nlundum

2101 4599 2482 4675 respuentibus
2521 4597 2670 4655 illud.
2698 4595 2912 4654 Fideles
2936 4596 3163 4650 credunt
3189 4596 3479 4650 adventum
3518 4593 3684 4651 Verbi

2100 4704 2157 4750 et
2183 4693 2413 4750 libenter
2440 4689 2709 4760 recipiunt
2747 4687 3036 4744 Dominum
3072 4687 3176 4742 sui.
3217 4685 3372 4756 lmpii
3402 4696 3600 4760 negant
3623 4695 3678 4744 et

2098 4785 2496 4843 contumaciter
2521 4791 2794 4846 renuunt,
2825 4780 3015 4837 Judaei
3035 4780 3141 4852 per
3164 4779 3420 4835 invidiam
3439 4821 3453 4845 ,
3486 4781 3678 4852 pagani

2098 4890 2198 4946 per
2248 4873 2626 4946 ignorantiam.
2679 4870 3084 4941 liecipientibus
3140 4868 3288 4924 dedit
3357 4874 3677 4940 potestatem

2103 4965 2246 5021 filios
2298 4963 2391 5020 Dei
2434 4961 2574 5028 ﬁeri,
2617 4977 2726 5017 non
2757 4959 3141 5032 recipientibus
3188 4959 3282 5012 dat
3328 4960 3502 5014 adhuc
3546 4973 3672 5029 spa-

2104 5057 2238 5113 tium
2270 5056 2586 5129 rccipiendi.
2615 5055 2664 5110 A
2695 5052 2840 5109 nullo
2867 5052 3012 5108 cnim
3057 5042 3305 5106 azzl‘ertur’
3350 5049 3680 5120 possibilitas

2097 5148 2350 5204 credendi
2379 5147 2432 5201 in
2463 5145 2557 5201 Dei
2590 5143 2806 5209 Filium,
2836 5151 2892 5196 ct
2931 5140 3261 5212 possibilitas
3289 5138 3551 5194 elliciendi
3583 5137 3676 5192 Dei

2098 5238 2300 5303 lilium;
2335 5239 2436 5296 hoc
2489 5237 2634 5292 enim
2673 5237 2727 5290 in
2771 5234 3004 5290 arbitrio
3046 5232 3283 5288 hominis
3320 5241 3376 5286 et
3415 5245 3672 5300 coepera-

2099 5330 2244 5384 tione
2267 5329 2476 5399 gratiae
2498 5328 2854 5382 cetastitutum
2885 5333 2990 5379 est.
3032 5322 3240 5388 Quibus
3271 5321 3418 5378 dedit
3440 5329 3664 5390 potesta-

2101 5431 2209 5474 tem
2267 5419 2406 5475 filios
2452 5417 2546 5472 Dei
2608 5416 2760 5473 fieri?
2809 5414 3215 5486 Recipieutibns
3266 5428 3366 5480 se,
3426 5409 3671 5466 videlicet

1683 5550 1934 5608 VARiAE
1973 5552 2376 5610 LiiCi'lONES.

1079 5670 1090 5698 ἱ

493 5678 511 5706 ³
548 5690 646 5727 neu
677 5690 780 5727 oni.
819 5674 961 5734 rod,
993 5674 1090 5727 ΑΗ
1145 5692 1203 5726 «ει
1245 5675 1378 5725 coni.
