4238 6070
405 232 504 292 30!

1448 193 1819 304 COHMENl.
1860 243 1930 302 IN
1975 235 2225 296 erant;
2267 240 2418 340 seu.
2453 237 2646 299 JOAN.

3571 245 3678 302 50%

410 368 538 410 num
561 367 720 414 suum
746 355 1145 424 intellexerunt,
1173 357 1272 418 Dei
1302 359 1552 418 videlicet
1594 361 1811 426 Filium.
1851 369 1908 419 et
1937 361 1990 419 in
2024 355 2070 418 Α
2101 355 2273 428 ipsum
2320 357 2370 414 οἱ
2394 359 2546 416 ι-Ἰιι
2595 358 2824 430 epistola
2887 373 2989 417 Sita
3050 357 3288 418 30mm?!
3393 379 3412 412 ι
3441 362 3656 420 Scimus

411 446 530 519 ipso
562 455 624 506 et
658 463 756 522 per
787 451 980 524 ipsum
1002 459 1175 526 totam
1197 461 1460 510 remotam
1501 455 1572 512 ab
1593 454 1848 512 omnibus
1869 452 1994 512 Tri-

412 539 662 598 nitatem.
700 538 1100 601 ‘Universaliter
1136 543 1320 617 itaque
1358 555 1414 602 et
1446 545 1697 607 rationali
1739 555 1796 603 et
1835 543 2000 624 intelo.

414 627 634 688 lec'tnali
683 640 969 690 creaturae
1018 632 1224 712 proluit
1264 635 1360 692 Dei
1388 633 1553 694 Verbi
1592 625 2008 708 inbumanatio,’

413 721 666 780 rationali
713 723 968 783 videlicet
1009 727 1080 786 ad
1108 726 1418 794 libertatem
1461 737 1690 790 naturae
1725 745 1791 785 ex
1821 737 1998 786 morte

416 818 473 872 et
491 813 717 870 servitio
727 813 1024 892 diabolica,
1045 825 1106 876 et
1125 833 1194 877 ex
1209 819 1526 894 ignorantia
1547 822 1814 889 veritatis.
1845 818 2000 886 intel-

419 904 636 966 lectuali
661 919 792 966 vero
815 906 884 965 ad
906 912 1334 984 cognoscendam
1359 925 1514 972 suam
1551 929 1792 982 causam,
1833 929 1999 987 quam

418 997 570 1071 prius
591 997 897 1073 ignorabat.
915 999 1056 1063 illnc
1073 1001 1366 1076 Apostolus
1387 1025 1406 1066 ,ε
1435 1024 1458 1065 ι
1483 1004 1544 1067 In
1563 1021 1676 1080 quo
1697 1013 2006 1069 restaurata

419 1096 549 1148 sunt
586 1089 800 1158 omnia,
842 1106 985 1166 quae
1023 1094 1080 1152 in
1119 1094 1274 1158 caelo
1309 1107 1370 1157 et
1405 1097 1462 1154 in
1501 1107 1649 1162 terra
1673 1117 1721 1164 ι,
1753 1096 1863 1158 Sed
1895 1114 2003 1164 non

421 1183 694 1242 immerito
712 1186 1012 1256 quaeritur,
1031 1191 1136 1254 'cur
1153 1189 1174 1226 ι
1207 1187 1264 1256 in
1285 1189 1471 1252 Veteri
1498 1187 1848 1252 Testamento
1865 1199 1924 1251 et
1948 1192 2005 1250 in

423 1273 572 1332 Novo
613 1275 930 1352 frequenter
967 1279 1182 1355 legatur
1221 1278 1292 1342 de
1319 1283 1452 1352 Deo,
1496 1283 1810 1347 hominibus
1837 1299 2008 1357 appa-

425 1362 618 1436 ruisse,
656 1369 773 1430 sive
807 1367 1097 1430 visibilite'r
1130 1375 1440 1440 carnalibus
1478 1377 1688 1444 oculis,
1723 1377 1839 1436 sive
1872 1377 2010 1434 iuvi.

421 1459 656 1546 sibiliter
667 1453 1008 1537 propheticis
1029 1467 1347 1536 visionibus.
1370 1469 1499 1532 dum
1515 1468 1868 1546 Erangelium
1891 1471 1970 1527 ait
1993 1489 2008 1528 :

427 1569 448 1606 t
470 1539 640 1609 Deum
677 1568 836 1617 nemo
873 1554 1005 1613 vidit
1043 1572 1280 1632 unquam
1304 1577 1351 1614 ι.
1386 1558 1494 1622 Sed
1525 1560 1571 1619 si
1611 1539 1820 1623 de'soio
1850 1559 2012 1620 Patre

423 1640 728 1713 diceretur,
768 1646 916 1718 quod
949 1663 1076 1716 eum
1125 1665 1286 1730 nemo
1322 1651 1494 1720 vidit,
1539 1652 1798 1712 facillim
1837 1655 1990 1715 solve

2097 450 2224 524 quia
2261 450 2354 506 lilii
2405 451 2501 508 Dei
2547 467 2769 521 sumus,
2823 451 2922 510 sed
2969 450 3206 508 nondum
3254 454 3503 524 appuntit
3551 453 3683 525 quid

2095 543 2320 603 erimus.
2361 541 2579 603 Scimus
2609 553 2794 609 autem
2819 545 2984 617 quia,
3020 559 3146 600 cum
3189 544 3302 614 ipse
3341 543 3686 616 apparuerit,

2098 633 2404 692 videbimus
2423 649 2572 702 eum,
2595 635 2753 692 sicuti
2775 643 2862 694 est
2879 655 2926 694 ο.
2956 633 3154 694 Paulus
3179 635 3309 690 item
3335 653 3350 690 :
3379 652 3400 690 ι
3431 632 3694 690 Videmus

2103 742 2249 784 nunc
2276 740 2378 802 per
2420 726 2702 800 speculum
2746 727 2802 784 in
2845 728 3173 800 aenigmate,
3211 737 3338 788 tunc
3377 735 3560 785 autem
3605 721 3688 781 ia-

2093 808 2242 877 ciem
2287 820 2357 878 ad
2399 817 2598 878 faciem
2633 840 2681 884 ι.
2720 829 3014 892 ceteraque
3060 819 3112 876 id
3162 833 3353 893 genus.
3397 816 3566 888 Quid,
3609 812 3692 874 in—

2103 927 2290 984 quam,
2317 911 2504 970 vident
2547 914 2796 973 homines
2835 921 2894 971 et
2935 913 3146 988 angeli,
3184 912 3270 972 vel
3313 912 3486 970 visuri
3530 919 3691 975 sunt.
3733 905 3742 913 ’

2103 1006 2234 1072 dum
2261 1007 2606 1081 apertissime
2626 1015 2686 1066 et
2719 1017 2944 1066 sanctus
2965 1005 3288 1069 Ambrosius
3316 1016 3372 1066 et
3403 1007 3694 1080 Dionysius

2104 1095 2430 1168 Arcanagita
2451 1096 2660 1166 abstme
2680 1094 2792 1153 ulla
2813 1096 3161 1163 cunctatione
3185 1097 3477 1164 inculcant,
3497 1096 3667 1154 Deum
3681 1137 3694 1160 ,

2107 1200 2378 1245 summam
2423 1187 2550 1248 (lico
2573 1185 2922 1256 Trinitatem,
2968 1185 3102 1252 nulli
3146 1202 3248 1260 per
3284 1201 3344 1282 se
3379 1185 3552 1258 ipsam
3599 1201 3698 1240 nn-

2109 1295 2270 1352 quam
2299 1280 2643 1352 apparuisse,
2681 1294 2961 1354 nunquam
2989 1294 3272 1353 apparere,
3299 1280 3574 1348 nunquam
3605 1287 3702 1347 ap.

2107 1371 2454 1452 parituram?
2495 1370 2794 1448 Apparebit
2833 1374 3025 1446 itaque
3073 1370 3128 1428 in
3176 1369 3520 1444 tlteopltaniis
3561 1369 3696 1432 suis.

2111 1463 2218 1521 hoc
2245 1471 2330 1522 est
2367 1464 2568 1521 divinis
2595 1463 3046 1538 apparitionibus,
3075 1462 3128 1517 in
3159 1463 3356 1534 quibus
3387 1461 3542 1534 juxta
3577 1461 3703 1517 alti-

2115 1554 2356 1622 tudinem
2406 1555 2659 1628 puritatis
2705 1563 2762 1614 et
2815 1555 3034 1614 virtutis
3079 1551 3504 1627 uniuscujusque
3560 1551 3704 1608 Detts

2113 1647 2420 1720 apparebit.
2449 1645 2837 1719 Theophaniae
2883 1655 3065 1704 autem
3110 1656 3238 1706 sum
3263 1660 3454 1706 omnes
3489 1650 3700 1703 creatu-

427 1743 579 1792 retur
618 1739 885 1808 quaestio,
929 1748 994 1803 ut
1039 1755 1274 1814 persona
1317 1742 1438 1801 Filii
1476 1752 1535 1802 et
1569 1745 1807 1819 Spiritus
1831 1745 2005 1802 sancti
2035 1740 2210 1815 Erae
2251 1737 2498 1798 visibiles
2533 1749 2591 1798 et
2635 1739 2960 1806 invisibiles,
3007 1755 3105 1812 per
3150 1754 3294 1814 quas.
3337 1739 3497 1805 Deus,
3546 1746 3602 1796 et
3647 1737 3703 1794 in

424 1838 586 1922 saepe
613 1825 980 1903 intelligantur
1002 1831 1290 1922 visibiliier
1310 1837 1654 1919 apparuisse,
1679 1837 1857 1922 solum
1881 1851 2014 1894 vero
2115 1829 2317 1905 quibus
2359 1845 2523 1906 saepe
2559 1833 2852 1905 apparuit,
2883 1842 2944 1890 et
2983 1841 3232 1904 apparet,
3274 1841 3336 1888 et
3359 1831 3707 1922 apparitor-ns

423 1911 644 1972 Patrem
689 1931 958 1980 remotum
1001 1920 1076 1980 ab
1117 1912 1267 2006 omni
1307 1911 1534 1993 visione.
1579 1916 1856 2000 Quoniam
1884 1943 2018 1987 vere

429 2027 535 2073 non
557 2013 626 2072 de
650 2029 754 2070 una
773 2016 1025 2086 persona,
1056 2013 1153 2084 sed
1173 2017 1242 2077 de
1266 2021 1383 2082 sola
1403 2020 1690 2090 Trinitate,
1713 2037 1854 2096 quae
1875 2021 2019 2087 Deus

429 2121 567 2168 unus
611 2116 727 2174 est,
763 2103 872 2168 ltoc
925 2109 1251 2184 intelligitur
1305 2114 1544 2182 dictum,
1596 2135 1618 2169 ι
1649 2115 1820 2172 Deum
1857 2128 2021 2176 nemo

303 2199 318 2205 ‘
357 2290 374 2310 ο
433 2195 564 2303 vidit
604 2213 841 2310 imquam
864 2219 914 2266 ι,
949 2205 1245 2270 essentiam
1285 2205 1539 2271 videlicet
1571 2217 1628 2262 et
1660 2206 2020 2264 substantiam

431 2289 590 2346 unius
622 2289 931 2360 Trinitatis,
975 2297 1234 2368 quoniam
1288 2305 1510 2372 superat
1551 2313 1768 2359 omnem
1809 2297 2022 2356 intelle—

433 2387 582 2459 ctum
620 2381 900 2443 rationalis
923 2395 981 2447 et
1013 2383 1394 2469 intellectualis
1424 2398 1736 2456 creaturae,
1772 2405 1884 2448 non
1928 2391 2028 2449 im-

437 2473 630 2564 merito
682 2476 1115 2564 investigandum
1176 2493 1300 2551 est,
1355 2483 1500 2564 quod
1555 2481 1848 2555 apparuit,
1897 2483 2026 2543 dum

437 2563 636 2652 dicitur
665 2566 806 2624 Deus
844 2561 1287 2637 sive'visibiliter
1315 2561 1438 2635 ~sive
1472 2575 1824 2637 invisibiliter
1847 2590 2028 2652 appe-

440 2651 632 2710 ntisse.
654 2652 854 2712 Beatus
867 2653 1593 2733 Angttstinusincunétanter
1604 2665 1806 2738 aperit,
1828 2651 2026 2725 Filium

441 2745 755 2816 apparuisse
791 2748 848 2804 in
874 2746 1062 2808 Veteri
1105 2748 1476 2821 Testamento,
1501 2769 1619 2814 non
1656 2765 1842 2819 tamen
1879 2759 1934 2818 in
1963 2774 2030 2818 ea

441 2833 909 2912 substantia,qna
956 2840 1106 2905 Patri
1148 2843 1394 2918 aequalis
1437 2853 1554 2914 est,
1593 2847 1690 2906 sed
1739 2848 1795 2906 in
1845 2849 2030 2922 aliqua

442 2927 687 3007 subjecta
708 2941 982 3013 creatura,
1022 2935 1140 2994 sive
1177 2929 1376 2994 visibili
1404 2934 1836 3008 sivevinvisibili.
1871 2939 2030 2998 Simi-

442 3019 571 3085 liter
595 3025 813 3103 quando
834 3027 1152 3101 apparuisse
1170 3023 1649 3104 Spirituslegitur,
1675 3031 1826 3088 verbi
1855 3033 2030 3106 gratia

2113 1933 2225 1983 est.
2271 1923 2408 1983 item
2469 1923 2674 1984 virtute
2734 1924 3247 1999 purgatissimarurn
3305 1921 3611 1978 animarum
3645 1928 3700 1976 et

2111 2016 2492 2079 imellectuum
2536 2016 2896 2088 tbcupbaniae
2923 2022 3080 2080 sunt,
3123 2021 3182 2071 et
3223 2013 3276 2072 in
3319 2013 3405 2074 eis
3441 2025 3708 2086 quaeren-

2120 2112 2268 2188 tibus
2307 2120 2362 2168 et
2398 2109 2748 2183 diligentibus
2789 2123 2850 2166 se
2893 2107 3038 2166 Deus
3065 2106 3400 2176 inanilestat,
3428 2105 3483 2163 in
3511 2103 3710 2178 quibus

2119 2203 2288 2262 veluti
2335 2202 2658 2280 quibusdam
2705 2201 2946 2267 nubibus
2977 2200 3262 2271 rapiuntur
3281 2197 3459 2256 sancti
3493 2195 3708 2255 obviam

2121 2296 2357 2361 Christo,
2385 2297 2525 2352 sicut
2545 2295 2624 2353 ait
2643 2293 2971 2370 Apostolus:
3007 2313 3028 2346 ο
3055 2290 3352 2364 Rapiemnr
3375 2288 3432 2344 in
3473 2285 3708 2345 nubibus

2123 2389 2340 2449 obviam
2383 2388 2600 2445 Christo
2621 2408 2669 2454 ρ.
2713 2387 2896 2448 nubes-
2930 2385 3212 2458 appellans
3253 2381 3567 2443 altitudines
3597 2378 3716 2436 ela-

2127 2478 2374 2542 rissimas
2390 2479 2604 2536 divinae
2625 2478 2887 2543 tbenriae,
2912 2477 2966 2533 in
2988 2492 3096 2548 qua
3115 2489 3334 2548 semper
3351 2486 3474 2532 cum
3495 2471 3714 2531 Christo

2127 2579 2308 2630 erunt.
2339 2568 2480 2636 llinc
2528 2578 2641 2637 est,
2682 2570 2828 2640 quod
2873 2567 3164 2640 Dionysius
3203 2565 3282 2622 ait
3313 2581 3342 2619 :.
3366 2581 3388 2624 t
3411 2563 3480 2624 Et
3503 2563 3552 2618 si
3589 2561 3717 2634 quis

2130 2677 2280 2729 eum,
2302 2663 2470 2720 Deum
2497 2661 2767 2728 videlicet,
2795 2659 2996 2716 vidisse
3017 2656 3244 2724 dixerit,
3268 2669 3377 2718 non
3405 2668 3532 2718 eum
3559 2653 3717 2715 vidit,

2127 2756 2224 2816 sed
2254 2752 2460 2826 aliquid
2485 2748 2560 2815 ab
2585 2733 2900 2812 tae-factum.
2930 2748 3052 2820 ipse
3089 2747 3235 2807 enim
3270 2744 3496 2807 omnino
3538 2743 3720 2799 invisi-

2131 2845 2260 2905 bilis
2283 2853 2390 2912 est,
2415 2843 2509 2917 qui
2539 2843 2734 2900 melius
2759 2841 3054 2899 nescisttdo
3083 2839 3277 2904 scitur,
3301 2845 3358 2893 et
3386 2835 3543 2912 cujus
3569 2833 3720 2906 igno-

2133 2940 2314 3013 rantia
2333 2953 2471 2995 vera
2487 2949 2572 2995 est
2596 2934 2867 3010 sapientia
2887 2952 2933 2990 ι.
2955 2930 3275 3004 Unigem'lus
3303 2923 3496 2994 Filius,
3532 2926 3722 2998 quiest

2135 3035 2195 3092 in
2226 3035 2349 3095 sint:
2385 3031 2607 3099 Patris;
2631 3029 2716 3086 vel
2751 3036 2814 3086 ut
2853 3024 3150 3084 in‘Graeeo
3190 3021 3488 3081 scribitur:
3516 3017 3612 3090 qui
3639 3027 3723 3075 eat

443 3111 500 3190 in
541 3112 724 3185 specie
757 3112 1064 3184 columbae,
1101 3131 1210 3173 non
1248 3127 1348 3190 per
1383 3131 1446 3175 se
1477 3116 1652 3199 ipsum
1699 3122 1752 3190 in
1789 3137 1855 3178 ea
1905 3124 2036 3188 sulp-
2056 3111 2106 3176 C
2133 3125 2196 3192 in
2222 3125 2345 3186 sinu
2429 3121 2628 3189 Patris,
2656 3119 2744 3177 vel
2778 3118 2832 3174 in
2858 3117 3076 3199 sinibus
3089 3113 3290 3172 Patris.
3315 3111 3375 3170 in
3397 3109 3724 3182 quitmsdant

443 3203 665 3274 διθηιῖας
700 3221 806 3278 itua
835 3203 984 3266 Patri
1011 3217 1071 3267 et
1095 3203 1235 3268 Filio
1254 3197 1644 3271 'coessen‘tialis
1682 3221 1797 3279 est,
1837 3215 1936 3279 sed
1975 3214 2035 3278 in
2133 3217 2420 3277 codicibus
2460 3213 2796 3274 Graecorum
2842 3197 3193 3284 singulariter
3226 3207 3385 3264 sinite
3426 3201 3606 3263 Patris
3643 3199 3725 3260 di-

445 3294 689 3365 Buhiecia
733 3307 986 3360 Creatura
1034 3310 1120 3358 est
1162 3296 1606 3361 existimandum.
1649 3299 1709 3364 Id
1745 3301 1924 3376 ipsum
1967 3301 2038 3369 de
2138 3307 2302 3373 citur,
2327 3306 2390 3364 in
2415 3302 2746 3377 quibusdam
2789 3301 3100 3376 pluraliter,
3133 3297 3295 3371 quasi
3323 3297 3478 3355 sinus
3523 3291 3727 3354 mullos

444 3379 612 3454 Patre
637 3388 898 3466 intellige.
925 3385 1178 3478 Visiones
1193 3393 1361 3460 etiam
1403 3393 1813 3467 prophetarum,
1837 3395 2036 3478 quibus
2137 3399 2312 3463 El’ater
2361 3397 2580 3463 habeat.
2630 3393 2756 3466 Ipse
2801 3392 3095 3478 enarravit.
3152 3387 3476 3461 linigenitns
3541 3384 3725 3478 itaque

447 3481 743 3558 prophetae
777 3480 953 3554 Deum
1001 3471 1205 3544 vidis‘se
1252 3481 1628 3565 perhibentur.
1681 3489 1752 3546 de
1796 3471 2038 3562 adjecta
2135 3492 2314 3557 Filius
2345 3491 2520 3565 Deum
2567 3487 2834 3552 narravit,
2880 3476 2987 3544 hoc
3029 3490 3144 3549 est,
3190 3482 3246 3537 in
3293 3495 3358 3538 se
3405 3478 3523 3558 ipso
3552 3474 3728 3532 mani-

450 3574 682 3648 quadam
707 3575 981 3650 spirituali
1008 3583 1258 3645 creatura
1291 3573 1466 3637 factae
1492 3587 1655 3648 sunt;
1679 3580 2040 3641 substantiam

449 3679 582 3726 vero
603 3666 841 3725 divinam
864 3681 964 3744 per
980 3683 1040 3727 se
1066 3668 1240 3744 ipsam
1271 3668 1418 3746 nullo
1435 3669 1596 3736 modo
1617 3671 1700 3729 eis
1723 3672 2043 3746 apparuisse

437 3749 743 3835 Dionysius
781 3759 1164 3838 incunctanter
1195 3762 1421 3829 astruit,
1449 3779 1521 3825 ne
1556 3764 1848 3824 invisibilis
1872 3773 1930 3824 et
1958 3766 2046 3823 in—

451 3850 954 3928 comprehensibilis
987 3855 1170 3928 aliquo
1215 3857 1378 3918 modo
1426 3856 1600 3921 videri
1634 3867 1738 3918 aut
1786 3873 2044 3932 compre-

373 3959 388 3970 β
452 3941 614 4000 bendi
639 3958 796 4016 posse
825 3943 1184 4010 existimetur.
1207 3945 1500 4018 Quaeritur
1519 3949 1704 4014 etiam.
1729 3957 1910 4010 utrum
1941 3953 2046 4011 hoc

455 4033 697 4112 [dicatur
736 4035 826 4112 de]
851 4033 1182 4096 hominibus
1225 4039 1568 4106 solummodo
1605 4042 1787 4101 adhuc
1836 4045 1890 4100 in
1934 4044 2046 4102 hac

451 4127 566 4185 vita
587 4128 923 4202 degentibus,
948 4145 1055 4187 non
1074 4128 1268 4191 autem
1293 4133 1361 4188 de
1387 4133 1680 4192 virtutibus
1699 4133 2044 4201 caelestibus,

453 4231 596 4292 quae
612 4233 828 4292 semper
847 4221 901 4277 in
931 4215 1112 4276 divina
1136 4222 1594 4299 contemplatione
1613 4226 1939 4284 consistunt.
1963 4225 2046 4290 Ad

455 4307 562 4368 hoc
597 4309 906 4378 dicendum.
933 4311 1058 4382 quia
1098 4312 1278 4374 nullus
1316 4313 1586 4372 humanae
1625 4331 1721 4378 seu
1767 4318 2048 4391 angelicae

2142 3587 2385 3650 (estavit.
2417 3599 2525 3642 non
2573 3583 2631 3642 in
2665 3587 2930 3654 quantmn
2957 3577 3220 3637 divinitas
3262 3575 3406 3648 ejus,
3433 3585 3574 3645 quae
3613 3585 3732 3628 omo

2147 3680 2280 3738 uiuo
2340 3674 2632 3739 invisibilis
2667 3683 2785 3740 est,
2837 3670 2936 3730 sed
2986 3655 3354 3743 iit-quantum
3397 3664 3728 3728 immanitas,

2141 3786 2341 3844 quam,
2381 3779 2448 3828 ut
2487 3783 2549 3826 se
2591 3768 2768 3847 ipsum
2817 3774 2874 3821 et
2914 3763 3134 3820 Patrem
3179 3775 3367 3826 suum,
3416 3771 3628 3847 necnon
3675 3763 3733 3810 et

2146 3855 2414 3938 Spiritum
2444 3846 2694 3918 sanctum
2721 3870 2880 3914 suum
2909 3854 3224 3912 homin-ibus
3263 3846 3644 3910 manifestam
3675 3853 3732 3904 et

2139 3954 2378 4026 angelis,
2409 3951 2643 4024 accepit.
2683 3949 2822 4008 Nam
2861 3949 3104 4006 humana
3129 3945 3336 4010 anima,
3371 3943 3499 3998 dum
3539 3953 3639 4012 per
3675 3951 3734 3994 se

2148 4047 2322 4120 ipsam
2349 4044 2638 4104 invisibilis
2661 4043 2754 4108 sit,
2787 4054 2886 4113 per
2902 4050 3094 4097 motus
3119 4051 3250 4095 suos
3276 4045 3594 4105 corporeus,
3620 4044 3728 4120 non

2147 4119 2279 4210 cum
2301 4139 2398 4203 sit.
2425 4138 2522 4197 sed
2549 4136 2676 4206 quia
2711 4135 2808 4201 sit,
2837 4129 3172 4196 manifestat.
3200 4128 3268 4202 Et
3297 4125 3426 4201 quid
3453 4131 3560 4189 est,
3586 4119 3731 4210 quod

2151 4208 2227 4289 ait
2254 4247 2268 4286 :
2303 4248 2322 4282 ι
2349 4210 2452 4300 Qui
2481 4237 2568 4292 est
2592 4227 2648 4284 in
2689 4227 2812 4286 sinu
2845 4221 3026 4282 Patris
3046 4241 3066 4274 ι
3114 4217 3200 4276 vel
3233 4236 3252 4271 ι
3281 4217 3337 4273 in
3385 4213 3598 4276 sinibus
3634 4208 3737 4265 Pa-

2151 4321 2256 4383 tris
2279 4319 2340 4376 »2
2369 4315 2566 4376 Utrum
2617 4315 2763 4372 aliud
2805 4323 2893 4370 est
2919 4313 3073 4373 sinus
3117 4307 3319 4374 Patris,
3363 4303 3508 4362 aliud
3550 4302 3739 4372 unige‘

457 4409 684 4458 naturae
708 4401 979 4475 particeps
1004 4402 1180 4476 ipsum
1220 4403 1388 4462 Deum
1426 4421 1526 4477 per
1545 4421 1608 4468 se
1635 4409 1812 4481 ipsum
1858 4411 1912 4466 in
1942 4424 2042 4467 sua
2151 4414 2301 4475 nitus
2325 4408 2497 4468 Filius
2522 4406 2736 4465 Patris?
2761 4404 2880 4463 Non
2910 4400 3082 4470 aliud,
3111 4399 3205 4459 scd
3231 4395 3544 4476 unigenitus
3569 4391 3740 4451 Filius

459 4493 675 4566 propria
717 4501 914 4550 natura
940 4503 1140 4567 potest
1181 4499 1558 4577 contemplari.
1601 4499 1756 4571 Quod
1787 4504 1933 4562 enim
1985 4505 2042 4567 in
2073 4481 2124 4542 θ
2153 4506 2272 4577 ipse
2309 4513 2407 4562 est
2447 4503 2601 4560 sinus
2635 4497 2832 4558 Patris.
2878 4495 3046 4556 Sinus
3090 4500 3273 4550 autem
3321 4485 3502 4577 Patris
3541 4485 3741 4577 dicitur

461 4585 630 4646 latino
687 4585 873 4645 codice
917 4589 1222 4660 scriptum,
1274 4607 1294 4642 ι
1321 4587 1490 4656 Deum
1515 4575 1696 4656 'nemo
1722 4593 1860 4654 vidit
1895 4614 1942 4662 ι,
1987 4596 2045 4653 in

460 4693 661 4751 graeco
685 4698 704 4732 ι
744 4679 912 4736 Deum
943 4679 1124 4740 nullus
1147 4680 1282 4738 vidit
1311 4697 1369 4750 »ς
1400 4667 1567 4749 eiciet:
1593 4685 1793 4757 quippe
1815 4695 1872 4745 et
1899 4705 2050 4744 nemo

461 4781 519 4830 et
563 4771 741 4832 nullus
780 4773 1188 4848 interpretatur.
1237 4777 1376 4846 Quid
1417 4795 1550 4855 ergo
1583 4787 1806 4838 sanctae
1831 4783 2054 4842 animae

462 4865 743 4932 hominum
787 4877 846 4927 et
889 4868 1063 4926 sancti
1111 4869 1416 4928 intellectus
1463 4871 1788 4944 angelorum
1833 4875 2049 4941 vident,

465 4965 593 5022 dum
619 4953 789 5028 Deum
815 4967 1018 5031 vident,
1043 4966 1088 5023 si
1115 4967 1290 5039 ipsum
1321 4969 1489 5031 Deum
1513 4983 1624 5024 non
1657 4968 1865 5032 vident,
1888 4983 2052 5041 quem

468 5057 652 5116 videro
687 5059 1076 5132 perhibentur?
1099 5060 1263 5118 Verbi
1294 5061 1493 5134 gratia,
1520 5069 1581 5120 ut
1607 5075 1776 5132 pauca
1801 5061 2049 5130 exempla

467 5149 536 5208 de
558 5149 740 5207 multis
757 5164 1050 5222 ponamus,
1074 5149 1262 5207 Esaias
1291 5151 1421 5206 vidit
1458 5150 1740 5204 hominum
1773 5151 2048 5207 sedentem

469 5252 632 5312 super
659 5229 850 5300 solium
875 5241 1168 5298 excelsum.
1197 5240 1455 5302 Dominus
1480 5239 1611 5296 dicit
1633 5239 1686 5294 in
1719 5237 2048 5311 Evangelia:

411 5373 420 5382 .
478 5349 498 5384 ι
523 5329 712 5402 Angeli
751 5345 938 5388 eorum
969 5339 1185 5408 semper
1224 5331 1408 5388 vident
1457 5328 1650 5386 faciem
1697 5327 1877 5384 Patris
1907 5331 2050 5396 mei,

470 5419 564 5490 qui
593 5421 646 5474 in
670 5419 842 5478 caelis
858 5428 994 5477 est».
1019 5421 1182 5477 item:
1219 5439 1239 5472 ι
1269 5419 1370 5490 Qui
1400 5408 1578 5492 diligit
1607 5432 1713 5485 me,
1735 5419 1991 5492 diligetur
2022 5436 2054 5477 ει

477 5511 638 5571 Patre
671 5525 818 5576 meo,
853 5520 910 5566 et
933 5525 1035 5582 ego
1057 5511 1273 5581 diligam
1302 5525 1458 5568 eum.
1501 5517 1556 5565 et
1584 5509 1942 5566 manifestabo
1969 5524 2056 5566 me

2153 4573 2344 4660 Pilius,
2374 4592 2501 4664 quia
2527 4590 2748 4653 Patrem
2782 4583 3081 4647 insinuavit
3119 4581 3340 4639 mundo.
3373 4576 3541 4640 Sinus
3575 4573 3740 4630 etiam

2152 4675 2335 4748 Patris
2367 4684 2680 4758 unigenitus
2721 4681 2894 4742 Filius
2939 4687 3055 4746 est,
3097 4676 3230 4749 quia
3277 4675 3330 4733 in
3378 4669 3606 4729 secretis
3641 4681 3742 4736 pa-

2155 4789 2344 4851 ternae
2369 4785 2596 4834 naturae
2616 4789 2840 4853 semper
2867 4780 2976 4838 est,
3004 4771 3148 4830 sicut
3176 4767 3294 4840 ipse
3334 4764 3412 4822 alt
3437 4783 3450 4818 :
3485 4781 3505 4814 ί
3534 4759 3668 4853 Ego—
3688 4758 3741 4819 in

2154 4871 2340 4936 Patre,
2372 4879 2430 4926 et
2471 4867 2639 4932 Pater
2665 4867 2720 4925 in
2750 4881 2839 4922 me
2867 4873 3025 4921 ests.
3069 4857 3534 4933 Quemadmodum
3578 4852 3746 4922 igitur

2155 4963 2352 5020 domus
2374 4959 2555 5018 Patris
2585 4957 2898 5028 unigenitus
2938 4954 3110 5012 Filius
3147 4960 3252 5018 est,
3279 4951 3422 5008 sicut
3465 4948 3582 5018 ipse
3627 4944 3740 5000 ait:

2163 5073 2184 5108 ι
2211 5055 2269 5112 in
2295 5055 2458 5111 domo
2486 5051 2666 5108 Patris
2695 5051 2801 5106 mei
2839 5048 3156 5105 mansiones
3183 5045 3385 5102 multae
3423 5049 3551 5100 sunt
3581 5055 3637 5104 ις
3680 5052 3748 5093 ac

2154 5147 2202 5206 si
2224 5147 2432 5205 diceret
2456 5163 2472 5198 :
2493 5143 2555 5200 in
2580 5158 2688 5206 me,
2715 5143 2774 5198 in
2801 5155 2910 5212 quo
2939 5139 3097 5198 Pater
3126 5137 3291 5194 veluti
3319 5138 3372 5192 in
3402 5150 3497 5190 sua
3525 5130 3747 5202 propria

2157 5239 2318 5296 domo
2353 5236 2582 5300 habitat,
2631 5233 2830 5290 multae
2874 5225 3188 5288 mansiones
3213 5235 3379 5292 sunt;
3413 5225 3466 5280 in
3492 5238 3557 5280 ea
3599 5221 3750 5286 enim.

2156 5328 2531 5398 unusquisque
2560 5338 2718 5381 suam
2763 5321 3130 5394 receptionem
3163 5333 3266 5390 pro
3287 5317 3410 5374 suis
3443 5312 3654 5369 meritis
3691 5319 3748 5365 et

2159 5418 2331 5492 ipsius
2349 5417 2525 5490 gratia
2573 5412 2960 5486 possidebunt:
2989 5411 3064 5467 ita
3079 5419 3150 5468 ἐι
3179 5409 3333 5466 sinus
3351 5405 3531 5460 Patris
3549 5410 3634 5459 est
3657 5399 3746 5492 Fi~

2159 5491 2297 5574 lius;
2331 5509 2385 5564 in
2419 5507 2536 5579 ipso
2555 5509 2702 5565 enim
2727 5506 2915 5576 recipit
2942 5503 3124 5568 Pater,
3149 5509 3204 5558 et
3223 5497 3451 5570 colligit,
3475 5509 3613 5574 quos
3635 5491 3745 5547 vult

1810 5603 2068 5662 VAlllAE
2103 5594 2508 5663 LECTIONES.

551 5677 570 5708 '
598 5675 730 5734 Cod.
757 5691 852 5732 cur
872 5691 1008 5730 cum.
