4202 6182
499 277 610 340 305

1525 270 1878 330 COMMENT.
1918 271 1982 326 ΙΝ
2022 269 2272 327 Ενλμε.
2319 271 2464 324 5Ε(ῖ.
2502 267 2692 322 JtlAN.

3671 257 3780 314 306

502 393 744 452 veniens,
777 387 1055 446 visibililer
1085 389 1342 446 mundum
1381 387 1601 444 salvari.
1643 385 1798 441 Prius
1827 383 2080 439 clamavit
2113 389 2156 442 Α
2188 383 2392 437 rexisse
2433 394 2497 434 ac
2540 380 2867 448 baptizassc.
2924 379 2994 435 Ac
3038 391 3141 447 per
3186 377 3286 431 hoc
3331 388 3441 431 non
3480 373 3779 443 ῖιιιοτιοοειι.

503 481 854 540 aeternaliter
879 496 974 550 per
1001 479 1174 538 solam
1203 496 1352 536 suam
1384 478 1720 533 divinitatem
1749 486 1874 530 ante
1901 476 2081 531 incar-

503 577 807 637 nationem;
865 571 1116 628 ciamavit
1165 582 1350 641 postea
1392 583 1487 639 per
1532 583 1685 623 suam
1731 581 1966 621 carnem.
2020 564 2088 618 Et

500 667 630 738 quid
657 665 744 721 illa
768 680 867 718 vox
892 663 1027 732 ejus,
1058 665 1159 717 hoc
1184 673 1266 717 est
1294 677 1616 732 praecursor
1631 658 1771 728 ejus,
1788 657 2087 714 vociferati

502 761 662 814 Audi.
696 757 912 826 Dirigit:
941 757 1078 809 vium
1105 753 1332 808 Domini.
1363 752 1501 821 Quid
1526 761 1609 808 est
1640 771 1658 802 ι
1695 752 1918 821 Dirigite
1942 753 2083 806 viam

503 850 715 906 Domini
759 850 824 903 si
862 847 1052 904 Nonne
1078 848 1224 917 quod
1250 847 1512 917 sequitur,
1551 867 1568 896 ι
1605 856 1782 900 rectas
1811 844 1966 899 facile
1996 858 2082 897 se-

501 942 662 994 ruitus
690 938 754 993 ιτ
785 938 1007 1008 Dirigito
1037 951 1168 1007 ergo
1197 936 1340 991 viam
1371 935 1580 988 Domini
1601 977 1614 996 .
1659 936 1759 988 hoc
1794 943 2085 996 est,.reete

501 1029 809 1097 praedicatis
848 1037 905 1084 et
945 1027 1152 1083 credite
1189 1025 1493 1088 Dominum,
1541 1027 1634 1096 qui
1676 1026 1760 1080 via
1801 1035 1903 1087 est,
1947 1026 2087 1078 sicut

502 1119 616 1188 ipse
637 1118 715 1172 ait
746 1135 758 1171 :
793 1137 815 1169 ‹
848 1116 960 1190 Ego
985 1132 1106 1177 sum
1137 1117 1220 1172 via
1249 1125 1305 1171 et
1332 1116 1532 1171 veritas
1561 1127 1617 1172 et.
1631 1115 1736 1171 vita
1762 1134 1804 1168 ι.
1823 1115 2002 1171 Potest
2029 1124 2083 1170 et

497 1211 582 1265 sic
605 1209 862 1282 intelligi:
890 1227 910 1262 ι
937 1209 1161 1282 Diligite
1188 1209 1329 1265 viam
1360 1209 1568 1265 Domini
1597 1229 1641 1274 ι,
1675 1210 1776 1265 hoc
1801 1220 1904 1271 est.
1937 1219 2086 1266 recte

497 1301 706 1358 credite
733 1300 794 1356 in
824 1301 1133 1357 Dominum.
1161 1301 1278 1368 Non
1308 1301 1454 1356 enim
1486 1316 1582 1371 per
1612 1301 1772 1355 aliam
1806 1299 1948 1360 viam
1978 1301 2081 1354 Do-

499 1392 682 1450 minus
721 1393 885 1448 corda
936 1393 1212 1448 hominum
1254 1392 1570 1462 ingreditur,
1615 1391 1717 1447 nisi
1764 1405 1858 1462 per
1898 1392 2082 1452 ﬁdem.

382 1453 413 1488 ”
496 1497 639 1554 quae
687 1484 771 1538 via
815 1492 900 1540 est
942 1483 1178 1540 Domini.
1221 1453 1369 1538 sui:
1413 1483 1548 1538 dixit
1583 1453 1779 1537 Esaias
1810 1483 2078 1552 propheta.

499 1570 704 1631 Videas
724 1573 1054 1644 evangelista
1085 1573 1408 1629 sententiam
1419 1572 1609 1629 Esaiae
1633 1573 1702 1629 de
1731 1588 2084 1643 praecursore

494 1666 714 1729 Domini
757 1666 812 1723 in
859 1667 1150 1740 Evangelia
1190 1668 1729 1723 secundum-Lucam
1755 1667 2084 1738 plenissime

498 1762 792 1831 scriptam,
832 1761 1199 1818 intermittere
1232 1761 1429 1826 voluit,
1475 1778 1543 1817 ne
1582 1763 1857 1818 videretur
1889 1778 2078 1832 super-
2114 1745 2159 1805 Β

499 1853 697 1918 l'luum,
725 1854 954 1910 eandem
983 1855 1308 1912 sententiam
1337 1856 1710 1924 recapitulare.
1748 1857 1803 1911 In
1837 1858 1936 1914 hoc
1970 1858 2083 1910 loco

503 1944 566 1999 de
593 1945 836 2015 mysticis
878 1948 1250 2015 praecursoria
1283 1949 1594 2002 nominibus
1629 1963 1799 2018 pauca
1843 1948 2085 2004 inserere

500 2056 606 2094 ron
634 2050 719 2096 est
746 2041 1152 2102 inconveniens,
1186 2053 1244 2095 ut
1271 2043 1486 2113 opinor.
1522 2043 1632 2097 Vox
1662 2050 1900 2101 vocatur.
1935 2043 2082 2111 quia,

500 2130 638 2186 sicin
665 2147 763 2186 vos
793 2135 1070 2205 praecedit
1102 2135 1297 2188 mentis
1328 2146 1682 2205 conceptum,
1725 2136 1797 2188 ita
1848 2133 2086 2192 Joannes

499 2219 794 2302 praecessit
840 2223 934 2278 Dei
981 2221 1238 2279 Verbum.
1291 2225 1576 2302 Πρόδρομος
1621 2236 1866 2288 vocatur,
1911 2226 1962 2279 id
2003 2237 2083 2280 est

499 2327 838 2382 praecursor,
860 2315 987 2385 quia
1016 2330 1120 2370 non
1151 2315 1325 2371 solum
1365 2314 1602 2370 Joannes
1657 2318 1710 2371 iu
1735 2319 2086 2386 conceptione

499 2419 552 2460 et
585 2407 888 2469 nativitatc,
923 2421 1109 2462 verum
1149 2409 1312 2478 etiam
1359 2411 1412 2463 in
1446 2411 1708 2482 mysterio
1748 2410 2088 2482 baptismatis

499 2505 555 2550 et
609 2496 1033 2567 praedicationis
1089 2499 1452 2568 poenitentiae
1499 2501 1782 2566 Dominum
1839 2517 2088 2574 pmeces-

499 2587 592 2640 sit.
631 2579 900 2667 «nam
939 2589 1158 2654 dicitur,
1211 2590 1314 2644 hoe
1361 2599 1445 2647 est
1494 2592 1666 2648 lucem
1706 2592 1911 2656 ferens,
1961 2597 2088 2664 quia

501 2679 616 2748 ipse
645 2679 820 2749 primo
851 2679 1025 2737 lucem
1056 2683 1238 2736 mundi
1278 2682 1334 2737 in
1369 2685 1616 2738 notitiam
1651 2687 1851 2739 tnundo
1884 2673 2086 2748 attulit,

499 2777 553 2822 et
586 2771 640 2824 in
669 2785 726 2824 se
756 2771 876 2842 ipso
901 2773 1152 2842 gestavit.
1186 2771 1348 2828 Stella
1379 2774 1642 2830 matutina
1663 2817 1678 2839 ,
1707 2791 1868 2846 quam
1895 2775 2085 2832 Graeci

501 2857 690 2936 ὅστρον
731 2863 946 2938 πρωῖνὸν
990 2862 1292 2933 appellant,
1338 2862 1574 2919 JOanoes
1643 2866 1880 2930 dicitur,
1928 2868 2087 2936 quia,

501 2953 637 3009 sicut
679 2952 766 3010 illa
810 2954 988 3018 stella,
1027 2971 1191 3026 quam
1233 2955 1488 3027 astrologi
1534 2955 1816 3011 luciferum
1862 2968 2087 3019 vocant,

499 3055 676 3101 ortum
708 3046 837 3102 solis
878 3048 1189 3117 praecedit,
1230 3049 1302 3104 ita
1347 3065 1669 3122 praecursor
1697 3053 1906 3106 Domini
1939 3052 2089 3120 prius

503 3136 703 3194 mundo
726 3140 998 3210 apparuit,
1029 3156 1189 3212 quem
1232 3140 1310 3198 sol
1355 3142 1602 3218 justitiae
1633 3145 1955 3199 subsecutus
1985 3154 2083 3200 est.

505 3225 768 3289 Similiter
809 3245 841 3284 a
882 3231 1107 3287 Graecis
1133 3229 1607 3310 δαρεδομιλιτροφὸς
1639 3234 1930 3298 vocitatur,
1966 3250 2092 3304 pro-

501 3325 626 3393 pter
666 3334 820 3376 suam
865 3320 1250 3377 abstinentiam
1296 3337 1328 3377 a
1378 3323 1756 3378 eonimunibus
1811 3323 2088 3378 hominum

502 3407 795 3469 alimentis.
835 3416 997 3489 ’Δκρες
1040 3412 1240 3482 quippe
1280 3412 1672 3482 interpretatur
1714 3415 1939 3472 locusta.
1978 3417 2091 3483 μέλι

501 3499 632 3566 ξηιλ,
659 3509 820 3578 τροφή
850 3503 867 3535 ⁸
894 3519 1048 3568 esca;
1076 3501 1546 3584 ézptdomhrpoaé:
1571 3505 1751 3574 itaque
1779 3505 2013 3561 locustas
2039 3517 2092 3560 et

502 3592 609 3648 mel
637 3591 884 3648 silvestre
905 3594 1194 3648 comedens
1223 3595 1632 3652 interoretatur.

576 3683 644 3738 Et
665 3687 754 3756 qui
777 3687 922 3741 missi
961 3688 1193 3758 fuerunt.
1223 3700 1373 3740 erant
1414 3703 1484 3742 ex
1511 3685 1817 3741 Pharisaei:
1847 3691 1886 3742 ’.
1918 3688 2082 3758 Quae-

507 3775 664 3842 ritur,
691 3793 863 3850 qnare
886 3776 1164 3833 Pharisaei
1198 3777 1344 3833 missi
1373 3787 1498 3833 sunt
1546 3779 1614 3834 ad
1663 3778 1958 3836 Joannem?
1985 3783 2091 3837 Sed

503 3868 703 3924 adhoc
748 3869 1033 3924 dicendum
1075 3887 1091 3924 :
1132 3868 1259 3926 lico
1303 3870 1608 3942 specialiter
1650 3871 1960 3939 Pharisaei,
1992 3891 2089 3927 au-

504 3961 716 4018 dientes
743 3961 1199 4031 praedicationem
1233 3961 1460 4018 Joannis
1510 3963 1820 4034 generalem
1850 3969 2090 4021 omnium

506 4053 961 4108 resurrectionem
1002 4067 1069 4108 ex
1106 4054 1335 4109 mortuis
1377 4053 1574 4125 populo
1601 4056 1860 4122 suasisse,
1893 4067 1946 4112 et
1981 4075 2094 4132 ma-

504 4144 650 4199 xime
675 4158 743 4198 eo
783 4141 922 4207 loci,
957 4143 1048 4198 ubi
1089 4143 1202 4206 ait,
1235 4163 1253 4194 ι
1289 4143 1561 4214 genimina
1592 4146 1934 4214 viperarum,
1974 4150 2094 4218 quis

506 4249 601 4288 vos
641 4232 891 4288 liberabit
929 4249 959 4286 a
1002 4243 1395 4302 superventura
1436 4234 1514 4287 ira
1553 4255 1597 4301 ι,
1627 4235 1680 4290 in
1717 4235 1922 4306 judicio
1949 4239 2095 4293 vide-

507 4325 627 4380 licet
647 4333 771 4397 post
794 4325 1268 4388 resurrectionem,
1299 4325 1682 4382 desiderabant
1705 4327 1895 4382 audire
1935 4329 2096 4383 Joan-

507 4429 662 4478 nem;
694 4431 818 4470 nam
842 4424 896 4469 et
921 4416 1019 4484 ipsi
1051 4416 1499 4472 resurrectionem
1529 4426 1864 4474 mortuorum
1896 4418 2089 4474 ﬁrmis-

505 4507 640 4560 sime
663 4506 958 4560 credebant
980 4515 1034 4560 et
1061 4507 1460 4575 praedicabant,
1490 4521 1677 4577 ac‘per
1700 4510 1806 4566 hoc
1831 4511 1881 4564 in
1910 4511 2090 4565 multis

501 4599 842 4652 consensisse
887 4597 1106 4652 Christo
1154 4598 1543 4668 perhibentur,
1595 4599 1825 4656 Paulum
1879 4619 2092 4673 quoque

503 4685 806 4755 apostolum
838 4685 1153 4756 frequenter
1182 4688 1473 4757 adiuvisse.
1521 4745 1523 4747 ,

575 4778 717 4845 Quid
749 4796 872 4850 ergo
911 4779 1169 4850 baptism,
1213 4781 1258 4833 si
1302 4790 1356 4832 tu
1396 4797 1498 4833 non
1538 4797 1591 4834 es
1631 4781 1892 4844 Christus,
1934 4801 2095 4854 neque

509 4870 710 4936 Helias,
759 4889 924 4944 neque
969 4872 1260 4944 propheta?
1309 4871 1622 4940 Quiaeritur,
1671 4890 1772 4930 cur
1817 4876 2092 4933 Pharisaei

505 4964 791 5021 tribuerint
822 4965 1201 5020 auctoritatem
1243 4965 1584 5036 baptismatis
1618 4966 1820 5028 lleliae.
1855 4979 1946 5023 aut
1980 4972 2093 5024 cui-

507 5058 650 5128 piam
699 5057 1116 5127 prophetarnm;
1165 5058 1450 5112 audierant
1495 5059 1639 5111 enim
1690 5060 1743 5112 in
1795 5061 2092 5128 prophetis,

507 5149 780 5216 Christum
829 5147 882 5201 in
932 5148 1190 5202 mundum
1237 5160 1520 5203 venturum
1572 5160 1625 5203 et
1673 5150 2090 5219 baptizatnrum.

509 5237 758 5292 Scientes
790 5236 992 5306 itaque,
1023 5235 1312 5292 Jordanent
1346 5238 1570 5306 liguratn
1609 5239 1948 5307 baptismatis
1977 5256 2095 5311 ges-

506 5329 664 5392 sisse,
711 5343 946 5395 eumque
994 5328 1202 5382 Heliam
1246 5337 1300 5382 et
1349 5330 1616 5384 lilisaenm
1669 5333 1828 5387 siccis
1872 5335 2096 5401 pedibus

509 5418 810 5481 transiisse,
854 5419 1077 5490 ligurain
1121 5420 1459 5490 baptismatis
1503 5425 1552 5473 in
1601 5423 1748 5480 Ilelin
1791 5435 1842 5477 et
1883 5425 2096 5479 Elisaeo

507 5521 613 5564 non
661 5510 976 5566 dubitabant
1033 5514 1428 5580 praecessisse,
1475 5523 1561 5567 aut
1617 5515 1735 5568 illos
1786 5517 1925 5584 ipsos
1975 5534 2093 5572 sur-

2121 4465 2170 4522 D

2189 476 2316 531 bant
2343 493 2355 528 :
2387 495 2402 524 ι
2438 472 2829 542 Prophetarum
2861 487 3000 526 unus
3019 480 3163 527 esto
3198 469 3257 522 »ἓ
3278 468 3375 525 sed
3401 466 3775 524 solummodo:

2193 587 2209 614 ι
2244 566 2511 634 Propheta
2539 581 2599 618 es
2631 574 2686 616 tu
2723 583 2740 615 ι
2765 563 2787 616 2
2818 563 2936 631 ipse
2967 561 3234 624 videlicet,
3261 560 3352 632 qui
3380 552 3780 631 praeligurabat

2188 662 2536 731 baptismum.
2566 657 2865 729 Respondit
2890 656 2973 713 eis
2997 674 3013 709 :

2263 752 2376 822 Ego
2407 753 2614 822 baptista
2653 752 2707 805 in
2746 767 2918 822 aqua;
2951 764 3013 805 ac
3050 748 3095 804 si
3126 746 3328 803 diceret
3360 762 3373 799 :
3405 758 3506 815 ego
3545 741 3690 813 tinge
3724 741 3796 830 in.

2190 861 2325 915 aqua
2367 843 2705 900 solummodo
2741 858 2837 912 per
2873 842 3246 913 purgationem
3287 852 3604 908 corporum,
3645 847 3776 891 san-

2187 937 2572 994 ctificationem
2619 935 2863 1005 corporis
2907 943 2964 988 et
3004 932 3222 987 animae
3269 929 3324 984 in
3372 943 3462 992 eo,
3508 928 3600 997 qui
3650 939 3777 979 vere

2187 1030 2461 1099 baptizat,
2496 1029 2887 1104 praeﬁgurans.
2935 1029 3141 1104 Medius
3183 1037 3357 1081 autent
3389 1034 3614 1078 restrmn
3641 1029 3776 1076 stat.

2187 1098 2291 1176 hoc
2315 1131 2427 1186 est,
2461 1098 2720 1192 praesens
2750 1121 2902 1179 vobis
2933 1098 3192 1191 apparet,
3227 1131 3379 1188 quem
3423 1129 3508 1170 vos
3547 1111 3776 1168 nescitis.

2184 1210 2312 1282 quia
2338 1211 2392 1267 in
2418 1228 2541 1269 enm
2559 1229 2664 1268 non
2683 1212 2930 1277 creditis,
2955 1225 3149 1280 neque,
3173 1209 3294 1279 quis
3316 1209 3403 1268 sit,
3427 1202 3778 1273 cognoscitis.

2259 1304 2379 1377 Ipse
2423 1317 2529 1371 est,
2576 1306 2666 1376 qui
2708 1318 2820 1374 post
2851 1322 2932 1358 me
2971 1316 3214 1359 venturus
3251 1312 3348 1356 est.
3395 1299 3491 1354 llic
3529 1307 3646 1360 est,
3685 1298 3778 1368 qui

2189 1398 2240 1453 in
2282 1396 2464 1451 divina
2491 1396 2857 1466 disputatione
2885 1393 3415 1465 ct'praedicatione,
3463 1389 3776 1460 priusquam

2189 1493 2344 1544 lieret
2369 1489 2620 1553 mundus,
2650 1485 3220 1556 delinitiis’est,quod
3253 1493 3372 1555 post
3405 1498 3492 1539 me
3518 1491 3776 1536 venturus

2186 1592 2330 1639 esset
2359 1583 2411 1636 in
2443 1581 2723 1637 mundum.
2759 1589 2816 1634 ut
2847 1595 2935 1636 me
2957 1588 3368 1647 procem-sarem
3399 1589 3558 1628 suum
3585 1569 3777 1628 subse.

2187 1681 2465 1743 queretur.
2497 1672 2599 1737 Qui
2630 1679 2751 1725 ante
2774 1687 2855 1724 nu-
2877 1669 3048 1738 {ucms
3076 1678 3184 1730 est;
3215 1665 3316 1720 hoc
3346 1669 3450 1728 est,
3476 1661 3568 1733 qui
3595 1672 3780 1720 coram

2187 1765 2357 1820 oculis
2387 1763 2587 1821 mentis
2619 1777 2775 1817 meae
2809 1773 2864 1816 et
2899 1761 3143 1830 ουηιηιιίς
3180 1771 3438 1827 praesens
3474 1754 3650 1810 factus
3672 1766 3759 1812 eu

2187 1857 2366 1927 Ipsum
2414 1857 2678 1926 siquidem
2724 1857 2901 1912 video.
2951 1835 3026 1908 et‘
3052 1867 3319 1924 cognosco
3369 1849 3420 1904 in
3472 1848 3647 1904 medio
3693 1861 3780 1900 ve-

2187 1959 2380 2013 strum,
2432 1964 2526 2004 vos
2554 1956 2733 2002 autem
2761 1961 2885 2002 eum
2925 1944 3163 2001 nescitis.
3212 1944 3306 2001 Est
3347 1952 3399 1995 et
3441 1940 3580 1994 alios
3620 1940 3778 1994 intel-

2187 2040 2360 2096 lectus
2405 2042 2457 2095 in
2504 2041 2589 2096 bis
2632 2037 2830 2100 verbis.
2875 2047 2931 2093 ut
2979 2037 3214 2091 Maximo
3287 2033 3480 2103 placet.
3544 2030 3780 2087 Joannes
3846 2073 3847 2078 η

2190 2135 2416 2204 ﬁguram
2465 2133 2826 2202 poenitentiae
2875 2131 3030 2201 gerit,
3078 2126 3338 2199 qumiiam
3392 2125 3778 2194 paenitentiam

2189 2227 2554 2296 praedicavit;
2593 2225 2848 2280 Christus
2887 2233 3066 2276 autem
3101 2221 3325 2290 figurant
3361 2215 3626 2286 justitias,
3671 2231 3780 2270 non

2189 2320 2361 2376 solum
2394 2318 2518 2389 quia
2551 2319 2808 2372 mundum
2837 2317 3062 2386 iudicat,
3088 2329 3272 2369 verum
3301 2313 3486 2374 etiam,
3512 2312 3636 2382 quia
3664 2310 3784 2379 ipse

2186 2411 2395 2481 iustitia
2428 2420 2648 2464 aeterna
2677 2418 2782 2464 est.
2818 2407 3153 2463 Poenitentia
3187 2403 3290 2458 nun
3335 2403 3435 2457 nisi
3467 2410 3589 2472 post
3627 2415 3780 2471 prae-

2194 2501 2582 2575 varicationem
2626 2499 2870 2569 justitiae
2917 2497 3052 2550 valet
3106 2497 3262 2560 lierl;
3319 2497 3553 2551 lnnnana
3601 2492 3782 2562 itaque

2192 2606 2401 2656 natura,
2439 2608 2578 2664 quae
2622 2592 2768 2665 leges
2807 2592 3018 2645 divinas
3060 2588 3112 2642 in
3157 2587 3406 2658 paradiso
3439 2596 3784 2655 transgressa

2189 2699 2293 2751 est,
2323 2690 2423 2740 sub
2451 2699 2681 2755 persona
2727 2683 2953 2740 Joannis
3008 2681 3391 2751 pot-nitentium
3424 2677 3697 2747 praedicat
3724 2683 3784 2731 et

2193 2779 2350 2840 facit,
2379 2787 2432 2832 et
2472 2773 2882 2831 substantialcm
2928 2773 3019 2826 Dei
3063 2768 3220 2826 Verbi
3255 2767 3521 2837 justitiam
3561 2778 3784 2836 praeceo

2191 2871 2404 2923 dentem
2436 2882 2495 2922 se
2525 2882 2624 2935 per
2656 2865 2990 2921 divinitatem
3015 2904 3028 2924 ,
3061 2874 3112 2915 et
3144 2870 3262 2933 post
3294 2875 3353 2914 se
3379 2869 3658 2913 venturam
3685 2871 3786 2926 per

2190 2959 2370 3014 carnis
2411 2956 2867 3026 dispensationem
2913 2953 3200 3008 manifeste
3241 2951 3506 3011 declarat,
3546 2959 3604 3002 ut
3635 2963 3779 3009 eam,

2145 3107 2158 3122 ,
2195 3052 2485 3104 humanam
2526 3050 2652 3104 dico
2690 3061 2959 3109 naturam,
2993 3044 3148 3114 juxta
3191 3044 3399 3097 divinas
3440 3042 3607 3111 leges,
3646 3055 3784 3108 quas

2189 3141 2551 3211 superbienth
2581 3151 2880 3224 sprevprat.
2911 3145 3324 3194 conversantem
3344 3176 3358 3196 .
3390 3136 3457 3189 ad
3495 3133 3781 3209 pristinum

2192 3245 2446 3287 aeternae
2476 3232 2718 3302 justitiae
2751 3239 2951 3284 statum
3001 3237 3300 3284 revocaret.
3341 3225 3510 3298 Cujus
3546 3240 3638 3294 ego
3677 3241 3783 3277 non

2191 3345 2307 3383 sum
2337 3329 2548 3398 dignus,
2576 3334 2630 3381 et
2661 3327 2890 3394 reliqua.
2921 3325 3359 3379 Calceatnentuut
3393 3320 3547 3376 Verbi
3576 3330 3660 3376 est
3685 3334 3784 3372 sua

2192 3435 2345 3482 caro,
2373 3434 2534 3490 quam
2559 3416 2633 3473 de
2654 3419 2866 3487 virgine
2891 3423 3245 3476 assumserat,
3271 3426 3409 3481 quae
3436 3425 3531 3482 per
3558 3410 3785 3480 ﬁguram

2193 3509 2546 3567 calceamenti
2589 3507 2911 3564 insinuatur.
2962 3505 3027 3560 L't
3071 3509 3214 3560 enim
3257 3504 3678 3558 calceamentutn
3716 3515 3783 3556 ex

2193 3602 2340 3666 corio
2363 3611 2697 3656 mortuorum
2721 3597 3034 3653 animalium
3055 3596 3307 3660 ellicitnr,
3335 3597 3404 3649 ita
3430 3609 3558 3646 earn
3581 3591 3785 3658 Christi

2194 3704 2412 3764 propter
2441 3707 2539 3746 nos
2565 3691 2809 3747 mortalis
2840 3689 2980 3743 facta
3012 3697 3116 3751 est,
3149 3698 3206 3741 ut
3235 3695 3412 3742 morte
3440 3681 3608 3752 ipsius
3638 3699 3786 3740 mors

2195 3796 2379 3848 nostra
2412 3783 2633 3840 omnino
2665 3779 3088 3836 interimeretur.
3131 3776 3264 3833 Nam
3293 3791 3424 3832 caro
3448 3775 3646 3829 Christi
3678 3789 3786 3835 non

2195 3878 2390 3932 merito
2418 3874 2499 3929 sui
2533 3873 2741 3946 peccati
2773 3871 3015 3926 mortalis
3045 3870 3183 3924 fat-ta
3210 3878 3331 3931 est,
3363 3868 3500 3923 sicut
3531 3882 3660 3923 caro
3690 3881 3787 3920 non

2194 3979 2326 4030 stra,
2359 3969 2454 4022 sed
2491 3966 2558 4022 ad
2599 3973 2848 4020 naturam
2888 3974 3128 4018 nostrain
3171 3970 3288 4031 post
3330 3968 3612 4028 peccatum
3653 3974 3788 4013 ron.

2195 4056 2546 4111 descensione
2573 4053 2843 4124 passibilis
2873 4061 3010 4107 erat.
3046 4051 3271 4105 Mortem
3304 4050 3570 4120 siquidem
3598 4046 3790 4109 subire

2195 4160 2418 4220 propter
2444 4163 2544 4202 nos
2573 4165 2677 4199 non
2707 4147 2901 4206 renuit,
2937 4159 3154 4198 causam
3188 4157 3314 4198 vero
3345 4141 3555 4204 mortis,
3589 4155 3783 4210 pecca-

2199 4250 2307 4292 tnin
2336 4240 2476 4296 dico.
2521 4255 2624 4292 non
2669 4238 2891 4306 recepit.
2938 4237 3164 4304 Ideoque
3202 4249 3347 4290 mors
3379 4249 3504 4288 enin
3543 4233 3788 4288 detinere

2198 4349 2303 4386 non
2332 4332 2526 4401 potuit,
2551 4332 2676 4400 quia
2701 4331 2912 4384 debitor
2938 4330 3127 4382 mortis
3155 4342 3258 4382 non
3287 4326 3406 4380 fuit.
3431 4325 3546 4380 Non
3576 4335 3786 4396 poterat

2199 4442 2344 4480 mors
2370 4425 2613 4480 detinere
2638 4424 2936 4493 captivum,
2969 4437 3126 4488 quem
3156 4436 3261 4474 non
3297 4420 3575 4473 invenerat
3605 4418 3786 4471 crimi-

2190 4533 2407 4578 nosum.
2449 4514 2495 4569 Λ
2543 4517 2721 4584 primo
2766 4531 2894 4584 ergo
2939 4515 3156 4568 homine
3198 4523 3324 4569 ante
3371 4520 3652 4578 pet-catum
3691 4524 3783 4563 aco

2194 4610 2338 4679 cepit
2388 4609 2592 4677 absque
2644 4617 2869 4678 peceato
2913 4620 3067 4668 esse;
3122 4605 3192 4659 ab
3244 4603 3432 4658 eodem
3494 4611 3612 4672 post
3656 4617 3786 4671 pce-

2195 4710 2374 4753 citum
2425 4699 2635 4768 accepit
2693 4698 2826 4752 mori
2873 4709 3063 4764 posse;
3118 4695 3315 4763 quibus
3363 4694 3571 4748 duobus
3620 4703 3788 4748 totam

2197 4798 2436 4842 ttuslt'attt
2503 4800 2751 4843 naturam
2815 4787 2869 4841 in
2934 4803 2994 4841 se
3051 4787 3167 4856 ipso
3235 4785 3491 4839 restituit.
3560 4783 3798 4837 slorteut

2197 4881 2392 4951 quippe
2447 4890 2700 4950 nostram
2735 4881 2958 4934 omnino
3014 4879 3066 4932 in
3114 4894 3172 4934 se
3225 4876 3455 4940 delevit,
3508 4885 3564 4930 et
3620 4876 3788 4930 vitam

2201 4980 2478 5024 aeternam
2529 4970 2783 5025 restituit.
2831 4969 2909 5027 Eo
2942 4983 3093 5031 vero,
3143 4968 3285 5037 quod
3329 4975 3552 5035 peccato
3582 4964 3782 5027 caruit,

2203 5070 2449 5118 naturam
2491 5071 2756 5124 nostram,
2783 5069 3072 5128 antequam
3121 5065 3391 5126 peccaret,
3438 5055 3578 5109 inse
3616 5051 3788 5106 niani-

2201 5149 2434 5205 festarit.
2469 5147 2526 5205 Si
2569 5149 2754 5221 itaque
2792 5149 3219 5205 calceatoentum
3257 5131 3414 5202 \‘erbi
3469 5161 3598 5198 eam
3626 5143 3788 5198 Verbi

2193 5258 2579 5318 subtilitatem,
2631 5264 2687 5308 et
2725 5247 3159 5319 inveStigabilem
3223 5244 3632 5313 pcrpletiooem
3664 5251 3780 5306 m3.

2195 5352 2494 5411 steriorum
2539 5343 2934 5401 ineinnationis
2995 5340 3264 5408 intelligo.
3303 5337 3475 5407 Cujus
3536 5329 3780 5403 mysterd

2196 5446 2548 5502 altitudinem
2581 5439 2790 5493 Solvere
2819 5433 3103 5504 indignum
3134 5449 3190 5485 se
3217 5442 3525 5499 praicursor
3551 5422 3780 5493 indicat.

1839 5609 2086 5664 VARIAE
2121 5607 2526 5668 LECTIONES.

583 5695 600 5726 ³
639 5691 747 5752 Cod
803 5697 994 5774 θρόνος.
1077 5697 1249 5752 'Ct)d.
1290 5699 1535 5754 I'uriseis.
1617 5701 1635 5730 ³
1665 5702 1772 5756 (ind
1823 5703 2087 5766 dii/tuitus.
