4238 6070
498 279 606 348 309

1579 292 1940 355 COMMENT.
1982 293 2046 349 IN
2089 285 2338 351 EVAKC.
2384 297 2529 354 SEC.
2571 300 2761 358 ιολδ.

3681 307 3786 368 310

499 405 577 463 tio
604 401 766 460 veluti
812 400 1057 474 proxima
1085 411 1248 474 atque
1288 401 1526 474 perfecta
1569 401 1715 461 facta
1760 413 1868 469 est,
1901 403 2096 460 illuttti-
2127 409 2174 468 A
2203 408 2322 464 dem
2355 411 2567 485 pupulis
2595 410 2978 478 tnaoifestavit,
3026 414 3216 470 dicens
3240 387 3308 471 εἰ
3340 413 3438 472 llic
3457 424 3598 483 erat,
3627 403 3802 486 queui

501 506 631 554 nata
661 493 884 567 quidem
907 508 1008 566 per
1031 488 1214 558 ﬁdem,
1251 493 1483 551 educata
1515 509 1642 550 vero
1683 509 1784 567 per
1825 509 2001 566 spem,
2042 505 2101 551 ct

503 585 768 664 pmxima‘
804 581 948 641 facta
993 583 1218 640 divinae
1267 582 1463 640 visioui
1507 599 1609 656 per
1651 585 1977 651 cariuuem',
2045 587 2099 640 in

501 689 768 753 quantum
821 676 1130 734 divinarum
1202 675 1677 753 intelligendarum
1737 677 2102 736 sublimitates

502 770 683 828 adhuc
707 770 761 828 in
785 785 954 829 carne
984 773 1160 844 posita
1182 771 1380 830 sinitur
1401 783 1708 846 penetrare.
1733 773 1841 834 Sed
1861 775 1908 832 si
1932 787 2103 848 quac:-

507 864 584 921 ris
614 863 808 921 barum
837 864 1004 921 triunt
1045 865 1246 938 legum,
1273 867 1538 924 naturalis
1566 867 1712 933 dico,
1740 876 1796 929 et
1841 869 2102 942 scriptae,

509 967 560 1016 et
578 958 790 1032 gratiae
817 944 1206 1024 iﬁlleretttiam,
1238 961 1474 1018 breviter
1511 977 1797 1034 cognosce.
1849 962 1964 1020 Lex
1989 979 2108 1019 na-

508 1063 662 1105 turae
693 1059 801 1115 est,
827 1065 970 1120 quae
997 1051 1248 1126 imperat,
1275 1067 1468 1110 onutes
1507 1055 1761 1112 homines
1783 1071 1844 1110 se
1871 1055 2105 1112 invicem

506 1138 815 1212 aequaliter
835 1139 1089 1212 diligere,
1117 1151 1173 1198 ut
1196 1130 1654 1213 quemadmodum
1677 1161 1783 1200 una
1803 1146 2106 1216 eademque

510 1241 704 1290 natura
734 1233 990 1292 omnibus
1027 1235 1191 1300 idem.
1219 1238 1293 1296 ita
1322 1251 1381 1292 et
1419 1241 1728 1296 eontnumis
1765 1241 2009 1296 nuntium
2041 1239 2110 1297 ab

505 1324 768 1384 Omnibus
793 1325 1014 1385 dilectio
1035 1327 1152 1384 ﬁat.
1175 1327 1288 1388 Lex
1317 1323 1534 1400 scripta
1561 1343 1668 1390 cst.
1695 1347 1836 1404 quae
1858 1333 2112 1404 prohibet

510 1418 687 1488 legem
717 1426 948 1481 naturae
973 1419 1190 1486 violari,
1214 1429 1269 1476 et
1300 1421 1560 1478 discernit
1605 1423 1749 1480 inter
1793 1423 2028 1480 virtutes
2054 1435 2111 1482 et

515 1508 669 1589 vitia,
692 1516 750 1566 et
779 1507 1009 1581 ﬁguram
1037 1507 1182 1590 legis-
1198 1513 1408 1585 gratiae
1435 1513 1594 1586 gerit.
1629 1513 1916 1588 ipsamque
1939 1515 2110 1589 legem

514 1602 776 1674 scriptam
805 1601 926 1660 dico
947 1601 1277 1672 adiutorium
1302 1620 1426 1662 esse
1445 1605 1580 1678 legis
1601 1616 1850 1669 naturae.
1877 1618 1957 1670 ut,
1978 1625 2115 1680 quo-

516 1695 662 1762 niam
689 1693 774 1751 lex
795 1707 1026 1753 naturae
1052 1708 1152 1767 per
1173 1711 1236 1753 se
1263 1697 1439 1770 ipsam
1460 1698 1802 1757 solummodo
1817 1702 2112 1758 htnnauam

2204 503 2447 566 dicebam
2479 503 2630 558 vobis
2657 523 2704 559 ι.
2755 502 2911 562 Nunc
2952 515 3157 569 autem.
3189 505 3353 563 veluti
3379 508 3617 564 secunda
3651 509 3793 567 uati-

2207 593 2508 665 tia,.altera
2537 593 2647 660 die,
2680 593 2765 650 vel
2807 594 2910 658 alia
2971 595 3082 668 die,
3129 597 3277 652 videt
3318 595 3556 653 Joannes
3603 595 3790 655 Jcsutn

2205 683 2508 740 venientem
2552 687 2620 742 ad
2663 701 2744 742 se.
2781 685 2990 759 Duplici
3018 689 3284 754 contuitu,
3317 687 3515 744 mentis
3547 687 3798 746 videlicet

2203 787 2262 834 rt
2301 777 2590 850 corporis,
2623 778 2865 836 Joannes
2903 773 3230 850 praecox-sm
3274 780 3558 837 Dumituun
3606 797 3790 847 sttutu,

2205 887 2367 943 quem
2396 872 2804 941 praecurrebat,
2829 861 3106 945 cognoscit
3135 872 3438 929 venientem
3465 874 3532 932 ad
3559 889 3642 940 se,
3683 889 3793 929 non

2206 963 2380 1020 solum
2403 963 2650 1036 corporis
2671 962 2972 1037 gressibus,
3007 965 3496 1022 veruurinterioris
3515 979 3647 1023 suae
3667 982 3796 1022 cun-

2140 1109 2146 1114 _
2210 1054 2576 1124 tutuplationis
2615 1057 2944 1112 accessibus.
3008 1055 3167 1114 Jesus
3203 1058 3342 1112 vruit
3387 1057 3457 1112 ad
3498 1058 3786 1118 Joannem.

2212 1148 2370 1206 Venit
2393 1147 2558 1220 igitur
2573 1144 2734 1204 Jesus
2751 1148 2822 1203 ad
2849 1145 3138 1214 Joannem,
3177 1149 3278 1226 hoc
3301 1157 3406 1214 est,
3435 1148 3688 1222 dignatus
3713 1159 3801 1206 eat

2208 1239 2463 1317 cognosci
2489 1240 2562 1297 ab
2593 1238 2805 1297 Joanne
2856 1241 3153 1296 secundum
3185 1239 3520 1298 divinitatem
3549 1255 3705 1294 suam
3739 1249 3798 1294 et
3873 1275 3882 1279 -

2213 1318 2626 1390 humanitatem.
2657 1331 2726 1387 Et
2748 1331 2825 1386 ait
2852 1349 2866 1386 :
2901 1329 3035 1390 Ecce
3061 1333 3240 1404 Agnus
3262 1329 3380 1396 Dei,
3401 1346 3518 1386 cccc
3549 1331 3639 1403 qui
3663 1327 3799 1389 tollit

2210 1437 2480 1498 permunit
2519 1425 2725 1484 mundi.
2773 1423 3058 1481 Manifesta
3101 1439 3226 1478 eum
3270 1421 3480 1495 pupulis
3504 1420 3798 1493 praedicat.
3873 1459 3888 1473 .

2215 1519 2344 1576 dum
2365 1518 2539 1574 dicit:
2587 1538 2604 1570 ι
2637 1517 2776 1576 Ecce
2824 1514 3011 1587 Agnus
3063 1514 3157 1574 Oti
3194 1535 3238 1570 ι.
3306 1508 3681 1579 \‘erhumﬂoi
3729 1504 3792 1561 at

2211 1610 2424 1669 Joanne
2469 1611 2658 1678 Agnus
2707 1607 3037 1665 nominatur.
3093 1606 3212 1678 ipse
3256 1606 3400 1661 enim
3446 1615 3602 1668 rt‘nt,
3643 1617 3801 1681 quem

2221 1701 2492 1776 mySticns
2524 1701 2792 1773 Agnusin
2821 1699 2937 1770 lege
2979 1697 3394 1772 praeligurahat.
3435 1695 3544 1752 Nec
3582 1693 3802 1753 mirum,

517 1791 768 1842 naturam
793 1785 1070 1858 corrigere
1082 1803 1192 1844 non
1209 1788 1832 1864 valuit,violentia‘legis
1851 1793 2112 1866 scriptae.
2145 1775 2188 1837 13
2217 1793 2264 1851 si
2282 1775 2476 1853 umbra
2499 1793 2842 1866 praedicatur
2865 1792 2931 1846 de
2955 1789 3206 1848 veritate.
3238 1787 3440 1846 Umbra
3473 1797 3588 1841 erat
3614 1781 3803 1857 legalis

515 1890 660 1948 quae
705 1875 1044 1948 prohibenda
1102 1886 1252 1946 sunt,
1299 1887 1606 1947 coerceret,
1649 1874 1708 1937 et
1753 1897 1896 1954 quae
1947 1879 2119 1938 aditu,

2219 1887 2428 1958 Agnus,
2455 1885 2660 1944 veritas
2687 1893 2826 1952 erat,
2854 1899 2917 1941 ac
2959 1883 3124 1940 veluti
3154 1882 3424 1954 quoddam
3460 1885 3657 1949 corpus
3687 1892 3804 1934 unt-

517 1969 737 2044 pleada,
781 1971 1023 2030 doceret.
1055 1973 1114 2030 lu
1162 1983 1372 2031 tantum
1410 1975 1614 2051 quippe
1661 1975 1746 2034 lex
1797 1987 2027 2038 naturae
2066 1979 2122 2036 in
2220 1979 2376 2042 brae,
2400 1975 2564 2032 Jesus
2585 1975 2859 2034 Christus.
2891 1977 3080 2050 Agnus
3109 1987 3325 2046 quoque
3356 1972 3666 2027 nominatur
3704 1985 3810 2026 non

521 2063 831 2122 hominibus
874 2079 1017 2136 pene
1062 2064 1266 2122 abolita
1295 2076 1400 2128 est.
1454 2076 1513 2122 ut
1561 2083 1737 2140 neque
1780 2069 2121 2126 conditorem
2222 2069 2687 2127 irrationabiliter.
2735 2067 2860 2125 Tria
2903 2066 3050 2124 enim
3093 2067 3282 2140 Agnus
3319 2062 3720 2142 possidentibus
3750 2073 3810 2117 se

521 2171 679 2214 suum
705 2166 1080 2229 cognosceret.
1096 2171 1275 2228 neque
1303 2159 1448 2215 inter
1461 2160 1693 2217 virtutes
1717 2172 1772 2216 et
1795 2161 1922 2218 vitia
1954 2161 2118 2219 ullam
2185 2207 2188 2210 .
2221 2158 2497 2219 ministrat
2529 2178 2544 2215 :
2576 2159 2682 2224 lae,
2722 2159 2924 2225 lanam,
2961 2173 3120 2214 esum
3165 2171 3380 2227 quoque
3404 2169 3555 2233 suae
3599 2152 3804 2210 carnis.

522 2247 886 2306 dill'erentiam
933 2249 1137 2306 habere
1181 2259 1382 2320 posset.
1435 2251 1545 2306 Lex
1589 2251 1804 2325 gratiae
1847 2263 1951 2318 est,
1981 2268 2124 2326 quae
2221 2255 2486 2318 Dondnus
2519 2252 3084 2312 austere-rodentibus
3125 2264 3185 2308 se
3225 2249 3540 2305 indumenta
3573 2255 3813 2318 praestat

524 2343 683 2399 docet
713 2357 819 2398 non
858 2341 1036 2398 Solum
1092 2341 1346 2398 homlnes
1391 2358 1451 2398 se
1487 2343 1720 2400 invicem
1769 2343 2014 2418 diligere,
2069 2353 2126 2406 et

527 2435 754 2491 virtutes
773 2443 830 2490 et
856 2433 986 2490 vitia
1019 2433 1303 2497 discernit.
1337 2450 1528 2492 verum
1554 2435 1720 2504 etiam
1758 2451 1920 2510 supra
1966 2437 2123 2501 haec,

524 2528 668 2599 quod
722 2527 823 2584 soli
876 2526 1094 2588 divinae
1154 2519 1364 2601 gratiae
1411 2528 1668 2600 possibile
1713 2537 1823 2596 est,
1877 2546 1976 2602 pro
2027 2531 2125 2587 ho-

526 2617 769 2692 minibus
820 2633 929 2677 non
977 2619 1154 2696 solum
1204 2618 1387 2685 bonis.
1417 2635 1605 2677 verum
1649 2621 1812 2676 etiam
1847 2635 1906 2678 et
1944 2621 2122 2687 malis,

525 2711 576 2768 si
603 2725 828 2777 necesse
861 2719 968 2778 est,
1001 2709 1161 2767 tnori.
1219 2711 1395 2781 Quam
1442 2711 1616 2785 legem
1665 2712 1921 2770 Christus
1963 2715 2016 2769 iu
2062 2729 2129 2771 se

526 2799 649 2880 ipso
686 2801 1030 2875 adimplevit,
1079 2787 1304 2874 quando
1349 2819 1460 2860 non
1489 2801 1666 2860 solmn
1721 2819 1820 2874 pro
1873 2805 2133 2861 omnibus

457 2907 471 2951 .’
529 2892 864 2958 hominibus;
893 2910 1079 2955 verum
1106 2895 1272 2958 etiam
1301 2906 1422 2971 pro"
1449 2896 1704 2954 omnibus
1728 2894 1908 2968 impiis
1937 2911 2129 2968 passus

529 2996 634 3045 est.
659 2984 757 3044 Ubi
783 2997 896 3043 erat
937 2985 1177 3044 Joannes
1212 2987 1506 3057 baptizans.
1541 2989 1784 3046 Joannes
1815 2989 2130 3061 baptizabat

531 3093 684 3141 trans
708 3081 1022 3148 Jordanem,
1039 3083 1260 3148 merito,
1275 3083 1400 3162 quia
1415 3083 1595 3147 adhuc
1615 3100 1804 3143 verum
1830 3085 2126 3161 baptisma,

2225 2351 2510 2412 vit-tntum,
2539 2347 2698 2414 lacte,
2751 2346 2854 2401 hoc
2889 2356 2993 2411 est,
3025 2344 3254 2415 simplici
3286 2341 3533 2398 doctrina
3565 2340 3814 2396 veritatis

2222 2458 2322 2498 res
2345 2440 2538 2506 nutrit,
2567 2449 2624 2497 et
2655 2439 2726 2496 ad
2753 2437 3055 2510 perfectam
3077 2451 3258 2494 eseam
3281 2435 3498 2490 divinae
3523 2447 3656 2491 suae
3677 2445 3815 2486 rou-
3911 2481 3917 2488 .

2227 2538 2594 2614 letnpiatiunis
2631 2533 2897 2610 perducit.
2941 2533 3128 2606 Agnus
3171 2531 3371 2588 dicitur
3403 2529 3658 2586 Christus
3694 2525 3813 2590 Dei,

2221 2633 2352 2706 quia
2388 2646 2486 2702 pro
2515 2628 2663 2685 omni
2694 2627 2894 2684 mutulo
2915 2625 3229 2687 immolatus
3252 2631 3359 2684 est,
3388 2620 3616 2694 ideoque
3637 2616 3814 2689 sequi-

2227 2735 2352 2782 tur:
2393 2722 2530 2778 Ecce
2553 2721 2644 2796 qui
2665 2719 2802 2775 tollit
2827 2728 3098 2789 peccatum
3129 2715 3334 2769 mundi.
3375 2711 3558 2773 Tollit.
3586 2709 3682 2773 ait,
3706 2723 3814 2763 non

2226 2817 2294 2876 de
2329 2814 2450 2870 loco
2483 2811 2552 2870 ad
2582 2810 2787 2875 locum,
2829 2807 2914 2864 vel
2949 2809 3014 2862 de
3055 2817 3304 2876 tempore
3341 2803 3394 2858 in
3437 2813 3680 2874 tempus,
3721 2798 3817 2858 sed
3872 2867 3886 2874 Ξ

2228 2903 2448 2966 omnino
2477 2901 2635 2963 tollit.
2665 2915 2736 2956 ne
2762 2899 2984 2954 ontttino
3011 2897 3106 2962 sit,
3137 2905 3192 2952 et
3223 2910 3320 2969 per
3360 2911 3492 2949 suae
3535 2889 3817 2966 sanctissi~

2231 3011 2352 3056 tuae
2402 2993 2592 3057 carnis
2643 2989 3081 3048 interemtionom
3137 2987 3361 3042 cumino
3407 2993 3580 3040 totum
3633 2982 3819 3039 mundi

2214 3089 2514 3160 ‘pcccattun
2551 3082 2835 3141 interimit.
2892 3079 3178 3143 Peccatum
3208 3077 3393 3132 mundi
3420 3077 3615 3132 dicitur
3654 3073 3819 3144 origi-

529 3176 674 3255 qnod
717 3175 914 3232 liberat
959 3183 1128 3232 totam
1157 3147 1453 3237 humanam
1483 3185 1736 3234 naturam
1790 3147 1924 3234 non.
1949 3178 2124 3242 solum
2155 3147 2201 3210 θ
2227 3147 2357 3239 nale
2380 3186 2684 3251 peccatum,
2705 3176 2847 3247 quod
2873 3189 3160 3230 conmume
3185 3181 3268 3228 est
3292 3171 3457 3226 totius
3486 3167 3696 3232 mundi,
3719 3168 3821 3227 hoc

504 3297 508 3301 ~
529 3273 599 3328 de
625 3270 874 3346 originali
903 3282 1147 3344 peccato,
1165 3285 1354 3327 verum
1375 3270 1545 3329 etiam
1569 3271 1636 3326 de
1651 3271 1893 3344 propriis
1913 3271 2138 3330 delictis'

531 3362 586 3418 in
622 3361 730 3420 bis.
760 3361 852 3435 qui
889 3360 1126 3420 subeunt
1169 3361 1322 3428 illud,
1365 3377 1474 3420 non
1507 3359 1769 3429 habebat,
1802 3361 1900 3419 sed
1928 3363 2128 3420 solum-

534 3459 694 3516 modo
718 3455 885 3513 veluti
910 3457 1012 3514 sub
1041 3457 1216 3528 llgura
1241 3456 1476 3530 quadam
1502 3456 1729 3528 perfecti
1762 3456 2125 3528 baptismatis,

531 3549 674 3622 quod
701 3549 760 3604 in
785 3547 1010 3622 Christo
1029 3551 1382 3606 subsecutum
1412 3555 1516 3614 cst,
1545 3547 1600 3603 itt
1629 3547 1744 3604 sola
1769 3561 1909 3620 aqua
1949 3547 2124 3618 bapti-

531 3641 711 3698 zabat.
741 3641 890 3698 Ultra
917 3640 1084 3714 igitur
1105 3639 1395 3704 Jordanetn
1423 3641 1756 3715 baptizabat,
1783 3641 1838 3696 id
1857 3651 1961 3704 est,
1985 3640 2127 3701 ultra

533 3732 839 3790 divinorum
867 3734 1134 3791 donorum
1153 3730 1376 3803 fluenta,
1399 3747 1540 3804 quae
1563 3733 1802 3789 nondum
1831 3733 1883 3788 in
1909 3731 2128 3790 Christo

535 3825 926 3888 inchoaverunt
987 3828 1044 3885 in
1105 3827 1402 3890 humanam
1457 3839 1708 3884 ruituram
1774 3828 2124 3886 descendere.

471 3945 482 3959 α
536 3917 769 3978 loaunes
809 3929 932 3986 erat
997 3932 1152 3978 trans
1203 3917 1520 3987 Iordanem.
1587 3923 1844 3993 quoniam
1891 3922 2130 3981 Joannes

535 4009 767 4089 ﬁguram
791 4011 928 4084 legis
951 4020 1193 4075 naturae,
1223 4025 1434 4074 necnon
1458 4023 1516 4065 et
1548 4011 1682 4084 legis
1727 4001 1964 4084 scriptae
2002 4028 2128 4084 ges-

453 4101 484 4142 '-'
537 4103 708 4161 tabat.
757 4103 867 4162 Lex
895 4105 1110 4179 quippe
1157 4113 1388 4166 naturae
1436 4103 1490 4159 in
1545 4103 1756 4180 Joanne
1790 4104 2131 4178 praeﬁgura-

464 4206 471 4216 ’
536 4198 714 4262 batur.
727 4192 866 4254 Nam
895 4197 990 4270 qui
1005 4197 1110 4260 sub
1129 4195 1246 4271 lnge
1275 4208 1502 4262 naturae
1526 4197 1728 4270 degunt
1757 4196 1845 4268 pie
1875 4207 1930 4254 et
1953 4205 2125 4263 caste,

534 4288 795 4360 omnique
815 4286 1056 4346 carnalis
1080 4287 1524 4350 cunversationis,
1545 4287 1871 4360 contagione
1903 4297 2126 4351 tenam.

450 4384 476 4418 ι’
537 4380 701 4436 veluti
749 4379 805 4437 in
861 4379 1098 4456 quadam
1155 4377 1446 4435 solitudine
1501 4366 1810 4434 divinarum
1867 4377 2128 4439 virtutum

537 4475 738 4534 debent
764 4472 969 4538 vivere,
997 4479 1054 4529 ιιι
1096 4473 1353 4530 Joannes.
1382 4471 1580 4546 Legem
1611 4484 1828 4543 quoque
1869 4459 2125 4540 scriptam

439 4549 444 4559 ’
536 4563 1536 4641 Joannessigniﬁcat.quoniamipsius
1561 4563 1686 4621 linis
1697 4573 1813 4630 est;
1837 4581 1856 4615 ι
1880 4561 1964 4618 lex
1979 4563 2127 4621 enim

516 4665 593 4714 'et
611 4655 909 4730 prophetae
925 4671 1100 4728 usque
1125 4655 1196 4713 ad
1229 4653 1494 4711 Joannem
1529 4680 1572 4708 ο.
1589 4654 1860 4724 Quoniam
1879 4669 2126 4714 veronon

539 4748 712 4804 solum
739 4746 1028 4822 propheta,
1055 4761 1244 4802 verum
1268 4745 1442 4803 etiam
1493 4745 1874 4802 manifestatur
1922 4744 2126 4802 Christi

541 4837 718 4898 factus
741 4847 850 4904 ost,
873 4855 982 4898 nou
1013 4840 1172 4894 modo
1195 4838 1368 4911 legem
1405 4838 1674 4908 signiticet
1713 4836 1922 4900 solam.
1951 4835 2047 4895 sed
2074 4845 2129 4892 et

530 4929 893 5006 'Ev'angclium
909 4930 1230 5004 etgrat'tam.
1256 4930 1485 4999 Ideoque
1509 4927 1794 5000 sequitur:
1819 4945 1842 4981 ι
1875 4927 1943 4982 Et
1969 4928 2040 4981 ab
2063 4933 2130 4982 oo

545 5036 768 5098 regnum
798 5022 1078 5079 caelorum
1113 5041 1133 5075 ι
1163 5037 1179 5086 ;
1207 5035 1272 5077 ac
1291 5020 1335 5076 si
1362 5021 1618 5076 dixisset:
1647 5017 1708 5074 In
1727 5015 2128 5080 .loauue,vnluti

546 5113 784 5185 quodam
815 5112 1078 5178 conﬁnio,
1108 5122 1168 5168 et
1192 5099 1278 5169 lex
1303 5111 1505 5176 linitur,
1535 5119 1588 5168 et
1611 5109 1981 5168 manil'estatio
2001 5125 2129 5178 gra-

547 5206 672 5271 tiae,
706 5219 872 5278 quam
895 5219 1123 5279 mgnu-
1147 5203 1424 5260 caclurmn
1452 5212 1631 5264 vocat.
1672 5203 1740 5262 ab
1759 5217 1826 5258 eo
1847 5199 2125 5272 incipitur.

613 5298 792 5356 Altera
817 5301 923 5368 die,
959 5301 1066 5367 vel,
1096 5308 1158 5356 ut
1192 5300 1248 5356 in
1270 5299 1478 5356 Graeco
1518 5297 1912 5370 signiﬁcantius
1935 5293 2128 5350 scribi-

455 5375 462 5388 “
543 5391 652 5448 tur,
686 5380 798 5437 alia
826 5381 914 5436 die
959 5381 1096 5437 uidet
1133 5379 1369 5435 Joannes
1393 5379 1582 5434 Iesum
1607 5377 1899 5434 venientem
1942 5377 2014 5430 ad
2042 5390 2124 5429 re.

543 5471 684 5538 Atta,
725 5471 1069 5550 inquinatio.
1119 5473 1228 5529 hoc
1261 5480 1373 5536 est,
1413 5471 1522 5528 alia
1560 5468 1900 5539 cognitione.
1935 5465 2065 5522 l‘rin
2090 5483 2121 5523 τι

455 5599 460 5604 ο
539 5563 685 5618 ruim
713 5563 957 5634 cognito
978 5562 1102 5629 fuit.
1121 5563 1346 5636 quando
1364 5576 1494 5618 eum
1513 5557 1982 5619 concurrentibus
2007 5555 2112 5611 ibi-

2228 3285 2316 3336 εει
2357 3273 2632 3332 humanae
2685 3272 2948 3337 naturae;
3014 3265 3170 3336 cujus
3217 3275 3403 3322 tratus
3447 3279 3596 3318 nunc
3643 3261 3826 3332 gratia

2227 3363 2574 3439 baptismatis
2601 3361 2924 3425 demittitur,
2955 3359 3128 3428 ipsum
3177 3371 3306 3412 vero
3349 3355 3402 3409 in
3453 3350 3558 3408 line
3607 3351 3816 3442 mundi,

2229 3459 2286 3517 itt
2352 3453 2754 3516 resurrectione
2820 3451 3108 3513 ninnium,
3179 3446 3406 3502 munitm
3485 3446 3816 3503 deStrttetur.

2226 3550 2326 3610 Est
2361 3549 2551 3619 itaque
2589 3543 2854 3619 originale
2900 3550 3182 3614 peccatum
3231 3539 3382 3603 illud,
3422 3552 3532 3610 quo
3560 3545 3671 3590 tota
3714 3534 3820 3590 hu-

2227 3656 2388 3701 mana
2438 3649 2672 3704 natura,
2720 3635 2882 3692 simul
2927 3645 2984 3691 et
3033 3631 3202 3690 semel
3257 3636 3325 3687 ad
3384 3629 3668 3702 imaginem
3723 3624 3842 3682 Dei

2227 3733 2484 3799 condita,
2541 3738 2600 3787 et
2663 3728 2720 3785 itt
2777 3743 2883 3799 qua
2927 3743 3116 3782 omnes
3185 3723 3470 3786 homines,
3531 3723 3600 3776 ab
3667 3718 3824 3774 initio

2229 3823 2415 3882 mundi
2444 3836 2615 3893 usque
2637 3819 2706 3876 ad
2736 3817 3012 3880 linetn,.et
3037 3831 3204 3871 unum
3250 3823 3396 3874 sunt.
3428 3825 3485 3868 et
3522 3811 3819 3866 secundum

2227 3929 2428 3986 corpus
2468 3923 2524 3970 et
2549 3912 2802 3978 animam
2845 3910 3004 3966 simul
3046 3908 3234 3971 creati,
3271 3907 3426 3976 leges
3469 3904 3681 3960 divinas
3723 3917 3823 3973 per

2229 4005 2654 4063 iuobedieutiam
2701 4012 3038 4074 transgressa
3078 4011 3162 4054 est
3205 3998 3259 4054 iu
3301 3996 3589 4070 paradiso,
3631 3997 3822 4051 nolens

2227 4097 2545 4152 mandatum
2581 4094 2676 4153 Dei
2705 4093 3002 4150 custodire.
3054 4091 3169 4148 Non
3209 4092 3355 4156 enim
3399 4089 3608 4161 primus
3647 4087 3821 4142 Adam

2231 4189 2342 4255 ille,
2379 4189 2472 4260 qui
2503 4203 2572 4245 ex
2594 4187 2952 4262 generalitate
2985 4197 3212 4244 naturae
3241 4185 3510 4239 humanae
3555 4190 3680 4236 ante
3735 4197 3824 4233 rc-

2233 4293 2383 4341 teros
2412 4281 2466 4338 in
2496 4282 2757 4341 mundum
2789 4281 2933 4336 hunc
2964 4276 3228 4334 visibilem
3256 4275 3424 4339 venit,
3457 4272 3606 4328 solus
3635 4287 3820 4339 pecca-

2234 4374 2334 4442 vit,
2355 4375 2452 4433 sed
2483 4389 2676 4430 omnes
2708 4379 3092 4442 peccaverunt,
3125 4369 3437 4446 priusquam
3471 4367 3524 4421 in
3561 4369 3821 4421 mundum

2232 4463 2608 4541 precederet'tt.
2638 4465 2773 4526 Nam
2807 4465 2950 4536 quod
2975 4463 3266 4534 Apostolus
3289 4462 3365 4516 ait
3393 4478 3408 4514 :
3459 4480 3474 4510 ι
3510 4460 3646 4514 sicut
3677 4457 3822 4514 rnitn

2235 4565 2290 4625 in
2311 4562 2482 4619 Adam
2512 4567 2704 4617 omnes“
2731 4559 3056 4621 moriuntur,
3085 4559 3157 4610 ita
3199 4555 3253 4610 in
3287 4552 3504 4610 Christo
3529 4565 3720 4606 omnes
3745 4550 3821 4607 vi~

2233 4655 2524 4712 vilicnntur
2551 4673 2594 4714 ι.
2628 4669 2734 4710 non
2763 4653 2828 4705 de
2855 4651 2972 4721 ipso
3000 4665 3107 4705 uno
3125 4665 3190 4702 ar.
3216 4649 3393 4716 primo
3419 4644 3637 4699 homine
3661 4641 3822 4696 intel-

2233 4744 2470 4816 ligimus,
2502 4744 2596 4800 sed
2625 4743 2843 4798 nomine
2870 4742 3042 4796 Adam
3073 4754 3288 4796 omnem
3309 4736 3640 4808 generaliter
3667 4741 3822 4788 eatu-

2231 4852 2350 4893 ram
2391 4835 2686 4891 humanam
2721 4833 3015 4907 signiﬁcari
3050 4831 3370 4901 accipimus.
3411 4828 3506 4884 ille
3537 4826 3820 4896 siquidem

2229 4927 2521 5000 singularis
2559 4927 2732 4981 Adam
2781 4943 2886 4980 non
2944 4936 3259 4980 nasceretur
3286 4921 3339 4976 in
3379 4922 3524 4976 hunc
3565 4917 3820 4972 umndum

2231 5017 2640 5091 eorruptibilem
2677 5031 2776 5086 per
2806 5015 3233 5087 generationem.
3282 5013 3325 5068 si
3357 5019 3588 5066 naturae
3633 5009 3821 5062 huma-

2232 5125 2337 5168 nae
2366 5125 2472 5165 non
2508 5107 2858 5178 praecederet
2889 5107 3164 5161 delictum.
3203 5099 3412 5160 Divisio
3436 5101 3635 5171 quippe
3665 5107 3820 5150 natu-

2232 5216 2326 5256 rae
2373 5199 2425 5254 in
2459 5199 2730 5268 duplicent
2762 5212 2979 5262 sexum,
3004 5197 3210 5251 \ll’llt‘ill
3245 5196 3368 5248 dico
3401 5204 3457 5248 et
3492 5193 3781 5256 femineum
3803 5229 3817 5249 ,

2229 5305 2288 5351 et
2328 5309 2395 5350 ex
2443 5291 2574 5364 ipsis
2615 5286 2885 5346 humanae
2934 5288 3295 5360 processimus
3319 5296 3375 5343 et
3415 5280 3821 5339 numerositath
3918 5317 3924 5322 -

2232 5383 2334 5442 per
2357 5375 2774 5444 corruptionem
2795 5375 3106 5444 generatio,
3131 5390 3291 5444 paena
3317 5373 3592 5445 generalis
3610 5373 3815 5442 νοτιηηί

2228 5471 2312 5515 est
2332 5471 2382 5526 ι,
2411 5477 2518 5530 quo
2541 5464 2704 5518 simul
2739 5473 2913 5517 tutum
2941 5479 3118 5528 actius
3141 5462 3439 5517 humanum
3475 5460 3819 5534 praevarica-

2229 5563 2344 5608 tum
2367 5564 2454 5608 est
2477 5553 2794 5610 mandatum
2821 5553 2912 5609 Dei
2945 5554 2999 5608 iu
3025 5553 3300 5624 paradiso.
3327 5552 3442 5610 lluc
3466 5555 3630 5623 igitur
3647 5567 3809 5626 gruu-

2090 5651 2270 5710 NOTA
2283 5653 2343 5709 E.

560 5757 580 5773 '
621 5766 648 5795 ι
677 5751 728 5810 ,1.
785 5753 983 5812 Scelus
1017 5751 1259 5826 prasintc
1316 5750 1549 5808 etnnino
1603 5747 1788 5814 duret,
1826 5745 2066 5819 primum
2109 5745 2389 5801 hominem
2423 5752 2552 5800 ante
2593 5743 3116 5815 praevaricationem
3171 5743 3481 5814 simplicem
3539 5742 3828 5802 hominen,
