4236 6072
460 255 569 313 315
1809 246 2069 310 ιοΑΝΝιε

2159 248 2358 309 SCOTI
3630 255 3739 314 386

464 389 622 442 gnum
662 370 779 430 Dei.
813 369 1126 441 Quaeritur,
1155 385 1253 425 cur
1285 367 1445 454 desus
1483 367 1550 426 de
1584 364 1824 423 secundo
1852 364 2047 421 nativi-
2073 369 2120 429 Α
2152 381 2274 423 rum
2322 368 2553 425 animae.
2592 367 2833 443 Regnum
2860 370 2953 427 Dei
2996 380 3082 425 est
3131 370 3299 428 Filius
3336 370 3429 427 Dei
3458 412 3473 437 ,
3515 373 3613 444 qui
3642 391 3664 427 ι
3699 387 3736 429 a

465 474 597 528 tate,
620 477 761 533 quae
795 471 881 518 est
924 463 1219 520 secundum
1252 453 1524 531 spiritum,
1562 454 1839 530 respondit
1882 453 2045 511 Nico-
2148 458 2256 516 line
2274 474 2446 532 usque
2467 462 2534 517 ad
2559 462 2718 518 linem
2747 464 2973 536 adtingit
2995 464 3208 521 fortiter
3221 476 3278 520 et
3292 467 3529 537 disponit
3553 466 3738 524 omnia

464 556 645 617 deum,
689 570 811 609 eum
857 552 971 625 ipse
1015 550 1148 609 nihil
1192 550 1321 607 inde
1366 549 1731 621 interrogasse
1777 545 2047 602 videatur?
2147 551 2388 606 suaviter
2431 572 2476 606 ι.
2530 552 2771 626 [Magnum
2824 553 2918 610 Dei
2965 556 3103 613 visio
3152 556 3396 615 veritatis
3441 568 3549 616 est.
3578 558 3737 629 Quod

468 644 572 701 Sed
620 642 1051 715 respondendum
1081 660 1098 698 :
1142 641 1399 714 quoniam
1468 638 1729 695 Dominus
1759 636 1892 692 vidit
1923 651 2049 692 eum
2147 659 2277 715 ergo
2290 646 2521 702 aitznou
2533 657 2698 718 potest
2723 647 2894 703 ridere
2914 664 3127 719 regnum
3159 648 3274 712 Dei,
3298 665 3406 707 non
3442 651 3737 724 incongrue

467 736 790 801 credidisse,
834 733 977 791 sicut
1015 743 1073 791 et
1126 734 1297 790 ceteri
1342 731 1719 793 crediderunt.
1764 731 1855 799 qui
1894 731 2047 801 signa
2150 734 2510 806 intelligitur:
2539 753 2645 793 non
2693 747 2871 809 potest
2927 754 3015 795 me
3059 754 3428 810 cognoscere,
3469 742 3561 813 qui
3614 758 3738 799 smn

465 825 585 897 ejus
623 823 893 887 viderunt,
944 832 1002 879 et
1043 823 1402 888 existimasse,
1433 822 1576 892 quod
1624 819 1738 876 sola
1790 819 1924 876 lldes
1971 819 2051 875 eis

2155 846 2377 905 regnum
2406 830 2607 888 Patris.
2651 830 2767 889 Non
2794 831 2939 888 enim
2986 834 3328 889 solummodo
3358 850 3454 892 rex
3491 838 3735 892 euntium

467 916 763 978 sulliceret.
783 915 990 986 absque
1024 913 1324 985 spiritantia
1365 910 1729 1003 generationis
1761 911 1958 966 virtute
1995 920 2081 1003 et
2151 937 2270 978 sum
2294 963 2311 989 ,
2351 922 2445 980 ,ω
2473 933 2526 979 ει
2563 923 2690 979 ηιυά
2734 940 2955 1002 manu",
2999 937 3056 980 ει
3102 905 3307 983 omnia;
3354 924 3528 982 neue
3576 927 3739 998 iam"

466 1006 848 1071 sacramentis,
886 1005 1360 1062 continuo-docere
1387 1019 1509 1059 eum
1547 1002 1729 1074 coepit
1759 1004 1825 1058 de
1865 1002 2053 1056 nativi-

2155 1013 2291 1070 visio
2321 1015 2569 1071 veritatis
2596 998 2823 1084 regnum
2855 1015 2946 1070 Dei
2984 1027 3040 1073 et
3064 1016 3271 1075 dicitur
3299 1025 3356 1074 et
3401 1015 3735 1090 intelligitur.

471 1109 599 1163 tale.
624 1113 765 1169 quae
797 1105 880 1153 est
926 1097 1225 1153 secundum
1265 1096 1537 1167 spiritum.
1580 1095 1661 1150 Ac
1703 1094 1747 1149 si
1784 1093 1835 1150 ei
1865 1104 2054 1164 aperte

471 1193 674 1249 diceret
704 1208 722 1246 :
750 1188 868 1249 Non
899 1188 1099 1247 sul'l'lcit
1128 1185 1251 1254 tibi,
1287 1186 1623 1244 solummodo
1658 1188 1714 1243 in
1749 1201 1834 1242 nte
1870 1186 2050 1243 credi-

468 1285 636 1347 disse.
679 1282 783 1339 nisi
824 1290 1165 1338 sacramenta
1205 1278 1546 1351 baptismatis
1581 1276 1839 1347 accipias,
1879 1276 2044 1335 virtu-

454 1379 689 1445 ‘temque
749 1371 1048 1444 spiritualis
1106 1368 1470 1444 generationis
1523 1368 1810 1439 intelligas.
1851 1365 2053 1422 Nolan-

466 1470 620 1531 dum,
652 1462 880 1536 quodin
927 1462 1206 1519 codicibus
1243 1460 1575 1519 Graecorum
1615 1460 1799 1517 ἄνωθεν
1833 1458 2051 1531 legitur,

469 1557 564 1612 ubi
602 1557 654 1611 in
681 1555 867 1637 latinis
913 1552 1194 1612 codicibus
1220 1553 1393 1610 denuo
1423 1552 1713 1625 reperitur,
1736 1560 1796 1606 ut
1822 1551 1894 1608 sit
1932 1565 2055 1607 sen-

469 1668 567 1709 sus
599 1670 614 1707 :
657 1652 761 1709 nisi
796 1650 920 1724 quis
964 1661 1125 1707 natus
1166 1648 1332 1706 fuerit
1363 1646 1570 1714 ἄνωθεν,
1598 1647 1699 1703 hoc
1731 1655 1818 1704 est
1864 1648 2054 1704 desur-

2226 1107 2364 1163 Dicit
2389 1108 2460 1163 ad
2487 1124 2606 1163 eunt
2654 1105 3022 1181 Nicodamus;
3067 1109 3346 1176 Quomodo
3384 1118 3549 1181 potest
3584 1114 3743 1166 [torno

2154 1200 2301 1254 nasci
2338 1216 2459 1255 cunt
2504 1216 2666 1255 senes:
2713 1201 2823 1256 sit!
2882 1178 3152 1274 Nuritquid
3193 1211 3361 1274 potest
3385 1178 3463 1265 in
3513 1211 3741 1257 uentrem

2152 1291 2340 1344 matris
2358 1306 2486 1345 suae
2510 1289 2736 1347 secundo
2756 1292 2973 1347 introire
2991 1302 3040 1348 et
3063 1291 3323 1365 [νομαί-ἱ
3364 1293 3384 1325 ⁸
3399 1292 3423 1347 l
3441 1290 3745 1349 Carnaliter

2156 1380 2441 1447 intellexit,
2470 1382 2564 1454 qui
2592 1382 2770 1438 adimo
2792 1383 3089 1440 secundum
3133 1397 3356 1440 carnem
3402 1382 3746 1440 solummodo

2157 1484 2319 1534 natus
2347 1475 2471 1543 fuit,
2495 1484 2553 1533 et
2584 1476 2707 1533 ideo
2727 1478 3021 1534 carnaliter
3045 1478 3344 1550 respondit,
3359 1479 3617 1551 quoniam
3635 1493 3742 1536 non

2155 1557 2276 1652 erat
2326 1577 2487 1626 natus
2528 1583 2596 1625 ex
2635 1579 2981 1627 sacramento
3029 1571 3373 1645 baptismatis
3415 1583 3470 1630 et
3522 1573 3741 1646 spiritu.
3768 1560 3805 1615 9

2157 1660 2411 1717 Attamen
2448 1674 2574 1719 vere
2632 1661 2807 1730 dixit,
2865 1664 2994 1734 quia
3032 1680 3194 1721 sterno
3235 1673 3414 1737 potest
3462 1666 3548 1722 bis
3589 1666 3741 1725 nasci

470 1760 591 1799 sum
613 1784 628 1806 .
653 1752 714 1799 ut
744 1743 1027 1799 desursum
1056 1742 1300 1800 dicamus
1336 1754 1433 1813 pro
1459 1741 1667 1805 denuo;
1703 1739 1847 1809 quod
1885 1747 1942 1795 et
1974 1736 2053 1793 fa-

2155 1752 2449 1809 secundnm
2487 1766 2706 1809 carnem
2731 1793 2748 1821 ,
2793 1727 2948 1811 sicut
3000 1769 3160 1812 uento
3205 1727 3389 1827 potest
3449 1756 3536 1813 bis
3588 1756 3738 1813 nasci

468 1834 628 1890 cilius
658 1834 996 1906 intelligitur,
1053 1843 1109 1888 ct
1135 1831 1345 1887 duabus
1374 1830 1765 1897 nativitatibus,
1811 1839 2054 1885 terrenae

472 1933 721 1989 Videlicet
768 1942 933 2003 atque
988 1930 1238 1991 caelesti.
1292 1927 1722 1985 eouveuiculius.
1778 1924 1869 1983 Ait
1906 1928 2053 1983 enim

472 2023 805 2093 Apostolus:
840 2040 861 2074 ι
888 2020 1103 2076 Primus
1131 2020 1295 2076 homo
1339 2019 1408 2075 de
1462 2027 1607 2074 terra
1663 2029 1934 2079 terrenus,
1971 2031 2058 2073 se-

471 2114 681 2170 cundus
709 2114 870 2171 homo
904 2112 976 2170 de
1017 2111 1170 2168 caelo
1218 2110 1467 2167 caelestis
1500 2131 1549 2164 ο.
1599 2109 1748 2165 Duae
1790 2107 2056 2180 siquidem

475 2206 784 2263 nativitates
810 2215 956 2270 sunt,
985 2213 1047 2261 ut
1083 2205 1160 2260 ait
1188 2203 1559 2278 Augustinus;
1586 2218 1819 2275 quarum
1859 2200 1965 2258 una
1990 2202 2057 2257 de

474 2306 643 2361 terra,
693 2295 866 2353 altera
908 2296 975 2351 de
1007 2295 1178 2361 caelo,
1213 2294 1314 2351 hoc
1361 2304 1448 2350 est
1490 2295 1810 2360 desursum;
1841 2307 1949 2347 una
1988 2306 2058 2346 ex

473 2388 807 2459 parentibus,
836 2388 1130 2444 secundum
1160 2402 1405 2451 cantem,
1449 2386 1620 2442 altera
1653 2402 1722 2441 es
1750 2385 1967 2441 Christo
2001 2393 2060 2440 et

475 2478 751 2540 Ecclesia,
780 2477 1075 2534 secundum
1124 2478 1412 2548 spiritum;
1456 2493 1559 2531 una
1604 2477 1659 2531 in
1705 2476 2058 2531 similitudine

471 2570 838 2642 iumentorum
880 2584 979 2641 per
1004 2581 1284 2641 peccatum
1316 2569 1370 2624 in
1414 2579 1661 2631 mortem.
1694 2568 1864 2625 altera
1904 2568 1956 2622 in
1985 2566 2056 2622 si-

474 2662 778 2722 militudine
808 2663 1119 2720 caclestimn
1176 2663 1424 2718 .irzutum
1463 2677 1561 2735 per
1610 2663 1840 2734 gratiam
1890 2662 1944 2717 in
1980 2663 2059 2717 ri-

477 2767 623 2822 tatn;
653 2772 761 2811 una
802 2766 991 2812 contra
1020 2763 1269 2811 naturam
1314 2770 1410 2825 per
1438 2754 1716 2819 delictum,
1757 2752 1927 2810 altera
1974 2768 2057 2809 se-

2155 1841 2449 1899 secumlntn
2503 1842 2774 1914 spiritum.
2811 1844 2879 1902 Ut
2904 1846 3053 1901 enim
3106 1848 3352 1903 nascitur
3377 1846 3545 1904 sentel
3579 1846 3747 1905 homo

2157 1932 2211 1989 in
2235 1947 2403 1990 carne
2426 1947 2492 1991 es
2513 1946 2699 2001 carne,
2717 1937 2791 1989 ita
2820 1934 2987 1991 semel
3010 1937 3251 1993 nascitur
3271 1937 3435 1993 homo
3450 1948 3522 1993 es
3545 1936 3747 2009 spiritu

2156 2023 2212 2080 in
2242 2024 2460 2094 spiritu.
2489 2022 2908 2083 Sacratneatnm
2938 2042 3173 2098 namque
3207 2026 3551 2100 baptismatis
3572 2042 3693 2085 sem

2154 2125 2439 2189 acceptum
2460 2132 2622 2174 nemo
2652 2127 2831 2190 potest
2857 2119 3077 2175 iterare.
3266 2180 3269 2181 ν
3655 2134 3658 2136 τ

2224 2204 2511 2277 Respondit
2540 2206 2699 2264 Iesus
2736 2222 2756 2263 :
2781 2208 2968 2271 Amen,
3000 2226 3155 2266 amen
3188 2210 3308 2267 dico
3331 2210 3447 2277 tibi,
3494 2209 3598 2266 nisi
3625 2210 3743 2282 quis

2156 2308 2313 2351 natus
2344 2296 2503 2368 fuerit
2532 2313 2598 2353 ex
2633 2314 2773 2370 aqua
2800 2311 2848 2353 et
2875 2299 3084 2371 spiritu,
3116 2317 3220 2355 non
3260 2310 3426 2373 potest
3452 2300 3672 2356 introire
3691 2302 3749 2357 in
3800 2318 3804 2321 ·

2158 2402 2375 2456 regnum
2423 2385 2541 2442 Dei.
2600 2387 2701 2444 Ubi
2754 2390 2916 2444 datur
2961 2388 3212 2462 intelligi,
3262 2406 3371 2446 non
3424 2391 3575 2449 aliud
3624 2407 3749 2447 esse

2156 2477 2341 2563 videre
2391 2493 2616 2548 regnum
2666 2478 2796 2540 Dei,
2838 2489 2896 2535 et
2944 2480 3092 2536 aliud
3141 2480 3369 2538 introire
3409 2481 3466 2537 in
3519 2495 3746 2555 regnum

2160 2571 2297 2636 Dei,
2350 2570 2446 2628 sed
2495 2571 2748 2643 idipsum.
2803 2574 2906 2641 Qui
2952 2574 3101 2629 enim
3146 2574 3293 2631 videt
3357 2588 3582 2646 regnum
3625 2571 3745 2635 Dei.

2160 2663 2251 2719 ille
2282 2653 2480 2729 intrai;
2530 2672 2588 2720 et
2634 2665 2724 2736 qui
2779 2666 2969 2731 intrat,
3020 2665 3109 2722 ille
3159 2666 3325 2725 ridet.
3364 2663 3563 2722 Videre
3598 2665 3750 2722 enim

2162 2751 2367 2810 intrare
2412 2762 2536 2814 est.
2597 2763 2655 2809 et
2710 2754 2917 2813 intrare
2967 2754 3192 2821 videre,
3248 2756 3353 2812 hoc
3392 2763 3479 2812 est
3549 2754 3753 2809 verita-

474 2847 710 2913 cundum
741 2855 989 2901 naturam
1024 2860 1121 2915 per
1153 2845 1472 2899 delictorum
1512 2843 1828 2899 remedium.
1860 2841 2064 2913 Grcgo—
2164 2853 2272 2900 tem
2326 2859 2676 2917 cognoscere.
2730 2843 2850 2900 Nisi
2905 2846 3023 2917 quis
3081 2860 3240 2902 natus
3288 2845 3445 2916 fuerit
3497 2861 3564 2901 ea;
3612 2860 3751 2916 aqua

480 2942 595 2996 rius
640 2949 821 2996 autem
871 2935 1151 3006 theologus
1195 2946 1431 3006 quatuor
1483 2934 1791 2990 nativitates
1838 2934 2058 2996 astruit,
2161 2944 2210 2990 et
2246 2934 2472 3006 spiritu,
2507 2935 2610 2990 hoc
2634 2942 2739 3000 cst,
2782 2951 2850 2990 es
2883 2945 3230 2992 sacramento
3275 2933 3475 2992 Visibili
3503 2943 3559 2990 et
3588 2933 3748 2990 intel-

477 3043 615 3100 quas
651 3028 815 3084 etiam
846 3026 1104 3084 Dominus
1133 3036 1316 3082 noster
1353 3024 1511 3083 Jesus
1534 3024 1780 3081 Christus
1826 3040 1927 3094 pro
1968 3039 2060 3079 sa-
2092 3016 2132 3108 ‘ﬁ
2164 3027 2307 3083 lectu
2362 3026 2641 3083 invisibili.
2670 3028 2749 3083 Ae
2795 3028 2839 3083 si
2895 3038 3083 3098 aperte
3126 3028 3358 3085 dixisset
3407 3042 3424 3081 :
3480 3024 3593 3082 Nisi
3628 3025 3753 3097 quis

483 3097 591 3176 lute
612 3122 880 3176 humanae
901 3127 1126 3173 naturae
1153 3115 1386 3175 subiisse
1414 3115 1667 3187 dignatus
1694 3126 1796 3171 cst.
1819 3114 2059 3183 Quarum
2088 3097 2133 3145 ⁸)
2165 3118 2469 3189 symbolum
2498 3119 2840 3190 baptismatis
2887 3097 3161 3189 acceperit
3199 3119 3505 3184 t'isibiliter,
3538 3126 3593 3173 et
3640 3117 3753 3188 spi-

468 3198 656 3283 ‘prima
694 3219 778 3266 est
805 3209 1061 3264 nativitns
1096 3208 1203 3273 illa,
1238 3208 1290 3262 iu
1319 3222 1423 3277 qua
1456 3218 1625 3263 totum
1672 3221 1843 3277 genus
1873 3206 2064 3261 Imma-

484 3323 613 3363 num
640 3303 799 3362 simul
838 3305 904 3360 de
946 3303 1115 3359 nihilo
1142 3312 1363 3367 natum;
1394 3302 1462 3355 de
1495 3316 1599 3372 qua
1630 3300 1887 3370 scrip’um
1936 3307 2058 3352 est:

486 3415 507 3452 s
546 3396 615 3454 lit
644 3395 772 3453 fecit
800 3394 942 3453 Deus
966 3393 1238 3451 hominem
1270 3392 1338 3448 ad
1381 3391 1667 3463 imaginem
1710 3400 1769 3445 et
1814 3387 2065 3445 similitu-

481 3486 665 3547 dinem
716 3501 869 3543 snam
900 3506 946 3539 ι.
1008 3484 1255 3541 Secunda
1286 3523 1302 3548 ,
1351 3496 1492 3552 quae
1542 3479 1779 3537 hominis
1810 3479 2064 3536 delictum

427 3596 432 3600 '
485 3580 780 3637 subsecuta
808 3593 872 3632 cs
907 3586 1137 3647 utroque
1165 3589 1321 3639 sexu,
1354 3574 1423 3627 ad
1486 3572 1895 3629 similitudinem
1926 3581 2070 3625 cete-

487 3688 673 3730 rorum
704 3670 1042 3733 animalium,
1073 3670 1142 3725 de
1180 3683 1286 3738 qua
1341 3666 1529 3723 eadem
1572 3664 1855 3736 Scriptura
1898 3664 2063 3719 dicit:

478 3763 514 3812 ἰ
549 3763 841 3820 Masculino
878 3774 936 3818 et
974 3761 1243 3821 feminam
1292 3758 1423 3815 fecit
1490 3772 1587 3813 eos
1640 3774 1707 3823 ›;
1758 3771 1854 3828 per
1906 3770 2066 3825 quam

380 3918 389 3923 ,
487 3867 659 3915 totum
700 3870 870 3929 genus
914 3855 1206 3909 humanum
1252 3852 1304 3906 in
1351 3849 1621 3906 inﬁnitum
1681 3846 2073 3918 multiplicatur

490 3957 705 4007 terrena
759 3946 1123 4003 successione.
1179 3942 1393 4008 Tertia,
1436 3955 1575 4011 quae
1631 3949 1717 3996 est
1776 3937 2071 3995 secundum

432 4034 436 4042 ’
486 4035 771 4112 spiritum,
820 4036 888 4092 de
930 4048 1038 4105 qua
1085 4047 1231 4088 nunc
1265 4031 1525 4088 Dominus
1563 4030 1641 4085 ait
1673 4047 1688 4084 :
1723 4048 1743 4081 ι
1792 4027 1905 4084 Nisi
1950 4028 2076 4099 quis

490 4142 652 4186 natus
674 4127 840 4184 fuerit
867 4129 1044 4182 denuo
1074 4141 1135 4192 i;
1167 4125 1221 4179 in
1249 4139 1357 4195 qua
1404 4122 1687 4179 nativitate
1731 4120 1923 4191 incipit
1972 4122 2074 4176 huc

490 4236 651 4276 mana
701 4252 714 4275 ι
752 4230 892 4274 νιιτιι
931 4218 1001 4274 ad
1051 4231 1211 4273 suam
1269 4215 1551 4289 pristinam
1604 4213 1827 4280 sedem,
1874 4212 1944 4268 de
1970 4231 2075 4283 qua

490 4313 719 4374 corruit,
767 4310 963 4364 redire.
1015 4308 1216 4377 Quarta
1253 4309 1359 4362 erit
1411 4307 1463 4361 in
1501 4306 1899 4363 resurrectione
1956 4322 2076 4360 om-

491 4406 672 4470 nium,
702 4402 919 4473 quando
965 4412 1219 4458 nascetur
1274 4400 1433 4457 simul
1494 4409 1603 4456 tota
1640 4408 1824 4456 nostra
1864 4411 2076 4460 natura,

492 4506 669 4554 inmte
693 4498 1036 4564 interempta,
1077 4494 1130 4550 in
1152 4494 1318 4550 vitam
1342 4502 1644 4549 aeternam.
1674 4489 1855 4557 Prima
1894 4489 2078 4559 itaque

494 4590 781 4655 naturalis,
810 4590 1045 4645 secunda
1073 4596 1292 4658 propter
1313 4593 1594 4657 peccatum
1614 4624 1629 4647 ,
1656 4585 1813 4640 tertia
1841 4598 1938 4653 per
1956 4598 2079 4653 gra-

497 4683 624 4736 tiam
662 4680 1062 4751 Redemptoris,
1088 4687 1281 4751 qnarta
1322 4679 1617 4734 secundum
1642 4683 1893 4731 naturam
1919 4674 2079 4732 simul

494 4772 817 4844 rtgratiam.
848 4772 985 4827 Inest
1032 4770 1175 4828 cuitu
1201 4768 1521 4825 naturaliter
1566 4767 1832 4823 humanae
1856 4776 2080 4822 naturae

500 4863 672 4919 rit-tus
726 4863 1173 4922 resurrectionis.
1227 4860 1493 4930 siquidem
1545 4859 1816 4915 contraria
1858 4860 2083 4914 omnino

499 4952 602 5009 sibi
628 4954 712 5009 ρει
760 4969 908 5009 mors
936 4965 1178 5008 at-lcrna.
1227 4952 1369 5020 Quid
1414 4962 1599 5007 autem
1641 4953 2082 5007 naturaconl‘ert

501 5045 909 5109 resurrectioni,
933 5054 1010 5106 ,et
1036 5047 1166 5115 quid
1206 5047 1403 5119 gratia,
1435 5043 1574 5098 alius
1599 5044 1902 5101 disserendi
1930 5045 2082 5101 locus

466 5123 601 5199 lest.
639 5142 760 5196 Non
789 5151 952 5210 potest
977 5141 1143 5195 videre
1173 5152 1386 5207 regnum
1409 5133 1522 5189 Dei.
1563 5135 1731 5205 Regni
1765 5134 1858 5191 Dei
1898 5134 2080 5190 tnnlti'

501 5234 620 5301 plcx
653 5233 960 5287 intellectus
990 5243 1090 5287 cst.
1132 5232 1371 5302 ltcgnum
1424 5228 1515 5285 Dei
1566 5241 1647 5283 est
1692 5229 1921 5284 ecclesia
1952 5229 2086 5283 lide-

495 5320 651 5381 linm,
669 5320 734 5372 de
754 5334 861 5398 qua
884 5320 1142 5385 scriptum
1175 5337 1185 5367 :
1223 5337 1244 5369 ι
1274 5318 1519 5387 Regnum
1538 5314 1629 5371 Dei
1650 5320 1793 5371 inter
1814 5332 1910 5370 vos
1933 5325 2016 5370 est
2040 5334 2082 5368 ι.

497 5409 745 5481 lit-guunt
803 5412 894 5464 Dei
959 5413 1288 5465 universum
1336 5410 1642 5480 corporalis
1688 5422 1743 5465 et
1777 5410 2085 5479 spiriluaiis

495 5516 783 5559 creaturae
844 5504 1088 5569 linguam
1128 5502 1219 5557 lli-3
1256 5506 1519 5561 laelt‘Slf-a
1560 5516 1784 5555 manus
1809 5520 1861 5555 γε
1907 5501 2079 5570 justo

2168 3209 2356 3276 ritum,
2378 3209 2432 3265 id
2453 3220 2557 3276 est,
2589 3212 2922 3267 intellectum
2965 3212 3137 3282 ipsius
3176 3212 3406 3285 sytnboli
3436 3227 3541 3268 non
3567 3226 3756 3282 perce-

2168 3300 2329 3370 perit,
2358 3316 2463 3356 non
2491 3305 2667 3371 potest
2696 3301 2920 3359 introire
2956 3303 3009 3359 iu
3051 3318 3278 3373 regnum
3318 3302 3657 3360 Dei.Potest
3699 3312 3756 3357 et

2124 3460 2133 3468 .
2169 3392 2251 3446 sie
2274 3389 2502 3462 intelligi
2522 3406 2617 3447 :ex
2643 3406 2806 3462 aqua,
2831 3392 2934 3448 hoc
2948 3404 3052 3457 est,
3077 3409 3144 3473 es
3169 3393 3365 3451 visibili
3393 3405 3753 3457 sacramento,

2169 3491 2226 3538 et
2248 3479 2456 3552 Spiritu
2480 3491 2691 3538 sancto.
2721 3481 3036 3551 Quaeritur,
3064 3499 3169 3556 qua
3197 3485 3268 3541 de
3304 3499 3466 3541 cauis
3496 3485 3758 3543 Dominus

2170 3573 2383 3631 risibile
2414 3583 2816 3630 sacramentum
2862 3574 3207 3645 baptismatis
3233 3575 3288 3632 in
3311 3591 3455 3646 aqua
3482 3575 3600 3632 lteri
3626 3592 3757 3632 con-

2178 3668 2386 3732 stituit,
2414 3682 2541 3722 cum
2573 3665 2820 3723 videatur
2857 3666 2972 3723 sola
3015 3666 3265 3723 doctrina
3312 3666 3611 3738 spiritualis
3659 3681 3759 3737 per

2181 3759 2345 3815 tidem
2374 3755 2635 3813 sulllcero
2661 3757 2731 3813 ad
2757 3757 3096 3815 nativitatem
3140 3758 3376 3815 hominis
3422 3772 3492 3815 ex
3534 3758 3756 3830 spiritu.

2179 3850 2289 3905 Sed
2317 3857 2375 3904 et
2393 3848 2498 3904 hoc
2542 3847 2834 3905 dicendum
2870 3866 2885 3903 :
2918 3849 3177 3921 quoniam
3220 3848 3384 3905 homo
3430 3862 3501 3905 ex
3538 3847 3762 3904 ivisibili

2175 3953 2405 4013 corpore
2427 3947 2485 3995 et
2505 3938 2757 3994 invisibili
2779 3939 2964 3996 anima
2987 3937 3358 4002 constituitur,
3384 3939 3756 3995 necessarium

2174 4042 2299 4090 erat
2319 4040 2722 4087 sacramentum
2752 4030 2963 4088 visibile
2986 4031 3057 4086 ad
3079 4030 3511 4102 puriﬁcationem
3531 4030 3759 4089 visibilis

2178 4122 2446 4195 corporis,
2458 4122 2600 4178 sicut
2626 4121 2933 4179 necessaria
2954 4131 3044 4178 est
3058 4120 3344 4179 invisibilis
3361 4120 3485 4179 lldsi
3512 4122 3760 4179 doctrina

2179 4215 2251 4270 ad
2300 4212 2789 4279 sanctiﬁcationem
2862 4211 3149 4270 invisibilis
3204 4211 3439 4267 animae.
3494 4211 3761 4281 Quantris

2181 4306 2327 4362 enim
2373 4315 2775 4361 sacramentum
2800 4304 3014 4362 visibile
3053 4303 3397 4377 baptismatis
3425 4304 3561 4359 nihil
3588 4304 3765 4358 adhuc

2185 4397 2237 4452 in
2290 4396 2394 4452 hac
2448 4395 2556 4451 vita
2600 4396 2815 4467 corpori
2860 4395 3106 4453 videatur
3152 4393 3438 4461 conferre,
3468 4394 3530 4450 in
3581 4409 3765 4450 resnro

2188 4487 2426 4541 ret-tione
2450 4494 2628 4542 lamen
2660 4486 2839 4541 futura
2870 4487 2940 4543 de
2968 4486 3182 4542 mortali
3216 4484 3410 4541 elﬁciet
3438 4484 3764 4551 immortale,

2184 4578 2252 4631 de
2294 4575 2629 4647 corruptibili
2677 4577 3152 4649 incorrruptibile,
3201 4587 3257 4633 et
3289 4575 3497 4643 cetera,
3526 4566 3669 4649 quae
3696 4576 3767 4634 ad

2184 4670 2413 4740 gloriam
2453 4670 2671 4726 futurae
2708 4670 3121 4742 resurrectionis
3146 4671 3513 4743 pertinebunt.
3542 4666 3769 4726 Verum-

2188 4777 2365 4819 tamen
2380 4764 2545 4819 etiam
2568 4764 2621 4818 in
2639 4756 2911 4833 praesenti
2936 4762 3042 4819 vita
3064 4763 3375 4820 sanctilicat
3396 4761 3632 4818 lldeliutn
3647 4775 3770 4816 cor.

2188 4874 2317 4928 pora
2336 4857 2506 4912 virtus
2520 4856 2868 4916 sacramenti.
2882 4872 3005 4912 cum
3027 4856 3287 4929 templum
3318 4854 3416 4911 Dei
3440 4851 3764 4915 eﬁciaulur,

2188 4950 2402 5004 dicente
2430 4948 2691 5020 Apostolo
2730 4966 2744 5001 :
2784 4969 2802 4999 ι
2842 4940 3092 5016 Nescitis,
3131 4949 3261 5021 quia
3311 4963 3540 5019 corpora
3585 4954 3767 5001 vestra

2189 5039 2446 5110 ιριιιιιιιιιιι
2480 5039 2651 5095 sancti
2697 5037 2932 5110 Spiritus
2978 5049 3103 5095 sunt
3147 5040 3205 5095 οἳ
3250 5037 3358 5095 Sed
3385 5036 3431 5095 si
3461 5037 3582 5109 quis
3607 5037 3767 5106 piens

2189 5132 2447 5187 virtutem
2480 5132 2824 5202 baptismatis
2854 5146 3081 5188 noscere
3112 5131 3403 5199 desiderat,
3447 5129 3589 5200 legat
3630 5140 3763 5183 san-

2190 5234 2335 5280 ctum
2366 5224 2677 5296 Dionysium
2704 5225 3082 5298 Areopagitam
3104 5224 3183 5305 ‘iu
3212 5223 3353 5281 libro
3392 5223 3462 5279 de
3499 5220 3769 5279 Ecclesia.

2195 5319 2331 5369 stiva
2369 5319 2656 5369 ict'ureiiia.

2267 5410 2530 5476 Sequitur
2563 5429 2576 5463 ;
2607 5407 2762 5474 Quod
2803 5417 2984 5462 natum
3012 5416 3085 5461 est
3121 5421 3185 5460 ex
3216 5421 3397 5468 turne,
3429 5418 3556 5460 caro
3590 5410 3690 5467 est,
3721 5415 3776 5461 et

2191 5497 2331 5565 quod
2358 5510 2545 5553 natum
2563 5510 2638 5554 est
2662 5515 2723 5552 ea:
2744 5500 2957 5570 spiritu,
2981 5499 3204 5570 spiritus
3220 5504 3315 5551 cst.
3346 5494 3489 5552 Duas
3514 5494 3775 5553 nativita-

1785 5598 2044 5657 ‘MlllAi’.
2075 5594 2477 5655 LECTlONES.

585 5706 591 5723 ⁵
630 5696 805 5751 (aut.
845 5716 940 5750 Cur
1002 5700 1146 5750 nuce!
