4236 6072
434 226 534 288 3η
807 253 850 268 κ

431 435 618 501 natum
666 451 750 500 est
789 455 854 500 ex
883 453 1074 507 carne,
1105 441 1209 497 ltoc
1235 448 1342 505 est,
1377 453 1444 494 ex
1476 439 1653 510 primo
1676 433 1895 493 homine
1919 448 2016 508 per

431 535 614 594 carnis
641 535 1067 598 successionem,
1092 546 1223 588 caro
1252 541 1356 596 est,
1397 530 1501 586 hoc
1521 538 1605 585 est
1626 571 1641 594 ,
1663 524 1884 586 carnale
1907 533 2011 584 est.

431 624 758 691 Notandum,
815 623 958 696 quod
991 621 1046 680 in
1091 621 1196 680 hoc
1249 621 1369 678 loco
1417 616 1638 677 nomine
1679 614 1861 676 carnis
1911 631 2015 675 non

431 717 650 775 carnem
681 716 1044 782 solummodo,
1093 714 1188 773 sed
1223 724 1393 772 totum
1434 704 1709 770 carnalem
1742 711 2017 768 hominem

428 807 836 885 signiﬁcaverit.
877 807 1158 880 Siquidem
1213 821 1376 880 saepe
1413 803 1594 862 anima
1633 803 1871 868 carnalis
1895 819 2019 860 car-

433 905 518 960 nis
567 905 788 960 nomine
842 903 1156 967 vocitatur,
1202 901 1348 958 unde
1401 897 1698 973 Apostolus
1749 915 1764 952 :
1822 915 1841 950 ι
1878 895 2018 952 Caro

431 996 771 1069 concupiscit
796 995 1062 1051 adversus
1086 989 1378 1065 spiritum,
1422 1001 1480 1046 et
1501 989 1731 1062 spiritus
1758 987 2020 1045 adversus

430 1100 750 1144 carnem».
809 1071 1106 1142 Sciendum
1167 1085 1408 1156 quoque,
1437 1082 1624 1153 quod,
1681 1080 1826 1136 sicut
1876 1089 2020 1136 totus

434 1182 597 1236 ttatno
617 1173 853 1236 carnalis
881 1173 1061 1232 anima
1091 1185 1146 1232 et
1168 1184 1397 1245 corpore
1439 1183 1568 1230 caro
1614 1171 1837 1236 dicitur,
1861 1171 1937 1228 ita
1963 1180 2022 1226 et

433 1279 577 1324 totus
609 1263 1108 1338 homospiritualis
1159 1264 1342 1319 anima
1391 1271 1446 1320 et
1495 1273 1726 1336 corpore
1774 1260 2016 1331 spiritus,

433 1359 690 1434 quoniam
721 1367 1009 1416 nascentes
1033 1355 1280 1414 homines
1311 1357 1368 1412 in
1388 1353 1609 1412 Christo
1633 1369 1734 1428 per
1758 1345 2018 1428 Spiritum

431 1457 684 1510 sanctum
719 1440 894 1507 unum
926 1463 1050 1508 cum
1098 1449 1217 1522 ipso
1255 1441 1460 1518 Spiritu
1486 1439 1798 1505 emetiuntur
1823 1454 2022 1503 secun-

430 1545 562 1628 dum
603 1555 802 1619 corpus
847 1551 906 1601 et
945 1537 1205 1628 animam.
1243 1538 1342 1601 Ubi
1391 1537 1550 1600 datur
1597 1533 1846 1614 intelligi,
1874 1529 2020 1613 qutitl

428 1623 836 1693 sacramentum
903 1623 1248 1708 baptismatis
1295 1631 1680 1692 imitationem
1723 1629 1908 1692 carnis
1962 1631 2017 1688 in

432 1725 686 1801 spiritum
717 1727 956 1786 feturam
981 1737 1102 1783 esse
1127 1726 1482 1799 praeﬁgunt.

507 1818 631 1878 Non
673 1817 880 1878 mireris
903 1863 916 1877 .
951 1819 1078 1886 quia
1105 1818 1244 1874 uixi
1291 1817 1387 1874 (ibi
1431 1826 1452 1870 :
1487 1808 1703 1888 Oportet
1742 1827 1837 1872 vos
1875 1812 2024 1870 nasci

434 1913 623 1970 demto.
661 1912 742 1970 ite
767 1912 814 1970 si
843 1904 1116 1970 dixisset:
1147 1923 1254 1965 non
1292 1910 1364 1965 sit
1405 1905 1502 1964 tibi
1529 1907 1726 1963 mirum
1754 1911 1812 1962 et
1839 1905 2020 1963 incre-

394 2010 410 2016 ’
433 2005 619 2070 dibile,
647 1997 920 2062 hominem
961 2001 1109 2060 naSci
1143 2001 1340 2059 iterum
1373 2015 1442 2058 ex
1480 1999 1699 2073 spiritu.

505 2095 735 2168 Spiritus
775 2089 863 2152 niti
901 2093 1010 2154 vult
1043 2095 1230 2168 spirat.
1265 2080 1368 2152 Ubi
1392 2091 1629 2165 Spiritus
1659 2093 1884 2150 sanctus
1906 2089 2024 2148 vir-

426 2199 607 2249 tutem
629 2181 1081 2248 sanctiﬁcationis
1106 2197 1240 2242 suae
1267 2183 1382 2243 vult
1409 2182 1696 2256 perlicere.
1725 2173 1800 2238 ibi
1825 2182 2024 2255 spirat,

437 2283 512 2338 ibi
569 2277 1060 2338 sanctificationem
1109 2275 1340 2351 perlicit.
1397 2273 1475 2332 Es
1526 2273 1630 2332 hoc
1683 2269 2024 2348 intelligitur,

436 2371 578 2444 quod
617 2369 770 2440 lides,
801 2381 911 2443 qua
951 2364 1226 2427 credimus
1282 2369 1337 2424 in
1390 2365 1694 2433 Christum,
1745 2375 1800 2427 et
1836 2375 2024 2423 sacra-

392 2480 402 2492 ·
438 2464 704 2530 mentum,
727 2476 834 2534 quo
865 2466 1220 2526 renascimur,
1249 2459 1388 2515 dona
1417 2457 1591 2514 sancti
1619 2449 1856 2528 Spiritus
1892 2457 2023 2525 sint,

438 2557 532 2630 qui
576 2552 668 2614 ubi
710 2555 1086 2626 vultspirat,
1135 2551 1239 2609 hoe
1270 2562 1378 2617 εει,
1415 2558 1678 2624 operatur
1721 2551 1775 2606 in
1827 2545 1932 2606 his.
1969 2549 2025 2606 in

441 2641 639 2718 quibus
663 2644 778 2701 vult
809 2642 1049 2715 operari,
1075 2636 1323 2724 dividens
1351 2642 1580 2716 singulis
1595 2639 1837 2714 propria.
1865 2653 2029 2710 prout

441 2736 577 2794 vnit.
606 2733 676 2792 Et
705 2747 874 2794 uocem
906 2729 1022 2808 ejus
1067 2734 1245 2791 audis.
1295 2735 1372 2792 De
1397 2745 1534 2792 voce
1564 2733 1742 2792 sancti
1782 2727 2026 2804 Spiritus

440 2836 528 2890 sat
553 2838 638 2888 est
683 2830 848 2887 verba
883 2829 1062 2887 sancti
1109 2827 1395 2902 Angusnni
1423 2840 1650 2900 ponere.
1702 2823 1794 2884 Ait
1835 2828 2024 2884 enim:

447 2942 467 2978 ε
494 2919 666 2980 Nemo
703 2919 849 2979 videt
893 2919 1178 2992 spiritum;
1227 2920 1502 2991 quomodo
1550 2919 1803 2976 audimus
1838 2927 2027 2975 vocem

442 3013 701 3086 spiritus?
745 3010 918 3071 Sonat
969 3011 1253 3086 psalmus,
1297 3024 1401 3068 vos
1429 3019 1516 3070 est
1559 3010 1805 3085 spiritus.
1855 3011 2030 3068 Sonat

1475 225 1834 290 COMMENT.
1981 223 2232 282 EVANG.
2301 225 2446 282 SEC.
2487 223 2676 282 JOA'N.

433 355 512 400 tes
532 316 745 412 repetit,
775 354 844 398 ett
893 355 1062 398 carne
1092 339 1342 398 videlicet
1386 351 1440 396 et
1476 351 1543 396 ex
1594 339 1811 412 spiritu.
1857 339 2011 407 Quod
2045 347 2086 401 Λ
2115 353 2310 394 sensus
2358 354 2371 392 ε

3589 223 3700 282 318
3777 233 3791 252 ⁸

2419 338 2647 409 spiritus
2691 337 2778 393 ubi
2825 337 2938 392 vult
2983 338 3194 408 Spirat,
3246 345 3301 390 et
3349 352 3534 394 vocem
3579 337 3702 410 ejus

2121 429 2297 496 audis,
2338 429 2432 485 sed
2464 429 2640 486 nescis
2669 429 2812 484 unde
2841 431 2988 484 venit
3013 437 3070 484 ei.
3093 443 3202 498 quo
3241 427 3408 492 vadit,
3443 428 3699 502 quoniam

2120 521 2297 578 adhuc
2322 536 2427 576 non
2459 535 2519 578 es
2546 527 2704 576 natus
2736 535 2802 576 ex
2851 521 3077 590 spiritu;
3130 519 3212 576 sic
3244 525 3331 575 est
3379 517 3591 576 omnis?
3621 518 3700 576 Ac

2121 615 2168 670 si
2211 615 2439 670 tinxisset
2489 631 2504 669 :
2554 601 2781 689 putasne
2830 612 2912 668 sic
2953 626 3074 669 esse
3115 627 3330 669 omnem
3386 622 3697 668 nascentem

2122 722 2186 762 ex
2219 706 2436 778 spiritu,
2462 713 2522 762 ut
2564 707 2749 763 audiat
2770 721 2960 764 vocem
2987 707 3232 777 spiritus,
3259 707 3472 778 ignoret
3493 718 3697 773 autem,

2121 795 2265 852 unde
2308 795 2458 852 venit
2477 805 2532 851 et
2577 811 2688 868 quo
2713 795 2895 851 vadit?
2922 793 3041 851 Noli
3071 797 3174 852 hoc
3198 788 3698 854 existimarea'Nam

2121 891 2168 945 si
2197 889 2440 947 pascaris
2461 903 2526 944 ex
2553 888 2765 960 spiritu,
2794 899 2899 943 neu
2930 887 3103 944 solum
3119 903 3316 976 yocem
3346 887 3462 960 ejus
3490 885 3705 957 audies,

2123 996 2311 1036 verum
2345 980 2509 1037 etiam
2557 995 2878 1052 cognosces,
2911 977 3054 1036 unde
3103 979 3252 1034 venit
3299 989 3356 1035 et
3397 995 3506 1051 quo
3532 979 3702 1036 vadit.

2123 1070 2285 1130 Venit
2325 1087 2356 1126 a
2384 1067 2548 1126 Patre
2595 1085 2694 1142 per
2750 1070 2984 1136 Filium,
3027 1070 3171 1138 sicut
3213 1066 3343 1125 alibi
3393 1070 3700 1142 scriptum:

2129 1181 2148 1211 ‹
2190 1161 2360 1230 Quem
2399 1161 2576 1216 mittet
2614 1160 2774 1216 Pater
2810 1161 2860 1215 in
2891 1161 3109 1216 nomine
3135 1173 3282 1221 meo,
3309 1168 3370 1214 ut
3407 1173 3474 1215 ev
3498 1175 3557 1217 se
3581 1155 3698 1219 ere-

2075 1245 2078 1249 ’
2123 1251 2312 1309 dentes
2351 1252 2402 1307 in
2447 1251 2721 1308 Christum
2765 1260 3059 1307 nascantur
3105 1270 3150 1304 ι.
3182 1250 3340 1308 lledit
3377 1253 3446 1306 ad
3483 1247 3704 1308 Patrem

2125 1357 2221 1415 per
2262 1343 2492 1398 eundem
2541 1340 2760 1408 Filium,
2815 1348 3102 1398 nascentes
3135 1356 3204 1398 es
3255 1356 3315 1397 se
3359 1339 3414 1398 in
3463 1341 3698 1398 divinam

2124 1429 2406 1492 ﬂlietatem
2441 1436 2726 1492 reducens.

2195 1515 2476 1598 Respondit
2520 1527 2842 1584 Nicodentus
2885 1537 2936 1585 et
2975 1529 3113 1586 dixit
3145 1526 3194 1585 ei
3219 1545 3250 1620 ε¹
3269 1519 3546 1598 Quomodo
3575 1513 3706 1604 pos-

2122 1633 2246 1680 sunt
2273 1625 2403 1680 haec
2449 1623 2607 1696 ﬁeri?
2653 1625 2846 1683 Adhuc
2880 1624 3133 1693 haesitat,
3157 1623 3248 1698 qui
3301 1623 3536 1684 litteram
3573 1625 3715 1700 legis

2051 1725 2097 1792 Β
2123 1716 2350 1790 legerat,
2389 1715 2638 1790 spiritum
2686 1725 2867 1773 autem
2915 1718 3082 1801 ipsius
3131 1719 3353 1775 omnino
3404 1717 3707 1792 ignorabat.

2125 1807 2280 1878 Quod
2299 1807 2676 1881 aitApostolus
2706 1827 2720 1865 :
2751 1827 2772 1862 ι
2809 1807 3017 1864 Littera
3029 1808 3252 1875 occid-it,
3281 1809 3506 1879 spiritus
3527 1817 3708 1866 autem

2123 1895 2364 1956 viviﬁcat
2397 1919 2445 1958 ι.
2476 1898 2588 1955 Lex
2609 1900 2753 1955 enim
2782 1896 2920 1956 lecta
2945 1905 3002 1955 et
3027 1914 3132 1956 non
3178 1899 3448 1968 intellecta
3487 1901 3711 1969 occidit,

2127 1993 2264 2050 lecta
2285 2010 2419 2051 vero
2444 2003 2500 2051 et
2537 1994 2806 2052 intellecta
2832 1995 3088 2052 viviiicat.
3113 1995 3345 2053 Proinde
3383 1997 3713 2068 impossibile

2125 2081 2423 2142 Nicodemo
2449 2086 2625 2142 visum
2655 2095 2794 2154 erat,
2840 2085 2984 2158 quod
3008 2087 3074 2143 de
3115 2086 3396 2144 nativitate
3422 2103 3487 2144 ex
3517 2089 3709 2158 spiritu

2126 2174 2389 2234 Dominus
2442 2178 2808 2254 praedicabat.
2874 2171 3134 2251 Ignorans
3193 2179 3445 2253 spiritum
3497 2179 3713 2238 divinae

2125 2267 2407 2326 doctrinae
2432 2261 2695 2326 refellitur
2715 2267 2932 2344 fudaica
2963 2270 3236 2342 superbia,
3261 2285 3404 2342 quae
3445 2282 3606 2344 negat
3630 2271 3712 2326 al-

2128 2362 2268 2418 titira
2293 2375 2414 2420 esse
2441 2361 2574 2434 legis
2600 2359 2800 2429 littera,
2829 2363 2882 2418 in
2905 2379 3011 2436 qua
3039 2363 3282 2420 redolem
3305 2364 3488 2430 divina
3511 2373 3712 2438 myste-

2129 2447 2231 2508 ria.
2255 2447 2335 2508 Ac
2358 2467 2456 2522 per
2479 2451 2582 2515 hoc
2605 2451 3024 2526 reprehenditur
3049 2451 3380 2512 Nicodemus
3399 2471 3430 2510 a
3462 2455 3713 2512 Domino.

2127 2543 2218 2600 Ait
2243 2542 2570 2614 mugelista
2597 2562 2611 2598 :

2202 2632 2486 2705 Respondit
2515 2631 2672 2691 hius
2696 2645 2746 2692 ct
2776 2633 2909 2694 dixit
2931 2625 2981 2693 ei
3001 2653 3022 2694 :
3057 2631 3135 2693 Tu
3164 2654 3218 2694 es
3254 2640 3507 2712 mng'ster
3547 2639 3717 2698 Israel

2128 2725 2327 2784 sinuet:
2355 2723 2606 2798 ignorat?
2637 2722 2734 2785 Ubi
2757 2729 3075 2796 notandum,
3103 2729 3248 2802 quod
3267 2747 3374 2788 non
3407 2732 3717 2791 insultando

2129 2818 2391 2875 Dominus
2415 2817 2580 2876 dixit:
2603 2833 2658 2876 tu
2695 2839 2751 2878 es
2780 2823 3031 2896 magister
3061 2821 3256 2892 Israel,
3283 2825 3378 2882 sed
3407 2805 3714 2898 superbiam

2128 2907 2504 2982 Opprimendo,
2533 2925 2674 2983 quae
2699 2909 2832 2970 nihil
2878 2913 3368 2987 praeter'litteram
3411 2931 3636 2976 noverat
3663 2931 3719 2977 ct

2131 3017 2192 3058 ca
2201 2997 2407 3060 malem
2439 3006 2799 3062 nativitatem.
2949 3020 2956 3026 '

403 3105 814 3180 “Evangeilttm',
868 3121 969 3164 vox
1013 3115 1096 3164 est
1145 3089 1407 3187 spiritus.’
1445 3103 1618 3163 Sonat
1661 3115 1842 3162 sermo
1887 3100 2024 3160 divi~
2055 3101 2102 3174 (ι
2167 3093 2564 3187 Ἀπιέηφπιεκ
2601 3096 2725 3160 dico
2751 3095 3016 3171 tibicinia
3040 3099 3180 3172 quod
3217 3101 3412 3157 scimus
3434 3101 3718 3175 loquimur.

445 3187 728 3265 nosfbox
773 3205 858 3254 est
907 3195 1154 3269 spiritus.
1212 3194 1403 3252 Vocem
1455 3193 1572 3266 eius
1625 3193 1823 3260 audis,
1850 3203 1904 3251 et
1939 3211 2030 3249 ns-

446 3295 568 3357 scis,
595 3294 738 3350 unde
766 3290 934 3348 veniat
957 3293 1008 3346 et
1033 3303 1136 3363 quo
1181 3289 1361 3344 ttadal.
1398 3286 1459 3346 Si
1491 3290 1734 3346 nasceris
1772 3297 1829 3346 et
1866 3293 1924 3344 tu
1963 3288 2032 3344 tle

446 3383 661 3453 spiritu,
691 3383 796 3438 hoc
821 3379 932 3436 eris
981 3385 1042 3436 ut
1069 3377 1180 3435 ille.
1233 3375 1334 3448 Qui
1391 3393 1495 3435 uon
1527 3385 1613 3436 est
1663 3382 1826 3435 natus
1852 3375 2030 3434 adhuc

447 3475 516 3528 de
535 3474 750 3544 spiritu,
781 3465 955 3528 nescit
995 3462 1064 3528 de
1091 3479 1165 3534 te,
1196 3465 1339 3525 unde
1360 3469 1552 3526 venias
1595 3477 1652 3526 et
1681 3475 1790 3542 Quo
1819 3467 2027 3535 Vadas;

451 3565 554 3620 hoc
579 3564 724 3622 enim
765 3562 844 3620 ait
887 3568 1108 3620 secutus
1133 3576 1151 3617 :
1180 3558 1269 3618 Sic
1313 3569 1393 3618 est
1437 3569 1490 3618 et
1529 3561 1704 3617 omnis
1741 3560 1833 3632 qui
1873 3568 2031 3615 natus

449 3665 525 3712 est
575 3671 641 3713 ea:
687 3655 874 3726 spiritu
919 3670 966 3712 δ.
1020 3651 1292 3710 "actenus
1344 3653 1538 3710 verba.
1569 3648 1882 3726 Augustini.
1915 3651 2032 3710 Vox

453 3747 618 3821 igitur
641 3745 865 3820 spiritus
886 3754 973 3803 est
999 3759 1103 3802 vox
1131 3739 1332 3803 Christi
1359 3785 1375 3811 ,
1420 3757 1585 3818 quam
1609 3735 1826 3800 audivit
1868 3739 2035 3819 Nico-

451 3841 664 3899 demus.
695 3835 804 3897 Sed
847 3839 1103 3912 quoniam
1148 3837 1246 3896 ille
1273 3838 1452 3897 adhuc
1491 3853 1610 3918 non
1655 3845 1744 3896 est
1779 3848 1941 3897 natus
1963 3855 2032 3895 es

445 3928 668 3999 spiritu.
692 3939 874 3999 neque
897 3935 1254 3998 cognoverat,
1287 3927 1436 3984 unde
1461 3927 1647 3987 veniat
1682 3931 1936 4001 spiritus.
1967 3938 2028 3985 et

448 4029 564 4088 quo
589 4017 774 4082 vadat,
795 4017 1050 4090 quamvis
1069 4031 1259 4074 vocem
1285 4019 1408 4089 eius
1427 4016 1692 4086 audierit,
1717 4019 1922 4076 dicitur
1940 4015 1990 4075 ei
2020 4033 2038 4074 :

451 4107 559 4165 Sed
591 4110 784 4174 nescis,
818 4110 959 4166 unde
1006 4111 1184 4166 ueniat
1231 4119 1282 4166 et
1315 4127 1420 4181 quo
1451 4111 1636 4179 vadat,
1670 4112 1798 4184 quia
1853 4109 2039 4168 adhuc

449 4218 560 4260 non
586 4218 651 4261 es
699 4213 868 4260 notua
896 4218 962 4261 os
993 4204 1215 4276 spiritu.
1253 4203 1518 4275 Ideoque,
1557 4207 1814 4278 quamvis
1850 4221 2040 4264 vocem

452 4312 632 4356 meam
667 4286 895 4363 stultas,
931 4298 1059 4353 dum
1093 4297 1162 4354 de
1191 4297 1391 4368 spiritu
1423 4313 1547 4358 uico
1580 4299 1808 4370 loquor,
1830 4300 2038 4366 nescis,

2129 3186 2342 3258 etquod
2365 3186 2592 3242 uidimus
2611 3194 2888 3254 testamur,
2904 3198 2955 3244 et
2979 3191 3330 3248 testimonium
3352 3205 3588 3249 nostrum
3613 3211 3717 3250 non

2131 3277 2390 3350 accipitis.
2419 3280 2500 3336 Ac
2549 3279 2596 3364 si
2640 3291 2828 3352 aperte
2871 3287 3124 3351 diceret:
3171 3281 3430 3352 Putasne,
3483 3289 3720 3359 superbe

2131 3367 2352 3436 Iudaee,
2381 3381 2437 3428 et
2458 3369 2712 3431 virtutem
2737 3374 3045 3434 divinorum
3069 3377 3408 3450 eloquiorum
3439 3380 3718 3455 ignorans.

2133 3477 2233 3519 nos
2255 3464 2464 3532 dicere,
2489 3465 2634 3538 quod
2663 3467 2992 3540 ignoramus,
3023 3479 3120 3526 aut
3159 3472 3303 3543 quod
3341 3489 3450 3530 non
3488 3475 3722 3544 vidimus

2135 3558 2320 3610 testari
2339 3554 2366 3609 τ
2393 3549 2512 3610 Non
2542 3555 2616 3610 ita
2646 3567 2760 3623 est;
2793 3555 2936 3629 quod
2957 3559 3160 3616 scimus
3187 3553 3720 3635 loquimurﬁSapien-

2133 3645 2207 3701 tia
2237 3648 2385 3702 novit
2408 3663 2547 3717 quae
2571 3646 2830 3719 loquitur,
2872 3659 2928 3706 et
2953 3651 3088 3708 vidit
3132 3669 3272 3726 quae
3298 3663 3557 3727 testatur;
3606 3659 3722 3732 ipso

2133 3747 2219 3794 est
2246 3738 2392 3796 enim
2421 3741 2712 3811 sapientia,
2741 3756 2882 3813 quae
2925 3755 3027 3803 nec
3054 3745 3188 3802 fallit
3213 3764 3313 3806 nec
3343 3749 3562 3808 fallitur.
3601 3753 3722 3826 ipse

2132 3837 2218 3886 est
2236 3826 2402 3898 visio,
2428 3845 2568 3904 quae
2590 3835 2800 3902 omnia,
2845 3834 2999 3908 prius
3033 3851 3200 3908 quam
3227 3838 3437 3910 tierent,
3470 3843 3620 3914 vidit.
3653 3845 3724 3901 Εἰ

2133 3929 2252 4002 ipsa
2275 3929 2418 3990 visio
2445 3932 2755 3992 substantia
2769 3947 2854 3994 est
2872 3953 3070 3996 eorum
3090 3950 3232 4008 quae
3253 3939 3368 3993 visa
3393 3948 3547 4006 sunt,
3569 3939 3734 4006 cujus

2150 4020 2540 4096 testimonium
2567 4045 2759 4088 verum
2791 4043 2900 4100 est,
2934 4032 3196 4105 quoniam
3223 4033 3342 4104 ipse
3378 4018 3464 4092 est
3498 4033 3728 4091 veritas.

2148 4119 2322 4174 Omne
2353 4127 2564 4184 autem,
2591 4122 2738 4189 quod
2758 4137 2826 4177 ex
2845 4125 3080 4180 veritate
3107 4119 3383 4194 procedit,
3403 4135 3594 4182 verum
3612 4136 3738 4181 esse

2146 4219 2377 4265 necesse
2397 4216 2505 4266 est.
2523 4201 2749 4266 Necnon
2776 4220 2834 4266 et
2865 4211 2922 4281 ip
2951 4227 2984 4269 e
3010 4211 3274 4269 Dominus
3301 4213 3507 4271 locutio
3522 4221 3607 4270 est
3629 4211 3735 4270 Pa-

2148 4295 2272 4360 tris,
2304 4304 2362 4352 et
2390 4301 2573 4353 sermo
2608 4297 2807 4365 Patris,
2838 4309 2894 4354 et
2926 4299 3156 4356 verbum
3193 4299 3340 4373 eius.
3376 4303 3452 4360 De
3491 4302 3586 4359 illo
3612 4316 3737 4373 serg

449 4389 599 4447 unde
624 4388 778 4446 venit
799 4389 1164 4460 spiritusille.
1187 4389 1240 4458 id
1263 4399 1372 4457 est,
1391 4405 1499 4464 qua
1522 4391 1818 4448 occasione
1843 4391 2039 4449 vultex
2077 4425 2122 4484 υ
2152 4403 2314 4444 mone
2339 4386 2618 4460 Propheta
2649 4392 2748 4453 ait.
2785 4409 2804 4444 ε
2843 4391 3113 4449 νοὶοοίιθν
3133 4395 3312 4450 currit
3331 4395 3518 4452 sermo
3539 4391 3661 4464 eius
3687 4415 3744 4460 ι.

448 4498 510 4542 se
540 4481 693 4540 nasci
719 4481 1002 4539 hominem
1035 4483 1089 4539 in
1126 4483 1350 4556 spiritu,
1380 4495 1474 4540 aut
1506 4483 1574 4540 ad
1604 4485 1825 4554 qualem
1856 4485 2039 4557 perie-

453 4577 696 4634 etionem
753 4575 908 4632 ducit
945 4575 1121 4647 ipsam
1165 4584 1488 4633 nascentem
1525 4591 1592 4632 ex
1629 4593 1691 4634 se
1732 4579 2039 4634 hominem.

449 4665 590 4726 Nam
620 4667 717 4739 qui
773 4684 840 4723 cs
902 4682 973 4724 eo
1002 4666 1277 4731 nascitur,
1328 4683 1474 4724 unus
1518 4684 1645 4724 cum
1683 4683 1752 4723 eo
1781 4667 1888 4724 eiiit
1907 4669 2040 4725 itur.

452 4754 932 4828 Quemadmodum
967 4750 1062 4815 ille
1101 4756 1346 4831 Spiritus
1377 4767 1607 4816 sanctus
1633 4770 1722 4816 est
1753 4776 1853 4832 per
1881 4772 2044 4815 natu-

453 4867 594 4920 ram,
630 4847 706 4909 ita
731 4863 790 4910 et
821 4861 1139 4909 nascentem
1172 4867 1240 4908 es
1273 4865 1334 4908 se
1357 4850 1615 4924 spiritum
1645 4863 1896 4908 sanctum
1931 4849 2047 4908 em-

456 4947 536 5006 cit
563 4962 664 5021 per
685 4947 938 5022 gratiam.
967 4945 1057 5004 Sic
1087 4952 1171 5003 est
1205 4947 1378 5003 omnis
1407 4945 1500 5019 qui
1535 4958 1698 5002 notus
1733 4957 1806 5001 est
1838 4962 1905 5002 ea:
1931 4948 2047 5019 spi-

457 5043 591 5098 rittt.
619 5038 743 5101 Non
776 5052 842 5099 ut
867 5051 947 5109 tu,
975 5055 1010 5098 ο
1037 5037 1365 5106 Nicodeme.
1393 5041 1488 5112 qui
1518 5039 1762 5096 nondum
1794 5051 1957 5098 natus
1987 5055 2048 5098 es

458 5150 526 5194 ex
551 5135 777 5209 spiritu,
801 5135 1010 5203 nescis,
1031 5133 1182 5192 unde
1204 5133 1634 5206 veniatspiritus
1654 5144 1710 5190 et
1729 5145 1841 5207 quo
1859 5135 2045 5198 vadat.

461 5222 929 5302 quamvis,voee'm
957 5227 1076 5298 eius
1098 5225 1318 5293 audias,
1346 5225 1549 5293 omnis,
1583 5227 1679 5298 qui
1707 5227 1950 5283 nascitur
1979 5243 2045 5282 ex

461 5319 688 5392 spiritu,
718 5330 776 5375 et
801 5333 990 5378 vocem
1030 5322 1150 5394 ejus
1189 5318 1368 5384 audit,
1410 5320 1514 5374 hoc
1557 5329 1644 5376 est
1679 5319 1964 5390 intelligit,
1990 5332 2049 5376 et

464 5430 570 5486 quo
603 5415 670 5468 de
705 5420 872 5470 causa
922 5415 1096 5485 spirat
1135 5415 1190 5469 in
1239 5411 1352 5479 his,
1381 5413 1436 5468 in
1469 5413 1672 5482 quibus
1724 5414 1860 5473 vult,
1893 5424 1947 5468 et
1983 5415 2046 5472 ad

467 5509 684 5579 qualem
728 5505 889 5564 tinem
921 5522 1019 5564 eos
1071 5507 1348 5578 perducit.
1397 5502 1526 5562 Mihi
1586 5515 1770 5564 tamen
1833 5510 2052 5565 videtur

471 5598 683 5656 facilius
714 5599 974 5672 intelligi,
1026 5603 1072 5657 si
1129 5599 1522 5670 interrogative
1562 5601 1872 5668 proferatur
1903 5605 2050 5670 quod

471 5691 743 5750 Dominus
767 5695 864 5760 ait,
896 5694 970 5747 sic
1021 5704 1096 5748 est
1127 5694 1299 5749 omnis
1337 5703 1494 5749 natus
1546 5709 1614 5747 ca:
1641 5697 1854 5765 spiritu,
1894 5707 1949 5748 ut
1981 5699 2052 5751 sit

2148 4491 2204 4537 et
2238 4483 2355 4554 ipse
2387 4481 2456 4538 de
2487 4499 2548 4539 se
2579 4483 2698 4556 ipso
2718 4485 2797 4540 ait
2826 4501 2843 4540 :
2879 4506 2900 4538 ι
2932 4484 3153 4551 Sermo,
3186 4501 3348 4556 quem
3369 4485 3590 4557 locutus
3615 4501 3740 4544 sum

2146 4575 2328 4637 vobis,
2357 4563 2466 4632 non
2493 4586 2578 4633 est
2604 4591 2786 4646 meus,
2811 4579 2910 4655 sed
2939 4580 3216 4636 mittentis
3243 4596 3329 4636 mc
3360 4581 3540 4638 Patris
3573 4599 3622 4638 ι.
3647 4581 3740 4636 ιι.-

2145 4667 2298 4739 spice
2313 4681 2449 4740 ergo
2461 4670 2570 4726 vim
2600 4672 2902 4728 verborum
2919 4675 3061 4744 quod
3077 4675 3272 4730 scimus
3296 4673 3584 4746 loquimur,
3608 4692 3743 4744 quo.

2150 4761 2296 4830 niam
2311 4763 2427 4834 ipse
2441 4773 2528 4820 est
2543 4765 2777 4821 scientia
2795 4777 2851 4824 et
2865 4767 3070 4825 locutio
3089 4784 3108 4837 ;
3123 4769 3324 4833 etquod
3344 4769 3566 4826 vidimus
3583 4780 3754 4826 testa-

2151 4871 2291 4919 mur,
2317 4857 2581 4926 quoniam
2605 4858 2727 4930 ipse
2755 4871 2840 4916 est
2864 4861 3002 4917 visio
3025 4877 3093 4917 ac
3115 4879 3308 4918 verum
3340 4865 3744 4922 testimonium.

2149 4949 2304 5018 Quod
2322 4960 2507 5006 autem
2531 4953 2820 5021 pluraliter
2837 4955 2997 5019 dixit,
3023 4955 3348 5026 mysteiium
3378 4969 3604 5012 sanctae
3621 4955 3746 5011 Tri-

2150 5040 2340 5098 nitatis
2359 5045 2620 5115 suggerit.
2641 5043 2709 5099 Et
2724 5046 3080 5101 testimonium
3097 5055 3336 5102 nostrum
3353 5063 3457 5102 non
3480 5049 3742 5118 accipitis,

2152 5137 2280 5207 quia
2316 5137 2385 5194 in'
2405 5154 2508 5194 nos
2543 5153 2650 5192 non
2691 5139 2945 5204 creditis,
2981 5155 3166 5212 neque
3199 5156 3288 5205 ea,
3320 5155 3443 5212 quae
3475 5141 3742 5196 docemus

2155 5233 2459 5304 intelligere
2474 5235 2672 5288 valetis
2697 5250 2714 5302 ;
2733 5234 2974 5289 nondum
2990 5236 3134 5290 enim
3151 5251 3218 5290 ex
3237 5237 3434 5305 spiritu
3453 5235 3742 5299 natiestis.

2225 5323 2505 5379 Siterreno
2527 5326 2928 5388 dixi.vel,sicut
2950 5327 3226 5384 inGraeco
3246 5329 3465 5400 legitur,
3489 5327 3744 5395 dicebam,

2155 5414 2316 5478 vobis,
2341 5426 2389 5471 et
2421 5433 2524 5470 non
2553 5420 2764 5472 creditis
2798 5419 3082 5489 quomodo,
3119 5423 3164 5474 si
3197 5421 3370 5474 dicunt
3405 5420 3546 5476 vobis
3587 5419 3738 5474 ca'ir-

2153 5512 2282 5575 stia,
2301 5508 2555 5565 credetis?
2574 5511 2908 5569 Nicodemu-s
2925 5513 3218 5582 quaesivit.
3240 5515 3501 5584 quomodo
3525 5523 3742 5580 possunt.

2159 5593 2284 5658 Itan
2309 5601 2428 5672 ﬁeri
2450 5603 2476 5656 ?
2502 5603 2894 5672 impossibilem
2921 5619 3044 5659 esse
3074 5618 3139 5660 ex
3167 5603 3370 5674 Spiritu
3401 5606 3742 5660 nativitatem

2161 5696 2476 5750 existimans
2501 5715 2517 5762 ;
2543 5697 2638 5750 sed
2666 5697 2872 5752 audita
2897 5695 3128 5752 Domino
3156 5716 3169 5753 :
3203 5701 3250 5753 si
3275 5707 3486 5754 terrena
3512 5698 3753 5750 dicaturut
