4236 6072
410 328 425 347 .
514 287 617 344 519

1803 271 1807 275 ’
1871 276 2154 337 ιοικκιδ
2189 234 2384 334 scurt
2417 295 2423 302 -

3600 276 3786 336 .330

512 401 670 459 nobis.
702 400 1015 469 Quaeritur,
1036 417 1155 465 cur,
1204 414 1325 455 cum
1372 400 1503 455 nihil
1536 400 1810 453 te‘rremnu
1853 399 1906 450 in
1937 412 2095 465 prae-
2130 404 2174 455 Α
2277 393 2341 445 Et
2371 394 2503 445 sicut
2528 391 2734 463 Moyses
2770 392 3019 446 exultauit
3064 405 3347 465 serpentem
3374 396 3429 447 in
3454 393 3678 458 deserto,
3707 396 3784 448 sic

514 492 675 548 dictis
700 488 1039 547 sermonibus
1062 491 1306 545 videatur
1329 491 1549 551 dixisse,
1574 487 1795 540 omnino
1815 486 1960 544 enim
1987 485 2096 554 spi-

515 582 728 637 ritualia
757 582 920 646 dixit,
967 582 1300 652 Spiritnalem
1333 580 1667 633 nativitatem
1696 592 1761 630 ex
1784 576 1977 646 spiritu
2003 577 2100 627 do-

510 686 644 731 cens
665 712 684 738 ,
710 672 909 728 dixerit
942 689 959 726 :
1003 672 1053 727 si
1084 682 1290 729 terrena
1316 669 1552 724 dicebam
1583 667 1759 720 nobis?
1779 666 1871 747 Αιι
1891 668 1991 720 hoc
2012 666 2096 719 ιιι.
2128 724 2134 729 _

510 762 761 824 vendunt,
786 766 912 833 quia
942 776 1048 817 non
1096 760 1163 816 ad
1212 760 1482 829 praedicta
1517 758 1737 826 respicit
1792 757 2095 837 restio/asin,

510 856 605 911 sed
636 859 703 909 ad
729 869 816 915 ca,
836 872 976 925 quae
1001 855 1248 925 superius
1265 851 1319 907 in
1346 852 1434 910 die
1464 851 1670 907 l’ascha
1696 838 2098 918 dixerat'quac-

514 945 759 1002 rentibus
786 946 997 1018 signum
1041 942 1263 1004 Judaeis
1294 959 1310 999 :
1346 962 1379 996 ι-
1420 941 1627 1015 Solvite
1668 942 1924 1011 templum
1972 942 2090 1002 hoc,

510 1036 646 1096 et‘itt
672 1037 847 1095 tribus
873 1036 1064 1092 dicbtts
1087 1032 1510 1091 suscitaboillud
1545 1052 1595 1089 ι.
1618 1033 1711 1088 Ait
1746 1044 1874 1102 ergo
1905 1047 1919 1078 τ
1948 1029 2004 1085 Si
2031 1030 2098 1085 de

450 1190 456 1196 ,
516 1143 638 1189 meo
663 1140 880 1188 terreno
903 1131 1080 1185 adhuc
1107 1144 1337 1201 corpore
1359 1128 1617 1184 solvendo
1660 1126 1820 1196 paulo
1847 1126 2096 1196 superius

511 1224 753 1280 dicebant
778 1220 954 1285 vobis,
977 1231 1155 1276 et'uou
1183 1218 1509 1284 credidistis,
1536 1218 1824 1288 quomodo,
1850 1217 1892 1270 si
1919 1218 2092 1270 dicant

511 1311 666 1367 vobis
687 1309 970 1369 caelestia.
1020 1310 1289 1372 credetis?
1317 1311 1418 1363 huc
1461 1317 1567 1373 est,
1598 1306 1934 1377 spirilttaletu
1960 1307 2096 1360 uatis

510 1397 730 1456 vitalem
776 1415 808 1455 a
854 1410 1044 1456 sancto
1074 1398 1300 1470 Spiritu,
1340 1413 1478 1468 quae
1521 1397 1774 1455 caelestis
1819 1408 1903 1452 est
1932 1405 2096 1466 atque

510 1490 735 1545 divina?
763 1490 819 1544 Si
850 1490 1012 1560 igitur
1037 1490 1237 1546 terreni
1265 1489 1513 1558 corporis
1541 1489 1647 1543 mei
1685 1486 2008 1542 solutionem
2040 1487 2093 1540 in

508 1582 781 1648 passione,
820 1589 879 1635 el.
927 1580 1083 1636 tertia
1134 1581 1224 1634 die
1254 1578 1422 1650 ipsius
1474 1577 1928 1634 resurrectionem
1989 1593 2092 1629 non

506 1671 827 1737 credidistis,
856 1671 982 1742 quid
1003 1688 1034 1724 a
1067 1685 1151 1726 me
1177 1670 1439 1742 quaeritis
1465 1667 1760 1741 spiritualis
1786 1666 2090 1722 nativitatis

2198 482 2424 540 exaltari
2448 495 2645 553 oportet
2676 482 2879 542 Filium
2923 484 3167 549 hominis,
3198 494 3252 538 ιιι
3294 484 3465 542 omnis
3484 486 3697 541 credens
3730 488 3783 540 in
3852 532 3857 539 .

2195 592 2318 630 eum
2346 591 2450 631 non
2467 585 2663 645 pereat,
2693 577 2786 630 sed
2808 577 2999 631 habent
3026 576 3185 631 vitam
3213 585 3502 631 aeternam.
3530 574 3783 647 Figuram

2172 684 2175 685 ν
2197 681 2349 722 suam
2373 667 2486 738 ipsa
2515 667 2715 721 veritas
2732 667 2988 738 exponit;
3019 668 3267 724 umbram
3287 683 3443 723 suam
3463 668 3640 738 ipsum
3665 686 3783 723 eota

2197 773 2298 828 pus
2320 746 2756 813 asserit.'Divina
2801 756 2985 814 narrat
3027 760 3277 825 historia,
3322 760 3584 831 populqu
3627 761 3722 818 Dei
3749 779 3779 814 ιι

2196 847 2536 918 serpentibus
2577 846 2630 902 in
2661 849 2875 914 deserto
2919 842 3197 914 uillirtum,
3233 848 3550 918 crebrisque
3591 852 3795 905 eorum

2198 939 2467 994 morsibus
2514 953 2758 1009 inagnam
2808 947 3044 1009 stragem
3076 939 3273 1005 fuisse;
3302 938 3395 994 sed
3431 938 3665 1011 Moyses.
3693 937 3777 1006 ju-

2198 1028 2357 1084 heute
2383 1028 2626 1089 Domino,
2671 1042 2898 1082 aeneum
2943 1039 3251 1098 serpentem
3288 1025 3510 1093 iecerat,
3537 1043 3695 1099 quem
3727 1030 3778 1081 in

2198 1117 2306 1172 alta
2333 1119 2526 1172 arbore
2549 1116 2923 1186 suspenderat,
2946 1115 3524 1188 populoqnejusserat,
3559 1126 3637 1182 ιιι,
3667 1118 3780 1190 qui-

2198 1224 2411 1278 cunque
2431 1223 2641 1264 tuorsus
2661 1216 2806 1264 esset
2834 1222 2866 1263 a
2887 1209 3235 1274 draconibus,
3263 1210 3315 1264 in
3343 1223 3569 1265 aeneum
3597 1211 3776 1288 suSpi-

2197 1310 2346 1356 ceret
2363 1300 2664 1366 colubrum,
2693 1308 2748 1356 et
2774 1311 3085 1363 saltaretur.
3120 1308 3177 1356 et
3216 1320 3247 1357 a
3286 1301 3599 1362 seroeutina
3623 1294 3779 1370 plaga

2198 1392 2540 1449 liberaretur.
2580 1393 2692 1457 Hoc
2729 1403 2900 1451 totum
2944 1396 3133 1453 umbra
3168 1395 3334 1452 futuri
3378 1406 3483 1464 est,
3529 1408 3633 1454 hoc
3669 1411 3780 1464 ess,

2198 1484 2369 1556 ﬁgura
2392 1484 2593 1541 Christi
2622 1485 2869 1541 morituri
2891 1502 2989 1556 pro
3014 1485 3188 1541 salute
3207 1472 3471 1553 ninnium,
3497 1501 3635 1558 quos
3661 1502 3779 1544 ser-

2163 1612 2168 1617 .
2198 1573 2386 1645 pedites
2402 1574 2729 1630 delictorum
2756 1574 3287 1643 suorumveucnosis
3315 1576 3587 1634 morsibus
3613 1577 3806 1634 inter-u

2199 1665 2390 1718 innuit.
2441 1659 2653 1734 Moyses
2703 1667 2882 1735 itaque
2925 1664 3040 1735 ipse
3089 1664 3340 1721 Christus
3382 1674 3498 1731 est;
3553 1681 3779 1737 serpens

509 1759 722 1829 aperire
752 1763 902 1817 vobis
938 1760 1223 1833 mysteria,
1263 1764 1425 1831 sprae,
1478 1760 1734 1829 quoniam
1780 1760 1949 1813 renati
1985 1775 2089 1812 non
2125 1760 2165 1819 lt
2194 1768 2398 1809 aeneus
2473 1769 2619 1809 mors
2686 1753 2883 1809 Christi
2940 1773 2954 1808 :
2994 1755 3203 1827 lignum
3229 1796 3244 1820 ,
3291 1755 3344 1809 in
3392 1754 3521 1827 quo
3549 1764 3797 1827 serpens

505 1852 641 1908 estis
666 1865 733 1905 ex
754 1851 969 1921 spiritu,
988 1851 1212 1906 omnino
1241 1850 1465 1905 credere
1514 1864 1622 1904 non
1654 1846 1888 1921 valetis?
1913 1847 2096 1901 Dicam

514 1949 699 1995 tamen
720 1936 1002 2003 caelestia,
1036 1940 1284 2009 quamvis
1312 1938 1612 2009 intelligere
1652 1953 1757 1992 non
1786 1935 2033 2006 possitis;

589 2026 656 2082 Et
699 2042 866 2104 nemo.
896 2027 1131 2091 ascendit
1181 2028 1236 2081 in
1299 2025 1548 2092 curiam,
1581 2027 1684 2081 nisi
1734 2028 1824 2099 qui
1858 2026 1923 2079 de
1954 2024 2098 2081 melo

507 2118 792 2184 descendit,
810 2104 992 2195 filius
1016 2119 1263 2185 ﬂuminis,
1284 2120 1374 2189 qui
1400 2113 1490 2173 est
1522 2118 1576 2171 in
1620 2113 1786 2174 coelo.
1819 2112 2097 2183 Ascendit,

504 2200 815 2280 ambiguum
856 2215 966 2284 est,
990 2206 1145 2279 cujus
1182 2207 1460 2279 temporis
1518 2208 1741 2283 verbum
1775 2206 1869 2272 sit,
1917 2202 2099 2263 utrtiltt

503 2301 806 2375 praeteriti,
837 2315 910 2358 au
933 2301 1262 2372 praesentis.
1295 2298 1405 2355 Sed
1428 2299 1483 2355 in
1504 2298 1717 2357 Graeco
1741 2313 1848 2352 non
1872 2307 1956 2353 est
1981 2312 2096 2373 ιιιιιο

507 2394 759 2465 biguum;
812 2392 1093 2465 praeteriti
1133 2389 1396 2463 temporis
1444 2399 1549 2446 est.
1600 2388 1787 2445 luhac
1829 2386 2097 2445 sententia

503 2483 829 2553 quaeritur,'
856 2483 980 2554 quis
1006 2492 1092 2541 est
1116 2483 1411 2539 descensus
1438 2472 1558 2537 Filii
1592 2482 1850 2549 hominis,
1876 2490 1934 2536 et
1977 2479 2101 2553 quis

506 2588 799 2641 ascensus;
845 2584 903 2628 et
925 2575 1069 2645 quod
1098 2575 1331 2642 caelum,
1384 2575 1437 2629 in
1483 2573 1628 2645 quod
1659 2573 1924 2651 ascendit,
1951 2583 2006 2628 et
2029 2573 2100 2630 de

509 2682 620 2735 quo
645 2664 949 2731 descendit,
967 2673 1024 2721 et
1051 2664 1106 2720 in
1134 2679 1244 2737 quo
1269 2678 1486 2737 semper
1512 2673 1715 2729 atauct,
1746 2664 1874 2720 dum
1901 2676 2095 2719 ascen-

504 2760 590 2813 dit
627 2766 685 2813 et
709 2739 1030 2815 descendit?
1062 2754 1292 2825 Sed’ne,
1313 2755 1614 2828 multorum
1653 2746 1849 2811 seustts
1885 2754 1954 2809 de
1996 2754 2099 2811 hoc

507 2851 760 2916 dicendo;
794 2834 1287 2925 morasl‘aciamus,
1312 2848 1456 2919 quod
1486 2847 1833 2904 verisimilius
1866 2848 2095 2912 videtur,

509 2953 600 2999 sat
635 2953 722 2999 est
763 2943 967 3000 dicere.
1016 2943 1077 2999 ιιι
1104 2942 1285 3001 divina
1308 2942 1589 3012 Scriptura
1616 2941 1780 2996 Pater
1824 2940 2096 3005 caelestis,

506 3035 599 3106 qui
628 3042 709 3091 est
735 3034 1056 3106 principium
1078 3033 1344 3099 'ouminm,
1373 3033 1591 3089 nomine
1617 3032 1749 3088 caeli
1776 3034 1972 3089 crebro
1999 3050 2091 3088 no-

513 3124 768 3179 minatur.
794 3125 965 3197 Sacpe
996 3124 1047 3177 in
1075 3122 1365 3193 Evangelia
1401 3123 1618 3194 legitur,
1652 3123 1935 3178 Dominum
1967 3138 2091 3178 snr-
2121 3122 2139 3170 l

507 3216 712 3271 rexisse
742 3214 798 3270 itt
826 3215 1057 3280 caelum,
1086 3214 1138 3269 id
1166 3222 1252 3271 est
1279 3215 1331 3269 in
1372 3214 1611 3270 Patrem.
1647 3214 1761 3269 Non
1802 3216 1947 3270 enim
1977 3230 2093 3269 cre-

507 3305 746 3360 dendum
795 3315 901 3369 est,
956 3296 1129 3376 ipsum
1179 3305 1421 3360 clevasse
1474 3309 1663 3360 oculos
1704 3319 1832 3360 suos
1883 3305 1937 3359 in
1991 3306 2093 3358 hoc

511 3392 725 3453 caehnu
760 3398 1070 3463 sidereum,
1093 3397 1395 3468 dorporalc.
1426 3397 1920 3473 circumscriptum,
1949 3414 2095 3454 utor-

511 3490 638 3546 tale.
662 3489 720 3544 In
742 3488 957 3543 Patrem
992 3489 1161 3560 igitur
1187 3489 1435 3567 elevabat
1463 3489 1674 3555 oculos,
1705 3499 1766 3545 ut
1795 3505 1919 3545 eum
1947 3492 2094 3561 aspi-

508 3579 717 3636 cientes
744 3579 1111 3634 indubitanter
1124 3581 1632 3651 crederentsemper
1647 3577 1704 3636 in
1726 3577 1886 3651 Patre
1904 3581 2090 3641 fuisse.

512 3668 581 3725 ad
607 3684 766 3740 quem
808 3668 1138 3723 intendebat.
1178 3668 1332 3736 Quod
1360 3684 1490 3741 ergo
1518 3647 1598 3726 ait
1628 3683 1646 3724 :
1671 3647 1823 3727 uetita
1839 3674 2091 3741 mandit

508 3760 568 3817 t'u
586 3757 809 3825 caelum,
843 3757 946 3814 nisi
965 3758 1053 3829 qui
1081 3759 1147 3813 de
1180 3760 1326 3814 caelo
1353 3759 1639 3827 descendit,
1665 3760 1813 3831 ﬁlius
1847 3753 2093 3828 hominis,

510 3852 602 3924 qui
625 3861 699 3907 est
727 3852 781 3906 in
807 3850 974 3918 caelo,
1002 3852 1225 3922 pulchre
1244 3851 1365 3908 aliis
1388 3855 1570 3909 verbis
1582 3856 1873 3931 exponitur
1899 3875 1912 3910 :
1940 3870 2097 3911 nemo

511 3943 757 3999 ascendit
785 3942 837 3997 in
858 3941 1217 4008 Patrem,nisi
1246 3945 1338 4013 qui
1365 3945 1431 4000 de
1451 3944 1610 4000 Patre
1631 3947 1932 4012 descendit,
1954 3946 2098 4001 illius

516 4034 766 4095 hominis,
798 4034 890 4107 qui
919 4044 1005 4088 est
1043 4034 1099 4088 in
1137 4033 1318 4090 Patre.
1351 4034 1537 4102 Qualis
1582 4049 1783 4091 autem.
1809 4038 2099 4092 descensus

513 4124 631 4195 ejus
658 4134 712 4181 et
737 4134 1013 4191 ascensus,
1047 4125 1163 4196 ipse
1190 4125 1317 4181 alibi
1349 4135 1535 4196 aperte
1571 4125 1842 4197 exposuit,
1871 4128 2095 4183 dicens:

520 4236 541 4271 ι
572 4214 722 4272 Exivi
750 4231 780 4271 ε
804 4216 966 4271 Patre
1002 4227 1055 4270 et
1086 4216 1204 4271 veni
1235 4218 1288 4273 in
1323 4217 1603 4282 mundum,
1631 4229 1685 4273 et
1711 4218 1905 4277 iterum
1933 4217 2100 4272 relin-

516 4323 625 4381 quo
647 4307 903 4363 mundum
932 4318 988 4364 ct
1016 4309 1154 4363 vado
1181 4308 1246 4363 ad
1278 4307 1494 4363 Patrem
1530 4327 1577 4362 ι.
1609 4309 1796 4363 l-Iaitus
1835 4324 1963 4386 ego
1983 4308 2100 4381 ejus
2178 4311 2185 4319 ’

515 4414 550 4456 a
578 4398 738 4457 Patre
782 4399 1096 4453 humauatio
1128 4409 1232 4465 est,
1279 4409 1335 4454 ct
1376 4399 1582 4453 reditus
1622 4398 1739 4470 ejus
1781 4403 1848 4454 ad
1881 4400 2097 4456 l’atrrtn

520 4489 775 4556 hominis,
800 4503 959 4559 quem
990 4491 1217 4559 accepit,
1245 4488 1533 4552 deillcatio',
1580 4500 1635 4543 et
1679 4489 1731 4544 in
1764 4490 2097 4547 altitudinem
2131 4475 2177 4531 υ

428 4607 432 4610 -
520 4578 820 4635 divinitatis-
835 4577 1156 4650 assumptio.
1185 4578 1342 4635 Solus
1366 4579 1456 4634 ille
1480 4580 1776 4642 descendit,
1808 4580 1929 4650 quia
1954 4581 2099 4640 solus

520 4670 832 4726 incarnatus
857 4676 980 4736 est;
1009 4667 1193 4735 δαί,ἐί
1222 4670 1365 4725 solus
1385 4670 1645 4735 ascendit,
1693 4687 1832 4740 quae
1869 4687 1995 4743 spes
2016 4684 2100 4727 est

521 4760 627 4827 his,
667 4776 765 4831 pro
801 4762 998 4833 quibus
1022 4761 1340 4817 descendit?
1380 4761 1571 4832 Magna
1601 4763 1817 4833 quidem
1848 4773 1901 4818 et
1946 4766 2098 4821 inex-

520 4853 803 4927 plicabilis,
849 4854 1105 4924 quoniam
1129 4865 1339 4919 omnes,
1386 4870 1527 4924 quos
1566 4854 1824 4921 salvavit,
1877 4856 1929 4911 lu
1981 4856 2099 4927 ipso

520 4952 839 5010 rsceudunt,
882 4961 1025 5001 nunc
1058 4962 1155 5017 per
1184 4944 1342 5000 iidem
1389 4947 1443 5001 in
1471 4963 1586 5016 spe,
1616 4949 1668 5000 in
1698 4947 1804 5005 line
1838 4965 1967 5003 tero
2001 4966 2100 5018 per

521 5037 757 5109 speciem
802 5038 859 5093 in
890 5055 970 5104 re,
1015 5040 1152 5094 sicut
1181 5038 1258 5092 ait
1282 5036 1529 5094 Joannes
1568 5039 1621 5092 in
1674 5027 2093 5109 Epistola‘sna:

527 5154 546 5178 .
581 5128 794 5185 Scimus
824 5130 1077 5198 quoniam
1108 5130 1197 5183 lilii
1224 5130 1316 5185 Dei
1348 5144 1564 5195 sumus;
1595 5129 1830 5186 nondum
1854 5136 2103 5204 apparuit

524 5218 652 5293 quid
682 5220 918 5281 erimus;
955 5232 1077 5273 cum
1101 5231 1280 5274 autem
1313 5222 1644 5291 apparuerit.
1672 5224 1879 5280 similes
1901 5226 1948 5279 ei
1995 5227 2075 5280 eri

528 5322 678 5371 ntus;
714 5308 1011 5364 videbimus
1037 5312 1178 5364 e‘nim
1210 5324 1355 5377 cum,
1386 5314 1545 5369 sicuti
1589 5328 1673 5369 εει
1709 5337 1752 5369 ι.
1802 5315 1960 5374 Solus
2003 5317 2101 5372 ita.-

527 5400 1159 5472 gnodescentlit,etsolns
1183 5406 1448 5468 ascendit,
1463 5407 1589 5476 quia
1613 5404 1700 5460 ille
1719 5424 1837 5462 cum
1855 5410 2103 5464 omnibus

522 5491 640 5546 suis
665 5490 917 5552 membris
942 5507 1079 5547 unus
1103 5492 1356 5555 Densest.
1375 5494 1744 5553 unirnsl’ilins
1778 5500 1885 5552 Dei.
1911 5500 1964 5553 lu
1992 5501 2105 5572 ipso

529 5581 669 5634 cnim
686 5598 870 5637 omnes
882 5586 1158 5645 credentes
1173 5586 1225 5639 in
1242 5589 1416 5655 ipsum
1432 5601 1599 5643 unum
1616 5602 1757 5645 sunt:
1776 5606 1911 5644 unus
1927 5592 2107 5662 itaque

530 5670 791 5740 Christus,
822 5672 1014 5745 corpus
1044 5689 1163 5729 cum
1192 5679 1473 5736 membris.
1510 5682 1744 5738 ascendit
1782 5684 1835 5735 in
1871 5680 2104 5738 Patrem.

2200 1859 2515 1914 suspensus,
2546 1860 2677 1900 cmx
2716 1844 2942 1909 Christi,
2970 1846 3023 1900 in
3063 1861 3168 1916 qua
3212 1855 3443 1904 mortem
3467 1846 3629 1901 subiit
3679 1864 3780 1919 pro

2200 1939 2374 1993 salute
2414 1939 2656 1993 omnium
2702 1939 2756 1992 in
2804 1952 2863 1993 se
2887 1939 3244 2010 credentium.
3291 1936 3520 1996 Pulchre
3562 1952 3779 2011 quoque
3848 2006 3857 2009 _

2202 2045 2348 2085 mors
2373 2028 2576 2085 Christi
2609 2046 2707 2101 per
2736 2040 3047 2101 serpentem
3092 2032 3356 2104 ﬁguralur
3384 2047 3413 2085 ιι
3444 2029 3642 2097 l'oriua,
3670 2034 3776 2102 qua

2198 2136 2362 2185 causa
2376 2136 2476 2195 pro
2499 2121 2690 2178 eﬂ'ectu
2712 2122 2948 2193 ponitur.
2974 2121 3147 2177 Causa
3162 2121 3777 2194 quippemortisChristi

2198 2228 2426 2285 serpens
2448 2224 2586 2270 erat.
2610 2216 2687 2269 Ac
2717 2230 2809 2283 per
2833 2216 2934 2270 hoc
2960 2224 3013 2269 et
3033 2229 3256 2286 serpens
3278 2216 3505 2288 ﬁgurate
3524 2215 3774 2273 effectum
3824 2198 3831 2204 ’

2201 2321 2382 2372 suum,
2423 2306 2474 2362 id
2500 2315 2587 2362 est
2633 2315 2863 2361 mortem
2902 2307 3307 2384 praetendebat,
3353 2316 3413 2362 ut
3455 2307 3652 2371 onnds.
3682 2310 3775 2380 qui

2201 2399 2373 2455 credit
2395 2399 2451 2455 in
2484 2397 2657 2462 illum,
2705 2413 2813 2457 non
2852 2410 3063 2470 pereat,
3108 2399 3203 2457 scil
3251 2397 3449 2455 habeat
3485 2400 3652 2456 vitam
3685 2414 3776 2455 ae-

2202 2500 2433 2545 teruam.
2460 2488 2654 2560 Magna
2682 2472 2938 2544 distantia
2982 2498 3065 2544 est
3101 2488 3241 2544 inter
3269 2486 3501 2544 litteram
3528 2498 3584 2544 et
3611 2487 3776 2561 spiti-
3865 2473 3880 2488 ’

2203 2589 2338 2643 ιιιιιι,
2383 2578 2528 2635 inter
2559 2563 2871 2647 ligurum-et
2917 2580 3218 2645 veritatem,
3260 2579 3403 2636 inter
3445 2580 3691 2636 umbram
3722 2590 3778 2636 ct

2198 2683 2418 2741 corpus.
2454 2666 2655 2724 Littera
2685 2670 3020 2734 estfactum,
3058 2671 3199 2738 quod
3235 2680 3425 2725 sancta
3449 2679 3634 2725 narrat
3671 2669 3779 2726 hiso

2202 2760 2371 2826 toria;
2394 2759 2618 2830 spiritus
2638 2769 2725 2816 est
2746 2775 2891 2816 mors
2912 2760 3137 2825 Christi.
3160 2777 3324 2832 quam
3352 2760 3514 2818 tradit
3532 2760 3779 2834 Evange-

2201 2852 2364 2911 lium:
2396 2844 2619 2923 scrpens
2667 2853 2930 2923 ﬁguratur
2981 2853 3035 2908 in
3066 2854 3212 2925 ligno
3257 2869 3582 2923 suspensus;
3634 2856 3776 2924 aspi.

2200 2942 2469 3001 cientibus
2513 2959 2575 2998 se
2633 2943 2796 2998 titatn
2847 2943 3151 3015 praestabat
3201 2945 3586 3015 temporalem;
3628 2959 3777 2999 mors

2199 3033 2400 3090 Christi
2421 3036 2770 3091 credentibus
2794 3035 2847 3090 in
2875 3026 3000 3089 eum
3031 3035 3197 3089 vitam
3216 3044 3454 3104 praestat
3476 3043 3774 3109 aeternam.

2198 3127 2305 3196 Sed
2332 3128 2463 3199 quid
2494 3129 2629 3184 haec
2654 3130 2719 3181 ad
2749 3116 3038 3184 secundum
3073 3129 3406 3185 nativitatem
3456 3142 3524 3182 ex
3556 3106 3805 3213 spiritu:

2199 3234 2304 3273 non
2344 3220 2616 3275 immerito
2653 3219 2977 3291 quaeritur?
3010 3218 3285 3274 Facillime
3332 3218 3577 3275 solvitur.
3607 3219 3777 3275 Nemo
3858 3231 3862 3235 ‘

2199 3307 2442 3363 ascendit
2473 3309 2525 3362 itt
2572 3308 2790 3363 Christo
2831 3308 2899 3362 ad
2926 3307 3160 3372 Patrem,
3203 3307 3307 3363 nisi
3341 3307 3431 3377 qui
3476 3324 3541 3364 es
3583 3308 3778 3378 Spiritu

2196 3398 2457 3464 nascitur,
2478 3408 2537 3453 ut
2556 3398 2853 3453 coniuratis
2878 3398 2973 3453 liat
2997 3396 3248 3469 imaginis
3274 3397 3395 3455 Filii
3410 3397 3527 3461 Dei,
3550 3399 3652 3453 hoc
3667 3411 3771 3459 εει,

2198 3498 2256 3543 ut
2279 3483 2527 3544 Christus
2569 3488 2621 3542 in
2670 3487 2759 3543 illo
2782 3485 3063 3550 formetur,
3095 3497 3152 3542 ct
3193 3503 3357 3541 unum
3397 3502 3519 3541 cum
3561 3488 3782 3543 Christo

2198 3581 2289 3636 sit.
2314 3579 2574 3641 Similiter
2597 3595 2755 3635 nemo
2785 3579 3024 3635 salvutur
3048 3596 3145 3649 per
3166 3588 3394 3635 mortem
3422 3579 3644 3643 Christi,
3673 3580 3780 3634 nisi

2196 3671 2288 3743 qui
2335 3686 2399 3725 ex
2432 3669 2626 3741 spiritu
2673 3669 2944 3735 nascitur;
2999 3684 3160 3725 nemo
3185 3684 3258 3722 ex
3296 3668 3491 3738 spiritu
3538 3666 3780 3724 nascitur

2197 3777 2296 3834 per
2326 3763 2674 3832 baptismum,
2694 3766 2699 3773 '
2720 3760 2822 3815 nisi
2847 3759 2899 3814 in
2926 3768 3100 3826 morte
3123 3758 3349 3826 Christi,
3371 3758 3509 3814 sicut
3534 3758 3609 3814 ait
3636 3759 3780 3828 Apo-

2198 3851 2407 3909 stolus:
2439 3873 2457 3903 ι
2490 3849 2801 3920 Couscpulti
2847 3864 3036 3904 sumus
3085 3864 3209 3904 cum
3251 3848 3470 3906 Christo
3513 3863 3611 3919 per
3652 3851 3780 3918 bap-

2201 3943 2442 4007 tismum,
2463 3939 2567 3996 nisi
2591 3941 2644 3994 in
2668 3949 2921 4005 mortem,
2943 3950 3025 4006 ut,
3056 3938 3509 4010 quenadmodum
3531 3938 3781 3994 Christus

2198 4034 2433 4094 surrexit
2454 4047 2485 4085 a
2516 4031 2743 4087 mortuis
2766 4033 2818 4084 in
2841 4029 3066 4113 gloriam
3088 4028 3282 4095 Patris,
3313 4028 3385 4084 ita
3407 4039 3461 4084 et
3490 4045 3588 4086 nos
3608 4029 3661 4085 in
3693 4047 3779 4083 no-

2201 4124 2365 4180 vitate
2391 4124 2530 4178 vitae
2552 4119 2891 4177 ambulemus
2925 4143 2967 4173 ι.
3578 4124 3587 4129 ‘

2272 4238 2362 4313 Sic
2380 4237 2516 4292 enim
2533 4237 2671 4290 Deus
2692 4236 2873 4291 dilexit
2896 4226 3172 4302 minutum,
3198 4248 3253 4291 ut
3268 4222 3466 4293 Filium
3492 4253 3644 4292 suum
3661 4238 3779 4293 uni-

2199 4340 2427 4412 genitum
2465 4342 2632 4394 daret.
2658 4339 2887 4395 Causam
2922 4341 3188 4395 humanae
3215 4340 3406 4394 salutis
3435 4342 3626 4423 aperit,
3677 4339 3780 4396 Pa-

2204 4454 2341 4497 trem
2369 4442 2614 4498 videlicet
2641 4441 2948 4503 caelestem,
2976 4458 3042 4498 ex
3085 4459 3193 4511 quo
3216 4444 3393 4499 omnis
3415 4445 3563 4499 salus
3586 4456 3642 4500 et
3691 4461 3788 4499 ιιι·-⁴

2204 4527 2413 4597 stitutio
2437 4540 2707 4595 humanae
2745 4522 2970 4596 naturae
3014 4556 3112 4611 per
3150 4543 3479 4612 unigenitum
3527 4557 3682 4598 suum
3726 4543 3780 4597 iu

2204 4640 2407 4709 Spiritu
2440 4651 2558 4692 suo.
2584 4637 2809 4693 Dilectio
2842 4640 3023 4708 itaque
3041 4636 3221 4694 Patris
3239 4655 3405 4693 causa
3433 4651 3487 4694 et
3514 4648 3781 4696 humanae

2204 4740 2411 4806 salutis,
2442 4740 2534 4810 qui
2578 4740 2632 4793 in
2681 4748 2886 4794 tantum
2935 4741 3122 4796 dilexit
3161 4742 3438 4806 mundum,
3486 4752 3544 4798 ut
3588 4744 3780 4820 Filium

2201 4859 2359 4901 suum
2393 4843 2731 4913 unigenitum
2757 4845 2927 4906 daret,
2965 4844 3065 4898 huc
3115 4856 3197 4898 est
3232 4847 3389 4901 morti
3432 4847 3689 4910 traderet,
3725 4857 3787 4902 ut

2199 4947 2377 5004 omnis
2405 4946 2673 5018 aSpiciens
2697 4949 2747 4999 in
2781 4936 3008 5000 mortem
3029 4946 3145 5015 ejus
3177 4964 3283 5002 non
3312 4959 3518 5018 pereat,
3547 4951 3640 5006 scd
3688 4954 3782 5009 ha.

2180 5049 2325 5104 beat
2354 5046 2518 5100 vitam
2551 5055 2847 5101 aeternam.
2875 5045 2979 5101 Sed
3003 5046 3302 5118 quaeritur,
3335 5064 3492 5116 quem
3523 5052 3781 5106 mundum

2202 5136 2393 5194 dilexit
2444 5136 2619 5192 Deus?
2655 5136 2771 5190 Non
2820 5138 2960 5190 enim
3004 5138 3328 5209 credendum
3376 5151 3480 5206 est,
3528 5144 3784 5197 mundum

2206 5230 2389 5291 istum,
2416 5227 2466 5280 id
2486 5239 2565 5279 est
2598 5227 3024 5287 universitatem,
3058 5242 3196 5296 quae
3224 5239 3434 5283 constat
3457 5248 3517 5285 ex
3548 5232 3701 5285 caelo
3728 5245 3781 5287 et

2206 5327 2373 5380 terra,
2406 5316 2619 5373 Patrem
2670 5317 2940 5373 diletttsse.
2977 5318 3079 5375 ille,
3118 5319 3263 5373 cuitu
3309 5336 3412 5373 non
3469 5332 3688 5391 propter
3720 5338 3783 5378 so

2208 5410 2399 5479 ipsum,
2435 5408 2525 5463 scd
2552 5420 2768 5480 propter
2794 5411 3121 5479 superiorem
3165 5413 3421 5467 mundum
3467 5414 3642 5469 factus
3678 5426 3781 5468 est.

2210 5500 2458 5558 nondum
2490 5501 2651 5569 igitur
2694 5502 3041 5570 superiorem,
3095 5515 3251 5571 quem
3289 5504 3353 5557 ad
3405 5504 3690 5574 imaginem
3728 5515 3783 5557 et

2207 5591 2611 5650 similitudinem
2644 5609 2795 5648 suam
2827 5596 3084 5653 condidit.
3120 5593 3171 5650 id
3201 5606 3280 5654 est
3313 5598 3599 5654 humanam
3629 5609 3784 5653 natu-

2212 5698 2324 5738 ram
2360 5685 2518 5739 Pater
2544 5684 2727 5739 dilexit
2758 5688 2853 5746 ita,
2879 5699 2929 5742 ut
2965 5684 3155 5742 Filium
3187 5699 3341 5745 suum
3391 5704 3485 5758 pro
3508 5704 3571 5746 eo
3602 5687 3780 5745 trade-
