4236 6072
531 213 645 271 3‘25

1933 218 2220 282 JOANNIS
2257 219 2454 279 δί’ΣοἸί

3679 229 3787 292 528

547 336 1049 406 interpretationem
1082 335 1314 389 nominis
1341 337 1590 406 aperiens
1614 353 1627 387 :
1651 338 1770 403 ιμὶα
1796 355 1958 402 aquae
1980 342 2113 390 inal-
2145 349 2188 400 Α
2219 343 2320 392 hoc
2352 340 2635 394 dicendum
2659 381 2673 405 ,
2717 346 2896 412 quod,
2949 345 2995 400 si
3042 344 3289 402 Christus
3321 348 3469 402 solus
3511 364 3541 402 a
3578 350 3784 407 Joanne

542 444 632 492 tae
649 443 799 486 erant
826 431 950 485 illic.
984 431 1059 484 De
1095 429 1294 484 Saleius
1323 441 1502 484 autem
1534 429 1680 482 varie
1721 429 1951 483 tradunt.
1980 429 2110 498 Qui-

541 526 666 582 dam
713 523 898 578 volunt
939 520 1006 575 de
1046 519 1344 573 Jerusalem
1375 519 1577 588 accipi,
1618 535 1756 588 quae
1807 536 1910 572 non
1955 519 2111 588 longo

538 615 715 686 spatio
770 611 1008 666 locorum
1064 610 1228 664 distat
1274 603 1340 664 ab
1377 607 1632 663 Jordane.
1680 608 1816 663 Nam
1861 610 2109 678 primitus

538 708 736 762 Sateim
768 702 1091 774 simpliciter
1115 700 1416 764 nominata,
1445 700 1700 765 utaiunt;
1727 697 1920 755 deinde
1949 701 2109 756 Ebus-

531 800 725 861 saletn,
741 795 865 865 quia
889 794 957 848 ab
979 791 1232 848 Ebusseis
1252 805 1532 860 possessa;
1559 791 1753 844 deinde
1782 789 2104 853 Jerusalem,

538 893 640 944 hoc
665 897 748 941 est
784 884 1029 956 (cuipiam
1059 882 1226 954 pacis,
1259 891 1481 950 propter
1511 880 1830 954 nobilissimi
1864 881 2043 951 templi
2074 898 2104 948 a

533 980 824 1035 Salomone
861 957 1157 1029 constructi
1185 972 1507 1040 divulgatum
1534 971 1586 1024 in
1614 970 1751 1026 lines
1777 972 1962 1026 mundi
1992 971 2104 1042 glo-

537 1068 890 1124 riosissimam
915 1062 1113 1117 famam
1141 1075 1188 1114 ε.
1219 1061 1323 1116 Alii
1355 1076 1503 1123 vero,
1525 1059 1741 1130 quibus,
1766 1070 1824 1113 ut
1852 1061 2100 1124 aestimo,

532 1163 665 1214 lides
704 1156 876 1226 magis
907 1153 1186 1217 habenda,
1227 1149 1409 1206 Salem
1453 1149 1640 1205 dicunt
1677 1150 1931 1220 oppidum
1963 1152 2101 1205 ultra

527 1253 820 1308 Jordaneni
872 1249 1072 1312 situm,
1103 1259 1168 1300 eo
1195 1244 1332 1310 loci,
1381 1259 1490 1315 quo
1525 1241 1797 1300 Jordanus
1840 1243 2002 1298 intrat
2046 1243 2099 1297 in

529 1347 705 1399 laeum
733 1339 944 1402 Aslalti,
975 1338 1083 1392 hoc.
1113 1344 1196 1390 est
1228 1335 1281 1388 in
1313 1335 1485 1388 lacum
1517 1333 1818 1397 bituminis,
1847 1343 1902 1388 et
1930 1332 1981 1389 in
2013 1332 2102 1389 illo

527 1450 635 1505 opp
657 1433 726 1486 do
748 1430 1018 1500 quendam
1043 1426 1431 1516 Melchisedech
1459 1423 1902 1503 regnassetcujus
1920 1425 2101 1496 oppidi

526 1527 700 1580 adhuc
757 1521 980 1590 uestigia
1043 1529 1346 1574 remanent.
1398 1516 1559 1572 Juxta
1610 1516 1740 1572 illud
1792 1517 2101 1587 baptizabat

521 1623 778 1684 Joannes,
808 1617 930 1689 quia
960 1624 1114 1671 erant
1142 1615 1209 1670 ibi
1237 1600 1406 1684 aquae
1435 1612 1652 1668 multae.

2220 429 2610 495 baptizaretur,
2640 435 2759 504 plus
2791 436 3058 506 baptisma
3089 435 3334 501 Joannis,
3360 455 3517 508 quam
3554 440 3778 501 Chtisti,

2217 521 2508 588 baptizalis
2561 525 2807 578 eonferre
2849 527 3139 582 rideretur.
3188 527 3354 582 Multo
3401 533 3542 582 enim
3593 531 3782 586 melius

2217 618 2392 680 potuit
2443 617 2738 670 existimari
2793 619 3011 670 unicum
3058 619 3344 686 baptisma,
3377 639 3484 690 quo
3520 623 3780 680 Dominus

2216 710 2513 776 baptizatus
2557 719 2660 772 est,
2709 725 2871 778 quam
2903 712 3191 780 baptisma,
3224 728 3332 781 quo
3376 716 3530 768 tuulti
3566 721 3631 768 ab
3662 717 3780 785 ipso

2215 799 2441 858 Domino
2475 816 2526 856 et
2549 805 2822 862 discipulis
2845 804 2960 860 suis
2988 806 3234 871 baptizati
3261 821 3406 864 sunt.
3441 810 3546 865 Sed
3577 828 3644 865 ne
3679 815 3783 868 hoc

2208 894 2508 950 putaretur,
2536 886 2687 939 inulti
2735 903 2763 938 a
2802 887 3008 940 Joanne
3037 898 3160 941 sunt
3186 889 3458 957 baptizati.
3499 891 3556 945 Si
3596 901 3780 947 autem

2206 975 2522 1042 quaeritur,
2575 993 2754 1031 utrum
2807 978 2858 1031 in
2906 979 3086 1048 aliquo
3134 979 3331 1048 profuit
3375 981 3474 1050 ipsi
3526 981 3779 1048 Domino,

2204 1063 2345 1134 quod
2397 1081 2428 1117 a
2475 1081 2574 1120 suo
2625 1082 2977 1136 praecursore
3031 1070 3336 1141 baptizatus
3377 1071 3496 1134 sit,
3561 1072 3780 1141 quidam

2203 1167 2309 1223 non
2340 1155 2569 1212 absurde
2601 1159 2949 1228 respondent,
2976 1160 3252 1216 Christum
3291 1164 3778 1219 sanetiiicatitntem

2205 1247 2480 1316 quandam
2527 1246 2750 1304 Joannis
2797 1248 3061 1326 eﬂ‘eeisse.
3105 1250 3237 1306 Illud
3281 1262 3459 1307 autem
3513 1253 3780 1328 baptisma

2203 1336 2338 1392 nihil
2386 1337 2604 1393 Christo
2643 1339 2889 1394 contulit.
2941 1338 3155 1395 Scimus
3203 1350 3417 1404 tamen.
3445 1341 3778 1398 Graecorum

2201 1437 2453 1484 auctores
2500 1429 2821 1485 lidacialiter
2860 1447 3127 1498 asserere,
3157 1433 3642 1490 santrtilieationom
3675 1437 3778 1490 hu-

2201 1521 2476 1574 manitatis
2493 1521 2690 1591 Christi
2715 1539 2808 1594 per
2847 1535 3244 1578 sacramentum
3267 1527 3605 1594 baptismatis
3618 1525 3779 1580 Joan-

2200 1609 2288 1664 nis
2326 1600 2546 1664 auetam
2588 1612 2772 1667 fuisse.
2828 1613 2982 1680 Quod
3031 1615 3264 1670 maxime
3309 1631 3374 1672 ex
3428 1616 3779 1673 descensione

601 1708 901 1782 Non[¢lum}
937 1707 1070 1759 enim
1090 1704 1280 1758 missus
1307 1703 1476 1772 fuerat
1503 1703 1557 1758 in
1574 1718 1831 1757 carcerem
1846 1701 2098 1758 Joannes.
2132 1693 2176 1754 Β
2206 1698 2441 1771 Spiritus
2479 1703 2649 1757 sancti
2691 1703 2742 1756 in
2783 1703 2962 1774 specie
2987 1705 3266 1762 columbae
3295 1721 3459 1778 super
3483 1707 3659 1778 ipsum
3687 1709 3780 1764 ba-

522 1801 658 1858 Nem
675 1811 957 1872 postquam
972 1797 1166 1851 missus
1179 1792 1327 1848 estin
1341 1792 1898 1860 carcerem,continuo
1911 1792 2104 1848 desivit

523 1891 817 1962 baptizare,
851 1885 1176 1958 baptismate
1212 1882 1411 1938 Clnisti
1457 1882 1764 1937 inchoante.
1789 1883 2098 1948 Quaeritur,

523 1985 654 2055 quid
686 1980 948 2049 baptisma
977 1975 1198 2032 Joannis
1220 1975 1324 2039 bis,
1352 1973 1445 2043 qui
1477 1971 1545 2028 ab
1573 1987 1641 2028 eo
1671 1973 1926 2045 baptizati
1953 1981 2098 2038 sunt,

524 2063 764 2148 profuit?
788 2071 942 2126 Nullo
969 2071 1129 2125 modo
1149 2067 1293 2123 enim
1321 2066 1648 2122 credendum
1669 2075 1771 2132 est,
1798 2083 1902 2122 non
1927 2067 2101 2122 solum

521 2160 804 2238 originalis
839 2159 1070 2232 peccati,
1103 2173 1291 2212 rerum
1317 2157 1480 2211 etiam
1514 2158 1854 2227 propriorum
1883 2157 2102 2213 delicto.

519 2275 641 2316 rttm
687 2254 1062 2311 remissionem
1105 2249 1398 2305 contulisse
1425 2251 1468 2303 ².
1500 2249 1636 2314 Quid
1681 2263 1810 2320 ergo
1836 2249 2102 2302 contulit?

520 2350 772 2421 Magnum
804 2344 1042 2417 quidem.
1072 2343 1341 2410 Quantum
1369 2339 1510 2395 enim
1533 2342 1936 2396 eateclmmeuis
1966 2357 2103 2398 non-

518 2439 649 2493 dum
699 2431 1030 2505 baptizatis'
1094 2431 1338 2485 dei-trina
1394 2429 1516 2484 lidei
1569 2430 1827 2500 prodest,
1891 2440 2097 2485 tantum

527 2528 757 2588 Joannis
794 2525 1062 2594 baptisnm
1117 2521 1406 2592 baptizatis
1449 2521 1502 2576 in
1533 2536 1632 2585 co,
1663 2522 1972 2591 priusquam
2007 2524 2100 2575 ba-

525 2619 728 2680 ptisma
777 2614 979 2669 Christi
1025 2615 1290 2682 subirent,
1339 2613 1560 2683 profuit.
1607 2612 1842 2668 Joannes
1895 2625 2095 2690 quippe

532 2704 901 2771 penitentiam
923 2705 1271 2774 pradicabat,
1300 2715 1352 2758 et
1383 2704 1711 2772 baptismum
1731 2703 1932 2759 Christi
1961 2719 2102 2773 prte-

531 2796 836 2860 nuutiabet,
867 2806 922 2850 et
948 2797 1002 2850 in
1051 2795 1414 2866 cognitionem
1446 2793 1712 2854 veritatis,
1747 2809 1868 2862 qua
1896 2795 2097 2848 mundo

532 2887 805 2958 apparuit,
830 2889 1072 2941 attraxit.
1107 2887 1295 2941 Nonne
1319 2887 1573 2942 similiter
1599 2887 1838 2956 quotidie
1862 2888 2095 2942 ministri

534 2977 852 3036 [acittntEt't
865 2980 1048 3034 lesiw?
1068 2978 1332 3034 Erudiunt
1354 2981 1526 3048 primo
1544 2980 1818 3035 venientes
1833 2981 1899 3032 ad
1922 2981 2100 3042 tidem;

535 3069 730 3124 deinde
748 3080 969 3139 peccata
994 3085 1178 3125 eorum
1203 3071 1531 3139 redarguunt
1559 3087 1574 3132 ;
1600 3069 1794 3122 deinde
1826 3067 2103 3124 reinlssio~

539 3177 660 3217 nem
683 3163 924 3217 omnium
950 3169 1295 3230 peccatorum
1322 3163 1372 3214 in
1401 3161 1720 3229 baptismate
1742 3159 2060 3229 promittunt
2085 3176 2102 3228 ;

538 3265 604 3302 ac
650 3250 728 3303 sic
773 3247 840 3300 ad
869 3248 1232 3317 cognitionem
1257 3258 1309 3302 et
1341 3249 1683 3302 dilectionem
1731 3247 1978 3303 veritatis
2010 3263 2103 3302 eos

531 3330 832 3390 attrahunt.
862 3327 1091 3383 Additur
1116 3325 1184 3380 ad
1210 3321 1484 3378 cumulum
1530 3320 1703 3376 laudis
1742 3331 1796 3375 et
1836 3322 2105 3386 utilitatis,

530 3439 688 3492 quam
723 3420 946 3476 Joannis
975 3417 1238 3487 baptisma
1266 3413 1510 3483 perfecit.
1527 3411 1928 3482 Debuitquippe
1953 3426 2112 3481 prae-

533 3527 722 3567 eursor
783 3508 836 3564 in
900 3506 1151 3562 omnibus
1209 3501 1609 3574 praecursiouis
1667 3516 1797 3555 suae
1855 3501 2107 3556 eﬂectnm

526 3601 796 3673 implere,
841 3606 938 3662 ut,
989 3591 1440 3664 quemadmodum
1491 3591 1786 3660 praecessit
1833 3589 2104 3645 Christum

530 3691 812 3748 nativitale
858 3698 914 3740 et
957 3683 1356 3755 praedicatione
1381 3720 1397 3744 ,
1436 3680 1511 3735 ita
1555 3681 1724 3736 etiam
1768 3681 2107 3753 baptismatis

531 3766 898 3839 similitudine.
933 3776 1002 3834 lit
1023 3775 1167 3830 enim
1199 3789 1394 3828 aurora
1420 3773 1694 3843 praecedit
1734 3783 1912 3829 ortum
1950 3773 2104 3840 solis,

529 3877 603 3930 ita
626 3878 968 3929 sacramenta
1002 3865 1226 3922 Joannis
1249 3878 1413 3934 opera
1445 3863 1644 3920 Christi
1672 3873 2102 3933 praecesserunt,

525 3971 576 4020 et
622 3962 1076 4037 quemadmodum
1120 3972 1313 4012 aurora
1340 3956 1743 4026 quodammodo
1767 3956 1987 4013 umbras
2011 3972 2106 4012 ex-

531 4069 738 4119 cutere,
768 4057 838 4108 ita
868 4054 1111 4106 dot-trina
1138 4060 1193 4104 et
1221 4050 1530 4122 mysterium
1557 4049 1927 4120 praeeursoris
1956 4058 2106 4106 tene-

534 4151 661 4204 bras
703 4144 1037 4216 ignorantiae
1085 4145 1249 4195 totius
1288 4142 1471 4194 mundi
1509 4141 1800 4194 inchoabat
1827 4151 2101 4197 excutere.

526 4243 736 4310 Itaque,
771 4253 835 4291 ne
877 4233 1057 4286 subito
1085 4245 1268 4285 rerum
1301 4231 1566 4299 baptisma
1589 4231 1790 4287 Christi
1816 4241 2106 4302 appareret

529 4331 752 4394 mundo,
778 4324 1073 4396 praecessit
1118 4325 1404 4393 ﬁguratum
1446 4321 1735 4393 baptisma,
1767 4331 1827 4376 ut
1859 4324 2019 4378 altius
2045 4331 2100 4379 et

492 4425 728 4481 'clarius
759 4421 958 4472 \‘H'iluS
987 4420 1347 4476 clucesceret,
1399 4414 1445 4466 si
1492 4415 1642 4484 prius
1687 4413 1999 4469 sedentibus
2045 4417 2099 4469 in

530 4513 769 4569 tenebris
803 4512 969 4578 ligura
1003 4505 1291 4559 arrideret.
1327 4502 1458 4557 ltetn
1489 4503 1790 4571 quaeritur,
1818 4519 1916 4556 cur
1946 4502 2103 4557 Chri-

528 4618 647 4660 stus
677 4601 980 4670 baptizatus
1009 4605 1090 4649 est
1117 4614 1144 4647 a
1175 4611 1272 4648 suo
1299 4608 1476 4647 servo.
1504 4594 1582 4646 Ad
1606 4594 1749 4662 quod
1775 4593 2061 4648 dicentium
2086 4611 2101 4648 :

531 4706 813 4767 propterea
843 4691 1092 4744 Clu-istos
1113 4701 1139 4739 ιι
1167 4700 1326 4739 servo
1354 4685 1613 4754 baptizari
1638 4685 1882 4753 dignatus
1911 4693 2016 4748 est,
2047 4693 2106 4738 ut

533 4781 902 4856 praecursoris
925 4776 1003 4832 sui
1031 4775 1264 4830 ollieium
1294 4783 1342 4826 et
1387 4774 1790 4837 lmnorilicaret,
1821 4783 1876 4829 et
1919 4789 2103 4827 rerum

532 4877 660 4930 illttd
694 4874 887 4934 fuisse,
913 4869 1165 4925 omnibus
1201 4867 1420 4922 Judaeis
1451 4881 1511 4920 ac
1543 4877 1654 4922 toto
1682 4868 1879 4921 mundo
1918 4877 2102 4920 nolunt

534 4972 757 5022 laceret.
810 4962 916 5014 Sed
950 4960 996 5013 si
1038 4957 1148 5012 sola
1200 4961 1329 5011 haec
1367 4969 1533 5012 causa
1575 4958 1672 5010 fuit
1717 4958 2021 5026 baptizandi
2072 4972 2102 5011 a

534 5073 689 5114 servo
713 5069 811 5109 suo
845 5049 1073 5110 Domini,
1102 5064 1197 5100 cur
1228 5065 1329 5101 non
1353 5047 1496 5102 solus
1521 5048 1768 5102 Christus
1801 5049 2103 5120 baptizatus

535 5161 613 5207 est
644 5165 674 5200 tt
710 5142 953 5200 Joanne?
984 5141 1291 5196 Sullicietiat
1343 5139 1484 5193 enim
1518 5137 1584 5192 ad
1616 5141 1825 5197 laudent
1869 5148 1921 5194 et
1951 5139 2102 5194 testi-

449 5263 451 5265 ·
536 5241 772 5295 monium
802 5233 1140 5302 baptismatis
1169 5231 1309 5284 serti
1344 5231 1616 5284 humilitas
1646 5231 1873 5284 Domini.
1906 5232 2010 5286 Sed
2037 5235 2099 5286 ad

2126 3024 2174 3086 C

2133 4375 2182 4434 D

2205 1791 2464 1859 ptizatum
2495 1802 2961 1861 argumentantur.
2993 1791 3100 1850 Nec
3142 1811 3358 1862 nitrum,
3390 1812 3512 1851 cum
3549 1813 3776 1871 evange-

2203 1879 2326 1935 lista
2368 1883 2550 1936 dicat:
2585 1901 2604 1932 ι
2639 1881 2796 1939 Jesus
2832 1892 3011 1940 autem
3059 1886 3376 1955 proﬁciebat
3418 1889 3681 1958 sapientia
3723 1881 3778 1943 et

2199 1985 2382 2033 aetate
2424 1987 2480 2032 et
2527 1978 2701 2050 gratia
2755 1980 2894 2051 apud
2946 1979 3116 2034 Deum
3158 1989 3215 2035 et
3257 1981 3504 2038 homines
3545 2002 3592 2039 ι.
3637 1981 3778 2051 Quid

2203 2070 2422 2135 mirum,
2453 2070 2496 2126 si
2523 2071 2792 2140 quoddam
2832 2083 3178 2145 augmentum
3207 2074 3556 2132 humanitatis
3576 2075 3774 2131 Christi

2200 2174 2300 2231 per
2326 2172 2727 2216 sacramentum
2756 2165 3128 2232 praeeursoris
3153 2165 3235 2218 sui
3257 2166 3596 2235 baptismatis
3622 2166 3778 2223 Chri»

2201 2261 2319 2307 stus
2345 2253 2638 2321 acciperet,
2669 2254 2816 2309 verbi
2848 2255 3018 2324 gratia
3047 2255 3364 2310 humilitatis
3392 2272 3524 2311 suae
3559 2256 3773 2318 merito,

2200 2359 2306 2411 qua
2333 2343 2599 2413 baptisma
2633 2345 2715 2398 sui
2743 2346 2885 2400 servi
2917 2346 3099 2400 subire
3145 2361 3250 2400 non
3293 2346 3610 2416 dedignatus
3650 2348 3778 2402 est?

2199 2435 2422 2504 Accepit
2455 2435 2709 2506 grai-iam,
2734 2445 2795 2490 ut
2821 2437 2904 2490 sui
2937 2437 3274 2506 baptismatis
3303 2438 3501 2512 virtute
3532 2440 3774 2493 omnium

2197 2523 2517 2581 delictorum
2543 2534 2600 2581 et
2626 2527 2965 2594 originalium
2987 2536 3044 2582 et
3072 2527 3410 2596 propriorum
3437 2543 3625 2583 omnes
3655 2541 3776 2584 cre-
3822 2537 3828 2546 ‘

2201 2613 2396 2668 dentes
2429 2612 2481 2666 in
2511 2627 2570 2667 se
2600 2612 2974 2666 remissionem
3025 2610 3354 2679 acciperent.
3405 2609 3572 2662 Addit
3601 2607 3766 2660 etiam

2199 2705 2534 2776 Augustinus
2558 2704 2714 2759 aliam
2741 2718 2958 2758 causam
2987 2701 3295 2773 baptizandi
3324 2700 3535 2755 Domini
3558 2714 3585 2750 a
3610 2712 3769 2752 servo

2201 2807 2300 2847 Suo
2329 2810 2346 2852 ;
2377 2810 2445 2847 ne
2470 2791 2842 2846 catechumeni
2871 2800 3021 2844 caste
3049 2799 3214 2858 atque
3235 2789 3321 2858 pic
3343 2795 3461 2856 post
3489 2793 3786 2852 acceptans

2203 2884 2364 2942 (idem
2403 2887 2648 2943 viventes
2672 2881 3036 2951 superbiretit,
3061 2881 3438 2938 existimantes
3455 2877 3768 2946 mysterium

2207 2977 2550 3046 baptismatis
2579 2976 2652 3030 nil
2705 2976 2786 3029 eis
2825 2975 3025 3030 addere
3077 2986 3253 3040 posse,
3311 2985 3433 3024 eum
3475 2966 3770 3024 secundum

2209 3067 2376 3130 illam,
2405 3079 2508 3134 qua
2543 3063 2736 3118 imbuti
2765 3071 2908 3122 sunt.
2939 3062 3098 3117 ﬁdem
3128 3063 3333 3119 vivant.
3357 3057 3460 3116 Sed
3487 3073 3552 3112 ne
3590 3058 3642 3112 in
3673 3057 3775 3112 hoc

2209 3166 2478 3219 errarent,
2501 3163 2560 3210 et
2588 3152 2642 3208 in
2673 3168 2876 3210 Vanum
2907 3153 3245 3216 laborarent,
3297 3149 3565 3204 Dominus
3604 3147 3777 3201 voluit
3833 3187 3844 3200 .

2213 3247 2520 3311 exetuplutr
2567 3246 2652 3302 eis
2697 3247 2830 3299 dare
2874 3245 2943 3300 de
2993 3259 3094 3299 suo
3124 3244 3475 3309 baptismate,
3505 3250 3564 3294 ut
3594 3237 3780 3293 nullus

2210 3342 2396 3382 eorum
2423 3329 2648 3382 auderet
2669 3325 2863 3391 inﬂari,
2887 3326 3133 3382 videntes
3156 3326 3442 3382 Dominum
3463 3343 3621 3382 suum
3643 3328 3784 3383 servi

2209 3420 2291 3473 sui
2311 3419 2637 3489 baptismum
2655 3418 2904 3472 subiisse.
2928 3417 2984 3472 Si
3007 3417 3148 3472 enim
3179 3418 3436 3472 Dominus
3461 3419 3784 3487 baptismum

2209 3509 2289 3565 sui
2322 3510 2464 3564 serti
2495 3509 2664 3564 noluit
2681 3509 2982 3579 despicere,
3003 3524 3112 3579 qua
3133 3508 3338 3565 ratione
3357 3510 3432 3564 illi
3456 3509 3782 3580 baptismum

2208 3601 2422 3657 Domini
2455 3599 2536 3654 sui
2567 3600 2774 3654 nollent
2804 3599 3020 3654 subire“!

2281 3689 2449 3744 Facta
2463 3699 2537 3744 est
2563 3706 2684 3761 ergo
2698 3691 2931 3758 quaestio
2943 3702 3007 3747 es
3031 3687 3298 3758 discipulis
3315 3687 3539 3744 Joannis
3553 3704 3671 3745 cum
3685 3700 3714 3744 δ
3725 3706 3755 3741 u
3767 3718 3785 3728 -

2206 3781 2354 3835 dacis
2372 3783 2435 3834 o'e
2458 3780 2842 3850 puriﬁcatione.
2865 3778 3115 3847 Discipuli
3130 3777 3376 3841 Joannis,
3397 3777 3784 3833 videntesnzulo

2210 3879 2293 3926 tos
2317 3868 2644 3924 Judaeorum
2674 3868 2966 3922 credidisse
2996 3867 3048 3920 in
3083 3867 3377 3929 Christum,
3402 3876 3458 3920 et
3487 3868 3785 3936 baptizatos

2206 3959 2375 4016 fuisse
2394 3977 2423 4014 a
2445 3960 2718 4029 discipulis
2731 3958 2866 4027 ejus,
2883 3957 3078 4012 invidia
3093 3957 3368 4021 commuti,
3383 3956 3784 4026 interrogabant

2208 4061 2350 4130 ipsos
2363 4059 2596 4114 Judaeos
2619 4057 2688 4112 de
2708 4055 3106 4127 purilieatione,
3132 4052 3232 4108 hoc
3251 4063 3335 4107 est
3353 4053 3419 4108 de
3442 4051 3779 4127 baptismate.

2205 4148 2701 4205 hlitabanturenitn
2723 4147 2855 4201 alios
2877 4159 3036 4216 posse
3068 4145 3338 4212 baptizare
3373 4151 3587 4212 praeter
3619 4139 3782 4198 Joan'

2207 4259 2330 4296 nem
2359 4253 2411 4296 et
2445 4238 2736 4310 discipulos
2769 4240 2905 4310 ejus,
2934 4237 3339 4299 existimantes,
3370 4234 3628 4302 majorem
3663 4247 3786 4287 esse

2206 4334 2466 4390 Joannem
2512 4333 2745 4394 Christo,
2774 4331 3027 4400 quoniam
3056 4328 3299 4382 viderunt
3331 4340 3436 4380 non
3463 4325 3618 4393 longe
3649 4333 3776 4378 ante

2211 4427 2384 4498 ipsum
2412 4423 2680 4477 (lltristem
2713 4437 2741 4474 a
2768 4420 2972 4476 Joanne
2998 4419 3050 4472 iu
3071 4414 3304 4472 Jordane
3333 4415 3682 4486 baptizatum.

2283 4511 2346 4565 Et
2387 4523 2634 4569 usncrnnt
2679 4511 2744 4562 od
2788 4510 3066 4570 Joannem,
3100 4521 3356 4560 accusare
3389 4504 3662 4558 Christum
3687 4517 3778 4557 ro-

2212 4605 2384 4657 lentes
2426 4603 2652 4672 ejusque
2697 4598 3015 4667 discipulos,
3059 4595 3219 4649 t'elnti
3269 4594 3320 4647 iit
3368 4594 3616 4663 iniuriam
3666 4591 3785 4663 ejus

2212 4697 2487 4765 baptizare
2530 4702 2970 4762 praesumentes,
3005 4699 3050 4741 et
3093 4687 3334 4739 dixerunt
3360 4688 3405 4738 ti
3431 4701 3451 4739 :
3485 4684 3785 4760 Rothi,an

2213 4797 2320 4838 erat
2348 4798 2512 4838 totum
2543 4795 2687 4836 trans
2717 4779 3025 4844 Iordanem,
3054 4778 3144 4847 qui
3177 4778 3456 4832 ridebatur
3489 4778 3784 4847 discipulus

2216 4886 2338 4928 tuus
2372 4886 2630 4944 tempore.
2672 4887 2780 4942 quo
2805 4887 2836 4926 a
2865 4880 2917 4924 te
2960 4871 3262 4940 baptiZatus
3288 4878 3373 4923 est
3415 4879 3562 4924 trans
3586 4868 3782 4926 Jorda-

2215 4982 2357 5026 nem,
2387 4965 2468 5016 ι·μὶ
2490 4975 2545 5016 ιιι
2567 4962 2917 5016 testimonium
2940 4961 3262 5027 perhibuisti,
3294 4960 3520 5015 dicendo
3549 4979 3561 5012 :
3595 4979 3612 5010 ι
3647 4961 3785 5016 iit-ce

2217 5073 2384 5125 agnus
2418 5054 2541 5115 Dei,
2575 5067 2700 5108 ecce
2746 5053 2836 5122 qui
2882 5051 3018 5105 tollit
3055 5059 3334 5121 peccatum
3368 5051 3551 5105 mundi
3591 5071 3638 5115 ι,
3670 5068 3786 5107 erce

2209 5146 2294 5197 hic
2323 5143 2572 5212 baptizal,
2605 5157 2745 5195 nunc
2780 5142 2832 5194 iit
2859 5139 3057 5194 Judaea
3085 5180 3100 5202 ,
3130 5139 3270 5208 quod
3309 5139 3461 5193 valde
3505 5141 3779 5204 miramur,
3843 5164 3850 5166 -

2209 5250 2254 5288 (ἰ
2287 5250 2460 5288 omnes
2488 5233 2692 5288 reniuut
2721 5234 2789 5286 ad
2825 5249 2962 5287 eain.
2994 5232 3247 5288 Volumus
3294 5231 3474 5302 itaque
3524 5243 3573 5286 te
3610 5235 3779 5285 inter-

1812 5328 2063 5383 VAItlAE
2106 5328 2504 5386 LECTIONES.

610 5407 620 5430 ³
657 5399 784 5453 Coti.
819 5416 937 5454 non.
1014 5400 1033 5428 ς
1072 5398 1202 5455 Cod.
1251 5412 1351 5449 non
1401 5387 1694 5450 contulisse.

1773 5396 1792 5425 ³
1821 5401 1948 5451 (inti.
2004 5402 2355 5466 baptismatis.

609 5553 632 5578 ι
665 5539 720 5592 S.
743 5538 1134 5608 Hieronymus:
1169 5536 1485 5624 Jerusalem,
1527 5537 1670 5593 .risiu
1713 5539 1876 5628 poris,
1912 5469 2399 5595 ίὲνηρῗὶῗῖΑὲυηιιιδ
2427 5519 2592 5606 pur-is,
2622 5538 2964 5610 praeferenda
3013 5547 3096 5594 est
3127 5535 3279 5592 alteri
3319 5551 3349 5592 a
3539 5544 3591 5589 et
3623 5516 3774 5628 εἶξιν.

533 5631 772 5700 perfecte.
793 5632 1060 5688 Det-iratio
1091 5629 1234 5684 terbi
1261 5612 1493 5689 Πνῆῑθτιῒ
1524 5630 1588 5683 ab
1615 5639 1757 5685 1'1th
1775 5613 1921 5694 asc},
1942 5632 2108 5696 idest,

2219 5647 2270 5698 id
2292 5657 2394 5702 est.
2426 5648 2676 5718 possessio
2716 5646 2876 5706 paris.
