4236 6072
395 340 504 402 395

1481 331 1836 396 COHMENT.
1873 333 1941 391 lN
1977 333 2224 389 EVANG.
2265 334 2390 391 SEC
2427 329 2618 391 JOAN.

3539 329 3644 388 336

398 473 614 527 ro;arc,
667 458 793 528 quid
843 457 911 514 de
964 459 1065 512 hoc
1109 456 1557 527 praesumptione
1592 455 1684 509 tibi
1730 454 1963 506 videtur.
1995 452 2040 508 Α
2073 447 2193 506 Non
2240 459 2402 518 potest
2434 451 2585 502 homo
2637 447 2868 528 accipere
2905 449 3203 518 quicquam,
3250 448 3350 502 nisi
3399 449 3552 519 fuerit
3600 467 3630 499 ρ

469 551 748 621 Respondit
774 549 1007 605 Joannes
1033 559 1081 604 et
1105 548 1241 605 dicit
1266 565 1285 604 :
1318 547 1437 604 Non
1463 558 1630 616 potest
1653 551 1804 602 homo
1837 545 1970 598 acci-

397 660 517 715 pere
549 645 833 714 quicquam
859 646 901 704 ’,
942 643 1044 697 nisi
1074 642 1234 711 fuerit
1280 642 1327 696 ei
1376 643 1563 694 datum
1611 640 1675 691 de
1710 640 1877 692 caelo.
1911 637 1968 692 In

397 735 511 801 quil
535 733 724 788 usdatn
753 732 1038 784 endicibus
1059 731 1391 783 Graecorum
1420 729 1617 798 legitur
1644 728 1783 782 :nisi
1810 727 1972 794 fuerit

396 824 446 878 ei
474 825 660 877 datam
708 825 985 876 desursum
1023 822 1088 874 de
1139 821 1306 876 caelo.
1346 820 1636 875 Humiliter
1693 818 1972 888 respondit

398 931 592 970 servus
621 916 1009 970 accusantibus
1055 916 1343 968 Dominum
1391 928 1573 968 suum.
1617 908 1736 965 Neu
1783 918 1972 976 μοιοδι,

390 997 584 1066 inquit,
627 996 780 1049 homo
807 998 1037 1065 accipere
1064 995 1361 1066 quicquam.
1395 997 1475 1050 Ac
1504 996 1549 1049 si
1578 997 1786 1050 diceret
1811 1010 1826 1049 :
1862 994 1984 1049 Puv

392 1087 516 1142 latis
546 1102 632 1141 me
659 1086 920 1156 majorem
953 1101 1074 1142 esse
1106 1087 1222 1158 ipso
1249 1128 1262 1150 ,
1290 1085 1444 1156 cujus
1471 1102 1661 1142 servus
1704 1098 1760 1141 et
1801 1101 1963 1155 prae-

387 1194 580 1234 cursor
607 1193 760 1243 sum;
793 1180 991 1234 erratis
1017 1178 1070 1232 in
1099 1194 1224 1234 eum
1255 1194 1362 1234 non
1400 1180 1702 1242 credentes,
1730 1188 1786 1234 et
1814 1180 1966 1249 igno—

389 1281 589 1336 rantes,
614 1270 742 1342 quid
767 1271 902 1326 silet
925 1271 1065 1326 unde
1087 1271 1254 1334 venit,
1278 1281 1329 1326 et
1354 1271 1553 1339 putatis
1573 1286 1660 1325 me
1682 1285 1800 1326 csse
1821 1271 1966 1340 quod

386 1379 495 1418 non
525 1379 665 1419 sum.
695 1361 764 1418 Ut
783 1372 964 1418 autem
993 1362 1203 1427 sciatis,
1228 1362 1357 1431 quid
1386 1361 1476 1416 ille
1503 1362 1594 1427 sit,
1625 1371 1680 1415 et
1707 1361 1834 1430 quid
1862 1376 1964 1431 ego

386 1470 526 1520 sum,
577 1455 757 1510 audite
799 1468 978 1522 meum
1022 1458 1340 1524 responsum
1383 1467 1400 1510 :
1451 1450 1572 1507 Non
1621 1463 1782 1523 potest
1808 1454 1964 1507 homo

385 1549 619 1613 accipere
638 1547 938 1617 quicquam.
967 1545 1137 1600 Homo
1163 1561 1279 1601 sum
1311 1555 1366 1600 et
1394 1559 1501 1600 non
1533 1545 1694 1608 Deus,
1726 1542 1810 1596 ille
1837 1557 1963 1597 vero

386 1647 442 1691 et
472 1637 613 1692 Deus
642 1647 722 1692 est
755 1645 810 1690 et
836 1637 1017 1691 homo.
1059 1636 1180 1707 ipse
1203 1644 1306 1700 est,
1342 1637 1408 1689 de
1451 1649 1557 1705 quo
1595 1633 1963 1689 testimonium

385 1728 635 1796 perliibui
681 1727 909 1781 dicens:
941 1745 960 1777 ι
994 1726 1069 1781 De
1111 1725 1446 1795 plenitudine
1485 1725 1601 1794 ejus
1639 1739 1736 1778 nos
1773 1735 1962 1778 omnes

385 1817 696 1886 accepimus
717 1835 764 1869 ι.
807 1815 980 1870 Homo
1024 1817 1207 1886 itaque
1235 1831 1388 1882 sum;
1414 1831 1444 1869 a
1479 1830 1565 1870 me
1594 1814 1726 1869 nihil
1757 1813 1962 1882 accepi,

386 1907 479 1978 qui
529 1923 636 1962 non
688 1909 901 1970 habeo,
952 1908 1095 1976 quod
1140 1923 1169 1962 a
1219 1924 1306 1962 me
1356 1907 1658 1977 accipiatur.
1694 1903 1963 1974 Quicquid

385 1999 596 2069 accepi,
615 1998 685 2053 ab
710 2013 776 2053 eo
797 1999 1006 2070 accepi.
1031 1997 1090 2054 Si
1110 1999 1341 2068 gratiam
1363 1999 1548 2070 accepi
1567 1997 1961 2070 praecursoria,

387 2091 457 2147 ab
501 2104 569 2146 eo
609 2089 816 2160 accepi.
847 2088 1338 2159 Existimatis,_me
1379 2088 1518 2145 ultra
1563 2099 1814 2144 naturam
1843 2102 1967 2142 esse

386 2178 702 2244 humanam.
737 2178 871 2246 Quia
913 2179 1175 2245 audistis,
1205 2179 1348 2252 quod
1392 2195 1498 2234 non
1544 2178 1662 2234 sine
1704 2177 1970 2246 miraculo

385 2267 604 2324 divinae
631 2268 850 2348 virtutis
879 2277 1042 2324 natus
1088 2284 1207 2325 sum
1231 2309 1247 2334 ,
1295 2282 1364 2324 ex
1409 2269 1724 2341 parentibus
1766 2267 1966 2340 quippe

385 2371 676 2433 provectae
705 2361 918 2426 aetatis,
956 2375 1022 2418 ac
1053 2361 1216 2417 veluti
1255 2362 1398 2417 ultra
1442 2361 1707 2418 humanae
1739 2371 1968 2418 naturae

2023 1173 2213 1227 ‘ninm
2285 1174 2575 1229 adhibetis.
2639 1175 2794 1240 Quod
2856 1175 3078 1229 dixerim

1999 1801 2040 1857 Β

388 2455 837 2510 consuetudinem
872 2461 1035 2509 natus
1063 2469 1206 2519 sum,
1237 2464 1458 2526 propter
1489 2454 1594 2509 hoc
1623 2454 1846 2525 putatis,
1879 2465 1969 2508 me
2006 2468 2009 2470 '

388 2542 533 2600 ultra
557 2543 831 2601 hominem
851 2558 992 2600 esse.
1018 2542 1134 2599 Non
1158 2544 1255 2608 ita,
1281 2544 1441 2600 homo
1463 2543 1800 2600 solummodo
1821 2558 1960 2599 sum.

390 2634 452 2691 Si
478 2632 867 2706 cognovissent;
886 2635 1015 2705 quid
1047 2649 1192 2701 Sum,
1232 2651 1338 2692 non
1368 2632 1682 2692 exaltarelis
1709 2648 1795 2690 me
1823 2633 1966 2690 ultra

390 2727 447 2784 id
471 2728 617 2800 quod
641 2741 791 2790 sunt;
819 2735 878 2783 et
924 2726 972 2782 si
1000 2727 1402 2798 cognosceretis
1422 2727 1551 2798 quid
1574 2728 1664 2783 ille
1683 2735 1790 2792 est,
1817 2725 1968 2780 nullo

389 2819 551 2874 modo
576 2821 972 2889 compararem
1016 2833 1104 2873 me
1148 2817 1245 2873 illi.
1283 2817 1455 2874 Homo
1500 2818 1647 2873 enim
1691 2831 1844 2883 sum,
1877 2814 1970 2872 ille

331 2945 336 2950 ς
391 2906 1066 2979 Deus;qu1cquidaocepi,
1092 2907 1161 2962 ab
1184 2905 1275 2962 illo
1294 2909 1497 2981 accepi.
1523 2908 1968 2979 Sapientissimus

389 3013 714 3069 praecursor
739 2995 944 3053 Christi
989 3007 1234 3068 segregat
1265 2998 1320 3057 in
1350 3012 1410 3054 se
1452 3001 1570 3071 ipso
1618 3007 1870 3054 naturam
1910 3007 1968 3054 et

389 3089 640 3160 gratiam,
670 3087 774 3144 sibi
806 3089 1130 3154 attribuens,
1162 3090 1305 3160 quod
1351 3090 1534 3154 homo,
1577 3095 1680 3147 hoc
1715 3099 1793 3146 est
1825 3092 1966 3160 quod

391 3183 668 3258 mortalis,
711 3183 855 3252 quod
903 3193 1182 3253 peccator,
1215 3183 1358 3252 quod
1410 3197 1477 3237 ex
1524 3183 1697 3252 primo
1748 3168 2040 3238 homlueC

315 3283 322 3289 '
392 3285 611 3332 terreno
645 3283 890 3330 terrenus
925 3274 1102 3330 factus
1132 3275 1228 3339 sit,
1262 3283 1321 3330 et
1355 3285 1557 3348 cetera,
1591 3289 1731 3344 quae
1768 3275 1835 3329 de
1864 3274 1975 3350 hu-‘

309 3422 318 3428 ε
393 3381 585 3421 manae
609 3375 836 3422 naturae
865 3366 1178 3424 inﬁrmitate
1206 3375 1262 3421 et
1303 3375 1526 3436 peccato
1561 3375 1615 3420 et
1647 3379 1817 3434 poena
1843 3379 1972 3434 pec-

391 3459 497 3512 cati
533 3459 585 3512 in
623 3473 684 3512 se
715 3457 848 3528 ipso
871 3459 1176 3528 ceterisque
1219 3442 1528 3512 hominibus
1567 3457 1966 3522 considerabat,

343 3577 350 3583 -
393 3547 623 3618 gratiam
643 3561 886 3602 seorsum
911 3561 1341 3618 segregansase,
1367 3561 1528 3617 quam
1556 3555 1837 3617 acceperat
1860 3562 1969 3603 non

392 3654 461 3694 ea
506 3637 740 3704 meritis,
779 3640 874 3694 sed
912 3654 979 3694 ea
1026 3639 1350 3697 abundantia
1394 3639 1745 3711 plenitudinis
1779 3638 1968 3710 ipsius,

392 3731 545 3800 cujus
560 3745 882 3801 praecursor
899 3741 1035 3785 erat.
1060 3731 1173 3786 Duo
1195 3733 1606 3790 considerantur
1629 3732 1684 3786 in
1707 3732 1926 3790 homine
1950 3749 1968 3788 :

395 3824 583 3878 datum
609 3821 857 3878 videlicet
883 3833 938 3876 et
964 3822 1184 3878 donum.
1218 3822 1409 3878 Datum
1441 3824 1678 3879 refertur
1701 3823 1771 3878 ad
1815 3832 1970 3879 natu-

395 3929 532 3976 ram,
566 3915 764 3970 donum
793 3911 1025 3968 refertur
1046 3912 1110 3967 ad
1133 3913 1384 3984 gratiam.
1412 3912 1478 3968 Et
1496 3915 1742 3983 quamvis
1767 3913 1972 3970 nullum

395 4008 588 4063 borum
636 4007 708 4063 sit
747 4006 850 4062 nisi
892 4021 960 4061 ea
1008 4005 1150 4071 Deo,
1201 4006 1462 4061 sicut’ait
1509 4005 1840 4075 Apostolus:
1880 4025 1899 4059 ς
1928 4004 1976 4063 0

397 4100 580 4163 homo,
611 4099 738 4167 quid
765 4099 932 4152 habes
961 4097 1106 4169 quod
1128 4112 1234 4152 non
1262 4097 1517 4167 accepisti
1540 4099 1603 4150 οἳ
1630 4096 1765 4153 solet
1792 4107 1974 4152 tamen

398 4187 679 4258 Scriptura
705 4187 892 4240 datum
940 4195 1167 4240 naturae
1193 4185 1348 4254 quasi
1378 4185 1479 4257 ipsi
1509 4185 1738 4248 homini,
1770 4185 1974 4240 donum

398 4295 529 4335 vero
569 4279 702 4335 nulli
747 4278 850 4334 nisi
884 4278 993 4332 Deo
1024 4276 1361 4332 adscribere.
1389 4279 1470 4331 Ad
1500 4278 1603 4333 hoc
1636 4278 1783 4330 enim
1828 4279 1976 4332 dedit

400 4371 540 4426 Deus
567 4380 838 4435 naturam,
877 4380 933 4422 ut
965 4385 1086 4424 eam
1127 4378 1346 4423 ornaret
1370 4384 1467 4438 per
1499 4369 1748 4437 gratiam.
1781 4369 1846 4424 Et
1874 4371 1976 4425 hoc

398 4472 485 4515 est
527 4461 675 4529 quod
694 4461 772 4516 ait
804 4478 817 4512 :
853 4454 976 4513 Non
1019 4469 1190 4528 potest
1232 4461 1417 4520 homo,
1465 4461 1568 4514 hoc
1611 4469 1695 4515 est
1737 4461 1972 4515 humana

403 4562 619 4614 natura,
655 4550 886 4620 accipere
910 4549 1186 4618 quicquam
1219 4549 1452 4619 gratiae,
1485 4550 1585 4603 nisi
1614 4550 1772 4620 faerit
1799 4553 1848 4605 ei
1875 4553 1972 4605 dav

403 4657 513 4696 tum
537 4644 600 4696 de
620 4641 784 4696 caelo.
804 4642 996 4695 Datum
1024 4641 1075 4693 in
1101 4642 1200 4694 hoc
1231 4640 1348 4694 loco
1375 4657 1472 4711 pro
1515 4643 1711 4696 donum
1740 4641 1979 4699 Joannes

403 4733 618 4804 posuit,
647 4733 788 4801 quod
818 4730 1134 4801 saepissime
1181 4731 1453 4784 invenitur
1498 4732 1550 4785 in
1598 4733 1779 4786 divina
1832 4733 1980 4787 Scri-

403 4837 580 4898 ptura.
628 4826 821 4881 Datum
867 4825 1009 4878 enim
1048 4839 1145 4891 pro
1173 4823 1334 4882 dono.
1365 4835 1422 4878 et
1461 4826 1659 4880 donum
1709 4842 1808 4895 pro
1850 4827 1978 4880 dato

406 4926 580 4989 potest
603 4919 794 4986 accipi.
829 4916 902 4971 Ita
931 4915 1073 4970 enim
1106 4914 1291 4982 juncta
1321 4923 1450 4970 data
1490 4927 1718 4971 naturae
1741 4928 1794 4971 et
1836 4919 1973 4972 dona

406 5008 630 5078 gratiae,
657 5017 715 5061 ut
739 5005 1114 5075 inseparabilia
1141 5005 1254 5060 tieri
1277 5006 1577 5061 videantur.
1604 5005 1756 5060 Nulla
1779 5009 1977 5077 quippe

407 5109 600 5153 natura
652 5107 735 5152 est
780 5098 1074 5164 rationalis,
1125 5110 1266 5168 quae
1313 5098 1533 5152 omnino
1579 5098 1723 5153 dono
1767 5103 1976 5168 gratiae

407 5198 609 5244 careat.
644 5187 766 5244 Nisi
798 5188 953 5256 fuerit
987 5190 1163 5242 datum
1200 5190 1264 5242 de
1301 5189 1464 5243 caelo.
1512 5191 1584 5244 De
1627 5205 1734 5259 quo
1788 5193 1974 5257 caelo?

411 5282 483 5335 De
517 5279 677 5335 Patre
711 5279 977 5333 videlicet.
1006 5279 1142 5333 Audi
1171 5278 1431 5334 Jacobtnn
1464 5282 1762 5351 apostolum
1796 5284 1976 5339 dicen-

413 5383 554 5426 tem:
587 5391 604 5422 ι
639 5371 812 5427 Omne
845 5369 1026 5424 datum
1064 5371 1324 5441 optimum
1356 5382 1412 5424 et
1437 5387 1599 5425 omne
1628 5375 1823 5426 «tonum
1852 5390 1978 5444 per-

412 5463 606 5516 fectum
631 5461 915 5516 desursum
935 5467 1037 5525 est,
1055 5459 1386 5514 descendens
1407 5479 1436 5514 a
1466 5461 1624 5517 l‘atre
1647 5462 1905 5518 luminum
1933 5491 1947 5516 ι
1964 5506 1976 5519 .

412 5549 612 5615 Quibus
640 5550 815 5603 verbis
844 5548 1060 5602 omnino
1086 5551 1330 5622 congruit
1352 5592 1365 5615 ,
1397 5553 1537 5621 quod
1583 5551 1816 5608 Joannes
1861 5560 1935 5612 ait
1963 5577 1972 5610 :

2004 4511 2056 4568 ι)

2067 537 2250 591 datum
2279 540 2342 590 de
2365 537 2529 600 caelo,
2564 525 2770 592 hoc'est
2797 539 2860 592 de
2883 538 3064 602 Patre,
3091 539 3182 609 qui
3208 538 3530 608 principium
3564 549 3643 594 est

2066 628 2306 682 omnium
2333 629 2628 690 bonorum;
2661 644 2744 692 ae,
2769 628 2812 683 si
2835 629 2901 684 de
2933 628 3114 695 Patre,
3136 631 3318 698 utique
3349 628 3522 698 primo
3551 641 3651 697 per

2068 717 2284 783 Filium,
2311 719 2376 773 de
2405 718 2559 788 cujus
2607 718 2937 788 plenitudine
2973 734 3072 774 nos
3105 733 3296 773 omnes
3319 719 3646 788 accepimus.

2137 807 2247 880 Ipsi
2283 825 2368 863 cos
2416 807 2545 864 mihi
2597 810 2949 864 lestiuwnium
2999 810 3295 880 perhibetis.
3353 809 3467 864 Hdt:
3516 811 3651 864 mihi
3692 829 3711 881 ς

2065 900 2404 981 solummodo
2439 902 2493 956 in
2535 901 2729 957 vestris
2755 901 2932 956 verbis
2965 900 3232 972 congruit,
3277 903 3370 972 qui
3415 917 3521 956 non
3563 917 3654 956 so-

2052 989 2176 1044 lum
2205 1006 2311 1044 non
2338 990 2559 1047 creditis
2584 992 2643 1046 in
2693 1006 2817 1047 eum
2848 992 2938 1062 qui
2969 993 3117 1047 misit
3140 1007 3244 1057 me,
3270 1008 3456 1048 verum
3484 994 3651 1048 etiam

2067 1081 2328 1151 baptisma
2361 1082 2529 1152 ipsius
2568 1084 2782 1137 irritum
2809 1085 3028 1153 putatis,
3063 1085 3203 1153 quod
3240 1085 3369 1138 mihi
3392 1085 3652 1140 testiino-

3135 1189 3155 1242 ς
3212 1175 3324 1246 Ego
3377 1193 3482 1230 non
3529 1192 3649 1231 sum

2065 1261 2324 1327 Christus,
2355 1264 2445 1319 sed
2472 1265 2597 1336 quia
2638 1266 2831 1319 missus
2873 1282 2989 1318 sum
3035 1267 3368 1321 anle'illnm.
3410 1266 3653 1322 Audistis

2063 1368 2132 1408 ex
2183 1368 2270 1409 me
2316 1355 2449 1411 haec
2497 1358 2694 1421 verba,
2741 1355 2956 1425 quando
2985 1357 3054 1412 de
3097 1373 3165 1412 eo
3207 1358 3465 1428 loquebar
3511 1359 3650 1413 ultra

2062 1441 2384 1510 Iordanem;
2432 1447 2661 1500 audistis
2707 1447 2891 1515 utique
2918 1487 2935 1512 ,
2969 1449 3186 1516 quando
3228 1450 3406 1505 dicitis
3442 1467 3453 1502 :
3491 1469 3510 1502 ε
3547 1451 3654 1517 Qui

2061 1542 2182 1590 erat
2225 1544 2402 1591 tecum
2443 1548 2594 1591 trans
2633 1537 2950 1602 Jordanem,
2994 1540 3080 1594 cui
3125 1540 3486 1596 testiinonium
3526 1559 3654 1610 per-

2063 1625 2281 1680 hibuisti
2326 1642 2388 1688 i;
2429 1635 2484 1682 et
2504 1626 2546 1680 si
2581 1627 2823 1688 audistis,
2865 1643 3032 1697 quare
3078 1628 3262 1692 illum,
3295 1630 3362 1684 de
3400 1647 3508 1700 quo
3547 1633 3653 1686 tale

2066 1715 2430 1770 testimonium
2473 1717 2764 1786 perbibui,
2813 1717 2883 1770 ad
2936 1733 3020 1771 me
3066 1720 3350 1784 accusatis,
3397 1723 3549 1790 quasi
3597 1723 3652 1776 in

2070 1808 2322 1878 injuriani
2354 1822 2531 1862 meum
2578 1810 2772 1864 multos
2815 1809 3133 1880 baptizarit?
3163 1811 3281 1866 Dixi
3310 1830 3325 1864 :
3357 1811 3473 1866 Non
3528 1830 3650 1868 sum

2063 1898 2348 1963 Christus,
2394 1897 2488 1953 sed
2526 1899 2665 1972 simp
2685 1913 2752 1956 ex
2803 1900 2994 1965 homo;
3045 1917 3152 1955 non
3201 1917 3318 1958 sum
3375 1915 3566 1966 unctus
3620 1922 3653 1958 a

2064 1990 2229 2046 Patre
2268 1992 2597 2062 plenitudine
2631 1991 2872 2062 spiritus,
2921 1991 3012 2046 ille
3041 2003 3220 2048 autem
3252 2004 3473 2060 unctus;
3502 2006 3557 2050 et
3589 1998 3656 2051 de

2064 2081 2395 2160 plenitudi‘ne
2435 2080 2552 2151 ejus
2597 2082 2799 2154 accepi.
2847 2084 2954 2138 Sed
2983 2083 3110 2152 quia
3148 2088 3343 2140 missus
3376 2102 3496 2141 sum
3527 2099 3656 2140 ante

2066 2173 2238 2240 illum,
2271 2175 2468 2230 missus
2495 2190 2613 2230 sum
2647 2176 2700 2228 in
2735 2176 2989 2229 rutundum
3023 2176 3204 2246 prius,
3230 2181 3499 2232 nascendo
3529 2191 3657 2234 ante

2067 2265 2236 2322 illum.
2265 2265 2358 2322 ille
2388 2275 2514 2322 ante
2545 2265 2727 2322 omnia
2754 2264 2931 2320 secula
2977 2265 3118 2321 Deus
3145 2283 3265 2321 cum
3303 2267 3413 2322 Deo
3457 2268 3651 2332 Patre,

2063 2376 2164 2432 ego
2195 2361 2354 2417 homo
2389 2361 2442 2414 iu
2471 2359 2577 2415 line
2607 2358 2772 2414 seculi
2813 2359 3011 2415 missus
3063 2359 3116 2414 in
3143 2373 3324 2424 carne,
3361 2369 3652 2430 antequam

2067 2452 2158 2525 ille
2195 2461 2510 2508 nasceretur
2540 2452 2591 2504 in
2621 2465 2806 2506 carne.

2137 2542 2242 2609 Qui
2269 2542 2419 2596 habet
2445 2557 2710 2612 sponsam,
2739 2559 2958 2612 sponsus
2983 2552 3078 2596 est.
3109 2541 3309 2598 Videtis
3333 2542 3652 2614 p'raccursot'

2065 2625 2425 2706 cogitationes
2444 2647 2666 2688 suorum
2693 2632 3100 2704 discipulorum,
3127 2632 3218 2701 qui
3253 2633 3376 2685 talia
3403 2633 3469 2686 de
3493 2632 3652 2686 (lln'io

2065 2739 2151 2782 ato
2194 2725 2415 2796 ejusque
2456 2725 2782 2802 baptismate
2834 2722 3178 2798 proferebant
3208 2767 3222 2790 ,
3267 2735 3323 2780 et
3363 2725 3656 2779 audiebant

2064 2819 2148 2875 sui
2182 2819 2420 2891 magistri
2464 2832 2784 2888 responsum
2811 2819 2880 2872 de
2915 2832 2972 2873 se
3013 2818 3130 2888 ipso
3169 2828 3224 2895 et
3247 2819 3313 2872 de
3339 2834 3438 2873 suo
3478 2817 3654 2886 bapti-

2063 2924 2262 2974 smate,
2308 2913 2538 2968 dicens:
2575 2932 2591 2963 τ
2637 2912 2750 2966 Non
2782 2921 2955 2981 potest
3002 2914 3162 2966 homo
3207 2912 3450 2980 accipere
3501 2912 3654 2980 quic-

2064 3021 2228 3074 quam
2259 3023 2304 3068 ),
2329 3003 2619 3059 Itumilians
2641 3019 2700 3057 se
2741 3003 2938 3072 ipsum,
2968 3003 3338 3069 veraciterque
3368 3003 3434 3055 de
3461 3017 3520 3054 se
3542 3001 3659 3069 ipso

2067 3076 2454 3166 pronuntians,
2487 3095 2632 3163 quod
2675 3102 2920 3148 terrenus
2971 3095 3132 3147 homo
3174 3094 3266 3156 sit,
3304 3102 3364 3146 et-
3408 3093 3660 3152 volebant

2073 3188 2452 3256 interrogare:
2483 3183 2543 3238 Si
2581 3185 2741 3238 homo
2791 3199 2852 3238 es
2897 3182 3255 3246 solummodo,
3303 3194 3358 3238 et
3399 3184 3654 3253 majorem

2074 3288 2396 3347 potestatem
2423 3286 2478 3332 et
2505 3277 2734 3347 gratiam
2773 3292 2803 3329 a
2833 3285 2885 3331 te
2917 3277 3033 3346 ipso
3074 3293 3180 3330 non
3229 3277 3414 3338 habes,
3446 3285 3660 3343 praeter

2071 3371 2216 3441 quod
2242 3367 2304 3424 al
2349 3386 2416 3426 eo
2457 3369 2731 3439 accepisti,
2780 3369 2871 3439 qui
2906 3386 3044 3422 nunc
3085 3370 3318 3439 baptizat
3351 3369 3403 3423 in
3435 3367 3658 3432 Judaea,

2072 3472 2128 3514 et
2161 3469 2214 3514 tu
2243 3461 2398 3521 dieis,
2427 3461 2550 3527 quia
2596 3461 2791 3514 missus
2830 3470 2912 3512 est
2941 3470 3064 3511 ante
3097 3459 3266 3522 illum,
3294 3459 3400 3520 dic,
3431 3472 3657 3526 quaesu-

2074 3563 2214 3611 mus,
2247 3547 2374 3616 quid
2402 3563 2462 3600 es
2505 3558 2721 3617 praeter
2763 3547 3056 3612 lnnninem,
3101 3559 3194 3600 aut
3242 3548 3552 3616 quantns',
3608 3559 3662 3600 et

2073 3639 2200 3710 quid
2232 3638 2436 3710 gratiae
2457 3637 2714 3708 accepisti
2738 3639 2802 3691 de
2829 3637 3008 3701 caelo;
3039 3639 3342 3705 respondit:
3373 3637 3478 3704 Qui
3505 3639 3656 3693 habs.-

2073 3747 2316 3802 sponsam
2341 3741 2681 3802 sponsusest.
2712 3728 2817 3799 Qui
2849 3741 3067 3800 propter
3083 3729 3377 3784 Ecclesium
3408 3731 3571 3793 venit,
3589 3741 3662 3782 -ut

2075 3823 2302 3879 haberet
2327 3838 2576 3893 sponsam
2598 3821 2764 3888 venit,
2786 3837 2948 3893 quam
2971 3818 3325 3891 initie‘ineipit
3349 3837 3415 3875 ex
3436 3811 3659 3876 iudaice

2074 3915 2269 3988 popqu
2310 3931 2526 3982 vocare,
2581 3914 2777 3970 multos
2815 3914 3142 3971 Judaeorum
3193 3915 3490 3984 baptizatus.
3551 3915 3662 3985 Ipse

2075 4025 2304 4078 sponsus
2330 4017 2432 4066 est.
2463 4009 2576 4080 Ego
2611 4021 2790 4064 autem
2811 4050 2825 4073 ,
2855 4020 2910 4062 ut
2935 4009 3278 4071 existimatis,
3306 4023 3477 4078 neque
3501 4023 3663 4076 spon-

2076 4116 2171 4154 sus
2215 4087 2354 4165 su'm,
2405 4115 2580 4170 neque
2628 4115 2878 4171 sponsam
2936 4100 3145 4157 habeo.
3195 4101 3286 4153 sed
3335 4100 3386 4151 in
3437 4113 3666 4152 munero

2076 4207 2304 4262 spinisac
2336 4207 2422 4246 me
2451 4191 2621 4261 ipsum
2658 4201 2928 4263 computo.
2964 4191 3027 4246 Ut
3071 4193 3256 4245 Sciatis
3298 4201 3499 4255 autem,
3531 4191 3662 4260 quid

2077 4299 2220 4342 suto,
2257 4292 2312 4336 et
2354 4282 2566 4352 qualem
2601 4281 2829 4352 gratiam
2863 4282 3032 4335 habeo
3063 4282 3129 4334 ab
3180 4281 3267 4336 illo
3314 4297 3529 4350 sponso,
3569 4281 3662 4349 qui

2078 4377 2242 4430 liabet
2271 4381 2520 4444 sponsam
2544 4413 2558 4437 ,
2589 4373 2771 4426 audite
2803 4391 2816 4426 :
2861 4375 3072 4426 Amicus
3099 4385 3271 4427 autem
3302 4375 3499 4442 sponsi.
3544 4373 3660 4428 Non

2075 4479 2195 4521 sum
2246 4480 2492 4533 sponsus,
2537 4465 2630 4519 sed
2682 4481 2929 4534 magnam
2959 4467 3187 4532 gratiam
3229 4467 3410 4536 sponsi
3466 4466 3657 4526 habeo.

2083 4555 2291 4610 amicus
2313 4551 2428 4621 ejus
2450 4568 2589 4608 sum.
2624 4553 2727 4620 Qui
2751 4565 2854 4607 siut
2883 4565 2930 4609 ct
2961 4557 3106 4609 audit
3139 4572 3280 4620 eam,
3305 4556 3498 4626 gaudio
3525 4571 3663 4625 guu-

2081 4649 2187 4698 det.
2213 4643 2326 4716 Ego
2352 4642 2556 4700 amicus
2596 4645 2778 4714 sponsi
2809 4661 2948 4709 sum,
2982 4654 3145 4713 ctﬁsto
3190 4646 3243 4699 in
3284 4645 3399 4712 ejus
3447 4645 3656 4715 gratia;

2083 4733 2136 4786 in
2159 4731 2276 4800 ejus
2300 4731 2538 4786 amicitia
2569 4748 2886 4802 permaneo;
2915 4752 3019 4788 non
3049 4737 3210 4796 cado;
3250 4737 3335 4790 ille
3360 4751 3445 4791 me
3476 4748 3661 4794 custo-

2082 4823 2182 4886 dit,
2198 4840 2263 4878 ne
2282 4823 2500 4887 cadam;
2534 4822 2622 4877 ille
2643 4825 2771 4878 mibi
2795 4826 2978 4887 donat,
3004 4842 3068 4880 ne
3091 4830 3319 4896 gratiam
3339 4843 3489 4882 suam
3507 4831 3661 4883 desc—

2084 4929 2196 4967 ram
2217 4953 2232 4977 ,
2256 4915 2348 4968 sed
2363 4927 2574 4983 semper
2592 4922 2727 4967 stem
2742 4924 2796 4968 et
2811 4917 3026 4972 audiam
3047 4932 3190 4979 euut,
3223 4919 3436 4972 audiam
3460 4920 3654 4974 doctri-

2092 5023 2214 5066 nam
2243 5008 2376 5075 ejus,
2399 5024 2502 5064 non
2527 5008 2860 5064 extrinsecus
2881 5010 3211 5066 solummodo
3246 5028 3376 5065 aure
3395 5013 3658 5082 corporis,

2080 5115 2267 5155 verum
2291 5101 2453 5155 etiam
2473 5101 2796 5156 intrinsecus
2819 5116 2949 5156 aure
2976 5105 3178 5167 cordis,
3201 5116 3257 5158 et
3274 5106 3387 5174 plus
3409 5108 3660 5161 inlt'inSe~

2084 5208 2180 5246 cus
2203 5207 2367 5260 quam
2413 5191 2764 5245 extrinsecus.
2805 5193 2912 5248 Vox
2962 5195 3078 5262 ejus
3120 5197 3481 5249 testimonium
3519 5197 3654 5261 ejus.

2087 5297 2192 5351 quo
2211 5281 2456 5350 perbibet
2483 5295 2540 5335 se
2567 5280 2758 5338 Filium
2783 5282 2876 5337 Dei
2903 5296 2956 5336 et
2985 5301 3238 5354 sponsum
3267 5286 3564 5346 Ecclesiae;
3608 5300 3662 5340 et

2085 5389 2212 5444 quia
2256 5373 2417 5426 audio
2469 5373 2690 5426 verbum
2759 5374 2918 5442 ejus.
2972 5379 3177 5445 gaudeo
3229 5357 3437 5446 propter
3483 5394 3658 5431 vocem

2085 5465 2275 5532 sponsi.
2309 5463 2382 5516 De
2404 5479 2460 5516 se
2490 5446 2604 5533 ipso
2647 5478 2776 5533 ergo
2817 5464 3022 5534 profert
3085 5467 3319 5520 Joannes
3365 5469 3504 5534 quoii
3536 5468 3611 5518 ait
3642 5487 3654 5519 :

2089 5557 2298 5608 Amicus
2329 5566 2492 5608 autem
2524 5555 2715 5620 sponsi,
2748 5558 2835 5623 qui
2881 5568 2981 5609 sla!
3013 5569 3058 5609 et
3090 5560 3234 5610 audit
3282 5574 3414 5621 eum.
3470 5556 3660 5627 gaudio

1689 5663 1939 5717 V’ARIAE
1982 5663 2373 5720 LEC’l'lLlNES.

469 5762 482 5788 ε
529 5759 656 5814 Cod.
690 5755 964 5822 quicquam
987 5757 1234 5819 accipere.
1313 5758 1332 5787 ²
1370 5755 1544 5812 Corn,
1579 5758 1693 5813 cod.
1728 5770 1986 5811 quantus.
