4236 6072
520 287 624 343 3Ξ7

1905 275 2183 339 JOANNIS
2222 278 2302 338 SC
2313 276 2418 336 οτι

3686 278 3785 341 528

520 398 712 467 gaudet
738 406 946 468 propter
988 406 1161 451 rorem
1187 393 1364 466 sponsi
1384 437 1399 460 ,
1432 406 1490 450 ut
1518 396 1763 466 discipuli
1794 400 1875 451 sui
1923 409 2107 469 aperte
2139 403 2180 454 Α
2211 410 2401 450 omnes
2433 396 2627 451 terreni
2658 406 2935 464 peccatum
2977 408 3028 451 et
3058 410 3284 466 poenam
3316 397 3539 468 peccati,
3571 398 3673 454 hoc
3703 408 3785 455 est

516 498 929 558 cognoscerent,
958 486 1086 555 quid
1118 486 1231 556 ipse
1273 497 1440 549 esset,
1476 498 1531 540 et
1575 487 1703 553 quid
1747 488 2012 552 Christus,
2046 488 2097 542 in

516 592 677 647 quem
726 577 901 633 adhuc
955 592 1061 628 non
1109 574 1491 637 crediderant,
1543 590 1715 646 neque
1772 577 2099 647 baptismum

515 669 634 736 ejus
663 676 1001 744 acceperant.
1053 665 1166 719 Hoc
1195 682 1317 735 ergo
1353 668 1604 737 gaudium
1635 683 1805 721 meum
1831 668 2097 738 nnpletum
2124 670 2127 671 ⁷

513 771 610 815 cst.
640 762 716 814 Ac
744 761 787 821 si
820 762 1026 815 diceret
1058 760 1149 812 :iu
1176 759 1277 814 hoc
1297 759 1553 828 gaudium
1580 774 1761 815 meum
1792 758 2095 830 impletum,

517 854 684 914 ineo,
728 853 873 921 quod
926 849 1100 904 factus
1145 864 1280 906 sum,
1312 848 1522 904 iunicus
1569 851 1776 919 sponsi,
1823 857 1877 903 et
1919 861 2005 904 sto
2040 848 2094 904 in

511 945 629 1016 ejus
654 945 846 1019 gratia,
887 954 941 998 et
983 942 1143 997 audio
1172 957 1360 996 vocem
1406 932 1587 1011 Spousi
1615 983 1630 1005 ,
1672 942 1915 1003 vocantis
1952 957 2096 997 nunc

510 1036 845 1105 sponsam'in
871 1035 1072 1089 Judaea
1103 1048 1168 1094 ex
1196 1031 1439 1092 Judaeis,
1473 1041 1526 1085 et
1555 1026 1860 1085 inchoantia
1903 1045 2000 1101 per
2035 1046 2095 1086 se

448 1118 451 1121 ’
511 1131 685 1203 ipsum
734 1138 787 1182 et
829 1127 1145 1194 praedicare
1195 1128 1250 1175 et
1296 1121 1605 1191 baptixare;
1646 1125 1787 1192 quod
1825 1120 1941 1191 jam
1986 1136 2093 1191 non

509 1219 743 1279 sentitis,
794 1216 883 1287 qui
922 1217 973 1270 in
1021 1229 1143 1268 eunt
1180 1230 1283 1267 non
1319 1211 1557 1266 Creditis.
1610 1209 1675 1265 Et
1703 1226 1770 1267 ne
1799 1210 2092 1277 miremini,

508 1314 649 1378 quod
675 1308 759 1362 ille
788 1305 1042 1375 haptizat,
1070 1312 1124 1357 et
1149 1316 1339 1357 Otones
1370 1301 1589 1356 veniunt
1612 1302 1678 1355 ad
1705 1316 1851 1360 eum.
1889 1311 1947 1355 ut
1975 1316 2094 1357 cre-

507 1406 636 1455 dant
658 1407 711 1453 et
736 1395 1097 1467 haptizeutnr,
1126 1404 1180 1447 et
1208 1393 1348 1463 quod
1381 1391 1564 1461 plures
1589 1390 1881 1463 discipulus
1908 1390 2093 1458 habet,

504 1508 665 1561 quam
704 1498 817 1562 ego”
831 1482 863 1541 ε’
1399 1536 1405 1549 .

574 1572 739 1638 Illum
794 1590 1024 1652 oportet.
1062 1580 1289 1632 crescere
1324 1616 1340 1641 ,
1398 1591 1478 1630 me
1545 1585 1719 1635 autem
1778 1573 1965 1628 minui.
2018 1573 2091 1628 ll-

505 1669 613 1731 ium
664 1683 876 1744 Oportet
926 1685 1177 1727 crescere
1234 1670 1286 1723 in
1331 1669 1603 1724 mentibus
1649 1669 1875 1730 vestris,
1926 1681 2088 1737 quem

2201 495 2455 549 mortem,
2484 495 2719 569 traxere.
2755 487 2877 541 inde
2909 502 3048 543 sum.
3078 484 3144 542 Et
3172 486 3292 543 ideo
3319 496 3462 543 terra
3490 503 3629 552 sum,
3658 490 3781 559 quia

2198 578 2267 630 de
2309 589 2450 633 terra
2492 587 2650 635 natus
2692 594 2836 643 sum,
2886 574 2982 634 nec
3032 578 3180 634 aliud
3230 586 3314 634 me
3358 594 3479 635 csse
3525 580 3779 635 arhitror.

2198 669 2256 722 Si
2302 669 2430 738 quid
2485 685 2646 739 supra
2700 670 2832 724 haec.
2874 670 3081 733 habeo,
3133 669 3199 724 de
3243 667 3573 740 plenitudine
3616 670 3786 741 ipsius

2194 761 2422 831 accipio,
2458 768 2584 813 ante
2607 774 2767 829 quem
2800 758 2998 813 missus
3027 774 3167 813 sum.
3200 758 3267 813 Et
3300 759 3368 813 de
3417 768 3559 812 terra
3603 760 3805 841 Ιοᾳιιὶο,

2196 858 2300 916 tur,
2355 852 2458 905 hoc
2479 864 2583 910 ρει,
2637 861 2704 904 ue
2762 847 3052 919 fragilitate
3097 864 3250 904 meae
3301 859 3525 904 naturae
3567 847 3782 919 loquor,

2194 955 2526 1010 cognoscens
2546 955 2664 994 eam
2698 939 2772 993 nil
2799 954 2940 1005 esse,
2969 938 3014 994 si
3041 943 3325 993 desursum
3353 954 3459 993 non
3489 939 3775 1009 acciperet.

2194 1029 2261 1084 Et
2288 1046 2355 1085 ne
2380 1030 2595 1084 mireris
2614 1070 2627 1093 ,
2652 1029 3005 1086 Joaunemde
3032 1045 3091 1084 se
3112 1028 3229 1098 ipso
3260 1029 3425 1085 veluti
3451 1032 3520 1086 de
3546 1031 3780 1100 quadam

2152 1182 2158 1187 I
2195 1119 2355 1175 tertia
2405 1134 2641 1191 persona
2673 1111 2894 1176 dixisse.
2942 1133 3043 1173 nec
3081 1118 3199 1174 sine
3244 1119 3474 1186 ratione,
3520 1119 3777 1189 quoniam

2193 1227 2476 1282 personam
2501 1211 2676 1267 omnis
2708 1211 2906 1266 terreni
2935 1211 3170 1266 hominis
3213 1210 3269 1266 in
3298 1225 3359 1265 se
3385 1211 3644 1266 ostendit.
3672 1211 3775 1278 Qui

2189 1305 2257 1358 de
2282 1303 2428 1377 caelo
2450 1304 2610 1366 venit,
2651 1319 2807 1374 super
2850 1320 3026 1357 omnes
3053 1312 3150 1357 est.
3189 1302 3387 1357 Eadem
3424 1302 3582 1358 verba
3622 1312 3775 1367 sunt,

2188 1403 2406 1466 praeter
2456 1381 2600 1465 quod
2642 1395 2823 1466 .prius
2861 1396 3132 1449 desursum
3187 1395 3344 1458 venit,
3393 1409 3536 1450 nilne
3592 1406 3774 1450 autem

2189 1486 2256 1541 de
2291 1486 2438 1542 caelo
2474 1488 2635 1545 venit.
2667 1487 2737 1541 Et
2767 1499 2906 1557 quae
2953 1495 3037 1542 est
3083 1487 3185 1542 ista
3218 1485 3499 1557 repetitio,
3547 1496 3601 1541 et
3644 1486 3774 1557 quid

2189 1579 2344 1641 vult?
2378 1576 2460 1634 An
2490 1576 2630 1638 {orte
2670 1577 2837 1635 aliud“
2862 1586 2947 1631 est
2996 1596 3015 1628 ε
3047 1579 3330 1631 desursum
3369 1578 3515 1631 venit
3551 1596 3597 1641 ο,
3629 1577 3775 1633 aliud

2199 1685 2218 1719 ι
2254 1668 2322 1723 de
2350 1668 2501 1726 caelo
2525 1668 2673 1724 venit
2704 1666 2773 1721 3?
2803 1665 3054 1723 Christus
3082 1666 3366 1741 desursum
3407 1668 3573 1733 venit,
3619 1666 3778 1723 Chri—

504 1768 676 1822 adhuc
723 1764 1062 1821 solummodo
1118 1762 1390 1830 hominem
1445 1770 1501 1815 et
1551 1759 1747 1815 nullius
1803 1761 2085 1829 [mtestatis
2117 1746 2160 1806 Β
2188 1769 2304 1818 stus
2328 1762 2397 1818 de
2425 1761 2582 1820 caelo
2622 1762 2793 1828 venit,
2848 1761 3073 1830 ideoque
3117 1774 3281 1831 super
3325 1774 3517 1817 onmes
3565 1772 3670 1826 est,
3717 1771 3776 1817 et

503 1854 866 1928 existimatis;
924 1852 1019 1906 sed
1072 1850 1221 1905 illum
1271 1860 1485 1921 Oportet
1542 1862 1830 1913 crescere,
1876 1859 1933 1903 ut
1975 1866 2084 1905 non

502 1950 673 2003 solum
706 1961 888 2001 verum
912 1944 1184 2000 hominem
1214 1942 1572 2013 cognoscatis,
1597 1940 1687 1996 scd
1712 1942 1875 1996 etiam
1898 1955 2085 1996 verum

497 2042 693 2100 “eum,
722 2050 777 2090 et
799 2053 899 2091 suo
926 2023 1206 2104 aéqualem
1249 2031 1418 2087 Patri.
1464 2029 1694 2102 Oportet
1742 2031 2083 2102 itaque-enm

500 2143 749 2184 crescere
773 2128 829 2183 in
860 2124 1281 2194 cogitationibus
1315 2123 1549 2186 vestris,
1573 2137 1659 2177 tne.
1688 2131 1866 2176 autem
1894 2121 2083 2175 minui.

500 2218 705 2275 Putatis
736 2216 989 2285 niajurem
1019 2212 1153 2287 {me}
1184 2215 1199 2246 ί
1223 2208 1374 2280 esse,
1417 2227 1579 2282 (lnam
1607 2227 1747 2274 sum,
1777 2209 1927 2266 illum
1955 2226 2085 2268 vero

501 2311 786 2374 minorem,
816 2296 1106 2379 quamcst.
1152 2303 1349 2375 Opinio
1378 2310 1555 2358 vesu'a
1582 2303 1650 2356 de
1698 2318 1784 2363 me
1832 2302 1884 2356 in
1930 2288 2084 2357 vobis

498 2405 794 2465 minuetur,
840 2399 1025 2470 opinio
1064 2408 1243 2452 vestra
1273 2398 1340 2451 de
1380 2396 1471 2449 illo
1499 2394 1551 2450 in
1598 2394 1747 2449 vobis
1777 2393 2079 2465 an’gehitnr.

497 2495 650 2561 Quod
679 2494 723 2547 si
753 2489 1175 2563 cogiiosceretis,
1202 2504 1267 2543 es
1300 2486 1602 2543 visihitibus
1630 2486 1800 2556 signis
1826 2500 2084 2557 augmen-

501 2587 601 2639 tari
649 2583 981 2655 potuissetis.
1010 2581 1123 2652 Ego
1161 2577 1471 2636 decollabor
1496 2618 1511 2643 ,
1557 2577 1646 2632 ille
1673 2577 2000 2632 exaltabitur
2029 2577 2081 2631 in

497 2688 684 2736 cruce,
733 2680 791 2725 ut
837 2686 933 2743 per
962 2670 1064 2725 hoc
1094 2668 1457 2739 cognoscatis.
1506 2667 1629 2738 quia
1680 2675 1891 2735 oportet
1932 2667 2081 2721 illum

498 2777 748 2817 crescere
777 2773 939 2829 super
970 2756 1152 2819 munia
1198 2757 1253 2813 in
1284 2756 1556 2811 mentibus
1586 2755 1823 2824 perfecte
1860 2757 2083 2810 creden-

499 2854 632 2908 tium
683 2854 736 2908 in
779 2867 927 2913 eum,
981 2866 1067 2905 me
1107 2860 1287 2902 autem
1343 2847 1547 2909 minui,
1590 2854 1650 2904 ut
1689 2862 1849 2902 nemo
1887 2848 1951 2902 de
1996 2862 2084 2903 nn:

495 2935 788 3003 existimet.
837 2952 1055 3012 praeter
1095 2938 1237 3007 quod
1279 2953 1397 2991 sum
1442 2946 1496 2990 et
1540 2938 1608 2992 ab
1653 2952 1718 2991 eo
1762 2936 1966 3015 accepi.
2022 2935 2081 3014 id

499 3035 672 3105 ipsum
699 3030 998 3101 signiﬁcat,
1027 3030 1169 3098 quod
1192 3029 1307 3097 ipse
1348 3031 1466 3081 luce
1511 3027 1797 3082 inchoante
1815 3030 2078 3089 crescere.

500 3121 739 3177 tenebris
769 3132 950 3174 autem
979 3123 1297 3174 decrescere
1332 3126 1497 3173 natus
1514 3118 1617 3180 sit;
1666 3130 1765 3189 ego
1805 3131 1935 3173 vero
1964 3117 2081 3174 luce

498 3217 791 3272 inchoante
822 3210 1024 3278 minui,
1059 3211 1299 3266 tenebris
1321 3219 1503 3266 autem
1534 3210 1922 3268 inchoantibus
1963 3223 2094 3269 ore»

496 3320 651 3360 scere
695 3313 856 3357 natus
888 3316 1028 3358 sum.
1052 3292 1237 3356 l’otest
1275 3308 1329 3355 et
1354 3299 1511 3356 aliter
1549 3296 1792 3371 intelligi.
1839 3298 2081 3357 Joannes

500 3394 726 3463 ﬁgurant
757 3390 890 3462 legis
930 3399 1127 3463 gestat,
1178 3387 1428 3444 Christus
1471 3401 1602 3444 vero
1645 3384 1873 3460 ligurum
1902 3398 2081 3455 suam,

501 3483 553 3538 id
590 3494 673 3537 ρει
697 3481 959 3536 veritatis.
990 3481 1300 3551 Appareute
1332 3477 1503 3549 igitur
1530 3479 1760 3534 veritate
1786 3479 1845 3534 in
1881 3481 2084 3536 mundo

409 3610 417 3622 .
498 3572 678 3641 coepit
722 3574 804 3637 lex
849 3566 1063 3636 minui,
1093 3569 1197 3625 hoc
1236 3575 1321 3625 est
1370 3567 1606 3623 carnalia
1635 3582 1822 3639 opera.
1866 3568 2081 3642 Cogno-

500 3680 657 3718 scens
703 3662 837 3719 haec
887 3670 1215 3732 praecursor
1258 3668 1314 3715 et
1381 3659 1642 3731 propheta
1694 3668 1751 3715 et
1796 3660 2080 3731 plusquam

501 3762 784 3827 propheta,
833 3753 908 3806 ait
954 3769 977 3827 :_
1009 3751 1168 3807 Illum
1214 3761 1425 3822 oportet
1464 3765 1729 3811 crescere,
1770 3764 1852 3804 me
1904 3759 2079 3805 autent

500 3844 685 3898 uniuni.
716 3844 829 3901 Ille.
861 3823 985 3912 quia
1012 3842 1211 3897 veritas
1238 3850 1342 3905 est,
1386 3851 1590 3895 crescet
1623 3842 1675 3896 in
1720 3841 1951 3906 mutulo,
1980 3841 2081 3896 huc

504 3948 610 3998 est,
644 3935 944 3989 ciarissitne
984 3941 1340 4005 cognoscetur
1378 3933 1447 3988 ah
1490 3931 1574 3987 his
1617 3931 1711 4002 qui
1757 3933 1985 3987 credunt
2029 3940 2085 3987 ct

505 4026 764 4082 credituri
810 4036 935 4080 sunt
961 4024 1013 4078 in
1061 4039 1205 4077 cum.
1246 4022 1359 4078 Lex
1406 4033 1608 4087 autem,
1655 4021 1807 4093 cujus
1853 4022 2080 4093 ﬁguram

505 4135 654 4188 gero.
682 4117 973 4180 minuetur,
1006 4114 1238 4189 veritate
1262 4124 1557 4169 crescente.

574 4215 678 4283 Qui
705 4199 977 4269 diuursum
1012 4213 1165 4273 reuit,
1191 4228 1345 4283 super
1374 4229 1549 4267 omnes
1577 4222 1671 4267 est.
1716 4213 1912 4268 lterum
1944 4214 2080 4268 redit

505 4321 696 4360 servus
731 4296 808 4360 ad
852 4302 1307 4374 comparationem
1350 4302 1431 4356 sui
1481 4314 1533 4357 et
1581 4302 1793 4358 Domini
1824 4303 1926 4357 sui.
1978 4305 2083 4369 Qui

504 4400 778 4451 desursum
833 4396 1005 4456 venit,
1060 4395 1162 4449 hoc
1206 4403 1290 4448 est
1319 4433 1335 4457 ,
1382 4394 1473 4464 qui
1517 4408 1582 4449 ex
1627 4394 1786 4449 Patre
1834 4395 1979 4449 venit
2027 4394 2076 4447 in

504 4488 785 4549 mundum,
842 4495 900 4540 ut
944 4486 1181 4540 salvaret
1228 4486 1506 4553 inundant,
1559 4501 1713 4557 super
1754 4500 1931 4540 omnes
1973 4498 2078 4551 est,

414 4592 417 4593 '
507 4576 611 4634 non
674 4578 843 4632 solum
898 4591 985 4631 me
1049 4586 1268 4645 superat
1313 4589 1528 4629 servum
1572 4586 1626 4631 ct
1668 4591 2079 4648 praecursorem

504 4684 682 4729 suum,
715 4681 901 4721 verum
932 4666 1092 4721 etiam
1137 4679 1327 4719 onlnes
1379 4664 1641 4729 homines,
1687 4674 1744 4719 ct
1769 4681 1876 4721 non
1906 4666 2077 4721 solum

507 4758 771 4817 homines.
804 4771 987 4811 verum
1014 4756 1174 4811 etiam
1203 4771 1391 4811 omnes
1434 4756 1657 4813 virtutes
1702 4759 1978 4823 caelestes,
2024 4769 2081 4815 et

505 4849 704 4906 omnia,
745 4860 884 4916 quae
909 4854 1055 4909 sum,
1091 4840 1311 4914 etquae
1337 4860 1442 4898 non
1474 4854 1617 4900 sunt.
1667 4846 1774 4902 Nec
1804 4847 1908 4903 hoc
1925 4847 2081 4916 juxta

505 4938 868 5001 divinitatem,
913 4936 1010 4992 sed
1044 4933 1199 5003 juxta
1230 4935 1654 5001 humanitatem;
1678 4937 1840 4993 homo
1885 4940 2083 5011 quippe

505 5040 590 5084 est
622 5038 679 5084 ct
717 5028 999 5107 plusquam
1030 5032 1207 5083 homo.
1238 5016 1498 5080 Divinitas
1538 5027 1652 5097 ejus
1682 5028 1812 5084 nihil
1842 5038 2095 5101 superat,

508 5119 634 5188 quia
680 5118 862 5174 omnia
910 5125 1013 5172 est.
1057 5116 1173 5182 Qui
1202 5128 1275 5169 est
1323 5115 1387 5169 de
1416 5127 1579 5180 terra,
1626 5129 1764 5171 terra
1808 5130 1903 5182 est,
1941 5130 1988 5173 c.‘
2019 5122 2084 5175 de

508 5212 650 5263 terra
674 5209 925 5281 loquitur.
982 5210 1054 5261 De
1081 5223 1140 5262 se
1187 5206 1304 5276 ipso
1347 5206 1445 5259 hoc
1491 5207 1603 5265 ait,
1643 5223 1704 5259 ae
1741 5208 1784 5261 si
1836 5208 2084 5263 diceret:

514 5299 644 5369 Ego,
683 5299 775 5368 qui
804 5299 868 5353 de
895 5306 1037 5351 terra
1080 5312 1222 5362 sum,
1253 5293 1351 5352 hoc
1379 5311 1459 5350 εει
1493 5298 1558 5351 de
1597 5300 1822 5353 terrenis
1849 5302 2085 5369 parenti-

513 5396 632 5449 bus.
662 5401 820 5443 natus
850 5403 915 5442 ex
950 5386 1058 5453 illo,
1088 5388 1171 5441 cui
1215 5387 1413 5442 dictum
1442 5400 1545 5443 est.
1573 5409 1592 5439 ι
1627 5388 1793 5444 Terra
1832 5406 1897 5445 es
1937 5402 1993 5445 et
2036 5392 2087 5444 in

512 5490 712 5533 terram
743 5476 843 5532 ibis
875 5498 920 5540 ι,
964 5479 1065 5533 hoc
1092 5489 1170 5532 est
1205 5476 1318 5546 ipso
1348 5487 1558 5549 terreno
1599 5478 1830 5538 homine.
1877 5496 1940 5533 ex
1985 5497 2091 5550 quo

2185 1872 2351 1928 super
2403 1854 2607 1927 omnia.
2656 1853 2844 1911 Potest
2913 1853 3095 1923 itaque
3157 1851 3280 1907 talis
3328 1853 3588 1907 distantia
3633 1853 3775 1909 inter

2191 1964 2213 2000 ι
2248 1948 2532 2003 desursum
2562 1945 2707 2002 venit
2740 1962 2763 1998 ι
2815 1954 2870 2000 et
2920 1963 2939 1996 ι
2975 1945 3043 2000 de
3070 1943 3222 2001 caelo
3253 1945 3397 1999 venit
3439 1963 3457 1995 ι
3514 1942 3768 2013 intelligi,

2186 2020 2242 2092 ut
2276 2037 2328 2091 iu
2357 2036 2651 2108 θοι-ιιιιού
2688 2035 2827 2096 dixit
2856 2053 2877 2087 ε
2914 2034 3201 2095 desursum
3231 2035 3381 2090 venit
3425 2055 3473 2099 ι,
3512 2036 3772 2107 intelliga-

2186 2142 2308 2184 mus
2364 2126 2702 2188 altitudinem
2776 2126 3047 2183 humanae
3105 2134 3333 2182 naturac
3399 2138 3527 2181 ante
3610 2126 3772 2198 primi

2183 2225 2418 2282 hominis
2446 2224 2721 2290 delictum,
2766 2222 2834 2279 de
2880 2237 2984 2295 qua
3027 2222 3321 2278 altitudine
3354 2221 3629 2277 hominem
3674 2237 3770 2276 ve-

2184 2318 2330 2373 nisse
2369 2314 2645 2373 Christum
2675 2330 2781 2370 non
2821 2314 3151 2370 dubitamus.
3185 2312 3320 2368 Nam
3366 2313 3411 2369 si
3456 2300 3525 2369 de.
3554 2313 3788 2379 homine
3871 2360 3881 2368 .

2182 2418 2304 2481 post
2328 2413 2606 2479 peccatum
2637 2405 2866 2470 veniret,
2898 2416 3129 2477 pecztato
3162 2405 3345 2460 forsan
3376 2420 3481 2460 non
3523 2413 3767 2471 careret;

2181 2494 2437 2568 quoniam
2464 2509 2595 2551 vero
2622 2504 2841 2566 peccato
2865 2494 3061 2558 caruit,
3115 2502 3261 2549 recte
3300 2493 3602 2550 credendus
3633 2494 3655 2527 '
3685 2502 3770 2547 est

2181 2584 2454 2640 hominem
2495 2594 2625 2639 ante
2675 2591 2957 2654 peccatum
3017 2582 3308 2655 accepisse.
3353 2581 3484 2638 Nam
3511 2576 3769 2638 Dominus

2182 2684 2366 2730 noster
2399 2672 2558 2733 Jesus
2604 2674 2874 2739 Christus,
2924 2673 3194 2729 humanae
3240 2674 3492 2729 conditor
3540 2684 3768 2729 naturae

2179 2773 2344 2836 atque
2388 2765 2667 2832 salvator,
2709 2774 2767 2820 et
2805 2764 2871 2819 de
2915 2751 3092 2833 primo
3134 2763 3355 2820 homine
3393 2765 3602 2834 accepit
3643 2774 3769 2821 ante

2179 2866 2496 2934 peccatum,_
2524 2865 2580 2911 et
2602 2854 2768 2911 veluti
2793 2855 2863 2912 de
2887 2854 3128 2911 secundo
3168 2854 3390 2910 homine
3428 2863 3547 2925 post
3575 2867 3769 2925 pecca-

2181 2953 2316 3009 tum.
2343 2946 2484 3016 Quid
2509 2946 2718 3018 accepit
2738 2947 2806 3002 ab
2832 2946 3053 3002 hornine
3073 2953 3200 3001 ante
3224 2945 3543 3016 peceatum?
3566 2945 3765 3019 Carere

2179 3048 2424 3106 peccato,
2455 3035 2581 3105 quia
2609 3037 2844 3092 humana
2867 3045 3096 3101 natura,
3133 3035 3448 3107 priusquam
3495 3045 3761 3105 peccaret.

2181 3127 2404 3185 omnino
2450 3137 2674 3198 peccato
2719 3126 2965 3182 carebat.
2998 3125 3138 3193 Quid
3187 3125 3396 3197 accepit
3437 3125 3509 3179 ah
3541 3124 3764 3195 homine

2179 3224 2303 3288 post
2327 3218 2643 3285 peccatum?
2670 3212 2801 3274 Muri
2829 3229 2927 3285 pro
2956 3224 3203 3286 peccato,
3244 3214 3451 3285 absque
3475 3214 3584 3268 ullo
3611 3222 3761 3267 reatu

2175 3309 2405 3381 peccati.
2430 3308 2584 3376 Quod
2604 3321 2734 3378 ergo
2752 3308 2904 3378 prius
2927 3305 3009 3362 ait
3039 3325 3058 3357 ι
3098 3304 3191 3377 qui
3225 3305 3509 3361 desursum
3540 3304 3686 3359 venit
3710 3322 3760 3368 ο,

2180 3410 2327 3454 recte
2352 3386 2691 3470 intelligitur,
2734 3398 2825 3469 qui
2869 3396 2935 3451 de
2968 3396 3302 3453 sublimitate
3345 3395 3617 3470 humanae
3666 3410 3761 3448 na-

2181 3499 2353 3553 turae.
2380 3466 2453 3545 ad
2485 3466 2773 3559 imaginem
2814 3486 2908 3540 Dei
2945 3487 3136 3546 tinctae,
3168 3466 3461 3554 antequam
3492 3492 3764 3552 peccaret,

2180 3583 2349 3638 venit.
2379 3581 2568 3641 Nullus
2596 3580 2742 3636 cuitu
2782 3578 2905 3633 inde
2936 3578 3102 3643 venit,
3131 3577 3232 3632 nisi
3259 3577 3373 3648 ipse
3400 3575 3565 3632 solus.
3595 3572 3763 3644 Quot-

2179 3666 2313 3747 quot
2352 3672 2498 3729 enim
2534 3680 2796 3725 veni-runt
2838 3668 2891 3724 iu
2938 3668 3222 3731 mundum,
3259 3667 3328 3721 ab
3375 3665 3612 3721 homine.
3637 3680 3763 3737 pec-

2178 3770 2341 3819 cante
2370 3769 2662 3826 venerunt;
2689 3760 2837 3814 solus
2864 3758 2951 3812 ille
2972 3757 3176 3829 absque
3202 3764 3424 3827 peccato
3449 3756 3517 3809 ab
3544 3755 3764 3811 homine

2181 3866 2306 3911 ante
2334 3861 2615 3923 peccatum
2638 3848 2922 3920 processit.
2947 3845 3103 3916 Quod
3124 3853 3303 3901 autem
3332 3845 3385 3900 in
3414 3844 3764 3916 sequentibus

2181 3941 2319 3997 dixit
2339 3980 2355 4006 ,
2393 3941 2485 4013 qui
2519 3939 2584 3994 de
2607 3938 2752 3994 caelo
2781 3938 2937 4002 venit,
2964 3951 3119 4005 super
3143 3951 3318 3993 attines
3345 3946 3438 4001 est,
3465 3934 3537 3989 ibi
3562 3934 3729 3991 intelli
3747 3966 3759 3976 ο

2181 4033 2358 4103 ginnas
2400 4020 2621 4087 Patrem
2668 4030 2805 4086 caeli
2871 4028 3088 4083 nomine
3135 4026 3493 4096 signiﬁcatum
3522 4065 3537 4091 ,
3574 4035 3614 4081 tt
3655 4041 3762 4095 quo

2181 4123 2385 4179 missus
2428 4128 2515 4175 cst
2561 4119 2809 4177 Christus
2856 4119 2910 4174 in
2961 4112 3254 4179 mundum,
3305 4117 3448 4170 sicut
3486 4117 3600 4186 ipse
3643 4114 3757 4169 ait:

2186 4231 2208 4266 ε
2246 4213 2396 4277 Exivi
2440 4227 2475 4267 tt
2514 4208 2710 4275 Patre,
2759 4220 2813 4264 et
2883 4209 3004 4263 veni
3054 4209 3108 4262 in
3161 4208 3476 4261 mundum».
3543 4205 3762 4260 Duobus

2182 4306 2364 4379 itaque
2417 4302 2590 4358 modis
2643 4301 2949 4371 unigenitus
2992 4298 3161 4353 Filias
3220 4298 3313 4352 Dei
3375 4312 3537 4368 super
3580 4295 3766 4353 omnia

2183 4409 2304 4450 esse
2333 4391 2633 4449 credendus
2674 4401 2756 4445 est
2784 4407 2797 4445 :
2835 4390 3030 4460 primo,
3061 4388 3186 4459 quia
3233 4402 3394 4460 super
3412 4401 3628 4443 otnttem
3658 4388 3759 4442 hu-
3832 4400 3835 4401 '

2189 4486 2503 4540 inanitatem
2530 4484 2819 4546 exaltatur,
2843 4481 2935 4555 qui
2965 4482 3029 4536 de
3072 4482 3208 4551 ipsa,
3230 4480 3542 4550 priusquam
3568 4491 3755 4548 pecca-

2186 4588 2269 4633 ret
2306 4577 2443 4629 venit
2465 4592 2479 4639 ;
2503 4570 3075 4642 serumlo,quodjuxta
3091 4571 3422 4627 altitudinem
3443 4569 3765 4634 divinitatis,

2186 4668 2238 4721 in
2264 4682 2366 4737 qua
2403 4662 2544 4719 Patri
2568 4664 2804 4734 aequalis
2826 4672 2926 4727 est,
2952 4675 3165 4717 omnem
3197 4669 3416 4731 superat
3437 4672 3761 4716 creaturam.

2260 4754 2328 4809 Et
2349 4759 2491 4829 quod
2508 4756 2629 4809 ridi:
2653 4764 2698 4808 et
2716 4751 2933 4818 audivit,
2950 4760 3047 4806 hoc
3064 4738 3307 4807 testaiur.
3335 4752 3474 4819 Quid
3492 4760 3596 4815 est,
3620 4752 3763 4822 quod

2188 4831 2357 4901 Filius
2381 4844 2475 4900 Dei
2497 4845 2658 4900 vidit?
2689 4842 2805 4899 Non
2827 4843 3478 4914 aliud,~nisieognovit,sc
3503 4843 3554 4897 in
3583 4843 3761 4903 Patre,

2187 4944 2243 4991 et
2270 4933 2647 5007 aequalitatem
2676 4932 2847 5002 ipsius
2866 4947 3004 4992 esse.
3035 4931 3101 4985 Et
3137 4933 3354 4986 audivit.
3373 4932 3510 4998 Quid
3529 4933 3768 4988 audivit?

2189 5028 2405 5081 Audiuit
2423 5042 2453 5080 a
2474 5026 2630 5081 l’atre
2660 5043 2672 5079 :
2708 5047 2725 5078 ι
2749 5026 2859 5100 Ego
2882 5027 3039 5081 hodie
3054 5027 3209 5097 genui
3237 5035 3289 5080 te
3311 5046 3354 5078 ι.
3374 5025 3514 5081 Vidit
3531 5027 3692 5097 igitur
3708 5043 3767 5083 se

2192 5119 2367 5191 ipsum
2387 5117 2676 5173 secundum
2697 5131 2847 5177 suam
2868 5115 3204 5171 divinitatem
3243 5117 3295 5171 in
3328 5134 3424 5173 suo
3471 5117 3661 5182 Patre,
3709 5133 3765 5172 et

2193 5211 2401 5264 audivit
2422 5225 2451 5263 a
2471 5225 2567 5264 suo
2587 5208 2770 5272 Patre,
2792 5208 2934 5278 quod
2954 5208 3067 5279 ipse
3083 5223 3206 5263 eum
3228 5219 3469 5278 genuerit
3493 5208 3769 5279 aequalem

2195 5300 2317 5355 sibi.
2361 5299 2473 5352 Hm:
2512 5308 2744 5357 testatur.
2797 5298 2934 5365 Quid
2983 5297 3436 5365 testatur?‘Quod
3465 5297 3632 5355 Filius
3673 5296 3801 5353 Dei'

2195 5393 2283 5447 sit.
2318 5390 2381 5444 Et
2411 5389 2499 5444 uhi
2531 5391 2788 5444 testatur?
2829 5388 3029 5461 ltedige
3069 5390 3138 5443 ad
3181 5389 3482 5460 superiora,
3528 5390 3617 5443 uhi
3656 5389 3769 5458 ipse

2194 5485 2263 5535 de
2285 5497 2340 5535 se
2367 5481 2476 5548 ipso
2506 5483 2579 5532 ait
2612 5499 2622 5532 :
2657 5500 2671 5529 ι
2711 5477 2821 5534 Non
2850 5479 2994 5534 enim
3040 5481 3182 5536 misit
3230 5482 3368 5537 Deus
3396 5480 3588 5536 Filium
3615 5495 3769 5536 suum

1820 5572 2068 5631 VARIAE
2111 5571 2502 5630 LECTIONES.

592 5648 608 5675 ⁸
647 5660 729 5698 me
762 5661 846 5698 om
895 5644 1035 5707 cod,
1069 5643 1187 5697 add.
1220 5660 1285 5698 cx
1312 5647 1451 5710 co-j.

1530 5653 1545 5675 ³
1588 5646 1740 5698 Carr.
1766 5686 1777 5702 ,
1813 5646 1931 5695 cod.
1968 5650 2302 5709 credendum,
