4236 6072
536 271 643 330 329

1567 265 1917 323 (ῙΟΜΜΕΝΤ.
1958 267 2023 321 ιιι
2060 266 2313 327 EVANG.
2350 265 2496 322 SEC.
2531 264 2720 323 JOAN.

3704 257 3810 317 330

538 387 589 440 in
631 383 912 446 mundum,
964 381 1247 451 utjudicet
1298 382 1581 451 mundum,
1636 383 1731 437 sed
1784 392 1843 437 ιιι
1884 380 2128 437 salvetur
2156 394 2205 452 Α
2236 394 2323 437 tur
2353 391 2514 450 atque
2549 381 2693 437 idem
2722 378 2992 450 Spiritus,
3018 379 3263 433 dividens
3312 376 3530 448 singulis
3561 376 3809 453 propria,

539 475 771 531 mundus
798 489 894 547 per
927 473 1123 544 ipsum.
1155 474 1256 542 Qui
1289 475 1462 530 credit
1511 474 1564 529 in
1593 489 1716 529 cum
1740 514 1754 539 ,
1789 487 1892 528 non
1916 474 2128 545 judica-
2227 481 2387 544 prout
2416 471 2527 527 vult
2557 493 2603 527 ι.
2631 469 2850 526 Christo
2873 479 3078 533 autem,
3103 468 3303 539 quiest
3327 483 3407 535 ea;
3428 475 3491 525 ut
3512 465 3807 528 Ecclesiae,

538 578 643 621 tur.
670 566 778 635 Qui
809 574 988 622 autem
1015 580 1125 622 non
1168 565 1363 630 credit,
1405 564 1517 634 jam
1559 565 1831 635 judicatus
1858 573 1964 628 est,
2000 565 2137 635 quia.

538 672 641 714 non
660 656 837 714 credit
860 657 914 711 in
937 656 1153 721 nomine
1181 656 1441 726 unigeniti
1466 655 1589 711 Filii
1620 654 1716 711 Dei
1736 675 1781 708 ι.
1800 653 1913 714 [loc
1943 654 2139 725 itaque.

526 759 637 828 est,
663 748 970 822 quodvidit
994 748 1164 805 Filius
1202 748 1319 814 Dei,
1366 756 1423 803 et
1446 751 1515 804 de
1541 762 1601 803 se
1635 747 1753 818 ipso
1781 755 2031 802 testatur.
2060 744 2131 799 Et

536 838 888 899 testimonium
917 837 1033 909 ejus
1061 854 1210 896 nemo
1254 837 1467 907 accipit.
1515 833 1574 892 Si
1607 835 1975 894 testimonium
2012 832 2142 904 ejus,

537 941 696 987 nemo
723 924 942 996 accipit,
976 925 1148 1001 quare
1181 925 1364 987 venit.
1404 933 1463 980 et
1494 924 1624 995 quid
1652 923 1900 983 utilitatis
1927 922 2141 980 mundo'.

535 1014 795 1079 contulit?
822 1015 1058 1074 Joannes
1108 1030 1466 1087 praecor-sor,
1497 1015 1695 1086 plenus.
1715 1014 1890 1083 gratia
1915 1013 2133 1068 divinae

532 1108 868 1187 prophetiae,
915 1107 1158 1179 providit
1194 1121 1310 1172 eos,
1351 1108 1443 1178 qui
1479 1107 1540 1171 in,
1563 1106 1840 1165 Christum
1867 1105 2134 1162 credituri

537 1209 685 1267 Sunt,
708 1197 1072 1259 testimonium
1092 1198 1237 1262 illius
1258 1197 1609 1267 accipientes,
1630 1205 1688 1252 et
1705 1211 1819 1261 eos,
1835 1194 1927 1266 qui
1943 1196 1996 1250 in
2006 1210 2128 1250 eum

538 1306 641 1353 non
671 1297 798 1343 sunt
829 1286 1112 1353 credituri,
1168 1288 1534 1344 testimonium
1589 1287 1735 1342 illius
1794 1295 2143 1356 respuentes.

537 1378 615 1441 De
647 1379 754 1444 his,
786 1378 878 1448 qui
911 1393 1016 1434 non
1038 1378 1269 1439 credunt
1285 1394 1461 1453 neque
1494 1379 1752 1441 credituri
1776 1386 1903 1437 sunt
1928 1380 1967 1443 ⁸,
1998 1395 2028 1432 a
2072 1394 2146 1434 se.

537 1468 799 1547 ipsis{ad]
817 1469 1106 1535 interitum,
1116 1470 1443 1540 praeparati,
1478 1486 1634 1525 nemo
1658 1469 1867 1539 accepit
1894 1470 2135 1525 testimo-

537 1567 686 1624 nium
710 1565 829 1625 Filii
856 1565 973 1622 Dei.
999 1566 1174 1644 Dehis
1187 1574 1387 1629 autem,
1415 1566 1507 1643 qui
1533 1566 1760 1620 credunt
1786 1577 1840 1621 et
1873 1562 2147 1620 credituri

536 1664 682 1722 sunt,
724 1671 886 1713 nemo
911 1669 1021 1722 est,
1061 1657 1151 1726 qui
1185 1658 1552 1734 testimonium
1580 1655 1698 1725 ejus
1733 1672 1839 1713 non
1870 1654 2128 1735 accipiat,

537 1760 601 1800 ue
618 1760 716 1817 per
738 1746 860 1810 hoc,
886 1746 978 1819 qui
1023 1745 1204 1803 salvus
1247 1763 1356 1805 non
1394 1747 1489 1804 sit.
1535 1746 1763 1815 Ideoque
1788 1748 2080 1823 sequitur:

608 1828 925 1907 Qai'uccipit
969 1838 1086 1911 ejus
1123 1838 1502 1902 testimonium,
1545 1839 1769 1909 signavit
1804 1839 1929 1910 quia
1988 1839 2130 1899 Deus

486 1992 491 1995 _
537 1946 697 1985 uerax
719 1940 818 1997 est,
848 1931 953 1997 hoc
989 1941 1093 1994 est,
1118 1932 1173 1987 in
1203 1933 1367 1990 corde
1392 1945 1493 1989 suo
1521 1930 1775 1996 lit-inurit,
1799 1941 1857 1987 et
1882 1932 2035 2002 quasi
2058 1932 2134 1987 si-

537 2020 667 2091 gillo
705 2020 1131 2079 incomtnutahili
1177 2022 1449 2097 perfectae
1493 2022 1614 2078 lidei
1656 2022 1954 2088 conclusit,
2004 2023 2141 2094 quia:

538 2113 681 2176 Deus
714 2128 876 2171 verax
906 2124 1008 2171 est.
1036 2114 1197 2185 Quod
1218 2114 1433 2171 facilius
1458 2113 1796 2185 intelligitur,
1824 2115 1871 2171 si
1901 2131 2141 2186 graecus.

536 2216 720 2261 sermo
749 2205 958 2277 legatur
983 2224 997 2261 :
1022 2205 1164 2273 Quia
1210 2205 1368 2262 Deus'
1392 2222 1544 2262 verus
1575 2215 1682 2269 cst,
1710 2215 1771 2260 ut
1792 2206 1861 2262 sit
1892 2221 2133 2265 sensus:

539 2294 639 2362 Qui
679 2296 879 2366 accipit
927 2296 1291 2353 testimonium
1323 2295 1444 2351 Filii
1479 2295 1574 2351 Dei
1597 2295 1665 2351 de
1702 2311 1762 2352 se
1803 2298 1938 2367 ipso,
1984 2297 2128 2368 quod

537 2385 711 2451 Filius
742 2387 838 2464 Dei
877 2388 970 2454 sit,
1000 2396 1057 2443 et
1082 2387 1229 2458 quod
1256 2401 1355 2458 pro
1383 2387 1557 2443 salute
1596 2387 1781 2443 mundi
1808 2388 1972 2443 Pater
1998 2403 2130 2443 suus

537 2496 660 2535 eum
689 2480 915 2546 miserit,
948 2480 1038 2536 ille
1061 2481 1294 2536 ﬁrmiter
1313 2481 1505 2546 credit,
1522 2480 1648 2549 quia
1673 2482 2003 2537 Deus'verus
2020 2490 2125 2546 est,

536 2575 628 2646 qui
655 2576 725 2631 de
751 2590 810 2632 se
835 2576 976 2647 ipso,
1007 2576 1152 2645 quod
1184 2589 1347 2632 verus
1378 2575 1530 2637 Deus,
1554 2574 1647 2641 sit,
1669 2576 1781 2632 veri
1812 2574 1903 2629 Dei
1934 2573 2125 2641 Filius,

539 2664 909 2745 testimoniqu
938 2665 1233 2735 perhibuit.
2042 2672 2043 2675 ‘

608 2751 775 2822 Quem
804 2753 943 2810 enim
973 2754 1113 2812 misit
1139 2752 1315 2819 Deus,
1346 2754 1498 2809 verba
1517 2753 1616 2810 Dei
1644 2754 1894 2826 loquitur.
1919 2755 2034 2813 lloc
2058 2758 2134 2812 de.

536 2843 677 2900 Filio
713 2842 805 2898 Dei
836 2843 1075 2915 loquitur
1102 2843 1470 2907 solummodo,
1498 2843 1623 2915 qui,
1663 2846 1921 2916 quoniam
1957 2862 1989 2902 a
2012 2846 2125 2905 Deo

539 2931 697 2993 Patre
720 2933 915 2991 missus
936 2943 1038 3000 est,
1062 2935 1226 2994 verba
1249 2934 1341 2989 Dei
1366 2935 1623 3004 loquitur.
1654 2934 1845 2991 Nonne
1873 2944 1897 2976 ³
1922 2946 1977 2991 ct
1999 2951 2126 3007 pro-

535 3023 730 3099 phetae
774 3025 847 3080 ab
881 3038 948 3081 eo
982 3024 1130 3081 missi
1159 3026 1317 3081 sunt?
1341 3022 1529 3081 Nonne
1554 3024 1578 3063 ³
1615 3034 1672 3082 ει
1700 3027 1929 3097 apostoli
1957 3028 2028 3083 ab
2056 3041 2125 3083 eo

2230 578 2338 623 non
2367 579 2397 618 e
2428 578 2681 633 mensura
2707 562 2802 622 dat
2831 563 2971 617 Deus
2995 558 3245 632 spiritum
3273 599 3289 624 ,
3321 559 3422 621 sed.
3454 558 3598 621 sicut
3638 567 3808 612 totum

2224 669 2293 710 ex
2321 669 2382 710 se
2420 654 2537 724 ipso
2582 661 2701 716 toto
2734 651 2923 727 genuit
2948 650 3147 719 Filium
3191 664 3370 715 suum,
3414 648 3486 705 ita
3530 648 3812 707 incuruata

2220 745 2381 803 Filio
2402 761 2513 813 suo
2542 754 2716 804 totum
2752 743 3003 815 spiritum
3034 756 3191 798 suum
3223 740 3402 805 dedit,
3434 755 3542 798 non
3584 738 3810 809 panici-.-

2226 837 2443 911 paliter,
2483 850 2587 892 non
2634 850 2734 906 per
2770 832 3170 901 subdivisioues
3193 871 3210 898 ,
3242 829 3348 900 feed
3390 829 3720 903 generaliter
3755 838 3815 888 et

2228 923 2631 985 universaliter.

2230 1081 2232 1084 ν
2301 1012 2463 1069 Pater
2482 1012 2658 1084 diligit
2695 1011 2898 1066 Filium
2936 1023 2983 1067 et
3016 1013 3194 1067 omnia
3228 1011 3369 1067 dedit
3404 1011 3458 1067 iu
3491 1026 3646 1065 manu
3674 1009 3809 1077 ejus.
3858 1073 3863 1077 _

2232 1102 2468 1157 Causam
2496 1102 2701 1168 reddit,
2732 1118 2831 1157 cur
2869 1103 3078 1158 ceteris.
3107 1101 3417 1163 hominibus
3451 1115 3519 1158 ex
3559 1115 3812 1156 mensura

2230 1200 2322 1255 dat
2348 1198 2762 1271 Deusspiritum
2784 1238 2797 1261 ,
2829 1196 2969 1252 Filio
2992 1206 3172 1257 autem
3197 1209 3302 1263 suo
3320 1210 3423 1250 non
3446 1210 3514 1250 ex
3534 1208 3811 1255 mensura,

2231 1289 2325 1344 sed
2355 1304 2423 1344 ex
2455 1298 2569 1346 toto
2598 1290 2689 1343 dat
2715 1289 2986 1364 spiritum.
3019 1286 3230 1356 Quare?
3251 1282 3366 1341 Non
3396 1285 3640 1351 obelittd
3661 1323 3678 1349 ,
3709 1285 3813 1351 nisi
3903 1333 3910 1341 .

2230 1381 2358 1451 quia
2387 1378 2552 1435 Pater
2593 1380 2766 1450 diligit
2789 1376 2837 1431 F
2840 1378 2991 1435 ilium
3011 1418 3029 1445 ,
3051 1378 3175 1445 ideo
3203 1377 3351 1434 dedit
3375 1377 3424 1431 ei
3458 1384 3626 1433 totum
3657 1392 3813 1431 suum

2231 1474 2503 1545 spiritum,
2530 1482 2586 1530 et
2608 1474 2791 1529 omnia
2816 1472 2963 1529 dedit
2985 1472 3041 1527 in
3068 1485 3229 1526 manu
3250 1467 3386 1539 ejus.
3416 1468 3565 1542 Quae
3596 1469 3775 1523 omnia
3792 1469 3818 1520 ?-

2230 1570 2314 1620 Au
2341 1566 2481 1621 forte
2502 1565 2706 1627 omnia,
2734 1578 2875 1641 quae
2902 1564 2956 1619 in
2980 1563 3096 1634 ipso
3120 1559 3263 1621 {aeta
3293 1557 3449 1617 sunt?
3468 1558 3526 1616 lu
3552 1560 3815 1630 principio

2234 1656 2376 1710 enim
2430 1655 2558 1712 fecit
2610 1655 2753 1710 Deus
2799 1654 3009 1711 caelum
3058 1662 3117 1708 et
3165 1660 3402 1716 terram;
3436 1659 3492 1707 et
3528 1652 3768 1723 psalmus
3797 1692 3812 1712 ,

2162 1746 2210 1806 Β
2244 1760 2262 1793 ι
2298 1741 2492 1797 Omnia
2539 1740 2593 1796 in
2642 1739 2908 1812 sapientia
2958 1737 3132 1796 fecisti
3172 1758 3217 1793 ι.
3249 1735 3342 1793 Illa
3372 1736 3555 1806 itaque
3596 1736 3814 1800 otunia,

2234 1846 2373 1902 quae
2418 1831 2470 1886 in
2517 1830 2654 1885 Filio
2689 1830 2830 1885 facta
2857 1836 3016 1892 sunt,
3041 1827 3187 1882 dedit
3215 1825 3379 1891 Pater
3402 1824 3455 1879 in
3483 1840 3647 1881 manu
3674 1825 3819 1894 ejus.

2230 1924 2407 1986 Altius
2448 1922 2627 1979 omnia
2664 1922 2806 1981 dedit
2837 1922 2890 1977 iu
2931 1934 3093 1975 manu
3122 1920 3272 1991 ejus,
3325 1919 3429 1975 hoc
3471 1926 3589 1983 est,
3632 1919 3814 1974 omnia
3896 1988 3911 2009 κ

2231 2031 2371 2087 quae
2418 2014 2849 2076 substantialitcr
2888 2014 3054 2070 habet
3102 2012 3284 2078 Pater,
3329 2012 3481 2069 dedit
3524 2011 3686 2081 Filio,
3735 2012 3814 2085 gi-

2208 2107 2448 2181 gnendo
2479 2108 2653 2177 ipsum
2683 2104 2750 2161 de
2780 2118 2840 2161 se
2863 2103 3146 2176 aequalem
3173 2102 3277 2160 sibi
3307 2104 3629 2175 peremnia.

2302 2198 2406 2265 Qui
2427 2196 2587 2253 credit
2611 2197 2664 2251 iu
2686 2194 2909 2261 Filium,
2931 2194 3083 2252 habet
3113 2195 3270 2253 vitam
3296 2196 3815 2262 aeternam.Quare?

2230 2288 2368 2356 Quia
2414 2288 2528 2360 ipse
2564 2286 2732 2341 Filius
2783 2285 2896 2341 vita
2944 2295 3164 2365 aeterna
3192 2292 3308 2351 est,
3347 2284 3489 2341 sicut
3530 2285 3645 2355 ipse
3695 2284 3809 2339 ait:

2237 2401 2260 2436 ι
2290 2386 2402 2454 Ego
2426 2398 2545 2439 sum
2570 2381 2773 2439 veritas
2807 2387 2861 2437 et
2888 2364 2999 2437 vita
3027 2398 3072 2434 ι.
3102 2364 3296 2435 Merito
3321 2393 3483 2453 ergo,
3524 2378 3613 2449 qui
3651 2379 3829 2431 credit.

2229 2476 2283 2529 in
2308 2472 2528 2539 Filium,
2556 2471 2706 2528 habet
2754 2472 2912 2528 vitam
2940 2481 3223 2526 aeternam.
3245 2468 3326 2524 Ac
3346 2470 3394 2527 si
3422 2468 3647 2525 dixissm
3672 2486 3684 2523 :
3712 2469 3812 2537 Qui

2228 2565 2403 2621 credit
2448 2563 2503 2621 in
2544 2563 2761 2625 Filium.
2794 2562 2957 2619 habet
2983 2561 3160 2634 ipsum
3188 2560 3411 2628 Filium,
3460 2577 3525 2617 ac
3576 2560 3674 2632 per
3713 2562 3815 2618 hoc

2229 2654 2393 2715 habet
2423 2654 2588 2713 vitam
2622 2662 2921 2716 aeternam,
2951 2650 3076 2721 quia
3113 2652 3227 2721 ipse
3256 2648 3429 2705 Filius
3458 2649 3566 2707 vita
3594 2663 3814 2709 aeterna

2226 2752 2331 2808 est.
2362 2744 2467 2814 Qui
2501 2752 2683 2807 autem
2707 2760 2812 2799 non
2838 2742 3002 2798 credit
3025 2742 3080 2798 in
3114 2739 3419 2808 Filio,-nou
3447 2740 3634 2798 videbit
3657 2741 3815 2796 vitam

2227 2848 2517 2893 aeternam.
2544 2835 2745 2891 Eodem
2774 2850 2977 2908 genere
3006 2830 3296 2891 locutionis
3330 2850 3345 2887 :
3374 2833 3473 2908 qui
3496 2842 3678 2889 autent
3709 2848 3814 2891 non

2227 2930 2400 2987 credit
2441 2929 2613 2996 Filio,
2641 2943 2747 2985 non
2794 2926 2996 2984 videbit
3023 2922 3242 2991 Filium,
3285 2926 3381 2999 qui
3427 2933 3512 2981 est
3550 2924 3676 2980 vita.
3708 2923 3817 2983 Sed

2227 3022 2311 3077 ira
2336 3020 2435 3076 Dei
2463 3030 2635 3079 nmnet
2679 3034 2837 3092 super
2868 3031 3011 3074 eum.
3044 3017 3163 3075 Non
3197 3016 3367 3074 dicit:
3391 3015 3469 3099 ira
3496 3015 3593 3074 Dei
3630 3015 3820 3075 veniet

537 3115 686 3175 missi
721 3123 867 3181 sunt,
893 3124 948 3171 et
981 3114 1143 3171 verba
1185 3115 1281 3171 Ι)ροί
1327 3116 1494 3175 locuti
1534 3117 1700 3171 sunt?
1736 3118 1874 3184 Quid
1902 3134 2035 3191 ergo
2058 3119 2127 3175 de
2153 3123 2202 3184 (ς
2230 3130 2393 3187 super
2418 3129 2566 3179 eoin,
2593 3113 2689 3170 sed
2717 3113 2794 3169 ait
2830 3132 2844 3168 :
2876 3122 3049 3169 manet
3069 3129 3228 3184 super
3255 3128 3393 3167 eum.
3424 3110 3575 3179 Quae
3602 3119 3686 3168 est
3718 3110 3810 3169 illa

534 3205 649 3261 colo
676 3205 895 3263 Christo
921 3207 1128 3267 dictum
1153 3216 1274 3263 est:
1306 3207 1474 3274 Quem
1500 3206 1639 3262 misit
1665 3207 1827 3285 Deus,
1849 3208 2004 3272 verba
2029 3209 2126 3265 Dei

516 3296 806 3369 loquitur?
836 3298 1059 3376 Videtur
1092 3301 1238 3356 enim
1280 3301 1480 3358 dixisse
1505 3317 1521 3356 :
1550 3301 1720 3368 Quem
1774 3302 1922 3357 misit
1950 3303 2122 3379 Deus,

535 3391 679 3448 illius
702 3391 971 3450 mittentis
1003 3408 1064 3449 se
1096 3393 1196 3449 Dei
1224 3395 1387 3448 verba
1418 3394 1687 3463 loquitur;
1717 3396 1860 3465 quod
1896 3396 2127 3467 prophe-

538 3491 624 3537 tae
654 3480 941 3547 fecerunt,
975 3482 1230 3539 similiter
1259 3484 1511 3554 apostoli.
1535 3483 1675 3553 Quid
1703 3500 1834 3554 ergo
1865 3502 2125 3558 magnum

534 3571 703 3648 datur
718 3571 957 3635 Christo,
975 3574 1118 3643 quod
1144 3573 1265 3629 aliis
1295 3589 1400 3629 non
1432 3573 1650 3629 datum?
1676 3573 1897 3630 Intende
1921 3575 1974 3630 in
2001 3589 2126 3631 ver-

535 3659 602 3714 ba
627 3677 642 3714 :
682 3659 854 3726 Quem
877 3661 1017 3715 misit
1043 3660 1205 3726 Deus,
1234 3662 1397 3718 Pater
1426 3661 1694 3726 videlicet,
1723 3663 1874 3719 verba
1906 3664 2006 3719 Dei
2043 3663 2126 3720 lo-

536 3748 748 3818 quitur;
790 3750 1046 3821 quoniam
1074 3761 1130 3806 et
1162 3751 1282 3817 ille,
1326 3753 1416 3823 qui
1462 3752 1663 3809 missus
1686 3762 1803 3818 est,
1831 3752 1975 3831 Dens
2009 3768 2123 3821 eet,

536 3837 658 3893 ideo
684 3841 845 3894 verba
887 3840 981 3895 Dei
1027 3840 1285 3912 loquitur,
1318 3855 1378 3896 ut
1407 3844 1480 3898 sit
1506 3858 1699 3909 sensus
1727 3861 1740 3897 :
1771 3843 1941 3911 Quem
1979 3844 2128 3901 misit

508 3931 724 3996 Deus!
775 3931 1021 4000 proiecto
1068 3932 1213 3989 Deus
1255 3942 1372 3999 est,
1418 3948 1482 3989 ac
1512 3949 1609 4005 per
1654 3934 1760 3991 hoc
1794 3935 1955 3990 verba
1985 3934 2128 3993 illius

536 4024 697 4080 verba
724 4022 819 4081 Dei
845 4034 992 4092 sunt;
1029 4042 1160 4101 ergo
1183 4027 1345 4083 verba
1378 4027 1495 4085 Filii
1523 4027 1591 4083 de
1617 4042 1674 4084 se
1718 4028 1855 4098 ipso,
1882 4029 2127 4085 testimo-

535 4119 683 4193 nium
726 4119 1060 4188 perhi‘ueutis
1114 4121 1257 4191 quod
1289 4120 1432 4176 Deus
1499 4121 1603 4187 sit,
1652 4121 1813 4176 verba
1852 4119 1948 4177 Dei
1977 4132 2120 4176 sunt.

536 4207 715 4264 Verba
747 4210 1137 4281 prophetarum
1167 4220 1223 4266 et
1250 4211 1619 4282 apostolorum
1652 4212 1815 4267 verba
1843 4210 1938 4267 Dei
1973 4219 2123 4277 sunt,

534 4300 662 4367 quia
714 4301 881 4356 verba
915 4298 1007 4355 Dei
1039 4301 1202 4357 loculi
1235 4312 1382 4358 sunt.
1430 4300 1662 4357 Sanctus
1703 4301 1847 4357 enim
1888 4300 2125 4372 Spiritus

536 4386 750 4444 locutus
776 4397 861 4444 est
885 4390 939 4444 in
963 4389 1065 4454 eis,
1089 4405 1189 4446 nec
1220 4401 1397 4447 tamen
1422 4391 1511 4447 illa
1532 4392 1694 4447 verba
1723 4390 2029 4446 referuntur
2054 4391 2123 4446 ad

2227 3205 2310 3260 ira
2335 3204 2475 3260 Dei?
2501 3204 2646 3259 Nihil
2675 3203 2821 3259 aliud
2846 3243 2863 3270 ,
2894 3202 3002 3260 nisi
3031 3203 3341 3261 maledictio
3367 3202 3503 3267 illa,
3537 3216 3641 3275 qua
3671 3203 3813 3263 Dcus

2229 3298 2510 3355 maledixit
2535 3297 2694 3368 primi
2726 3297 2966 3357 hominis
2992 3306 3251 3371 peccato,
3299 3295 3614 3354 mandatum
3653 3311 3815 3355 suum

2231 3388 2681 3457 transgredientis
2698 3429 2713 3455 ,
2740 3388 2929 3449 dicens
2956 3405 2974 3442 :~
3008 3406 3031 3440 ι
3058 3385 3341 3444 Maledicta
3371 3395 3517 3444 terra
3543 3387 3598 3443 in
3627 3387 3832 3460 operi-~

2226 3478 2329 3538 bus
2361 3481 2466 3536 tuis
2495 3502 2540 3535 ι.
2565 3481 2713 3539 illius
2735 3480 2851 3539 irae
2872 3479 3098 3540 effectus
3120 3470 3205 3539 est
3235 3496 3407 3545 mors.
3428 3491 3484 3538 et
3511 3482 3806 3552 corruptio.

2226 3579 2283 3629 et
2312 3572 2534 3628 omnino
2560 3571 2807 3629 veritatis
2835 3573 3140 3645 ignorantia
3158 3613 3174 3640 ,
3203 3587 3344 3644 quae
3379 3573 3561 3630 omnia
3590 3584 3810 3635 tnanent

2182 3680 2183 3683 ‘
2226 3676 2392 3730 super
2418 3676 2562 3716 eum.
2593 3659 2670 3717 De
2699 3660 2789 3716 illa
2823 3661 2903 3717 ira
2931 3661 3010 3717 ait
3037 3661 3326 3731 ApOStolus
3354 3677 3371 3715 :
3407 3680 3426 3714 ι
3459 3662 3664 3718 Fuistis
3700 3661 3804 3718 ali-

2226 3751 2444 3823 quando
2470 3752 2562 3807 lilii
2585 3753 2698 3809 irae
2721 3753 2938 3809 sicut‘et
2972 3755 3138 3809 ceteri
3168 3772 3213 3807 ι.
3249 3752 3335 3811 Ira
3370 3753 3467 3812 Dei
3497 3761 3676 3825 potest
3700 3754 3810 3809 ori-
3898 3758 3901 3762 '

2226 3843 2405 3915 ginale
2452 3854 2736 3917 peccatum
2778 3843 3043 3918 intelligi,
3074 3843 3333 3915 quoniam
3376 3843 3507 3900 illud
3549 3844 3809 3914 originale

2225 3944 2510 4005 peccatum
2541 3934 2678 3991 iram
2703 3934 2800 3991 Dei
2842 3935 2895 3993 in
2937 3934 3229 3993 humanam
3256 3942 3513 4006 naturam
3552 3950 3811 4007 provoca—

2225 4025 2336 4092 vit;
2369 4025 2513 4094 quod
2537 4025 2804 4096 originale
2841 4036 3121 4097 peccatum
3150 4033 3332 4083 manet
3362 4025 3416 4078 in
3452 4024 3566 4090 his,
3596 4024 3686 4095 qui
3712 4040 3811 4083 nar

2224 4115 2343 4170 lunt
2379 4116 2601 4172 credere
2629 4117 2685 4170 in
2711 4131 2860 4179 eum,
2893 4115 2984 4185 qui
3007 4130 3107 4187 pro
3135 4114 3240 4191 illis
3262 4123 3507 4170 mortuus
3526 4123 3629 4169 est.

2296 4201 2366 4259 Ut
2399 4220 2521 4276 ergo
2555 4206 2794 4275 cognovit
2817 4202 3009 4268 Jesus,
3036 4203 3166 4277 quia.
3190 4202 3468 4266 audierant.
3493 4201 3805 4265 Pharisaei,

2223 4300 2349 4367 quia
2376 4295 2534 4351 Jesus
2564 4296 2741 4367 plures
2783 4292 3069 4367 discipulos
3098 4293 3247 4366 facit,
3286 4301 3334 4348 et
3372 4293 3619 4363 baptisat,
3648 4308 3806 4364 quam

2223 4385 2477 4449 Joannes,
2514 4388 2613 4442 etsi
2646 4386 2805 4442 Jesus
2834 4387 2942 4457 ipse
2968 4402 3071 4441 non
3105 4383 3405 4458 baptizavit,
3440 4383 3531 4439 sed
3563 4380 3807 4453 discipuli

536 4478 687 4542 illos,
737 4488 796 4532 ut
841 4478 1055 4534 illorum
1097 4482 1259 4536 verba
1307 4480 1450 4546 sint,
1482 4481 1579 4537 sed
1616 4481 1731 4537 veri
1772 4480 1868 4536 Dei
1918 4481 2106 4536 verba.
2138 4476 2189 4537 D
2214 4476 2348 4549 ejus.
2376 4478 2677 4548 Baptizavit
2700 4474 2954 4535 Christus
2980 4488 3035 4533 et
3069 4491 3175 4532 non
3213 4473 3531 4544 baptizavit.
3561 4472 3808 4544 Baptiza-

542 4565 715 4621 Verba
739 4567 943 4624 Christi
973 4569 1041 4624 ad
1068 4583 1127 4626 se
1153 4571 1328 4640 ipsum
1362 4569 1695 4638 referuntur,
1739 4579 1794 4628 et
1825 4572 1989 4626 verba
2018 4571 2114 4627 Dei

535 4659 790 4714 dicuntur
818 4658 1033 4727 merito,
1060 4660 1184 4729 quia
1214 4660 1537 4719 naturaliter
1564 4660 1708 4716 Deus
1730 4670 1816 4716 est
1834 4701 1848 4725 ,
1876 4670 1933 4715 et
1963 4669 2109 4718 totus

538 4748 699 4814 Deus,
728 4758 784 4804 et
816 4758 925 4805 tota
952 4751 1216 4822 sapientia
1236 4790 1251 4817 ,
1281 4760 1337 4806 et
1368 4752 1422 4806 in
1449 4766 1516 4807 eo
1541 4750 1816 4821 plenitudo
1844 4751 2111 4807 donorum

538 4838 652 4893 Dei.
686 4835 976 4909 Propterea
1007 4840 1289 4912 sequitur;
1326 4840 1450 4895 Non
1477 4842 1618 4900 enim
1645 4856 1711 4903 ea:
1744 4857 1989 4899 mensura
2028 4842 2124 4896 dat

538 4929 676 4985 Deus
700 4930 964 5002 spiritum.
993 4933 1073 4988 Ac
1098 4932 1144 4989 si
1172 4934 1438 4989 dixisset:
1468 4934 1549 4991 Ex
1575 4946 1831 4988 mensura
1854 4934 1948 4986 dat
1980 4933 2126 4989 Deus

533 5021 782 5089 spiritum
810 5039 967 5080 suum
998 5024 1222 5096 singulis
1251 5025 1594 5090 hominibus,
1613 5024 1748 5080 sicut
1776 5024 1855 5079 ait
1885 5023 2121 5095 Aposto-

536 5111 657 5166 lus:
692 5131 711 5164 ι
744 5113 846 5167 Alii
877 5115 1036 5168 datur
1061 5129 1161 5187 per
1191 5114 1454 5185 Spiritum
1485 5129 1665 5170 sermo
1688 5113 2002 5183 sapientiae,
2029 5115 2120 5173 alii

535 5214 714 5256 sermo
754 5206 1014 5260 scientiae
1048 5224 1066 5258 ι
1089 5245 1104 5271 ,
1139 5214 1429 5274 ceteraque
1457 5204 1818 5275 spiritualium
1853 5204 2118 5260 donorum

538 5290 745 5348 divisio.
771 5296 975 5362 Quibus
1006 5295 1188 5353 verbis
1230 5297 1553 5361 ostenditur,
1598 5310 1668 5349 ex
1711 5309 1963 5348 mensura
1999 5295 2117 5350 dari

540 5382 796 5450 Spiritum
823 5397 1066 5442 sanctum
1106 5389 1363 5444 membris
1393 5386 1687 5442 Ecclesiae.
1722 5382 1873 5451 Quod
1920 5398 2114 5439 conse-

540 5482 766 5543 quenter
793 5478 869 5530 ait
892 5477 1198 5547 Apostolus,
1230 5479 1415 5535 dicens
1440 5498 1451 5529 :
1494 5496 1509 5527 l
1553 5476 1701 5533 Unus
1724 5483 1903 5529 autem
1924 5491 2088 5546 opera
2105 5508 2117 5518 -

2222 4570 2320 4636 vit,
2353 4570 2406 4625 id
2433 4578 2517 4626 est
2543 4572 2791 4642 purgavit
2818 4571 2874 4626 in
2890 4570 3109 4642 spiritu,
3139 4583 3276 4641 quos
3300 4583 3408 4625 non
3434 4566 3569 4643 ipse.
3600 4568 3695 4626 sed
3722 4568 3806 4625 sui

2217 4662 2470 4733 discipuli
2498 4677 2638 4733 aqua
2665 4661 2948 4734 tingebaut
2974 4660 3029 4719 in
3065 4675 3311 4733 corpore.

2296 4739 2525 4824 Reliquit
2569 4751 2865 4819 Judaeum,
2904 4761 2956 4822 et
2997 4750 3125 4807 abiit
3162 4750 3349 4807 iterum
3397 4750 3455 4808 in
3490 4749 3801 4807 Galilaeam.

2224 4841 2518 4912 Postquam
2570 4843 2830 4899 Dominus
2879 4842 3153 4917 cognovit,
3190 4840 3279 4899 cui
3317 4841 3501 4899 omnia
3527 4842 3691 4913 corda
3714 4856 3807 4898 co-

2226 4935 2374 5006 gnita
2412 4942 2558 4997 sunt,
2587 4932 3048 5003 quodaudierant
3083 4932 3365 4990 Pharisaei
3406 4934 3590 5006 plures
3636 4933 3804 4990 disci-

2226 5022 2383 5092 pulos
2409 5022 2474 5076 ad
2503 5037 2626 5077 eum
2666 5021 2910 5087 venisse,
2940 5036 3102 5093 quam
3128 5023 3197 5077 ad
3223 5021 3484 5081 Joannem
3503 5064 3518 5089 ,
3543 5031 3597 5079 et
3627 5024 3808 5094 plures

2226 5114 2536 5182 haptizasse
2564 5128 2727 5182 quam
2758 5110 3028 5176 Joannes,
3061 5112 3279 5181 reliquit
3310 5110 3593 5169 Judaeum.
3622 5112 3810 5169 Phari-

2225 5204 2338 5260 saei
2389 5206 2625 5274 quippe,
2674 5203 2878 5258 invidia
2921 5203 3176 5259 commoti
3226 5204 3489 5261 adversus
3526 5201 3803 5259 Christum

2224 5292 2447 5365 ejusque
2476 5295 2792 5365 discipulos,
2815 5293 3058 5350 videntes
3078 5295 3404 5365 baptismum
3430 5292 3655 5350 Joannis
3672 5302 3807 5365 pau-

2226 5383 2392 5439 lulum
2420 5384 2702 5451 vilescere,
2731 5384 2988 5457 quoniam
3013 5386 3247 5440 maxime
3287 5399 3355 5440 es
3384 5383 3695 5443 Pbat'isaeis
3723 5383 3807 5440 di-

2225 5476 2421 5546 scipuli
2449 5474 2673 5533 Joannis
2704 5476 2946 5543 luerunt,
2977 5475 3117 5533 sicut
3150 5479 3313 5533 etiam
3342 5487 3466 5533 tunc
3491 5486 3543 5532 et
3567 5477 3803 5546 Christi,

1807 5566 1966 5621 VARI
1977 5568 2013 5620 ,ι
2025 5569 2064 5622 Ε
2106 5566 2510 5625 LECTIONES.

613 5634 628 5666 ¹
659 5634 793 5693 Corr
868 5654 962 5708 pro
987 5649 1104 5695 sant
1130 5643 1231 5695 cod
1270 5641 1380 5695 sed.

1460 5642 1478 5671 =
1511 5638 1639 5695 Cod.
1664 5636 1918 5708 ηυιιῳιὶά.
1998 5638 2019 5669 ³
2045 5639 2177 5694 Cod.
2213 5639 2447 5708 nunquid
