4174 6208
567 294 675 358 339

1941 300 2224 359 JOANNIS
2261 299 2454 357 SCOTI

3707 300 3812 356 τιιο

565 414 868 476 scientiam,
909 414 1215 483 perﬁcietur
1260 431 1351 482 per
1395 413 1810 468 deiﬁcationcm.
1850 413 1904 467 in
1955 425 2140 467 monte
2170 421 2214 475 Α
2244 412 2458 469 divinae
2479 415 2811 470 subStanttae
2837 415 2886 468 in
2911 429 3092 477 carne,
3129 416 3340 486 reliquit
3363 416 3611 488 hydriam
3640 432 3812 479 suam.

572 503 873 574 theologiae
913 505 965 556 in
1010 505 1199 571 spiritu
1247 506 1567 568 adorabunt,
1599 506 1688 575 qui
1727 506 1925 574 Spiritu
1955 518 2142 563 sancto

2241 505 2460 574 reliquit
2508 519 2662 559 usum
2710 523 2864 559 suum
2919 508 3215 572 carnalem,
3268 510 3486 580 reliquit
3533 526 3730 588 aquam
3761 523 3815 566 et

567 595 1055 650 iilutninatierunt.
1085 594 1295 664 Etenim
1326 594 1490 650 Pater
1519 597 1650 650 tute;
1673 595 1874 666 quaerit
1913 597 2150 651 adorati.
2244 593 2476 653 studium
2501 594 2735 649 carnalis
2761 596 3040 650 scientiae.
3086 635 3100 651 .
3143 636 3156 651 .
3201 636 3215 650 .
3259 632 3278 651 .
3321 636 3336 651 .
3378 636 3396 651 .
3440 637 3454 652 .
3499 637 3518 654 .
3557 635 3582 653 .
3618 634 3640 654 .
3677 633 3700 661 ρ
3735 636 3754 652 .
3796 638 3813 652 .

565 699 642 740 ια
664 703 738 751 se,
767 688 855 757 qui
889 704 1010 741 etnn
1058 688 1111 740 in
1143 688 1330 756 spiritu
1362 704 1460 740 suo
1506 698 1561 742 ct
1608 689 1657 741 in
1692 687 1920 741 veritate
1952 688 2137 758 cogni-

569 779 726 832 tionis
753 794 880 834 suae
905 780 1151 834 adorant.
1180 780 1332 845 Quod
1363 780 1630 849 praedixit
1690 779 1897 834 ratione
1925 778 2139 834 conclu-

569 870 666 930 sit,
688 869 874 923 dicens
901 886 914 922 :
1552 929 1562 938 _

634 959 865 1023 Spiritus
895 960 1050 1022 Dens,
1079 969 1124 1012 et
1164 971 1445 1014 adorantes
1465 978 1520 1016 se
1560 979 1613 1016 tn
1639 973 1824 1031 spiritu
1853 971 1899 1015 ct
1930 961 2139 1016 veritate

561 1057 762 1116 oportet
809 1053 1052 1103 adorare.
1094 1051 1173 1104 Ac
1219 1051 1263 1104 si
1308 1051 1510 1128 diceret
1542 1067 1556 1106 :
1587 1052 1643 1107 Si
1667 1054 1810 1106 Deus
1847 1067 2138 1123 corporeus

562 1151 656 1192 aut
685 1155 880 1210 corpus
907 1152 1068 1205 esset,
1100 1143 1348 1199 fortassis
1373 1156 1658 1213 quaereret
1689 1145 1802 1198 loca
1837 1143 2136 1213 corporalia

559 1233 626 1285 ad
679 1249 738 1286 se
787 1232 1141 1287 adorandum.
1212 1235 1328 1289 iam
1385 1237 1508 1305 quia
1559 1235 1783 1306 spiritus
1830 1235 1846 1266 ⁸
1891 1245 2005 1298 est,
2041 1250 2137 1290 eos

558 1322 788 1391 quaerit,
819 1324 909 1393 qui
945 1324 995 1378 in
1025 1325 1216 1392 spiritu
1240 1343 1339 1380 suo
1360 1338 1414 1380 et
1438 1328 1488 1379 in
1521 1327 1792 1381 intellectu
1824 1341 1923 1396 per
1955 1339 2136 1382 veram

555 1415 918 1483 cognitionem
943 1431 1002 1469 se
1025 1418 1268 1472 adorent.

629 1504 765 1558 Dicit
787 1505 834 1557 ei
856 1507 1044 1559 mittier
1067 1524 1086 1558 :
1117 1507 1262 1566 Scio,
1287 1511 1414 1575 quin
1449 1507 1670 1562 Messius
1697 1511 1849 1571 renit,
1881 1509 1973 1581 qui
2005 1509 2138 1565 dicio

555 1606 643 1647 tnr
663 1593 922 1654 Christus.
969 1596 1232 1661 Quoniam
1276 1599 1544 1667 praedixit
1588 1599 1844 1655 Dominus
1878 1619 1891 1652 :
1932 1619 1949 1651 ι
1991 1601 2139 1656 venit

556 1686 687 1739 hora
722 1700 771 1740 et
800 1702 940 1740 nunc
963 1698 1047 1741 est
1083 1708 1102 1739 ι
1131 1727 1144 1749 ,
1188 1689 1409 1757 putabat
1441 1689 1634 1742 mulier
1676 1691 1742 1743 de
1783 1690 1998 1751 Messia,
2033 1690 2134 1745 hoc

2611 843 3247 907 FRAGMENI‘UM
3306 845 3438 910 ΙΙΙ.

2801 985 2929 1042 ΕΜ).
2967 986 3051 1053 Vl,
3081 987 3233 1042 5-2“.

2238 1213 2448 1288 turbam
2480 1235 2546 1288 ad
2572 1248 2632 1288 se
2658 1233 2960 1291 venientem
2989 1235 3172 1291 videre
3201 1251 3305 1291 non
3329 1246 3528 1306 posset,
3558 1237 3603 1292 si
3627 1237 3816 1294 oculos

2235 1340 2366 1390 suos
2395 1340 2500 1380 non
2547 1326 2772 1391 levaret,
2823 1328 2912 1396 qui
2942 1367 2956 1392 ,
3004 1329 3316 1400 priusquam
3359 1329 3512 1384 ﬁeret
3559 1330 3814 1406 mundus,

2233 1414 2417 1468 outttia
2453 1415 2682 1478 viderat,
2734 1431 2910 1486 neque
2954 1432 3188 1487 unquam
3221 1418 3580 1488 corporalium
3627 1419 3812 1474 oculo-

2235 1517 2356 1557 rum
2411 1502 2785 1566 instrumentis
2828 1506 2903 1560 ad
2953 1507 3241 1560 videndum
3287 1507 3580 1578 indigebat.
3629 1508 3816 1564 Elevat

2234 1606 2366 1664 ergo
2393 1593 2578 1649 oculos
2607 1610 2752 1655 suos,
2780 1595 3012 1650 edocens
3057 1596 3236 1650 cordis
3279 1596 3446 1652 nostri
3492 1597 3678 1653 oculos
3705 1596 3813 1651 ele-

2237 1697 2388 1746 vare,
2435 1691 2714 1754 totumque
2743 1685 3002 1741 mundum
3044 1686 3278 1758 undique
3308 1688 3374 1740 ad
3423 1687 3582 1740 tidem
3612 1687 3812 1743 Christi

555 1788 640 1830 est
692 1779 758 1832 de
810 1788 1039 1836 venturo
1088 1779 1328 1842 Christo,
1357 1795 1516 1848 quem
1573 1781 1752 1834 adhuc
1789 1791 2132 1852 praesentem
2169 1773 2211 1831 Β
2238 1788 2583 1829 concurrere.
2615 1774 2819 1830 Levare
2841 1779 3003 1831 etiam
3025 1778 3212 1832 oculos
3232 1779 3405 1833 nostri
3429 1779 3610 1834 cordis
3635 1793 3816 1835 exem-

555 1884 662 1920 nou
687 1879 1034 1937 cognoverat,
1063 1871 1216 1938 quasi
1235 1870 1300 1922 de
1327 1871 1431 1923 alio
1459 1869 1681 1923 dixisse.
1707 1869 1963 1925 Audierat
1987 1870 2131 1925 enim

550 1973 617 2010 ex
648 1960 923 2028 prophetis
947 1959 1219 2015 Christum
1245 1972 1546 2016 venturum.
1578 1962 1699 2016 Ideo
1721 1963 1796 2016 ait
1820 1982 1832 2015 :
1859 1964 1982 2017 Scio
2007 1964 2130 2034 quia

553 2047 774 2104 Messias
827 2053 977 2105 renit.
1041 2051 1187 2106 Venit
1232 2053 1386 2117 dixit,
1431 2069 1534 2107 non
1573 2072 1589 2104 ι
1626 2055 1803 2109 veniet
1839 2077 1886 2120 ι,
1924 2065 1982 2110 ut
2033 2071 2132 2111 sua

551 2144 719 2195 verba
755 2143 932 2197 verbis
961 2147 1260 2214 prophetae
1277 2156 1632 2218 compararet,
1662 2164 1782 2201 cum
1812 2164 1919 2216 quo
1950 2148 2132 2216 loque-

551 2224 738 2298 batur;
769 2246 860 2288 aut
883 2238 1278 2304 qttmlatninmlo
1305 2237 1603 2292 illuminata
1627 2253 1656 2292 a
1692 2238 1883 2306 spiritu
1911 2240 2127 2292 venien-

551 2333 656 2376 tem
697 2326 982 2386 Christum
1027 2328 1462 2396 praesentialiter
1523 2327 1813 2390 intellexit,
1860 2337 1951 2381 aut
2002 2328 2127 2394 quia

550 2429 677 2468 usus
709 2414 958 2482 loquendi
985 2428 1087 2479 est,
1122 2428 1178 2470 ut
1203 2418 1269 2470 de
1293 2432 1378 2479 eo,
1406 2419 1496 2486 qui
1523 2429 1607 2472 est
1643 2419 1695 2470 in
1727 2419 1940 2481 itinere,
1975 2421 2126 2480 renit,

547 2517 672 2559 (‘ttm
700 2508 875 2562 adhuc
906 2521 1008 2562 non
1043 2509 1269 2564 venerit.
1301 2509 1530 2561 dicatur.
1565 2507 1790 2564 Messias
1815 2508 2126 2563 hebraicatn

546 2612 742 2651 nomen
770 2609 874 2662 est,
907 2599 1046 2666 quod
1076 2614 1270 2668 graece
1313 2598 1700 2669 interpretatur
1729 2598 1997 2664 Christus,
2025 2601 2125 2654 lue

543 2699 628 2742 est
653 2702 868 2743 unctus.
893 2689 1022 2742 Cum
1053 2692 1238 2744 renerit
1267 2692 1372 2750 ille,
1402 2690 1728 2742 udnnntiuilit
1754 2691 1900 2744 nobis
1925 2693 2123 2744 omnia.

547 2782 739 2835 Adhuc
761 2797 866 2835 non
900 2783 1163 2836 intellexit
1195 2781 1432 2851 perfecte
1461 2791 1800 2848 praesentem
1826 2780 2120 2843 Christum,

545 2872 772 2926 credidit
802 2882 1003 2938 tamen,
1034 2890 1061 2926 ιι
1087 2872 1363 2943 prophetis
1392 2872 1624 2934 erudita,
1649 2873 1934 2925 adventum
1963 2870 2122 2926 Chri-

543 2965 610 3016 sti
660 2962 1055 3016 et.tlot°.:t'iuattt
1100 2964 1216 3033 ejus
1270 2966 1527 3016 l'uturant.
1582 2963 1920 3016 Adnuntiabit
1977 2963 2123 3017 nobis

542 3056 740 3118 onmia,
774 3063 966 3110 cuncta
1009 3055 1278 3118 videlt'Cct,
1331 3068 1471 3123 quae
1504 3058 1568 3108 ad
1617 3055 1817 3108 cultum
1869 3071 2022 3108 suum
2068 3063 2122 3108 et

542 3142 720 3197 Patris
751 3145 832 3198 sui
864 3146 1156 3216 pertinent.

611 3235 749 3289 Dicit
790 3237 837 3290 ei
877 3235 1035 3290 Jcsns
1068 3253 1085 3291 :
1117 3237 1229 3307 ligo
1257 3254 1394 3303 sum,
1434 3239 1523 3308 qni
1568 3238 1752 3305 loquor
1781 3236 1891 3288 tibi.
1941 3234 2120 3288 l’rimo‘

539 3328 800 3382 Dominus
838 3329 1166 3383 intellectum
1209 3330 1450 3384 mulieris
1498 3329 1727 3397 aperuit,
1763 3337 1818 3380 ut
1855 3329 2120 3389 crederet,

541 3419 739 3475 deinde
765 3437 823 3473 se
855 3419 1028 3488 ipsum
1071 3421 1119 3473 ei
1161 3421 1543 3476 manil’cslavit.
1591 3419 1679 3472 Illa
1708 3419 1972 3488 siquidem
2005 3433 2120 3472 cre-

538 3509 675 3565 didit
707 3511 1017 3580 prophetas,
1054 3512 1143 3580 qui
1190 3512 1256 3564 de
1291 3512 1526 3565 adventu
1573 3508 1775 3564 Cltrisli
1834 3509 2121 3579 praedixe-

539 3611 696 3662 runt;
731 3596 956 3670 ideoque
987 3602 1177 3654 meruit
1209 3602 1350 3671 loqui
1374 3617 1492 3654 cum
1524 3601 1656 3671 ipso,
1683 3616 1842 3670 quem
1876 3599 2116 3654 futurum

536 3690 864 3749 crediderat.
894 3691 1141 3759 quamvis
1169 3691 1342 3744 adhuc
1375 3702 1718 3758 praesentem
1761 3706 1867 3744 non
1919 3705 2109 3760 cogno-

537 3791 709 3836 verat.
758 3783 923 3852 Cujns
967 3784 1087 3839 tidei
1131 3784 1328 3837 merito
1363 3785 1506 3838 venit
1543 3783 1609 3836 ad
1638 3783 1997 3854 cognitionem
2035 3784 2115 3837 loc

533 3873 752 3939 quentis
776 3874 841 3928 de
871 3889 928 3927 se
960 3875 1075 3944 ipso
1105 3874 1306 3928 Christi
1336 3884 1390 3926 et
1412 3873 1641 3927 dicentis
1671 3891 1684 3924 :
1715 3872 1824 3942 Ego
1854 3889 1968 3926 sunt
2002 3873 2116 3944 ipse

534 3963 816 4032 Christus;
852 3981 1010 4035 quem
1060 3966 1342 4036 cognoscis
1393 3966 1655 4032 futurum,
1693 3965 1805 4038 jam
1851 3981 2116 4040 cognosce

533 4068 902 4126 praesentem.
2000 4048 2008 4056 ’

604 4149 668 4204 Et
697 4154 944 4206 continuo
975 4167 1212 4207 rencrnnt
1236 4153 1482 4224 discipuli
1506 4155 1640 4224 ejus,
1672 4165 1719 4208 et
1760 4156 2109 4222 mirabantur,

531 4245 650 4312 quia
699 4263 815 4298 cum
873 4247 1089 4299 muliere
1144 4247 1470 4319 loqui-tuttur.
1521 4250 1700 4315 Quare
1750 4249 2110 4315 mirabantur,

529 4354 650 4389 runt
681 4335 999 4408 saepissime
1030 4340 1280 4393 tibristus
1329 4340 1538 4394 locutus
1579 4350 1662 4395 est
1703 4358 1828 4396 cum
1875 4342 2110 4397 mulieri-

531 4431 662 4485 ltus‘.’
712 4430 826 4483 Non
859 4447 988 4501 ιιι-ευ
1045 4433 1377 4486 mirabantur
1428 4434 1712 4488 Dominum
1754 4451 1908 4490 suum
1961 4436 2108 4507 loqui

526 4536 647 4576 cum
681 4523 926 4586 muliere,
953 4526 1046 4577 sed
1077 4525 1178 4579 hoc
1205 4524 1373 4578 solum
1413 4527 1777 4590 ἰυίιιειιιιιιιιιιι·ν
1824 4529 1954 4597 quia
1985 4544 2107 4583 cum

527 4613 887 4680 Samaritana,
919 4615 970 4668 id
1010 4626 1094 4670 est
1145 4616 1444 4687 alienigena
1495 4618 1752 4683 muliere,
1798 4620 2114 4689 ignorantes

527 4706 840 4774 mysterium
900 4706 1174 4762 Ecclesiae
1231 4709 1296 4762 de
1347 4709 1600 4775 gentibus
1653 4709 1885 4764 futurae.
1939 4709 2110 4765 Nemo

523 4807 696 4847 tamen
724 4796 925 4850 dicebat
955 4811 972 4847 .'
1005 4795 1146 4862 Quid
1184 4802 1392 4868 quaeris
1429 4809 1518 4851 unt
1563 4800 1687 4868 quid
1729 4799 1954 4871 loqueris
1989 4817 2107 4854 cum

523 4903 582 4942 ru
603 4894 624 4938 ζ’
652 4886 764 4940 Non
799 4889 944 4943 cnim
970 4892 1085 4943 ausi
1115 4901 1239 4944 sunt
1272 4892 1516 4962 discipuli
1555 4893 1893 4963 interrogare
1924 4895 2105 4947 Domi-

491 4993 652 5032 .num
679 4992 856 5042 suum,
899 4981 1169 5036 timentes.
1223 4998 1287 5032 ne
1331 4980 1398 5034 ab
1449 4996 1513 5033 eo
1561 4983 2104 5051 rcprrhenderentur,

525 5080 568 5125 st
624 5076 842 5125 incaute
893 5089 1014 5128 cum
1083 5074 1516 5143 interregarent,
1571 5076 1805 5130 nondum
1866 5078 2105 5132 valentes

523 5164 736 5215 futurae
764 5163 1033 5217 Ecclesiae
1057 5165 1370 5236 mysterium
1395 5178 1738 5232 cognoscere.

596 5255 820 5320 Reliquit
875 5271 996 5323 ergo
1053 5256 1292 5323 Itydrium
1358 5273 1509 5310 suam
1563 5259 1770 5310 mulier.
1816 5255 2105 5326 Postquam

520 5347 760 5401 Ecctesia
789 5355 890 5403 set
932 5349 1167 5403 humana
1217 5363 1410 5404 natura
1451 5349 1700 5422 cognovit
1745 5351 2102 5420 praesentiam

2232 1864 2323 1934 plo
2348 1864 2549 1928 Christi
2578 1868 2958 1940 admonemur,
2987 1877 3066 1935 ut,
3100 1869 3145 1924 si
3177 1868 3334 1931 forte,
3371 1886 3438 1926 eo
3464 1886 3561 1925 nos
3587 1876 3815 1930 docente

2219 1967 2288 2010 et
2331 1956 2557 2012 interius
2622 1958 2992 2023 illuminante,
3059 1960 3398 2018 altitudinem
3469 1962 3699 2017 actionis
3759 1970 3817 2018 et

2231 2049 2512 2115 scientiae,
2541 2065 2750 2106 necnon
2779 2062 2834 2107 et
2874 2053 3171 2122 theologiae
3204 2054 3496 2113 ascendere
3531 2054 3814 2122 permitta-

2235 2153 2375 2204 mur,
2403 2139 2561 2194 turba
2599 2142 2942 2210 sequentium
2971 2143 3270 2198 carnalium
3300 2144 3685 2213 cogitationum
3714 2159 3816 2200 nos

2232 2246 2338 2288 non
2381 2231 2680 2302 perturbet,
2705 2242 2760 2287 et
2787 2250 2817 2286 a
2848 2233 3323 2305 contemplationis
3366 2233 3650 2290 altitudine
3672 2233 3810 2306 deji-

2231 2321 2359 2386 ciat,
2395 2323 2489 2377 sed
2535 2337 2632 2377 eas
2679 2324 3049 2395 spiritualibus
3087 2325 3246 2388 escis,
3281 2333 3543 2397 quantum
3585 2320 3813 2398 possunt

2231 2426 2450 2482 capere,
2482 2413 2865 2470 satisfaciendo
2894 2430 3123 2486 pascere
3163 2431 3537 2486 procuretnus.
3572 2417 3709 2472 Dicit
3740 2419 3814 2476 ad

2232 2501 2555 2574 Philippum.
2578 2503 2880 2577 Philippus,
2893 2509 2983 2577 qui
3003 2508 3392 2579 interpretatur
3410 2526 3465 2562 os
3481 2508 3739 2579 latnpadis
3756 2521 3813 2578 0,.

2231 2592 2454 2665 ﬁguram
2487 2596 2628 2667 gerit
2654 2597 3078 2666 praedicantium
3108 2577 3294 2664 ﬁdem,
3316 2598 3511 2670 quibus
3538 2598 3592 2653 in
3625 2577 3817 2654 aliilu—

2230 2685 2358 2738 dine
2402 2686 2876 2758 contemplationis
2921 2704 3046 2743 cum
3094 2688 3312 2744 Christo
3357 2690 3697 2756 constitutis,
3742 2689 3819 2746 de

2229 2775 2529 2845 carnalium
2578 2778 2968 2847 cogitationum
3017 2779 3173 2834 turba
3231 2780 3500 2850 pascendo
3547 2779 3813 2836 Dominus

2228 2865 2468 2934 quotidie
2495 2865 2734 2938 loquitur
2759 2886 2772 2920 :
2802 2865 2953 2921 Unde
2975 2885 3202 2922 curentur
3226 2885 3386 2939 partes
3414 2879 3466 2922 ut
3496 2869 3807 2923 manducent

2228 2955 2320 3008 In'.’
2365 2953 2477 3008 Hoc
2521 2969 2694 3021 autem
2725 2957 2924 3012 dicebat
2959 2969 3162 3014 tentant
3208 2975 3344 3021 cum,
3372 2958 3474 3014 hoc
3513 2969 3595 3013 cst
3646 2958 3810 3014 ﬁdem

2230 3045 2398 3115 ipsius
2426 3047 2491 3100 de
2533 3047 2714 3100 futuro
2755 3048 3016 3104 miraculo
3055 3048 3359 3104 consulens.
3387 3050 3528 3104 Deus
3573 3056 3814 3105 tentatae

2152 3133 2196 3192 C
2230 3137 2492 3191 malorum
2523 3124 2627 3192 est.
2646 3139 2844 3195 Tentat
2873 3149 3057 3194 autem
3085 3141 3292 3195 electos
3320 3142 3578 3210 probandi
3608 3139 3807 3212 gratia,

2224 3243 2331 3281 non
2359 3230 2759 3299 supplantandi.
2780 3230 3122 3286 Tentationis
3143 3230 3408 3302 siquidem
3438 3231 3574 3286 duae
3596 3229 3809 3301 species

2224 3330 2369 3383 sunt,
2419 3332 2650 3392 quarum
2703 3337 2809 3376 una
2849 3320 3125 3389 iustorum
3167 3323 3362 3392 probat
3402 3323 3597 3391 tidem,
3635 3321 3805 3380 altera

2223 3408 2512 3487 impiorum
2543 3418 2797 3489 reprobat
2830 3418 3138 3489 perﬁdiam.

2294 3505 2415 3576 Ipse
2443 3508 2581 3562 enim
2612 3507 2827 3571 sciebat,
2859 3507 2988 3579 quid
3030 3506 3406 3578 [utnrnmerat
3443 3508 3634 3576 facere.
3667 3506 3802 3564 Pro-

2220 3597 2403 3661 bandi,
2431 3597 2624 3668 inquit.
2651 3599 2821 3668 gratia
2851 3607 3021 3653 tentat
3043 3590 3304 3653 Dominus
3334 3598 3663 3669 Philippum,
3693 3613 3805 3655 non

2218 3691 2484 3757 discendi,
2532 3691 2662 3760 quid
2707 3689 3030 3746 faciendum.
3061 3692 3222 3744 t'oret.
3271 3690 3388 3761 Ipse
3425 3691 3569 3744 enim
3624 3691 3804 3756 novit.

2217 3785 2534 3854 priusquam
2577 3785 2732 3838 ﬁeret
2780 3784 3034 3850 inundus,
3080 3785 3263 3839 omnia
3315 3783 3614 3850 miracula,
3661 3801 3801 3857 quae

2217 3875 2460 3930 facturus
2485 3885 2628 3930 esset
2661 3876 2715 3930 in
2751 3875 2974 3930 mundo.
3006 3874 3158 3942 Quod
3190 3876 3334 3930 enim
3366 3875 3476 3941 ait,
3507 3875 3616 3946 ipse
3661 3876 3801 3930 enim

2214 3967 2557 4029 sciebannon
2602 3975 2728 4022 ante
2777 3965 2999 4038 aliquod
3051 3977 3282 4036 tempus,
3331 3965 3424 4022 sed
3463 3976 3590 4022 ante
3619 3967 3800 4024 omnia

2217 4067 2460 4129 tempora
2520 4068 2882 4130 cognoverat,
2941 4058 3070 4129 quid
3123 4057 3362 4112 futurum
3425 4056 3475 4110 ei
3541 4063 3661 4112 erat
3715 4056 3806 4112 ia-

2213 4170 2360 4209 cere.

2291 4241 2570 4317 Respondit
2618 4244 2669 4299 ei
2718 4241 2992 4312 Philippus
3025 4255 3044 4293 :
3077 4240 3436 4296 Dncentornm
3457 4240 3804 4297 denariorum

2211 4354 2370 4406 partes
2404 4352 2507 4388 non
2551 4334 2810 4406 sufﬁciunt
2864 4332 2967 4395 Itis,
3027 4349 3080 4387 at
3134 4331 3486 4403 unusquisque
3534 4329 3802 4383 modicum

2214 4430 2339 4500 quid
2370 4427 2617 4494 arripiat.
2647 4426 2838 4479 Adhuc
2872 4423 3154 4494 Philippus
3202 4423 3340 4477 lacte
3370 4423 3651 4476 doctrinae
3694 4436 3798 4474 nu-

2218 4520 2396 4582 tritus,
2428 4517 2656 4571 solidum
2700 4531 2862 4570 verae
2890 4515 3014 4570 ﬁdei
3057 4524 3219 4583 atque
3247 4513 3569 4586 cognitionis
3615 4512 3806 4566 cibum-

2215 4626 2407 4680 capere
2436 4627 2538 4664 non
2572 4609 2779 4670 valens,
2813 4602 2970 4676 juxta
3000 4623 3130 4661 suae
3163 4606 3277 4674 jam
3310 4605 3528 4658 virtutis
3572 4603 3797 4657 faculta-

2215 4711 2322 4756 tem
2371 4699 2669 4769 respondit,
2699 4696 3034 4768 impossibile
3061 4695 3397 4759 existimans,
3433 4703 3634 4746 tantam
3662 4690 3797 4747 mul-

2212 4793 2490 4845 titudinem
2549 4790 2736 4860 paucis
2784 4788 3012 4860 panibus
3060 4786 3208 4840 reliei
3259 4799 3434 4856 posse.
3500 4783 3796 4838 Erudiendi

2213 4881 2392 4950 itaque
2419 4880 2591 4949 gratia
2623 4877 2757 4931 ludit
2800 4877 3059 4931 Dominus
3096 4890 3220 4928 cum
3269 4873 3531 4943 Philippo,
3582 4881 3814 4960 tentanq

2211 4975 2328 5044 cjas
2356 4973 2476 5028 lidci
2527 4959 2964 5040 simplicitatem,
3001 4977 3058 5021 ut
3085 4984 3182 5038 per
3209 4968 3308 5022 hoc
3355 4965 3588 5020 disceret
3633 4959 3839 5050 altiu‘:

2211 5067 2546 5128 ascendere,
2605 5064 2912 5134 nullamque
2965 5060 3334 5115 difﬁcultatem
3384 5059 3493 5116 Deo
3544 5057 3796 5112 crederet

2215 5160 2412 5213 inesse.
2442 5156 2587 5212 Ordo
2632 5156 2816 5225 itaque
2861 5153 3364 5224 cvangchsantiutn,
3403 5149 3516 5219 qui,
3557 5159 3614 5203 ut
3659 5149 3797 5204 dixi-

2213 5268 2350 5312 mus,
2392 5266 2490 5321 per
2529 5251 2832 5320 Philippum
2894 5250 3069 5319 typice
3114 5248 3441 5311 insinuatur,
3476 5244 3704 5300 tentanti
3737 5257 3798 5298 se

2217 5346 2468 5407 Domino,
2492 5343 2590 5398 hoc
2620 5353 2726 5409 est,
2753 5341 2912 5397 ﬁdem
2944 5343 3154 5396 illorutn
3181 5339 3451 5411 probanti,
3475 5354 3540 5394 ac
3566 5353 3665 5414 per
3690 5337 3796 5398 hoc

1819 5467 2073 5525 \°.-\ltl.-\E
2112 5464 2512 5524 LECTIONES.

2050 5611 2316 5666 NOTAE.-

593 5713 615 5740 ει
660 5702 795 5761 Mira
817 5718 945 5758 sane
973 5693 1378 5775 interpretatio,
1417 5704 1661 5762 dcrivarc
1697 5705 1840 5760 enim
1877 5705 2085 5757 videtur
2110 5715 2290 5756 vocuo
2328 5699 2598 5769 Philippus
2624 5716 2650 5752 τι
2679 5708 2758 5762 ξε,
2796 5713 2873 5763 ur,
2903 5705 2954 5751 et
2981 5699 3201 5768 λαμπάς.

597 5540 610 5569 ⁸
643 5541 824 5604 (.ut‘l'.,
851 5541 969 5593 Citii.
999 5541 1087 5610 qui
1113 5563 1142 5595 tt
1169 5542 1375 5610 spiritu.
