4236 6072
443 285 546 340 διι

1523 295 1872 354 εοιιιιιίητ.
1915 291 1978 351 ιδ
2015 279 2264 358 evado.
2309 302 2452 358 ssc.
2489 303 2680 363 JOAN.

3598 302 3708 360 342

445 405 610 457 etiam
641 401 904 468 laudanti,
937 405 1211 476 respondit
1243 428 1254 462 :
1287 408 1651 467 Duce-uterum
1681 413 2101 475 denariorumlA
2133 416 2368 471 sibilium
2395 433 2574 472 rerum
2605 419 3092 489 signiﬁcationibus
3144 415 3433 484 nutriatur,
3480 417 3708 488 puich

445 509 615 562 panes
643 509 750 548 non
778 494 1067 552 subiciunt.
1094 498 1449 557 Centenarius
1470 517 1729 556 numerus
1753 497 2029 574 pii-fectus

441 595 561 652 est;
605 588 788 645 decies
807 590 954 644 enim
984 574 1174 646 decem
1206 605 1330 646 eum
1363 593 1688 659 coniiciunt;
1721 593 1811 664 qui
1838 607 2026 648 nume-

445 694 540 733 rus
563 678 608 732 si
656 679 818 734 fuerit
851 680 1177 751 duplicatus,
1218 681 1422 740 faciunt
1469 683 1766 750 ducentos;
1799 685 2028 754 pulchre

441 771 831 842 perfectionem
876 773 1050 829 bonae
1077 775 1305 830 actionis
1329 785 1383 829 ct
1409 776 1745 831 rationabilis
1765 778 2026 834 scientiae

444 869 628 933 typum
657 877 874 934 gerens,
907 881 1044 934 quac
1073 865 1383 934 pascendis,
1423 867 1523 922 hoc
1549 877 1634 922 est
1661 869 1945 924 audiendis
1969 869 2023 924 in

441 949 550 1008 ﬁde
578 970 682 1009 non
711 953 1006 1022 suﬂlciunt,
1035 957 1138 1013 nisi
1166 958 1248 1012 eis
1274 957 1505 1014 altitudo
1531 959 1828 1030 lheologiae
1857 961 2024 1016 addu-

439 1052 548 1098 tur.
579 1043 739 1100 Actio
776 1047 976 1117 quippe
1005 1048 1263 1102 virtutum
1295 1048 1530 1102 ﬁdelium
1563 1049 1772 1104 animas
1821 1049 2023 1105 solum-

439 1137 601 1193 modo
633 1147 852 1208 purgat,
880 1139 1105 1194 scientia
1136 1154 1264 1194 vero
1313 1155 1494 1196 rerum
1539 1151 1846 1196 creatarutn
1897 1142 2020 1196 illu-

436 1231 640 1291 minat;
675 1234 770 1286 sed
803 1232 890 1286 illa
919 1234 1170 1304 purgatio
1211 1246 1374 1303 atque
1421 1236 1743 1292 illuminatio
1789 1238 1870 1292 eis
1914 1253 2019 1293 non

434 1323 646 1385 sufﬁcit,
676 1326 776 1380 nisi
810 1327 1024 1382 habitus
1047 1329 1323 1399 perfectae
1349 1331 1825 1403 contemplationis
1848 1332 2016 1386 adda-

433 1426 543 1481 tur,
569 1418 660 1486 qui
691 1418 838 1474 solus
861 1421 1072 1474 animas
1101 1422 1168 1474 ad
1189 1431 1624 1479 consununatam
1652 1423 2016 1490 spiritualium

434 1503 788 1588 refectionum
821 1509 1210 1578 plenitudinem
1240 1513 1504 1582 perducit.

501 1595 642 1652 Dicit
680 1599 728 1652 ei
778 1617 914 1656 unus
964 1601 1342 1671 discipulorum
1384 1620 1499 1672 qus
1544 1602 1803 1667 Andreas,
1851 1603 2020 1672 frater

429 1683 662 1744 Simonis
685 1688 867 1745 Petri:
890 1691 979 1746 Est
1005 1693 1258 1762 puerulus
1286 1711 1423 1749 unus
1445 1694 1655 1764 Itic,qui
1682 1696 1832 1750 habet
1860 1686 2014 1766 quin-

2126 511 2388 566 Dominus
2417 513 2664 580 sequenti
2698 527 2756 566 se
2787 511 2979 568 turbae
3011 512 3248 570 ﬁdelium
3295 524 3469 580 panes
3509 511 3708 567 distri-

2124 603 2243 657 buit
2272 602 2590 667 hordaceos,
2615 613 2673 658 ut
2724 605 2877 673 prius
2922 604 3048 660 inde
3097 601 3473 681 alienisfni
3519 601 3706 663 ﬁdem.

2084 734 2088 738 .
2122 705 2292 762 quam
2320 703 2667 764 acceperant,
2700 697 3059 758 servaverint,
3081 696 3149 751 ad
3173 693 3479 765 apiritualia
3517 703 3586 749 et
3621 694 3708 751 ul-

2126 785 2263 838 tiOra
2293 784 2634 841 rationabilis
2655 797 2942 846 creaturae
2972 787 3230 842 alimenta
3267 785 3546 857 perducat,
3579 785 3702 856 qui-

2124 876 2240 936 bus,
2259 877 2569 946 priusquam
2585 892 2874 946 corporea
2891 891 3102 940 sensus,
3120 877 3431 946 omniaque,
3447 891 3588 946 quae
3609 891 3706 936 per

2122 983 2216 1021 eos
2245 969 2542 1038 accipiunt,
2599 969 3006 1032 transcendant,
3052 967 3244 1022 nutriri
3301 982 3412 1022 non
3455 975 3700 1037 possunt.

2121 1057 2277 1125 Quod
2323 1073 2451 1130 ergo
2481 1060 2579 1124 ait,
2601 1059 2692 1114 sed
2715 1061 2812 1113 hoc
2842 1060 2969 1129 quid
2989 1070 3062 1113 est
3093 1061 3148 1113 in
3171 1069 3340 1112 tantos
3361 1058 3387 1110 .’
3442 1058 3549 1110 tale
3595 1066 3705 1122 erat,

2123 1167 2186 1206 ac
2215 1152 2259 1205 si
2297 1151 2502 1208 diceret
2534 1170 2547 1205 :
2582 1152 2742 1224 chis
2768 1151 2942 1207 littera
2971 1168 3066 1206 seu
3113 1151 3361 1220 corporei
3411 1166 3602 1205 sensus
3648 1159 3706 1202 ct

2123 1245 2445 1313 corporalia,
2472 1244 2600 1316 quid
2629 1245 2790 1298 sunt?
2830 1247 2958 1314 quid
2985 1255 3208 1313 prosunt
3233 1245 3296 1298 ad
3325 1256 3528 1298 tantam
3568 1241 3705 1295 mul-

2123 1333 2406 1388 titudinem
2457 1333 2714 1397 lidelium,
2747 1335 2837 1404 qui
2869 1335 2919 1388 in
2956 1343 3004 1389 te
3034 1334 3290 1389 credituri
3326 1345 3468 1389 sunt.
3503 1344 3553 1386 et
3589 1333 3704 1401 spi-

2120 1423 2336 1482 ritual'ta
2387 1425 2644 1481 alimenta
2697 1425 2956 1494 petituri,
3001 1439 3142 1493 quae
3196 1437 3410 1477 omnem
3463 1423 3698 1474 litteram

2117 1531 2440 1584 omnemque
2463 1531 2780 1586 corporeum
2807 1530 3023 1570 sensum
3059 1513 3347 1582 superant?
3371 1532 3389 1562 ι
3419 1511 3528 1565 Nec
3552 1512 3695 1565 enim

2115 1608 2306 1664 oculus
2333 1609 2484 1673 vidit,
2509 1623 2611 1664 nec
2643 1608 2791 1662 auris
2827 1607 3050 1670 audivit,
3091 1619 3188 1662 nec
3231 1605 3284 1659 in
3328 1604 3702 1661 cor-hominis

2118 1699 2384 1764 ascendit,
2413 1715 2552 1770 quae
2581 1699 2925 1769 praeparavit
2955 1697 3099 1752 Deus
3124 1696 3470 1767 diligentibus
3511 1710 3570 1751 se
3615 1717 3656 1747 ι.

426 1797 527 1868 que
544 1798 705 1851 panes
731 1783 1071 1849 hordeaceus,
1108 1797 1155 1839 et
1202 1785 1336 1840 duos
1389 1787 1690 1855 pisciculos,
1738 1788 1831 1842 sed
1881 1789 2010 1842 haec
2045 1783 2086 1854 Β
2139 1782 2152 1797 ’
2183 1789 2323 1844 Dicit
2350 1800 2520 1844 autem
2545 1789 2701 1843 Iesus
2725 1786 2952 1843 :Facite
2973 1789 3206 1842 homines
3232 1787 3544 1841 recumbere.
3570 1785 3698 1838 Erat

424 1870 552 1939 quid
581 1882 703 1928 sunt
724 1873 778 1926 in
800 1876 1014 1928 tantos?
1049 1877 1251 1931 Eadem
1281 1877 1652 1948 simplicitate,
1677 1895 1781 1950 qua
1814 1888 1868 1933 et
1889 1878 2015 1934 Plii-

424 1959 627 2029 Βρφιιε,
660 1964 937 2033 respondit
964 1966 1212 2020 Andreas
1242 1965 1411 2022 frater
1458 1961 1698 2023 Simonis
1744 1969 1908 2022 Petri.
1953 1968 2010 2023 In

422 2064 490 2104 ea
523 2058 705 2109 tamen
743 2050 1097 2124 simplicitate
1130 2055 1410 2126 multiplex
1443 2058 1754 2113 continetur
1781 2058 2008 2113 tbeoria.

422 2139 690 2200 Poet-nius
723 2145 848 2210 iste,
878 2146 970 2216 qui
1011 2143 1168 2214 juxta
1207 2147 1366 2211 ﬁdem
1401 2164 1580 2204 rerum
1609 2159 1888 2221 gestarum
1918 2146 2010 2206 aut

423 2248 564 2290 unus
586 2249 659 2289 ex
688 2234 973 2306 discipulis
997 2237 1342 2310 intelligitur.
1368 2229 1460 2294 aut
1488 2241 1750 2311 puerulus
1789 2238 2009 2310 quidam

419 2337 491 2380 ex
523 2327 700 2392 turba,
721 2342 862 2398 quae
891 2342 987 2384 eos
1009 2331 1361 2400 sequebatur,
1388 2333 1616 2402 mystice
1640 2332 2008 2404 legislaturem

419 2415 712 2488 signiﬁcat,
741 2417 928 2475 Mosen
971 2421 1350 2492 videlicet,qui
1373 2422 1534 2477 veluti
1557 2423 1778 2492 quidam
1801 2430 2004 2496 pueru-

419 2507 507 2561 lus
532 2523 640 2562 non
665 2507 958 2579 incongrue
987 2510 1206 2576 dicitur,
1237 2513 1382 2583 quia.
1406 2513 1520 2583 ipsa
1574 2513 1689 2576 lex,
1719 2529 1864 2583 quae
1909 2527 2010 2586 per

414 2610 544 2652 cum
570 2597 694 2653 data
721 2607 825 2663 est,
862 2601 1132 2656 neminem
1157 2603 1223 2657 ad
1247 2602 1543 2675 perfectam
1575 2602 1824 2670 iustitiae
1853 2614 2007 2662 aeta-

419 2697 528 2742 tem
555 2690 824 2758 perduxit.
858 2691 1008 2748 Unus
1037 2694 1296 2763 puerulus
1327 2682 1532 2751 dicitur
1553 2696 1851 2768 legislator,
1875 2698 2003 2769 quia

417 2779 683 2836 unitatem
729 2780 1010 2839 Ecclesiae
1063 2782 1305 2842 futuram
1363 2783 1764 2858 praeﬁgurabat
1821 2785 2000 2851 lactis,

416 2869 685 2942 dictisque
699 2873 1084 2944 prophetabat.
1119 2874 1222 2930 Hic
1249 2877 1409 2942 dixit,
1439 2877 1543 2933 hoc
1582 2888 1664 2933 est
1715 2877 1768 2933 in
1821 2875 2001 2934 Veteri

416 2959 791 3027 Testamento,
824 2961 987 3034 quod"
1016 2965 1128 3035 jam
1175 2964 1325 3022 Novo
1369 2968 1706 3046 clarescente
1746 2968 2004 3026 vilescere

413 3055 614 3126 coepit,
643 3056 822 3112 adhuc
845 3065 1026 3112 tamen
1053 3059 1279 3115 omnino
1304 3075 1410 3114 non
1448 3061 1693 3116 recessit.
1723 3059 1828 3126 Qui
1847 3063 2004 3122 habet

411 3145 643 3217 quisque
667 3162 830 3216 partes
862 3147 1219 3214 hordeaceus;
1267 3151 1507 3220 quinque
1552 3165 1720 3220 panes
1747 3151 2000 3208 ltordeaci
2034 3147 2074 3206 C

414 3243 540 3288 sant
567 3236 808 3306 quinque
834 3235 1104 3295 llosaieae
1132 3239 1268 3310 legis
1297 3238 1440 3304 libri,
1465 3240 1555 3310 qui
1582 3239 1869 3294 hordeacei
1895 3255 2001 3295 non

412 3327 687 3386 immerito
715 3329 994 3398 dicuntur,
1024 3335 1151 3403 quia
1183 3333 1431 3390 carnales
1467 3334 1718 3388 homines
1757 3334 1866 3389 illis
1905 3349 2003 3406 pa-

409 3423 725 3477 scebantur.
754 3421 1029 3480 Hordeum
1060 3427 1260 3498 quippe
1275 3426 1648 3497 jumentorum
1672 3435 1758 3483 est
1779 3427 2002 3499 proprie

411 3509 748 3578 alimentum,
781 3515 1224 3574 nou'liomiuum.
1257 3517 1506 3574 Carnalis
1548 3519 1781 3590 populus
1821 3519 2001 3576 adhic

409 3601 514 3658 sub
550 3602 732 3658 littera
764 3604 988 3678 degens,
1021 3615 1076 3662 et
1099 3616 1424 3664 vetustatem
1451 3607 1614 3680 primi
1649 3609 1906 3676 bominis,
1932 3610 2002 3668 de

407 3707 517 3761 quo
553 3694 816 3764 scriptum
833 3704 950 3751 est:
986 3715 1006 3748 ι
1028 3696 1219 3759 Homo.
1236 3714 1358 3754 cum
1384 3698 1438 3755 in
1466 3699 1674 3756 bonore
1701 3709 1865 3766 esset,
1889 3717 1996 3757 nea

407 3787 692 3854 intellexit,
716 3799 1064 3860 comparatus
1095 3801 1176 3846 est
1200 3789 1464 3860 iumentis
1506 3792 1908 3863 insipientibus,
1939 3803 1999 3849 et

405 3880 598 3936 similis
629 3880 809 3938 factus
845 3891 931 3938 est
972 3881 1078 3939 illis
1113 3902 1162 3949 ι,
1196 3899 1304 3939 non
1349 3883 1633 3951 deserens,
1665 3886 1720 3941 in
1767 3901 1997 3944 numero

398 3971 770 4042 iumentorum
819 3973 1104 4030 brutorum
1153 3975 1595 4048 computabatur,
1643 3991 1712 4032 ac
1758 3991 1858 4047 per
1890 3977 1997 4035 hoc

402 4062 519 4120 sols
545 4063 750 4129 littera,
764 4064 919 4136 quasi
941 4065 1175 4136 quodam
1199 4065 1503 4121 hordeaceo
1522 4082 1660 4137 pane
1679 4066 1851 4121 mixto
1869 4079 1994 4121 cum
2024 4131 2042 4144 ο

404 4154 584 4226 palea,
613 4172 723 4212 non
750 4165 934 4213 autem
971 4157 1244 4230 spirituali
1278 4158 1518 4213 medulla
1564 4159 1736 4229 ipsius
1779 4158 1996 4215 litterae

403 4249 745 4305 vescebatur.
774 4249 976 4306 Grauis
1007 4250 1276 4320 siquidem
1317 4249 1637 4305 bordeaceis
1663 4250 1739 4305 ita
1765 4258 1991 4305 natura-

402 4339 529 4396 liter
553 4341 728 4398 intimi
760 4342 1039 4413 palearum
1068 4339 1293 4397 folliculi
1338 4342 1658 4406 adhaerent,
1691 4353 1751 4396 ut
1798 4342 1888 4398 vis
1920 4341 1994 4398 ab

399 4447 590 4487 eorum
622 4432 855 4487 medulla
900 4431 1174 4503 segregari
1228 4440 1454 4502 queant,
1505 4431 1756 4501 legalium
1805 4433 1993 4488 sacra;

2117 1890 2290 1934 autent
2319 1880 2528 1948 foenum
2558 1879 2778 1932 multum
2809 1877 2863 1931 in
2891 1879 3026 1930 loco.
3050 1877 3291 1931 Foentnn
3319 1876 3542 1930 nmltum
3569 1877 3702 1946 legis

2116 1972 2352 2026 litteram
2381 1968 2827 2043 signiﬁcat.,tfnae
2856 1968 3132 2036 multiplex
3164 1977 3284 2022 erat
3315 1968 3367 2020 in
3405 1967 3699 2036 symbolis,

2115 2063 2333 2118 foenum
2385 2077 2603 2134 quoque
2644 2060 2872 2114 multum
2930 2056 3228 2115 carnalium
3281 2056 3694 2128 Cogitationurn,

2115 2168 2254 2225 quae
2283 2167 2380 2224 per
2419 2165 2713 2222 corporeus
2753 2164 2946 2204 sensus
2997 2147 3212 2202 animae
3258 2146 3596 2218 ingeruntur,
3629 2144 3699 2198 ab

2115 2261 2288 2317 eaque
2336 2246 2531 2301 iterum
2584 2241 2846 2298 citissime
2902 2241 3191 2304 labuntur,
3242 2253 3348 2294 non
3404 2237 3703 2306 incongrue

2112 2337 2404 2410 signiﬁcat.
2436 2335 2668 2392 Pulchre
2689 2348 2905 2404 quoque
2934 2331 3182 2401 discipuli
3208 2330 3467 2400 julientm-
3488 2327 3702 2390 Jaccre

2114 2431 2360 2486 homines
2399 2428 2732 2490 recumbere,
2756 2425 3011 2495 quoniam
3039 2421 3281 2494 magistri
3308 2420 3570 2476 veritatis.
3591 2417 3697 2473 nisi
3739 2465 3741 2468 ι

2110 2524 2264 2596 prius
2289 2522 2450 2578 veluti
2476 2523 2528 2576 in
2553 2519 2753 2575 inﬁtuis
2781 2518 2936 2580 locis,
2959 2518 3011 2571 in
3033 2513 3376 2584 simplicitate
3405 2512 3616 2566 litterae
3644 2516 3700 2564 et

2112 2616 2339 2674 visibilis
2370 2623 2652 2670 creaturae
2697 2627 2827 2674 ωε,
2878 2623 3017 2680 quos
3065 2605 3427 2666 tuttriverant,
3478 2601 3700 2660 erudire

2111 2703 2395 2776 incipiant,
2426 2703 2479 2756 in
2506 2699 2843 2754 altitudinem
2869 2691 3336 2773 contemplationis
3358 2691 3569 2760 eligere
3590 2703 3698 2743 non

2114 2795 2312 2849 valent.
2346 2793 2560 2848 Primus
2597 2793 2761 2862 quipp
2781 2808 2792 2824 ι
2817 2787 3016 2860 gradus
3040 2796 3123 2840 est
3141 2827 3156 2848 ,
3185 2785 3253 2838 ad
3297 2782 3696 2839 asuendendant

2110 2888 2446 2942 altitudinem
2473 2886 2756 2948 virtutum,
2785 2890 3007 2936 sanctae
3043 2878 3356 2948 Seripturae
3380 2875 3578 2938 littera,
3607 2887 3696 2930 re-

2113 2992 2341 3048 rumque
2369 2975 2658 3031 visibilium
2688 2973 2920 3043 species,
2942 2980 3000 3024 ut
3020 2969 3174 3040 prius
3205 2968 3337 3023 lecta
3374 2967 3575 3029 littera,
3598 2979 3694 3020 seu

2109 3081 2359 3128 creatura
2389 3070 2648 3136 inspecta,
2673 3066 2727 3119 in
2747 3064 2994 3135 spiritum
3018 3061 3250 3124 litterae,
3273 3068 3328 3114 et
3352 3059 3403 3112 in
3427 3059 3694 3112 rationem

2107 3171 2415 3220 creaturae,
2447 3167 2626 3211 rectae
2657 3154 2886 3208 rationis
2917 3151 3195 3223 gressibus
3227 3150 3543 3204 ascendant.
3584 3143 3692 3200 lie-

2105 3253 2393 3307 cnbuenmt
2443 3263 2565 3317 ergo
2607 3245 2704 3300 viri
2751 3258 2968 3298 numero
3013 3242 3165 3312 quasi
3213 3241 3442 3311 animine
3499 3236 3690 3291 mitiia.

2105 3343 2307 3400 Eadem
2359 3339 2572 3394 ratione
2621 3336 2883 3396 tlteoriae,
2938 3333 3076 3387 sicut
3119 3347 3216 3405 per
3252 3331 3490 3402 quinque
3522 3342 3693 3398 panes

2103 3433 2343 3504 quinque
2370 3428 2493 3484 libri
2534 3427 2724 3490 Mosis,
2751 3433 3014 3497 quantum
3059 3422 3129 3479 ad
3181 3421 3418 3476 litteram
3468 3419 3687 3481 attinet,

2102 3537 2198 3579 seu
2238 3521 2476 3593 quinque
2505 3517 2749 3587 corporis
2790 3530 2981 3575 sensus
3028 3512 3420 3585 signiﬁcantur,
3467 3511 3541 3564 ita
3589 3524 3691 3580 per

2099 3613 2344 3686 quinque
2368 3611 2536 3666 millia
2560 3608 2847 3664 multitudo
2866 3621 3072 3666 eorum.
3091 3606 3182 3675 qui
3209 3604 3312 3661 sub
3337 3604 3451 3675 lege
3474 3603 3688 3658 litterae
3714 3649 3717 3653 .

2100 3707 2373 3768 riserunt,
2398 3718 2493 3758 seu
2523 3715 2732 3765 eorum,
2759 3699 2852 3769 qui
2881 3697 3189 3755 carnalibus
3215 3695 3466 3750 sensibus
3497 3696 3677 3751 adhuc

2097 3796 2503 3868 subjiciuntur,
2566 3801 2716 3849 recta
2779 3791 2991 3847 ratione
3042 3789 3304 3845 inanitur.
3355 3787 3688 3844 Millcnarius

2098 3889 2300 3958 quippe
2351 3901 2608 3941 numerus
2655 3882 2928 3954 perfectus
2977 3896 3046 3936 ac
3096 3881 3318 3936 cubicus
3357 3889 3460 3935 est.
3495 3879 3685 3936 Decies

2079 3961 2301 4052 quippe
2347 3980 2533 4037 decem
2579 3977 2764 4032 decies
2803 3973 3092 4030 millcnarii
3151 3973 3360 4028 numeri
3413 3987 3681 4028 summam

2097 4069 2412 4126 conﬁciunt.
2465 4067 2566 4135 Qui
2600 4107 2618 4131 .
2675 4067 2803 4120 dum
2871 4079 2968 4134 per
3022 4063 3336 4133 quinarium
3391 4077 3681 4117 numerum

2097 4160 2506 4232 multiplicatur,
2531 4155 2822 4213 eamaliter
2849 4153 3148 4210 viventium
3173 4153 3563 4224 plenitudinem
3591 4153 3680 4208 in-

2095 4257 2300 4310 sinuat.
2321 4252 2425 4319 Qui
2459 4266 2610 4315 tuos,
2641 4257 2699 4302 ιιι
2726 4258 2914 4302 sancta
2938 4247 3166 4302 historia
3193 4255 3246 4300 et
3274 4244 3467 4299 visibili
3499 4257 3682 4301 rerum

2094 4344 2382 4416 superﬁcie
2405 4339 2604 4398 eruditi
2639 4339 2874 4399 fuerunt.
2923 4337 2994 4393 ad
3039 4335 3379 4392 altitudinem
3418 4335 3679 4405 spiritua-

2095 4438 2226 4494 lium
2261 4453 2441 4494 rerutn
2474 4433 2754 4490 transituri
2791 4441 2936 4487 sunt.

401 4532 710 4579 mentorum
741 4538 952 4578 necnon
984 4533 1039 4578 et
1063 4534 1478 4596 praeceptorum
1501 4524 1872 4593 dillicultatem
1896 4526 1983 4580 in-
2015 4515 2063 4574 ῐ)
2158 4529 2364 4594 Accepit
2393 4537 2568 4584 autem
2579 4541 2740 4597 partes
2760 4523 2937 4587 Jesns,
2965 4532 3013 4577 et
3053 4523 3252 4593 gratias
3282 4539 3460 4591 agens,
3493 4521 3676 4576 distri-

401 4616 731 4687 telligeutiae
774 4603 1163 4688 signiﬁcantes.
1208 4617 1504 4684 Qttinarius
1545 4633 1760 4688 quoque
1794 4634 1984 4673 nurne-

401 4724 498 4763 rus
526 4709 957 4782 hordeaceormn
989 4725 1190 4783 panum
1215 4711 1454 4781 quinque
1480 4725 1772 4782 corporeus
1795 4726 1988 4765 sensus

397 4799 680 4856 insinuare
706 4817 812 4857 non
842 4803 1138 4871 incongrue
1180 4803 1517 4872 intelligitur.
1559 4805 1776 4872 Quanto
1821 4804 1988 4872 siqui-

397 4893 520 4947 dem
550 4890 670 4959 quis
695 4890 930 4946 ﬁdelium
963 4893 1014 4945 in
1045 4892 1153 4957 bis,
1185 4908 1324 4961 quae
1353 4910 1450 4963 per
1478 4895 1983 4964 quintptepertitutn

395 4980 641 5050 corporis
670 4996 890 5035 sensum
921 4982 1282 5054 accipiuntur,
1305 4982 1626 5042 delectatur.
1656 4992 1810 5038 tanto
1842 4983 1984 5037 inter

395 5075 554 5128 bruta
628 5073 886 5136 anilitalia
948 5075 1156 5131 hordeo
1220 5076 1494 5130 vescentia
1555 5076 1976 5146 computabitur.

357 5164 532 5217 altum
565 5178 697 5220 vero
722 5178 837 5228 eos,
874 5180 1068 5220 sensus
1090 5165 1233 5229 dico,
1264 5166 1494 5220 actionis
1517 5176 1571 5220 et
1599 5167 1858 5220 scientiae
1897 5167 1978 5220 in-

396 5264 677 5310 cremento
703 5255 959 5310 deserens
998 5255 1263 5324 spirituali
1292 5273 1415 5312 esca
1451 5258 1704 5321 vescitur,
1736 5273 1840 5311 non
1865 5259 1980 5328 jam

396 5343 538 5398 inter
569 5344 750 5407 bruta,
777 5344 870 5399 sed
909 5345 1054 5400 inter
1077 5344 1364 5401 rationalia
1394 5346 1647 5400 animalia
1675 5355 1976 5413 reputatur.

396 5440 662 5504 Quoniam
694 5439 877 5510 itaque
916 5455 1076 5496 nemo
1113 5426 1184 5496 ad
1227 5439 1567 5496 altitudinem
1614 5442 1874 5495 virtutum
1922 5451 1979 5495 et

396 5530 911 5602 contemplationum
943 5532 1141 5588 sinitur
1167 5532 1479 5600 ascendere,
1511 5533 1614 5588 nisi
1662 5532 1813 5603 prius
1855 5547 1982 5586 sen-

2090 4623 2199 4677 buit
2228 4617 2640 4674 recumbentibus
2660 4658 2673 4679 ,
2699 4615 2940 4669 similiter
2965 4624 3012 4667 et
3037 4628 3102 4667 ex
3145 4613 3370 4684 piscibus
3418 4621 3674 4680 quantum

2087 4712 2342 4766 volebant.
2372 4707 2592 4779 Accepit
2617 4708 2874 4762 υιιιιιὶηιιις
2899 4705 3226 4785 paues,quia
3251 4706 3364 4776 ipse
3383 4706 3556 4776 legem
3578 4719 3671 4775 per

2088 4805 2273 4860 Mosen
2305 4804 2484 4860 dedit.
2511 4803 2583 4855 ita
2619 4810 2677 4853 ttt
2715 4799 2794 4853 lex
2851 4796 2994 4853 illius
3043 4799 3257 4869 proprie
3304 4798 3534 4861 dicatur,
3577 4796 3672 4866 qui

2088 4895 2258 4958 dedit,
2292 4910 2398 4948 non
2433 4893 2605 4955 illius,
2637 4909 2731 4960 per
2761 4907 2918 4959 quem
2967 4889 3128 4944 veluti
3188 4891 3492 4944 titinistrdm
3546 4890 3673 4944 data

2087 4987 2291 5043 est-siit
2325 4987 2526 5057 gratias
2565 4999 2742 5053 agens,
2784 4981 3046 5039 distribuit
3092 4982 3540 5045 recumbentium;
3582 4981 3672 5037 cui

2085 5080 2307 5149 gratias,
2331 5077 2433 5131 nisi
2465 5073 2738 5146 Patri,qtti
2769 5073 2848 5126 sic
2876 5072 3066 5126 dilexit
3095 5074 3368 5133 mundum,
3389 5078 3446 5124 ut
3475 5069 3669 5124 Filium

2087 5187 2243 5226 suum
2269 5171 2448 5232 daret,
2476 5182 2574 5238 per
2594 5179 2754 5235 quem
2787 5172 3033 5232 pasceret
3065 5165 3322 5216 mundum
3369 5159 3672 5214 visibililtus

2085 5259 2444 5315 sacramentis
2473 5263 2528 5313 et
2553 5255 2899 5310 sensibilibus
2929 5252 3217 5314 creaturis,
3249 5260 3303 5303 ut
3328 5266 3423 5319 per
3449 5251 3577 5304 llaec
3601 5249 3670 5303 ad

2085 5367 2147 5406 se
2184 5348 2616 5420 cognoscendum
2654 5344 2974 5416 perduceret
3027 5353 3188 5412 atque
3235 5339 3505 5395 nutriret?
3551 5337 3669 5396 Duo

2087 5443 2268 5511 pisces
2285 5441 2395 5496 duo
2426 5445 2773 5497 testamenta,
2801 5441 3062 5502 quantum
3094 5432 3160 5485 ad
3199 5431 3472 5508 sensibilia
3513 5444 3652 5500 sym-

2089 5531 2206 5588 bola
2261 5531 2551 5600 pertinent,
2592 5527 2888 5581 insinuant.
2939 5523 3121 5578 Pisces
3165 5522 3362 5612 quippe
3408 5521 3462 5574 ιιι
3522 5534 3660 5590 aqua

1677 5646 1929 5703 γΑιιιΑε
1968 5645 2368 5704 LECTlONES.

473 5720 490 5746 ‘
520 5714 655 5772 Cod.
686 5717 882 5771 satiati.
