  <div class='ocr_page' id='page_1' title='image "/cluster/home/n/w/nwhite01/storage/ocr_20150623/122/uva.x000503459/212.png"; bbox 0 0 4236 6072; ppageno 0'>
   <div class='ocr_carea' id='block_1_1' title="bbox 420 214 523 274">
    <p class='ocr_par' dir='ltr' id='par_1_1' title="bbox 420 214 523 274">
     <span class='ocr_line' id='line_1_1' title="bbox 420 214 523 274; baseline 0.068 -6"><span class='ocrx_word' id='word_1_1' title='bbox 420 214 523 274; x_wconf 55' lang='grc'><strong>315</strong></span> 
     </span>
    </p>
   </div>
   <div class='ocr_carea' id='block_1_2' title="bbox 1487 217 2653 276">
    <p class='ocr_par' dir='ltr' id='par_1_2' title="bbox 1487 217 2653 276">
     <span class='ocr_line' id='line_1_2' title="bbox 1487 217 2653 276; baseline -0.003 -2"><span class='ocrx_word' id='word_1_2' title='bbox 1487 217 1835 276; x_wconf 80' lang='lat' dir='ltr'><strong>COMMENT.</strong></span> <span class='ocrx_word' id='word_1_3' title='bbox 1876 220 1944 275; x_wconf 75' lang='grc' dir='ltr'>ΙΝ</span> <span class='ocrx_word' id='word_1_4' title='bbox 1987 219 2236 276; x_wconf 76' lang='lat' dir='ltr'><strong>EVANG.</strong></span> <span class='ocrx_word' id='word_1_5' title='bbox 2274 219 2424 275; x_wconf 61' lang='grc' dir='ltr'><strong>δερ.</strong></span> <span class='ocrx_word' id='word_1_6' title='bbox 2463 218 2653 276; x_wconf 74' lang='lat' dir='ltr'><strong>JOAN.</strong></span> 
     </span>
    </p>
   </div>
   <div class='ocr_carea' id='block_1_3' title="bbox 3579 201 3688 278">
    <p class='ocr_par' dir='ltr' id='par_1_3' title="bbox 3579 201 3688 278">
     <span class='ocr_line' id='line_1_3' title="bbox 3579 201 3688 278; baseline 0.018 -2"><span class='ocrx_word' id='word_1_7' title='bbox 3579 201 3688 278; x_wconf 80' lang='lat' dir='ltr'><strong>a&#39;ts</strong></span> 
     </span>
    </p>
   </div>
   <div class='ocr_carea' id='block_1_4' title="bbox 415 311 3682 408">
    <p class='ocr_par' dir='ltr' id='par_1_4' title="bbox 415 311 3682 408">
     <span class='ocr_line' id='line_1_4' title="bbox 415 311 3682 408; baseline 0.001 -25"><span class='ocrx_word' id='word_1_8' title='bbox 415 339 478 408; x_wconf 57' lang='lat' dir='ltr'><strong>ft</strong></span> <span class='ocrx_word' id='word_1_9' title='bbox 501 331 644 384; x_wconf 75' lang='lat' dir='ltr'><strong>dicta</strong></span> <span class='ocrx_word' id='word_1_10' title='bbox 679 339 802 388; x_wconf 78' lang='lat' dir='ltr'><strong>sum</strong></span> <span class='ocrx_word' id='word_1_11' title='bbox 856 331 1150 408; x_wconf 56' lang='lat' dir='ltr'><strong>secundum</strong></span> <span class='ocrx_word' id='word_1_12' title='bbox 1205 329 1592 385; x_wconf 76' lang='lat' dir='ltr'><strong>narrationem.</strong></span> <span class='ocrx_word' id='word_1_13' title='bbox 1642 329 1996 386; x_wconf 75' lang='lat' dir='ltr'><strong>Circumcisiu</strong></span> <span class='ocrx_word' id='word_1_14' title='bbox 2025 343 2070 396; x_wconf 75' lang='grc' dir='ltr'>Α</span> <span class='ocrx_word' id='word_1_15' title='bbox 2103 331 2324 385; x_wconf 88' lang='lat' dir='ltr'><strong>multum</strong></span> <span class='ocrx_word' id='word_1_16' title='bbox 2355 331 2550 392; x_wconf 78' lang='lat' dir='ltr'><strong>l&#39;uerat,</strong></span> <span class='ocrx_word' id='word_1_17' title='bbox 2585 329 2866 384; x_wconf 83' lang='lat' dir='ltr'><strong>Dominum</strong></span> <span class='ocrx_word' id='word_1_18' title='bbox 2901 329 3112 386; x_wconf 82' lang='lat' dir='ltr'><strong>turbam</strong></span> <span class='ocrx_word' id='word_1_19' title='bbox 3141 311 3373 400; x_wconf 64' lang='lat' dir='ltr'><strong>paiisse.</strong></span> <span class='ocrx_word' id='word_1_20' title='bbox 3429 328 3530 390; x_wconf 79' lang='lat' dir='ltr'><strong>Ubi</strong></span> <span class='ocrx_word' id='word_1_21' title='bbox 3575 333 3682 395; x_wconf 83' lang='lat' dir='ltr'><strong>ait,</strong></span> 
     </span>
    </p>
   </div>
   <div class='ocr_carea' id='block_1_5' title="bbox 421 413 1996 488">
    <p class='ocr_par' dir='ltr' id='par_1_5' title="bbox 421 413 1996 488">
     <span class='ocr_line' id='line_1_5' title="bbox 421 413 1996 488; baseline 0.001 -15"><span class='ocrx_word' id='word_1_22' title='bbox 421 421 671 475; x_wconf 83' lang='lat' dir='ltr'><strong>similiter</strong></span> <span class='ocrx_word' id='word_1_23' title='bbox 695 433 750 476; x_wconf 89' lang='lat' dir='ltr'><strong>et</strong></span> <span class='ocrx_word' id='word_1_24' title='bbox 778 421 916 476; x_wconf 81' lang='lat' dir='ltr'><strong>facta</strong></span> <span class='ocrx_word' id='word_1_25' title='bbox 943 431 1027 476; x_wconf 88' lang='lat' dir='ltr'><strong>est</strong></span> <span class='ocrx_word' id='word_1_26' title='bbox 1067 423 1122 488; x_wconf 85' lang='lat' dir='ltr'><strong>in</strong></span> <span class='ocrx_word' id='word_1_27' title='bbox 1149 437 1336 486; x_wconf 83' lang='lat' dir='ltr'><strong>came,</strong></span> <span class='ocrx_word' id='word_1_28' title='bbox 1365 430 1420 476; x_wconf 87' lang='lat' dir='ltr'><strong>et</strong></span> <span class='ocrx_word' id='word_1_29' title='bbox 1459 413 1678 476; x_wconf 77' lang='lat' dir='ltr'><strong>narrata</strong></span> <span class='ocrx_word' id='word_1_30' title='bbox 1713 429 1798 475; x_wconf 89' lang='lat' dir='ltr'><strong>cst</strong></span> <span class='ocrx_word' id='word_1_31' title='bbox 1827 421 1880 474; x_wconf 87' lang='lat' dir='ltr'><strong>in</strong></span> <span class='ocrx_word' id='word_1_32' title='bbox 1909 421 1996 474; x_wconf 82' lang='lat' dir='ltr'><strong>lit-</strong></span> 
     </span>
    </p>
   </div>
   <div class='ocr_carea' id='block_1_6' title="bbox 422 511 1999 583">
    <p class='ocr_par' dir='ltr' id='par_1_6' title="bbox 422 511 1999 583">
     <span class='ocr_line' id='line_1_6' title="bbox 422 511 1999 583; baseline 0.001 -19"><span class='ocrx_word' id='word_1_33' title='bbox 422 520 558 566; x_wconf 89' lang='lat' dir='ltr'><strong>tera.</strong></span> <span class='ocrx_word' id='word_1_34' title='bbox 589 512 646 566; x_wconf 88' lang='lat' dir='ltr'><strong>In</strong></span> <span class='ocrx_word' id='word_1_35' title='bbox 671 511 822 568; x_wconf 78' lang='lat' dir='ltr'><strong>Novo</strong></span> <span class='ocrx_word' id='word_1_36' title='bbox 851 526 1066 583; x_wconf 68' lang='lat' dir='ltr'><strong>(pioque</strong></span> <span class='ocrx_word' id='word_1_37' title='bbox 1091 511 1439 568; x_wconf 83' lang='lat' dir='ltr'><strong>TeSlantento</strong></span> <span class='ocrx_word' id='word_1_38' title='bbox 1491 511 1746 582; x_wconf 73' lang='lat' dir='ltr'><strong>mysteria</strong></span> <span class='ocrx_word' id='word_1_39' title='bbox 1795 512 1999 582; x_wconf 76' lang='lat' dir='ltr'><strong>baptis-</strong></span> 
     </span>
    </p>
   </div>
   <div class='ocr_carea' id='block_1_7' title="bbox 420 592 1996 673">
    <p class='ocr_par' dir='ltr' id='par_1_7' title="bbox 420 592 1996 673">
     <span class='ocr_line' id='line_1_7' title="bbox 420 592 1996 673; baseline 0.001 -17"><span class='ocrx_word' id='word_1_40' title='bbox 420 601 606 668; x_wconf 88' lang='lat' dir='ltr'><strong>matis,</strong></span> <span class='ocrx_word' id='word_1_41' title='bbox 637 592 1141 673; x_wconf 70' lang='lat' dir='ltr'><strong>Dominiciquoque</strong></span> <span class='ocrx_word' id='word_1_42' title='bbox 1169 603 1414 672; x_wconf 86' lang='lat' dir='ltr'><strong>corporis</strong></span> <span class='ocrx_word' id='word_1_43' title='bbox 1437 618 1500 657; x_wconf 89' lang='lat' dir='ltr'><strong>ac</strong></span> <span class='ocrx_word' id='word_1_44' title='bbox 1525 602 1822 672; x_wconf 74' lang='lat' dir='ltr'><strong>sanguinis,</strong></span> <span class='ocrx_word' id='word_1_45' title='bbox 1871 615 1996 658; x_wconf 83' lang='lat' dir='ltr'><strong>ncc-</strong></span> 
     </span>
    </p>
   </div>
   <div class='ocr_carea' id='block_1_8' title="bbox 419 691 2000 763">
    <p class='ocr_par' dir='ltr' id='par_1_8' title="bbox 419 691 2000 763">
     <span class='ocr_line' id='line_1_8' title="bbox 419 691 2000 763; baseline -0.002 -16"><span class='ocrx_word' id='word_1_46' title='bbox 419 708 528 748; x_wconf 89' lang='lat' dir='ltr'><strong>non</strong></span> <span class='ocrx_word' id='word_1_47' title='bbox 554 701 609 749; x_wconf 90' lang='lat' dir='ltr'><strong>et</strong></span> <span class='ocrx_word' id='word_1_48' title='bbox 637 693 810 748; x_wconf 85' lang='lat' dir='ltr'><strong>sancti</strong></span> <span class='ocrx_word' id='word_1_49' title='bbox 844 693 1156 748; x_wconf 78' lang='lat' dir='ltr'><strong>chrismatis</strong></span> <span class='ocrx_word' id='word_1_50' title='bbox 1177 691 1334 762; x_wconf 79' lang='lat' dir='ltr'><strong>juxta</strong></span> <span class='ocrx_word' id='word_1_51' title='bbox 1367 707 1456 748; x_wconf 86' lang='lat' dir='ltr'><strong>res</strong></span> <span class='ocrx_word' id='word_1_52' title='bbox 1497 703 1679 763; x_wconf 73' lang='lat' dir='ltr'><strong>gestas</strong></span> <span class='ocrx_word' id='word_1_53' title='bbox 1702 692 2000 747; x_wconf 77' lang='lat' dir='ltr'><strong>conticinn-</strong></span> 
     </span>
    </p>
   </div>
   <div class='ocr_carea' id='block_1_9' title="bbox 421 783 1991 851">
    <p class='ocr_par' dir='ltr' id='par_1_9' title="bbox 421 783 1991 851">
     <span class='ocr_line' id='line_1_9' title="bbox 421 783 1991 851; baseline -0.003 -10"><span class='ocrx_word' id='word_1_54' title='bbox 421 793 530 851; x_wconf 81' lang='lat' dir='ltr'><strong>tur,</strong></span> <span class='ocrx_word' id='word_1_55' title='bbox 561 795 610 840; x_wconf 86' lang='lat' dir='ltr'><strong>et</strong></span> <span class='ocrx_word' id='word_1_56' title='bbox 635 783 832 840; x_wconf 75' lang='lat' dir='ltr'><strong>litteris</strong></span> <span class='ocrx_word' id='word_1_57' title='bbox 859 785 1147 839; x_wconf 85' lang='lat' dir='ltr'><strong>traduntur</strong></span> <span class='ocrx_word' id='word_1_58' title='bbox 1175 796 1232 839; x_wconf 85' lang='lat' dir='ltr'><strong>et</strong></span> <span class='ocrx_word' id='word_1_59' title='bbox 1264 785 1536 838; x_wconf 82' lang='lat' dir='ltr'><strong>dicuntur.</strong></span> <span class='ocrx_word' id='word_1_60' title='bbox 1563 783 1631 844; x_wconf 77' lang='lat' dir='ltr'><strong>Et</strong></span> <span class='ocrx_word' id='word_1_61' title='bbox 1662 785 1794 838; x_wconf 87' lang='lat' dir='ltr'><strong>haec</strong></span> <span class='ocrx_word' id='word_1_62' title='bbox 1823 784 1991 837; x_wconf 77' lang='lat' dir='ltr'><strong>forma</strong></span> 
     </span>
    </p>
   </div>
   <div class='ocr_carea' id='block_1_10' title="bbox 417 867 1991 946">
    <p class='ocr_par' dir='ltr' id='par_1_10' title="bbox 417 867 1991 946">
     <span class='ocr_line' id='line_1_10' title="bbox 417 867 1991 946; baseline -0.001 -16"><span class='ocrx_word' id='word_1_63' title='bbox 417 867 878 931; x_wconf 82' lang='lat' dir='ltr'><strong>sacramentorum</strong></span> <span class='ocrx_word' id='word_1_64' title='bbox 907 873 1160 946; x_wconf 73' lang='lat' dir='ltr'><strong>allegoria</strong></span> <span class='ocrx_word' id='word_1_65' title='bbox 1188 874 1316 929; x_wconf 81' lang='lat' dir='ltr'><strong>facti</strong></span> <span class='ocrx_word' id='word_1_66' title='bbox 1349 885 1402 930; x_wconf 89' lang='lat' dir='ltr'><strong>et</strong></span> <span class='ocrx_word' id='word_1_67' title='bbox 1432 874 1558 929; x_wconf 91' lang='lat' dir='ltr'><strong>dicti</strong></span> <span class='ocrx_word' id='word_1_68' title='bbox 1585 891 1619 928; x_wconf 90' lang='lat' dir='ltr'><strong>a</strong></span> <span class='ocrx_word' id='word_1_69' title='bbox 1647 872 1851 930; x_wconf 79' lang='lat' dir='ltr'><strong>sanctis</strong></span> <span class='ocrx_word' id='word_1_70' title='bbox 1885 874 1991 929; x_wconf 67' lang='grc' dir='ltr'><strong>νε-</strong></span> 
     </span>
    </p>
   </div>
   <div class='ocr_carea' id='block_1_11' title="bbox 419 963 1990 1034">
    <p class='ocr_par' dir='ltr' id='par_1_11' title="bbox 419 963 1990 1034">
     <span class='ocr_line' id='line_1_11' title="bbox 419 963 1990 1034; baseline -0.001 -16"><span class='ocrx_word' id='word_1_71' title='bbox 419 965 594 1020; x_wconf 83' lang='lat' dir='ltr'><strong>tribus</strong></span> <span class='ocrx_word' id='word_1_72' title='bbox 636 963 1026 1034; x_wconf 67' lang='lat' dir='ltr'><strong>rationabiliter</strong></span> <span class='ocrx_word' id='word_1_73' title='bbox 1077 965 1361 1020; x_wconf 84' lang='lat' dir='ltr'><strong>vocitatur.</strong></span> <span class='ocrx_word' id='word_1_74' title='bbox 1411 963 1595 1018; x_wconf 76' lang='lat' dir='ltr'><strong>Altera</strong></span> <span class='ocrx_word' id='word_1_75' title='bbox 1649 963 1824 1020; x_wconf 79' lang='lat' dir='ltr'><strong>forma</strong></span> <span class='ocrx_word' id='word_1_76' title='bbox 1885 973 1990 1030; x_wconf 82' lang='lat' dir='ltr'><strong>est,</strong></span> 
     </span>
    </p>
   </div>
   <div class='ocr_carea' id='block_1_12' title="bbox 413 1055 1987 1128">
    <p class='ocr_par' dir='ltr' id='par_1_12' title="bbox 413 1055 1987 1128">
     <span class='ocr_line' id='line_1_12' title="bbox 413 1055 1987 1128; baseline -0.001 -19"><span class='ocrx_word' id='word_1_77' title='bbox 413 1071 556 1128; x_wconf 77' lang='lat' dir='ltr'><strong>quae</strong></span> <span class='ocrx_word' id='word_1_78' title='bbox 596 1057 812 1128; x_wconf 82' lang='lat' dir='ltr'><strong>proprie</strong></span> <span class='ocrx_word' id='word_1_79' title='bbox 848 1055 1073 1128; x_wconf 77' lang='lat' dir='ltr'><strong>symboli</strong></span> <span class='ocrx_word' id='word_1_80' title='bbox 1123 1071 1318 1110; x_wconf 84' lang='lat' dir='ltr'><strong>nomen</strong></span> <span class='ocrx_word' id='word_1_81' title='bbox 1365 1055 1594 1126; x_wconf 84' lang='lat' dir='ltr'><strong>accepit,</strong></span> <span class='ocrx_word' id='word_1_82' title='bbox 1647 1067 1706 1111; x_wconf 88' lang='lat' dir='ltr'><strong>et</strong></span> <span class='ocrx_word' id='word_1_83' title='bbox 1731 1055 1987 1124; x_wconf 67' lang='lat' dir='ltr'><strong>allegoria</strong></span> 
     </span>
    </p>
   </div>
   <div class='ocr_carea' id='block_1_13' title="bbox 413 1143 1990 1216">
    <p class='ocr_par' dir='ltr' id='par_1_13' title="bbox 413 1143 1990 1216">
     <span class='ocr_line' id='line_1_13' title="bbox 413 1143 1990 1216; baseline 0 -17"><span class='ocrx_word' id='word_1_84' title='bbox 413 1143 566 1212; x_wconf 83' lang='lat' dir='ltr'><strong>diuti,</strong></span> <span class='ocrx_word' id='word_1_85' title='bbox 599 1159 704 1201; x_wconf 90' lang='lat' dir='ltr'><strong>non</strong></span> <span class='ocrx_word' id='word_1_86' title='bbox 731 1154 909 1199; x_wconf 86' lang='lat' dir='ltr'><strong>autem</strong></span> <span class='ocrx_word' id='word_1_87' title='bbox 934 1143 1062 1199; x_wconf 81' lang='lat' dir='ltr'><strong>facti</strong></span> <span class='ocrx_word' id='word_1_88' title='bbox 1097 1144 1412 1216; x_wconf 78' lang='lat' dir='ltr'><strong>appellatur,</strong></span> <span class='ocrx_word' id='word_1_89' title='bbox 1464 1144 1719 1214; x_wconf 69' lang='lat' dir='ltr'><strong>qttoniam</strong></span> <span class='ocrx_word' id='word_1_90' title='bbox 1748 1145 1990 1200; x_wconf 83' lang='lat' dir='ltr'><strong>indictis</strong></span> 
     </span>
    </p>
   </div>
   <div class='ocr_carea' id='block_1_14' title="bbox 413 1233 1989 1305">
    <p class='ocr_par' dir='ltr' id='par_1_14' title="bbox 413 1233 1989 1305">
     <span class='ocr_line' id='line_1_14' title="bbox 413 1233 1989 1305; baseline 0 -15"><span class='ocrx_word' id='word_1_91' title='bbox 413 1235 751 1292; x_wconf 83' lang='lat' dir='ltr'><strong>solummodo</strong></span> <span class='ocrx_word' id='word_1_92' title='bbox 773 1233 1071 1305; x_wconf 85' lang='lat' dir='ltr'><strong>spiritualis</strong></span> <span class='ocrx_word' id='word_1_93' title='bbox 1101 1235 1400 1296; x_wconf 71' lang='lat' dir='ltr'><strong>det-trinae,</strong></span> <span class='ocrx_word' id='word_1_94' title='bbox 1430 1249 1539 1291; x_wconf 89' lang='lat' dir='ltr'><strong>non</strong></span> <span class='ocrx_word' id='word_1_95' title='bbox 1591 1245 1771 1290; x_wconf 88' lang='lat' dir='ltr'><strong>autem</strong></span> <span class='ocrx_word' id='word_1_96' title='bbox 1802 1235 1860 1291; x_wconf 85' lang='lat' dir='ltr'><strong>iu</strong></span> <span class='ocrx_word' id='word_1_97' title='bbox 1907 1234 1989 1296; x_wconf 79' lang='lat' dir='ltr'><strong>fa-</strong></span> 
     </span>
    </p>
   </div>
   <div class='ocr_carea' id='block_1_15' title="bbox 413 1323 1984 1396">
    <p class='ocr_par' dir='ltr' id='par_1_15' title="bbox 413 1323 1984 1396">
     <span class='ocr_line' id='line_1_15' title="bbox 413 1323 1984 1396; baseline 0 -17"><span class='ocrx_word' id='word_1_98' title='bbox 413 1324 516 1380; x_wconf 79' lang='lat' dir='ltr'><strong>ctis</strong></span> <span class='ocrx_word' id='word_1_99' title='bbox 541 1323 889 1380; x_wconf 84' lang='lat' dir='ltr'><strong>sensibilibus</strong></span> <span class='ocrx_word' id='word_1_100' title='bbox 907 1325 1274 1380; x_wconf 81' lang='lat' dir='ltr'><strong>constituitur.</strong></span> <span class='ocrx_word' id='word_1_101' title='bbox 1309 1325 1566 1396; x_wconf 80' lang='lat' dir='ltr'><strong>Mysteria</strong></span> <span class='ocrx_word' id='word_1_102' title='bbox 1605 1325 1784 1396; x_wconf 80' lang='lat' dir='ltr'><strong>itaque</strong></span> <span class='ocrx_word' id='word_1_103' title='bbox 1835 1337 1984 1392; x_wconf 85' lang='lat' dir='ltr'><strong>sunt,</strong></span> 
     </span>
    </p>
   </div>
   <div class='ocr_carea' id='block_1_16' title="bbox 412 1411 1984 1484">
    <p class='ocr_par' dir='ltr' id='par_1_16' title="bbox 412 1411 1984 1484">
     <span class='ocr_line' id='line_1_16' title="bbox 412 1411 1984 1484; baseline 0.001 -18"><span class='ocrx_word' id='word_1_104' title='bbox 412 1427 550 1482; x_wconf 88' lang='lat' dir='ltr'><strong>quae</strong></span> <span class='ocrx_word' id='word_1_105' title='bbox 583 1413 638 1468; x_wconf 89' lang='lat' dir='ltr'><strong>in</strong></span> <span class='ocrx_word' id='word_1_106' title='bbox 665 1421 896 1484; x_wconf 86' lang='lat' dir='ltr'><strong>utroque</strong></span> <span class='ocrx_word' id='word_1_107' title='bbox 923 1411 1270 1468; x_wconf 85' lang='lat' dir='ltr'><strong>Testamento</strong></span> <span class='ocrx_word' id='word_1_108' title='bbox 1295 1421 1350 1466; x_wconf 91' lang='lat' dir='ltr'><strong>et</strong></span> <span class='ocrx_word' id='word_1_109' title='bbox 1371 1416 1668 1469; x_wconf 88' lang='lat' dir='ltr'><strong>secundum</strong></span> <span class='ocrx_word' id='word_1_110' title='bbox 1703 1413 1984 1469; x_wconf 79' lang='lat' dir='ltr'><strong>historiam</strong></span> 
     </span>
    </p>
   </div>
   <div class='ocr_carea' id='block_1_17' title="bbox 409 1502 1983 1576">
    <p class='ocr_par' dir='ltr' id='par_1_17' title="bbox 409 1502 1983 1576">
     <span class='ocr_line' id='line_1_17' title="bbox 409 1502 1983 1576; baseline 0.001 -18"><span class='ocrx_word' id='word_1_111' title='bbox 409 1502 556 1558; x_wconf 76' lang='lat' dir='ltr'><strong>facta</strong></span> <span class='ocrx_word' id='word_1_112' title='bbox 579 1512 728 1570; x_wconf 87' lang='lat' dir='ltr'><strong>sunt,</strong></span> <span class='ocrx_word' id='word_1_113' title='bbox 750 1511 808 1559; x_wconf 89' lang='lat' dir='ltr'><strong>et</strong></span> <span class='ocrx_word' id='word_1_114' title='bbox 831 1504 1124 1560; x_wconf 83' lang='lat' dir='ltr'><strong>secundum</strong></span> <span class='ocrx_word' id='word_1_115' title='bbox 1155 1505 1390 1559; x_wconf 85' lang='lat' dir='ltr'><strong>litteram</strong></span> <span class='ocrx_word' id='word_1_116' title='bbox 1432 1516 1690 1572; x_wconf 85' lang='lat' dir='ltr'><strong>narrata;</strong></span> <span class='ocrx_word' id='word_1_117' title='bbox 1740 1505 1983 1576; x_wconf 73' lang='lat' dir='ltr'><strong>synthola</strong></span> 
     </span>
    </p>
   </div>
   <div class='ocr_carea' id='block_1_18' title="bbox 414 1590 1979 1666">
    <p class='ocr_par' dir='ltr' id='par_1_18' title="bbox 414 1590 1979 1666">
     <span class='ocr_line' id='line_1_18' title="bbox 414 1590 1979 1666; baseline 0.003 -21"><span class='ocrx_word' id='word_1_118' title='bbox 414 1605 561 1659; x_wconf 75' lang='lat' dir='ltr'><strong>vero,</strong></span> <span class='ocrx_word' id='word_1_119' title='bbox 603 1608 741 1663; x_wconf 84' lang='lat' dir='ltr'><strong>quae</strong></span> <span class='ocrx_word' id='word_1_120' title='bbox 790 1590 1126 1650; x_wconf 79' lang='lat' dir='ltr'><strong>solummodo</strong></span> <span class='ocrx_word' id='word_1_121' title='bbox 1173 1609 1280 1649; x_wconf 90' lang='lat' dir='ltr'><strong>non</strong></span> <span class='ocrx_word' id='word_1_122' title='bbox 1335 1593 1496 1660; x_wconf 77' lang='lat' dir='ltr'><strong>facta,</strong></span> <span class='ocrx_word' id='word_1_123' title='bbox 1524 1596 1618 1650; x_wconf 87' lang='lat' dir='ltr'><strong>sed</strong></span> <span class='ocrx_word' id='word_1_124' title='bbox 1653 1596 1807 1666; x_wconf 85' lang='lat' dir='ltr'><strong>quasi</strong></span> <span class='ocrx_word' id='word_1_125' title='bbox 1837 1595 1979 1650; x_wconf 78' lang='lat' dir='ltr'><strong>facta</strong></span> 
     </span>
    </p>
   </div>
   <div class='ocr_carea' id='block_1_19' title="bbox 2103 419 3687 496">
    <p class='ocr_par' dir='ltr' id='par_1_19' title="bbox 2103 419 3687 496">
     <span class='ocr_line' id='line_1_19' title="bbox 2103 419 3687 496; baseline 0.003 -25"><span class='ocrx_word' id='word_1_126' title='bbox 2103 440 2122 471; x_wconf 73' lang='grc' dir='ltr'>ι</span> <span class='ocrx_word' id='word_1_127' title='bbox 2155 433 2401 475; x_wconf 64' lang='lat' dir='ltr'><strong>reversus</strong></span> <span class='ocrx_word' id='word_1_128' title='bbox 2429 420 2482 475; x_wconf 85' lang='lat' dir='ltr'><strong>in</strong></span> <span class='ocrx_word' id='word_1_129' title='bbox 2513 428 2751 474; x_wconf 81' lang='lat' dir='ltr'><strong>montem</strong></span> <span class='ocrx_word' id='word_1_130' title='bbox 2779 419 2890 488; x_wconf 81' lang='lat' dir='ltr'><strong>ipse</strong></span> <span class='ocrx_word' id='word_1_131' title='bbox 2917 420 3100 473; x_wconf 71' lang='lat' dir='ltr'><strong>solus:</strong></span> <span class='ocrx_word' id='word_1_132' title='bbox 3131 436 3144 483; x_wconf 87' lang='lat'><strong>;</strong></span> <span class='ocrx_word' id='word_1_133' title='bbox 3182 430 3238 474; x_wconf 88' lang='lat' dir='ltr'><strong>ut</strong></span> <span class='ocrx_word' id='word_1_134' title='bbox 3261 421 3562 496; x_wconf 81' lang='lat' dir='ltr'><strong>secundum</strong></span> <span class='ocrx_word' id='word_1_135' title='bbox 3597 437 3687 476; x_wconf 81' lang='lat' dir='ltr'><strong>res</strong></span> 
     </span>
    </p>
   </div>
   <div class='ocr_carea' id='block_1_20' title="bbox 2095 503 3688 582">
    <p class='ocr_par' dir='ltr' id='par_1_20' title="bbox 2095 503 3688 582">
     <span class='ocr_line' id='line_1_20' title="bbox 2095 503 3688 582; baseline 0.001 -19"><span class='ocrx_word' id='word_1_136' title='bbox 2095 517 2276 578; x_wconf 71' lang='lat' dir='ltr'><strong>gestas</strong></span> <span class='ocrx_word' id='word_1_137' title='bbox 2303 509 2662 580; x_wconf 75' lang='lat' dir='ltr'><strong>accipiamus.</strong></span> <span class='ocrx_word' id='word_1_138' title='bbox 2698 507 2886 562; x_wconf 80' lang='lat' dir='ltr'><strong>solum</strong></span> <span class='ocrx_word' id='word_1_139' title='bbox 2920 508 3201 563; x_wconf 79' lang='lat' dir='ltr'><strong>Dominum</strong></span> <span class='ocrx_word' id='word_1_140' title='bbox 3251 504 3374 564; x_wconf 85' lang='lat' dir='ltr'><strong>cum</strong></span> <span class='ocrx_word' id='word_1_141' title='bbox 3396 503 3688 582; x_wconf 65' lang='lat' dir='ltr'><strong>discipulis</strong></span> 
     </span>
    </p>
   </div>
   <div class='ocr_carea' id='block_1_21' title="bbox 2093 596 3680 670">
    <p class='ocr_par' dir='ltr' id='par_1_21' title="bbox 2093 596 3680 670">
     <span class='ocr_line' id='line_1_21' title="bbox 2093 596 3680 670; baseline 0 -16"><span class='ocrx_word' id='word_1_142' title='bbox 2093 601 2207 654; x_wconf 85' lang='lat' dir='ltr'><strong>suis</strong></span> <span class='ocrx_word' id='word_1_143' title='bbox 2242 601 2392 670; x_wconf 83' lang='lat' dir='ltr'><strong>prius</strong></span> <span class='ocrx_word' id='word_1_144' title='bbox 2416 596 2730 655; x_wconf 77' lang='lat' dir='ltr'><strong>ascendisse</strong></span> <span class='ocrx_word' id='word_1_145' title='bbox 2762 601 2816 654; x_wconf 90' lang='lat' dir='ltr'><strong>in</strong></span> <span class='ocrx_word' id='word_1_146' title='bbox 2850 611 3112 665; x_wconf 86' lang='lat' dir='ltr'><strong>montem,</strong></span> <span class='ocrx_word' id='word_1_147' title='bbox 3149 617 3214 655; x_wconf 78' lang='lat' dir='ltr'><strong>ac</strong></span> <span class='ocrx_word' id='word_1_148' title='bbox 3259 600 3454 657; x_wconf 85' lang='lat' dir='ltr'><strong>deinde</strong></span> <span class='ocrx_word' id='word_1_149' title='bbox 3483 601 3680 655; x_wconf 83' lang='lat' dir='ltr'><strong>iterum</strong></span> 
     </span>
    </p>
   </div>
   <div class='ocr_carea' id='block_1_22' title="bbox 2093 689 3684 761">
    <p class='ocr_par' dir='ltr' id='par_1_22' title="bbox 2093 689 3684 761">
     <span class='ocr_line' id='line_1_22' title="bbox 2093 689 3684 761; baseline 0.004 -20"><span class='ocrx_word' id='word_1_150' title='bbox 2093 689 2162 742; x_wconf 86' lang='lat' dir='ltr'><strong>ad</strong></span> <span class='ocrx_word' id='word_1_151' title='bbox 2207 689 2462 744; x_wconf 78' lang='lat' dir='ltr'><strong>inferiora</strong></span> <span class='ocrx_word' id='word_1_152' title='bbox 2509 692 2882 756; x_wconf 72' lang='lat' dir='ltr'><strong>descendisse,‘</strong></span> <span class='ocrx_word' id='word_1_153' title='bbox 2914 692 3283 760; x_wconf 78' lang='lat' dir='ltr'><strong>miraculoque</strong></span> <span class='ocrx_word' id='word_1_154' title='bbox 3329 703 3554 761; x_wconf 88' lang='lat' dir='ltr'><strong>peracto</strong></span> <span class='ocrx_word' id='word_1_155' title='bbox 3593 705 3684 748; x_wconf 76' lang='lat' dir='ltr'><strong>so~</strong></span> 
     </span>
    </p>
   </div>
   <div class='ocr_carea' id='block_1_23' title="bbox 2092 783 3750 844">
    <p class='ocr_par' dir='ltr' id='par_1_23' title="bbox 2092 783 3750 844">
     <span class='ocr_line' id='line_1_23' title="bbox 2092 783 3750 844; baseline 0.005 -10"><span class='ocrx_word' id='word_1_156' title='bbox 2092 783 2202 836; x_wconf 89' lang='lat' dir='ltr'><strong>lum</strong></span> <span class='ocrx_word' id='word_1_157' title='bbox 2251 785 2449 838; x_wconf 78' lang='lat' dir='ltr'><strong>iterum</strong></span> <span class='ocrx_word' id='word_1_158' title='bbox 2493 784 2550 838; x_wconf 91' lang='lat' dir='ltr'><strong>in</strong></span> <span class='ocrx_word' id='word_1_159' title='bbox 2592 796 2828 840; x_wconf 81' lang='lat' dir='ltr'><strong>montem</strong></span> <span class='ocrx_word' id='word_1_160' title='bbox 2877 787 3122 842; x_wconf 83' lang='lat' dir='ltr'><strong>rediisse.</strong></span> <span class='ocrx_word' id='word_1_161' title='bbox 3171 787 3306 841; x_wconf 81' lang='lat' dir='ltr'><strong>lluic</strong></span> <span class='ocrx_word' id='word_1_162' title='bbox 3351 787 3680 844; x_wconf 82' lang='lat' dir='ltr'><strong>multitudini</strong></span> <span class='ocrx_word' id='word_1_163' title='bbox 3747 838 3750 842; x_wconf 75' lang='grc'>,</span> 
     </span>
    </p>
   </div>
   <div class='ocr_carea' id='block_1_24' title="bbox 2093 867 3678 946">
    <p class='ocr_par' dir='ltr' id='par_1_24' title="bbox 2093 867 3678 946">
     <span class='ocr_line' id='line_1_24' title="bbox 2093 867 3678 946; baseline 0.004 -22"><span class='ocrx_word' id='word_1_164' title='bbox 2093 869 2254 927; x_wconf 74' lang='lat' dir='ltr'><strong>[idem</strong></span> <span class='ocrx_word' id='word_1_165' title='bbox 2297 871 2499 929; x_wconf 79' lang='lat' dir='ltr'><strong>Christi</strong></span> <span class='ocrx_word' id='word_1_166' title='bbox 2529 875 2788 928; x_wconf 87' lang='lat' dir='ltr'><strong>esurienti</strong></span> <span class='ocrx_word' id='word_1_167' title='bbox 2834 885 3180 946; x_wconf 78' lang='lat' dir='ltr'><strong>apponuntur</strong></span> <span class='ocrx_word' id='word_1_168' title='bbox 3228 875 3468 946; x_wconf 83' lang='lat' dir='ltr'><strong>quinque</strong></span> <span class='ocrx_word' id='word_1_169' title='bbox 3513 867 3678 945; x_wconf 82' lang='lat' dir='ltr'><strong>panes</strong></span> 
     </span>
    </p>
   </div>
   <div class='ocr_carea' id='block_1_25' title="bbox 2089 963 3678 1034">
    <p class='ocr_par' dir='ltr' id='par_1_25' title="bbox 2089 963 3678 1034">
     <span class='ocr_line' id='line_1_25' title="bbox 2089 963 3678 1034; baseline 0.007 -20"><span class='ocrx_word' id='word_1_170' title='bbox 2089 970 2144 1014; x_wconf 84' lang='lat' dir='ltr'><strong>et</strong></span> <span class='ocrx_word' id='word_1_171' title='bbox 2171 963 2279 1016; x_wconf 86' lang='lat' dir='ltr'><strong>duo</strong></span> <span class='ocrx_word' id='word_1_172' title='bbox 2304 963 2497 1032; x_wconf 87' lang='lat' dir='ltr'><strong>pisces,</strong></span> <span class='ocrx_word' id='word_1_173' title='bbox 2532 965 2634 1019; x_wconf 86' lang='lat' dir='ltr'><strong>huc</strong></span> <span class='ocrx_word' id='word_1_174' title='bbox 2661 976 2743 1017; x_wconf 89' lang='lat' dir='ltr'><strong>est</strong></span> <span class='ocrx_word' id='word_1_175' title='bbox 2770 977 3130 1034; x_wconf 78' lang='lat' dir='ltr'><strong>sacramenta,</strong></span> <span class='ocrx_word' id='word_1_176' title='bbox 3173 979 3309 1034; x_wconf 74' lang='lat' dir='ltr'><strong>quae</strong></span> <span class='ocrx_word' id='word_1_177' title='bbox 3354 977 3409 1021; x_wconf 89' lang='lat' dir='ltr'><strong>et</strong></span> <span class='ocrx_word' id='word_1_178' title='bbox 3445 967 3590 1022; x_wconf 83' lang='lat' dir='ltr'><strong>facta</strong></span> <span class='ocrx_word' id='word_1_179' title='bbox 3619 979 3678 1025; x_wconf 88' lang='lat' dir='ltr'><strong>et</strong></span> 
     </span>
    </p>
   </div>
   <div class='ocr_carea' id='block_1_26' title="bbox 2089 1051 3668 1126">
    <p class='ocr_par' dir='ltr' id='par_1_26' title="bbox 2089 1051 3668 1126">
     <span class='ocr_line' id='line_1_26' title="bbox 2089 1051 3668 1126; baseline 0.004 -22"><span class='ocrx_word' id='word_1_180' title='bbox 2089 1051 2290 1120; x_wconf 80' lang='lat' dir='ltr'><strong>scripta</strong></span> <span class='ocrx_word' id='word_1_181' title='bbox 2317 1063 2460 1112; x_wconf 88' lang='lat' dir='ltr'><strong>sunt,</strong></span> <span class='ocrx_word' id='word_1_182' title='bbox 2487 1063 2543 1106; x_wconf 87' lang='lat' dir='ltr'><strong>et</strong></span> <span class='ocrx_word' id='word_1_183' title='bbox 2589 1054 2876 1126; x_wconf 68' lang='lat' dir='ltr'><strong>sytnlsola,</strong></span> <span class='ocrx_word' id='word_1_184' title='bbox 2923 1071 3060 1124; x_wconf 82' lang='lat' dir='ltr'><strong>quae</strong></span> <span class='ocrx_word' id='word_1_185' title='bbox 3107 1056 3448 1111; x_wconf 78' lang='lat' dir='ltr'><strong>solummodo</strong></span> <span class='ocrx_word' id='word_1_186' title='bbox 3497 1056 3668 1124; x_wconf 77' lang='lat' dir='ltr'><strong>dicta,</strong></span> 
     </span>
    </p>
   </div>
   <div class='ocr_carea' id='block_1_27' title="bbox 2058 1141 3672 1215">
    <p class='ocr_par' dir='ltr' id='par_1_27' title="bbox 2058 1141 3672 1215">
     <span class='ocr_line' id='line_1_27' title="bbox 2058 1141 3672 1215; baseline 0.004 -23"><span class='ocrx_word' id='word_1_187' title='bbox 2058 1153 2194 1193; x_wconf 76' lang='lat' dir='ltr'><strong>~non</strong></span> <span class='ocrx_word' id='word_1_188' title='bbox 2221 1153 2399 1195; x_wconf 85' lang='lat' dir='ltr'><strong>autem</strong></span> <span class='ocrx_word' id='word_1_189' title='bbox 2434 1141 2596 1196; x_wconf 76' lang='lat' dir='ltr'><strong>facta.</strong></span> <span class='ocrx_word' id='word_1_190' title='bbox 2623 1141 2909 1210; x_wconf 73' lang='lat' dir='ltr'><strong>Accipiens</strong></span> <span class='ocrx_word' id='word_1_191' title='bbox 2939 1142 3186 1200; x_wconf 58' lang='lat' dir='ltr'><strong>{Sinistus</strong></span> <span class='ocrx_word' id='word_1_192' title='bbox 3229 1159 3396 1214; x_wconf 83' lang='lat' dir='ltr'><strong>panes</strong></span> <span class='ocrx_word' id='word_1_193' title='bbox 3438 1144 3672 1215; x_wconf 81' lang='lat' dir='ltr'><strong>quinque</strong></span> 
     </span>
    </p>
   </div>
   <div class='ocr_carea' id='block_1_28' title="bbox 2086 1231 3680 1306">
    <p class='ocr_par' dir='ltr' id='par_1_28' title="bbox 2086 1231 3680 1306">
     <span class='ocr_line' id='line_1_28' title="bbox 2086 1231 3680 1306; baseline 0.007 -25"><span class='ocrx_word' id='word_1_194' title='bbox 2086 1236 2142 1282; x_wconf 91' lang='lat' dir='ltr'><strong>ct</strong></span> <span class='ocrx_word' id='word_1_195' title='bbox 2166 1235 2301 1284; x_wconf 85' lang='lat' dir='ltr'><strong>duos</strong></span> <span class='ocrx_word' id='word_1_196' title='bbox 2337 1231 2534 1300; x_wconf 81' lang='lat' dir='ltr'><strong>pisces,</strong></span> <span class='ocrx_word' id='word_1_197' title='bbox 2565 1238 2618 1285; x_wconf 90' lang='lat' dir='ltr'><strong>et</strong></span> <span class='ocrx_word' id='word_1_198' title='bbox 2639 1231 2846 1301; x_wconf 65' lang='lat' dir='ltr'><strong>gratias</strong></span> <span class='ocrx_word' id='word_1_199' title='bbox 2871 1247 3060 1302; x_wconf 79' lang='lat' dir='ltr'><strong>agens,</strong></span> <span class='ocrx_word' id='word_1_200' title='bbox 3086 1231 3236 1288; x_wconf 80' lang='lat' dir='ltr'><strong>Patri</strong></span> <span class='ocrx_word' id='word_1_201' title='bbox 3269 1233 3516 1290; x_wconf 74' lang='lat' dir='ltr'><strong>videlicet</strong></span> <span class='ocrx_word' id='word_1_202' title='bbox 3537 1273 3552 1300; x_wconf 88' lang='lat'><strong>,</strong></span> <span class='ocrx_word' id='word_1_203' title='bbox 3580 1234 3680 1306; x_wconf 75' lang='lat' dir='ltr'><strong>qui&quot;</strong></span> 
     </span>
    </p>
   </div>
   <div class='ocr_carea' id='block_1_29' title="bbox 2091 1317 3672 1395">
    <p class='ocr_par' dir='ltr' id='par_1_29' title="bbox 2091 1317 3672 1395">
     <span class='ocr_line' id='line_1_29' title="bbox 2091 1317 3672 1395; baseline 0.008 -25"><span class='ocrx_word' id='word_1_204' title='bbox 2091 1317 2256 1372; x_wconf 81' lang='lat' dir='ltr'><strong>voluit</strong></span> <span class='ocrx_word' id='word_1_205' title='bbox 2283 1318 2469 1375; x_wconf 87' lang='lat' dir='ltr'><strong>lideles</strong></span> <span class='ocrx_word' id='word_1_206' title='bbox 2496 1334 2626 1376; x_wconf 80' lang='lat' dir='ltr'><strong>suos</strong></span> <span class='ocrx_word' id='word_1_207' title='bbox 2649 1319 2910 1390; x_wconf 78' lang='lat' dir='ltr'><strong>symbolis</strong></span> <span class='ocrx_word' id='word_1_208' title='bbox 2931 1337 2998 1376; x_wconf 86' lang='lat' dir='ltr'><strong>ae</strong></span> <span class='ocrx_word' id='word_1_209' title='bbox 3024 1323 3378 1382; x_wconf 79' lang='lat' dir='ltr'><strong>sacramentis</strong></span> <span class='ocrx_word' id='word_1_210' title='bbox 3407 1339 3634 1395; x_wconf 85' lang='lat' dir='ltr'><strong>pascere</strong></span> <span class='ocrx_word' id='word_1_211' title='bbox 3654 1365 3672 1390; x_wconf 87' lang='lat'><strong>,</strong></span> 
     </span>
    </p>
   </div>
   <div class='ocr_carea' id='block_1_30' title="bbox 2089 1407 3669 1487">
    <p class='ocr_par' dir='ltr' id='par_1_30' title="bbox 2089 1407 3669 1487">
     <span class='ocr_line' id='line_1_30' title="bbox 2089 1407 3669 1487; baseline 0.004 -25"><span class='ocrx_word' id='word_1_212' title='bbox 2089 1407 2252 1464; x_wconf 83' lang='lat' dir='ltr'><strong>tradit</strong></span> <span class='ocrx_word' id='word_1_213' title='bbox 2279 1409 2557 1480; x_wconf 78' lang='lat' dir='ltr'><strong>discipulis</strong></span> <span class='ocrx_word' id='word_1_214' title='bbox 2591 1410 2730 1487; x_wconf 72' lang='lat' dir='ltr'><strong>suis,</strong></span> <span class='ocrx_word' id='word_1_215' title='bbox 2753 1411 3029 1480; x_wconf 75' lang='lat' dir='ltr'><strong>magisuis</strong></span> <span class='ocrx_word' id='word_1_216' title='bbox 3043 1413 3160 1468; x_wconf 80' lang='lat' dir='ltr'><strong>suis</strong></span> <span class='ocrx_word' id='word_1_217' title='bbox 3175 1445 3190 1475; x_wconf 90' lang='lat'><strong>-,</strong></span> <span class='ocrx_word' id='word_1_218' title='bbox 3236 1412 3501 1471; x_wconf 74' lang='lat' dir='ltr'><strong>ministris</strong></span> <span class='ocrx_word' id='word_1_219' title='bbox 3518 1414 3669 1480; x_wconf 76' lang='lat' dir='ltr'><strong>suis;</strong></span> 
     </span>
    </p>
   </div>
   <div class='ocr_carea' id='block_1_31' title="bbox 2083 1490 3666 1570">
    <p class='ocr_par' dir='ltr' id='par_1_31' title="bbox 2083 1490 3666 1570">
     <span class='ocr_line' id='line_1_31' title="bbox 2083 1490 3666 1570; baseline 0.006 -18"><span class='ocrx_word' id='word_1_220' title='bbox 2083 1496 2185 1568; x_wconf 84' lang='lat' dir='ltr'><strong>ipsi</strong></span> <span class='ocrx_word' id='word_1_221' title='bbox 2215 1511 2344 1567; x_wconf 80' lang='lat' dir='ltr'><strong>vero</strong></span> <span class='ocrx_word' id='word_1_222' title='bbox 2377 1490 2566 1555; x_wconf 78' lang='lat' dir='ltr'><strong>turbae</strong></span> <span class='ocrx_word' id='word_1_223' title='bbox 2613 1499 2879 1570; x_wconf 84' lang='lat' dir='ltr'><strong>dividunt.</strong></span> <span class='ocrx_word' id='word_1_224' title='bbox 2915 1500 3092 1556; x_wconf 82' lang='lat' dir='ltr'><strong>Panes</strong></span> <span class='ocrx_word' id='word_1_225' title='bbox 3125 1503 3414 1561; x_wconf 74' lang='lat' dir='ltr'><strong>hordeacei</strong></span> <span class='ocrx_word' id='word_1_226' title='bbox 3444 1519 3475 1557; x_wconf 90' lang='lat' dir='ltr'><strong>a</strong></span> <span class='ocrx_word' id='word_1_227' title='bbox 3501 1504 3666 1563; x_wconf 62' lang='grc' dir='ltr'><strong>αἰδεί-</strong></span> 
     </span>
    </p>
   </div>
   <div class='ocr_carea' id='block_1_32' title="bbox 2085 1585 3666 1667">
    <p class='ocr_par' dir='ltr' id='par_1_32' title="bbox 2085 1585 3666 1667">
     <span class='ocr_line' id='line_1_32' title="bbox 2085 1585 3666 1667; baseline 0.006 -26"><span class='ocrx_word' id='word_1_228' title='bbox 2085 1587 2226 1656; x_wconf 89' lang='lat' dir='ltr'><strong>pulis</strong></span> <span class='ocrx_word' id='word_1_229' title='bbox 2253 1585 2600 1660; x_wconf 65' lang='lat' dir='ltr'><strong>franguntur,</strong></span> <span class='ocrx_word' id='word_1_230' title='bbox 2630 1597 2757 1650; x_wconf 83' lang='lat' dir='ltr'><strong>dum</strong></span> <span class='ocrx_word' id='word_1_231' title='bbox 2778 1593 2850 1648; x_wconf 87' lang='lat' dir='ltr'><strong>ab</strong></span> <span class='ocrx_word' id='word_1_232' title='bbox 2875 1593 2955 1648; x_wconf 87' lang='lat' dir='ltr'><strong>eis</strong></span> <span class='ocrx_word' id='word_1_233' title='bbox 2983 1594 3269 1667; x_wconf 82' lang='lat' dir='ltr'><strong>utriusque</strong></span> <span class='ocrx_word' id='word_1_234' title='bbox 3303 1595 3440 1666; x_wconf 62' lang='lat' dir='ltr'><strong>legis</strong></span> <span class='ocrx_word' id='word_1_235' title='bbox 3469 1608 3666 1667; x_wconf 50' lang='lat' dir='ltr'><strong>myste.</strong></span> 
     </span>
    </p>
   </div>
   <div class='ocr_carea' id='block_1_33' title="bbox 409 1679 3672 1758">
    <p class='ocr_par' dir='ltr' id='par_1_33' title="bbox 409 1679 3672 1758">
     <span class='ocr_line' id='line_1_33' title="bbox 409 1679 3672 1758; baseline 0.004 -20"><span class='ocrx_word' id='word_1_236' title='bbox 409 1683 524 1739; x_wconf 86' lang='lat' dir='ltr'><strong>sola</strong></span> <span class='ocrx_word' id='word_1_237' title='bbox 548 1682 791 1740; x_wconf 85' lang='lat' dir='ltr'><strong>doctrina</strong></span> <span class='ocrx_word' id='word_1_238' title='bbox 821 1683 1091 1738; x_wconf 87' lang='lat' dir='ltr'><strong>dicuntur.</strong></span> <span class='ocrx_word' id='word_1_239' title='bbox 1132 1681 1290 1740; x_wconf 71' lang='lat' dir='ltr'><strong>Verbi</strong></span> <span class='ocrx_word' id='word_1_240' title='bbox 1315 1684 1512 1755; x_wconf 72' lang='lat' dir='ltr'><strong>gratia,</strong></span> <span class='ocrx_word' id='word_1_241' title='bbox 1558 1685 1610 1739; x_wconf 89' lang='lat' dir='ltr'><strong>in</strong></span> <span class='ocrx_word' id='word_1_242' title='bbox 1647 1687 1818 1741; x_wconf 76' lang='lat' dir='ltr'><strong>reteri</strong></span> <span class='ocrx_word' id='word_1_243' title='bbox 1868 1687 1982 1758; x_wconf 80' lang='lat' dir='ltr'><strong>lege</strong></span> <span class='ocrx_word' id='word_1_244' title='bbox 2016 1688 2061 1748; x_wconf 86' lang='grc' dir='ltr'><strong>Β</strong></span> <span class='ocrx_word' id='word_1_245' title='bbox 2089 1679 2168 1733; x_wconf 66' lang='lat' dir='ltr'><strong>Pili</strong></span> <span class='ocrx_word' id='word_1_246' title='bbox 2205 1679 2379 1737; x_wconf 62' lang='lat' dir='ltr'><strong>ill-tes</strong></span> <span class='ocrx_word' id='word_1_247' title='bbox 2403 1694 2584 1752; x_wconf 63' lang='lat'><strong>866185</strong></span> <span class='ocrx_word' id='word_1_248' title='bbox 2625 1692 2682 1740; x_wconf 74' lang='lat' dir='ltr'><strong>el.</strong></span> <span class='ocrx_word' id='word_1_249' title='bbox 2710 1683 2764 1738; x_wconf 72' lang='lat' dir='ltr'><strong>in</strong></span> <span class='ocrx_word' id='word_1_250' title='bbox 2791 1697 2976 1738; x_wconf 68' lang='lat' dir='ltr'><strong>03mm</strong></span> <span class='ocrx_word' id='word_1_251' title='bbox 3007 1685 3320 1756; x_wconf 57' lang='lat' dir='ltr'><strong>spiritali!“</strong></span> <span class='ocrx_word' id='word_1_252' title='bbox 3365 1687 3672 1746; x_wconf 60' lang='lat' dir='ltr'><strong>ittlclk&#39;cws</strong></span> 
     </span>
    </p>
   </div>
   <div class='ocr_carea' id='block_1_34' title="bbox 407 1771 1986 1844">
    <p class='ocr_par' dir='ltr' id='par_1_34' title="bbox 407 1771 1986 1844">
     <span class='ocr_line' id='line_1_34' title="bbox 407 1771 1986 1844; baseline 0.003 -16"><span class='ocrx_word' id='word_1_253' title='bbox 407 1772 670 1843; x_wconf 84' lang='lat' dir='ltr'><strong>scriptum</strong></span> <span class='ocrx_word' id='word_1_254' title='bbox 697 1780 822 1828; x_wconf 87' lang='lat' dir='ltr'><strong>est:</strong></span> <span class='ocrx_word' id='word_1_255' title='bbox 853 1789 874 1824; x_wconf 72' lang='grc' dir='ltr'><strong><em>ι</em></strong></span> <span class='ocrx_word' id='word_1_256' title='bbox 909 1771 1028 1828; x_wconf 71' lang='lat' dir='ltr'><strong>Non</strong></span> <span class='ocrx_word' id='word_1_257' title='bbox 1057 1786 1256 1844; x_wconf 80' lang='lat' dir='ltr'><strong>coquos</strong></span> <span class='ocrx_word' id='word_1_258' title='bbox 1275 1772 1504 1830; x_wconf 84' lang='lat' dir='ltr'><strong>haedum</strong></span> <span class='ocrx_word' id='word_1_259' title='bbox 1534 1773 1590 1829; x_wconf 85' lang='lat' dir='ltr'><strong>in</strong></span> <span class='ocrx_word' id='word_1_260' title='bbox 1629 1775 1770 1832; x_wconf 86' lang='lat' dir='ltr'><strong>lacte</strong></span> <span class='ocrx_word' id='word_1_261' title='bbox 1797 1779 1986 1834; x_wconf 87' lang='lat' dir='ltr'><strong>mauis</strong></span> 
     </span>
    </p>
   </div>
   <div class='ocr_carea' id='block_1_35' title="bbox 407 1861 1985 1934">
    <p class='ocr_par' dir='ltr' id='par_1_35' title="bbox 407 1861 1985 1934">
     <span class='ocr_line' id='line_1_35' title="bbox 407 1861 1985 1934; baseline 0.004 -18"><span class='ocrx_word' id='word_1_262' title='bbox 407 1876 540 1917; x_wconf 81' lang='lat' dir='ltr'><strong>suae</strong></span> <span class='ocrx_word' id='word_1_263' title='bbox 561 1881 607 1916; x_wconf 68' lang='grc' dir='ltr'><strong>ι.</strong></span> <span class='ocrx_word' id='word_1_264' title='bbox 637 1861 772 1918; x_wconf 81' lang='lat' dir='ltr'><strong>illud</strong></span> <span class='ocrx_word' id='word_1_265' title='bbox 795 1862 1058 1933; x_wconf 82' lang='lat' dir='ltr'><strong>siquidem</strong></span> <span class='ocrx_word' id='word_1_266' title='bbox 1083 1877 1357 1934; x_wconf 85' lang='lat' dir='ltr'><strong>nunquam</strong></span> <span class='ocrx_word' id='word_1_267' title='bbox 1380 1865 1675 1920; x_wconf 86' lang='lat' dir='ltr'><strong>secundum</strong></span> <span class='ocrx_word' id='word_1_268' title='bbox 1698 1864 1985 1922; x_wconf 84' lang='lat' dir='ltr'><strong>historiam</strong></span> 
     </span>
    </p>
   </div>
   <div class='ocr_carea' id='block_1_36' title="bbox 405 1951 1986 2026">
    <p class='ocr_par' dir='ltr' id='par_1_36' title="bbox 405 1951 1986 2026">
     <span class='ocr_line' id='line_1_36' title="bbox 405 1951 1986 2026; baseline 0.006 -22"><span class='ocrx_word' id='word_1_269' title='bbox 405 1951 600 2024; x_wconf 80' lang='lat' dir='ltr'><strong>legitur</strong></span> <span class='ocrx_word' id='word_1_270' title='bbox 623 1951 813 2020; x_wconf 75' lang='lat' dir='ltr'><strong>fuisse,</strong></span> <span class='ocrx_word' id='word_1_271' title='bbox 839 1962 977 2010; x_wconf 89' lang='lat' dir='ltr'><strong>teste</strong></span> <span class='ocrx_word' id='word_1_272' title='bbox 995 1953 1292 2026; x_wconf 80' lang='lat' dir='ltr'><strong>Augustino</strong></span> <span class='ocrx_word' id='word_1_273' title='bbox 1317 1971 1332 2020; x_wconf 89' lang='lat'><strong>;</strong></span> <span class='ocrx_word' id='word_1_274' title='bbox 1357 1955 1560 2011; x_wconf 80' lang='lat' dir='ltr'><strong>dictant</strong></span> <span class='ocrx_word' id='word_1_275' title='bbox 1593 1964 1680 2012; x_wconf 83' lang='lat' dir='ltr'><strong>est</strong></span> <span class='ocrx_word' id='word_1_276' title='bbox 1723 1965 1902 2013; x_wconf 88' lang='lat' dir='ltr'><strong>tamen</strong></span> <span class='ocrx_word' id='word_1_277' title='bbox 1929 1967 1986 2016; x_wconf 84' lang='lat' dir='ltr'><strong>et</strong></span> 
     </span>
    </p>
   </div>
   <div class='ocr_carea' id='block_1_37' title="bbox 407 2043 1981 2114">
    <p class='ocr_par' dir='ltr' id='par_1_37' title="bbox 407 2043 1981 2114">
     <span class='ocr_line' id='line_1_37' title="bbox 407 2043 1981 2114; baseline 0.005 -16"><span class='ocrx_word' id='word_1_278' title='bbox 407 2043 693 2114; x_wconf 78' lang='lat' dir='ltr'><strong>scriptum,</strong></span> <span class='ocrx_word' id='word_1_279' title='bbox 720 2061 784 2099; x_wconf 83' lang='lat' dir='ltr'><strong>ae</strong></span> <span class='ocrx_word' id='word_1_280' title='bbox 811 2044 976 2100; x_wconf 78' lang='lat' dir='ltr'><strong>veluti</strong></span> <span class='ocrx_word' id='word_1_281' title='bbox 1002 2045 1205 2100; x_wconf 79' lang='lat' dir='ltr'><strong>factum</strong></span> <span class='ocrx_word' id='word_1_282' title='bbox 1244 2047 1494 2112; x_wconf 80' lang='lat' dir='ltr'><strong>traditur,</strong></span> <span class='ocrx_word' id='word_1_283' title='bbox 1521 2063 1645 2102; x_wconf 87' lang='lat' dir='ltr'><strong>cum</strong></span> <span class='ocrx_word' id='word_1_284' title='bbox 1678 2049 1880 2105; x_wconf 76' lang='lat' dir='ltr'><strong>veritas</strong></span> <span class='ocrx_word' id='word_1_285' title='bbox 1900 2050 1981 2106; x_wconf 87' lang='lat' dir='ltr'><strong>di-</strong></span> 
     </span>
    </p>
   </div>
   <div class='ocr_carea' id='block_1_38' title="bbox 409 2136 1976 2200">
    <p class='ocr_par' dir='ltr' id='par_1_38' title="bbox 409 2136 1976 2200">
     <span class='ocr_line' id='line_1_38' title="bbox 409 2136 1976 2200; baseline 0.005 -12"><span class='ocrx_word' id='word_1_286' title='bbox 409 2137 563 2192; x_wconf 74' lang='lat' dir='ltr'><strong>vinae</strong></span> <span class='ocrx_word' id='word_1_287' title='bbox 589 2137 850 2192; x_wconf 80' lang='lat' dir='ltr'><strong>historiae</strong></span> <span class='ocrx_word' id='word_1_288' title='bbox 874 2137 1074 2192; x_wconf 75' lang='lat' dir='ltr'><strong>factum</strong></span> <span class='ocrx_word' id='word_1_289' title='bbox 1100 2136 1266 2194; x_wconf 84' lang='lat' dir='ltr'><strong>fuisse</strong></span> <span class='ocrx_word' id='word_1_290' title='bbox 1297 2152 1404 2193; x_wconf 86' lang='lat' dir='ltr'><strong>non</strong></span> <span class='ocrx_word' id='word_1_291' title='bbox 1433 2137 1706 2195; x_wconf 79' lang='lat' dir='ltr'><strong>invenitur</strong></span> <span class='ocrx_word' id='word_1_292' title='bbox 1729 2157 1976 2200; x_wconf 80' lang='lat' dir='ltr'><strong>narrare.</strong></span> 
     </span>
    </p>
   </div>
   <div class='ocr_carea' id='block_1_39' title="bbox 405 2212 1978 2298">
    <p class='ocr_par' dir='ltr' id='par_1_39' title="bbox 405 2212 1978 2298">
     <span class='ocr_line' id='line_1_39' title="bbox 405 2212 1978 2298; baseline 0.006 -19"><span class='ocrx_word' id='word_1_293' title='bbox 405 2228 534 2285; x_wconf 87' lang='lat' dir='ltr'><strong>Item</strong></span> <span class='ocrx_word' id='word_1_294' title='bbox 561 2229 615 2283; x_wconf 87' lang='lat' dir='ltr'><strong>in</strong></span> <span class='ocrx_word' id='word_1_295' title='bbox 639 2227 867 2285; x_wconf 83' lang='lat' dir='ltr'><strong>Psalmis</strong></span> <span class='ocrx_word' id='word_1_296' title='bbox 894 2243 913 2281; x_wconf 87' lang='lat'><strong>:</strong></span> <span class='ocrx_word' id='word_1_297' title='bbox 959 2247 978 2280; x_wconf 76' lang='grc' dir='ltr'>ι</span> <span class='ocrx_word' id='word_1_298' title='bbox 1017 2212 1229 2284; x_wconf 74' lang='lat' dir='ltr'><strong>Montes</strong></span> <span class='ocrx_word' id='word_1_299' title='bbox 1255 2229 1636 2286; x_wconf 78' lang='lat' dir='ltr'><strong>exultarerunt</strong></span> <span class='ocrx_word' id='word_1_300' title='bbox 1669 2244 1730 2286; x_wconf 87' lang='lat' dir='ltr'><strong>ut</strong></span> <span class='ocrx_word' id='word_1_301' title='bbox 1760 2233 1978 2298; x_wconf 85' lang='lat' dir='ltr'><strong>arietes,</strong></span> 
     </span>
    </p>
   </div>
   <div class='ocr_carea' id='block_1_40' title="bbox 377 2317 1967 2389">
    <p class='ocr_par' dir='ltr' id='par_1_40' title="bbox 377 2317 1967 2389">
     <span class='ocr_line' id='line_1_40' title="bbox 377 2317 1967 2389; baseline 0.004 -15"><span class='ocrx_word' id='word_1_302' title='bbox 377 2329 458 2374; x_wconf 65' lang='lat' dir='ltr'><strong>~ct</strong></span> <span class='ocrx_word' id='word_1_303' title='bbox 497 2317 664 2374; x_wconf 82' lang='lat' dir='ltr'><strong>colles</strong></span> <span class='ocrx_word' id='word_1_304' title='bbox 713 2320 854 2374; x_wconf 88' lang='lat' dir='ltr'><strong>sicut</strong></span> <span class='ocrx_word' id='word_1_305' title='bbox 907 2321 1032 2389; x_wconf 81' lang='lat' dir='ltr'><strong>agni</strong></span> <span class='ocrx_word' id='word_1_306' title='bbox 1068 2319 1249 2374; x_wconf 80' lang='lat' dir='ltr'><strong>ovium</strong></span> <span class='ocrx_word' id='word_1_307' title='bbox 1282 2339 1330 2374; x_wconf 75' lang='grc' dir='ltr'><strong>ι.</strong></span> <span class='ocrx_word' id='word_1_308' title='bbox 1364 2321 1419 2376; x_wconf 82' lang='grc' dir='ltr'><strong>ιιι</strong></span> <span class='ocrx_word' id='word_1_309' title='bbox 1449 2323 1534 2376; x_wconf 84' lang='lat' dir='ltr'><strong>his</strong></span> <span class='ocrx_word' id='word_1_310' title='bbox 1580 2324 1726 2378; x_wconf 86' lang='lat' dir='ltr'><strong>enim</strong></span> <span class='ocrx_word' id='word_1_311' title='bbox 1755 2324 1967 2380; x_wconf 79' lang='lat' dir='ltr'><strong>divinae</strong></span> 
     </span>
    </p>
   </div>
   <div class='ocr_carea' id='block_1_41' title="bbox 317 2411 1978 2489">
    <p class='ocr_par' dir='ltr' id='par_1_41' title="bbox 317 2411 1978 2489">
     <span class='ocr_line' id='line_1_41' title="bbox 317 2411 1978 2489; baseline 0.004 -21"><span class='ocrx_word' id='word_1_312' title='bbox 317 2465 324 2474; x_wconf 87' lang='grc'><em>,</em></span> <span class='ocrx_word' id='word_1_313' title='bbox 404 2413 722 2484; x_wconf 85' lang='lat' dir='ltr'><strong>Scripturae</strong></span> <span class='ocrx_word' id='word_1_314' title='bbox 747 2411 882 2469; x_wconf 91' lang='lat' dir='ltr'><strong>locis</strong></span> <span class='ocrx_word' id='word_1_315' title='bbox 906 2422 961 2466; x_wconf 90' lang='lat' dir='ltr'><strong>et</strong></span> <span class='ocrx_word' id='word_1_316' title='bbox 989 2412 1044 2468; x_wconf 91' lang='lat' dir='ltr'><strong>in</strong></span> <span class='ocrx_word' id='word_1_317' title='bbox 1074 2413 1257 2466; x_wconf 90' lang='lat' dir='ltr'><strong>multis</strong></span> <span class='ocrx_word' id='word_1_318' title='bbox 1283 2413 1548 2472; x_wconf 84' lang='lat' dir='ltr'><strong>similibus</strong></span> <span class='ocrx_word' id='word_1_319' title='bbox 1566 2415 1828 2489; x_wconf 72' lang='lat' dir='ltr'><strong>allegoria</strong></span> <span class='ocrx_word' id='word_1_320' title='bbox 1863 2419 1978 2474; x_wconf 87' lang='lat' dir='ltr'><strong>sola</strong></span> 
     </span>
    </p>
   </div>
   <div class='ocr_carea' id='block_1_42' title="bbox 345 2503 1978 2578">
    <p class='ocr_par' dir='ltr' id='par_1_42' title="bbox 345 2503 1978 2578">
     <span class='ocr_line' id='line_1_42' title="bbox 345 2503 1978 2578; baseline 0.002 -17"><span class='ocrx_word' id='word_1_321' title='bbox 345 2513 348 2516; x_wconf 80' lang='grc'><strong>’</strong></span> <span class='ocrx_word' id='word_1_322' title='bbox 400 2506 555 2572; x_wconf 85' lang='lat' dir='ltr'><strong>dicti,</strong></span> <span class='ocrx_word' id='word_1_323' title='bbox 582 2521 689 2561; x_wconf 89' lang='lat' dir='ltr'><strong>non</strong></span> <span class='ocrx_word' id='word_1_324' title='bbox 715 2515 898 2560; x_wconf 84' lang='lat' dir='ltr'><strong>autem</strong></span> <span class='ocrx_word' id='word_1_325' title='bbox 931 2505 1062 2559; x_wconf 79' lang='lat' dir='ltr'><strong>facti</strong></span> <span class='ocrx_word' id='word_1_326' title='bbox 1091 2513 1148 2560; x_wconf 87' lang='lat' dir='ltr'><strong>et</strong></span> <span class='ocrx_word' id='word_1_327' title='bbox 1174 2503 1325 2573; x_wconf 84' lang='lat' dir='ltr'><strong>dicti,</strong></span> <span class='ocrx_word' id='word_1_328' title='bbox 1358 2505 1691 2578; x_wconf 72' lang='lat' dir='ltr'><strong>intelligitur.</strong></span> <span class='ocrx_word' id='word_1_329' title='bbox 1723 2507 1782 2564; x_wconf 83' lang='lat' dir='ltr'><strong>in</strong></span> <span class='ocrx_word' id='word_1_330' title='bbox 1827 2506 1978 2566; x_wconf 76' lang='lat' dir='ltr'><strong>Novo</strong></span> 
     </span>
    </p>
   </div>
   <div class='ocr_carea' id='block_1_43' title="bbox 401 2595 1974 2668">
    <p class='ocr_par' dir='ltr' id='par_1_43' title="bbox 401 2595 1974 2668">
     <span class='ocr_line' id='line_1_43' title="bbox 401 2595 1974 2668; baseline 0.003 -17"><span class='ocrx_word' id='word_1_331' title='bbox 401 2595 749 2652; x_wconf 84' lang='lat' dir='ltr'><strong>Testamento</strong></span> <span class='ocrx_word' id='word_1_332' title='bbox 771 2595 940 2654; x_wconf 87' lang='lat' dir='ltr'><strong>multa</strong></span> <span class='ocrx_word' id='word_1_333' title='bbox 971 2605 1280 2662; x_wconf 86' lang='lat' dir='ltr'><strong>narrantur,</strong></span> <span class='ocrx_word' id='word_1_334' title='bbox 1307 2612 1448 2668; x_wconf 85' lang='lat' dir='ltr'><strong>quae</strong></span> <span class='ocrx_word' id='word_1_335' title='bbox 1471 2599 1766 2654; x_wconf 84' lang='lat' dir='ltr'><strong>secundum</strong></span> <span class='ocrx_word' id='word_1_336' title='bbox 1813 2599 1974 2656; x_wconf 81' lang='lat' dir='ltr'><strong>ﬁdem</strong></span> 
     </span>
    </p>
   </div>
   <div class='ocr_carea' id='block_1_44' title="bbox 399 2687 1976 2753">
    <p class='ocr_par' dir='ltr' id='par_1_44' title="bbox 399 2687 1976 2753">
     <span class='ocr_line' id='line_1_44' title="bbox 399 2687 1976 2753; baseline 0.003 -10"><span class='ocrx_word' id='word_1_337' title='bbox 399 2687 660 2744; x_wconf 83' lang='lat' dir='ltr'><strong>historiae</strong></span> <span class='ocrx_word' id='word_1_338' title='bbox 711 2701 818 2744; x_wconf 89' lang='lat' dir='ltr'><strong>non</strong></span> <span class='ocrx_word' id='word_1_339' title='bbox 874 2695 998 2743; x_wconf 84' lang='lat' dir='ltr'><strong>sunt</strong></span> <span class='ocrx_word' id='word_1_340' title='bbox 1024 2687 1190 2753; x_wconf 79' lang='lat' dir='ltr'><strong>facta,</strong></span> <span class='ocrx_word' id='word_1_341' title='bbox 1241 2692 1335 2743; x_wconf 87' lang='lat' dir='ltr'><strong>sed</strong></span> <span class='ocrx_word' id='word_1_342' title='bbox 1371 2689 1710 2747; x_wconf 82' lang='lat' dir='ltr'><strong>solummodo</strong></span> <span class='ocrx_word' id='word_1_343' title='bbox 1735 2691 1875 2747; x_wconf 87' lang='lat' dir='ltr'><strong>dicta</strong></span> <span class='ocrx_word' id='word_1_344' title='bbox 1911 2708 1976 2748; x_wconf 87' lang='lat' dir='ltr'><strong>ac</strong></span> 
     </span>
    </p>
   </div>
   <div class='ocr_carea' id='block_1_45' title="bbox 357 2774 1976 2858">
    <p class='ocr_par' dir='ltr' id='par_1_45' title="bbox 357 2774 1976 2858">
     <span class='ocr_line' id='line_1_45' title="bbox 357 2774 1976 2858; baseline 0.005 -30"><span class='ocrx_word' id='word_1_345' title='bbox 357 2823 366 2828; x_wconf 86' lang='lat'><strong>-</strong></span> <span class='ocrx_word' id='word_1_346' title='bbox 403 2774 563 2832; x_wconf 73' lang='lat' dir='ltr'><strong>veluti</strong></span> <span class='ocrx_word' id='word_1_347' title='bbox 590 2775 772 2842; x_wconf 77' lang='lat' dir='ltr'><strong>facta;</strong></span> <span class='ocrx_word' id='word_1_348' title='bbox 804 2789 943 2845; x_wconf 84' lang='lat' dir='ltr'><strong>quae</strong></span> <span class='ocrx_word' id='word_1_349' title='bbox 971 2776 1216 2848; x_wconf 80' lang='lat' dir='ltr'><strong>exetnpla</strong></span> <span class='ocrx_word' id='word_1_350' title='bbox 1248 2777 1484 2833; x_wconf 73' lang='lat' dir='ltr'><strong>maxime</strong></span> <span class='ocrx_word' id='word_1_351' title='bbox 1508 2777 1564 2834; x_wconf 89' lang='lat' dir='ltr'><strong>itt</strong></span> <span class='ocrx_word' id='word_1_352' title='bbox 1589 2778 1847 2854; x_wconf 71' lang='lat' dir='ltr'><strong>allegoria</strong></span> <span class='ocrx_word' id='word_1_353' title='bbox 1878 2796 1976 2858; x_wconf 82' lang='lat' dir='ltr'><strong>pa-</strong></span> 
     </span>
    </p>
   </div>
   <div class='ocr_carea' id='block_1_46' title="bbox 399 2859 1972 2944">
    <p class='ocr_par' dir='ltr' id='par_1_46' title="bbox 399 2859 1972 2944">
     <span class='ocr_line' id='line_1_46' title="bbox 399 2859 1972 2944; baseline 0.004 -25"><span class='ocrx_word' id='word_1_354' title='bbox 399 2867 707 2922; x_wconf 83' lang='lat' dir='ltr'><strong>rabolarum</strong></span> <span class='ocrx_word' id='word_1_355' title='bbox 734 2859 1134 2923; x_wconf 77' lang='lat' dir='ltr'><strong>Dominicarum</strong></span> <span class='ocrx_word' id='word_1_356' title='bbox 1183 2869 1548 2939; x_wconf 86' lang='lat' dir='ltr'><strong>reperiuntur,</strong></span> <span class='ocrx_word' id='word_1_357' title='bbox 1592 2872 1736 2926; x_wconf 81' lang='lat' dir='ltr'><strong>verbi</strong></span> <span class='ocrx_word' id='word_1_358' title='bbox 1774 2875 1972 2944; x_wconf 79' lang='lat' dir='ltr'><strong>gratia,</strong></span> 
     </span>
    </p>
   </div>
   <div class='ocr_carea' id='block_1_47' title="bbox 398 2956 1974 3033">
    <p class='ocr_par' dir='ltr' id='par_1_47' title="bbox 398 2956 1974 3033">
     <span class='ocr_line' id='line_1_47' title="bbox 398 2956 1974 3033; baseline 0.004 -22"><span class='ocrx_word' id='word_1_359' title='bbox 398 2956 654 3026; x_wconf 83' lang='lat' dir='ltr'><strong>parabola</strong></span> <span class='ocrx_word' id='word_1_360' title='bbox 680 2957 749 3014; x_wconf 90' lang='lat' dir='ltr'><strong>de</strong></span> <span class='ocrx_word' id='word_1_361' title='bbox 773 2957 940 3012; x_wconf 81' lang='lat' dir='ltr'><strong>divite</strong></span> <span class='ocrx_word' id='word_1_362' title='bbox 964 2966 1020 3013; x_wconf 91' lang='lat' dir='ltr'><strong>et</strong></span> <span class='ocrx_word' id='word_1_363' title='bbox 1055 2959 1260 3015; x_wconf 78' lang='lat' dir='ltr'><strong>Lazaro</strong></span> <span class='ocrx_word' id='word_1_364' title='bbox 1287 2974 1524 3033; x_wconf 85' lang='lat' dir='ltr'><strong>paupere</strong></span> <span class='ocrx_word' id='word_1_365' title='bbox 1549 2961 1602 3016; x_wconf 91' lang='lat' dir='ltr'><strong>in</strong></span> <span class='ocrx_word' id='word_1_366' title='bbox 1631 2961 1753 3018; x_wconf 89' lang='lat' dir='ltr'><strong>sinu</strong></span> <span class='ocrx_word' id='word_1_367' title='bbox 1802 2965 1974 3018; x_wconf 75' lang='lat' dir='ltr'><strong>Abra-</strong></span> 
     </span>
    </p>
   </div>
   <div class='ocr_carea' id='block_1_48' title="bbox 2089 1766 3670 1846">
    <p class='ocr_par' dir='ltr' id='par_1_48' title="bbox 2089 1766 3670 1846">
     <span class='ocr_line' id='line_1_48' title="bbox 2089 1766 3670 1846; baseline 0.008 -24"><span class='ocrx_word' id='word_1_368' title='bbox 2089 1768 2420 1826; x_wconf 81' lang='lat' dir='ltr'><strong>dividuntur.</strong></span> <span class='ocrx_word' id='word_1_369' title='bbox 2479 1771 2721 1841; x_wconf 80' lang='lat' dir='ltr'><strong>Simplici</strong></span> <span class='ocrx_word' id='word_1_370' title='bbox 2764 1773 2992 1842; x_wconf 75' lang='lat' dir='ltr'><strong>hiswria</strong></span> <span class='ocrx_word' id='word_1_371' title='bbox 3045 1766 3340 1844; x_wconf 79' lang='lat' dir='ltr'><strong>pascuntur</strong></span> <span class='ocrx_word' id='word_1_372' title='bbox 3382 1779 3670 1846; x_wconf 85' lang='lat' dir='ltr'><strong>carnales;</strong></span> 
     </span>
    </p>
   </div>
   <div class='ocr_carea' id='block_1_49' title="bbox 2086 1859 3669 1936">
    <p class='ocr_par' dir='ltr' id='par_1_49' title="bbox 2086 1859 3669 1936">
     <span class='ocr_line' id='line_1_49' title="bbox 2086 1859 3669 1936; baseline 0.006 -23"><span class='ocrx_word' id='word_1_373' title='bbox 2086 1859 2300 1916; x_wconf 81' lang='lat' dir='ltr'><strong>divinos</strong></span> <span class='ocrx_word' id='word_1_374' title='bbox 2343 1861 2512 1932; x_wconf 81' lang='lat' dir='ltr'><strong>ipsius</strong></span> <span class='ocrx_word' id='word_1_375' title='bbox 2543 1861 2807 1919; x_wconf 80' lang='lat' dir='ltr'><strong>historiae.</strong></span> <span class='ocrx_word' id='word_1_376' title='bbox 2845 1864 3152 1920; x_wconf 77' lang='lat' dir='ltr'><strong>intellectus</strong></span> <span class='ocrx_word' id='word_1_377' title='bbox 3194 1867 3354 1936; x_wconf 81' lang='lat' dir='ltr'><strong>quasi</strong></span> <span class='ocrx_word' id='word_1_378' title='bbox 3402 1871 3669 1931; x_wconf 76' lang='lat' dir='ltr'><strong>quaedam</strong></span> 
     </span>
    </p>
   </div>
   <div class='ocr_carea' id='block_1_50' title="bbox 2085 1947 3664 2031">
    <p class='ocr_par' dir='ltr' id='par_1_50' title="bbox 2085 1947 3664 2031">
     <span class='ocr_line' id='line_1_50' title="bbox 2085 1947 3664 2031; baseline 0.009 -29"><span class='ocrx_word' id='word_1_379' title='bbox 2085 1947 2383 2019; x_wconf 77' lang='lat' dir='ltr'><strong>fragmenta</strong></span> <span class='ocrx_word' id='word_1_380' title='bbox 2433 1952 2695 2024; x_wconf 79' lang='lat' dir='ltr'><strong>colligunt</strong></span> <span class='ocrx_word' id='word_1_381' title='bbox 2741 1954 3076 2027; x_wconf 79' lang='lat' dir='ltr'><strong>spirituales.</strong></span> <span class='ocrx_word' id='word_1_382' title='bbox 3120 1956 3487 2029; x_wconf 68' lang='lat' dir='ltr'><strong>Fragmenta,</strong></span> <span class='ocrx_word' id='word_1_383' title='bbox 3527 1976 3664 2031; x_wconf 79' lang='lat' dir='ltr'><strong>quae</strong></span> 
     </span>
    </p>
   </div>
   <div class='ocr_carea' id='block_1_51' title="bbox 2082 2042 3670 2119">
    <p class='ocr_par' dir='ltr' id='par_1_51' title="bbox 2082 2042 3670 2119">
     <span class='ocr_line' id='line_1_51' title="bbox 2082 2042 3670 2119; baseline 0.006 -25"><span class='ocrx_word' id='word_1_384' title='bbox 2082 2042 2372 2097; x_wconf 82' lang='lat' dir='ltr'><strong>comedunt</strong></span> <span class='ocrx_word' id='word_1_385' title='bbox 2409 2044 2661 2102; x_wconf 74' lang='lat' dir='ltr'><strong>&#39;carnalea</strong></span> <span class='ocrx_word' id='word_1_386' title='bbox 2697 2055 2754 2099; x_wconf 85' lang='lat' dir='ltr'><strong>et</strong></span> <span class='ocrx_word' id='word_1_387' title='bbox 2788 2055 3106 2104; x_wconf 84' lang='lat' dir='ltr'><strong>saturantur</strong></span> <span class='ocrx_word' id='word_1_388' title='bbox 3132 2087 3147 2114; x_wconf 90' lang='lat'><strong>,</strong></span> <span class='ocrx_word' id='word_1_389' title='bbox 3181 2065 3269 2106; x_wconf 86' lang='lat' dir='ltr'><strong>res</strong></span> <span class='ocrx_word' id='word_1_390' title='bbox 3309 2060 3530 2119; x_wconf 73' lang='lat' dir='ltr'><strong>gestae;</strong></span> <span class='ocrx_word' id='word_1_391' title='bbox 3558 2053 3670 2106; x_wconf 83' lang='lat' dir='ltr'><strong>l&#39;ra-</strong></span> 
     </span>
    </p>
   </div>
   <div class='ocr_carea' id='block_1_52' title="bbox 2081 2138 3766 2210">
    <p class='ocr_par' dir='ltr' id='par_1_52' title="bbox 2081 2138 3766 2210">
     <span class='ocr_line' id='line_1_52' title="bbox 2081 2138 3766 2210; baseline 0.009 -23"><span class='ocrx_word' id='word_1_392' title='bbox 2081 2147 2299 2206; x_wconf 73' lang='lat' dir='ltr'><strong>gmenta</strong></span> <span class='ocrx_word' id='word_1_393' title='bbox 2324 2173 2342 2200; x_wconf 90' lang='lat'><strong>,</strong></span> <span class='ocrx_word' id='word_1_394' title='bbox 2393 2151 2534 2204; x_wconf 79' lang='lat' dir='ltr'><strong>quae</strong></span> <span class='ocrx_word' id='word_1_395' title='bbox 2575 2138 2866 2198; x_wconf 79' lang='lat' dir='ltr'><strong>comedunt</strong></span> <span class='ocrx_word' id='word_1_396' title='bbox 2908 2141 3254 2210; x_wconf 73' lang='lat' dir='ltr'><strong>spiritualcs,</strong></span> <span class='ocrx_word' id='word_1_397' title='bbox 3292 2143 3482 2200; x_wconf 79' lang='lat' dir='ltr'><strong>divini.</strong></span> <span class='ocrx_word' id='word_1_398' title='bbox 3511 2144 3668 2202; x_wconf 80' lang='lat' dir='ltr'><strong>intet-</strong></span> <span class='ocrx_word' id='word_1_399' title='bbox 3762 2176 3766 2178; x_wconf 88' lang='lat'><strong>-</strong></span> 
     </span>
    </p>
   </div>
   <div class='ocr_carea' id='block_1_53' title="bbox 2081 2220 3666 2304">
    <p class='ocr_par' dir='ltr' id='par_1_53' title="bbox 2081 2220 3666 2304">
     <span class='ocr_line' id='line_1_53' title="bbox 2081 2220 3666 2304; baseline 0.006 -24"><span class='ocrx_word' id='word_1_400' title='bbox 2081 2220 2253 2284; x_wconf 84' lang='lat' dir='ltr'><strong>lectus</strong></span> <span class='ocrx_word' id='word_1_401' title='bbox 2282 2242 2464 2284; x_wconf 87' lang='lat' dir='ltr'><strong>rerum</strong></span> <span class='ocrx_word' id='word_1_402' title='bbox 2511 2240 2786 2300; x_wconf 78' lang='lat' dir='ltr'><strong>gestarum</strong></span> <span class='ocrx_word' id='word_1_403' title='bbox 2821 2242 2966 2287; x_wconf 83' lang='lat' dir='ltr'><strong>sunt.</strong></span> <span class='ocrx_word' id='word_1_404' title='bbox 3013 2231 3170 2288; x_wconf 80' lang='lat' dir='ltr'><strong>Verbi</strong></span> <span class='ocrx_word' id='word_1_405' title='bbox 3201 2237 3373 2304; x_wconf 77' lang='lat' dir='ltr'><strong>gratia</strong></span> <span class='ocrx_word' id='word_1_406' title='bbox 3396 2276 3412 2301; x_wconf 93' lang='lat'><strong>,</strong></span> <span class='ocrx_word' id='word_1_407' title='bbox 3457 2235 3666 2302; x_wconf 75' lang='lat' dir='ltr'><strong>legatur</strong></span> 
     </span>
    </p>
   </div>
   <div class='ocr_carea' id='block_1_54' title="bbox 2079 2317 3662 2390">
    <p class='ocr_par' dir='ltr' id='par_1_54' title="bbox 2079 2317 3662 2390">
     <span class='ocr_line' id='line_1_54' title="bbox 2079 2317 3662 2390; baseline 0.006 -18"><span class='ocrx_word' id='word_1_408' title='bbox 2079 2317 2214 2374; x_wconf 83' lang='lat' dir='ltr'><strong>liber</strong></span> <span class='ocrx_word' id='word_1_409' title='bbox 2239 2317 2532 2384; x_wconf 70' lang='lat' dir='ltr'><strong>Gettcseos,</strong></span> <span class='ocrx_word' id='word_1_410' title='bbox 2561 2336 2630 2375; x_wconf 88' lang='lat' dir='ltr'><strong>eo</strong></span> <span class='ocrx_word' id='word_1_411' title='bbox 2653 2321 2782 2387; x_wconf 91' lang='lat' dir='ltr'><strong>loci,</strong></span> <span class='ocrx_word' id='word_1_412' title='bbox 2823 2321 2910 2376; x_wconf 90' lang='lat' dir='ltr'><strong>ubi</strong></span> <span class='ocrx_word' id='word_1_413' title='bbox 2945 2323 3203 2377; x_wconf 63' lang='lat' dir='ltr'><strong>transitus</strong></span> <span class='ocrx_word' id='word_1_414' title='bbox 3233 2341 3400 2380; x_wconf 84' lang='lat' dir='ltr'><strong>carna</strong></span> <span class='ocrx_word' id='word_1_415' title='bbox 3442 2345 3470 2380; x_wconf 85' lang='lat' dir='ltr'><strong>s</strong></span> <span class='ocrx_word' id='word_1_416' title='bbox 3521 2335 3662 2390; x_wconf 75' lang='lat' dir='ltr'><strong>smel</strong></span> 
     </span>
    </p>
   </div>
   <div class='ocr_carea' id='block_1_55' title="bbox 2076 2410 3661 2489">
    <p class='ocr_par' dir='ltr' id='par_1_55' title="bbox 2076 2410 3661 2489">
     <span class='ocr_line' id='line_1_55' title="bbox 2076 2410 3661 2489; baseline 0.006 -26"><span class='ocrx_word' id='word_1_417' title='bbox 2076 2425 2177 2485; x_wconf 72' lang='lat' dir='ltr'><strong>per</strong></span> <span class='ocrx_word' id='word_1_418' title='bbox 2225 2425 2378 2469; x_wconf 81' lang='lat' dir='ltr'><strong>mare</strong></span> <span class='ocrx_word' id='word_1_419' title='bbox 2426 2411 2650 2489; x_wconf 73' lang='lat' dir='ltr'><strong>rubrum</strong></span> <span class='ocrx_word' id='word_1_420' title='bbox 2708 2413 2984 2468; x_wconf 85' lang='lat' dir='ltr'><strong>narratur.</strong></span> <span class='ocrx_word' id='word_1_421' title='bbox 3039 2410 3278 2485; x_wconf 76' lang='lat' dir='ltr'><strong>Simplex</strong></span> <span class='ocrx_word' id='word_1_422' title='bbox 3323 2416 3661 2473; x_wconf 73' lang='lat' dir='ltr'><strong>Chrisdanus</strong></span> 
     </span>
    </p>
   </div>
   <div class='ocr_carea' id='block_1_56' title="bbox 2075 2499 3666 2586">
    <p class='ocr_par' dir='ltr' id='par_1_56' title="bbox 2075 2499 3666 2586">
     <span class='ocr_line' id='line_1_56' title="bbox 2075 2499 3666 2586; baseline 0.006 -27"><span class='ocrx_word' id='word_1_423' title='bbox 2075 2505 2252 2560; x_wconf 79' lang='lat' dir='ltr'><strong>adhuc</strong></span> <span class='ocrx_word' id='word_1_424' title='bbox 2277 2543 2294 2569; x_wconf 94' lang='lat'><strong>,</strong></span> <span class='ocrx_word' id='word_1_425' title='bbox 2331 2504 2496 2560; x_wconf 73' lang='lat' dir='ltr'><strong>veluti</strong></span> <span class='ocrx_word' id='word_1_426' title='bbox 2529 2507 2593 2564; x_wconf 85' lang='lat' dir='ltr'><strong>in</strong></span> <span class='ocrx_word' id='word_1_427' title='bbox 2620 2507 2798 2564; x_wconf 71' lang='lat' dir='ltr'><strong>laeuo</strong></span> <span class='ocrx_word' id='word_1_428' title='bbox 2843 2499 3023 2562; x_wconf 83' lang='lat' dir='ltr'><strong>rerum</strong></span> <span class='ocrx_word' id='word_1_429' title='bbox 3073 2511 3448 2580; x_wconf 83' lang='lat' dir='ltr'><strong>temporalium</strong></span> <span class='ocrx_word' id='word_1_430' title='bbox 3501 2526 3666 2586; x_wconf 80' lang='lat' dir='ltr'><strong>atque</strong></span> 
     </span>
    </p>
   </div>
   <div class='ocr_carea' id='block_1_57' title="bbox 2075 2597 3757 2681">
    <p class='ocr_par' dir='ltr' id='par_1_57' title="bbox 2075 2597 3757 2681">
     <span class='ocr_line' id='line_1_57' title="bbox 2075 2597 3757 2681; baseline 0.006 -29"><span class='ocrx_word' id='word_1_431' title='bbox 2075 2597 2372 2652; x_wconf 87' lang='lat' dir='ltr'><strong>carnalium</strong></span> <span class='ocrx_word' id='word_1_432' title='bbox 2391 2598 2730 2664; x_wconf 85' lang='lat' dir='ltr'><strong>recumbens,</strong></span> <span class='ocrx_word' id='word_1_433' title='bbox 2747 2601 2858 2655; x_wconf 89' lang='lat' dir='ltr'><strong>sola</strong></span> <span class='ocrx_word' id='word_1_434' title='bbox 2877 2602 3113 2671; x_wconf 86' lang='lat' dir='ltr'><strong>pascitur</strong></span> <span class='ocrx_word' id='word_1_435' title='bbox 3130 2603 3664 2676; x_wconf 74' lang='lat' dir='ltr'><strong>ltistoria.Quidquid</strong></span> <span class='ocrx_word' id='word_1_436' title='bbox 3727 2631 3757 2681; x_wconf 74' lang='lat'><strong>_’</strong></span> 
     </span>
    </p>
   </div>
   <div class='ocr_carea' id='block_1_58' title="bbox 2077 2681 3666 2769">
    <p class='ocr_par' dir='ltr' id='par_1_58' title="bbox 2077 2681 3666 2769">
     <span class='ocr_line' id='line_1_58' title="bbox 2077 2681 3666 2769; baseline 0.008 -27"><span class='ocrx_word' id='word_1_437' title='bbox 2077 2689 2336 2745; x_wconf 76' lang='lat' dir='ltr'><strong>enimibi</strong></span> <span class='ocrx_word' id='word_1_438' title='bbox 2401 2693 2608 2746; x_wconf 81' lang='lat' dir='ltr'><strong>factum</strong></span> <span class='ocrx_word' id='word_1_439' title='bbox 2631 2701 2751 2751; x_wconf 85' lang='lat' dir='ltr'><strong>est.</strong></span> <span class='ocrx_word' id='word_1_440' title='bbox 2797 2692 3035 2763; x_wconf 86' lang='lat' dir='ltr'><strong>quinque</strong></span> <span class='ocrx_word' id='word_1_441' title='bbox 3083 2695 3331 2751; x_wconf 75' lang='lat' dir='ltr'><strong>sensibus</strong></span> <span class='ocrx_word' id='word_1_442' title='bbox 3387 2681 3666 2769; x_wconf 69' lang='lat' dir='ltr'><strong>corporeis</strong></span> 
     </span>
    </p>
   </div>
   <div class='ocr_carea' id='block_1_59' title="bbox 2073 2771 3663 2856">
    <p class='ocr_par' dir='ltr' id='par_1_59' title="bbox 2073 2771 3663 2856">
     <span class='ocr_line' id='line_1_59' title="bbox 2073 2771 3663 2856; baseline 0.007 -24"><span class='ocrx_word' id='word_1_443' title='bbox 2073 2774 2409 2834; x_wconf 51' lang='lat' dir='ltr'><strong>notutn&#39;luit.</strong></span> <span class='ocrx_word' id='word_1_444' title='bbox 2434 2777 2571 2840; x_wconf 72' lang='lat' dir='ltr'><strong>,Nam</strong></span> <span class='ocrx_word' id='word_1_445' title='bbox 2595 2771 2779 2838; x_wconf 39' lang='lat' dir='ltr'><strong>et&quot;t&#39;isi</strong></span> <span class='ocrx_word' id='word_1_446' title='bbox 2799 2779 2930 2838; x_wconf 76' lang='lat' dir='ltr'><strong>sunt</strong></span> <span class='ocrx_word' id='word_1_447' title='bbox 2955 2782 3227 2852; x_wconf 63' lang='lat' dir='ltr'><strong>istaelitac</strong></span> <span class='ocrx_word' id='word_1_448' title='bbox 3255 2785 3416 2842; x_wconf 82' lang='lat' dir='ltr'><strong>siccis</strong></span> <span class='ocrx_word' id='word_1_449' title='bbox 3435 2789 3663 2856; x_wconf 86' lang='lat' dir='ltr'><strong>pedibus</strong></span> 
     </span>
    </p>
   </div>
   <div class='ocr_carea' id='block_1_60' title="bbox 2073 2859 3663 2955">
    <p class='ocr_par' dir='ltr' id='par_1_60' title="bbox 2073 2859 3663 2955">
     <span class='ocr_line' id='line_1_60' title="bbox 2073 2859 3663 2955; baseline 0.009 -32"><span class='ocrx_word' id='word_1_450' title='bbox 2073 2883 2224 2925; x_wconf 85' lang='lat' dir='ltr'><strong>mare</strong></span> <span class='ocrx_word' id='word_1_451' title='bbox 2251 2870 2530 2936; x_wconf 81' lang='lat' dir='ltr'><strong>transisse,</strong></span> <span class='ocrx_word' id='word_1_452' title='bbox 2579 2859 2898 2955; x_wconf 64' lang='lat' dir='ltr'><strong>Aegyptiaci</strong></span> <span class='ocrx_word' id='word_1_453' title='bbox 2933 2870 3059 2930; x_wconf 69' lang='lat' dir='ltr'><strong>t‘ero</strong></span> <span class='ocrx_word' id='word_1_454' title='bbox 3093 2877 3277 2931; x_wconf 86' lang='lat' dir='ltr'><strong>necati</strong></span> <span class='ocrx_word' id='word_1_455' title='bbox 3326 2877 3663 2938; x_wconf 76' lang='lat' dir='ltr'><strong>fuisse..lloe</strong></span> 
     </span>
    </p>
   </div>
   <div class='ocr_carea' id='block_1_61' title="bbox 2072 2961 3663 3035">
    <p class='ocr_par' dir='ltr' id='par_1_61' title="bbox 2072 2961 3663 3035">
     <span class='ocr_line' id='line_1_61' title="bbox 2072 2961 3663 3035; baseline 0.008 -22"><span class='ocrx_word' id='word_1_456' title='bbox 2072 2975 2288 3030; x_wconf 85' lang='lat' dir='ltr'><strong>quoque</strong></span> <span class='ocrx_word' id='word_1_457' title='bbox 2314 2976 2346 3014; x_wconf 87' lang='lat' dir='ltr'><strong>a</strong></span> <span class='ocrx_word' id='word_1_458' title='bbox 2388 2961 2630 3018; x_wconf 87' lang='lat' dir='ltr'><strong>linitimis</strong></span> <span class='ocrx_word' id='word_1_459' title='bbox 2658 2965 3173 3035; x_wconf 74' lang='lat' dir='ltr'><strong>gentibus-auditum</strong></span> <span class='ocrx_word' id='word_1_460' title='bbox 3197 2976 3300 3032; x_wconf 89' lang='lat' dir='ltr'><strong>est,</strong></span> <span class='ocrx_word' id='word_1_461' title='bbox 3330 2973 3471 3024; x_wconf 89' lang='lat' dir='ltr'><strong>unda</strong></span> <span class='ocrx_word' id='word_1_462' title='bbox 3500 2974 3663 3025; x_wconf 81' lang='lat' dir='ltr'><strong>mari-</strong></span> 
     </span>
    </p>
   </div>
   <div class='ocr_carea' id='block_1_62' title="bbox 398 3039 3666 3123">
    <p class='ocr_par' dir='ltr' id='par_1_62' title="bbox 398 3039 3666 3123">
     <span class='ocr_line' id='line_1_62' title="bbox 398 3039 3666 3123; baseline 0.002 -17"><span class='ocrx_word' id='word_1_463' title='bbox 398 3049 1358 3123; x_wconf 77' lang='lat' dir='ltr'><strong>nam,dequeinterpositochasmate</strong></span> <span class='ocrx_word' id='word_1_464' title='bbox 1377 3092 1392 3118; x_wconf 88' lang='lat'><strong>,</strong></span> <span class='ocrx_word' id='word_1_465' title='bbox 1433 3053 1500 3108; x_wconf 89' lang='lat' dir='ltr'><strong>de</strong></span> <span class='ocrx_word' id='word_1_466' title='bbox 1523 3049 1762 3116; x_wconf 77' lang='lat' dir='ltr'><strong>ﬂamma,</strong></span> <span class='ocrx_word' id='word_1_467' title='bbox 1787 3053 1852 3108; x_wconf 83' lang='lat' dir='ltr'><strong>de</strong></span> <span class='ocrx_word' id='word_1_468' title='bbox 1878 3053 1976 3110; x_wconf 81' lang='lat' dir='ltr'><strong>lin-</strong></span> <span class='ocrx_word' id='word_1_469' title='bbox 2001 3039 2052 3105; x_wconf 63' lang='grc' dir='ltr'><strong>Β</strong></span> <span class='ocrx_word' id='word_1_470' title='bbox 2077 3069 2146 3110; x_wconf 86' lang='lat' dir='ltr'><strong>na</strong></span> <span class='ocrx_word' id='word_1_471' title='bbox 2171 3057 2383 3122; x_wconf 72' lang='lat' dir='ltr'><strong>gustata</strong></span> <span class='ocrx_word' id='word_1_472' title='bbox 2407 3062 2498 3110; x_wconf 87' lang='lat' dir='ltr'><strong>.est</strong></span> <span class='ocrx_word' id='word_1_473' title='bbox 2520 3091 2538 3119; x_wconf 92' lang='lat'><strong>,</strong></span> <span class='ocrx_word' id='word_1_474' title='bbox 2567 3053 2766 3109; x_wconf 76' lang='lat' dir='ltr'><strong>Olfacta</strong></span> <span class='ocrx_word' id='word_1_475' title='bbox 2793 3065 2850 3110; x_wconf 90' lang='lat' dir='ltr'><strong>et</strong></span> <span class='ocrx_word' id='word_1_476' title='bbox 2899 3064 3062 3112; x_wconf 86' lang='lat' dir='ltr'><strong>tacta.</strong></span> <span class='ocrx_word' id='word_1_477' title='bbox 3114 3054 3266 3123; x_wconf 81' lang='lat' dir='ltr'><strong>Quae</strong></span> <span class='ocrx_word' id='word_1_478' title='bbox 3311 3069 3506 3116; x_wconf 84' lang='lat' dir='ltr'><strong>cuncta</strong></span> <span class='ocrx_word' id='word_1_479' title='bbox 3536 3059 3666 3116; x_wconf 82' lang='lat' dir='ltr'><strong>sim-</strong></span> 
     </span>
    </p>
   </div>
   <div class='ocr_carea' id='block_1_63' title="bbox 395 3143 1975 3217">
    <p class='ocr_par' dir='ltr' id='par_1_63' title="bbox 395 3143 1975 3217">
     <span class='ocr_line' id='line_1_63' title="bbox 395 3143 1975 3217; baseline 0.001 -17"><span class='ocrx_word' id='word_1_480' title='bbox 395 3160 520 3216; x_wconf 76' lang='lat' dir='ltr'><strong>gua,</strong></span> <span class='ocrx_word' id='word_1_481' title='bbox 567 3145 634 3202; x_wconf 87' lang='lat' dir='ltr'><strong>de</strong></span> <span class='ocrx_word' id='word_1_482' title='bbox 657 3145 843 3217; x_wconf 74' lang='lat' dir='ltr'><strong>digito,</strong></span> <span class='ocrx_word' id='word_1_483' title='bbox 869 3161 1008 3216; x_wconf 87' lang='lat' dir='ltr'><strong>quae</strong></span> <span class='ocrx_word' id='word_1_484' title='bbox 1036 3143 1219 3200; x_wconf 84' lang='lat' dir='ltr'><strong>omnia</strong></span> <span class='ocrx_word' id='word_1_485' title='bbox 1270 3145 1415 3199; x_wconf 86' lang='lat' dir='ltr'><strong>nulla</strong></span> <span class='ocrx_word' id='word_1_486' title='bbox 1451 3144 1744 3200; x_wconf 84' lang='lat' dir='ltr'><strong>auctoritas</strong></span> <span class='ocrx_word' id='word_1_487' title='bbox 1781 3161 1975 3201; x_wconf 82' lang='lat' dir='ltr'><strong>secun-</strong></span> 
     </span>
    </p>
   </div>
   <div class='ocr_carea' id='block_1_64' title="bbox 396 3235 1974 3312">
    <p class='ocr_par' dir='ltr' id='par_1_64' title="bbox 396 3235 1974 3312">
     <span class='ocr_line' id='line_1_64' title="bbox 396 3235 1974 3312; baseline 0.002 -20"><span class='ocrx_word' id='word_1_488' title='bbox 396 3241 523 3292; x_wconf 88' lang='lat' dir='ltr'><strong>dum</strong></span> <span class='ocrx_word' id='word_1_489' title='bbox 575 3252 665 3293; x_wconf 84' lang='lat' dir='ltr'><strong>res</strong></span> <span class='ocrx_word' id='word_1_490' title='bbox 706 3251 891 3308; x_wconf 77' lang='lat' dir='ltr'><strong>gestas</strong></span> <span class='ocrx_word' id='word_1_491' title='bbox 932 3235 1098 3292; x_wconf 74' lang='lat' dir='ltr'><strong>fuisse</strong></span> <span class='ocrx_word' id='word_1_492' title='bbox 1153 3236 1336 3303; x_wconf 87' lang='lat' dir='ltr'><strong>tradit,</strong></span> <span class='ocrx_word' id='word_1_493' title='bbox 1363 3237 1459 3292; x_wconf 86' lang='lat' dir='ltr'><strong>scd</strong></span> <span class='ocrx_word' id='word_1_494' title='bbox 1492 3235 1721 3312; x_wconf 77' lang='lat' dir='ltr'><strong>ﬁgurate</strong></span> <span class='ocrx_word' id='word_1_495' title='bbox 1751 3241 1974 3295; x_wconf 85' lang='lat' dir='ltr'><strong>omnino</strong></span> 
     </span>
    </p>
   </div>
   <div class='ocr_carea' id='block_1_65' title="bbox 345 3325 2036 3418">
    <p class='ocr_par' dir='ltr' id='par_1_65' title="bbox 345 3325 2036 3418">
     <span class='ocr_line' id='line_1_65' title="bbox 345 3325 2036 3418; baseline 0.004 -36"><span class='ocrx_word' id='word_1_496' title='bbox 345 3337 360 3350; x_wconf 82' lang='lat'><strong>‘</strong></span> <span class='ocrx_word' id='word_1_497' title='bbox 393 3327 536 3383; x_wconf 86' lang='lat' dir='ltr'><strong>dicta</strong></span> <span class='ocrx_word' id='word_1_498' title='bbox 561 3334 706 3383; x_wconf 84' lang='lat' dir='ltr'><strong>sunt.</strong></span> <span class='ocrx_word' id='word_1_499' title='bbox 759 3327 910 3394; x_wconf 79' lang='lat' dir='ltr'><strong>Quae</strong></span> <span class='ocrx_word' id='word_1_500' title='bbox 961 3325 1133 3382; x_wconf 79' lang='lat' dir='ltr'><strong>forma</strong></span> <span class='ocrx_word' id='word_1_501' title='bbox 1183 3327 1240 3382; x_wconf 89' lang='lat' dir='ltr'><strong>in</strong></span> <span class='ocrx_word' id='word_1_502' title='bbox 1277 3327 1533 3384; x_wconf 83' lang='lat' dir='ltr'><strong>omnibus</strong></span> <span class='ocrx_word' id='word_1_503' title='bbox 1561 3328 1678 3385; x_wconf 82' lang='lat' dir='ltr'><strong>fere</strong></span> <span class='ocrx_word' id='word_1_504' title='bbox 1700 3331 1976 3402; x_wconf 80' lang='lat' dir='ltr'><strong>parabolis</strong></span> <span class='ocrx_word' id='word_1_505' title='bbox 2005 3407 2036 3418; x_wconf 33' lang='grc' dir='ltr'>υ</span> 
     </span>
    </p>
   </div>
   <div class='ocr_carea' id='block_1_66' title="bbox 377 3416 1968 3494">
    <p class='ocr_par' dir='ltr' id='par_1_66' title="bbox 377 3416 1968 3494">
     <span class='ocr_line' id='line_1_66' title="bbox 377 3416 1968 3494; baseline 0.005 -26"><span class='ocrx_word' id='word_1_506' title='bbox 377 3416 770 3494; x_wconf 66' lang='lat' dir='ltr'><strong>cognoscitur,</strong></span> <span class='ocrx_word' id='word_1_507' title='bbox 838 3418 1158 3490; x_wconf 83' lang='lat' dir='ltr'><strong>proprieque</strong></span> <span class='ocrx_word' id='word_1_508' title='bbox 1241 3419 1537 3490; x_wconf 77' lang='lat' dir='ltr'><strong>symbolica</strong></span> <span class='ocrx_word' id='word_1_509' title='bbox 1620 3422 1968 3488; x_wconf 83' lang='lat' dir='ltr'><strong>nominatur;</strong></span> 
     </span>
    </p>
   </div>
   <div class='ocr_carea' id='block_1_67' title="bbox 395 3498 2006 3584">
    <p class='ocr_par' dir='ltr' id='par_1_67' title="bbox 395 3498 2006 3584">
     <span class='ocr_line' id='line_1_67' title="bbox 395 3498 2006 3584; baseline 0.004 -22"><span class='ocrx_word' id='word_1_510' title='bbox 395 3507 642 3579; x_wconf 78' lang='lat' dir='ltr'><strong>quatnvis</strong></span> <span class='ocrx_word' id='word_1_511' title='bbox 665 3522 794 3564; x_wconf 88' lang='lat' dir='ltr'><strong>usus</strong></span> <span class='ocrx_word' id='word_1_512' title='bbox 822 3509 1036 3566; x_wconf 74' lang='lat' dir='ltr'><strong>divinae</strong></span> <span class='ocrx_word' id='word_1_513' title='bbox 1074 3509 1388 3580; x_wconf 84' lang='lat' dir='ltr'><strong>Scripturae</strong></span> <span class='ocrx_word' id='word_1_514' title='bbox 1433 3512 1525 3576; x_wconf 84' lang='lat' dir='ltr'><strong>sit,</strong></span> <span class='ocrx_word' id='word_1_515' title='bbox 1584 3514 1828 3583; x_wconf 67' lang='lat' dir='ltr'><strong>symbola</strong></span> <span class='ocrx_word' id='word_1_516' title='bbox 1877 3498 2006 3584; x_wconf 32' lang='lat' dir='ltr'><strong>pro.</strong></span> 
     </span>
    </p>
   </div>
   <div class='ocr_carea' id='block_1_68' title="bbox 396 3600 1979 3674">
    <p class='ocr_par' dir='ltr' id='par_1_68' title="bbox 396 3600 1979 3674">
     <span class='ocr_line' id='line_1_68' title="bbox 396 3600 1979 3674; baseline 0.002 -18"><span class='ocrx_word' id='word_1_517' title='bbox 396 3601 690 3673; x_wconf 80' lang='lat' dir='ltr'><strong>mysteriis,</strong></span> <span class='ocrx_word' id='word_1_518' title='bbox 718 3609 771 3654; x_wconf 90' lang='lat' dir='ltr'><strong>et</strong></span> <span class='ocrx_word' id='word_1_519' title='bbox 797 3600 1052 3672; x_wconf 82' lang='lat' dir='ltr'><strong>mysteria</strong></span> <span class='ocrx_word' id='word_1_520' title='bbox 1080 3615 1179 3672; x_wconf 92' lang='lat' dir='ltr'><strong>pro</strong></span> <span class='ocrx_word' id='word_1_521' title='bbox 1209 3601 1468 3674; x_wconf 80' lang='lat' dir='ltr'><strong>symbolis</strong></span> <span class='ocrx_word' id='word_1_522' title='bbox 1515 3603 1802 3659; x_wconf 75' lang='lat' dir='ltr'><strong>vicinitate</strong></span> <span class='ocrx_word' id='word_1_523' title='bbox 1842 3621 1979 3672; x_wconf 89' lang='lat' dir='ltr'><strong>qua-</strong></span> 
     </span>
    </p>
   </div>
   <div class='ocr_carea' id='block_1_69' title="bbox 395 3690 1978 3768">
    <p class='ocr_par' dir='ltr' id='par_1_69' title="bbox 395 3690 1978 3768">
     <span class='ocr_line' id='line_1_69' title="bbox 395 3690 1978 3768; baseline 0.003 -21"><span class='ocrx_word' id='word_1_524' title='bbox 395 3691 520 3747; x_wconf 88' lang='lat' dir='ltr'><strong>dam</strong></span> <span class='ocrx_word' id='word_1_525' title='bbox 549 3700 712 3762; x_wconf 88' lang='lat' dir='ltr'><strong>atque</strong></span> <span class='ocrx_word' id='word_1_526' title='bbox 735 3690 1084 3748; x_wconf 84' lang='lat' dir='ltr'><strong>similitudine</strong></span> <span class='ocrx_word' id='word_1_527' title='bbox 1096 3707 1316 3764; x_wconf 85' lang='lat' dir='ltr'><strong>ponere.</strong></span> <span class='ocrx_word' id='word_1_528' title='bbox 1345 3693 1620 3751; x_wconf 80' lang='lat' dir='ltr'><strong>l‘onamns</strong></span> <span class='ocrx_word' id='word_1_529' title='bbox 1641 3711 1772 3768; x_wconf 75' lang='lat' dir='ltr'><strong>ergo</strong></span> <span class='ocrx_word' id='word_1_530' title='bbox 1805 3712 1978 3767; x_wconf 81' lang='lat' dir='ltr'><strong>quan-</strong></span> 
     </span>
    </p>
   </div>
   <div class='ocr_carea' id='block_1_70' title="bbox 395 3783 1976 3861">
    <p class='ocr_par' dir='ltr' id='par_1_70' title="bbox 395 3783 1976 3861">
     <span class='ocr_line' id='line_1_70' title="bbox 395 3783 1976 3861; baseline 0.005 -22"><span class='ocrx_word' id='word_1_531' title='bbox 395 3785 518 3839; x_wconf 87' lang='lat' dir='ltr'><strong>dam</strong></span> <span class='ocrx_word' id='word_1_532' title='bbox 547 3783 972 3852; x_wconf 78' lang='lat' dir='ltr'><strong>similitudinem,</strong></span> <span class='ocrx_word' id='word_1_533' title='bbox 1005 3799 1112 3856; x_wconf 87' lang='lat' dir='ltr'><strong>qua</strong></span> <span class='ocrx_word' id='word_1_534' title='bbox 1135 3789 1405 3856; x_wconf 85' lang='lat' dir='ltr'><strong>possimus</strong></span> <span class='ocrx_word' id='word_1_535' title='bbox 1431 3789 1680 3856; x_wconf 85' lang='lat' dir='ltr'><strong>suadere,</strong></span> <span class='ocrx_word' id='word_1_536' title='bbox 1711 3791 1852 3861; x_wconf 86' lang='lat' dir='ltr'><strong>quod</strong></span> <span class='ocrx_word' id='word_1_537' title='bbox 1881 3807 1976 3847; x_wconf 78' lang='lat' dir='ltr'><strong>vo-</strong></span> 
     </span>
    </p>
   </div>
   <div class='ocr_carea' id='block_1_71' title="bbox 311 3874 1972 3951">
    <p class='ocr_par' dir='ltr' id='par_1_71' title="bbox 311 3874 1972 3951">
     <span class='ocr_line' id='line_1_71' title="bbox 311 3874 1972 3951; baseline 0.007 -25"><span class='ocrx_word' id='word_1_538' title='bbox 311 3913 324 3926; x_wconf 84' lang='grc'>..</span> <span class='ocrx_word' id='word_1_539' title='bbox 391 3874 574 3931; x_wconf 80' lang='lat' dir='ltr'><strong>lamus</strong></span> <span class='ocrx_word' id='word_1_540' title='bbox 623 3889 890 3932; x_wconf 87' lang='lat' dir='ltr'><strong>asserere.</strong></span> <span class='ocrx_word' id='word_1_541' title='bbox 932 3874 1240 3932; x_wconf 84' lang='lat' dir='ltr'><strong>Carnaliunt</strong></span> <span class='ocrx_word' id='word_1_542' title='bbox 1271 3877 1508 3934; x_wconf 85' lang='lat' dir='ltr'><strong>tidelium</strong></span> <span class='ocrx_word' id='word_1_543' title='bbox 1557 3881 1789 3951; x_wconf 87' lang='lat' dir='ltr'><strong>populus</strong></span> <span class='ocrx_word' id='word_1_544' title='bbox 1818 3892 1873 3938; x_wconf 88' lang='lat' dir='ltr'><strong>et</strong></span> <span class='ocrx_word' id='word_1_545' title='bbox 1918 3883 1972 3938; x_wconf 87' lang='lat' dir='ltr'><strong>in</strong></span> 
     </span>
    </p>
   </div>
   <div class='ocr_carea' id='block_1_72' title="bbox 394 3965 1976 4044">
    <p class='ocr_par' dir='ltr' id='par_1_72' title="bbox 394 3965 1976 4044">
     <span class='ocr_line' id='line_1_72' title="bbox 394 3965 1976 4044; baseline 0.005 -24"><span class='ocrx_word' id='word_1_546' title='bbox 394 3967 562 4022; x_wconf 69' lang='lat' dir='ltr'><strong>veteri</strong></span> <span class='ocrx_word' id='word_1_547' title='bbox 593 3965 708 4039; x_wconf 75' lang='lat' dir='ltr'><strong>lege</strong></span> <span class='ocrx_word' id='word_1_548' title='bbox 734 3968 1030 4040; x_wconf 75' lang='lat' dir='ltr'><strong>praecessit</strong></span> <span class='ocrx_word' id='word_1_549' title='bbox 1057 3976 1112 4024; x_wconf 89' lang='lat' dir='ltr'><strong>et</strong></span> <span class='ocrx_word' id='word_1_550' title='bbox 1139 3969 1192 4035; x_wconf 86' lang='lat' dir='ltr'><strong>in</strong></span> <span class='ocrx_word' id='word_1_551' title='bbox 1228 3985 1384 4024; x_wconf 75' lang='lat' dir='ltr'><strong>nova.</strong></span> <span class='ocrx_word' id='word_1_552' title='bbox 1411 3971 1532 4026; x_wconf 68' lang='lat' dir='ltr'><strong>iam</strong></span> <span class='ocrx_word' id='word_1_553' title='bbox 1559 3983 1659 4034; x_wconf 87' lang='lat' dir='ltr'><strong>cst,</strong></span> <span class='ocrx_word' id='word_1_554' title='bbox 1689 3973 1783 4044; x_wconf 86' lang='lat' dir='ltr'><strong>qui</strong></span> <span class='ocrx_word' id='word_1_555' title='bbox 1812 3973 1976 4038; x_wconf 65' lang='lat' dir='ltr'><strong>nihil</strong></span> 
     </span>
    </p>
   </div>
   <div class='ocr_carea' id='block_1_73' title="bbox 393 4059 1974 4136">
    <p class='ocr_par' dir='ltr' id='par_1_73' title="bbox 393 4059 1974 4136">
     <span class='ocr_line' id='line_1_73' title="bbox 393 4059 1974 4136; baseline 0.005 -20"><span class='ocrx_word' id='word_1_556' title='bbox 393 4070 547 4116; x_wconf 78' lang='lat' dir='ltr'><strong>extra</strong></span> <span class='ocrx_word' id='word_1_557' title='bbox 575 4059 812 4115; x_wconf 83' lang='lat' dir='ltr'><strong>litteram</strong></span> <span class='ocrx_word' id='word_1_558' title='bbox 849 4075 1148 4132; x_wconf 87' lang='lat' dir='ltr'><strong>sensusque</strong></span> <span class='ocrx_word' id='word_1_559' title='bbox 1187 4078 1479 4132; x_wconf 73' lang='lat' dir='ltr'><strong>corporeus</strong></span> <span class='ocrx_word' id='word_1_560' title='bbox 1527 4067 1804 4122; x_wconf 63' lang='lat' dir='ltr'><strong>existimat</strong></span> <span class='ocrx_word' id='word_1_561' title='bbox 1833 4084 1974 4136; x_wconf 81' lang='lat' dir='ltr'><strong>esse,</strong></span> 
     </span>
    </p>
   </div>
   <div class='ocr_carea' id='block_1_74' title="bbox 391 4151 1976 4233">
    <p class='ocr_par' dir='ltr' id='par_1_74' title="bbox 391 4151 1976 4233">
     <span class='ocr_line' id='line_1_74' title="bbox 391 4151 1976 4233; baseline 0.006 -27"><span class='ocrx_word' id='word_1_562' title='bbox 391 4151 646 4224; x_wconf 64' lang='lat' dir='ltr'><strong>quoniam</strong></span> <span class='ocrx_word' id='word_1_563' title='bbox 677 4151 839 4211; x_wconf 80' lang='lat' dir='ltr'><strong>altius</strong></span> <span class='ocrx_word' id='word_1_564' title='bbox 861 4151 1002 4206; x_wconf 86' lang='lat' dir='ltr'><strong>ultra</strong></span> <span class='ocrx_word' id='word_1_565' title='bbox 1031 4153 1264 4208; x_wconf 83' lang='lat' dir='ltr'><strong>litteram</strong></span> <span class='ocrx_word' id='word_1_566' title='bbox 1289 4154 1624 4226; x_wconf 85' lang='lat' dir='ltr'><strong>Scripturac,</strong></span> <span class='ocrx_word' id='word_1_567' title='bbox 1646 4168 1703 4212; x_wconf 91' lang='lat' dir='ltr'><strong>ct</strong></span> <span class='ocrx_word' id='word_1_568' title='bbox 1728 4173 1814 4224; x_wconf 83' lang='lat' dir='ltr'><strong>ea,</strong></span> <span class='ocrx_word' id='word_1_569' title='bbox 1839 4176 1976 4233; x_wconf 81' lang='lat' dir='ltr'><strong>quae</strong></span> 
     </span>
    </p>
   </div>
   <div class='ocr_carea' id='block_1_75' title="bbox 393 4241 1972 4317">
    <p class='ocr_par' dir='ltr' id='par_1_75' title="bbox 393 4241 1972 4317">
     <span class='ocr_line' id='line_1_75' title="bbox 393 4241 1972 4317; baseline 0.008 -22"><span class='ocrx_word' id='word_1_570' title='bbox 393 4255 490 4312; x_wconf 84' lang='lat' dir='ltr'><strong>per</strong></span> <span class='ocrx_word' id='word_1_571' title='bbox 514 4255 710 4296; x_wconf 78' lang='lat' dir='ltr'><strong>sensus</strong></span> <span class='ocrx_word' id='word_1_572' title='bbox 755 4241 1115 4311; x_wconf 85' lang='lat' dir='ltr'><strong>accipiuntur,</strong></span> <span class='ocrx_word' id='word_1_573' title='bbox 1163 4241 1318 4317; x_wconf 85' lang='lat' dir='ltr'><strong>[non]</strong></span> <span class='ocrx_word' id='word_1_574' title='bbox 1369 4247 1384 4277; x_wconf 77' lang='grc'>⁸</span> <span class='ocrx_word' id='word_1_575' title='bbox 1431 4255 1610 4316; x_wconf 75' lang='lat' dir='ltr'><strong>potest</strong></span> <span class='ocrx_word' id='word_1_576' title='bbox 1659 4253 1972 4308; x_wconf 85' lang='lat' dir='ltr'><strong>ascendere.</strong></span> 
     </span>
    </p>
   </div>
   <div class='ocr_carea' id='block_1_76' title="bbox 392 4329 1976 4410">
    <p class='ocr_par' dir='ltr' id='par_1_76' title="bbox 392 4329 1976 4410">
     <span class='ocr_line' id='line_1_76' title="bbox 392 4329 1976 4410; baseline 0.009 -25"><span class='ocrx_word' id='word_1_577' title='bbox 392 4329 656 4388; x_wconf 81' lang='lat' dir='ltr'><strong>Similiter</strong></span> <span class='ocrx_word' id='word_1_578' title='bbox 676 4331 731 4386; x_wconf 87' lang='lat' dir='ltr'><strong>itt</strong></span> <span class='ocrx_word' id='word_1_579' title='bbox 759 4333 928 4388; x_wconf 80' lang='lat' dir='ltr'><strong>veteri</strong></span> <span class='ocrx_word' id='word_1_580' title='bbox 961 4331 1078 4406; x_wconf 82' lang='lat' dir='ltr'><strong>lege</strong></span> <span class='ocrx_word' id='word_1_581' title='bbox 1102 4335 1328 4407; x_wconf 73' lang='lat' dir='ltr'><strong>perfecti</strong></span> <span class='ocrx_word' id='word_1_582' title='bbox 1349 4345 1404 4391; x_wconf 90' lang='lat' dir='ltr'><strong>et</strong></span> <span class='ocrx_word' id='word_1_583' title='bbox 1426 4339 1699 4410; x_wconf 82' lang='lat' dir='ltr'><strong>sapientes</strong></span> <span class='ocrx_word' id='word_1_584' title='bbox 1725 4341 1777 4396; x_wconf 89' lang='lat' dir='ltr'><strong>in</strong></span> <span class='ocrx_word' id='word_1_585' title='bbox 1805 4345 1976 4398; x_wconf 85' lang='lat' dir='ltr'><strong>actio-</strong></span> 
     </span>
    </p>
   </div>
   <div class='ocr_carea' id='block_1_77' title="bbox 392 4419 1974 4495">
    <p class='ocr_par' dir='ltr' id='par_1_77' title="bbox 392 4419 1974 4495">
     <span class='ocr_line' id='line_1_77' title="bbox 392 4419 1974 4495; baseline 0.009 -19"><span class='ocrx_word' id='word_1_586' title='bbox 392 4421 458 4476; x_wconf 82' lang='lat' dir='ltr'><strong>ite</strong></span> <span class='ocrx_word' id='word_1_587' title='bbox 480 4431 536 4476; x_wconf 85' lang='lat' dir='ltr'><strong>et</strong></span> <span class='ocrx_word' id='word_1_588' title='bbox 562 4421 788 4477; x_wconf 87' lang='lat' dir='ltr'><strong>scicntia</strong></span> <span class='ocrx_word' id='word_1_589' title='bbox 815 4419 1173 4493; x_wconf 86' lang='lat' dir='ltr'><strong>spiritualium</strong></span> <span class='ocrx_word' id='word_1_590' title='bbox 1217 4424 1606 4495; x_wconf 87' lang='lat' dir='ltr'><strong>iutellectuum,</strong></span> <span class='ocrx_word' id='word_1_591' title='bbox 1640 4448 1703 4486; x_wconf 81' lang='lat' dir='ltr'><strong>ac</strong></span> <span class='ocrx_word' id='word_1_592' title='bbox 1730 4433 1784 4488; x_wconf 90' lang='lat' dir='ltr'><strong>in</strong></span> <span class='ocrx_word' id='word_1_593' title='bbox 1823 4433 1974 4492; x_wconf 69' lang='lat' dir='ltr'><strong>Nom</strong></span> 
     </span>
    </p>
   </div>
   <div class='ocr_carea' id='block_1_78' title="bbox 391 4511 1968 4597">
    <p class='ocr_par' dir='ltr' id='par_1_78' title="bbox 391 4511 1968 4597">
     <span class='ocr_line' id='line_1_78' title="bbox 391 4511 1968 4597; baseline 0.01 -31"><span class='ocrx_word' id='word_1_594' title='bbox 391 4511 738 4568; x_wconf 82' lang='lat' dir='ltr'><strong>Testamento</strong></span> <span class='ocrx_word' id='word_1_595' title='bbox 767 4513 932 4568; x_wconf 79' lang='lat' dir='ltr'><strong>fuisse</strong></span> <span class='ocrx_word' id='word_1_596' title='bbox 961 4525 1272 4584; x_wconf 86' lang='lat' dir='ltr'><strong>narrantur,</strong></span> <span class='ocrx_word' id='word_1_597' title='bbox 1319 4517 1435 4588; x_wconf 85' lang='lat' dir='ltr'><strong>qui,</strong></span> <span class='ocrx_word' id='word_1_598' title='bbox 1485 4522 1648 4578; x_wconf 79' lang='lat' dir='ltr'><strong>veluti</strong></span> <span class='ocrx_word' id='word_1_599' title='bbox 1700 4525 1968 4597; x_wconf 80' lang='lat' dir='ltr'><strong>discipuli,</strong></span> 
     </span>
    </p>
   </div>
   <div class='ocr_carea' id='block_1_79' title="bbox 391 4605 1971 4687">
    <p class='ocr_par' dir='ltr' id='par_1_79' title="bbox 391 4605 1971 4687">
     <span class='ocr_line' id='line_1_79' title="bbox 391 4605 1971 4687; baseline 0.009 -28"><span class='ocrx_word' id='word_1_600' title='bbox 391 4619 513 4659; x_wconf 85' lang='lat' dir='ltr'><strong>cum</strong></span> <span class='ocrx_word' id='word_1_601' title='bbox 533 4605 752 4660; x_wconf 83' lang='lat' dir='ltr'><strong>Christo</strong></span> <span class='ocrx_word' id='word_1_602' title='bbox 765 4605 818 4660; x_wconf 88' lang='lat' dir='ltr'><strong>in</strong></span> <span class='ocrx_word' id='word_1_603' title='bbox 837 4605 1170 4662; x_wconf 85' lang='lat' dir='ltr'><strong>altitudinem</strong></span> <span class='ocrx_word' id='word_1_604' title='bbox 1202 4611 1690 4682; x_wconf 77' lang='lat' dir='ltr'><strong>eotitemplationis,</strong></span> <span class='ocrx_word' id='word_1_605' title='bbox 1716 4626 1971 4687; x_wconf 81' lang='lat' dir='ltr'><strong>tanquam</strong></span> 
     </span>
    </p>
   </div>
   <div class='ocr_carea' id='block_1_80' title="bbox 389 4697 1968 4780">
    <p class='ocr_par' dir='ltr' id='par_1_80' title="bbox 389 4697 1968 4780">
     <span class='ocr_line' id='line_1_80' title="bbox 389 4697 1968 4780; baseline 0.011 -30"><span class='ocrx_word' id='word_1_606' title='bbox 389 4697 444 4750; x_wconf 86' lang='lat' dir='ltr'><strong>in</strong></span> <span class='ocrx_word' id='word_1_607' title='bbox 465 4698 732 4768; x_wconf 84' lang='lat' dir='ltr'><strong>quendam</strong></span> <span class='ocrx_word' id='word_1_608' title='bbox 761 4708 1000 4756; x_wconf 84' lang='lat' dir='ltr'><strong>montem</strong></span> <span class='ocrx_word' id='word_1_609' title='bbox 1043 4703 1363 4770; x_wconf 82' lang='lat' dir='ltr'><strong>ascendunt,</strong></span> <span class='ocrx_word' id='word_1_610' title='bbox 1391 4704 1601 4762; x_wconf 85' lang='lat' dir='ltr'><strong>relictis</strong></span> <span class='ocrx_word' id='word_1_611' title='bbox 1638 4710 1968 4780; x_wconf 81' lang='lat' dir='ltr'><strong>carnalibus,</strong></span> 
     </span>
    </p>
   </div>
   <div class='ocr_carea' id='block_1_81' title="bbox 388 4787 1971 4866">
    <p class='ocr_par' dir='ltr' id='par_1_81' title="bbox 388 4787 1971 4866">
     <span class='ocr_line' id='line_1_81' title="bbox 388 4787 1971 4866; baseline 0.005 -24"><span class='ocrx_word' id='word_1_612' title='bbox 388 4788 490 4842; x_wconf 82' lang='lat' dir='ltr'><strong>sub</strong></span> <span class='ocrx_word' id='word_1_613' title='bbox 514 4787 692 4843; x_wconf 85' lang='lat' dir='ltr'><strong>littera</strong></span> <span class='ocrx_word' id='word_1_614' title='bbox 716 4800 770 4844; x_wconf 88' lang='lat' dir='ltr'><strong>et</strong></span> <span class='ocrx_word' id='word_1_615' title='bbox 794 4803 954 4844; x_wconf 87' lang='lat' dir='ltr'><strong>sensu</strong></span> <span class='ocrx_word' id='word_1_616' title='bbox 979 4790 1033 4844; x_wconf 86' lang='lat' dir='ltr'><strong>in</strong></span> <span class='ocrx_word' id='word_1_617' title='bbox 1066 4788 1228 4846; x_wconf 80' lang='lat' dir='ltr'><strong>foeno</strong></span> <span class='ocrx_word' id='word_1_618' title='bbox 1257 4807 1438 4848; x_wconf 88' lang='lat' dir='ltr'><strong>rerum</strong></span> <span class='ocrx_word' id='word_1_619' title='bbox 1477 4798 1851 4866; x_wconf 71' lang='lat' dir='ltr'><strong>temporalium</strong></span> <span class='ocrx_word' id='word_1_620' title='bbox 1885 4817 1971 4857; x_wconf 78' lang='lat' dir='ltr'><strong>re.</strong></span> 
     </span>
    </p>
   </div>
   <div class='ocr_carea' id='block_1_82' title="bbox 389 4880 1976 4955">
    <p class='ocr_par' dir='ltr' id='par_1_82' title="bbox 389 4880 1976 4955">
     <span class='ocr_line' id='line_1_82' title="bbox 389 4880 1976 4955; baseline 0.009 -22"><span class='ocrx_word' id='word_1_621' title='bbox 389 4880 781 4943; x_wconf 73' lang='lat' dir='ltr'><strong>cumbentibus.</strong></span> <span class='ocrx_word' id='word_1_622' title='bbox 810 4900 830 4932; x_wconf 72' lang='grc' dir='ltr'>ι</span> <span class='ocrx_word' id='word_1_623' title='bbox 861 4881 1049 4938; x_wconf 85' lang='lat' dir='ltr'><strong>Omnis</strong></span> <span class='ocrx_word' id='word_1_624' title='bbox 1076 4884 1273 4955; x_wconf 83' lang='lat' dir='ltr'><strong>quippe</strong></span> <span class='ocrx_word' id='word_1_625' title='bbox 1297 4899 1427 4942; x_wconf 89' lang='lat' dir='ltr'><strong>caro</strong></span> <span class='ocrx_word' id='word_1_626' title='bbox 1453 4886 1690 4954; x_wconf 80' lang='lat' dir='ltr'><strong>foenum,</strong></span> <span class='ocrx_word' id='word_1_627' title='bbox 1709 4898 1767 4945; x_wconf 88' lang='lat' dir='ltr'><strong>et</strong></span> <span class='ocrx_word' id='word_1_628' title='bbox 1793 4893 1976 4953; x_wconf 82' lang='lat' dir='ltr'><strong>ontnis</strong></span> 
     </span>
    </p>
   </div>
   <div class='ocr_carea' id='block_1_83' title="bbox 384 4970 1973 5048">
    <p class='ocr_par' dir='ltr' id='par_1_83' title="bbox 384 4970 1973 5048">
     <span class='ocr_line' id='line_1_83' title="bbox 384 4970 1973 5048; baseline 0.008 -24"><span class='ocrx_word' id='word_1_629' title='bbox 384 4971 560 5042; x_wconf 72' lang='lat' dir='ltr'><strong>gloria</strong></span> <span class='ocrx_word' id='word_1_630' title='bbox 587 4971 708 5044; x_wconf 75' lang='lat' dir='ltr'><strong>ejus</strong></span> <span class='ocrx_word' id='word_1_631' title='bbox 735 4974 833 5027; x_wconf 80' lang='lat' dir='ltr'><strong>llos</strong></span> <span class='ocrx_word' id='word_1_632' title='bbox 863 4970 1008 5028; x_wconf 82' lang='lat' dir='ltr'><strong>foeni</strong></span> <span class='ocrx_word' id='word_1_633' title='bbox 1034 4995 1080 5026; x_wconf 75' lang='grc' dir='ltr'><strong>ι.</strong></span> <span class='ocrx_word' id='word_1_634' title='bbox 1113 4975 1296 5046; x_wconf 81' lang='lat' dir='ltr'><strong>itaque</strong></span> <span class='ocrx_word' id='word_1_635' title='bbox 1347 4978 1648 5048; x_wconf 78' lang='lat' dir='ltr'><strong>cogitemus</strong></span> <span class='ocrx_word' id='word_1_636' title='bbox 1693 4981 1749 5036; x_wconf 89' lang='lat' dir='ltr'><strong>in</strong></span> <span class='ocrx_word' id='word_1_637' title='bbox 1789 4982 1973 5037; x_wconf 87' lang='lat' dir='ltr'><strong>animo</strong></span> 
     </span>
    </p>
   </div>
   <div class='ocr_carea' id='block_1_84' title="bbox 391 5063 1971 5142">
    <p class='ocr_par' dir='ltr' id='par_1_84' title="bbox 391 5063 1971 5142">
     <span class='ocr_line' id='line_1_84' title="bbox 391 5063 1971 5142; baseline 0.006 -24"><span class='ocrx_word' id='word_1_638' title='bbox 391 5063 555 5121; x_wconf 69' lang='lat' dir='ltr'><strong>veluti</strong></span> <span class='ocrx_word' id='word_1_639' title='bbox 602 5066 998 5122; x_wconf 85' lang='lat' dir='ltr'><strong>multitudinem</strong></span> <span class='ocrx_word' id='word_1_640' title='bbox 1042 5070 1308 5138; x_wconf 80' lang='lat' dir='ltr'><strong>quandam</strong></span> <span class='ocrx_word' id='word_1_641' title='bbox 1351 5069 1679 5140; x_wconf 80' lang='lat' dir='ltr'><strong>simplicium</strong></span> <span class='ocrx_word' id='word_1_642' title='bbox 1712 5073 1971 5142; x_wconf 75' lang='lat' dir='ltr'><strong>ﬁdelium,</strong></span> 
     </span>
    </p>
   </div>
   <div class='ocr_carea' id='block_1_85' title="bbox 390 5155 1970 5236">
    <p class='ocr_par' dir='ltr' id='par_1_85' title="bbox 390 5155 1970 5236">
     <span class='ocr_line' id='line_1_85' title="bbox 390 5155 1970 5236; baseline 0.007 -28"><span class='ocrx_word' id='word_1_643' title='bbox 390 5170 445 5209; x_wconf 80' lang='grc' dir='ltr'><strong>ιη</strong></span> <span class='ocrx_word' id='word_1_644' title='bbox 492 5155 752 5213; x_wconf 83' lang='lat' dir='ltr'><strong>lateribus</strong></span> <span class='ocrx_word' id='word_1_645' title='bbox 797 5157 1018 5222; x_wconf 82' lang='lat' dir='ltr'><strong>montis,</strong></span> <span class='ocrx_word' id='word_1_646' title='bbox 1049 5173 1144 5212; x_wconf 86' lang='lat' dir='ltr'><strong>seu</strong></span> <span class='ocrx_word' id='word_1_647' title='bbox 1173 5159 1226 5213; x_wconf 88' lang='lat' dir='ltr'><strong>in</strong></span> <span class='ocrx_word' id='word_1_648' title='bbox 1256 5160 1499 5229; x_wconf 86' lang='lat' dir='ltr'><strong>planitie,</strong></span> <span class='ocrx_word' id='word_1_649' title='bbox 1532 5165 1633 5218; x_wconf 88' lang='lat' dir='ltr'><strong>hoc</strong></span> <span class='ocrx_word' id='word_1_650' title='bbox 1683 5175 1789 5236; x_wconf 75' lang='lat' dir='ltr'><strong>est,</strong></span> <span class='ocrx_word' id='word_1_651' title='bbox 1833 5165 1970 5219; x_wconf 77' lang='lat' dir='ltr'><strong>iul‘ra</strong></span> 
     </span>
    </p>
   </div>
   <div class='ocr_carea' id='block_1_86' title="bbox 389 5237 1969 5311">
    <p class='ocr_par' dir='ltr' id='par_1_86' title="bbox 389 5237 1969 5311">
     <span class='ocr_line' id='line_1_86' title="bbox 389 5237 1969 5311; baseline 0.004 -9"><span class='ocrx_word' id='word_1_652' title='bbox 389 5247 729 5304; x_wconf 84' lang='lat' dir='ltr'><strong>altitudinem</strong></span> <span class='ocrx_word' id='word_1_653' title='bbox 797 5237 1105 5306; x_wconf 80' lang='lat' dir='ltr'><strong>divinorum</strong></span> <span class='ocrx_word' id='word_1_654' title='bbox 1186 5253 1552 5308; x_wconf 84' lang='lat' dir='ltr'><strong>intcllectnum</strong></span> <span class='ocrx_word' id='word_1_655' title='bbox 1619 5255 1969 5311; x_wconf 76' lang='lat' dir='ltr'><strong>residentem.</strong></span> 
     </span>
    </p>
   </div>
   <div class='ocr_carea' id='block_1_87' title="bbox 391 5335 1970 5412">
    <p class='ocr_par' dir='ltr' id='par_1_87' title="bbox 391 5335 1970 5412">
     <span class='ocr_line' id='line_1_87' title="bbox 391 5335 1970 5412; baseline 0.006 -22"><span class='ocrx_word' id='word_1_656' title='bbox 391 5335 522 5392; x_wconf 75' lang='lat' dir='ltr'><strong>Nam</strong></span> <span class='ocrx_word' id='word_1_657' title='bbox 553 5354 616 5392; x_wconf 73' lang='lat' dir='ltr'><strong>ex</strong></span> <span class='ocrx_word' id='word_1_658' title='bbox 645 5349 793 5394; x_wconf 74' lang='lat' dir='ltr'><strong>textu</strong></span> <span class='ocrx_word' id='word_1_659' title='bbox 825 5341 1094 5412; x_wconf 80' lang='lat' dir='ltr'><strong>Evangelii</strong></span> <span class='ocrx_word' id='word_1_660' title='bbox 1125 5343 1282 5398; x_wconf 84' lang='lat' dir='ltr'><strong>datur</strong></span> <span class='ocrx_word' id='word_1_661' title='bbox 1315 5343 1561 5412; x_wconf 74' lang='lat' dir='ltr'><strong>intelligi,</strong></span> <span class='ocrx_word' id='word_1_662' title='bbox 1590 5361 1695 5401; x_wconf 88' lang='lat' dir='ltr'><strong>non</strong></span> <span class='ocrx_word' id='word_1_663' title='bbox 1739 5340 1793 5400; x_wconf 85' lang='lat' dir='ltr'><strong>in</strong></span> <span class='ocrx_word' id='word_1_664' title='bbox 1825 5361 1970 5400; x_wconf 76' lang='lat' dir='ltr'><strong>surn-</strong></span> 
     </span>
    </p>
   </div>
   <div class='ocr_carea' id='block_1_88' title="bbox 391 5430 2028 5505">
    <p class='ocr_par' dir='ltr' id='par_1_88' title="bbox 391 5430 2028 5505">
     <span class='ocr_line' id='line_1_88' title="bbox 391 5430 2028 5505; baseline 0.007 -25"><span class='ocrx_word' id='word_1_665' title='bbox 391 5441 580 5487; x_wconf 79' lang='lat' dir='ltr'><strong>mttate</strong></span> <span class='ocrx_word' id='word_1_666' title='bbox 607 5441 826 5505; x_wconf 72' lang='lat' dir='ltr'><strong>montis,</strong></span> <span class='ocrx_word' id='word_1_667' title='bbox 858 5435 952 5487; x_wconf 82' lang='lat' dir='ltr'><strong>sed</strong></span> <span class='ocrx_word' id='word_1_668' title='bbox 981 5431 1032 5486; x_wconf 84' lang='lat' dir='ltr'><strong>in</strong></span> <span class='ocrx_word' id='word_1_669' title='bbox 1071 5435 1301 5503; x_wconf 80' lang='lat' dir='ltr'><strong>quadam</strong></span> <span class='ocrx_word' id='word_1_670' title='bbox 1330 5435 1585 5502; x_wconf 73' lang='lat' dir='ltr'><strong>planitie,</strong></span> <span class='ocrx_word' id='word_1_671' title='bbox 1632 5437 1719 5490; x_wconf 81' lang='lat' dir='ltr'><strong>ubi</strong></span> <span class='ocrx_word' id='word_1_672' title='bbox 1750 5437 1967 5491; x_wconf 66' lang='lat' dir='ltr'><strong>leonum</strong></span> <span class='ocrx_word' id='word_1_673' title='bbox 2009 5430 2028 5442; x_wconf 85' lang='grc'><em>’</em></span> 
     </span>
    </p>
   </div>
   <div class='ocr_carea' id='block_1_89' title="bbox 2074 3141 3661 3222">
    <p class='ocr_par' dir='ltr' id='par_1_89' title="bbox 2074 3141 3661 3222">
     <span class='ocr_line' id='line_1_89' title="bbox 2074 3141 3661 3222; baseline 0.006 -28"><span class='ocrx_word' id='word_1_674' title='bbox 2074 3141 2196 3211; x_wconf 66' lang='lat' dir='ltr'><strong>pica</strong></span> <span class='ocrx_word' id='word_1_675' title='bbox 2225 3141 2405 3196; x_wconf 87' lang='lat' dir='ltr'><strong>adhuc</strong></span> <span class='ocrx_word' id='word_1_676' title='bbox 2445 3141 2620 3198; x_wconf 84' lang='lat' dir='ltr'><strong>ﬁdelis</strong></span> <span class='ocrx_word' id='word_1_677' title='bbox 2648 3143 2862 3200; x_wconf 84' lang='lat' dir='ltr'><strong>animus</strong></span> <span class='ocrx_word' id='word_1_678' title='bbox 2905 3159 3087 3200; x_wconf 86' lang='lat' dir='ltr'><strong>secum</strong></span> <span class='ocrx_word' id='word_1_679' title='bbox 3117 3156 3313 3222; x_wconf 82' lang='lat' dir='ltr'><strong>tractat</strong></span> <span class='ocrx_word' id='word_1_680' title='bbox 3354 3159 3411 3202; x_wconf 84' lang='lat' dir='ltr'><strong>et</strong></span> <span class='ocrx_word' id='word_1_681' title='bbox 3439 3152 3661 3222; x_wconf 80' lang='lat' dir='ltr'><strong>cogitat,</strong></span> 
     </span>
    </p>
   </div>
   <div class='ocr_carea' id='block_1_90' title="bbox 2077 3219 3663 3307">
    <p class='ocr_par' dir='ltr' id='par_1_90' title="bbox 2077 3219 3663 3307">
     <span class='ocr_line' id='line_1_90' title="bbox 2077 3219 3663 3307; baseline 0.009 -19"><span class='ocrx_word' id='word_1_682' title='bbox 2077 3232 2338 3303; x_wconf 81' lang='lat' dir='ltr'><strong>indeque,</strong></span> <span class='ocrx_word' id='word_1_683' title='bbox 2378 3232 2542 3288; x_wconf 73' lang='lat' dir='ltr'><strong>veluti</strong></span> <span class='ocrx_word' id='word_1_684' title='bbox 2588 3233 2910 3304; x_wconf 83' lang='lat' dir='ltr'><strong>quibusdam</strong></span> <span class='ocrx_word' id='word_1_685' title='bbox 2959 3219 3275 3307; x_wconf 76' lang='lat' dir='ltr'><strong>fragmentis</strong></span> <span class='ocrx_word' id='word_1_686' title='bbox 3309 3219 3528 3300; x_wconf 68' lang='lat' dir='ltr'><strong>divinae</strong></span> <span class='ocrx_word' id='word_1_687' title='bbox 3545 3241 3663 3302; x_wconf 76' lang='lat' dir='ltr'><strong>his-</strong></span> 
     </span>
    </p>
   </div>
   <div class='ocr_carea' id='block_1_91' title="bbox 2076 3325 3658 3405">
    <p class='ocr_par' dir='ltr' id='par_1_91' title="bbox 2076 3325 3658 3405">
     <span class='ocr_line' id='line_1_91' title="bbox 2076 3325 3658 3405; baseline 0.007 -27"><span class='ocrx_word' id='word_1_688' title='bbox 2076 3325 2268 3388; x_wconf 81' lang='lat' dir='ltr'><strong>toriae,</strong></span> <span class='ocrx_word' id='word_1_689' title='bbox 2301 3325 2552 3380; x_wconf 87' lang='lat' dir='ltr'><strong>satiatur.</strong></span> <span class='ocrx_word' id='word_1_690' title='bbox 2584 3326 2918 3382; x_wconf 84' lang='lat' dir='ltr'><strong>intellectum</strong></span> <span class='ocrx_word' id='word_1_691' title='bbox 2948 3343 3077 3384; x_wconf 77' lang='lat' dir='ltr'><strong>vero</strong></span> <span class='ocrx_word' id='word_1_692' title='bbox 3109 3331 3276 3405; x_wconf 82' lang='lat' dir='ltr'><strong>ipsius</strong></span> <span class='ocrx_word' id='word_1_693' title='bbox 3303 3331 3516 3389; x_wconf 86' lang='lat' dir='ltr'><strong>litterae</strong></span> <span class='ocrx_word' id='word_1_694' title='bbox 3552 3349 3658 3390; x_wconf 86' lang='lat' dir='ltr'><strong>non</strong></span> 
     </span>
    </p>
   </div>
   <div class='ocr_carea' id='block_1_92' title="bbox 2075 3416 3664 3492">
    <p class='ocr_par' dir='ltr' id='par_1_92' title="bbox 2075 3416 3664 3492">
     <span class='ocr_line' id='line_1_92' title="bbox 2075 3416 3664 3492; baseline 0.007 -22"><span class='ocrx_word' id='word_1_695' title='bbox 2075 3426 2252 3484; x_wconf 83' lang='lat' dir='ltr'><strong>petest</strong></span> <span class='ocrx_word' id='word_1_696' title='bbox 2286 3416 2768 3488; x_wconf 74' lang='lat' dir='ltr'><strong>capere,.ideoque</strong></span> <span class='ocrx_word' id='word_1_697' title='bbox 2810 3417 2879 3472; x_wconf 87' lang='lat' dir='ltr'><strong>ab</strong></span> <span class='ocrx_word' id='word_1_698' title='bbox 2907 3419 3032 3483; x_wconf 85' lang='lat' dir='ltr'><strong>bis,</strong></span> <span class='ocrx_word' id='word_1_699' title='bbox 3083 3420 3176 3490; x_wconf 89' lang='lat' dir='ltr'><strong>qui</strong></span> <span class='ocrx_word' id='word_1_700' title='bbox 3225 3420 3527 3492; x_wconf 87' lang='lat' dir='ltr'><strong>spiritualia</strong></span> <span class='ocrx_word' id='word_1_701' title='bbox 3575 3440 3664 3480; x_wconf 86' lang='lat' dir='ltr'><strong>sa-</strong></span> 
     </span>
    </p>
   </div>
   <div class='ocr_carea' id='block_1_93' title="bbox 2075 3503 3660 3579">
    <p class='ocr_par' dir='ltr' id='par_1_93' title="bbox 2075 3503 3660 3579">
     <span class='ocr_line' id='line_1_93' title="bbox 2075 3503 3660 3579; baseline 0.006 -20"><span class='ocrx_word' id='word_1_702' title='bbox 2075 3507 2248 3578; x_wconf 80' lang='lat' dir='ltr'><strong>piunt,</strong></span> <span class='ocrx_word' id='word_1_703' title='bbox 2273 3503 2569 3579; x_wconf 65' lang='lat' dir='ltr'><strong>colligitur,</strong></span> <span class='ocrx_word' id='word_1_704' title='bbox 2606 3523 2674 3562; x_wconf 88' lang='lat' dir='ltr'><strong>ne</strong></span> <span class='ocrx_word' id='word_1_705' title='bbox 2709 3519 2900 3578; x_wconf 82' lang='lat' dir='ltr'><strong>pereat</strong></span> <span class='ocrx_word' id='word_1_706' title='bbox 2923 3547 2940 3574; x_wconf 93' lang='lat'><strong>,</strong></span> <span class='ocrx_word' id='word_1_707' title='bbox 2979 3509 3090 3576; x_wconf 47' lang='lat' dir='ltr'><strong>,scd</strong></span> <span class='ocrx_word' id='word_1_708' title='bbox 3111 3509 3438 3566; x_wconf 74' lang='lat' dir='ltr'><strong>“valentibus</strong></span> <span class='ocrx_word' id='word_1_709' title='bbox 3467 3513 3660 3568; x_wconf 75' lang='lat' dir='ltr'><strong>intelli-</strong></span> 
     </span>
    </p>
   </div>
   <div class='ocr_carea' id='block_1_94' title="bbox 2075 3598 3658 3672">
    <p class='ocr_par' dir='ltr' id='par_1_94' title="bbox 2075 3598 3658 3672">
     <span class='ocr_line' id='line_1_94' title="bbox 2075 3598 3658 3672; baseline 0.005 -20"><span class='ocrx_word' id='word_1_710' title='bbox 2075 3612 2202 3670; x_wconf 81' lang='lat' dir='ltr'><strong>gere</strong></span> <span class='ocrx_word' id='word_1_711' title='bbox 2254 3599 2524 3669; x_wconf 82' lang='lat' dir='ltr'><strong>proﬁciat.</strong></span> <span class='ocrx_word' id='word_1_712' title='bbox 2579 3598 2724 3654; x_wconf 80' lang='lat' dir='ltr'><strong>Ecce</strong></span> <span class='ocrx_word' id='word_1_713' title='bbox 2776 3599 3014 3670; x_wconf 87' lang='lat' dir='ltr'><strong>quinque</strong></span> <span class='ocrx_word' id='word_1_714' title='bbox 3067 3615 3234 3672; x_wconf 86' lang='lat' dir='ltr'><strong>panes</strong></span> <span class='ocrx_word' id='word_1_715' title='bbox 3284 3602 3658 3660; x_wconf 82' lang='lat' dir='ltr'><strong>hordeaceus:</strong></span> 
     </span>
    </p>
   </div>
   <div class='ocr_carea' id='block_1_95' title="bbox 2073 3688 3659 3760">
    <p class='ocr_par' dir='ltr' id='par_1_95' title="bbox 2073 3688 3659 3760">
     <span class='ocr_line' id='line_1_95' title="bbox 2073 3688 3659 3760; baseline 0.004 -16"><span class='ocrx_word' id='word_1_716' title='bbox 2073 3688 2329 3759; x_wconf 77' lang='lat' dir='ltr'><strong>mysteria</strong></span> <span class='ocrx_word' id='word_1_717' title='bbox 2361 3688 2608 3743; x_wconf 75' lang='lat' dir='ltr'><strong>videlicet</strong></span> <span class='ocrx_word' id='word_1_718' title='bbox 2646 3702 2830 3744; x_wconf 85' lang='lat' dir='ltr'><strong>rerum</strong></span> <span class='ocrx_word' id='word_1_719' title='bbox 2876 3698 3190 3760; x_wconf 80' lang='lat' dir='ltr'><strong>gestarum,</strong></span> <span class='ocrx_word' id='word_1_720' title='bbox 3245 3692 3299 3746; x_wconf 91' lang='lat' dir='ltr'><strong>in</strong></span> <span class='ocrx_word' id='word_1_721' title='bbox 3331 3691 3562 3748; x_wconf 83' lang='lat' dir='ltr'><strong>litteram</strong></span> <span class='ocrx_word' id='word_1_722' title='bbox 3605 3705 3659 3751; x_wconf 87' lang='lat' dir='ltr'><strong>et</strong></span> 
     </span>
    </p>
   </div>
   <div class='ocr_carea' id='block_1_96' title="bbox 2073 3777 3654 3850">
    <p class='ocr_par' dir='ltr' id='par_1_96' title="bbox 2073 3777 3654 3850">
     <span class='ocr_line' id='line_1_96' title="bbox 2073 3777 3654 3850; baseline 0.005 -18"><span class='ocrx_word' id='word_1_723' title='bbox 2073 3778 2319 3848; x_wconf 71' lang='lat' dir='ltr'><strong>Spiritum</strong></span> <span class='ocrx_word' id='word_1_724' title='bbox 2372 3777 2581 3845; x_wconf 74' lang='lat' dir='ltr'><strong>divisa,</strong></span> <span class='ocrx_word' id='word_1_725' title='bbox 2620 3788 2698 3846; x_wconf 87' lang='lat' dir='ltr'><strong>et,</strong></span> <span class='ocrx_word' id='word_1_726' title='bbox 2731 3791 2990 3849; x_wconf 83' lang='lat' dir='ltr'><strong>quantum</strong></span> <span class='ocrx_word' id='word_1_727' title='bbox 3035 3783 3216 3836; x_wconf 85' lang='lat' dir='ltr'><strong>littera</strong></span> <span class='ocrx_word' id='word_1_728' title='bbox 3256 3795 3360 3850; x_wconf 88' lang='lat' dir='ltr'><strong>cst,</strong></span> <span class='ocrx_word' id='word_1_729' title='bbox 3409 3785 3654 3840; x_wconf 83' lang='lat' dir='ltr'><strong>sensibus</strong></span> 
     </span>
    </p>
   </div>
   <div class='ocr_carea' id='block_1_97' title="bbox 2073 3869 3658 3939">
    <p class='ocr_par' dir='ltr' id='par_1_97' title="bbox 2073 3869 3658 3939">
     <span class='ocr_line' id='line_1_97' title="bbox 2073 3869 3658 3939; baseline 0.004 -13"><span class='ocrx_word' id='word_1_730' title='bbox 2073 3869 2349 3939; x_wconf 80' lang='lat' dir='ltr'><strong>corporeis</strong></span> <span class='ocrx_word' id='word_1_731' title='bbox 2375 3870 2638 3939; x_wconf 82' lang='lat' dir='ltr'><strong>quinariis</strong></span> <span class='ocrx_word' id='word_1_732' title='bbox 2667 3872 3045 3926; x_wconf 69' lang='lat' dir='ltr'><strong>etnweniuut’</strong></span> <span class='ocrx_word' id='word_1_733' title='bbox 3081 3911 3096 3925; x_wconf 94' lang='lat'><strong>.</strong></span> <span class='ocrx_word' id='word_1_734' title='bbox 3174 3912 3190 3928; x_wconf 94' lang='lat'><strong>.</strong></span> <span class='ocrx_word' id='word_1_735' title='bbox 3270 3913 3284 3927; x_wconf 96' lang='lat'><strong>.</strong></span> <span class='ocrx_word' id='word_1_736' title='bbox 3361 3913 3376 3928; x_wconf 93' lang='lat'><strong>.</strong></span> <span class='ocrx_word' id='word_1_737' title='bbox 3453 3913 3468 3930; x_wconf 93' lang='lat'><strong>.</strong></span> <span class='ocrx_word' id='word_1_738' title='bbox 3545 3913 3561 3930; x_wconf 90' lang='lat'><strong>.</strong></span> <span class='ocrx_word' id='word_1_739' title='bbox 3637 3913 3658 3934; x_wconf 86' lang='lat'><em>.</em></span> 
     </span>
    </p>
   </div>
   <div class='ocr_carea' id='block_1_98' title="bbox 2151 4052 3662 4134">
    <p class='ocr_par' dir='ltr' id='par_1_98' title="bbox 2151 4052 3662 4134">
     <span class='ocr_line' id='line_1_98' title="bbox 2151 4052 3662 4134; baseline 0.009 -31"><span class='ocrx_word' id='word_1_740' title='bbox 2151 4070 2170 4103; x_wconf 71' lang='grc' dir='ltr'><strong>ε</strong></span> <span class='ocrx_word' id='word_1_741' title='bbox 2189 4053 2464 4114; x_wconf 81' lang='lat' dir='ltr'><strong>Abraham</strong></span> <span class='ocrx_word' id='word_1_742' title='bbox 2485 4052 2739 4124; x_wconf 47' lang='lat' dir='ltr'><strong>ninguit,</strong></span> <span class='ocrx_word' id='word_1_743' title='bbox 2767 4071 2786 4105; x_wconf 73' lang='grc' dir='ltr'>ι</span> <span class='ocrx_word' id='word_1_744' title='bbox 2809 4053 2946 4130; x_wconf 81' lang='lat' dir='ltr'><strong>duos</strong></span> <span class='ocrx_word' id='word_1_745' title='bbox 2963 4055 3098 4112; x_wconf 85' lang='lat' dir='ltr'><strong>lilios</strong></span> <span class='ocrx_word' id='word_1_746' title='bbox 3127 4055 3336 4134; x_wconf 71' lang='lat' dir='ltr'><strong>habuit,</strong></span> <span class='ocrx_word' id='word_1_747' title='bbox 3355 4072 3518 4116; x_wconf 86' lang='lat' dir='ltr'><strong>unum</strong></span> <span class='ocrx_word' id='word_1_748' title='bbox 3547 4078 3662 4131; x_wconf 77' lang='lat' dir='ltr'><strong>qni-</strong></span> 
     </span>
    </p>
   </div>
   <div class='ocr_carea' id='block_1_99' title="bbox 2076 4138 3660 4223">
    <p class='ocr_par' dir='ltr' id='par_1_99' title="bbox 2076 4138 3660 4223">
     <span class='ocr_line' id='line_1_99' title="bbox 2076 4138 3660 4223; baseline 0.005 -21"><span class='ocrx_word' id='word_1_749' title='bbox 2076 4148 2196 4202; x_wconf 87' lang='lat' dir='ltr'><strong>dem</strong></span> <span class='ocrx_word' id='word_1_750' title='bbox 2231 4147 2300 4200; x_wconf 87' lang='lat' dir='ltr'><strong>de</strong></span> <span class='ocrx_word' id='word_1_751' title='bbox 2333 4138 2552 4219; x_wconf 75' lang='lat' dir='ltr'><strong>ancilla,</strong></span> <span class='ocrx_word' id='word_1_752' title='bbox 2587 4149 2817 4204; x_wconf 82' lang='lat' dir='ltr'><strong>alterum</strong></span> <span class='ocrx_word' id='word_1_753' title='bbox 2846 4150 2914 4205; x_wconf 84' lang='lat' dir='ltr'><strong>de</strong></span> <span class='ocrx_word' id='word_1_754' title='bbox 2940 4149 3112 4223; x_wconf 86' lang='lat' dir='ltr'><strong>libera</strong></span> <span class='ocrx_word' id='word_1_755' title='bbox 3143 4173 3191 4204; x_wconf 75' lang='grc' dir='ltr'><strong>ι.</strong></span> <span class='ocrx_word' id='word_1_756' title='bbox 3234 4151 3374 4208; x_wconf 78' lang='lat' dir='ltr'><strong>Ecce</strong></span> <span class='ocrx_word' id='word_1_757' title='bbox 3405 4154 3660 4210; x_wconf 73' lang='lat' dir='ltr'><strong>historiae</strong></span> 
     </span>
    </p>
   </div>
   <div class='ocr_carea' id='block_1_100' title="bbox 2075 4236 3662 4310">
    <p class='ocr_par' dir='ltr' id='par_1_100' title="bbox 2075 4236 3662 4310">
     <span class='ocr_line' id='line_1_100' title="bbox 2075 4236 3662 4310; baseline 0.008 -20"><span class='ocrx_word' id='word_1_758' title='bbox 2075 4236 2256 4307; x_wconf 80' lang='lat' dir='ltr'><strong>prima</strong></span> <span class='ocrx_word' id='word_1_759' title='bbox 2297 4236 2600 4308; x_wconf 73' lang='lat' dir='ltr'><strong>fragtncuta</strong></span> <span class='ocrx_word' id='word_1_760' title='bbox 2645 4237 3000 4310; x_wconf 76' lang='lat' dir='ltr'><strong>simplicibus</strong></span> <span class='ocrx_word' id='word_1_761' title='bbox 3052 4239 3390 4297; x_wconf 82' lang='lat' dir='ltr'><strong>sollicientia.</strong></span> <span class='ocrx_word' id='word_1_762' title='bbox 3456 4243 3662 4302; x_wconf 74' lang='lat' dir='ltr'><strong>Conse-</strong></span> 
     </span>
    </p>
   </div>
   <div class='ocr_carea' id='block_1_101' title="bbox 2075 4323 3657 4402">
    <p class='ocr_par' dir='ltr' id='par_1_101' title="bbox 2075 4323 3657 4402">
     <span class='ocr_line' id='line_1_101' title="bbox 2075 4323 3657 4402; baseline 0.008 -24"><span class='ocrx_word' id='word_1_763' title='bbox 2075 4334 2308 4397; x_wconf 82' lang='lat' dir='ltr'><strong>qucntcr</strong></span> <span class='ocrx_word' id='word_1_764' title='bbox 2361 4327 2635 4399; x_wconf 61' lang='lat' dir='ltr'><strong>subiungit</strong></span> <span class='ocrx_word' id='word_1_765' title='bbox 2676 4323 2982 4398; x_wconf 51' lang='lat' dir='ltr'><strong>lentalenta</strong></span> <span class='ocrx_word' id='word_1_766' title='bbox 3035 4330 3377 4402; x_wconf 80' lang='lat' dir='ltr'><strong>spiritantia,</strong></span> <span class='ocrx_word' id='word_1_767' title='bbox 3432 4335 3657 4391; x_wconf 79' lang='lat' dir='ltr'><strong>dicens:</strong></span> 
     </span>
    </p>
   </div>
   <div class='ocr_carea' id='block_1_102' title="bbox 2087 4417 3664 4494">
    <p class='ocr_par' dir='ltr' id='par_1_102' title="bbox 2087 4417 3664 4494">
     <span class='ocr_line' id='line_1_102' title="bbox 2087 4417 3664 4494; baseline 0.009 -24"><span class='ocrx_word' id='word_1_768' title='bbox 2087 4435 2106 4470; x_wconf 74' lang='grc' dir='ltr'><strong><em>ι</em></strong></span> <span class='ocrx_word' id='word_1_769' title='bbox 2153 4417 2298 4473; x_wconf 74' lang='lat' dir='ltr'><strong>llaec</strong></span> <span class='ocrx_word' id='word_1_770' title='bbox 2324 4427 2504 4474; x_wconf 82' lang='lat' dir='ltr'><strong>autem</strong></span> <span class='ocrx_word' id='word_1_771' title='bbox 2549 4426 2676 4474; x_wconf 82' lang='lat' dir='ltr'><strong>sunt</strong></span> <span class='ocrx_word' id='word_1_772' title='bbox 2702 4419 2814 4475; x_wconf 82' lang='lat' dir='ltr'><strong>duo</strong></span> <span class='ocrx_word' id='word_1_773' title='bbox 2836 4419 3180 4478; x_wconf 70' lang='lat' dir='ltr'><strong>Testamenta</strong></span> <span class='ocrx_word' id='word_1_774' title='bbox 3222 4441 3268 4477; x_wconf 74' lang='grc' dir='ltr'><strong>ο.</strong></span> <span class='ocrx_word' id='word_1_775' title='bbox 3310 4421 3664 4494; x_wconf 77' lang='lat' dir='ltr'><strong>Apponantur</strong></span> 
     </span>
    </p>
   </div>
   <div class='ocr_carea' id='block_1_103' title="bbox 2077 4509 3664 4590">
    <p class='ocr_par' dir='ltr' id='par_1_103' title="bbox 2077 4509 3664 4590">
     <span class='ocr_line' id='line_1_103' title="bbox 2077 4509 3664 4590; baseline 0.008 -28"><span class='ocrx_word' id='word_1_776' title='bbox 2077 4511 2257 4580; x_wconf 83' lang='lat' dir='ltr'><strong>pisces</strong></span> <span class='ocrx_word' id='word_1_777' title='bbox 2285 4510 2392 4566; x_wconf 87' lang='lat' dir='ltr'><strong>duo</strong></span> <span class='ocrx_word' id='word_1_778' title='bbox 2411 4509 2590 4566; x_wconf 80' lang='lat' dir='ltr'><strong>eidem</strong></span> <span class='ocrx_word' id='word_1_779' title='bbox 2619 4509 2969 4577; x_wconf 76' lang='lat' dir='ltr'><strong>multitudini,</strong></span> <span class='ocrx_word' id='word_1_780' title='bbox 3013 4513 3116 4568; x_wconf 86' lang='lat' dir='ltr'><strong>hoc</strong></span> <span class='ocrx_word' id='word_1_781' title='bbox 3147 4525 3234 4568; x_wconf 83' lang='lat' dir='ltr'><strong>est</strong></span> <span class='ocrx_word' id='word_1_782' title='bbox 3249 4516 3370 4590; x_wconf 74' lang='lat' dir='ltr'><strong>sola</strong></span> <span class='ocrx_word' id='word_1_783' title='bbox 3410 4518 3664 4586; x_wconf 76' lang='lat' dir='ltr'><strong>spiritua-</strong></span> 
     </span>
    </p>
   </div>
   <div class='ocr_carea' id='block_1_104' title="bbox 2079 4601 3659 4672">
    <p class='ocr_par' dir='ltr' id='par_1_104' title="bbox 2079 4601 3659 4672">
     <span class='ocr_line' id='line_1_104' title="bbox 2079 4601 3659 4672; baseline 0.008 -18"><span class='ocrx_word' id='word_1_784' title='bbox 2079 4601 2146 4655; x_wconf 87' lang='lat' dir='ltr'><strong>lis</strong></span> <span class='ocrx_word' id='word_1_785' title='bbox 2173 4601 2414 4656; x_wconf 83' lang='lat' dir='ltr'><strong>doctrina</strong></span> <span class='ocrx_word' id='word_1_786' title='bbox 2460 4601 2749 4672; x_wconf 76' lang='lat' dir='ltr'><strong>allegorice</strong></span> <span class='ocrx_word' id='word_1_787' title='bbox 2776 4603 2948 4669; x_wconf 83' lang='lat' dir='ltr'><strong>dicti,</strong></span> <span class='ocrx_word' id='word_1_788' title='bbox 2998 4620 3105 4659; x_wconf 88' lang='lat' dir='ltr'><strong>non</strong></span> <span class='ocrx_word' id='word_1_789' title='bbox 3153 4615 3333 4663; x_wconf 84' lang='lat' dir='ltr'><strong>autem</strong></span> <span class='ocrx_word' id='word_1_790' title='bbox 3361 4610 3659 4667; x_wconf 78' lang='lat' dir='ltr'><strong>secundum</strong></span> 
     </span>
    </p>
   </div>
   <div class='ocr_carea' id='block_1_105' title="bbox 2051 4685 3664 4757">
    <p class='ocr_par' dir='ltr' id='par_1_105' title="bbox 2051 4685 3664 4757">
     <span class='ocr_line' id='line_1_105' title="bbox 2051 4685 3664 4757; baseline 0.006 -12"><span class='ocrx_word' id='word_1_791' title='bbox 2051 4685 2363 4746; x_wconf 75' lang='lat' dir='ltr'><strong>&#39;historiam</strong></span> <span class='ocrx_word' id='word_1_792' title='bbox 2379 4688 2534 4745; x_wconf 76' lang='lat' dir='ltr'><strong>facti.</strong></span> <span class='ocrx_word' id='word_1_793' title='bbox 2564 4689 2712 4756; x_wconf 73' lang='lat' dir='ltr'><strong>Quae</strong></span> <span class='ocrx_word' id='word_1_794' title='bbox 2743 4690 2909 4746; x_wconf 71' lang='lat' dir='ltr'><strong>veluti</strong></span> <span class='ocrx_word' id='word_1_795' title='bbox 2955 4693 3166 4750; x_wconf 78' lang='lat' dir='ltr'><strong>binario</strong></span> <span class='ocrx_word' id='word_1_796' title='bbox 3221 4711 3447 4754; x_wconf 85' lang='lat' dir='ltr'><strong>numero</strong></span> <span class='ocrx_word' id='word_1_797' title='bbox 3484 4703 3664 4757; x_wconf 79' lang='lat' dir='ltr'><strong>conti-</strong></span> 
     </span>
    </p>
   </div>
   <div class='ocr_carea' id='block_1_106' title="bbox 2079 4779 3660 4860">
    <p class='ocr_par' dir='ltr' id='par_1_106' title="bbox 2079 4779 3660 4860">
     <span class='ocr_line' id='line_1_106' title="bbox 2079 4779 3660 4860; baseline 0.001 -27"><span class='ocrx_word' id='word_1_798' title='bbox 2079 4789 2258 4845; x_wconf 88' lang='lat' dir='ltr'><strong>netur,</strong></span> <span class='ocrx_word' id='word_1_799' title='bbox 2283 4779 2537 4848; x_wconf 82' lang='lat' dir='ltr'><strong>quoniam</strong></span> <span class='ocrx_word' id='word_1_800' title='bbox 2557 4779 2768 4850; x_wconf 72' lang='lat' dir='ltr'><strong>duobus</strong></span> <span class='ocrx_word' id='word_1_801' title='bbox 2791 4781 3132 4855; x_wconf 73' lang='lat' dir='ltr'><strong>solummodo</strong></span> <span class='ocrx_word' id='word_1_802' title='bbox 3149 4788 3398 4842; x_wconf 80' lang='lat' dir='ltr'><strong>sensibus</strong></span> <span class='ocrx_word' id='word_1_803' title='bbox 3431 4792 3660 4860; x_wconf 58' lang='lat' dir='ltr'><strong>percipi.</strong></span> 
     </span>
    </p>
   </div>
   <div class='ocr_carea' id='block_1_107' title="bbox 2079 4871 3660 4940">
    <p class='ocr_par' dir='ltr' id='par_1_107' title="bbox 2079 4871 3660 4940">
     <span class='ocr_line' id='line_1_107' title="bbox 2079 4871 3660 4940; baseline 0.009 -14"><span class='ocrx_word' id='word_1_804' title='bbox 2079 4883 2186 4938; x_wconf 89' lang='lat' dir='ltr'><strong>tur,</strong></span> <span class='ocrx_word' id='word_1_805' title='bbox 2227 4872 2350 4926; x_wconf 80' lang='lat' dir='ltr'><strong>visu</strong></span> <span class='ocrx_word' id='word_1_806' title='bbox 2389 4871 2634 4929; x_wconf 70' lang='lat' dir='ltr'><strong>videlicet</strong></span> <span class='ocrx_word' id='word_1_807' title='bbox 2666 4885 2724 4928; x_wconf 88' lang='lat' dir='ltr'><strong>et</strong></span> <span class='ocrx_word' id='word_1_808' title='bbox 2779 4875 3004 4937; x_wconf 83' lang='lat' dir='ltr'><strong>auditu.</strong></span> <span class='ocrx_word' id='word_1_809' title='bbox 3061 4880 3256 4936; x_wconf 77' lang='lat' dir='ltr'><strong>ceteris</strong></span> <span class='ocrx_word' id='word_1_810' title='bbox 3297 4894 3478 4936; x_wconf 84' lang='lat' dir='ltr'><strong>autem</strong></span> <span class='ocrx_word' id='word_1_811' title='bbox 3538 4900 3660 4940; x_wconf 79' lang='lat' dir='ltr'><strong>scn-</strong></span> 
     </span>
    </p>
   </div>
   <div class='ocr_carea' id='block_1_108' title="bbox 2078 4961 3661 5045">
    <p class='ocr_par' dir='ltr' id='par_1_108' title="bbox 2078 4961 3661 5045">
     <span class='ocr_line' id='line_1_108' title="bbox 2078 4961 3661 5045; baseline 0.007 -28"><span class='ocrx_word' id='word_1_812' title='bbox 2078 4961 2228 5017; x_wconf 82' lang='lat' dir='ltr'><strong>sibus</strong></span> <span class='ocrx_word' id='word_1_813' title='bbox 2257 4963 2466 5033; x_wconf 79' lang='lat' dir='ltr'><strong>percipi</strong></span> <span class='ocrx_word' id='word_1_814' title='bbox 2490 4979 2600 5020; x_wconf 87' lang='lat' dir='ltr'><strong>non</strong></span> <span class='ocrx_word' id='word_1_815' title='bbox 2629 4974 2826 5045; x_wconf 74' lang='lat' dir='ltr'><strong>potest.</strong></span> <span class='ocrx_word' id='word_1_816' title='bbox 2876 4965 3096 5038; x_wconf 70' lang='lat' dir='ltr'><strong>Legitur</strong></span> <span class='ocrx_word' id='word_1_817' title='bbox 3133 4970 3286 5024; x_wconf 86' lang='lat' dir='ltr'><strong>enint-</strong></span> <span class='ocrx_word' id='word_1_818' title='bbox 3322 4972 3498 5028; x_wconf 81' lang='lat' dir='ltr'><strong>oculis</strong></span> <span class='ocrx_word' id='word_1_819' title='bbox 3519 5015 3534 5037; x_wconf 90' lang='lat'><strong>,</strong></span> <span class='ocrx_word' id='word_1_820' title='bbox 3565 4991 3661 5030; x_wconf 80' lang='lat' dir='ltr'><strong>an-</strong></span> 
     </span>
    </p>
   </div>
   <div class='ocr_carea' id='block_1_109' title="bbox 2085 5057 3660 5132">
    <p class='ocr_par' dir='ltr' id='par_1_109' title="bbox 2085 5057 3660 5132">
     <span class='ocr_line' id='line_1_109' title="bbox 2085 5057 3660 5132; baseline 0.008 -22"><span class='ocrx_word' id='word_1_821' title='bbox 2085 5061 2232 5113; x_wconf 66' lang='lat' dir='ltr'><strong>tibus</strong></span> <span class='ocrx_word' id='word_1_822' title='bbox 2275 5057 2529 5120; x_wconf 79' lang='lat' dir='ltr'><strong>auditur,</strong></span> <span class='ocrx_word' id='word_1_823' title='bbox 2579 5057 2778 5117; x_wconf 72' lang='lat' dir='ltr'><strong>oliactu</strong></span> <span class='ocrx_word' id='word_1_824' title='bbox 2835 5074 2960 5115; x_wconf 80' lang='lat' dir='ltr'><strong>vero</strong></span> <span class='ocrx_word' id='word_1_825' title='bbox 3010 5075 3102 5115; x_wconf 83' lang='lat' dir='ltr'><strong>seu</strong></span> <span class='ocrx_word' id='word_1_826' title='bbox 3160 5074 3316 5132; x_wconf 70' lang='lat' dir='ltr'><strong>qustu</strong></span> <span class='ocrx_word' id='word_1_827' title='bbox 3367 5079 3460 5118; x_wconf 79' lang='lat' dir='ltr'><strong>seu</strong></span> <span class='ocrx_word' id='word_1_828' title='bbox 3515 5076 3660 5122; x_wconf 79' lang='lat' dir='ltr'><strong>tactu</strong></span> 
     </span>
    </p>
   </div>
   <div class='ocr_carea' id='block_1_110' title="bbox 2077 5143 3652 5224">
    <p class='ocr_par' dir='ltr' id='par_1_110' title="bbox 2077 5143 3652 5224">
     <span class='ocr_line' id='line_1_110' title="bbox 2077 5143 3652 5224; baseline 0.008 -24"><span class='ocrx_word' id='word_1_829' title='bbox 2077 5157 2399 5202; x_wconf 80' lang='lat' dir='ltr'><strong>remotaest.</strong></span> <span class='ocrx_word' id='word_1_830' title='bbox 2431 5147 2590 5204; x_wconf 81' lang='lat' dir='ltr'><strong>Verbi</strong></span> <span class='ocrx_word' id='word_1_831' title='bbox 2615 5150 2808 5218; x_wconf 82' lang='lat' dir='ltr'><strong>gratia,</strong></span> <span class='ocrx_word' id='word_1_832' title='bbox 2835 5151 3107 5205; x_wconf 82' lang='lat' dir='ltr'><strong>uteisdem</strong></span> <span class='ocrx_word' id='word_1_833' title='bbox 3133 5143 3349 5210; x_wconf 66' lang='lat' dir='ltr'><strong>ut‘autur</strong></span> <span class='ocrx_word' id='word_1_834' title='bbox 3375 5171 3652 5224; x_wconf 77' lang='lat' dir='ltr'><strong>exetnpns.</strong></span> 
     </span>
    </p>
   </div>
   <div class='ocr_carea' id='block_1_111' title="bbox 2070 5239 3660 5320">
    <p class='ocr_par' dir='ltr' id='par_1_111' title="bbox 2070 5239 3660 5320">
     <span class='ocr_line' id='line_1_111' title="bbox 2070 5239 3660 5320; baseline 0.008 -30"><span class='ocrx_word' id='word_1_835' title='bbox 2070 5239 2283 5308; x_wconf 71' lang='lat' dir='ltr'><strong>legatur</strong></span> <span class='ocrx_word' id='word_1_836' title='bbox 2303 5239 2449 5308; x_wconf 82' lang='lat' dir='ltr'><strong>quod</strong></span> <span class='ocrx_word' id='word_1_837' title='bbox 2480 5239 2742 5309; x_wconf 84' lang='lat' dir='ltr'><strong>scriptum</strong></span> <span class='ocrx_word' id='word_1_838' title='bbox 2779 5242 2940 5300; x_wconf 59' lang='lat' dir='ltr'><strong>estin</strong></span> <span class='ocrx_word' id='word_1_839' title='bbox 2973 5240 3159 5298; x_wconf 71' lang='lat' dir='ltr'><strong>Exodo</strong></span> <span class='ocrx_word' id='word_1_840' title='bbox 3189 5263 3202 5297; x_wconf 91' lang='lat'><strong>:</strong></span> <span class='ocrx_word' id='word_1_841' title='bbox 3241 5263 3260 5295; x_wconf 71' lang='grc' dir='ltr'><strong>ε</strong></span> <span class='ocrx_word' id='word_1_842' title='bbox 3315 5243 3430 5302; x_wconf 74' lang='lat' dir='ltr'><strong>Non</strong></span> <span class='ocrx_word' id='word_1_843' title='bbox 3460 5264 3660 5320; x_wconf 84' lang='lat' dir='ltr'><strong>coques</strong></span> 
     </span>
    </p>
   </div>
   <div class='ocr_carea' id='block_1_112' title="bbox 2079 5329 3660 5406">
    <p class='ocr_par' dir='ltr' id='par_1_112' title="bbox 2079 5329 3660 5406">
     <span class='ocr_line' id='line_1_112' title="bbox 2079 5329 3660 5406; baseline 0.007 -24"><span class='ocrx_word' id='word_1_844' title='bbox 2079 5329 2308 5385; x_wconf 86' lang='lat' dir='ltr'><strong>haedum</strong></span> <span class='ocrx_word' id='word_1_845' title='bbox 2339 5330 2392 5384; x_wconf 87' lang='lat' dir='ltr'><strong>in</strong></span> <span class='ocrx_word' id='word_1_846' title='bbox 2445 5331 2585 5385; x_wconf 78' lang='lat' dir='ltr'><strong>laete</strong></span> <span class='ocrx_word' id='word_1_847' title='bbox 2620 5333 2812 5386; x_wconf 81' lang='lat' dir='ltr'><strong>matris</strong></span> <span class='ocrx_word' id='word_1_848' title='bbox 2845 5345 2976 5390; x_wconf 80' lang='lat' dir='ltr'><strong>suae</strong></span> <span class='ocrx_word' id='word_1_849' title='bbox 3014 5335 3205 5392; x_wconf 59' lang='grc' dir='ltr'><strong>»ΛΙου</strong></span> <span class='ocrx_word' id='word_1_850' title='bbox 3252 5341 3553 5406; x_wconf 68' lang='lat' dir='ltr'><strong>symbolum</strong></span> <span class='ocrx_word' id='word_1_851' title='bbox 3609 5350 3660 5393; x_wconf 79' lang='lat' dir='ltr'><strong>et</strong></span> 
     </span>
    </p>
   </div>
   <div class='ocr_carea' id='block_1_113' title="bbox 2079 5427 3662 5507">
    <p class='ocr_par' dir='ltr' id='par_1_113' title="bbox 2079 5427 3662 5507">
     <span class='ocr_line' id='line_1_113' title="bbox 2079 5427 3662 5507; baseline 0.009 -29"><span class='ocrx_word' id='word_1_852' title='bbox 2079 5441 2173 5496; x_wconf 78' lang='lat' dir='ltr'><strong>per</strong></span> <span class='ocrx_word' id='word_1_853' title='bbox 2199 5427 2383 5480; x_wconf 74' lang='lat' dir='ltr'><strong>omlos</strong></span> <span class='ocrx_word' id='word_1_854' title='bbox 2408 5427 2620 5499; x_wconf 65' lang='lat' dir='ltr'><strong>legitur,</strong></span> <span class='ocrx_word' id='word_1_855' title='bbox 2647 5441 2694 5486; x_wconf 84' lang='lat' dir='ltr'><strong>et</strong></span> <span class='ocrx_word' id='word_1_856' title='bbox 2725 5445 2824 5502; x_wconf 84' lang='lat' dir='ltr'><strong>per</strong></span> <span class='ocrx_word' id='word_1_857' title='bbox 2861 5443 3022 5492; x_wconf 75' lang='lat' dir='ltr'><strong>aures</strong></span> <span class='ocrx_word' id='word_1_858' title='bbox 3051 5435 3296 5500; x_wconf 84' lang='lat' dir='ltr'><strong>auditur;</strong></span> <span class='ocrx_word' id='word_1_859' title='bbox 3328 5432 3502 5507; x_wconf 73' lang='lat' dir='ltr'><strong>frangi</strong></span> <span class='ocrx_word' id='word_1_860' title='bbox 3531 5453 3662 5492; x_wconf 80' lang='lat' dir='ltr'><strong>vero</strong></span> 
     </span>
    </p>
   </div>
   <div class='ocr_carea' id='block_1_114' title="bbox 1665 5518 2368 5590">
    <p class='ocr_par' dir='ltr' id='par_1_114' title="bbox 1665 5518 2368 5590">
     <span class='ocr_line' id='line_1_114' title="bbox 1665 5518 2368 5590; baseline 0.004 -3"><span class='ocrx_word' id='word_1_861' title='bbox 1665 5518 1916 5589; x_wconf 70' lang='lat' dir='ltr'><strong>VAHIAE</strong></span> <span class='ocrx_word' id='word_1_862' title='bbox 1957 5535 2086 5589; x_wconf 79' lang='lat' dir='ltr'><strong>LEC</strong></span> <span class='ocrx_word' id='word_1_863' title='bbox 2107 5539 2120 5587; x_wconf 84' lang='grc' dir='ltr'><strong>ι</strong></span> <span class='ocrx_word' id='word_1_864' title='bbox 2140 5528 2368 5590; x_wconf 81' lang='lat' dir='ltr'><strong>IONES.</strong></span> 
     </span>
    </p>
   </div>
   <div class='ocr_carea' id='block_1_115' title="bbox 458 5607 1485 5680">
    <p class='ocr_par' dir='ltr' id='par_1_115' title="bbox 458 5607 1485 5680">
     <span class='ocr_line' id='line_1_115' title="bbox 458 5607 1485 5680; baseline 0.004 -8"><span class='ocrx_word' id='word_1_865' title='bbox 458 5607 606 5672; x_wconf 62' lang='lat' dir='ltr'><strong>&quot;tum</strong></span> <span class='ocrx_word' id='word_1_866' title='bbox 629 5635 740 5674; x_wconf 85' lang='lat' dir='ltr'><strong>om.</strong></span> <span class='ocrx_word' id='word_1_867' title='bbox 765 5622 908 5675; x_wconf 84' lang='lat' dir='ltr'><strong>cod.’</strong></span> <span class='ocrx_word' id='word_1_868' title='bbox 959 5625 976 5652; x_wconf 79' lang='grc'><em>²</em></span> <span class='ocrx_word' id='word_1_869' title='bbox 1012 5622 1125 5678; x_wconf 86' lang='lat' dir='ltr'><strong>Una</strong></span> <span class='ocrx_word' id='word_1_870' title='bbox 1151 5625 1288 5677; x_wconf 80' lang='lat' dir='ltr'><strong>linea</strong></span> <span class='ocrx_word' id='word_1_871' title='bbox 1321 5625 1485 5680; x_wconf 86' lang='lat' dir='ltr'><strong>deest.</strong></span> 
     </span>
    </p>
   </div>
  </div>
