4236 6072
360 217 467 276 357

1455 215 1656 273 LIBER
1694 214 1781 270 DE
1817 209 2523 270 PRAEDESTINATIONE.

3512 206 3621 267 358

362 334 536 397 scite,
585 315 727 404 quae
769 333 966 398 dubia,
1000 333 1233 399 credite,
1266 332 1437 409 donec
1485 339 1578 385 aut
1639 316 1940 400 respuenda
1968 331 2017 388 Α
2040 326 2206 411 petis,
2238 337 2291 383 et
2319 327 2597 384 humiliter
2623 328 2842 395 colitur,
2885 335 2937 382 et
2965 319 3361 387 rationabiliter
3398 330 3622 411 investi-

361 437 502 488 essc,
539 433 634 485 aut
665 438 789 478 vera
819 438 962 486 esse,
987 430 1081 478 aut
1100 438 1313 493 semper
1340 422 1607 478 credenda
1633 428 1755 477 esse
1781 434 1938 489 prae-

308 573 312 577 ,
359 513 527 583 cipiat
554 515 869 570 auctoritas.
919 516 997 569 De
1041 512 1397 570 connexiouis
1425 520 1607 568 autem
1651 514 1935 568 verborum

358 603 704 664 iuhouestate
733 621 838 660 non
872 604 1028 662 facile
1050 606 1220 661 animi
1245 601 1415 662 vestri
1438 605 1793 661 constantiam
1825 619 1941 660 cre-

359 696 590 751 diderim
635 712 757 753 esse
778 699 1248 764 conuuovendam,
1280 708 1342 753 ut
1368 697 1517 769 prius
1553 698 1787 755 taedium
1835 712 1937 751 au-

356 785 539 843 diendi
573 802 733 843 aures
763 796 973 843 vestras
1012 798 1393 864 praeoccupet,
1420 803 1583 859 quam
1626 802 1783 845 amor
1805 782 1931 857 per:
1956 800 1964 807 ’

359 875 612 932 veniendi
637 876 710 932 ad
738 892 823 943 ea,
854 893 1004 948 quae.
1046 878 1280 934 suadere
1315 878 1648 934 sudavimus.
1691 877 1841 945 Quae
1886 876 1934 931 si

355 982 485 1027 vera
514 978 661 1035 sunt,
689 968 745 1024 in
772 969 851 1025 eis
871 971 1075 1041 absque
1094 970 1378 1027 verborum
1401 968 1835 1026 consideratione
1858 967 1939 1024 di-

355 1056 570 1132 ligenda
581 1068 665 1115 est
686 1061 900 1117 veritas.
925 1081 943 1113 ι
968 1060 1237 1118 Bonorum
1254 1060 1516 1133 siquidem
1534 1060 1871 1132 ingeniorum
1889 1079 1934 1125 ι,
1966 1060 1971 1061 “

358 1156 417 1203 ut
455 1149 533 1204 ait
559 1149 926 1221 Augustinus,
957 1171 974 1203 ι
1007 1151 1231 1223 insignis
1280 1161 1364 1207 est
1408 1151 1634 1218 indoles,
1668 1152 1722 1209 in
1757 1150 1937 1206 verbis

354 1253 542 1294 verum
567 1254 771 1304 amare,
812 1257 915 1295 non
949 1243 1138 1297 verba.
1173 1242 1314 1311 Quid
1339 1242 1483 1297 enim
1519 1241 1742 1312 prodest
1768 1240 1938 1296 clavis

361 1347 550 1399 aurea,
597 1333 641 1389 si
694 1334 926 1405 aperire,
958 1334 1102 1404 quod
1156 1336 1425 1401 volumus,
1473 1351 1579 1389 non
1619 1342 1815 1404 potest,
1844 1341 1937 1388 aut

354 1422 485 1494 quid
502 1424 657 1480 obest
683 1423 880 1495 lignea,
909 1424 954 1481 si
999 1426 1102 1481 hoc
1129 1434 1323 1495 potest,
1360 1426 1574 1496 quando
1605 1424 1738 1481 nihil
1772 1439 1937 1496 quae-

355 1517 528 1572 rimus
540 1515 643 1571 nisi
666 1527 964 1587 patescere,
988 1518 1132 1589 quod
1156 1517 1397 1574 clausura
1434 1525 1514 1573 est
1543 1537 1590 1571 ι.
1617 1515 1934 1572 Munuscula

361 1607 530 1679 igitur
574 1607 745 1667 noStri
777 1607 980 1679 ingenii
1012 1608 1245 1672 libenter
1295 1607 1541 1679 accipite,
1579 1606 1698 1678 plus
1743 1621 1932 1663 eorum

2041 406 2236 488 gatur,
2269 419 2481 498 regulas
2527 421 2849 489 exponere?
2896 419 3198 477 Conficitur
3245 420 3402 487 inde,
3436 406 3618 476 Veram

2041 523 2160 564 esse
2194 510 2588 581 philosophiam
2616 526 2799 566 veram
2830 510 3169 583 religionem,
3200 510 3641 581 conversimqtte

2040 612 2223 653 veram
2274 600 2588 670 religionem
2616 613 2737 655 esse
2783 614 2965 655 veram
2988 601 3415 674 philoSOphiam.
3469 599 3622 668 Quae

2038 686 2164 742 dum
2197 681 2566 754 multifariam,
2600 688 2933 761 diversisque
2967 689 3137 744 modis
3180 690 3459 747 dividatur
3484 729 3501 756 ,
3533 688 3619 745 bis

2039 777 2194 833 binas
2225 788 2402 834 tamen
2444 788 2628 849 partes
2652 770 2978 849 principales
2993 780 3067 857 ad
3093 795 3310 836 omnem
3349 780 3622 851 quaestio-

2039 884 2164 924 nem
2212 870 2528 925 solvendam
2579 871 2919 925 necessarias
2966 868 3169 924 habere
3229 868 3615 941 dignoscitur.

2038 976 2175 1031 quas
2203 958 2425 1017 Graecis
2467 961 2979 1033 placuitnomiuare
3014 963 3312 1040 διαιρετική,
3355 962 3616 1040 optumi.

2036 1050 2376 1116 ἁποδὲικτική,
2396 1055 2664 1116 divale-nari
2677 1097 2689 1120 ,
2707 1056 3031 1127 easdemque
3045 1057 3300 1113 latialiter
3324 1072 3618 1130 possumus

2038 1142 2220 1199 dicere
2269 1161 2283 1198 :
2317 1144 2629 1201 divisoriam
2651 1187 2665 1210 ,
2697 1148 3029 1205 deiiuitivam
3058 1190 3074 1216 ,
3105 1151 3613 1219 demonstrativam,

2040 1234 2407 1303 resolutivatu.
2454 1224 2693 1306 Quarum
2726 1239 2871 1296 enim
2916 1242 3090 1312 prima
3137 1259 3300 1300 unum
3349 1244 3400 1299 iu
3447 1245 3615 1301 multa

2039 1328 2325 1386 dividendo
2364 1338 2632 1401 segregat,
2666 1329 2901 1385 secunda
2930 1347 3094 1387 mium
3134 1333 3201 1387 de
3248 1333 3430 1388 multis
3480 1334 3615 1388 deli-

2038 1419 2234 1474 nicndo
2259 1418 2484 1488 colligit,
2517 1421 2674 1475 tertia
2714 1435 2810 1490 per
2835 1421 3120 1478 manifesta
3148 1422 3358 1477 occulta
3387 1424 3613 1478 demon-

2037 1510 2259 1567 strando
2295 1510 2492 1581 aperit,
2524 1520 2716 1582 quarta
2757 1513 3052 1583 composita
3085 1512 3137 1568 in
3165 1513 3431 1585 simplicia
3456 1529 3615 1587 sepa~

2039 1601 2210 1656 rando
2235 1600 2474 1658 resolvit.

357 1699 643 1755 utilitatem
666 1740 682 1767 ,
713 1700 758 1755 si
787 1714 892 1780 qua
937 1709 1059 1768 εει,
1096 1699 1522 1766 consideraturi,
1552 1713 1716 1770 quam
1766 1700 1930 1754 hone-
1962 1699 2007 1761 Β
2104 1694 2166 1750 ll.
2208 1696 2408 1751 Earum
2448 1696 2610 1753 etiam
2639 1696 2885 1768 exempla
2913 1696 2967 1753 in
2999 1712 3256 1779 processu
3301 1697 3460 1770 hujus
3487 1713 3617 1772 0pc-

350 1799 545 1847 statent
575 1791 850 1858 dictionis,
882 1806 1029 1862 quae
1063 1801 1160 1861 aut
1186 1791 1296 1857 vix,
1319 1801 1416 1847 aut
1443 1791 1585 1846 nulla
1629 1800 1746 1855 est,
1765 1784 1964 1861 quae?

350 1882 529 1938 situri.
563 1882 764 1939 Deinde
789 1883 1104 1956 suppliciter
1131 1893 1365 1941 vestram
1389 1896 1680 1939 exoramus
1699 1883 1935 1938 clemen-

364 1974 531 2035 tiam,
563 1982 642 2040 ut,
690 1975 1118 2046 quotiescunque
1157 1975 1173 2008 ⁸
1224 1975 1537 2046 reperiatis,
1574 1989 1676 2032 nos
1732 1974 1935 2030 dixisse

348 2063 730 2134 aequalitatem
759 2065 972 2122 divinae
1000 2066 1394 2135 prae-scientiae
1423 2075 1589 2136 atque
1629 2064 1931 2136 praedesti—

348 2154 603 2220 nationis,
633 2160 897 2225 'quantum
927 2156 997 2211 ad
1024 2155 1291 2211 unitatem
1321 2155 1534 2210 divinae
1566 2154 1928 2222 substantiae,

351 2243 534 2313 inqua
561 2259 727 2299 unum
763 2253 908 2309 sunt,
945 2259 1046 2301 nos
1094 2244 1335 2302 sensisse
1356 2245 1563 2301 sciatis.
1613 2245 1749 2300 item
1780 2245 1927 2316 quod

337 2334 608 2401 diximus,
635 2348 723 2399 ea,
760 2349 901 2405 quae
930 2350 1036 2392 non
1082 2331 1362 2404 sunt,'nec
1405 2350 1440 2390 a
1484 2333 1598 2391 Deo
1628 2335 1777 2399 sciri,
1827 2348 1932 2413 nec

349 2425 608 2495 praesciri
639 2440 815 2497 posse,
848 2441 956 2482 non
989 2440 1052 2481 ea
1077 2427 1370 2499 pravitate,
1398 2441 1505 2497 qua
1527 2425 1746 2498 quidam
1772 2439 1931 2497 prae-

349 2517 634 2594 scientiam
668 2516 761 2573 Dei
785 2518 1002 2573 auferre
1021 2501 1314 2581 conantur,
1341 2516 1545 2572 dixisse
1572 2515 1931 2571 nosarbitre-

348 2607 513 2673 mini;
537 2609 632 2663 sed
654 2624 717 2663 ea
750 2608 975 2674 ratione,
1003 2622 1107 2678 qua
1132 2609 1391 2664 docemur
1413 2605 1630 2671 nesciri,
1652 2619 1794 2677 quae
1819 2620 1930 2662 non

350 2707 501 2765 sunt,
529 2707 584 2753 et
634 2698 914 2754 scientiam
949 2698 1045 2755 Dei
1091 2714 1213 2755 esse
1258 2698 1639 2762 substantiam,
1669 2696 1927 2777 substan-

350 2788 478 2842 tiam
504 2797 684 2842 autem
724 2786 844 2862 ejus
869 2788 1057 2849 nonin
1088 2787 1280 2855 nihilo,
1304 2786 1401 2843 sed
1430 2787 1483 2842 in
1513 2785 1695 2857 aliquo
1728 2798 1851 2841 esse
1877 2796 1926 2840 ιι.

346 2877 459 2934 Pax
489 2878 691 2934 Christi
721 2879 959 2937 abundet
983 2878 1036 2935 in
1070 2879 1332 2936 cordibus
1363 2878 1583 2945 vestris.

498 2990 711 3057 Caesare
731 2994 824 3043 sub
845 2992 1012 3057 Carolo
1032 2993 1323 3046 Francorum
1346 2991 1497 3057 gloria
1521 2990 1672 3057 pollet
1689 3028 1707 3053 ,

570 3055 761 3119 Littore
783 3068 876 3106 seu
920 3055 1115 3119 l‘eiagi,
1140 3053 1372 3119 piscibus;
1393 3053 1541 3118 atque
1564 3053 1666 3104 salo
1691 3068 1705 3104 :

498 3113 650 3180 secta
672 3117 891 3167 diabolici
913 3113 1165 3180 datno'at'ui'
1187 3113 1444 3179 dogmatis,
1453 3113 1614 3180 :atque

560 3177 812 3230 Pastorum
834 3191 951 3245 cura
972 3179 1200 3243 splendet
1220 3176 1586 3230 aiuoena'iide‘s.

897 3309 1097 3368 CAPIT
1106 3310 1295 3370 υιωι
1329 3310 1372 3367 Ι.

372 3420 666 3497 ρωάτὶυὶο
697 3423 1005 3497 regularum
1051 3425 1211 3497 totius
1250 3423 1609 3497 philosophiae
1645 3432 1902 3496 quattuor

705 3494 908 3553 omnem
933 3494 1287 3567 «Inaestionem
1311 3498 1453 3552 sowi
1471 3496 1493 3527 ⁸
1520 3496 1572 3548 δ.

414 3604 461 3661 ι.
499 3604 634 3661 Cum
670 3606 849 3662 omnis
878 3605 1002 3676 piae
1049 3603 1432 3676 perfectaeque
1477 3602 1758 3660 doctrinae
1806 3614 1929 3659 mo-

350 3696 469 3761 dus,
502 3712 610 3767 quo
633 3699 878 3752 ciuilium
907 3711 1088 3752 rerum
1110 3697 1248 3753 ratio
1269 3703 1324 3752 et
1349 3695 1745 3753 studiosissime
1762 3708 1930 3765 quae-

345 3786 509 3852 ritur,
533 3797 591 3841 et
610 3787 956 3858 apertissime
972 3786 1267 3853 invenitur,
1291 3786 1346 3842 in
1370 3800 1437 3842 ea
1461 3784 1766 3857 disciplina,
1788 3799 1930 3855 quae

346 3891 382 3933 a
408 3878 637 3936 Graecis
674 3880 1014 3951 philosophia
1044 3879 1186 3935 solet
1222 3878 1534 3945 vocari,lsit
1577 3877 1927 3944 constitutus,

346 3960 417 4027 de
444 3969 564 4043 ejus
592 3971 948 4030 divisionibus
972 3987 1067 4029 seu
1100 3973 1484 4043 partitionibus
1508 3973 1775 4045 quaedam
1805 3973 1932 4030 bre-

345 4061 491 4117 viter
519 4062 819 4119 edisserere
837 4062 1206 4118 necessarium
1232 4060 1507 4135 duximus.
1543 4079 1561 4113 ι
1595 4060 1685 4116 Sic
1706 4062 1852 4116 enim
1880 4068 1938 4129 t,‘

349 4153 729 4209 utaitsauctus
750 4152 1112 4225 Augustinus,
1139 4169 1158 4205 ‹
1178 4152 1416 4208 creditur
1436 4160 1493 4206 et
1512 4151 1757 4215 docetur,
1785 4151 1932 4221 quod

315 4249 432 4297 'est
476 4241 748 4297 humanae
788 4242 981 4299 salutis
1025 4249 1209 4312 caput,
1240 4255 1348 4297 non
1376 4240 1539 4296 aliam
1587 4254 1710 4297 esse
1756 4239 1932 4311 philo-

348 4331 620 4402 sopbiam,
648 4332 702 4387 id
727 4340 812 4389 est
830 4332 1131 4403 sapientiae
1151 4332 1414 4402 studium,
1445 4340 1501 4387 ct
1525 4331 1689 4387 aliam
1717 4319 1933 4403 religio-

346 4433 493 4485 nem,
526 4435 651 4476 eum
686 4421 763 4488 hi,
795 4437 1029 4492 quorum
1070 4423 1374 4479 doctrinam
1402 4438 1512 4479 non
1538 4423 1926 4495 approbamus,

296 4538 303 4542 ·
343 4514 1092 4572 necsacrantentanobiscum
1115 4514 1518 4571 communicant
1545 4533 1564 4566 ι
1600 4524 1650 4569 ο.
1678 4512 1818 4583 Quid
1845 4520 1932 4572 est
1983 4550 1987 4555 -

341 4601 497 4660 aliud
535 4602 605 4657 de
630 4597 967 4674 philosophia
1014 4609 1271 4667 tractare,
1299 4601 1403 4658 nisi
1429 4614 1593 4656 verae
1628 4599 1929 4673 religionis,

348 4710 460 4768 qua
504 4710 718 4753 summa
763 4704 821 4754 et
848 4694 1167 4768 principalis
1211 4694 1456 4751 omnium
1504 4707 1689 4750 rerum
1739 4707 1930 4761 causa,

2035 1785 2143 1851 ris,
2172 1799 2432 1857 quantum
2474 1789 2588 1858 ipsa
2622 1788 2736 1855 lux,
2762 1803 2904 1859 quae
2933 1788 3201 1846 illuminat
3239 1791 3260 1822 ⁸
3309 1785 3405 1848 cur
3444 1806 3616 1860 quae-

2032 1878 2265 1934 rentium
2308 1895 2414 1959 se,
2443 1880 2601 1936 nobis
2651 1881 2859 1936 aditum
2911 1897 3128 1945 rerum,
3167 1898 3303 1952 quas
3351 1898 3618 1937 couanmr

2033 1970 2271 2040 ingredi,
2296 1972 2601 2042 aperuerit,
2627 1974 2996 2039 ostendemus.
3040 1971 3136 2030 llis
3166 1974 3311 2029 enim
3356 1984 3613 2045 tauquam

2030 2061 2150 2116 utili
2199 2062 2456 2132 quodam,
2489 2062 2827 2133 honestoque
2871 2063 3140 2120 humanae
3185 2060 3613 2124 ratiocinationis

2030 2152 2318 2223 quadrivio
2358 2155 2426 2208 ad
2454 2156 2624 2225 ipsam
2646 2154 2953 2225 diSputandi
2976 2156 3334 2228 disciplinam,
3364 2173 3502 2228 quae
3530 2170 3614 2217 cst

2029 2244 2253 2308 veritas,
2282 2244 2460 2300 omnis
2483 2245 2538 2299 in
2567 2260 2631 2300 ea
2659 2246 2904 2303 eruditus
2928 2248 3202 2317 perveniri
3243 2265 3349 2305 non
3379 2251 3609 2307 dubitat.

2029 2332 2197 2406 Cujus
2238 2334 2556 2406 disciplinae
2601 2335 2802 2406 regulis
2858 2338 3166 2409 necessario
3213 2339 3291 2394 uti
3334 2337 3613 2408 iubemur,

2030 2422 2159 2478 dum
2185 2422 2447 2480 adversus
2483 2427 2750 2496 quendam
2782 2429 3218 2501 saphropitilum,
3250 2432 3472 2487 nomine
3504 2429 3616 2487 Go-
3660 2420 3661 2423 “

2032 2514 2346 2581 tescalcum,
2382 2530 2513 2572 suae
2555 2516 2847 2575 haereseos
2874 2528 2930 2574 et
2975 2519 3309 2577 inventorem
3353 2522 3512 2577 simul
3560 2531 3646 2577 et‘

2032 2616 2383 2670 assertorem,
2407 2606 2756 2680 fautoresque
2787 2607 2928 2678 eius,
2954 2608 3000 2681 si
3030 2617 3207 2666 tamen
3228 2621 3377 2677 sunt,
3405 2612 3611 2676 nescio.

2032 2703 2195 2766 atque
2238 2697 2444 2752 tttinam
2476 2712 2545 2752 ne
2575 2697 2681 2752 sint
2700 2738 2716 2762 ,
2748 2699 3072 2768 respondere
3099 2699 3468 2773 compellimur
3492 2741 3508 2767 ,
3524 2701 3617 2772 ju-

2029 2786 2286 2843 bentibus
2308 2787 2560 2859 videlicet
2600 2788 2902 2846 catholicae
2950 2788 3226 2845 Ecclesiae
3260 2789 3612 2862 vigilantissi-

1996 2911 2000 2914 ρ
2030 2877 2137 2934 tuis
2177 2878 2509 2948 pastoribus,
2540 2877 2592 2932 in
2620 2892 2853 2948 quorum
2882 2877 3010 2934 ovili
3049 2878 3156 2934 tale
3184 2893 3450 2935 venenum
3499 2896 3617 2934 ser--

2031 2980 2163 3039 pere
2206 2966 2427 3023 molitur
2450 3007 2466 3033 ,
2496 2976 2768 3023 annuente
2801 2967 3125 3039 praesertim
3157 2968 3617 3025 oxthudoxissimo

1954 3049 2001 3112 C
2032 3061 2278 3132 principe
2315 3059 2532 3116 domino
2557 3060 2850 3115 venerabili
2884 3059 3100 3127 Carolo,
3130 3060 3283 3133 cujus
3315 3062 3611 3132 maximum

1976 3170 1979 3173 ·
2033 3148 2273 3206 studium
2294 3158 2397 3215 est,
2425 3149 2512 3222 pie
2542 3159 2798 3220 recteque
2823 3148 2891 3205 de
2911 3149 3023 3206 Deo
3042 3151 3270 3218 sentire,
3293 3167 3461 3223 prava
3488 3153 3616 3209 hac-

2033 3239 2329 3296 reticorum
2372 3234 2624 3308 dogmata
2669 3239 2813 3294 veris
2847 3239 3165 3308 rationibus,
3195 3250 3616 3315 sanctorumque

2030 3329 2255 3386 Patrum
2313 3329 2641 3386 auctoritate
2669 3326 2939 3396 refellere,
2980 3329 3051 3387 ad
3100 3329 3349 3388 ultimum
3396 3333 3616 3404 penitus

2031 3422 2333 3478 eradicare.
2905 3441 2907 3444 ‘

2099 3513 2188 3569 lll.
2230 3512 2311 3568 Ne
2357 3512 2522 3584 igitur
2554 3512 2883 3571 defensores
2925 3513 3174 3570 veritatis
3212 3513 3455 3571 inermes
3486 3530 3611 3572 eum

2030 3602 2391 3660 assertoribus
2419 3603 2668 3660 falsitatis
2712 3602 3003 3677 confligere
3042 3604 3348 3672 videamur,
3380 3621 3486 3661 non
3531 3606 3615 3661 in~
3666 3666 3669 3667 ν

2028 3707 2267 3765 congrue
2314 3691 2514 3763 regulis
2561 3692 2951 3763 disputatoriae
3009 3692 3145 3749 artis
3190 3701 3406 3748 utemur
3474 3692 3613 3754 Cuut

2029 3784 2174 3839 enim
2215 3798 2315 3854 per
2339 3792 2513 3838 artem
2553 3782 2883 3839 rhetoricam
2931 3792 2989 3838 et
3017 3798 3143 3840 vera
3183 3784 3515 3855 suadeautur
3558 3796 3617 3846 et

2029 3873 2190 3942 falsa,
2221 3873 2345 3945 quis
2389 3876 2589 3928 audeat
2633 3875 2839 3942 dicere,
2868 3875 3130 3930 adversus
3160 3876 3505 3935 mendacium
3557 3879 3614 3938 iu

2031 3964 2407 4022 defensoribus
2432 3967 2548 4023 suis
2586 3966 2849 4025 inermem
2892 3968 3093 4028 debere
3120 3971 3422 4032 consistere
3466 3975 3618 4031 veri-

2032 4064 2221 4122 tatem,
2252 4064 2312 4111 ut
2350 4057 2610 4115 videlicet
2654 4058 2734 4114 illi
2762 4099 2778 4126 ,
2803 4059 2896 4130 qui
2944 4075 3036 4116 res
3073 4060 3239 4121 falsas
3280 4065 3619 4135 persuadere

2030 4155 2317 4214 conantur,
2349 4148 2599 4205 noverint
2628 4149 2933 4207 auditorem
2966 4151 3048 4206 vel
3083 4153 3408 4210 benevolum
3438 4155 3497 4224 ⁵,
3530 4158 3613 4215 vel

2032 4237 2321 4305 intentum,
2351 4238 2432 4293 vel
2474 4238 2701 4295 docilem
2737 4243 3015 4311 prooemio
3044 4241 3066 4274 ‘
3091 4240 3297 4311 facere,
3319 4242 3409 4300 isti
3434 4256 3619 4307 autem

2038 4346 2147 4386 non
2176 4331 2456 4398 noverint;
2494 4330 2571 4386 illi
2605 4330 2745 4388 falsa
2786 4332 3046 4401 breviter,
3088 4343 3276 4405 aperte
3301 4373 3316 4403 ,
3348 4338 3617 4397 verisimi-

2038 4421 2183 4486 litcr,
2218 4429 2272 4475 et
2303 4418 2390 4475 isti
2413 4434 2538 4475 vera
2565 4421 2645 4477 sic
2673 4431 2921 4490 narrent,
2948 4433 3008 4480 ut
3037 4424 3229 4480 audire
3270 4426 3505 4494 taedeat,
3536 4427 3623 4483 in-

2037 4512 2278 4583 telligere
2324 4526 2434 4567 non
2468 4521 2671 4583 pateat,
2696 4514 2917 4570 credere
2944 4524 3221 4586 postretno
3262 4533 3373 4574 non
3414 4517 3618 4592 libeat;

2036 4602 2115 4658 illi
2136 4603 2417 4660 fallacibus
2438 4604 2783 4675 argumentis
2807 4605 3092 4661 veritatem
3114 4618 3449 4680 oppugnent,
3471 4626 3621 4667 asse-

2039 4704 2162 4752 rant
2204 4694 2522 4762 falsitatem,
2553 4695 2644 4779 isti
2686 4710 2788 4753 nec
2823 4711 2950 4753 vera
2996 4695 3307 4767 defendere,
3336 4713 3437 4757 nec
3482 4690 3621 4764 falsa

1580 4858 1589 4867 .
1640 4796 1898 4863 vanus
1935 4788 2341 4864 LECTIONES.

425 4901 444 4972 ξ
474 4898 608 4972 Cod.
638 4901 1097 4972 quotienscunque.

1221 4897 1400 4983 '(Zod.
1428 4894 1851 4983 ςηαμηῃιξςεεῇο
1870 4896 2088 4983 ubique.
2194 4896 2219 4930 ³
2245 4896 2456 4979 Titulus
2501 4896 2555 4954 in
2583 4895 2708 4957 cod.
2735 4897 2919 4965 deost;
2950 4880 3143 4956 addidi
3187 4866 3275 4959 es
3303 4901 3618 4965 Ρηκιοηιεο.

353 4970 380 5005 ⁸
406 4968 540 5030 Cod.
566 4964 872 5035 infirmium,
892 4969 974 5026 sic
989 4964 1215 5041 ubique.
1292 4969 1315 5001 '
1339 4964 1472 5026 Cod.
1521 4964 1837 5022 bettivolum.
1912 4966 1935 4996 ⁸
1959 4964 2094 5024 Cod.
2122 4968 2381 5040 proymio.

1872 5080 2124 5143 NOTAE.
2187 5086 2192 5092 ’

423 5170 454 5203 ι
482 5155 659 5231 ipsel.
676 5155 874 5231 Scottis
885 5158 1088 5231 sentire
1100 5155 1334 5219 videtur,
1347 5172 1431 5231 ea,
1451 5168 1591 5231 quae
1604 5154 1658 5215 iu
1670 5154 1776 5210 hoc
1789 5152 1931 5231 libro

347 5224 539 5286 docuit
551 5226 962 5298 deaequaiitate
973 5228 1188 5298 divinae
1205 5224 1598 5298 praescieutiae
1620 5235 1675 5280 et
1704 5224 1934 5293 praede-

345 5297 682 5363 stinationis,
700 5295 799 5350 nec
811 5311 918 5351 non
934 5297 1001 5350 de
1014 5297 1194 5351 'divina
1209 5295 1429 5351 inscitia
1443 5309 1654 5357 eorum,
1668 5307 1809 5365 quae
1823 5308 1930 5347 nou

350 5380 621 5440 sunt,quo
642 5374 946 5440 peccatum,
964 5381 1133 5440 mors,
1147 5380 1375 5440 poenae,
1395 5365 1593 5418 malum
1609 5366 1677 5440 ab
1702 5366 1934 5440 ipsumt-

348 5433 704 5503 meran’turh
732 5437 1005 5491 communi
1036 5433 1195 5491 sensu
1224 5437 1447 5490 omnino
1472 5434 1747 5489 recedere.
1779 5433 1934 5503 Ideo-

352 5523 485 5578 que,
516 5523 586 5563 ne
611 5501 1004 5578 catholicorum
1037 5507 1207 5578 animi
1228 5505 1390 5578 nimis
1412 5504 1776 5578 oll‘e'udantur,
1800 5501 1935 5577 haec

351 5573 694 5647 praeimuet.
720 5577 931 5647 “eapse
958 5584 1137 5647 autem
1164 5576 1281 5643 ejus
1294 5575 1594 5647 doctrinam
1610 5574 1664 5647 in
1691 5573 1933 5647 hiscapi-

376 5647 496 5707 ibus
507 5661 541 5701 α
552 5646 777 5704 veritate
791 5642 945 5713 longe
963 5642 1228 5711 recedere,
1247 5662 1311 5699 ex
1325 5643 1462 5700 libro
1478 5644 1591 5718 ipso
1604 5642 1756 5697 facile
1770 5647 1909 5711 patet
1920 5675 1935 5690 .

2108 5158 2138 5231 μ’
2167 5156 2252 5214 Ad
2280 5158 2416 5231 haec
2441 5159 2768 5217 Prudentius
2792 5176 2809 5216 :
2832 5157 2945 5217 Nec
2980 5161 3115 5218 illud
3134 5165 3466 5228 quadrim‘um
3485 5206 3501 5231 ,
3528 5183 3623 5229 me

2039 5226 2177 5306 ulla:
2205 5227 2505 5306 mundanae
2538 5231 2827 5306 sapientiae
2866 5233 3062 5306 species
3096 5226 3166 5291 ad
3203 5249 3409 5306 ortinam
3455 5226 3621 5306 quae;

2037 5296 2257 5351 tiionem
2286 5296 2843 5375 soluendum-rumeno
2865 5296 3058 5371 o’bsque
3091 5305 3266 5372 gratia
3298 5304 3394 5358 Dei
3412 5296 3622 5375 et'ﬁde,

2034 5383 2170 5435 quae
2195 5382 2288 5436 per
2305 5366 2637 5436 dilectionem
2662 5366 2925 5435 operatur,
2944 5366 3008 5425 ac
3030 5366 3202 5427 ueraci
3231 5376 3404 5427 δικαία
3426 5388 3472 5429 ει
3486 5366 3625 5435 catt;

2039 5435 2243 5506 cmru‘m
2273 5435 2488 5506 scicntia
2523 5437 2941 5506 Scripturaruut.

2114 5515 2136 5544 ε
2172 5504 2463 5577 Augustin.
2495 5508 2561 5559 de
2591 5504 2711 5562 uera
2735 5505 2880 5574 relig.
2922 5524 2973 5571 c.
3005 5509 3059 5567 5.
