4236 6072
566 263 668 316 359

1930 256 2216 342 JOANNIS
2256 254 2454 313 scen

3722 258 3903 315 360-

569 372 782 428 valeant
812 351 1080 435 refutare;
1104 367 1186 425 illi
1212 372 1420 425 animus
1453 370 1783 423 audientiqu
1814 370 1866 421 in
1898 382 2137 423 errorem
2171 374 2213 426 Α
2247 381 2419 434 neque
2447 368 2512 420 ad
2545 366 2706 439 ﬁnem
2746 367 2882 438 ejus,
2918 368 3082 424 vitam
3118 368 3363 425 videlicet
3382 378 3686 438 aeternam,
3711 384 3837 439 pos-

573 474 881 526 tnoventes,
932 460 1370 531 impellentesqne
1415 460 1645 515 dicendo
1693 468 1928 515 terreant
1957 498 1972 522 ,
2019 473 2149 511 con-

569 555 829 617 triutent,
858 553 1161 607 exhilarent
1201 552 1251 618 ⁸,
1294 552 1652 607 exhortantur
1714 552 2003 610 ardenter,
2061 547 2149 601 i5ti

569 661 671 719 pro
721 644 949 699 veritate
1007 641 1137 697 lenti
1180 642 1490 713 'l'rigidique
1531 641 1861 698 dormitent?
1898 640 2030 707 Quis
2076 639 2152 693 ita

571 738 816 808 dcsipiat.
846 744 903 789 ut
936 736 1042 790 hoc
1068 734 1283 805 sapiat?
1328 734 1433 791 Sed
1462 733 1718 805 quoniam
1758 732 2038 788 verissime
2069 732 2149 785 di-

576 841 719 888 ctum
749 839 862 894 cst,
894 837 1094 899 oportet
1142 826 1333 881 multas
1385 829 1624 880 Itaercscs
1663 841 1806 889 esse,
1849 833 1905 878 ut
1947 822 2152 894 probati

574 921 838 990 manifesti
859 920 991 988 ﬁunt
1020 921 1156 975 inter
1175 936 1265 974 nos
1291 930 1338 978 ι,
1367 928 1583 972 utamur
1606 915 1772 971 etiam
1802 916 1907 972 isto
1935 914 2153 968 divinae

571 1010 951 1083 providentiae
983 1006 1265 1064 beneﬁcio.
1298 1007 1378 1062 Ex
1412 1007 1498 1062 bis
1521 997 1664 1061 enim
1690 1005 2000 1060 hominibus
2024 1004 2154 1057 hae-

566 1101 723 1167 retici
757 1100 918 1168 ﬁunt,
946 1098 1035 1169 qui
1089 1098 1275 1164 etiam,
1305 1112 1350 1152 st
1380 1105 1564 1152 essent
1588 1096 1643 1151 itt
1670 1093 1935 1160 Ecclesia,
1961 1093 2154 1179 nihilo-

575 1194 760 1249 minus
797 1198 1064 1247 errarent.
1101 1189 1236 1244 Cum
1287 1197 1469 1244 autem
1504 1185 1640 1245 foris
1686 1194 1831 1253 sunt,
1864 1185 2154 1257 plurimum

573 1294 822 1358 prosunt,
850 1299 955 1339 non
982 1295 1169 1338 verum
1198 1280 1464 1346 docendo,
1491 1279 1634 1351 quod
1667 1278 1934 1342 nesciunt,
1961 1276 2054 1332 sed
2086 1274 2156 1329 ad

574 1389 761 1430 verum
790 1372 1158 1443 quaerendum
1188 1368 1456 1436 carnales,
1482 1377 1541 1424 et
1573 1369 1641 1425 ad
1668 1383 1858 1424 verum
1907 1366 2155 1437 aperien-

575 1467 702 1519 dum
744 1460 1056 1535 spiiituales
1102 1459 1401 1517 catholicos
1449 1459 1757 1516 excitando.
1813 1456 1953 1513 Sunt
1998 1455 2145 1511 enim

579 1556 1003 1611 innumerabiles
1033 1556 1087 1610 in
1123 1562 1311 1610 sancta
1342 1551 1586 1609 Ecclesia
1629 1549 1742 1608 Deo
1767 1549 1981 1622 probati
2007 1547 2151 1612 viri;

585 1650 677 1705 sed
708 1626 978 1705 in‘anil'esti
1010 1645 1109 1703 viri
1138 1661 1245 1703 non
1276 1644 1412 1701 ﬁunt
1438 1643 1580 1700 inter
1618 1658 1736 1709 uos,
1768 1641 2026 1715 quamdiu
2057 1640 2156 1694 im-

579 1740 807 1811 peritiae
822 1747 1038 1794 nostrae
1064 1735 1299 1793 tenebris
1310 1733 1558 1791 delectati
1582 1732 1820 1790 dormire
1834 1730 2100 1803 malumus
2120 1732 2161 1796 ',
2193 1723 2243 1785 Β

581 1846 743 1899 quam
771 1826 946 1883 lucem
972 1826 1218 1884 veritatis
1266 1824 1484 1881 intueri.
1517 1824 1859 1896 Quapropter
1888 1820 2062 1887 multi,
2099 1828 2159 1876 ut

580 1920 722 1974 diem
771 1918 865 1973 Dei
914 1906 1135 1972 videant
1174 1924 1230 1970 et
1276 1916 1567 1986 gaudeant,
1592 1929 1690 1984 per
1735 1912 2042 1969 haereticos
2092 1912 2161 1966 de

584 2024 780 2066 somno
825 2008 1150 2064 excitantur.
1201 2004 1426 2063 Utantur
1453 2018 1584 2076 ergo
1631 2003 1800 2060 etiam
1850 2002 2158 2067 haereticis,

582 2118 688 2155 non
736 2109 791 2155 ut
817 2113 1003 2156 eorum
1046 2099 1404 2170 approbemus
1441 2110 1675 2162 errores,
1706 2095 1801 2152 sed
1827 2103 1885 2150 ut
1939 2092 2163 2150 catholi-

582 2206 701 2245 cam
732 2172 1351 2263 disciplinam‘adversus
1374 2201 1563 2244 eorum
1583 2185 1810 2242 insidias
1832 2192 2162 2249 asserentes,

583 2281 953 2353 vigilantiores
980 2288 1036 2335 et
1076 2278 1347 2335 cautiores
1371 2277 1563 2345 simus,
1594 2277 1807 2334 etiamsi
1852 2290 1946 2331 eos
1976 2275 2043 2329 ad
2072 2290 2164 2331 sa-

540 2428 549 2435 ,
583 2372 750 2426 latent
782 2384 1039 2426 revocare
1069 2384 1177 2426 non
1206 2368 1498 2441 possimus.

658 2461 749 2518 ιν.
794 2461 1060 2530 Quoniam
1103 2459 1272 2534 igitur
1331 2458 1538 2532 antiqui
1588 2459 1759 2515 hostis
1802 2456 2020 2514 mist-ria
2068 2455 2169 2512 hu-

586 2568 781 2618 manae
807 2552 1124 2611 beatitudini
1156 2567 1370 2624 semper
1392 2552 1617 2618 invidet,
1648 2546 1876 2608 insidias
1905 2550 1925 2582 ³
1951 2550 2169 2606 nostrae

585 2644 746 2701 saluti
773 2657 1099 2716 praeparare
1126 2657 1234 2700 non
1259 2651 1453 2701 cessat.
1496 2640 1656 2698 Salus
1678 2650 1861 2699 autem
1887 2650 2071 2705 nostra
2098 2656 2169 2698 ex

586 2735 694 2792 ﬁde
738 2737 973 2793 inchoat.
1002 2734 1190 2793 Fidem
1218 2735 1385 2805 igitur
1428 2733 1709 2791 destruere
1733 2733 1967 2799 laborat,
1997 2748 2169 2804 quae—

589 2844 717 2885 rens
747 2843 875 2884 vasa
901 2827 1005 2884 sibi
1032 2825 1435 2894 convenientia,
1463 2826 1661 2898 quibus
1689 2838 1754 2881 ea
1783 2839 2011 2893 venena,
2032 2840 2172 2905 quae

589 2921 709 2992 ejus
740 2928 1116 2992 argumentosa
1143 2919 1348 2976 malitia
1377 2919 1605 2977 interius
1643 2919 1901 2993 exagitat,
1931 2920 1985 2975 in
2013 2934 2174 2976 aures

591 3014 949 3082 credentium,
998 3000 1366 3089 impetumque
1400 3012 1633 3070 astutiae
1660 2992 1793 3070 suae
1808 2992 2027 3069 \cavere'
2063 3028 2171 3069 non

590 3107 882 3164 valentium
907 3104 1148 3161 exterius
1185 3103 1455 3165 infundat.
1487 3102 1595 3163 Sed
1627 3104 1753 3177 quia
1792 3105 1961 3181 ipsius
1986 3120 2177 3161 omnes

595 3197 1042 3263 adinventiones,
1106 3195 1306 3267 quibus
1360 3197 1624 3253 unitatem
1676 3195 1988 3253 Catholicae
2052 3198 2199 3254 ﬁdei.

595 3306 766 3363 usque
789 3288 949 3346 modo
983 3297 1212 3345 conatus
1251 3296 1336 3344 est
1360 3282 1629 3356 scindere,
1679 3297 1943 3360 operante
1996 3289 2177 3345 divina

598 3381 769 3455 gratia
790 3395 889 3452 per
914 3383 1042 3447 eos,
1061 3379 1155 3451 qui
1172 3379 1326 3436 beati
1372 3387 1430 3436 et
1465 3379 1794 3436 immaculati
1819 3370 1875 3436 in
1925 3379 2011 3434 via
2043 3378 2177 3451 legis

596 3472 812 3530 divinae
856 3467 1288 3534 ambulaverunt,
1338 3475 1396 3524 et
1424 3465 1733 3524 testimonia
1777 3466 1896 3540 ejus
1952 3467 2180 3525 scrutati

598 3571 748 3630 sunt,
773 3561 1013 3618 funditus
1046 3557 1298 3631 explosae
1327 3556 1499 3634 [sunt]
1528 3560 1585 3627 δ,
1612 3574 1682 3617 ne
1711 3558 1877 3616 ullum
1904 3559 2179 3632 nequitiae

599 3669 733 3711 suae
786 3660 1168 3726 argumentum
1213 3659 1520 3723 praetereat
1546 3690 1563 3716 ,
1612 3665 1754 3707 novo
1811 3667 1956 3707 nunc
1996 3652 2181 3717 Pina-

598 3746 946 3807 chinatnento
994 3760 1205 3801 murum
1249 3744 1491 3802 munitae
1519 3742 1641 3800 ﬁdei
1678 3742 1887 3800 solvere
1914 3751 2177 3814 temptat;

606 3853 704 3910 per
760 3835 1075 3895 ministrum
1125 3850 1360 3919 namque
1411 3849 1587 3899 suum,
1636 3833 1842 3890 scilicet
1883 3832 2185 3907 G[otescal-

604 3927 754 4001 cum]
780 3925 828 3993 -⁶,
890 3927 1020 3983 duas
1053 3924 1570 3998 praedestinationes
1597 3924 1652 3979 in
1681 3925 1789 3981 Deo
1817 3939 1937 3981 esse
1968 3925 2183 3990 asserit,

609 4022 807 4087 quibus
846 4029 910 4074 et
965 4016 1287 4093 aequissima
1328 4014 1570 4086 justitiae
1619 4016 1832 4080 merita,
1891 4025 1948 4071 et
1977 4016 2187 4071 miseri-

605 4109 922 4168 cordissima
946 4109 1159 4184 gratiae
1187 4108 1327 4163 dona
1355 4107 1549 4162 nititur
1584 4105 1818 4163 auferre.
1871 4106 2006 4163 Cum
2037 4107 2185 4164 enim

606 4216 775 4270 genus
800 4200 1093 4267 humanum
1114 4197 1389 4255 dividatur
1426 4196 1481 4252 in
1509 4197 1679 4253 bonos
1729 4195 2041 4266 malosque;
2070 4212 2187 4253 om-

607 4283 701 4347 nis'
713 4303 945 4359 namque
980 4288 1140 4346 homo
1177 4296 1272 4343 aut
1298 4286 1491 4353 bonus,
1538 4294 1631 4341 aut
1664 4286 1838 4341 malus
1866 4298 1969 4353 est;
2022 4287 2187 4342 malo-

608 4399 723 4437 rnm
746 4390 946 4446 autem,
970 4388 1029 4435 ut
1049 4379 1129 4436 ait
1151 4376 1382 4444 Veritas,
1415 4377 1540 4447 finis
1563 4390 1639 4432 est
1667 4376 1980 4449 supplicium
2007 4388 2183 4433 aeter-é

609 4490 755 4537 nam,
777 4472 1029 4526 bonorum
1051 4486 1167 4525 vero
1195 4468 1298 4525 vita
1319 4477 1531 4524 aeterna
1551 4467 1580 4508 δ
1604 4484 1619 4523 :
1651 4467 1742 4540 qui
1775 4475 1902 4523 sunt
1930 4467 2054 4524 mali
2082 4469 2187 4525 nisi

610 4563 784 4633 impii,
815 4571 871 4617 et
916 4559 1042 4617 boni
1070 4549 1171 4616 nfsi
1192 4558 1365 4632 justi?
1396 4556 1675 4617 Justorum
1693 4550 1959 4626 omnium,
1987 4568 2049 4615 ut
2072 4560 2189 4631 ipse

611 4654 879 4719 adstruit,
926 4650 1249 4708 inevitabilis
1295 4648 1649 4719 ell'ectivaque
1693 4662 1857 4705 causa
1887 4650 2187 4706 constituta

611 4755 697 4802 est
722 4746 774 4800 in
805 4741 1289 4816 praedestinatione
1318 4755 1423 4795 una
1448 4754 1466 4807 ;
1516 4738 1805 4812 impiorum
1838 4753 1969 4796 vero
1995 4739 2189 4795 simili~

616 4852 699 4894 ter
725 4840 779 4897 in
807 4839 999 4893 altera.
1052 4834 1172 4893 lina
1208 4833 1429 4910 quippe,
1457 4842 1515 4889 ut
1543 4832 1642 4899 ait,
1663 4828 1935 4901 iustorum
1959 4841 2065 4898 est,
2110 4831 2191 4887 al-

602 4940 733 4983 tera
769 4928 1094 5000 impiorum;
1132 4924 1189 4981 in
1214 4933 1443 4989 tantum,
1479 4914 1539 4978 ut
1576 4937 1775 4987 nemo,
1821 4922 1927 4980 nisi
1958 4924 2197 4980 necessi-

619 5032 727 5079 tate
750 5019 1061 5075 immutabili
1092 5017 1273 5083 unius,
1301 5030 1475 5091 neque
1499 5015 1570 5073 ad
1613 5014 1861 5090 justitiae
1915 5015 2191 5080 meritum,

2211 4427 2269 4491 D

2248 460 2316 511 sit
2349 459 2651 527 pervenire,
2680 474 2871 524 nemo,
2904 460 3008 517 nisi
3054 462 3279 517 alterius
3323 462 3647 518 necessitate
3685 461 3785 518 fati
3811 462 3833 495 '

2251 564 2349 603 nec
2376 549 2428 603 in
2471 550 2719 605 meritum
2768 550 3093 621 impietatis.
3138 568 3236 608 nec
3269 552 3320 607 in
3362 552 3484 622 ejus
3521 550 3837 621 terminum,

2251 650 2530 697 aeternum
2589 641 2804 711 quidem
2836 643 3175 715 supplicium,
3216 645 3570 715 compellatur
3620 643 3834 701 cadere.

2250 731 2399 797 Quae
2448 725 2764 787 stultissima
2822 734 3306 805 erudelissimaqne
3377 734 3589 789 insania
3659 736 3839 806 primo

2250 822 2574 877 auctoritate
2624 823 2802 878 divina
2837 825 3121 892 refellitur,
3167 826 3361 882 deinde
3406 841 3567 882 verae
3613 828 3842 883 rationis

2251 912 2454 983 regulis
2478 914 2809 969 aunnllatur.
2850 916 2991 982 Quid
3030 916 3213 971 enim?
3264 918 3526 987 numquid
3561 931 3659 989 per
3714 934 3839 989 pro-

2249 1008 2468 1077 phetam
2500 1010 2738 1064 dicitur:
2773 1007 3055 1065 Universae
3087 1012 3201 1067 viae
3230 1011 3441 1067 Domini
3476 1012 3841 1069 misericordia

2250 1109 2301 1154 et
2327 1099 2767 1170 reritaseiQnod
2794 1104 3034 1172 apertius
3067 1104 3193 1158 alibi
3231 1104 3506 1176 aperitur:
3544 1103 3841 1159 Misericor-

2252 1190 2394 1245 diam
2424 1200 2474 1245 et
2492 1190 2755 1260 judicium
2796 1193 3018 1247 cantabo
3047 1193 3141 1247 tibi
3160 1192 3382 1248 Domine
3401 1192 3453 1247 ἀ.
3483 1193 3690 1261 Quibus
3711 1208 3838 1251 ver-

2253 1280 2694 1363 bis’lucidissime
2731 1291 2787 1337 et
2812 1282 3079 1337 donorum
3110 1283 3205 1363 Dei
3234 1283 3483 1355 largitas,
3516 1292 3574 1339 et
3597 1282 3844 1354 justitiae

2253 1358 2371 1447 ejus
2404 1374 2653 1446 aequitas
2678 1375 3115 1431 commendatur.
3147 1355 3161 1372 ’

2734 1534 2737 1539 -
2806 1511 3209 1570 CAPtTchn
3241 1496 3333 1572 u.‘

2256 1627 2574 1699 Argumenta
2602 1624 2926 1699 necessitatis
2950 1624 3215 1699 colligitur
3261 1625 3396 1680 duas
3416 1624 3849 1697 praedestinatio.

2774 1711 2865 1751 nes
2887 1695 3005 1765 ﬁeri
3036 1695 3140 1750 non
3166 1712 3337 1767 posse.

2331 1832 2371 1887 Ι.
2406 1831 2507 1888 Ubi
2548 1837 2676 1887 sunt
2723 1844 2878 1902 ergo,
2930 1828 3316 1902 G[otescalce],
3368 1829 3595 1885 duarum
3623 1831 3849 1901 praede-

2259 1924 2609 1980 stinationum
2650 1931 2864 1977 tuarum
2902 1921 3372 1978 necessitudines?
3410 1920 3649 1978 Tuarum
3691 1924 3850 1988 dico,

2260 2030 2368 2069 nou
2392 2014 2715 2070 divinarum.
2750 2011 2863 2068 Tua
2893 2014 3094 2068 etenim
3121 2000 3572 2083 eas‘perversitas
3602 2014 3774 2080 ﬁnxit,
3796 2025 3854 2071 et

2263 2104 2384 2160 ideo
2417 2119 2526 2158 non
2574 2111 2721 2168 sunt,
2763 2116 2865 2157 nec
2909 2102 3029 2158 ﬁeri
3075 2111 3322 2174 possunt.
3391 2102 3671 2171 Quomodo
3708 2107 3852 2161 enim

2261 2202 2441 2266 potest
2471 2191 2610 2259 e'sse,
2636 2192 2783 2263 quod
2833 2200 3064 2246 conatur
3096 2191 3334 2259 auferre,
3388 2193 3533 2264 quod
3565 2195 3694 2250 est?
3749 2194 3853 2250 Ubi

2263 2292 2447 2339 autem
2475 2291 2559 2338 est
2585 2280 2915 2347 necessitas,
2946 2281 3017 2335 ibi
3046 2295 3153 2336 non
3188 2289 3275 2336 est
3302 2281 3570 2337 voluntas.
3602 2283 3765 2356 Atqui
3798 2284 3851 2337 in

2264 2371 2379 2431 Deo
2403 2381 2490 2430 est
2534 2372 2805 2428 voluntas.
2859 2371 2919 2427 ln
2973 2387 3040 2429 eo
3066 2371 3230 2446 igitur
3257 2387 3365 2428 non
3404 2383 3490 2430 est
3540 2376 3853 2430 necessitas.

2266 2465 2411 2522 Deus
2428 2465 2648 2537 quidem
2676 2464 2880 2529 omnia,
2911 2477 3051 2534 quae
3098 2462 3251 2530 fecit,
3301 2479 3399 2519 sua
3430 2467 3647 2536 propria
3673 2465 3859 2521 volun-

2269 2566 2404 2625 tate,
2436 2558 2580 2614 nulla
2604 2571 2731 2613 vero
2754 2556 3081 2627 necessitate
3118 2554 3266 2612 fecit.
3301 2555 3438 2625 Quid
3467 2559 3610 2613 enim
3640 2565 3860 2631 cogeret
3900 2596 3913 2603 -

2269 2648 2462 2715 Deum,
2483 2655 2542 2702 ut
2569 2645 2772 2717 aliquid
2799 2643 3047 2701 faceret?
3090 2644 3294 2715 Quodsi
3322 2646 3501 2719 aliqua
3532 2664 3657 2704 eum
3692 2664 3857 2705 causa

2270 2737 2618 2811 compelleret
2672 2737 2740 2793 ad
2787 2735 3123 2803 faciendum,
3174 2752 3242 2818 ea
3289 2738 3488 2794 merito
3530 2736 3701 2809 major
3740 2754 3856 2794 me-

2274 2824 2486 2899 liorque
2530 2843 2596 2885 eo
2629 2827 2981 2893 crederetur;
3031 2842 3095 2884 ac
3136 2843 3235 2900 per
3279 2828 3385 2885 hoc
3414 2829 3554 2900 ipsa,
3585 2846 3692 2886 non
3719 2830 3854 2901 ipse,

2275 2936 2485 2979 summa
2534 2920 2777 2982 omnium
2805 2936 2969 2975 causa
3020 2919 3269 2991 Dcusque
3297 2922 3588 2978 coleretur.
3632 2921 3691 2979 Si
3731 2938 3860 2980 vero

2280 3026 2388 3067 una
2409 3020 2463 3066 et
2491 3009 2805 3081 principalis
2834 3010 3001 3066 totius
3026 3011 3397 3071 universitatis
3420 3028 3586 3069 causa
3613 3013 3861 3070 voluntas

2282 3104 2380 3161 Dei
2404 3115 2460 3158 et
2481 3102 2570 3173 pie
2614 3101 2872 3169 creditur,
2903 3111 2959 3158 et
3012 3113 3159 3159 recte
3186 3103 3524 3175 intelligitur,
3553 3103 3755 3161 frustra
3807 3104 3862 3160 in

2282 3196 2418 3269 ipsa,
2457 3197 2541 3253 vel
2566 3206 2693 3253 ante
2728 3196 2899 3268 ipsam
2942 3197 3241 3253 necessitas
3285 3197 3528 3271 ﬁngitur.
3574 3194 3688 3269 Age
3706 3199 3858 3271 jam!

2281 3292 2340 3349 Si
2369 3306 2549 3356 omne,
2578 3291 2721 3362 quod
2759 3289 2814 3345 in
2838 3290 2947 3346 Deo
2970 3295 3077 3355 est,
3104 3291 3245 3347 Deus
3268 3300 3388 3347 est:
3417 3290 3666 3351 voluntas
3683 3301 3865 3346 autem

2282 3384 2377 3441 Dei
2400 3384 2456 3439 in
2483 3384 2594 3439 Deo
2621 3391 2737 3438 est:
2778 3381 2931 3448 ,Deus
2958 3389 3043 3437 est
3084 3380 3252 3454 igitur
3283 3381 3377 3439 Dei
3426 3382 3709 3439 voluntas.-
3750 3380 3866 3437 Non

2279 3472 2425 3530 enim
2473 3470 2619 3528 aliud
2644 3479 2729 3527 εει
2757 3469 2809 3527 ei
2837 3483 2959 3527 esse
2984 3476 3042 3526 et
3075 3469 3250 3537 velle,
3285 3471 3381 3527 sed
3406 3471 3550 3542 quod
3597 3477 3681 3527 est
3721 3483 3863 3536 esse.
3960 3518 3974 3528 .

2279 3563 2385 3620 hoc
2406 3570 2491 3621 est
2509 3571 2566 3619 et
2600 3561 2756 3618 velle.
2784 3560 3021 3618 Proinde
3050 3560 3096 3617 si
3139 3544 3390 3618 voluntas
3437 3561 3531 3619 Dei
3558 3560 3726 3617 libera
3749 3573 3865 3627 est;

2265 3655 2440 3737 aliter
2468 3654 2615 3710 enim
2646 3655 2869 3711 credere
2899 3653 3125 3723 impium
3159 3661 3244 3709 est
3271 3670 3286 3707 :
3319 3653 3485 3709 libera
3517 3668 3645 3717 vero
3681 3653 3869 3709 volun-

2286 3753 2371 3802 tas
2405 3745 2553 3802 omni
2581 3754 2732 3801 caret
2770 3745 3130 3818 necessitate:
3180 3742 3349 3815 igitur
3372 3743 3520 3799 nulla
3573 3740 3870 3810 necessitas

2282 3836 2612 3894 voluntatem
2631 3831 2725 3891 Dei
2753 3834 3007 3910 possidet.
3053 3833 3215 3904 Atqui
3246 3834 3504 3905 quicquid
3537 3834 3560 3866 ⁸
3597 3834 3664 3889 de
3692 3833 3873 3887 divina

2284 3927 2560 3983 voluntate
2589 3940 2717 3983 sane
2746 3926 3064 3997 intelligitur
3083 3965 3100 3990 ,
3152 3926 3219 3980 de
3259 3923 3375 3994 ejus
3397 3939 3614 3995 quoque
3649 3918 3875 3994 praede-

2283 4018 2574 4073 stinatione
2602 4031 2824 4071 necesse
2843 4023 2928 4071 est
2964 4014 3216 4070 similiter
3240 4014 3590 4087 intelligatur.
3641 4013 3873 4084 Expulsa

2284 4115 2369 4163 est
2391 4117 2572 4162 autem
2600 4105 2777 4163 omnis
2799 4105 3095 4161 necessitas
3122 4120 3154 4160 a
3176 4105 3356 4161 divina
3379 4105 3674 4162 voluntate.
3709 4105 3877 4177 Igitur

2286 4196 2509 4268 expulsa
2540 4207 2625 4251 est
2653 4190 2722 4252 ab
2750 4196 2869 4268 ejus
2892 4196 3404 4267 prae‘destinatioue.

2275 4357 2279 4361 θ
2358 4290 2419 4345 ll.
2447 4290 2530 4344 Au
2562 4289 2701 4345 forte
2745 4288 2902 4354 dicis,
2934 4287 3227 4352 haeretice,
3273 4287 3341 4341 ad
3371 4285 3730 4342 substantiam
3782 4283 3876 4339 Dei

2262 4381 2621 4450 {voluntatem
2685 4395 2856 4445 suam,
2920 4395 3028 4435 non
3092 4389 3273 4450 autem
3326 4378 3877 4450 praedestinationem

2291 4491 2445 4533 suam
2472 4475 2769 4546 pertinere,
2792 4473 2867 4528 ita
2890 4480 2949 4527 ut
2968 4487 3071 4529 non
3099 4444 3249 4526 aliud
3278 4444 3349 4527 sil
3372 4444 3485 4528 Deo
3504 4484 3625 4526 esse
3647 4478 3702 4523 et
3722 4469 3875 4531 velle,

2278 4568 2435 4623 'aliud
2464 4582 2593 4623 vero
2616 4580 2738 4622 esse
2762 4575 2818 4631 et
2831 4564 3276 4636 praedestinare?
3304 4563 3410 4619 Sed
3442 4565 3546 4619 hoc
3576 4560 3732 4620 facile
3751 4574 3878 4631 pos-

2292 4673 2481 4715 sumus
2525 4655 2772 4713 rel‘ellere
2802 4664 3142 4727 argumento,
3192 4655 3338 4726 quod
3364 4653 3596 4709 sumitur
3626 4668 3657 4707 a
3686 4649 3881 4707 deﬁni-

2292 4750 2457 4817 tione.
2488 4766 2506 4802 ι
2527 4748 2779 4804 Estenim
2796 4748 2975 4803 divina
2996 4745 3422 4817 praedestinatio
3447 4764 3491 4813 ι,
3516 4753 3577 4800 ιιι
3602 4744 3677 4799 ait
3696 4744 3894 4813 Augu-~

2294 4841 2490 4906 stinus,
2513 4858 2533 4891 ι
2553 4839 2821 4905 omnium,
2839 4853 2979 4908 quae
2991 4838 3135 4893 Deus
3155 4836 3401 4893 facturus
3424 4845 3528 4904 est,
3556 4843 3683 4893 ante
3701 4822 3885 4890 secula

2298 4934 2644 5007 praeparatio
2671 4942 2836 5005 atque
2861 4931 3143 5003 dispositio
3171 4952 3191 4986 ι
3224 4943 3271 4987 ο.
3307 4930 3365 4989 Si
3387 4947 3518 5005 ergo
3546 4940 3675 4987 ante
3703 4929 3887 4986 secula

2298 5023 2453 5080 nihil
2494 5022 2733 5078 creditur
2774 5032 2831 5079 et
2882 5021 3199 5094 intelligitur
3232 5029 3451 5094 praeter
3495 5019 3669 5079 solum
3713 5018 3888 5076 Deum

1890 5127 2146 5187 VARIAE
2182 5132 2591 5195 LECTIONES.

690 5249 703 5279 ⁸
734 5245 876 5316 Cmi._
897 5242 1169 5316 επιζωσεῃι.
1246 5241 1265 5272 ⁸
1295 5239 1385 5316 Sic.
1399 5240 1556 5316 ind,
1582 5238 1652 5316 ill.
1683 5239 1926 5316 malum._
1982 5240 2003 5272 ⁸
2026 5240 2116 5316 Sic
2137 5247 2283 5313 cod.,
2315 5247 2382 5302 M.
2406 5262 2454 5303 et
2473 5249 2716 5303 insidias.
2792 5248 2815 5280 ⁵
2847 5259 2965 5302 sunt
2994 5242 3102 5303 om.
3131 5248 3253 5304 cod.
3326 5225 3353 5283 i'
3381 5249 3471 5305 Sic
3499 5247 3642 5316 cod.,
3676 5247 3888 5306 limen.

621 5317 643 5352 ⁸
677 5316 807 5373 (Iud.
840 5313 924 5373 ὓ..
959 5313 1035 5366 sic
1058 5312 1272 5380 ubique.
1348 5312 1367 5343 ’
1395 5311 1787 5376 Emend.,_cod.
1820 5310 1946 5384 fari.
2023 5313 2045 5349 ⁸
2074 5313 2165 5371 Sic
2191 5310 2334 5382 cod.,
2364 5319 2431 5373 Μ.
2459 5320 2735 5390 quidquid.

2102 5422 2397 5505 .sorae.

695 5535 719 5561 ⁸
756 5518 921 5572 lCm‘.
960 5516 1043 5575 XI.
1076 5515 1158 5573 i9.

714 5594 737 5631 ὺ
780 5587 933 5643 Rom.
969 5586 1053 5646 V'l.
1073 5585 1191 5640 2|.-

705 5674 727 5700 ίῖ
770 5661 909 5720 Psal.
944 5655 1130 5723 XXlV,
1165 5654 1251 5714 l0.

2382 5522 2409 5557 ἀ
2450 5506 2591 5571 Psat.
2624 5518 2684 5581 (ἶ,
2715 5519 2766 5571 1.
3010 5581 3018 5588 ,

2390 5601 2412 5628 ο
2452 5590 2729 5659 Augustin.
2762 5588 2825 5642 ιιι
2849 5588 2986 5642 dono
3017 5602 3273 5658 persever.
3301 5590 3463 5649 0.17.
