4236 6072
381 245 477 304 361

1479 246 1674 304 LIBER
1719 251 1802 304 υιί
1847 249 2548 322 ΡΒΑΕΟΕᾚΙΝΑῊΟΧΕ.

3529 251 3636 310 362

383 359 589 416 fuisse:
639 361 1200 432 praedestinationem.
1227 373 1402 418 autem
1441 361 1532 417 Dei
1569 373 1696 418 ante
1740 379 1954 418 omnem
1983 367 2030 442 Α
2062 375 2317 430 utentum,
2349 366 2490 436 quod
2513 365 2578 420 ab
2607 362 2885 421 ell'cctibus
2908 363 2974 418 ad
2999 379 3214 420 causam
3245 366 3492 430 sumitur,
3527 384 3634 423 non

385 457 690 504 creaturam
737 465 856 507 esse
909 453 1087 508 nullus
1133 470 1298 509 sanus
1355 454 1612 532 ambigit:
1665 453 1953 526 colligitur,

383 541 930 610 praetlcstinationem
977 545 1070 602 Dei
1117 545 1288 616 ipsum
1315 547 1482 604 Deum
1513 561 1650 610 esse.
1684 557 1844 617 atque
1891 545 1960 603 ad

387 639 632 686 naturam
662 632 778 704 ejus
807 635 1095 704 pertinere.
1122 637 1224 692 Sed
1252 637 1484 693 ne'l‘orte
1507 638 1655 694 dicas
1680 637 1868 706 :Quac
1893 639 1960 694 de

387 721 499 776 Deo
533 732 658 777 ante
687 725 942 778 muluium
977 727 1246 790 dicuntur,
1295 745 1398 784 non
1429 729 1610 800 utique
1639 745 1852 801 semper
1881 745 1960 786 se-

385 811 622 870 cundum
655 817 1008 874 substantiam
1040 819 1309 876 dicuntur.
1341 821 1612 888 Quaedam
1640 823 1962 900 euimprae-

389 904 641 966 dicantur
679 910 1146 975 substantialiter,
1207 915 1466 983 quaedam
1531 931 1660 971 vero
1719 916 1958 971 relative.

389 991 507 1049 Non
537 997 678 1051 enim
703 1000 994 1054 secundum
1017 1003 1397 1068 substantiam,
1436 1007 1527 1060 sed
1557 1008 1850 1060 sccmnlmn
1879 1023 1962 1064 re-

383 1083 644 1144 lationem
669 1091 866 1146 dicitur
887 1091 1066 1159 Pater,
1094 1095 1290 1149 dicitur
1319 1097 1506 1161 Filius,
1545 1097 1742 1152 dicitur
1786 1097 1966 1152 Domi-

385 1193 513 1236 nus.
564 1179 834 1238 Similiter
879 1185 1302 1254 praedestinatie
1355 1188 1472 1258 ejus
1519 1187 1741 1243 relative
1783 1190 1962 1256 adea,

387 1282 528 1340 quae
557 1271 952 1340 praedestinata
981 1283 1123 1340 sunt,
1155 1275 1441 1344 profertur.
1467 1275 1604 1330 Audi
1632 1275 1965 1348 Scripturam

387 1361 458 1418 de
490 1358 705 1420 Christo
759 1363 1066 1420 dicentem:
1101 1365 1170 1420 In
1205 1383 1309 1438 quo
1349 1377 1471 1422 sunt
1517 1383 1694 1422 omnes
1737 1367 1967 1424 thesauri

385 1453 653 1520 scientiae,
683 1465 732 1508 et
755 1455 1037 1526 sapientiae
1055 1457 1342 1512 absteuditi
1373 1469 1420 1514 ι.
1447 1456 1565 1524 Dic,
1590 1473 1812 1529 quaeso,
1839 1459 1970 1528 quid

2062 453 2435 524 ineungruum,
2461 454 2516 516 si.
2533 453 2692 524 paulo
2719 453 2878 510 latius
2903 455 3196 524 aperiatur.

2127 544 2212 598 ill.
2242 543 2296 598 Si
2328 559 2455 615 ergo
2485 545 2712 600 virtutes
2737 544 2924 612 animi,
2967 561 3106 616 quae
3151 560 3278 602 vere
3323 547 3454 602 nihil
3489 548 3634 606 aliud

2059 645 2204 698 sunt,
2259 633 2360 688 nisi
2417 633 2640 689 effectus
2692 635 2852 690 unius
2899 635 3068 706 ipsius
3111 651 3354 692 summae
3394 638 3636 698 υιιιιιίιιιιι

2059 723 2272 786 causae,
2300 724 2512 778 divinae
2537 725 2744 780 scilicet
2785 723 3092 792 voluntatis,
3139 726 3213 783 ita
3243 726 3636 799 intelligantur,

2059 823 2117 868 ut
2137 830 2257 868 cum
2283 815 2389 870 sint
2418 814 2638 882 multae,
2669 814 2828 871 simul
2850 825 3028 872 tamen
3052 816 3482 887 inseparabiliter
3505 819 3635 885 sint,

2059 906 2184 976 quia
2221 905 2456 974 ejusdem
2486 915 2710 963 naturae
2732 915 2858 963 sunt
2877 937 2950 950 --
2969 923 3197 980 quarum
3225 910 3369 965 enim
3395 928 3497 966 una
3525 911 3640 968 col-

2061 998 2244 1071 ligitur
2269 1013 2456 1067 causa,
2499 999 2784 1056 coniicitur
2806 1001 2994 1057 eadem
3024 1015 3144 1059 esse
3188 1010 3420 1070 natura;
3469 1005 3522 1059 in
3573 1019 3640 1062 eo

2063 1105 2293 1159 namque
2317 1089 2360 1154 ¹,
2407 1093 2462 1145 in
2490 1106 2597 1162 quo
2643 1109 2748 1148 una
2776 1107 2902 1148 vera
2935 1093 3110 1150 virtus
3129 1091 3420 1160 invenitur,
3451 1111 3642 1152 omnes

2063 1177 2288 1234 virtutes
2319 1179 2433 1234 lieri
2469 1180 2859 1240 rationabiliter
2880 1184 3642 1256 probantur—appellationi-

2063 1269 2164 1324 bus
2193 1279 2372 1324 tamen
2407 1271 2571 1328 variis
2617 1273 2931 1344 signiﬁcari,
2975 1275 3028 1330 in
3057 1289 3273 1344 genera,
3329 1275 3644 1344 formasque

2065 1357 2201 1428 ejus,
2249 1375 2419 1430 usque
2449 1362 2516 1416 ad
2551 1363 2756 1433 species
2791 1365 3096 1421 individuas
3145 1366 3308 1422 dividi
3345 1367 3644 1437 patiuntur,

2067 1449 2262 1512 deinde
2297 1451 2350 1504 in
2391 1467 2644 1508 numeros
2672 1451 3106 1523 multiplicari—
3131 1463 3212 1512 tot
3246 1457 3388 1512 enim
3419 1457 3644 1513 virtutes

385 1545 444 1600 in
469 1543 553 1600 his
580 1543 758 1600 verbis
787 1543 1086 1618 intelligere
1115 1548 1374 1604 conaris?
1400 1548 1482 1602 An
1515 1548 1652 1604 forte
1687 1548 1972 1604 scientiam
2067 1555 2186 1594 esse
2209 1539 2478 1604 dicuntur,
2505 1549 2638 1614 quot
2669 1551 2794 1598 sunt
2829 1544 2882 1599 hi
2901 1547 2945 1611 ³,
2969 1546 3163 1616 quibus
3184 1547 3486 1602 donantur:
3515 1546 3646 1618 quid

385 1643 444 1690 et
495 1634 812 1706 sapientiam
843 1634 1042 1694 Christi
1075 1652 1194 1694 esse
1233 1638 1449 1712 judicas
1500 1637 1820 1704 accidentia,
1861 1653 1966 1694 non

2071 1631 2264 1694 mirum
2294 1632 2359 1686 de
2389 1631 2500 1704 ipsa
2541 1630 2793 1690 ineﬂ'abili
2825 1650 2984 1692 causa
3027 1640 3292 1704 omnium,
3339 1654 3476 1710 quae
3515 1639 3643 1710 dum

385 1733 568 1781 autem
629 1724 744 1794 ejus
787 1727 1081 1802 secundum
1129 1743 1283 1784 suam
1343 1711 1683 1784 divinitatem
1713 1727 1967 1784 substan—
1995 1711 2040 1770 Β
2068 1723 2374 1794 generibus,
2423 1723 2634 1792 fertilis,
2685 1725 3006 1796 individuis,
3055 1733 3398 1802 numerisque
3437 1743 3643 1800 careat,

383 1805 559 1873 fiam?
607 1816 762 1886 Quod
807 1819 1206 1878 absurdissima.
1245 1821 1523 1888 creditur,
1571 1830 1627 1878 et
1679 1819 1970 1876 falsissime

381 1905 645 1962 suadetur
673 1905 724 1962 ιι.
769 1907 1026 1964 Summus
1072 1909 1216 1964 enim
1267 1907 1358 1966 ille
1396 1909 1717 1977 intellectus,
1773 1910 1828 1964 in
1856 1923 1968 1980 quo

383 2005 510 2052 sunt
540 1999 814 2066 universa,
843 1989 1006 2056 imum
1033 2000 1146 2072 ipse
1174 2009 1257 2058 est
1291 2002 1540 2060 universa
1565 2041 1579 2070 ,
1611 2002 1860 2073 quamvis
1881 2001 1968 2056 {dia

381 2087 559 2144 versis
589 2089 1070 2160 significationibus
1119 2093 1396 2148 nominum
1445 2093 1514 2152 ab
1553 2093 1667 2164 ipsa
1717 2094 1967 2148 rationali

383 2187 599 2246 natura,
628 2196 767 2250 quae
794 2182 862 2238 ad
887 2182 1266 2256 inquirendum
1295 2199 1417 2240 eum
1440 2193 1622 2240 creata
1646 2193 1750 2251 est,
1791 2186 1970 2257 appel-

387 2263 546 2338 letur,
595 2269 710 2338 ipse
737 2277 914 2326 tamen
945 2272 996 2325 in
1032 2287 1091 2327 se
1143 2273 1258 2344 ipso
1289 2289 1428 2330 unus
1472 2283 1634 2345 atque
1678 2275 1822 2329 idem
1863 2283 1966 2340 est,

387 2371 514 2412 cum
545 2359 615 2412 sit
635 2360 878 2414 onmium
919 2371 1235 2418 naturarum
1261 2378 1422 2419 causa
1446 2363 1686 2436 simple;
1707 2373 1759 2420 et
1789 2365 1969 2420 multi-

387 2449 532 2520 plex.
574 2451 726 2520 Quod
749 2461 830 2508 est
853 2469 983 2524 ergo
1012 2454 1121 2509 Deo
1169 2469 1314 2522 esse,
1347 2457 1450 2514 hoc
1483 2467 1566 2514 est
1587 2457 1638 2513 ei
1668 2472 1880 2529 sapere.
1912 2467 1970 2513 et

386 2541 532 2613 quod
557 2551 640 2598 est
671 2545 720 2598 ei
745 2559 956 2620 sapere,
1001 2546 1108 2603 hoc
1129 2559 1214 2604 est
1243 2550 1412 2616 scire,
1442 2559 1494 2620 et
1525 2552 1668 2622 quod
1697 2560 1780 2606 est
1805 2551 1966 2618 scire,

385 2631 493 2689 hoc
521 2640 606 2688 est
634 2633 924 2690 destinare.
977 2636 1112 2694 Cum
1141 2640 1285 2696 enim
1318 2639 1496 2696 omnis
1545 2639 1966 2710 praedestinatio

386 2725 766 2797 praescientia,
783 2743 889 2782 non
901 2739 1080 2798 autem
1099 2732 1276 2786 omnis
1299 2733 1650 2802 praeseientia
1667 2734 1964 2802 praedesti-

389 2815 539 2877 natio
559 2815 770 2871 dicatur
800 2827 849 2884 ο,
897 2833 1004 2874 non
1047 2827 1226 2896 tamen
1269 2837 1336 2890 eo
1367 2823 1526 2878 modo
1553 2823 1803 2889 dicimus,
1852 2839 1968 2878 om-

389 2919 520 2960 nem
577 2907 1122 2978 praedestinationem
1175 2926 1298 2968 esse
1349 2913 1762 2983 praescientiam
1789 2952 1805 2980 ,
1857 2929 1967 2970 non

385 3011 603 3072 omnem
633 3014 764 3055 vero
801 3002 1210 3072 praeseientiam
1251 3019 1373 3060 esse
1398 3005 1964 3076 praedestinationem,

387 3101 498 3158 quo
521 3087 755 3146 solemus
777 3090 956 3146 dicere
993 3091 1048 3146 in
1093 3092 1381 3164 generibus
1409 3109 1706 3167 eorumque
1753 3095 1961 3166 formis,

388 3178 542 3235 verbi
575 3194 742 3236 causa
775 3181 830 3236 in
858 3181 1180 3250 virtutibus,
1215 3179 1413 3254 quibus
1461 3187 1642 3244 anima
1687 3189 1966 3248 rationalis

386 3281 636 3338 ornatur,
663 3263 842 3330 omnis
870 3276 1155 3345 prudentia
1183 3277 1356 3334 virtus
1383 3287 1486 3346 est,
1512 3294 1619 3336 non
1647 3289 1828 3338 autem
1849 3296 1966 3336 om-

388 3360 476 3416 nis
505 3363 672 3418 virtus
701 3366 1025 3436 prudentia;
1063 3369 1156 3423 sed
1183 3369 1322 3426 sicut
1350 3381 1495 3428 recte
1539 3371 1787 3436 dicimus,
1821 3374 1966 3444 quod

389 3463 474 3508 est
499 3455 668 3510 virtus
693 3496 708 3521 ,
763 3456 866 3514 hoc
906 3468 990 3514 est
1019 3461 1323 3530 prudentia,
1351 3471 1412 3518 “et
1445 3463 1592 3534 quod
1619 3471 1704 3518 est
1729 3465 1966 3535 pruden-

389 3543 488 3608 tia,
519 3543 620 3600 hoc
661 3554 745 3600 est
780 3548 970 3605 virtus.
1011 3549 1130 3605 Non
1157 3551 1299 3624 enim
1329 3551 1432 3608 hoc
1459 3555 1618 3610 modo
1657 3555 1968 3626 generalem

387 3634 662 3702 virtutem,
693 3646 762 3692 .et
805 3636 1036 3695 formam
1065 3641 1182 3711 ejus
1235 3643 1618 3714 signiﬁcamus,
1667 3646 1762 3702 sed
1793 3645 1966 3702 solam

389 3727 654 3783 unitatem
677 3737 902 3787 naturae
931 3733 1148 3788 virtutis
1167 3745 1220 3791 et
1247 3737 1562 3806 prudentiae
1593 3739 1962 3808 exprimimus.

387 3816 558 3875 Recte
599 3837 726 3893 ergo
749 3823 946 3879 dicitur
988 3829 1164 3881 omnis
1217 3827 1636 3897 praedestinatio
1667 3831 1970 3900 praescieri-

389 3910 485 3976 tia,
503 3928 622 3970 non
651 3915 826 3969 omnis
856 3916 1212 3984 praescientia
1241 3919 1691 3988 praedestinatio,
1721 3931 1780 3974 ut
1808 3919 1970 3974 intel-

387 4001 638 4074 ligamus,
667 4006 808 4074 quod
835 4015 918 4062 est
964 4008 1238 4078 praescire
1257 4049 1272 4074 ,
1302 4009 1406 4064 hoc
1430 4019 1514 4064 est
1546 4011 1966 4078 praedestinare,

387 4101 445 4148 et
471 4095 613 4164 quod
633 4105 710 4150 est
741 4097 1168 4166 praedestinare,
1198 4099 1300 4158 hoc
1321 4105 1402 4154 est
1431 4100 1742 4170 praescired
1767 4117 1782 4161 ;
1809 4101 1968 4157 unius

394 4181 540 4238 enim
565 4181 910 4256 ejusdemque
933 4187 1269 4243 substantiae
1297 4199 1439 4253 sunt,
1471 4189 1682 4244 divinae
1717 4189 1970 4246 videlicet

389 4263 638 4330 naturae.
695 4273 804 4332 Nec
856 4285 1032 4333 tamen
1079 4295 1260 4345 on‘me,
1302 4277 1446 4348 quod
1473 4279 1836 4350 intelligimus,
1867 4295 1965 4334 au-

390 4362 602 4420 dientes
665 4365 758 4422 Dei
827 4369 1280 4438 praescienliam,
1352 4371 1593 4440 cogimur
1643 4369 1964 4439 intelligere,

389 4456 672 4514 audientes
693 4457 809 4526 ejus
843 4460 1426 4530 praedestinationem;
1469 4461 1607 4517 sicut
1631 4477 1737 4516 non
1776 4477 1958 4528 omne,

390 4544 536 4614 quod
593 4549 902 4617 quaerimus
965 4549 1234 4605 audiendo
1301 4551 1573 4612 virtutem,
1627 4565 1846 4606 necesse
1890 4552 1962 4606 sit

387 4649 716 4708 quaeramus
745 4639 1010 4696 audiendo
1059 4639 1418 4708 prudentiam.
1451 4641 1561 4696 lloc
1591 4649 1770 4695 autem
1799 4657 1962 4712 argu-

2069 1813 2136 1878 ab
2165 1827 2228 1866 ea
2261 1823 2436 1869 numen
2469 1825 2551 1872 est
2589 1830 2750 1873 onme
2797 1834 2984 1890 genus,
3037 1821 3220 1876 omnis
3250 1821 3443 1888 ferina,
3485 1838 3646 1880 omne

2071 1910 2262 1967 totum,
2285 1903 2464 1959 omnis
2489 1919 2768 1972 numerus,
2790 1907 3046 1977 quoniam
3073 1909 3188 1981 ipsa
3213 1921 3294 1966 est
3324 1912 3496 1982 prima
3525 1914 3637 1968 uni-

2069 1993 2340 2049 versitatis
2385 1993 2640 2050 essentia.
2667 1983 2856 2052 'Omne
2899 1999 3117 2070 quippe,
3166 2001 3306 2070 qtiol
3353 2012 3455 2068 est,
3484 2003 3551 2056 ab
3581 2017 3646 2056 ea

2069 2084 2174 2162 hoc
2201 2094 2300 2150 est,
2329 2095 2388 2140 ut
2412 2086 2504 2153 sit;
2534 2086 2646 2156 ipsa
2667 2097 2752 2142 est
2781 2087 2952 2144 forma
2981 2089 3221 2145 omnium
3247 2107 3475 2146 summa.
3507 2091 3650 2159 Quid

2069 2176 2212 2231 enim
2239 2178 2442 2248 appetit
2473 2177 2575 2233 nisi
2603 2193 2722 2234 eam
2751 2195 2930 2248 omne,
2989 2183 3132 2254 quod
3170 2185 3390 2252 appetit,
3441 2175 3649 2254 princi-

2069 2269 2216 2340 pium
2248 2269 2510 2338 omnium,
2539 2269 2652 2326 sive
2677 2265 2888 2339 sciens,
2907 2273 3020 2330 sive
3050 2275 3344 2332 nesciens?
3371 2277 3450 2330 Ab
3472 2291 3536 2330 ea
3565 2285 3650 2331 est

2069 2377 2230 2417 omne
2259 2371 2452 2428 totum,
2475 2377 2617 2434 quae
2644 2363 2698 2419 in
2725 2379 2784 2421 se
2809 2365 2920 2436 ipsa
2967 2365 3164 2437 ubique
3195 2375 3306 2423 tota
3337 2377 3437 2422 est.
3469 2367 3552 2424 Ab
3579 2383 3646 2422 ea

2070 2455 2245 2510 ouinis
2281 2470 2556 2522 numerus,
2588 2456 2714 2527 quia
2737 2457 2790 2512 in
2834 2472 2894 2512 se
2933 2457 3050 2528 ipsa
3079 2466 3163 2514 est
3206 2459 3484 2530 multiplex
3531 2459 3650 2516 sine

2073 2543 2201 2610 ﬁne,
2245 2545 2362 2601 sine
2407 2561 2633 2602 numero
2669 2563 2942 2604 numerus.
2975 2547 3108 2604 Cum
3138 2548 3300 2618 igitur
3321 2549 3434 2620 ipsa
3465 2549 3642 2605 divina

2071 2637 2392 2701 subs-lautia,
2443 2637 2528 2692 vel
2573 2637 2843 2704 essentia,
2895 2638 2980 2694 vel
3035 2646 3246 2705 natura,
3297 2638 3381 2694 vel
3407 2655 3650 2710 quoquo-

2072 2727 2233 2783 modo
2261 2727 2362 2788 diei
2393 2735 2591 2798 potest,
2621 2729 2676 2784 in
2717 2743 2774 2784 se
2800 2729 2910 2799 ipsa
2943 2745 3132 2798 unum,
3176 2729 3530 2796 individuum,
3565 2731 3644 2786 in-

2070 2817 2480 2892 separabileque
2531 2820 2624 2884 sit,
2681 2820 2862 2878 unitas
2909 2821 3052 2878 enim
3095 2821 3322 2893 simplex
3353 2831 3432 2878 est
3483 2831 3646 2894 atque

2071 2909 2564 2988 incommutabilis,
2607 2914 2770 2970 variis
2811 2921 2993 2970 tamen
3040 2914 3330 2970 verborum
3379 2915 3649 2986 signiﬁca-

2073 3003 2313 3064 tionibus
2365 3004 2675 3062 nominatnr
2732 3005 3028 3062 seCundum
3088 3003 3312 3066 aﬂ'ectus
3379 3007 3652 3063 immanes

2073 3093 2296 3160 mentis,
2337 3093 2534 3165 quibus
2563 3095 2630 3149 ad
2671 3095 2918 3150 notitiam
2939 3079 3220 3168 Creatoris
3247 3095 3329 3151 sui
3368 3095 3539 3152 redire
3569 3097 3649 3150 ui-

2070 3183 2224 3240 titur.
2252 3182 2424 3239 Homo
2473 3197 2702 3254 namque
2739 3183 2880 3240 male
2915 3191 3072 3240 utens
3099 3183 3268 3242 libero
3293 3185 3518 3240 arbitrio
3542 3187 3646 3252 sui,

2068 3275 2138 3331 ad
2163 3290 2306 3341 eum,
2333 3289 2494 3346 quem
2527 3263 2644 3330 sine
2691 3274 2875 3346 labore
2913 3275 3244 3339 deseruerat,
3278 3278 3394 3332 sine
3447 3277 3650 3332 laboris

2068 3365 2247 3420 studio
2301 3371 2358 3421 et
2399 3364 2740 3435 cooperantis
2768 3357 2978 3436 gratiae
3027 3365 3167 3422 dono
3207 3365 3493 3436 pervenire
3537 3383 3645 3422 non

2069 3461 2246 3524 potest
2273 3464 2318 3508 ο.

2139 3545 2230 3601 1V.
2285 3545 2516 3603 Proinde
2563 3547 2798 3602 humana
2849 3545 2990 3604 ratio
3028 3547 3164 3603 duce
3208 3547 3430 3604 veritate
3479 3548 3644 3602 Deum

2069 3651 2228 3692 suum
2291 3633 2662 3707 multipliciter
2709 3635 3016 3708 intelligens
3047 3678 3064 3704 ,
3117 3637 3292 3708 ipsum
3353 3639 3643 3694 secundum

2070 3723 2260 3780 modos
2287 3739 2416 3780 suae
2440 3723 2830 3794 intelligentiae
2853 3726 3083 3800 diversis
3107 3728 3446 3783 vocationem
3479 3729 3646 3800 signis

2069 3813 2321 3886 appellat.
2383 3814 2453 3871 Ut
2483 3815 2649 3881 enim,
2691 3815 2922 3886 exempli
2950 3830 3133 3882 causa,
3169 3831 3342 3888 pauca
3367 3819 3435 3872 de
3463 3817 3644 3872 multis

2027 3919 2039 3932 ο
2069 3920 2352 3976 ponamus.
2383 3904 2518 3962 Cum
2553 3915 2837 3963 aeternum
2865 3907 3221 3982 iptellectum,
3268 3909 3322 3963 in
3373 3923 3480 3980 quo
3519 3919 3644 3964 sunt

2053 4001 2271 4067 omnia,
2303 4001 2404 4056 hoc
2423 4008 2525 4064 est,
2553 3999 2727 4072 ipsum
2753 3999 2945 4066 Deum,
2975 3999 3201 4056 rationis
3229 4001 3454 4055 intuitus
3483 4001 3643 4055 attin-

2069 4093 2165 4164 git,
2195 4091 2333 4148 utin
2367 4091 2702 4162 eoaspiciat,
2745 4089 2889 4162 quod
2927 4091 3042 4164 ipse
3083 4091 3293 4148 divinus
3341 4091 3644 4148 intellectus

2065 4194 2320 4240 aeternae
2344 4199 2478 4240 suae
2519 4183 2976 4254 immutabilisque
3019 4184 3354 4240 substantiae
3389 4185 3640 4256 plenissi-

2067 4291 2211 4331 mam
2273 4275 2827 4346 perfectissimamque
2891 4275 3084 4331 habeat
3129 4275 3442 4340 notionem,
3499 4289 3642 4345 quae

2067 4382 2281 4421 onmem
2307 4373 2594 4436 exsuperat
2619 4365 2942 4422 intellectum
2969 4375 3270 4430 creaturae,
3317 4366 3431 4437 ipsa
3460 4365 3642 4420 divina

2067 4457 2232 4522 notio,
2261 4472 2368 4528 qua
2394 4457 2739 4526 semetipsum
2763 4456 2902 4512 Deus
2927 4455 3194 4528 intelligit,
3221 4454 3480 4526 sapientia
3510 4469 3638 4523 pro-

2068 4547 2186 4617 prie
2227 4557 2469 4603 vocatur.
2521 4547 2654 4602 Cum
2701 4557 2882 4604 autem
2907 4547 3094 4602 eadem
3127 4547 3264 4601 ratio
3307 4554 3529 4602 aeterno
3560 4544 3640 4598 in-

2068 4638 2302 4694 tellectui
2333 4639 2633 4710 copulatur,
2661 4647 2716 4694 ut
2741 4640 2793 4694 in
2821 4655 2888 4694 eo
2928 4639 3106 4694 videat
3131 4653 3249 4694 esse
3271 4637 3511 4693 omnium
3539 4653 3638 4692 na.

1667 4792 1918 4848 VAlllAB
1954 4793 2352 4852 LEC'l'lO’SES.

459 4903 630 4962 'Cod.
664 4889 885 4978 nanque,
915 4905 991 4960 sic
1018 4917 1248 4975 semper.
1327 4905 1345 4936 '
1374 4903 1464 4960 Sic
1499 4905 1642 4970 cod.,
1685 4921 1781 4976 pro
1817 4907 1870 4958 lat'
1891 4903 1962 4959 Μ.
1987 4907 2062 4960 in.

1847 5013 2098 5074 NOTAE.

459 5148 488 5180 ι
522 5135 633 5190 Col.
670 5135 735 5194 ll.
761 5133 816 5188 5.

459 5207 490 5248 ιι
527 5205 847 5262 Prudentius
887 5204 1298 5266 animadvertit,
1323 5202 1952 5270 sapientium,ceritatem,

385 5279 698 5335 voluntatem
722 5276 777 5338 in
795 5275 905 5330 Deo
920 5277 1257 5328 essentialiter
1275 5273 1568 5344 praedicari
1575 5308 1598 5336 ,
1613 5273 1770 5342 pruea'
1777 5274 1962 5344 estina-

369 5351 580 5403 iionem
603 5361 721 5398 vero
751 5355 796 5397 et
827 5346 1222 5413 praescientinm
1257 5341 1480 5405 relative,
1530 5341 1756 5412 ideoque
1803 5341 1954 5398 dilic-

389 5417 616 5473 l'entiam
647 5415 855 5468 adesse.

459 5497 482 5526 ο
523 5486 606 5538 (ιτ.
639 5483 919 5552 Augustin.
947 5483 1008 5534 de
1041 5483 1304 5542 Praedem.
1329 5492 1494 5534 sana.
1528 5499 1574 5534 tt.
1615 5483 1690 5534 li).

453 5554 482 5596 δ
507 5553 558 5610 1.
573 5549 770 5608 Senius
787 5553 986 5620 pariter
999 5555 1132 5621 (ἵεις).
1149 5559 1188 5604 .\
1203 5556 1233 5604 Υ
1247 5596 1258 5610 ,
1277 5553 1330 5612 4,
1345 5563 1396 5604 et
1413 5553 1625 5618 passim.
1646 5549 1952 5621 praescieri-

387 5625 514 5682 tiam
531 5635 594 5678 -et
619 5619 1156 5694 pt'aedcstinationem
1183 5641 1341 5676 unum
1373 5623 1760 5690 idemquercssr
1805 5619 1923 5672 alim

2059 5144 2185 5188 mat.
2243 5133 2348 5188 Sed
2381 5149 2568 5202 reapse
2591 5145 2687 5186 eae
2723 5129 3008 5199 plurimum
3052 5127 3192 5183 inter
3231 5143 3289 5182 se
3333 5127 3620 5202 differunt;

2055 5207 2308 5274 (jlltllilil‘ll
2335 5199 2494 5256 multa
2521 5203 2912 5278 praesciuntur,
2939 5215 3075 5269 quae
3098 5214 3201 5278 non
3225 5199 3627 5278 praedestinzm-

2058 5269 2164 5336 tur,
2217 5275 2354 5328 nulla
2393 5269 2534 5328 vero
2567 5271 3046 5342 praedestinatum,
3090 5269 3190 5322 nisi
3235 5269 3624 5338 pt'acsciantnr.

2055 5345 2136 5398 (ΞΓ.
2169 5345 2535 5418 Prii-dentium.
2697 5413 2706 5418 _
2989 5409 2999 5418 ,
3137 5409 3146 5418 _
3187 5411 3195 5418 _
3463 5407 3474 5418 ,
3560 5408 3591 5418 ί,

2137 5427 2160 5455 ο
2199 5415 2542 5476 Probest-ias,
2569 5413 2836 5466 nemiuem
2857 5413 3076 5462 omnino
3099 5413 3196 5462 nisi
3227 5413 3626 5476 praevenientis

2063 5485 2154 5538 Dei
2209 5485 2414 5554 gratiae
2465 5483 2826 5552 adspiratione
2877 5480 3068 5534 saltem
3125 5479 3322 5532 laboris
3385 5481 3622 5532 studium

2061 5571 2218 5624 posse
2266 5557 2564 5622 concipere.
