4174 6244
363 268 473 327 365—

1448 274 1652 332 LIBER
1692 275 1780 335 DE
1815 275 2526 338 BRAEDESTINATIONE.

3511 268 3638 326 366.

367 378 706 442 Multimodas
729 385 892 441 etiam
919 397 1095 452 voces,
1137 385 1336 457 quibus
1371 387 1541 444 Deum
1569 405 1726 446 suum
1770 379 1946 447 ratio-
1967 399 2012 455 Λ
2041 393 2366 461 beatitudo;
2397 392 2565 448 altera
2603 407 2750 458 vero,
2789 407 2940 464 quae
2975 407 3072 464 per
3111 392 3293 448 omnia
3342 389 3614 447 contraria

363 473 501 530 nalis
527 473 709 530 anima
731 473 1036 548 significare
1061 478 1284 548 appetit,
1317 494 1482 533 unum
1513 487 1676 550 atque
1701 481 1842 538 idem
1861 483 1942 537 in-

363 579 551 631 nuero,
579 565 687 620 hoc-
715 573 822 633 cst,
873 566 1046 638 ipsam
1074 567 1400 624 inetl‘abilem
1445 568 1722 628 Creatoris
1747 586 1963 628 essen»

366 653 520 720 tiam,
546 655 798 725 quamvis
823 657 1101 714 nominum
1131 660 1398 729 quaedam
1418 659 1640 716 relative
1662 662 1938 719 dicantur.

363 739 540 799 Mutus
581 742 783 799 etenim
840 745 1059 802 humani
1108 747 1294 815 animi,
1338 764 1448 820 quo
1491 751 1821 822 principium
1854 753 1940 808 sui

365 837 579 906 repetit,
622 837 890 910 gradatim
931 841 1226 897 ascendere
1269 842 1478 914 nititur,
1526 844 1757 916 ideoque
1785 844 1940 914 juxta

365 928 555 986 modos
585 929 950 988 ascensionis‘
979 947 1112 998 suae
1139 933 1291 1006 signa
1319 935 1468 992 vocis
1491 935 1714 1004 invenit,
1744 937 1942 1009 quibus

359 1033 449 1084 ea,
477 1035 620 1090 quae
644 1021 794 1084 intus
818 1021 1092 1096 intelligit,
1123 1039 1319 1082 sensus
1341 1040 1541 1083 secutn-
1567 1030 1954 1085 conscendem-

362 1111 517 1178 tium,
541 1113 626 1170 νει
645 1115 1016 1173 conscendere
1036 1116 1353 1186 volentium,
1385 1118 1609 1176 caritati
1630 1120 1888 1177 obediens
1918 1121 1941 1152 ²

355 1203 557 1258 erudit.
598 1203 808 1262 Deinde
838 1207 1150 1268 contexitur
1189 1226 1204 1264 :
1236 1208 1282 1266 si
1311 1211 1517 1276 omnia,
1546 1226 1690 1282 quae
1723 1212 1792 1268 de
1825 1211 1940 1270 Deo

357 1295 766 1366 praedicantur,
793 1313 960 1355 unum
1003 1308 1154 1366 sunt,
1184 1299 1318 1378 nihil
1353 1311 1535 1360 autem
1561 1311 1619 1359 et
1670 1290 1854 1361 verius
1886 1315 1944 1362 et

355 1385 644 1444 honestius
666 1387 736 1444 de
764 1389 876 1447 Deo
912 1389 1130 1460 dicitur,
1163 1406 1326 1464 quam
1349 1394 1810 1464 praedestinati‘o:
1835 1413 1936 1452 tua

356 1484 450 1532 est
463 1469 646 1548 igitur.
669 1475 844 1545 Quam
863 1485 920 1536 e't
939 1481 1175 1538 errando
1194 1492 1426 1554 separat,
1445 1492 1498 1539 et
1517 1483 1943 1557 blasphemando

356 1576 540 1636 negat;
567 1577 740 1641 atque.
769 1585 870 1643 pro
902 1585 970 1628 eo
1010 1571 1146 1648 duas
1173 1588 1206 1628 a
1233 1588 1294 1630 se
1335 1574 1454 1646 ipso
1477 1575 1668 1642 ﬁnxit,“
1705 1593 1940 1650 quarum

356 1655 616 1725 nectuna,
635 1673 736 1716 nec
757 1660 928 1718 altera
959 1665 1339 1737 starenequit.
1375 1664 1696 1740 Jure‘igitur
1721 1669 1938 1742 penitus

2038 495 2123 542 est
2155 488 2480 558 praedictae,
2507 487 2625 558 ipsa
2649 489 2794 542 enim
2815 503 2846 541 e
2866 487 3082 542 diverso
3103 501 3207 544 non
3233 486 3407 542 solum
3433 483 3618 552 edicit,
3691 558 3696 562 ι

2039 580 2132 634 sed
2157 577 2320 634 etiam
2345 579 2486 652 cogit
2509 589 2813 647 peccatum,
2841 577 2987 647 quod
3012 584 3097 634 est
3123 593 3228 632 non
3255 575 3630 644 esse,~deindo'

2042 671 2230 726 mortis
2279 671 2582 738 interitum,
2639 684 2805 741 quem
2858 670 3166 730 necessario
3222 667 3470 739 sequitur
3515 665 3620 721 mi-

2039 759 2220 816 seria:
2259 760 2408 830 ipsae
2450 762 2618 834 igitur
2657 758 2874 816 sibimet
2903 759 3298 820 contradicunt.
3348 756 3405 813 Si
3437 762 3633 815 autem.

2039 852 2219 906 divina
2264 861 2477 916 natura,
2521 869 2732 912 summa
2777 851 3044 917 omnium,
3081 865 3222 921 quae
3267 857 3410 913 sunt,
3455 861 3618 903 causa

2041 939 2341 1012 multiplex.
2369 957 2492 997 cum
2521 943 2592 998 sit
2618 943 2850 1015 simplex
2869 948 2937 1015 et.
2966 955 3092 1007 una,
3120 938 3473 994 saluberrime
3501 951 3626 992 cre-

2039 1031 2205 1095 ditur,
2235 1039 2630 1101 consequenter
2665 1048 2890 1090 necesse
2930 1032 3035 1098 est,
3076 1029 3278 1086 nullam
3319 1029 3374 1083 in
3405 1042 3465 1084 sc
3504 1027 3628 1096 ipsa-

2040 1119 2464 1176 controversiam
2498 1119 2737 1192 recipere
2777 1122 3050 1178 credatur.
3093 1117 3440 1188 Relinquitur
3465 1130 3613 1188 ergo,

2041 1209 2098 1266 in
2140 1211 2250 1266 Deo
2270 1211 2407 1266 duas
2431 1227 2537 1268 non
2569 1225 2688 1269 esse
2711 1213 3252 1284 praedestinationes,
3295 1223 3436 1281 quae
3479 1209 3640 1264 inter-

2041 1315 2101 1359 se
2147 1301 2512 1386 discordantia
2563 1311 2618 1359 et
2667 1303 2922 1372 clliciant,
2977 1313 3032 1360 et
3075 1303 3212 1361 ﬁeri.
3242 1310 3458 1378 cogant.
3507 1301 3622 1386 Nec

2040 1407 2228 1448 earum
2257 1391 2364 1448 ulla
2403 1380 2520 1450 ﬁeri
2561 1403 2762 1464 potest.
2801 1393 3081 1464 Quomodo
3119 1395 3260 1452 enim
3290 1395 3530 1452 creditur
3561 1380 3618 1454 ill

2039 1485 2136 1542 Dei
2190 1497 2388 1553 natura
2437 1503 2601 1546 causa
2641 1489 2952 1547 necessario
2997 1489 3204 1562 aliquid
3252 1504 3472 1562 cogens,
3526 1488 3634 1560 qui,

2039 1577 2246 1643 omnia,
2282 1593 2423 1650 quae
2460 1579 2610 1647 fecit,
2655 1567 2898 1646 bonitate
2933 1571 3242 1660 voluntatis,
3269 1588 3322 1639 et
3346 1581 3624 1638 voluntate

2039 1666 2299 1724 bonitatis
2335 1683 2470 1725 suae
2511 1667 2674 1726 fecit?
2701 1669 2858 1740 cujus
2883 1670 3097 1738 bonitas
3117 1685 3219 1746 sua
3245 1680 3324 1728 est
3352 1671 3623 1754 voluntas.

355 1763 464 1805 non
489 1751 782 1824 sunt,quia
812 1766 987 1823 neque
1010 1769 1189 1821 verae,
1207 1770 1382 1826 neque
1403 1754 1572 1814 falsae
1592 1767 1740 1826 sunt.
1767 1758 1936 1818 Vcrae
1967 1753 2012 1812 Β
2039 1768 2090 1814 et
2141 1759 2396 1818 voluntas.
2413 1775 2520 1817 sua
2555 1770 2641 1818 est
2675 1760 2904 1818 bonitas.
2929 1807 2942 1811 -

357 1839 576 1909 quidem
605 1857 715 1899 non
736 1852 882 1906 sunt,
913 1843 1170 1915 quoniam
1199 1861 1382 1913 ornne,
1405 1849 1549 1918 quod
1573 1849 1787 1906 veritati
1809 1865 1938 1907 eon-

357 1931 601 1998 tradicit,
629 1947 682 1988 a‘
705 1933 936 1989 veritate
971 1944 1207 1991 nonest.
1245 1935 1437 2012 Otn‘ne,
1463 1924 1614 2008 quod
1650 1953 1692 1994 a-
1712 1941 1976 2019 veritate-

355 2032 457 2087 est,
484 2037 676 2080 verum
697 2038 820 2081 esse
845 2040 1073 2083 necesse
1087 2035 1204 2096 est;
1227 2042 1396 2084 omne
1415 2028 1612 2102 igitur,
1634 2031 1778 2102 quod
1801 2032 1942 2088 veri-

360 2114 459 2172 tati
495 2115 843 2184 contradicit,
877 2133 1080 2175 verum:
1095 2135 1209 2176 non
1239 2135 1366 2178 esse
1391 2126 1747 2181 necesse'est.
1795 2123 1942 2182 Duae
1969 2153 1974 2156 -

355 2217 564 2280 autem,
597 2209 984 2286 G[otesealce],
1015 2214 1536 2285 praedestinatioue's
1566 2216 1784 2274 veritati
1811 2233 1943 2276 con-

359 2291 662 2376 tradicunt;
712 2319 872 2362 verae
900 2305 1064 2376 igitur
1099 2322 1206 2364 non
1237 2313 1385 2366 sunt.
1419 2305 1613 2364 Falsae
1642 2309 1750 2365 non
1793 2314 1940 2366 sunt.

357 2392 536 2453 Omne
571 2396 717 2453 enim
763 2396 959 2454 falsum
1007 2399 1110 2462 sub
1156 2399 1397 2472 quadam
1420 2395 1786 2459 'similitudine
1808 2401 1943 2458 ‘vcri

359 2485 573 2572 appetit
617 2486 779 2555 esse,»
816 2489 964 2561 quod
1014 2505 1124 2549 non
1169 2501 1272 2548 est.
1324 2490 1490 2566 Cujus
1531 2493 1838 2565 exemplum
1887 2495 1941 2550 in

359 2583 774 2637 natura'r'erum
799 2589 885 2638 est
927 2580 1080 2640 τὸείς
1105 2583 1307 2656 imago,
1341 2598 1483 2656 quae
1521 2599 1552 2640 a
1580 2583 1803 2642 Graecis
1821 2589 1980 2660 ἠχὼςι

366 2677 614 2754 vocatur,
641 2668 948 2742 umbraque
975 2687 1287 2743 corporum,
1317 2672 1372 2734 in
1393 2683 1513 2730 arte
1549 2689 1680 2732 vero
1706 2673 1944 2746 pictura-

295 2781 302 2787 ·
361 2773 484 2814 tum
535 2755 744 2832 ligatae
789 2759 847 2827 ’.ε
901 2769 1194 2834 ceteraque
1247 2763 1306 2820 id
1373 2779 1568 2838 genus;
1637 2763 1994 2822 Similitudo-

364 2849 590 2914 etenim;
617 2850 716 2907 sed
742 2866 850 2909 non
882 2852 1084 2924 omnis,
1106 2853 1360 2912 falsitatis
1384 2870 1549 2914 causa
1571 2872 1696 2914 esse
1714 2857 1942 2914 videtur.

363 2941 445 2995 Ac
485 2955 585 3012 per
624 2939 736 2998 hoe
773 2955 956 3010 omne,
1005 2943 1151 3016 quod
1194 2943 1549 3002 similitudine
1597 2944 1776 3017 aliqua
1833 2947 1946 3004 veri

364 3045 542 3106 vacat,
557 3051 664 3094 non
677 3049 762 3095 est
770 3035 986 3095 falsum.
1001 3037 1546 3106 Praedestinationes,
1561 3039 1956 3116 G[utescalce].'

2107 1848 2194 1904 ιιι.
2239 1849 2352 1917 Non
2381 1857 2465 1908 est
2497 1850 2664 1920 igitur
2704 1851 2793 1909 illa
2836 1852 3275 1924 praedestinatio,
3299 1863 3438 1924 quae
3465 1860 3632 1924 cogat

2041 1937 2340 2012 inevitabili
2361 1943 2703 2014 necessitate
2737 1959 2844 2000 sua.
2861 1940 3050 2012 vitam,
3075 1943 3364 2014 justitiam,
3391 1945 3652 2003 beatitut

2039 2028 2248 2098 dinem,
2272 2048 2372 2092 nec
2393 2031 2506 2100 illa,
2530 2047 2671 2104 quae
2695 2043 2914 2106 cogeret
2935 2035 3335 2105 praedictorum
3358 2035 3632 2096 bonorunt

2041 2122 2353 2189 contraria,-.
2388 2124 2638 2193 videlicet
2675 2135 2932 2192 mortem,
2977 2133 3278 2196 peccaturo,
3323 2125 3641 2182 miseriam...

2039 2211 2204 2280 Quae
2232 2213 2370 2271 ratio
2397 2205 2818 2286 enthymematis
2855 2203 2877 2246 l'
2905 2223 3235 2288 argumento.
3260 2214 3623 2280 concluditur,

2043 2305 2186 2376 quod
2213 2319 2429 2376 semper
2447 2313 2530 2361 est
2557 2321 2586 2360 a
2605 2305 2907 2368 contrario...
2929 2304 3096 2376 Cujus
3115 2306 3412 2380 propositio
3447 2305 3468 2338 "
3502 2293 3636 2362 talis.

2033 2406 2147 2453 est.
2199 2393 2338 2451 Non.
2364 2403 2431 2452 et.
2464 2383 2614 2451 Deus
2645 2410 2867 2455 summa.
2903 2395 3140 2458 essentia
3183 2395 3280 2463 sit,
3338 2407 3394 2451 ct
3435 2411 3624 2457 eorum

2049 2495 2274 2552 tantum,
2307 2503 2446 2559 quae
2470 2489 2538 2544 ab
2565 2502 2632 2546 eo
2662 2498 2807 2565 sunt,
2849 2504 3018 2553 causa
3057 2503 3162 2550 non
3192 2488 3280 2546 sit.
3319 2488 3413 2546 Est
3443 2497 3623 2544 autem

2049 2579 2192 2640 Deus
2233 2595 2455 2638 summa
2491 2581 2749 2638 essentia.
2795 2580 2899 2640 Est
2933 2581 3100 2654 igitur
3149 2596 3336 2638 eorum
3393 2587 3626 2644 tantum,

2046 2687 2187 2744 quae
2220 2671 2290 2726 ab
2314 2687 2384 2730 eo
2404 2681 2549 2739 sunt,
2586 2688 2773 2729 causa.
2793 2673 3117 2740 Peccatum,
3147 2687 3316 2738 mors,
3345 2671 3564 2727 miseria
3594 2688 3634 2726 a

2047 2763 2160 2819 Deo
2205 2771 2506 2836 ttonsuttt.
2551 2760 2754 2822 Eorum
2776 2763 2950 2834 igitur
2988 2776 3151 2818 causa
3199 2761 3343 2821 Deus
3371 2777 3482 2819 non
3519 2773 3626 2818 cst.

2047 2853 2192 2909 ldem
2230 2855 2451 2924 qucque
2489 2853 2832 2926 syllogismus
2867 2855 2971 2910 hoc
3017 2853 3178 2909 modo
3216 2843 3554 2908 connectitur
3585 2852 3626 2910 '.

2048 2947 2166 3003 Non
2194 2955 2250 3002 et
2282 2949 2421 3006 Deus
2451 2962 2658 3015 eorum,
2686 2962 2824 3018 quae
2852 2955 2998 3013 sunt,
3029 2961 3190 3006 causa
3219 2946 3308 3011 sit,
3338 2953 3392 3001 et
3415 2960 3626 3022 eorum,

2049 3052 2190 3108 quae
2217 3037 2352 3105 nihil
2391 3047 2536 3104 sunt,
2565 3053 2728 3095 causa
2771 3039 2864 3095 sit.
2905 3036 3002 3097 Est
3037 3047 3220 3096 autent
3254 3036 3396 3093 Deus
3437 3053 3626 3094 eorum

367 3117 590 3184 nullam
621 3129 754 3186 veri‘
797 3122 1232 3187 similitudinem.
1261 3132 1483 3188 habere
1513 3106 1940 3200 convincuntur;
1963 3106 2020 3204 β
2050 3145 2240 3196 causa,
2269 3145 2412 3201 quae
2430 3138 2574 3186 stant.
2608 3129 2776 3200 Igitur
2804 3145 2912 3185 non
2949 3137 3032 3186 est
3061 3143 3222 3185 causa
3252 3143 3464 3190 eorum,
3489 3143 3634 3198 quae

327 3224 338 3230 '
366 3217 538 3276 falsae
562 3218 729 3292 igitur
753 3235 862 3278 non
891 3233 1039 3278 sunt.
1073 3220 1180 3280 Sed
1215 3223 1346 3295 quid
1373 3222 1523 3291 sint,.
1544 3239 1653 3280 non
1688 3223 1942 3282 invenio:

368 3308 510 3365 nihil
531 3310 678 3366 enim
707 3317 835 3368 sunt
861 3327 876 3368 :
906 3311 1030 3382 quis
1064 3315 1247 3372 autem
1291 3313 1740 3383 potestinvenire
1765 3313 1956 3370 nihil?

367 3397 667 3458 Fabulosae
709 3417 839 3475 ergo
885 3415 1153 3474 repertae.
1204 3403 1534 3461 Fabulosum
1572 3419 1807 3476 namque
1833 3413 1965 3472 est,

368 3495 513 3568 quod
544 3511 644 3553 nec
663 3511 878 3564 verum,
906 3512 1008 3554 nec
1029 3499 1350 3566 verisimile,
1381 3508 1442 3556 ut
1469 3499 1681 3557 volatus
1707 3499 1946 3569 Daedali,

369 3585 462 3656 qui
495 3599 770 3658 nunquam
795 3585 916 3654 fuit,
941 3603 1046 3646 nec
1065 3587 1184 3646 ﬁeri
1210 3590 1438 3662 potuit»

441 3676 504 3732 ll.‘
547 3676 838 3735 Estctiam
863 3665 1012 3736 aliud
1049 3688 1448 3750 argumentum,
1479 3681 1622 3753 quod
1655 3681 1854 3740 dicitur
1878 3683 1951 3740 ab

370 3764 658 3826 eﬂ'ectibus
701 3771 773 3825 ad
805 3769 1055 3838 causam,
1099 3766 1224 3842 quo
1251 3770 1589 3836 contionum,
1615 3772 1752 3830 duas
1793 3773 1956 3844 prac-

371 3859 760 3920 destinationes
779 3863 880 3920 Dei"
899 3879 1006 3920 non
1029 3879 1172 3920 esse.
1195 3862 1361 3934 Cujus
1387 3867 1690 3936 argumenti
1716 3867 1953 3923 maxima

367 3951 668 4022 propositio
685 3962 808 4010 est:
825 3951 1089 4020 omnium,
1111 3969 1254 4026 quae
1269 3962 1400 4012 sunt
1414 3954 1556 4013 inter
1575 3971 1634 4012 se
1651 3958 1956 4026 contraria,

371 4058 598 4118 necesse
623 4054 723 4102 est‘
749 4059 939 4103 eorum
963 4059 1158 4102 causas
1198 4047 1344 4103 inter
1374 4061 1442 4103 se
1479 4047 1598 4103 fieri
1627 4049 1955 4108 contrarias.

372 4132 550 4191 Unam
597 4134 743 4192 enim
785 4135 1130 4208 eandemque"-
1173 4151 1393 4195 cansam
1433 4137 1648 4194 diversa
1705 4122 1868 4194 inter.
1891 4156 1960 4201 se

373 4228 649 4288 contraria
693 4229 907 4288 edicere
952 4231 1094 4290 ratio
1140 4233 1412 4304 prohibet.
1465 4233 1606 4302 Quid
1652 4242 1832 4292 autem
1869 4246 1954 4294 est

371 4320 710 4381 contrarium
734 4315 1024 4390 essentiae,
1051 4323 1152 4379 nisi
1177 4329 1286 4381 non
1306 4326 1465 4381 esse?
1489 4325 1632 4394 Quid
1653 4327 1816 4394 vitae,
1839 4327 1947 4384 nisi

377 4409 638 4468 interire?
657 4411 810 4480 Quid
831 4411 1095 4484 iustitiae,
1123 4415 1226 4470 nisi
1264 4415 1582 4486 peccatum?
1609 4401 1955 4484 Quid'beati-

2051 3231 2322 3295 non‘sunt.
2344 3222 2654 3289 Peccatum,
2676 3218 2898 3293 ejuSque
2921 3218 3160 3284 eductus,
3192 3234 3338 3277 mors
3362 3218 3632 3291 profecto,

2049 3311 2138 3369 cui
2182 3312 2436 3386 adhaeret
2465 3312 2702 3376 miseria,
2732 3327 2839 3366 non
2883 3318 3029 3367 sunt.
3071 3310 3276 3367 Eorum
3323 3309 3486 3382 igitur
3531 3325 3643 3364 nec

2053 3403 2222 3470 Dens,
2247 3420 2346 3460 nec
2393 3403 2510 3473 ejus
2537 3401 2978 3475 praedestinatio,
3011 3417 3152 3479 quae
3195 3411 3302 3470 est,
3341 3402 3484 3478 quod
3515 3402 3631 3472 ipse

2020 3502 2154 3558 .cst,
2187 3510 2348 3551 causa
2376 3509 2496 3552 esse
2517 3503 2712 3566 potest.

2123 3585 2214 3640 iV.
2258 3583 2366 3642 Sed
2399 3585 2557 3657 quia,
2593 3583 2882 3650 haeretice,
2914 3583 3033 3660 jam
3055 3583 3123 3641 de
3159 3593 3250 3642 tua
3289 3585 3464 3655 prima
3498 3593 3631 3640 con-'-

2052 3677 2354 3748 grcssione,
2404 3685 2509 3749 qua
2549 3675 2686 3733 duas
2726 3677 3248 3748 praedestinationcs
3292 3685 3346 3732 ct
3388 3679 3637 3736 asserere

2054 3771 2308 3828 tuendosc
2333 3767 2556 3842 coepisti
2577 3769 2843 3836 incautus,
2862 3779 2918 3824 et
2931 3767 3221 3826 defendere
3251 3768 3637 3826 contumeliose

2049 3865 2257 3920 sudasti
2295 3864 2579 3935 superbus,
2610 3873 2664 3920 et
2699 3863 2912 3917 modica
2928 3861 2967 3910 ντ
2996 3860 3277 3919 convictus
3314 3861 3636 3916 auctoritate

2055 3955 2259 4027 fugisti,
2282 3964 2338 4010 et
2359 3953 2697 4024 apertissima
2721 3953 2950 4008 veritate
2981 3960 3284 4024 prostratus
3311 3951 3634 4016 occubuisti,

2055 4047 2422 4104 occumbendo
2467 4046 2689 4112 siluisti,
2743 4044 2952 4102 silendo
3011 4045 3316 4116 posteriora
3361 4043 3648 4114 prioribus

2056 4139 2240 4211 pejora
2289 4138 2630 4210 excogitasti,
2685 4145 2744 4193 ut
2797 4137 2854 4209 in
2899 4147 2954 4192 te
3002 4136 3288 4208 impiorum
3333 4136 3633 4190 convicium

2059 4229 2364 4300 impleatur.
2410 4228 2554 4298 quod
2583 4228 2845 4298 scriptum
2897 4233 3025 4285 est:
3063 4225 3133 4280 Et
3182 4227 3280 4280 erit
3327 4225 3637 4283 novissimus

2058 4338 2209 4376 error
2228 4321 2378 4394 pejor
2405 4320 2580 4392 priore
2599 4327 2761 4374 a—ut
2785 4321 2927 4376 enim
2951 4333 3060 4374 non
3091 4328 3153 4374 te
3166 4317 3310 4389 piget
3333 4332 3550 4389 negare,
3585 4327 3640 4372 te

2058 4411 2405 4484 praedicasse
2463 4413 2612 4468 duas.
2655 4409 3194 4481 praedestinationes.
3260 4409 3406 4479 quod
3458 4405 3638 4464 tamen

375 4505 598 4574 tudinis,
629 4507 731 4564 nisi
773 4506 1030 4563 miseria?
1067 4505 1130 4564 Si
1175 4523 1304 4581 ergo
1339 4508 1477 4565 haec
1515 4511 1696 4566 omnia
1726 4511 1868 4566 inter
1892 4527 1954 4567 se
1983 4489 2032 4550 ι)
2057 4505 2260 4560 dixisse
2283 4519 2315 4558 a
2341 4503 2522 4560 multis
2547 4500 2904 4565 convinceris,
2931 4502 3002 4556 ita
3034 4517 3139 4558 non
3175 4512 3228 4555 te
3257 4500 3417 4581 pudet
3445 4501 3640 4555 iterum

373 4601 650 4658 contraria
702 4615 825 4658 esse
876 4600 1224 4675 manifestum
1274 4609 1402 4670 est,
1447 4603 1710 4672 sequitur.
1763 4617 1953 4659 eorum

376 4707 592 4764 quoque
629 4707 827 4750 causas
864 4693 1092 4750 inter-se
1137 4692 1257 4750 ﬁeri
1297 4695 1615 4750 contrarias.
1649 4693 1766 4752 Non
1805 4695 1952 4751 enim

375 4794 472 4839 aut
491 4783 564 4840 ab
590 4799 698 4840 una
717 4798 904 4851 causa,
929 4792 1024 4840 aut
1055 4784 1264 4841 duabus
1291 4783 1532 4852 ejusdem
1563 4775 1776 4857 generis
1803 4787 1954 4842 nasci

377 4882 622 4942 possunt.
653 4873 840 4946 igitur,
865 4874 1256 4930 u't-hacreticus
1283 4873 1499 4941 asserit,
1531 4878 1579 4930 si
1617 4876 1756 4932 duae
1795 4891 1954 4947 prae-

380 4965 768 5022 destinatioues
793 4965 903 5022 sint
935 4966 990 5021 in
1034 4963 1165 5028 Deo.
1190 4980 1584 5035 quarumuna,
1626 4974 1686 5019 ut
1719 4965 1813 5032 ait,
1845 4981 1951 5022 non

383 5056 555 5112 solum
591 5055 776 5122 edicit,
821 5057 918 5114 sed
955 5057 1119 5112 etiam
1159 5037 1539 5114 violentia'sui
1581 5058 1726 5129 cogit
1767 5057 1953 5121 vitam,

383 5146 522 5216 quod
571 5155 656 5202 est
707 5160 850 5214 esse,
910 5145 1104 5204 deinde
1147 5145 1440 5214 justitiam,
1491 5163 1656 5218 quam
1710 5147 1963 5218 sequitur

2059 4597 2328 4669 proferre,
2375 4611 2538 4652 unam
2565 4611 2712 4662 esse,
2751 4594 2848 4652 sed
2875 4593 3092 4664 duplam
3125 4607 3142 4661 ;
3185 4575 3549 4648 scrihﬁlenim
3582 4592 3638 4646 in

2061 4687 2430 4746 deliramentis
2469 4685 2892 4750 confessionum,
2931 4683 3099 4745 immo
3133 4684 3481 4754 perﬁdiarum
3526 4691 3643 4737 tua-

2061 4794 2205 4843 rum,
2232 4787 2484 4846 tanquatn
2506 4777 2772 4849 originem
2796 4774 3096 4830 erroristni
3120 4773 3411 4828 defendere
3435 4771 3642 4836 volens,

2063 4870 2391 4926 sententiam
2419 4868 2668 4923 videlicet
2689 4855 2873 4922 Isidori
2905 4883 2917 4920 :
2940 4882 2960 4920 ι
2979 4865 3202 4921 Gemina
3231 4873 3315 4918 est
3338 4863 3641 4931 praedesti-

2061 4961 2209 5018 natio
2236 4961 2354 5017 sive
2373 4959 2667 5015 electorum
2691 4956 2758 5012 ad
2781 4956 3046 5027 requiem,
3066 4956 3182 5012 sive
3205 4955 3554 5024 reproborum
3572 4953 3642 5008 ad

2061 5062 2291 5108 mortem
2317 5071 2362 5115 ι,
2382 5053 2408 5092 δ
2425 5065 2588 5122 quam
2606 5051 2684 5106 sic
2704 5049 2931 5118 exponis
2958 5064 2972 5105 :
3005 5069 3022 5101 ι
3043 5062 3150 5105 non
3175 5047 3340 5108 enim,
3376 5045 3471 5107 ait.
3505 5046 3642 5100 duae

2062 5154 2205 5210 sunt,
2221 5145 2347 5214 quia
2373 5158 2478 5198 non
2493 5151 2634 5205 sunt,
2652 5141 2744 5197 sed
2758 5139 2992 5211 gemina,
3010 5137 3060 5193 id
3076 5149 3158 5193 est
3171 5137 3421 5204 bipertita
3436 5157 3454 5188 ι
3476 5149 3496 5174 ε
3509 5166 3572 5176 —
3587 5144 3647 5192 ut

1653 5257 1913 5315 VARIAE
1955 5255 2356 5313 LECTlONES.

457 5351 594 5427 [Sic
619 5351 868 5427 cod.,_M'.
895 5353 1227 5427 (receptionis.
1252 5351 1486 5427 "ﬁnd.-
1520 5351 1817 5427 ob'ocdiens.
1859 5351 1940 5427 sic
1983 5349 2237 5427 ultique."
2283 5349 2306 5380 ³
2349 5347 2436 5405 Sic
2479 5347 2626 5427 cod,
2777 5343 2971 5415 figura.
3049 5343 3070 5372 ⁸
3098 5341 3230 5427 (Iud.
3275 5341 3644 5397 enumerantis.

392 5418 414 5450 ³⁵
440 5421 526 5478 Sir
557 5423 714 5486 Cod”
746 5423 816 5477 Μ.
843 5424 1116 5494 expositio.
1193 5423 1213 5454 ⁸
1243 5421 1372 5479 Cod.
1407 5424 1712 5476 conectitur.
1742 5435 1819 5479 Sic
1852 5417 2106 5492 ubique.’
2148 5421 2164 5450 ⁷
2201 5417 2379 5486 Corn,
2423 5420 2542 5472 cod.
2577 5417 2784 5472 nodicn.
3144 5424 3150 5430 '

461 5640 486 5668 ι
527 5627 713 5686 Μειιιῑι.
751 5627 959 5696 xxvn.
991 5627 1078 5682 st.

463 5698 490 5740 δ
524 5699 709 5773 lsidor.
743 5698 972 5756 Suram.
1009 5697 1099 5752 lib.
1135 5715 1194 5759 tt;
1225 5699 1256 5752 ϐ

1913 5529 2093 5592 ΝΟΤΛ
2105 5535 2144 5588 Ε

2143 5637 2164 5664 ⁸
2205 5625 2289 5681 Cf;
2317 5623 2552 5694 Confus.
2589 5621 2712 5678 mai.
2749 5615 3059 5677 Colescalct'.
