4236 6072
610 168 717 231 867

1982 184 2267 242 JOAN‘NIS
2306 185 2501 263 SCOTl
2586 160 2591 167 ’

3752 194 3858 253 368

609 290 761 361 quid,
783 292 1243 362 impudentissime
1269 294 1534 358 ',debilis.
1559 300 2022 363 enervatusmmni
2050 301 2189 355 veri-
2220 309 2262 365 Α
2292 315 2408 368 est,
2457 320 2578 360 utin
2628 307 2816 362 horum
2868 310 3108 364 omnium
3149 325 3307 366 causa
3349 311 3455 378 sit,
3507 311 3580 367 ita
3620 314 3854 367 υηιιιὶηηι

508 427 519 436 κ
614 385 740 449 tatis
767 383 969 447 auxilio
996 384 1261 449 desertus,
1310 386 1433 440 lites
1464 401 1711 452 renovas,
1756 389 1952 459 quibus
1976 392 2205 459 conaris,

614 481 667 531 te
698 489 729 528 ι
761 473 937 545 prima
962 482 1051 541 tua
1077 476 1099 506 '
1122 474 1208 529 illa
1237 475 1567 547 impudentia
1600 475 1829 533 latenter
1848 480 2189 546 subtrahere,

613 568 871 632 tanquam
906 563 1242 627 tolerabilius
1268 566 1360 630 sit,
1387 575 1443 620 et
1479 568 1658 621 minus
1691 569 1907 625 veritati
1953 573 2189 637 resistat,

610 654 901 723 geminam.
936 654 991 717 id
1034 663 1137 721 est,
1175 656 1483 726 bipertitam
1521 658 1614 719 Dei
1646 663 2193 729 praedestinatiouem

610 743 952 812 praedicare,
996 760 1159 817 quam
1192 746 1362 801 duas?
1404 745 1578 820 Quam
1621 751 2064 820 geminationcm,
2108 753 2195 809 vel

610 830 1014 902 bipertitionem
1050 834 1071 867 ⁸
1096 826 1346 908 exemplo
1372 839 1617 894 caritatis
1639 842 1869 910 probare
1892 843 2191 899 contendis.

619 942 638 975 ι
661 920 789 976 Tale
801 924 944 978 enim
967 945 1016 988 ι,
1034 924 1233 995 inquis,
1256 943 1275 978 ι
1296 936 1399 991 est,
1414 930 1555 999 quod
1570 930 2195 1001 diciturpraedestinatio

614 1014 856 1084 gemina,
903 1016 956 1070 in
985 1015 1187 1073 electos
1234 1017 1482 1085 videlicet
1526 1028 1579 1075 et
1629 1021 1885 1090 reprobus
1917 1022 2194 1093 bipertita,

614 1118 737 1169 cum
768 1105 847 1159 sit.
871 1120 1001 1171 una,
1032 1104 1161 1162 licet
1188 1106 1261 1163 sit
1280 1107 1467 1181 dupla,
1495 1108 1654 1179 quale
1684 1119 1788 1171 est,
1818 1112 1961 1179 quod
1999 1110 2198 1168 dicitur

610 1196 817 1278 caritas
846 1196 931 1250 vel
973 1196 1192 1254 dilectio
1245 1201 1481 1270 gemina,
1526 1217 1647 1257 cum
1695 1202 1882 1272 utique
1931 1218 2037 1257 nun
2089 1205 2199 1263 sint

619 1288 781 1351 duae,
813 1289 907 1343 sed
960 1303 1091 1356 una,
1143 1287 1273 1346 licet
1320 1290 1394 1347 sit
1430 1292 1605 1348 etiam
1656 1304 1876 1363 propter
1925 1293 2094 1349 Deum
2142 1303 2197 1350 et

616 1381 926 1450 proximum
954 1380 1113 1452 dupla
1150 1400 1169 1436 ι
1193 1394 1243 1438 ι.

614 1546 618 1550 .
693 1490 758 1549 γ.
795 1493 840 1551 Ο
872 1509 1034 1567 quam
1085 1509 1214 1554 vere
1257 1486 1421 1553 de'te
1468 1497 1671 1553 dictum
1723 1506 1841 1553 est:
1873 1498 1952 1553 De
1998 1499 2199 1554 {ortum

619 1587 913 1657 egredietur
936 1587 1165 1645 bruchus
1192 1588 1236 1643 ⁸.
1277 1588 1354 1643 De
1389 1590 1720 1661 blasphemia
1750 1602 1838 1645 tua
1888 1592 1941 1648 in
1967 1593 2195 1663 praede-

2292 397 2555 465 partiurn,
2580 399 2777 469 quibus
2808 410 2979 455 totum
3003 404 3311 469 couticitur,
3346 419 3469 459 cum
3496 395 3861 460 omnis'totius
3946 438 3955 445 -

2290 498 2483 543 auctor
2507 489 2599 554 sit,
2639 493 3202 562 compactionecaret.
3248 493 3404 562 Quali
3455 497 3636 565 itaque
3689 496 3862 565 impu-

2294 576 2480 633 dentia
2505 596 2610 636 non
2643 582 2857 639 dubitas
2903 586 3254 654 pronuntiare
3297 587 3865 657 praedestinationem,

2292 683 2432 739 quae
2454 670 2595 726 Deus
2619 682 2726 740 est,
2761 683 2815 728 et
2842 675 3122 730 caritatem
3149 676 3451 745 bipertitas.
3484 676 3666 732 addita
3698 692 3865 748 expo-

2293 759 2512 827 sitione,
2542 760 2598 816 id
2646 771 2729 817 est
2757 764 2983 834 dnplas?
3003 765 3236 821 Proinde
3255 766 3394 821 sicut
3421 767 3598 825 nullus
3628 768 3861 822 ﬁdelium

2293 840 2455 906 audet
2482 853 2665 929 dicere
2687 857 2987 924 geminum,
3009 858 3122 912 sive
3146 857 3483 929 bipertitum,
3509 860 3621 915 sive
3646 860 3857 931 duplum

2292 939 2485 1007 Deum,
2518 944 2643 1014 quia
2666 944 2888 1017 impium
2909 958 3014 1013 est,
3039 948 3113 1002 ita
3134 948 3301 1003 etiam
3319 950 3857 1018 praedestinatinuem

2293 1040 2347 1086 et
2381 1032 2667 1091 caritatem
2694 1035 2993 1113 geminare,
3023 1036 3109 1093 vel
3135 1038 3431 1109 duplicare,
3488 1040 3572 1095 vel
3620 1040 3864 1110 bipertiti

2294 1123 2618 1199 sacrilegum
2641 1136 2745 1185 est.
2774 1126 3041 1199 Quicquid
3067 1129 3212 1185 enim
3240 1131 3307 1186 de
3335 1129 3446 1185 Deo
3474 1130 3735 1196 creditur,
3766 1147 3867 1188 ue-

2295 1230 2449 1272 resse
2476 1226 2562 1273 est
2585 1218 2652 1277 de
2673 1218 2792 1291 ejus
2813 1233 3026 1292 quoque
3048 1221 3541 1299 praedestinatione
3564 1231 3619 1278 et
3638 1222 3866 1280 caritate

2294 1308 2567 1365 credatur.
3080 1368 3085 1371 Α

2369 1399 2458 1457 Ἣ.
2497 1400 2541 1455 0
2567 1411 2789 1459 acterna
2833 1402 3056 1471 caritas,
3096 1406 3591 1476 quanta-caecitate
3628 1405 3865 1477 percussi

2297 1501 2443 1557 sunt,
2466 1494 2558 1564 qui
2585 1492 2638 1548 te
2663 1495 2878 1566 duplam
2903 1509 3024 1553 esse
3048 1499 3381 1570 praedicant,
3404 1514 3529 1555 cum
3561 1500 3861 1565 inveniunt,

2297 1599 2598 1653 praecones
2626 1595 2748 1642 tuos
2774 1591 3142 1658 pronuntiare,
3176 1599 3226 1646 tc
3270 1605 3389 1647 esse
3417 1592 3708 1663 geminam,
3758 1605 3861 1646 non

540 1694 547 1699 '
617 1680 965 1738 stinatiouem
994 1698 1213 1756 egressa
1233 1692 1316 1739 est
1340 1683 1675 1755 blasphemia
1702 1696 1788 1739 tua
1812 1686 1866 1739 in
1887 1685 2193 1752 caritatem,
2231 1664 2270 1724 Β
2303 1677 2541 1733 \‘alenles
2570 1678 2883 1736 discernere
2913 1682 3255 1739 intellectuali
3287 1683 3514 1749 visione,
3540 1686 3672 1754 quid
3701 1686 3863 1741 inter-

621 1771 695 1825 lta
728 1780 785 1827 ut
828 1772 1023 1843 prioris
1049 1764 1253 1844 peccati
1303 1790 1475 1845 poena
1524 1776 1597 1830 sit
1630 1791 1861 1846 sequens
1889 1785 2189 1846 peccaturo.

621 1854 860 1921 Eandem
891 1865 1074 1937 itaque
1120 1866 1277 1923 ﬁdem
1329 1868 1527 1923 videris
1574 1870 1774 1926 habere
1823 1869 1891 1927 de
1942 1868 2193 1934 caritate,

565 1990 573 1997 -
616 1972 781 2028 quam
826 1956 1100 2029 profiteris
1153 1960 1219 2016 de
1266 1962 1804 2033 praedestinatione;
1855 1974 2142 2032 utramque
2171 1962 2193 1995 ⁵

577 2108 585 2114 _
620 2048 885 2121 siquidem
936 2050 1152 2122 duplam
1184 2054 1381 2110 asscris
1420 2068 1560 2110 esse.
1591 2052 1872 2133 Qoucedis,
1920 2055 1972 2107 ni
2014 2051 2188 2117 fallor,

621 2142 668 2196 si
698 2156 802 2195 non
835 2142 1057 2207 insanis,
1088 2143 1257 2199 Deum
1283 2158 1402 2199 esse
1425 2145 1729 2208 caritatem,
1762 2143 2042 2211 Scriptura
2070 2157 2193 2212 per-

616 2228 858 2296 ltibcnlc,
888 2247 1025 2300 quae
1050 2233 1120 2291 ait
1146 2250 1161 2263 ·
1193 2233 1333 2289 Deus
1355 2245 1429 2289 cst
1450 2237 1643 2289 raritas
1657 2234 1705 2287 δ.
1725 2233 1840 2289 Non
1869 2249 2066 2304 negare
2091 2248 2190 2288 au-

620 2338 712 2377 sus
739 2336 819 2389 cs,
854 2324 1395 2391 praedestinatiunem
1426 2327 1591 2382 Deum
1613 2342 1753 2392 esse,
1781 2330 1921 2400 quod
1948 2335 2195 2398 pati-uter

621 2411 673 2466 in
701 2413 1127 2471 confessionibus
1149 2417 1256 2471 tuis
1279 2417 1552 2488 professus
1582 2432 1663 2473 es.
1712 2418 1823 2473 Deo
1850 2419 1993 2474 enim
2038 2430 2194 2489 prae-

576 2506 581 2511 ’
619 2506 1039 2565 destinationem
1060 2525 1221 2569 suam.
1258 2496 1599 2567 coaeteruam
1630 2528 1752 2567 esse
1775 2502 2070 2583 scripsisti;
2110 2520 2194 2567 at-

620 2597 953 2664 queutiuam
1008 2601 1292 2655 veritatem
1328 2603 1638 2659 consuleres
1689 2604 1741 2658 in
1788 2603 2005 2666 ceteris,
2055 2616 2193 2672 quae

623 2687 804 2743 dixisti
828 2689 893 2743 de
924 2690 1437 2769 praedestinatione,
1462 2693 1601 2748 sicut
1626 2694 1679 2749 in
1702 2693 1948 2766 ejuslteo
1975 2693 1997 2725 ‘
2030 2708 2193 2751 coae-

622 2777 896 2834 ternitate.
952 2766 1216 2835 Convenit
1252 2766 1444 2851 itaque
1473 2783 1614 2838 inter
1645 2786 1744 2837 uos'
1769 2783 1837 2838 tie
1881 2783 2109 2838 caritate
2138 2793 2194 2839 et.

620 2868 691 2920 de
717 2868 1202 2935 praedestinatioue
1225 2869 1277 2922 in
1305 2884 1390 2935 eo,
1442 2872 1583 2939 quod
1616 2879 1666 2926 et
1703 2872 1903 2927 caritas
1947 2872 2108 2936 Deus,
2132 2879 2194 2926 et

618 2961 1041 3027 praedestinatio
1063 2961 1225 3026 Deus,
1255 2971 1308 3017 et
1334 2980 1471 3018 unus
1512 2965 1675 3027 Dens,
1721 2979 1825 3017 una
1851 2964 2084 3020 essentia
2112 2967 2193 3021 di-

623 3053 767 3114 vina,
803 3061 1046 3115 aeterna,
1074 3052 1550 3108 incommutabilis.
1580 3052 1814 3110 Proinde
1840 3054 1885 3108 si
1912 3055 2115 3111 caritas
2138 3066 2193 3112 et

619 3143 1040 3214 praedestinatio
1056 3145 1420 3200 essentialitcr
1444 3147 1509 3199 de
1536 3146 1646 3200 Deo
1666 3146 2095 3224 praedicantur,
2109 3163 2193 3204 es-

615 3237 786 3292 sentia
819 3244 996 3293 autem
1025 3238 1204 3294 divina
1227 3239 1374 3295 nullo
1395 3240 1675 3296 Catholico
1703 3241 1985 3295 dubitante
2009 3243 2191 3300 unitas

614 3338 719 3395 est,
750 3345 957 3384 summa
1005 3340 1061 3386 et
1096 3346 1219 3386 vera
1247 3332 1482 3385 caritas:
1513 3331 1692 3397 itaque
1724 3341 1779 3385 ct
1817 3331 2189 3401 praedestina-

615 3425 884 3478 tiotmitas
907 3435 990 3479 est
1015 3423 1058 3475 '.
1089 3421 1260 3490 Quae,
1293 3422 1335 3477 si
1368 3439 1489 3484 una,
1519 3431 1573 3477 et
1601 3422 1710 3478 sola
1759 3434 1843 3478 est
1886 3423 2189 3479 incommu-

621 3516 821 3591 tabilis,
856 3531 1079 3570 innuero
1107 3530 1292 3570 carere
1325 3530 1548 3570 necesse
1591 3524 1694 3579 est,
1724 3530 1848 3570 cum
1878 3515 1945 3570 ab
1994 3533 2056 3573 ea
2079 3518 2187 3573 sint

612 3618 801 3662 omnes
851 3604 1057 3659 numeri
1084 3622 1098 3668 ;
1128 3603 1290 3675 quod,
1344 3604 1387 3659 si
1420 3604 1903 3663 commutaltilitate
1927 3607 1949 3638 ⁸
1981 3617 2183 3676 careat,

615 3696 959 3765 multiplicari
985 3711 1089 3750 non
1146 3705 1345 3766 potest.
1376 3696 1591 3751 Primus
1644 3697 1922 3766 multiplex
1954 3708 2038 3753 est
2089 3700 2189 3755 du-

611 3790 764 3859 plus;
817 3789 976 3859 dupla
1033 3788 1193 3858 igitur
1222 3805 1327 3844 non
1367 3795 1444 3842 est
1492 3788 1694 3851 unitas,
1725 3803 1868 3858 quae
1894 3797 1979 3845 est
2000 3790 2185 3844 divina

608 3879 934 3935 substantia.
969 3876 1394 3933 Praedestiuatio
1421 3878 1785 3934 essentialiter
1805 3880 1872 3934 de
1898 3880 2008 3935 Deo
2033 3895 2187 3949 prae-

611 3968 781 4024 dicari
812 3984 916 4023 uon
938 3976 1022 4022 est
1042 3965 1282 4023 dubium.
1314 3967 1562 4023 Esscntia
1588 3980 1767 4024 autem
1793 3972 1988 4026 unitas.
2015 3969 2180 4026 Prae-

607 4058 897 4115 dcstinatio
927 4058 1089 4128 igitur
1119 4058 1317 4112 unitas.
1353 4056 1546 4114 Uuitas
1572 4058 1730 4130 dupla
1757 4075 1861 4113 non
1891 4069 1996 4113 est.
2022 4058 2183 4117 Prae-

612 4149 901 4205 destinatio
927 4149 1111 4219 itaque
1132 4149 1289 4217 dupla
1321 4165 1429 4206 non
1469 4159 1574 4206 est.
1596 4151 1675 4205 Ae
1703 4167 1799 4222 per
1829 4153 1932 4206 hoc
1958 4167 2060 4207 nec
2092 4168 2184 4221 ge-

611 4243 775 4297 mina.
822 4242 1101 4309 Quomodo
1130 4243 1274 4297 enim
1303 4243 1373 4298 sit
1398 4244 1713 4315 geminatio,
1741 4244 1830 4298 ubi
1861 4260 1966 4298 non
1991 4245 2062 4300 sit
2086 4260 2185 4299 utt-

2296 1767 2367 1822 sit
2395 1767 2539 1822 inter
2570 1779 2624 1823 te
2672 1778 2726 1824 et
2750 1781 3096 1842 praeceptum
3128 1774 3236 1829 tui!
3301 1773 3657 1845 Praeceptum
3711 1784 3860 1829 tuum

2295 1856 2627 1913 dominatrix
2644 1860 2649 1867 '
2669 1861 3041 1930 potentissima
3066 1862 3327 1933 geminari
3361 1863 3576 1927 dicitur,
3601 1864 3851 1934 quuniam

2292 1950 2362 2003 ad
2391 1959 2444 2003 te
2468 1949 2638 2020 ipsam
2668 1950 2864 2021 primo,
2889 1962 3029 2022 quae
3049 1954 3191 2009 Dens
3235 1970 3317 2020 es,
3349 1956 3597 2026 dirigitur
3618 1997 3635 2022 ,
3660 1953 3863 2031 deinde

2291 2042 2363 2098 ad
2394 2042 2722 2111 proximum,
2751 2060 2873 2097 cum
2893 2054 2949 2099 et
2970 2052 3023 2099 tu
3043 2046 3286 2117 diligeris
3316 2048 3368 2101 in
3399 2046 3506 2102 illo.
3544 2041 3685 2101 Nihil
3714 2047 3855 2119 enim

2294 2142 2508 2189 amatur
2528 2133 2580 2189 in
2606 2134 2875 2210 ouantibus,
2907 2136 3010 2191 nisi
3038 2136 3270 2203 dilectio,
3294 2153 3433 2207 quae
3448 2148 3502 2192 tu
3525 2153 3588 2194 es
3606 2137 3832 2207 simplex
3853 2177 3867 2199 ,

2293 2223 2593 2291 individua,
2628 2226 3190 2297 incommutabilisque
3253 2230 3575 2297 substantia,
3632 2239 3688 2284 et
3733 2226 3866 2284 nihil

2296 2313 2541 2385 perfecte
2589 2315 2781 2389 diligit,
2834 2317 2934 2371 nisi
2986 2326 3063 2382 tu,
3113 2317 3386 2373 vinculum
3423 2318 3728 2383 insolubile,
3756 2335 3867 2388 quo

2295 2403 2642 2461 continentur
2689 2405 2891 2460 omnia.
2924 2406 3002 2461 Tu
3030 2407 3213 2478 itaque
3238 2406 3436 2477 diligis,
3491 2417 3546 2463 tu
3595 2406 3869 2480 diligcris;

2294 2496 2525 2566 ideoque
2552 2498 2901 2569 praeceptum
2940 2506 3088 2554 tuum
3118 2485 3390 2569 geminum
3419 2501 3634 2556 dicitur.
3663 2500 3862 2557 Partim

2293 2590 2560 2660 siquidem
2578 2589 2759 2659 iubes,
2791 2599 2849 2645 ut
2873 2592 3018 2647 nulla
3041 2592 3357 2663 interposita
3383 2603 3573 2651 natura
3623 2593 3865 2666 diligaris

2295 2682 2350 2737 in
2383 2684 2660 2755 temetipSa
2702 2683 2767 2747 “,
2792 2684 2987 2754 partim
3014 2684 3329 2755 interposita
3353 2697 3531 2757 creata
3556 2696 3744 2739 natura
3774 2685 3861 2739 di-

2295 2773 2554 2844 ligarisin
2581 2758 2846 2843 proximo.
2886 2772 3138 2851 Nunquid
3183 2784 3401 2845 prepter
3441 2774 3566 2839 hoc,
3591 2774 3862 2827 individua

2294 2863 2495 2933 unitas.
2520 2862 2779 2917 debemus
2810 2870 2860 2916 te
2886 2863 3111 2927 credere
3128 2876 3247 2931 esse
3267 2861 3585 2934 geminam?
3613 2861 3865 2933 Nunquid

2297 2964 2480 3010 noster
2504 2969 2659 3009 amor
2682 2951 3121 3025 multiplicabitur
3150 2954 3443 3009 secundum
3463 2969 3746 3011 nmuerum
3781 2970 3861 3007 rev

2219 3022 2264 3086 C
2299 3063 2438 3111 rum,
2463 3062 2602 3117 quas
2622 3046 2906 3102 amamus?
2934 3045 3122 3101 Nonne
3146 3046 3335 3102 eodem
3365 3061 3551 3101 amore
3589 3045 3862 3116 diiigimus

2292 3138 2495 3203 munia,
2524 3152 2664 3206 tiliae
2693 3137 2979 3208 diligimus,
3006 3152 3127 3191 cum
3158 3151 3296 3213 unus
3320 3146 3482 3206 atque
3530 3136 3671 3191 idem
3699 3150 3861 3191 amur

2292 3245 2400 3284 non
2430 3230 2728 3298 aequaliter
2778 3228 3027 3283 omnibus
3068 3228 3433 3291 distribuitur,
3481 3228 3604 3282 aliis
3666 3228 3865 3305 quippe

2289 3319 2428 3390 plus,
2462 3321 2584 3376 aliis
2609 3321 2783 3374 minus
2804 3323 3264 3384 accommodatur,
3312 3318 3430 3389 ipso
3477 3329 3654 3374 tamen
3699 3319 3751 3373 in
3780 3334 3864 3379 ,se

2291 3411 2407 3481 ipso
2441 3411 2555 3466 sine
2581 3421 2889 3481 augmento,
2917 3410 3035 3464 sine
3065 3409 3395 3465 detrimento
3424 3418 3599 3485 status
3629 3411 3710 3465 sui
3742 3426 3859 3464 ma-

2290 3513 2473 3561 nente.
2535 3505 2650 3560 Non
2713 3505 2856 3560 enim
2914 3504 3020 3559 alio
3077 3518 3266 3575 artiore
3332 3502 3586 3574 jubcmur
3640 3503 3865 3575 diligere

2290 3598 2483 3659 Deum,
2507 3607 2563 3652 et
2595 3598 2700 3669 alio
2727 3597 2948 3668 diligere
2973 3596 3316 3667 proximum,-
3370 3610 3545 3667 neque
3567 3608 3722 3667 parte
3749 3611 3853 3652 una

2288 3689 2445 3763 unius
2474 3689 2674 3744 amoris
2702 3688 3371 3758 praecipimuradhaerere
3400 3687 3672 3751 Creatori,
3703 3698 3857 3757 parte

2286 3781 2453 3835 altera
2486 3782 2783 3836 adhaerere
2803 3789 3089 3835 creaturae
3116 3796 3131 3835 :
3167 3780 3261 3835 sed
3282 3796 3389 3836 uno
3416 3781 3716 3849 eodemque.
3740 3788 3852 3832 toto

2285 3882 2341 3930 et
2367 3872 2536 3928 Deum
2561 3884 2609 3926 ct
2662 3872 2963 3942 proximum
3017 3871 3275 3939 debemus
3325 3870 3594 3940 amplecti.
3632 3868 3864 3924 l’raeee—
3910 3916 3911 3919 η

2284 3974 2433 4037 plum
2462 3964 2623 4035 igitur
2645 3950 2889 4021 caritatis
2915 3974 2998 4019 est
3017 3964 3309 4035 geminum,
3337 3979 3441 4018 non
3471 3964 3584 4033 ipsa
3610 3962 3810 4017 caritas
3837 4003 3851 4027 ,

2282 4066 2338 4112 et
2366 4057 2488 4112 ideo
2543 4056 2835 4128 geminum,
2880 4055 3005 4127 quia
3033 4055 3152 4110 talis
3177 4053 3477 4110 differentia
3505 4063 3587 4108 est
3615 4052 3666 4106 in
3697 4066 3861 4127 prae?

2282 4156 2459 4223 cepto,
2498 4158 2554 4202 ut
2580 4146 2999 4219 Deusdiligatur
3027 4154 3244 4221 propter
3274 4146 3647 4215 semetipsum,
3674 4144 3860 4214 proxi-

2283 4252 2409 4292 mus
2456 4252 2589 4293 vero
2636 4254 2740 4294 non
2796 4246 3019 4311 propter
3063 4237 3436 4309 semetipsum,
3494 4240 3587 4291 sed
3641 4246 3863 4304 propter

612 4347 797 4422 merus
845 4340 899 4387 et
924 4332 1241 4403 pluralitas?
1270 4332 1461 4388 Divina
1499 4334 1677 4389 unitas
1699 4350 1983 4389 numerosa
2033 4344 2182 4390 caret
2208 4372 2257 4432 υ
2286 4330 2475 4386 Deum.
2505 4332 2718 4392 Caritas
2744 4331 2906 4400 igitur
2948 4330 3000 4385 in
3026 4330 3275 4385 omnibus
3322 4329 3509 4392 Deum,
3554 4328 3606 4383 id
3641 4338 3742 4395 est,
3797 4344 3858 4383 se

611 4409 938 4491 pluralitate.
967 4422 1129 4477 Caret
1150 4423 1311 4492 igitur
1336 4422 1671 4493 duplicitate.
1706 4424 1914 4479 Similis
1942 4426 2082 4479 ratio
2112 4425 2178 4481 de

608 4513 951 4583 bipertitioue
975 4512 1018 4565 ’.
1054 4512 1109 4567 Si
1145 4511 1566 4583 praedestinatiu
1605 4511 1669 4566 dc
1698 4513 1906 4566 unitate
1958 4513 2179 4568 divinae

609 4603 942 4659 substantiae
994 4604 1293 4659 rectissime
1327 4603 1692 4674 praedicatur,
1740 4613 1795 4656 (ιι
1837 4603 2015 4658 omnis
2053 4618 2177 4658 vera

609 4695 789 4748 unitas
817 4695 1051 4764 partium
1080 4696 1150 4749 sit
1186 4708 1399 4764 expers,
1431 4693 1851 4761 praedestiuntio
1888 4694 2067 4763 itaque
2096 4695 2180 4749 bi-

608 4784 801 4853 pertita
839 4785 880 4817 η
911 4802 1015 4841 non
1046 4796 1147 4850 est,
1172 4762 1569 4855 quia'partihus
1604 4784 1896 4853 coinposita
1934 4801 2041 4840 non
2067 4796 2173 4840 est.

614 4874 766 4929 Sicut
793 4879 934 4930 enim
958 4875 1135 4929 divina
1157 4885 1343 4928 natura
1367 4890 1641 4944 generum,
1665 4890 1955 4944 eorumque
1978 4872 2175 4930 forma-

608 4982 754 5031 rum,
784 4965 1230 5027 diﬂercntiarum,
1262 4981 1607 5020 numerorum
1634 4980 1846 5036 quoque
1872 4980 2039 5036 capax
2068 4983 2171 5021 non

2289 4422 2459 4492 ipsam
2485 4421 2675 4493 diligit,
2706 4431 2763 4476 et
2808 4422 2861 4477 in
2888 4438 2950 4477 ea
2983 4421 3126 4475 nulla
3170 4421 3462 4493 geminatio
3488 4426 3590 4484 est,
3639 4436 3703 4474 ac
3756 4436 3855 4493 per

2286 4512 2392 4569 hoc
2442 4513 2583 4567 nulla
2616 4513 2926 4584 duplicatio.

2363 4604 2471 4658 \‘ll.
2514 4603 2829 4659 Confectum
2876 4613 2960 4659 est
3005 4605 3187 4675 itaque
3217 4613 3535 4675 argumento
3582 4603 3855 4667 caritatis,

2285 4696 2413 4765 quid
2460 4697 2704 4767 accipere
2731 4696 2990 4751 debemus
3011 4697 3077 4752 de
3103 4696 3467 4767 geminatione
3490 4696 3847 4766 praedestina-

2286 4787 2471 4851 ti0nis,
2497 4803 2638 4857 quae
2664 4788 2913 4843 similiter
2944 4787 2995 4841 in
3029 4772 3317 4861 semetipsa
3347 4801 3463 4859 nec
3487 4787 3725 4856 gemina,
3757 4803 3857 4843 nec

2282 4878 2556 4948 bipertita.
2613 4896 2713 4934 nec
2759 4880 2915 4949 dupla
2956 4887 3060 4943 est,
3103 4878 3351 4949 quamvis
3383 4878 3623 4933 videatur
3676 4878 3872 4947 aliqua

2281 4967 2582 5041 dill'crentia
2612 4970 2664 5023 in
2696 4968 2976 5023 elfeetibus
2998 4967 3114 5035 ejus
3154 4969 3446 5024 secundmn
3481 4969 3715 5024 rationes
3748 4968 3851 5021 mi-

1874 5077 2127 5136 VAlllAE
2163 5082 2561 5139 LECTIONES.

681 5201 697 5232 ’
729 5199 843 5253 Sic.
868 5197 985 5253 cod.
1013 5239 1025 5257 ,
1082 5196 1150 5251 Μ.
1199 5198 1665 5267 imprudentissme.

608 5282 885 5336 utrunque,
914 5269 991 5320 sic
1019 5268 1233 5334 ubique.
1311 5267 1332 5298 ⁸
1354 5268 1444 5323 Sic
1465 5272 1611 5331 cud.,
1640 5272 1743 5325 Deo
1764 5287 1871 5327 om.
1898 5273 1967 5325 Ill.

608 5340 729 5413 cod.
754 5338 1297 5413 in_co_unnumcilitate
1377 5336 1399 5369 ’
1439 5336 1528 5393 Sic
1549 5341 1694 5407 ωτι..
1725 5342 1794 5395 Μ.
1821 5343 2120 5413 bipertiour.

609 5409 752 5473 cod.,
783 5408 853 5462 Μ.
877 5407 994 5459 item
1040 5417 1084 5460 ct
1116 5408 1248 5477 ipsa.

1784 5202 1805 5233 ⁸
1846 5200 1935 5256 Sic
1985 5203 2141 5261 cod”
2197 5212 2287 5255 tua
2337 5219 2445 5256 om.
2486 5202 2555 5256 Μ.

2043 5274 2062 5304 ⁷
2086 5272 2256 5340 (cui.
2284 5275 2402 5326 cod.
2434 5269 3020 5332 praedestinuliounilas
3046 5281 3187 5330 sunt.
3217 5269 3283 5323 bl.
3308 5288 3358 5339 ιι.
3392 5287 3444 5322 u.
3470 5273 3555 5323 sit.

2200 5338 2245 5377 λυ
2265 5344 2355 5397 δίε
2404 5343 2517 5397 fere
2548 5342 2743 5409 ubique
2767 5342 2884 5393 cod.
2910 5341 3167 5410 bipertita,
3215 5356 3335 5395 raro
3359 5341 3624 5408 btparttta.
3702 5344 3740 5373 "
3761 5338 3858 5408 ait:

3661 5202 3683 5233 '
3721 5196 3856 5256 Cedo

3632 5272 3653 5303 ³
3673 5275 3783 5327 CD“
3800 5301 3856 5327 ,σί

2657 5200 2676 5231 ³
2718 5198 2808 5254 Sic
2864 5201 2981 5254 cod.
3090 5198 3113 5230 ³
3148 5197 3278 5254 Cod.
3331 5202 3537 5254 bracas.

2132 5499 2380 5558 NOTAE.

598 5655 606 5662 .
687 5627 710 5655 ιι
750 5612 1031 5670 Confessio
1055 5614 1354 5671 Gutescalci
1385 5614 1419 5669 l.

2344 5617 2372 5656 δ
2404 5616 2558 5673 Junii.
2593 5616 2679 5670 ιγ.
2715 5616 2793 5669 16.
