4236 6072
497 229 606 288 ξω

1587 215 1786 276 LIBER
1830 215 1914 274 DE
1953 210 2594 272 PBAEDESTINATION
2607 215 2670 273 E.

3655 220 3766 279 370

501 346 830 406 sericordiae
858 315 1305 414 atqueinstitiae.
1337 339 1454 396 Ilua
1484 339 1751 410 siquidem
1773 337 2074 405 eademque
2106 343 2152 398 Α
2183 333 2331 388 tabi’li
2359 309 2383 365 ί
2419 343 2637 388 aeterna
2679 333 3169 402 praederitinatione
3209 333 3425 390 divinae
3469 339 3763 393 voluntatis

501 435 998 513 praedestinatione
1043 451 1138 494 sua
1168 435 1310 520 Deus
1332 433 1511 504 justus
1536 439 1592 484 et
1617 423 1956 490 misericors,
1976 441 2076 496 po-

504 543 625 590 tens
646 531 700 586 in
728 527 1000 593 omnibus,
1023 527 1088 580 de
1110 517 1288 580 massa
1329 521 1550 579 humani
1567 520 1812 592 generis,
1838 517 2078 589 originav

503 621 628 676 liter
659 621 711 674 in
738 616 969 680 cunctis,
1025 624 1255 686 excepto
1284 612 1524 678 Christo,
1557 612 1770 674 vitiata,
1815 607 2079 680 quosdam

496 710 682 783 "elegit,
708 708 906 779 quibus
933 697 1157 762 daturus
1183 702 1378 783 fuerat,
1405 702 1549 775 quod
1581 717 1610 756 a
1639 699 1948 772 semetipsis
1970 714 2080 755 non

449 800 768 874 .,liabituri.
803 797 856 853 id
905 805 1008 860 est,
1059 799 1198 850 dona
1228 811 1347 860 sua,
1383 793 1582 865 quibus
1610 799 1792 849 essent
1851 791 2080 857 victuri;

505 891 767 964 quosdam
803 886 1020 958 reliquit
1053 886 1093 952 ³,
1127 886 1218 956 qui
1254 900 1286 942 a
1330 885 1637 968 semetipsis
1667 883 1937 942 inventuri
1960 897 2086 956 pec-

505 993 624 1042 cata
670 998 784 1045 sua,
833 981 1030 1052 quibus
1053 983 1238 1035 essent
1281 978 1530 1050 perituri.
1575 973 1682 1034 Illis
1737 975 1908 1044 dedit,
1941 975 2085 1032 unde

506 1066 783 1132 beatitudo
807 1079 954 1126 esset
981 1069 1186 1134 l'ntura,
1213 1069 1332 1132 istis
1365 1085 1472 1125 non
1503 1069 1672 1128 dedit.
1699 1069 1793 1123 sed
1815 1065 2084 1140 permisit,

507 1166 650 1222 unde
694 1165 911 1220 miseria
931 1177 1120 1218 eorum
1165 1175 1368 1232 poenas
1398 1175 1623 1232 passura
1657 1161 1700 1214 '.
1728 1159 1837 1216 Illis
1858 1174 1965 1216 non
1989 1157 2085 1224 illi,

507 1259 604 1315 sed
627 1258 742 1328 ipse
769 1253 1122 1328 praeparavit
1156 1253 1345 1312 vitam.
1371 1252 1492 1307 istis
1522 1268 1625 1308 non
1672 1252 1808 1322 ipse,
1841 1247 1941 1306 sed
1983 1249 2086 1321 ipsi

509 1351 977 1420 praeparaverunt
1001 1353 1251 1399 mortem.
1279 1341 1391 1400 Illis
1410 1342 1552 1397 illius
1577 1343 1889 1398 misericors
1922 1341 2080 1398 boni-

441 1492 448 1497 .
516 1423 608 1499 tas
625 1455 789 1497 causa
817 1435 918 1492 fuit
943 1436 1222 1508 regnandi,
1271 1435 1394 1492 istis
1434 1449 1532 1490 sua
1567 1435 1788 1504 propria
1835 1431 2091 1504 superbia

514 1545 680 1590 causa
727 1527 830 1584 fuit
870 1537 928 1584 et
995 1525 1224 1582 elTectus
1277 1524 1575 1580 cruciandi.
1633 1523 1826 1580 Cetera
1872 1537 2090 1595 quoque

475 1615 480 1620 ’
514 1616 780 1692 exempla,
806 1609 949 1688 quae
965 1617 1033 1672 ad
1064 1615 1492 1687 complicandam
1522 1613 1914 1670 absurdissima
1933 1628 2092 1684 prae-

2180 422 2762 494 omnipotentissimae,
2785 435 2924 493 quae
2955 439 3225 495 nnnquatn
3250 440 3624 497 nusquamque
3652 427 3760 483 fal-

2180 515 2332 580 litur,
2375 515 2617 571 tractari.
2664 514 2768 569 Sed
2819 516 2887 570 de
2943 515 3445 586 proprietateillins
3496 515 3759 583 lateri-sis,

2181 621 2322 677 quae
2343 621 2460 662 eam
2490 605 2716 671 lacerat,
2743 606 2892 676 prius
2917 604 3225 662 dicendum.
3253 605 3400 664 Haec
3425 607 3591 680 igitur
3627 602 3760 666 hae-

2182 699 2319 754 rt‘sis
2342 696 2754 761 Gotescalcana,
2786 699 2828 752 si
2861 697 2949 752 tali
2983 697 3202 752 nomine
3231 708 3406 769 potest
3450 701 3650 765 vocari,
3682 701 3766 759 In-
3857 695 3863 700 ’

2186 797 2270 844 ter
2291 787 2426 842 duas
2455 786 2589 845 alias
2622 787 2905 854 haereses,
2959 787 3061 844 sibi
3103 787 3333 844 invicem
3385 789 3764 859 adversaries,
3863 841 3870 850 .

2185 881 2494 938 medietatis
2509 882 2630 938 loco
2651 883 2940 938 constituta
2963 891 3069 949 est,
3087 883 3231 938 inter
3247 883 3397 940 illam
3420 885 3598 956 plane,
3621 903 3764 958 quae

2186 974 2384 1032 dicitur
2407 973 2714 1044 Pelagiana,
2742 975 2986 1042 et'illam,
3019 992 3158 1048 quae
3194 978 3246 1034 ei
3292 991 3581 1053 repugnat;
3626 998 3766 1055 qua-

2188 1081 2308 1120 rum
2339 1080 2444 1139 una
2476 1065 2620 1120 dono
2647 1065 2862 1120 divinae
2896 1067 3103 1139 gratiae
3131 1068 3375 1140 derogat,
3404 1071 3577 1127 altera
3601 1072 3767 1130 Iiber-

2189 1163 2355 1211 tatetn
2381 1153 2589 1212 arbitrii
2616 1157 2960 1212 condemnat.
2994 1156 3284 1232 Pelagiana
3307 1153 3572 1232 siquidem
3611 1172 3763 1222 secta

2186 1247 2494 1304 libertatem
2526 1247 2738 1303 arbitrii
2760 1249 3038 1305 rationalis
3054 1262 3294 1310 .natnrae
3315 1254 3368 1309 in
3399 1262 3606 1310 tantum
3621 1271 3774 1313 com-

2189 1341 2427 1405 mendat,
2459 1349 2518 1395 ut
2550 1340 2668 1396 sine
2693 1341 2846 1398 dono
2864 1342 3074 1411 gratiae
3093 1344 3160 1400 ad
3187 1345 3569 1414 perliciendam
3594 1347 3770 1404 homi-

2189 1430 2276 1486 nis
2295 1427 2564 1499 justitiam
2596 1428 2842 1488 sullieiat.
2867 1431 2998 1500 Ejus
3025 1447 3154 1488 vero
3173 1443 3322 1489 serta
3349 1437 3623 1491 contraria
3649 1451 3772 1509 gra-

2191 1523 2362 1578 tuitae
2389 1523 2820 1594 gratiae-donum
2839 1511 3149 1590 continuat,
3176 1535 3234 1581 ut
3257 1541 3324 1581 eo
3343 1525 3457 1582 solo
3477 1511 3532 1582 in
3557 1527 3773 1586 homine

2191 1621 2476 1684 operante,
2525 1614 2672 1668 otnni
2725 1623 2919 1670 conatu
2978 1614 3133 1670 liberi
3185 1615 3396 1670 arbitrii
3435 1624 3772 1688 contempto,

513 1709 932 1768 destinationem
981 1705 1248 1787 cumulus,
1291 1704 1412 1775 plus
1448 1705 1768 1760 dementiae
1817 1713 1942 1759 tuae
1964 1711 2092 1760 sunt
2122 1701 2168 1762 Β
2194 1704 2374 1766 omnis
2398 1703 2572 1760 ﬁdelis
2617 1704 2892 1776 fastigium
2914 1705 3160 1776 iustitiae
3187 1707 3488 1776 contingat.
3523 1703 3637 1765 lina
3669 1705 3774 1778 igi-

515 1801 736 1865 indieia,
760 1796 924 1870 quam
947 1787 1152 1853 erroris
1170 1795 1266 1851 tui.
1293 1793 1410 1860 Dic,
1439 1808 1640 1864 quaeso
1669 1793 1692 1826 ³
1709 1835 1726 1860 ,
1753 1809 1862 1864 qua
1890 1793 2097 1850 ratione

516 1891 794 1964 sumpsisti
823 1898 1202 1962 argumentum
1251 1887 1324 1942 ab
1370 1903 1534 1959 opere
1583 1886 1678 1942 Dei
1723 1886 1974 1970 bipertito
2026 1885 2096 1943 ad

515 1960 849 2044 suadendum
888 1960 1402 2052 praedestinationis
1451 1987 1506 2034 et
1533 1960 1786 2035 caritatis
1827 1960 2095 2050 duplicem
2135 2021 2139 2025 .

514 2065 1012 2149 complicatioue‘m,
1043 2087 1168 2128 cum
1193 2086 1330 2144 Opus
1353 2071 1448 2127 Dei
1465 2071 1548 2130 .sit
1575 2087 1944 2139 numerosum,
1967 2071 2096 2144 quia

517 2179 760 2237 creatum
819 2174 922 2232 est,
953 2152 1381 2239 praedestinatio
1407 2179 1536 2220 vero
1587 2171 1645 2220 et
1682 2163 1908 2228 caritas,
1955 2164 2099 2221 sicut

517 2261 849 2338 pluralitate,
883 2261 956 2315 ita
978 2259 1146 2314 etiam
1173 2255 1564 2313 numerositate
1594 2255 1804 2312 carent?
1845 2255 2097 2328 Nunquid

519 2355 645 2428 quia
684 2367 820 2424 opus
847 2350 1115 2414 divinum,
1147 2347 1200 2404 id
1225 2355 1310 2404 est
1348 2347 1674 2403 universitas
1703 2358 2095 2414 creaturarum,

520 2445 670 2502 verbi
720 2441 893 2515 gratia
929 2440 986 2496 in
1016 2439 1154 2519 duas
1173 2435 1328 2510 quasi
1355 2436 1680 2509 principales
1699 2439 1910 2508 Species
1955 2437 2098 2492 divi-

440 2555 450 2566 ·
519 2535 688 2600 ditur,
715 2529 1049 2604 spiritualem
1076 2527 1330 2597 videlicet
1353 2535 1410 2582 et
1432 2526 1790 2600 corporalem,
1814 2529 2098 2598 propterea

520 2637 778 2695 cogemur
829 2617 1403 2692 praedestinantioncm,
1458 2631 1564 2686 qua
1600 2616 1745 2672 Deus
1805 2631 1970 2688 opera
2001 2631 2098 2672 sua

525 2713 702 2778 futura
735 2717 1020 2792 disposuit,
1049 2714 1366 2786 duplicare?
1401 2713 1554 2781 Quod
1605 2713 1649 2768 si
1687 2713 1950 2785 cogimur,
2000 2727 2098 2768 ne-

522 2814 762 2872 cessario
799 2822 854 2868 et
877 2809 1234 2882 quadruplum
1264 2806 1488 2864 credere
1512 2805 1897 2876 rompeilemur
1915 2847 1930 2870 ,
1967 2821 2100 2876 quo-

499 2882 670 2964 iniam
695 2903 1026 2977 Augustinus
1047 2901 1100 2957 in
1125 2899 1402 2972 opusculis
1429 2899 1574 2954 suis:
1606 2919 1623 2950 ι
1656 2897 1832 2969 Opera
1861 2898 2096 2966 divinat,

521 2999 718 3072 inquit,
751 3015 771 3050 ι
803 3006 961 3069 quae
993 2991 1173 3051 secula
1220 2991 1428 3064 creavit
1476 2998 1532 3044 et
1559 2990 1845 3061 gubernat,
1881 2990 2100 3061 quadri-

2198 1805 2306 1862 tur,
2339 1804 2400 1850 ut
2423 1795 2626 1851 dictum
2651 1806 2758 1864 est,
2807 1795 3012 1854 donum
3028 1796 3232 1868 gratiae
3259 1797 3578 1862 contemnit,
3606 1796 3778 1854 altera

2196 1888 2397 1966 donum
2452 1889 2723 1946 libertatis
2769 1888 3009 1956 arbitrii;
3042 1888 3232 1945 ambae
3291 1889 3566 1962 impietate
3591 1880 3772 1966 pares,

2195 1988 2346 2054 secta
2365 1995 2498 2036 vero
2521 1980 2786 2050 disiiares.
2818 1979 2964 2036 llaec
2993 1991 3196 2045 autem,
3251 1979 3318 2037 de
3347 1995 3451 2052 qua
3483 1997 3625 2038 nunc
3655 1980 3775 2054 agi-

2198 2073 2419 2138 tur,-slc
2447 2083 2530 2130 est
2556 2074 2609 2128 in
2642 2073 2819 2129 medio
2844 2073 2986 2128 inter
3010 2083 3268 2144 utrasque
3323 2073 3629 2143 praedictas
3659 2081 3781 2127 tan-

2195 2179 2359 2236 quam
2391 2163 2766 2222 exiretnitates
2796 2165 2938 2218 inter
2958 2179 3016 2218 se
3037 2163 3339 2218 contrarias
3369 2157 3682 2236 conjuncta,
3713 2155 3776 2219 ut

2193 2257 2332 2328 ipsis
2368 2259 2564 2328 partim
2621 2244 2946 2320 consentiat,
2993 2254 3192 2325 partim
3239 2252 3597 2317 contradicat,
3648 2268 3781 2337 prof

2195 2349 2486 2422 priumque
2541 2349 2644 2406 sibi
2689 2349 2927 2406 vindicet
2961 2347 3017 2414 ⁸,
3064 2347 3209 2418 quod
3241 2347 3386 2418 ipsas
3425 2363 3529 2404 non
3577 2347 3780 2402 habere

2197 2442 2506 2498 contendat.
2561 2439 2698 2495 Itum
2751 2439 2896 2494 enim
2953 2440 3196 2495 omnium
3249 2439 3533 2504 virtutum,
3582 2438 3781 2510 quibus

2195 2532 2512 2605 pervenitur
2553 2531 2620 2586 ad
2647 2530 3060 2596 beatitudinem,
3119 2531 3472 2601 omniumque
3499 2529 3780 2614 vitiorum,

2195 2623 2398 2695 quibus
2427 2623 2817 2696 praecipitatur
2837 2623 2904 2678 ad
2931 2622 3228 2689 miseriam,
3255 2623 3310 2679 in
3335 2621 3786 2694 praedestinatio-

2197 2715 2358 2770 nibus
2381 2715 2602 2780 divinis,
2627 2727 2684 2770 ut
2709 2716 2822 2788 ipsa
2852 2715 3024 2788 lingit,
3053 2715 3392 2776 necessarias
3414 2715 3782 2772 inevitabiles-

2197 2821 2305 2878 que
2330 2823 2526 2864 causas
2553 2819 2784 2872 conatur
2813 2809 3168 2875 constituere,
3221 2809 3352 2880 quid
3401 2808 3548 2865 aliud
3574 2809 3786 2865 videtur

2198 2899 2445 2962 suadere,
2467 2899 2576 2958 nisi
2596 2899 2696 2956 Dei
2729 2899 2888 2962 dona.
2933 2899 3036 2956 hoc
3063 2909 3166 2966 est,
3214 2901 3442 2959 liberum
3489 2903 3788 2960 voluntatis

2202 2991 2512 3064 arbitrium,
2560 2999 2616 3046 et
2661 2993 2873 3064 gratiae
2920 2993 3179 3068 auxilium
3233 2994 3537 3061 destruere,
3587 2997 3804 3068 quibus’

522 3054 685 3150 lor-mi
704 3054 946 3145 'ration‘e
971 3059 1320 3157 distinguitur
1352 3103 1397 3136 ι.
1425 3081 1641 3137 Νῖωοε
1682 3095 1896 3152 quoque
1941 3097 2093 3140 com-
2125 3054 2171 3116 C
2203 3056 2414 3142 duobus
2433 3054 2696 3156 profecto.
2699 3084 2978 3155 plenitudo
2989 3059 3232 3156 iustitiae
3246 3088 3482 3144 hominis
3499 3097 3554 3144 ct
3571 3054 3788 3147 inchom

523 3179 724 3244 munis.
746 3193 850 3250 qua
877 3173 1057 3232 omnis
1080 3175 1258 3229 anima
1293 3172 1511 3244 sapiens
1542 3171 1829 3238 formatur,
1861 3173 2097 3244 quadru-

504 3273 833 3346 ‘plicabitur,
867 3267 1125 3342 quoniam
1162 3267 1215 3323 in
1260 3274 1520 3338 quattuor
1545 3265 1569 3297 ⁵
1613 3265 1842 3322 virtutes
1883 3264 2100 3322 habitus

525 3364 694 3424 animi
715 3365 782 3421 de
808 3365 924 3432 ipsa
955 3360 1297 3433 exprimitur.
1327 3359 1492 3426 Quasi
1525 3357 1710 3414 unitas
1731 3358 1857 3417 dum
1881 3358 1954 3414 sit
1981 3373 2098 3414 utn-

525 3459 676 3516 nium
703 3454 1007 3528 specierum
1055 3451 1398 3524 partiumque
1445 3465 1663 3521 expers,
1715 3449 1890 3506 abtea
1920 3459 2098 3508 tamen

525 3549 704 3607 omnis
731 3547 958 3619 species,
997 3559 1296 3616 omnesque
1319 3553 1504 3615 partes
1547 3559 1652 3598 non
1679 3543 1962 3598 oriantur!
1994 3544 2103 3598 Aut

531 3652 789 3712 tanquam
819 3641 886 3696 de
917 3637 1271 3710 impressione
1296 3635 1458 3692 unius
1477 3635 1622 3691 anuli
1655 3635 1678 3669 ⁸
1711 3635 1898 3692 .multa
1940 3637 2101 3694 vesti-

530 3733 692 3804 giain
722 3745 847 3788 cera
882 3729 999 3786 ﬁeri
1027 3727 1398 3798 nonpossint!
1430 3725 1569 3796 Quid
1590 3737 1693 3793 est,
1739 3727 1884 3799 quod
1917 3727 2102 3785 dixisti

532 3825 600 3880 de
623 3822 829 3879 mundo
855 3816 1283 3891 quadripertito?
1317 3814 1365 3874 0
1417 3816 1725 3888 plumbeum
1775 3818 2099 3889 pugionem!

529 3915 612 3972 An
637 3914 776 3970 l’nrte
803 3911 1076 3975 aestimas,
1123 3901 1674 3982 praedestinationem
1721 3910 1932 3983 duabus
1973 3900 2106 3968 con-

531 4017 677 4067 stare
696 4005 966 4078 partibus,
993 4000 1448 4074 quemadmodum
1475 4000 1980 4074 mundusqnattnor
1997 4003 2108 4066 ele-

530 4099 730 4158 mentis
753 4099 1096 4170 componitur
1130 4094 1186 4161 ‘,
1220 4110 1349 4152 cum
1392 4095 1466 4151 sit
1501 4094 1685 4150 unus?
1721 4093 1896 4157 Simili.
1947 4096 2106 4152 modo

532 4191 598 4248 de
617 4189 833 4264 gemina
861 4189 1054 4244 arbore
1075 4185 1205 4256 quid
1229 4183 1470 4241 deliras?
1487 4184 1570 4239 An
1602 4183 1742 4240 forte
1770 4194 1930 4256 putas
1955 4201 2112 4258 prac-

533 4279 914 4340 destinationis
941 4277 1344 4350 simplicitatem
1397 4277 1820 4348 comparandam
1867 4292 1992 4334 esse
2023 4292 2110 4334 ra-

533 4373 639 4428 ntis
681 4372 938 4428 arborum
963 4369 990 4424 i
1013 4368 1160 4426 Inter
1201 4365 1315 4433 illa,
1349 4376 1412 4422 ut
1439 4366 1614 4432 video,
1637 4367 1798 4433 dolia,
1825 4383 1968 4439 quae
2009 4367 2105 4424 tibi

532 4462 848 4536 praeparari
882 4461 1062 4532 jnbes,
1111 4457 1534 4530 iamiuvolntus
1562 4457 1864 4516 sull‘ocaris.
1917 4459 2110 4517 Merito

535 4551 734 4623 quippe
752 4549 808 4606 in
856 4549 978 4607 oleo
999 4557 1162 4619 atque
1186 4548 1307 4620 pice
1337 4547 1531 4604 ardere
1552 4546 1806 4612 debuisti,
1835 4548 1926 4620 qui
1952 4558 2009 4605 et
2036 4549 2116 4603 ln-

535 4657 661 4700 men
692 4640 964 4706 caritatis,
1006 4649 1061 4696 et
1083 4637 1944 4711 mysterium'praedesdnationis
1971 4637 2117 4696 ner-

533 4747 721 4808 peram
748 4732 945 4790 docere
971 4746 1077 4787 non
1105 4731 1332 4786 timuisti
1366 4743 1414 4784 ι.

1064 4864 1460 4924 CAPITIILUM
1497 4864 1588 4923 IV.

685 4979 760 5036 De
788 4996 917 5044 una,
948 4995 1090 5044 vero,
1120 4965 1334 5052 Solaque
1356 4978 1456 5035 Dei
1477 4979 1972 5052 praedestinatione.

611 5092 654 5154 Ι.
691 5091 1111 5163 Ilestatitaque,
1141 5092 1210 5148 de
1234 5107 1362 5158 una,
1389 5108 1537 5158 vera,
1569 5095 1792 5163 solaque
1823 5092 2122 5150 inconnnn-
2155 5167 2163 5170 _

2200 3183 2310 3236 tur.
2338 3183 2393 3232 et
2407 3177 2710 3246 perﬁcitur.

2268 3263 2348 3320 II.‘
2377 3265 2520 3321 llaec
2545 3265 2709 3338 igitur
2738 3253 2874 3321 nova
2895 3277 3041 3324 secta
3072 3267 3393 3342 Pelagianae
3421 3263 3688 3329 consentit
3729 3275 3781 3330 in

2199 3357 2447 3433 eo,qnod
2474 3358 2675 3412 donum
2703 3359 2911 3430 gratiae
2939 3363 3210 3432 gratuitae
3240 3363 3374 3418 nihil
3417 3363 3622 3420 homini
3657 3383 3783 3436 pro-

2200 3448 2359 3504 desse
2379 3449 2655 3504 asseritad
2682 3449 2982 3508 faciendam
3007 3451 3296 3520 justitiam,
3322 3457 3420 3510 sed
3433 3456 3603 3510 solam
3627 3471 3784 3526 prae.

2202 3539 2580 3596 dominationis
2607 3541 3019 3608 ueressitatcm;
3061 3545 3131 3597 ab
3169 3560 3230 3598 ea
3266 3559 3393 3599 vero
3416 3546 3664 3602 dissentit
3693 3560 3784 3611 1-0,

2201 3632 2346 3702 quod
2370 3631 2512 3688 vires
2550 3629 2704 3686 liberi
2744 3630 2953 3687 arbitrii
3005 3634 3222 3702 penitus
3250 3633 3555 3694 evacuavit.
3613 3621 3784 3704 neque

2203 3725 2270 3779 ad
2293 3721 2428 3780 bene
2455 3722 2654 3791 facere,
2681 3739 2857 3796 neque
2879 3727 2944 3780 ad
2972 3727 3107 3782 mala
3131 3729 3474 3784 committere
3509 3729 3535 3762 '
3563 3745 3790 3802 praeva-

2203 3813 2561 3880 Iere,-oninia
2615 3818 2752 3873 haec
2804 3819 2857 3872 in
2891 3818 3216 3875 neceséitate
3275 3819 3788 3890 pratulestinationis

2205 3906 2667 3976 impudentissime
2685 3908 2726 3942 "
2743 3910 3006 3980 ponendo.
3024 3909 3126 3965 Ast
3153 3910 3310 3974 ineo,
3330 3911 3473 3982 quod
3488 3909 3784 3981 appetitum

2206 3995 2361 4054 liberi
2387 3999 2598 4054 arbitrii
2661 3999 2870 4056 laborat
2923 4001 3162 4061 auferre,
3191 4003 3602 4056 adversantibus
3633 4001 3784 4081 l’ela-

2207 4089 2400 4161 gianae
2451 4077 2751 4146 “videtur-
2785 4094 3114 4154 consentire,
3164 4093 3251 4148 cui
3303 4093 3496 4148 ile't‘nnt
3547 4077 3790 4154 resultat,

2208 4170 2336 4237 dunt
2385 4182 2522 4238 dona
2582 4183 2796 4238 divinae
2826 4185 3034 4256 gratiae
3087 4185 3218 4240 nihil
3277 4187 3479 4240 homini
3527 4189 3790 4256 prolicere

2207 4273 2572 4328 commendat.
2604 4271 2788 4344 Neque
2808 4275 2952 4330 enim
2976 4277 3112 4331 dona
3140 4284 3286 4343 sunt,
3313 4291 3454 4348 quae
3477 4293 3578 4332 non
3606 4278 3794 4334 volun-

2215 4370 2347 4425 tate,
2376 4364 2472 4418 sed
2500 4366 2823 4421 necessitate
2841 4368 2972 4420 linnt
2991 4407 3006 4432 ,
3035 4383 3159 4422 cuin
3178 4369 3432 4424 omnibus
3463 4369 3796 4440 sapientibus

2216 4461 2271 4506 ct
2294 4451 2668 4520 insipientibus
2694 4455 3034 4512 notissimum
3059 4457 3148 4519 sit,
3174 4457 3382 4523 omnia,
3412 4475 3554 4530 quae
3591 4460 3794 4517 donan-

2220 4551 2326 4607 tur,
2361 4551 2417 4601 et
2447 4543 2726 4600 voluntate
2753 4546 3008 4602 donantis
3035 4547 3240 4618 largiri,
3263 4561 3318 4605 et
3350 4552 3625 4611 voluntate
3657 4553 3796 4607 acci-

2218 4633 2414 4702 pientis
2443 4634 2666 4705 pt'reipi.
2697 4635 2986 4708 Proprium
3019 4655 3148 4697 vero
3179 4639 3339 4710 hujus
3363 4643 3668 4707 haereseos,
3690 4659 3795 4714 quo

2218 4723 2386 4794 ipsae.
2436 4725 2579 4780 inter
2627 4742 2765 4796 quas
2813 4730 3122 4786 medietatis
3168 4731 3286 4786 loco
3330 4732 3566 4801 ponitur,
3612 4749 3799 4788 carere

2219 4819 2532 4888 probantur.
2566 4818 2852 4892 Pelagiana
2895 4824 3039 4878 enim
3093 4824 3236 4879 vires
3264 4825 3415 4881 liberi
3445 4825 3656 4881 arbitrii
3683 4825 3800 4884 sine

2223 4909 2489 4980 adjutorio
2514 4911 2728 4966 divinae
2747 4914 2972 4982 gratiae,
3002 4917 3118 4986 ejus
3139 4931 3267 4970 vero
3289 4917 3582 4973 :nlvcrsaus
3602 4917 3799 4972 ilonutn

2223 5005 2563 5061 solummodo
2615 5009 2822 5078 gratiae
2849 4991 3052 5080 absque
3113 5008 3263 5064 liberi
3307 5010 3516 5064 arbitrii
3567 5010 3683 5064 nisu
3733 5010 3800 5063 ad

2219 5095 2485 5164 juSIitiant
2517 5101 2930 5169 perpetrandum
2960 5100 3206 5156 sulIlccrc
3237 5099 3548 5156 atbitrat‘ur.
3585 5100 3688 5155 Sed
3712 5114 3778 5155 ea

1795 5226 2045 5282 VARIAE
2087 5227 2212 5284 ωςιι
2229 5227 2488 5283 ΙΊυΝΕὸ.

621 5353 637 5375 ⁸
676 5311 804 5399 God.
843 5341 1082 5411 reliquid.
1159 5342 1178 5373 ⁸
1217 5339 1346 5396 Cod.
1381 5358 1597 5411 pusum.
1674 5341 1696 5374 ³
1735 5340 1865 5396 Cod.
1893 5355 2101 5411 quiesse.
2159 5344 2204 5411 Af
2237 5339 2368 5396 Cod.
2393 5349 2662 5411 quattuor.
2744 5340 2764 5371 ’
2804 5339 2894 5395 Sic
2922 5343 3062 5406 rod,
3097 5341 3163 5396 Μ.
3189 5343 3394 5398 annuli.
3471 5341 3492 5374 ⁸
3527 5341 3656 5398 Cod.
3682 5357 3804 5396 ron-

550 5411 779 5500 ponititr,
806 5405 1125 5495 sicubique.
1201 5405 1832 5500 τεοόζίιίςοεψηρωῡίςὶ,
1860 5405 1938 5492 sic
1968 5405 2080 5466 fcre
2118 5407 2329 5482 ubique.
2406 5409 2428 5442 ⁸
2462 5407 2594 5464 liud.
2658 5414 2914 5466 παιδιώδει.
2989 5411 3011 5444 ⁸
3051 5411 3180 5471 Cod.
3225 5415 3512 5468 remittere.
3594 5412 3637 5446 ¹⁰
3669 5413 3803 5468 Cod.
3850 5491 3866 5500 _

550 5481 993 5552 impudentissime,
1025 5481 1103 5538 sic
1127 5499 1362 5551 semper.
1444 5482 1484 5513 “
1523 5481 1657 5537 Cod.
1707 5483 1998 5550 pelaginae.

2036 5566 2217 5626 NOTA
2229 5572 2266 5626 E
2277 5611 2292 5624 .

869 5599 876 5602 ·
2036 5572 2265 5628 NOTAE

622 5677 643 5705 ⁴
687 5665 761 5722 De
799 5676 1054 5736 quattuor
1101 5663 1256 5720 doliis
1307 5665 1379 5718 cf.
1420 5659 1662 5721 Confessi.
1694 5661 1970 5735 prolixior.
2008 5662 2254 5720 Gotesc.~
