4236 6072
526 155 623 214 371

1887 152 2173 213 JOANNIS
2207 152 2402 211 SCOTl

3618 206 3623 211 ,
3676 151 3783 213 επ

502 286 646 333 ,ruiu
670 271 815 325 ttulla
844 269 1203 349 praesumpsit
1234 260 1975 345 dicere,praedestinationis
1998 284 2097 323 ne-
2125 272 2173 329 Α
2202 266 2377 323 libero
2406 267 2682 323 contendit
2707 267 2958 334 arbitrio,
2985 269 3153 325 altera
3179 269 3421 341 gratiae;
3447 268 3622 326 baec'
3652 283 3784 326 vero
3812 285 3816 287 λ

526 364 832 422 cessitatem
859 362 1105 419 homines
1124 371 1216 416 aut
1242 363 1312 417 ab
1338 362 1476 417 bene
1510 361 1791 416 vivendum
1816 363 1983 433 juSte,
2013 369 2108 415 aut

526 455 595 508 ad
627 452 766 510 male
796 454 1083 509 vivendum
1106 454 1269 523 impie
1297 439 1631 523 retorquere.
1656 453 2000 523 Relinquitur
2020 469 2107 507 er-

527 560 595 614 go
611 544 724 613 ipsa
748 560 881 600 vana
901 543 1410 614 praedestinationis
1428 545 1725 601 necessitas
1740 545 1900 617 hujus
1917 533 2119 600 tertiae

526 627 767 690 haeresis
789 635 1110 705 proprietas.

596 724 680 779 Ill.
723 725 829 781 Sed
856 725 991 792 haec
1014 726 1194 781 omnia
1209 740 1479 781 venenosa
1504 725 1799 782 diabolicae
1815 725 2111 797 impietatis

517 811 699 885 iacula
724 817 948 873 munitis
977 818 1404 890 itteXpugnabilis
1432 818 1552 873 Fidei
1583 818 2000 889 propugnaculis
2027 817 2109 873 Ωιι-

521 907 734 964 cillime’
770 907 1116 978 repelluntur.
1149 908 1237 963 illa
1268 908 1434 978 igitur
1458 900 1690 967 rationis
1734 909 1937 979 specie,
1966 923 2111 980 quae

466 1059 470 1063 ,
524 999 730 1054 dicitur
775 999 1119 1073 inpium-m5
1150 1011 1390 1064 utamur,
1435 1001 1669 1072 primum
1705 1002 1964 1058 adversus
1985 1015 2104 1067 eos,

520 1088 615 1159 qui
662 1090 744 1145 vel
770 1098 1001 1163 negant,:
1033 1089 1135 1146 vel
1167 1091 1433 1154 dubitant,
1464 1092 1697 1164 gratiam
1744 1091 1839 1147 Dei
1867 1105 2005 1155 esse,
2049 1099 2121 1148 et-

518 1181 586 1234 ad
633 1179 815 1234 mundi
868 1179 1096 1235 salutem
1138 1182 1474 1251 praevalere;
1529 1200 1636 1239 nou
1668 1183 1811 1254 quod
1858 1193 2115 1238 nostrum

516 1274 853 1344 propositum
894 1273 984 1340 sit,
1014 1273 1284 1331 debellare
1325 1274 1661 1348 Pelagianos,
1700 1272 2005 1332 aut-eorum
2028 1264 2111 1331 ex-

517 1366 742 1422 adversa
771 1362 955 1436 parte,
986 1367 1103 1436 pari
1130 1379 1311 1428 tamen
1361 1369 1563 1424 malitia
1588 1368 1912 1435 contrarios,
1957 1370 2102 1441 quod

517 1461 651 1517 satis
680 1478 708 1515 a
763 1462 972 1519 Sanctis
992 1461 1243 1522 Patribus
1267 1474 1352 1520 cst
1376 1476 1577 1528 actum,
1631 1466 1726 1522 sed
1770 1466 1912 1538 quod
1941 1465 2109 1538 hujus

518 1551 781 1619 haeresis,
817 1552 884 1607 de
918 1568 1022 1623 qua
1071 1570 1215 1610 nunc
1261 1555 1461 1626 agitur,
1493 1557 1566 1612 sit
1593 1556 1840 1631 depulsio
1860 1558 2109 1630 ipsarum

517 1643 744 1699 duarum
773 1646 1045 1703 refutatio.
1079 1646 1153 1702 Ex
1187 1649 1267 1703 eis
1287 1650 1430 1705 enim
1462 1665 1681 1706 manare
1734 1668 1842 1707 non
1877 1650 2114 1713 dubium

515 1746 617 1791 est.
642 1734 743 1803 Qui
760 1753 890 1808 ergo
914 1752 1019 1793 non
1043 1732 1268 1807 possunt
1287 1738 1471 1796 videre
1494 1741 1586 1796 Dei
1608 1742 1859 1813 gratiam,
1881 1742 2100 1799 videant

517 1827 701 1881 mutuli
724 1827 975 1884 salutem.
1023 1828 1139 1884 Non
1170 1830 1313 1887 enim
1340 1831 1499 1887 simul
1527 1843 1751 1902 possunt
1776 1850 1918 1900 esse,
1947 1835 2099 1892 salus

516 1917 704 1971 mundi
733 1926 844 1981 est,
873 1927 928 1971 et
961 1919 1130 1990 gratia
1163 1912 1261 1975 D'ei
1291 1938 1397 1977 nou
1422 1931 1523 1978 est.
1553 1923 1617 1979 Si
1633 1924 1776 1979 enim
1804 1927 1983 1997 gratia
2002 1926 2097 1982 Dei

517 2007 749 2063 mundus
778 2025 886 2065 non
917 2010 1257 2075 liberaretur,
1295 2015 1567 2084 quomodo
1591 2015 1738 2073 salus
1757 2005 2099 2089 ejus'seque-

517 2102 706 2156 retur?
736 2101 908 2158 Simul
934 2112 1114 2160 autem
1138 2120 1263 2163 esse
1286 2117 1509 2177 possnnt
1532 2120 1588 2164 et
1614 2108 1759 2165 salus
1800 2111 2005 2177 mundi,
2041 2121 2099 2167 et

486 2192 687 2264 -gratia
715 2192 828 2249 Dei.
859 2192 916 2251 Si
940 2196 1383 2268 igiturest‘salus
1416 2199 1621 2265 mundi,
1657 2201 1968 2276 necessario
1993 2201 2098 2257 erit

512 2281 688 2353 gratia
744 2283 859 2340 Dei.
919 2284 1258 2345 Firmissitue
1301 2294 1483 2345 autem
1536 2300 1798 2357 tenemus,
1868 2292 2099 2349 salutem

515 2376 702 2431 mundi
733 2377 964 2461 venisse.
988 2378 1307 2437 Certissituc
1337 2382 1505 2455 igitur
1533 2392 1834 2450 teneamus,
1864 2388 2097 2457 gratiam

518 2468 615 2523 Dei
648 2469 907 2528 illuxisse.
946 2472 1185 2530 Audiant
1221 2478 1539 2548 Apostolum
1564 2478 1873 2537 dicentem:
1910 2482 2100 2541 Illuxit

516 2563 652 2616 enim
678 2565 852 2633 gratia
878 2564 978 2621 Dei
1021 2578 1072 2620 ι.
1100 2567 1304 2624 Deinde
1339 2556 1444 2631 his,
1478 2571 1568 2641 qui
1598 2571 1827 2629 liberum
1854 2573 2103 2631 volunta-

520 2656 589 2708 tis
619 2655 888 2713 humanae
923 2658 1212 2715 arbitrium
1236 2660 1319 2716 vel
1339 2662 1554 2731 penitus
1592 2673 1809 2735 negant,
1837 2665 1920 2721 vel
1946 2666 2015 2722 de
2035 2684 2103 2725 eo

514 2745 787 2812 dubitant,
814 2747 1002 2805 eodem
1028 2749 1188 2806 modo
1207 2761 1291 2808 est
1310 2756 1766 2824 respondendum.
1791 2755 1849 2813 Si
1871 2757 2101 2818 liberum

523 2837 805 2894 arbitrium
840 2841 1066 2898 credere
1095 2858 1200 2899 non
1227 2846 1501 2914 poteritis,
1526 2846 1791 2918 judicium
1816 2852 2002 2909 mundi
2020 2853 2104 2910 l'u-

518 2935 701 2983 turunt
755 2940 879 2987 esse
918 2946 1030 2989 non
1071 2923 1310 2991 creditis.
1343 2934 1404 2994 Si
1429 2948 1608 2994 autem
1633 2938 1893 3009 judicium
1914 2946 2101 3002 mundi
2128 2976 2173 3036 ρ

518 3036 628 3075 non
655 3023 881 3093 potestis
902 3030 1123 3098 n‘egare’,
1153 3029 1420 3098 cogentini
1446 3029 1675 3087 liberum
1702 3031 1988 3091 arbitrium
2017 3037 2101 3093 fa-

518 3110 639 3165 teri.
694 3110 810 3167 Nnu
852 3115 999 3169 enim
1039 3114 1377 3185 etjudieium
1428 3121 1612 3177 mundi
1641 3122 1881 3182 l‘uturum
1907 3137 2009 3196 est,
2046 3139 2102 3187 et

507 3201 746 3259 l'herum
765 3206 1051 3263 arbitrium
1078 3227 1185 3266 non
1233 3222 1337 3267 est.
1369 3213 1511 3270 Haec
1537 3216 1738 3288 quippe
1766 3219 1925 3275 simul
1981 3222 2099 3289 ﬁeri

510 3309 617 3382 non
642 3305 880 3366 possunt.
913 3296 1046 3353 Nam
1068 3315 1173 3371 qua
1195 3302 1405 3372 jttstitia
1434 3305 1676 3363 futurum
1700 3315 1785 3366 est
1799 3311 2090 3382 judicium,

499 3381 549 3438 si
581 3397 685 3438 non
705 3392 789 3439 ρει
809 3382 1039 3442 liberum
1077 3389 1360 3463 arbitrium
1379 3392 1411 3475 !_
1449 3391 1622 3449 Simul
1649 3410 1775 3451 vero
1805 3381 1926 3454 lieni
1955 3381 2085 3472 pos;

503 3486 649 3543 aunt,
679 3485 735 3533 et
763 3479 990 3537 liberum
1011 3483 1295 3541 arbitrium
1330 3496 1433 3553 est,
1462 3499 1515 3545 et
1530 3489 1791 3560 judicium
1819 3490 2083 3555 futurum.

503 3566 561 3621 Si
593 3584 724 3641 ergo
752 3571 936 3626 mttndi
953 3571 1216 3643 judicium
1243 3586 1326 3632 est
1352 3575 1615 3644 futurum,
1647 3586 1954 3643 necessario
1981 3586 2088 3645 erit

504 3656 733 3713 liberum
780 3660 1072 3719 voluntatis
1131 3666 1440 3724 arbitrium.
1493 3670 1755 3728 Futurum
1786 3684 1971 3732 autem
2018 3678 2086 3734 de

506 3750 705 3806 mundo
722 3749 928 3818 justum
943 3751 1206 3822 judicium
1233 3758 1455 3830 impium
1479 3772 1563 3819 est
1584 3757 1803 3836 negare.
1829 3766 2083 3825 Liberum

502 3851 632 3907 ergo
655 3836 941 3898 arbitrium
965 3846 1173 3903 homini
1196 3865 1229 3904 a
1391 3850 1575 3907 datum
1614 3855 1836 3926 impium
1865 3866 1950 3914 cst
1976 3866 2086 3915 non

504 3927 743 3986 credere.
784 3931 1109 3991 Conclusam
1136 3947 1221 3993 cst
1250 3939 1438 4011 igitur,
1470 3954 1524 3998 et
1577 3943 1809 4000 liberum
1852 3948 2088 4005 hominis

502 4018 627 4076 esse
653 4022 957 4102 arbitrium,
981 4035 1037 4081 et
1074 4029 1286 4101 gratiae
1314 4031 1537 4098 donum,
1581 4050 1649 4090 ex
1675 4052 1742 4092 eo
1770 4039 1915 4107 quod
1958 4055 2089 4096 con-

503 4130 716 4170 cessum
732 4128 844 4182 est,
871 4128 929 4173 et
976 4118 1203 4176 salutem
1251 4124 1437 4179 mundi
1466 4126 1790 4193 venisse,'et
1820 4128 2085 4198 judicium

501 4222 623 4266 esse
643 4208 907 4265 futurum.
938 4210 1040 4268 Via
1068 4212 1237 4285 igitur
1272 4216 1419 4287 regia
1461 4219 1837 4288 gradientium,
1891 4236 1994 4279 nec
2018 4223 2086 4278 ad

2205 368 2259 414 ct
2273 357 2500 414 liberum
2514 360 2797 415 arbitrium
2813 360 2992 425 simul,
3005 370 3062 415 et
3074 362 3278 433 gratiae
3295 374 3491 417 munus
3501 358 3787 417 destruere

2205 447 2456 514 molitur,
2471 464 2537 505 ac
2555 464 2654 520 per
2675 451 2807 505 haec
2828 460 3228 521 consequenter
3254 451 3504 507 etmumli
3530 448 3781 516 salutem,

2205 548 2261 595 et
2279 540 2563 611 judicium.
2592 539 2728 595 linit:
2750 555 2881 611 ergo
2918 541 3189 597 resistitur
3213 541 3302 596 tali
3332 542 3509 618 modo.
3546 541 3646 609 Qui
3674 553 3793 595 non

2205 641 2384 703 potest
2408 624 2618 697 videre,
2643 631 2807 686 immo
2826 632 2920 702 qui
2944 646 3051 687 non
3088 632 3202 686 vult
3227 630 3409 697 fateri,
3453 630 3652 686 nullam
3699 629 3757 685 iu

2205 722 2518 785 evitabilem
2559 721 3038 805 compellentemve
3079 722 3456 779 necessitatem
3491 721 3669 777 inesse
3695 720 3788 775 di-

2204 815 2363 871 vinae
2389 815 2889 886 praedestinatioui,
2916 830 3056 886 quae
3069 816 3155 872 vel
3174 832 3295 874 eam
3312 824 3487 888 cogat.
3512 815 3795 886 utaliquid;

2204 906 2274 963 in'
2304 918 2555 963 creatura
2596 922 2693 962 sua
2723 906 2910 973 faciat,
2943 922 3123 978 neque
3157 922 3280 962 eam
3305 908 3476 979 ipsam
3505 919 3627 963 esse
3657 921 3786 962 eau-

2204 1014 2325 1055 sam
2366 999 2753 1067 necessarium,
2778 1014 2919 1072 quae
2940 998 3204 1059 violenter
3228 1006 3418 1071 ungeat
3467 999 3787 1054 rationalem

2200 1090 2391 1156 vitam,
2420 1102 2480 1145 ut
2503 1090 2584 1146 vel
2615 1091 2702 1162 pic
2725 1092 2957 1148 vivendo
2978 1089 3091 1147 Deo
3119 1106 3218 1146 suo
3237 1090 3554 1154 adhaereat,
3573 1089 3660 1144 vel
3685 1089 3788 1144 im-

2200 1183 2291 1252 pie
2316 1181 2483 1237 Deum
2515 1196 2671 1236 suum
2705 1181 2942 1248 deserat,
2995 1182 3178 1237 videat
3219 1181 3451 1249 liberum
3497 1180 3789 1236 voluntatis

2201 1275 2489 1330 arbitrium
2503 1286 2558 1329 ct
2585 1290 2809 1331 tnunera
2834 1273 3060 1343 gratiae.
3082 1272 3199 1331 Non
3222 1274 3365 1329 enim
3391 1272 3548 1328 simul
3566 1281 3790 1343 possunt

2200 1382 2345 1433 esse,
2376 1377 2435 1447 ut
2456 1375 2513 1423 et
2534 1367 2764 1425 liberum
2794 1365 3080 1428 arbitrium
3109 1364 3425 1438 gratiaeque
3453 1364 3663 1419 donum
3682 1364 3792 1419 sint

2200 1458 2360 1517 simul
2388 1459 2752 1516 etneeessitas
2763 1455 3580 1531 praedestinationis.Quommlo
3591 1455 3791 1527 quippe

2201 1558 2427 1621 possunt
2453 1551 2475 1582 δ
2517 1550 2634 1627 Πειῇ
2662 1550 2718 1605 in
2742 1563 2851 1604 uno
2878 1558 2935 1603 et
2967 1562 3130 1605 causa
3153 1546 3461 1603 necessaria
3487 1560 3706 1615 cogens,
3734 1552 3796 1600 et

2203 1638 2505 1694 voluntaria
2525 1637 2806 1694 etlicieus?
2833 1636 2949 1693 Non
2972 1636 3118 1692 enim
3151 1635 3329 1693 locum
3359 1635 3524 1692 habet
3553 1645 3645 1693 aut
3667 1649 3792 1707 gra-

2200 1729 2326 1794 tiae,
2356 1736 2451 1783 aut
2481 1729 2776 1784 voluntatis
2803 1726 3049 1792 libertas,
3075 1717 3273 1781 uhi'est
3290 1733 3521 1781 naturae
3537 1723 3792 1779 immuta-

2197 1823 2323 1879 bilis
2345 1822 2653 1900 captivitas.
2703 1819 2878 1878 Simul
2906 1828 3089 1875 autem
3117 1817 3234 1874 ﬁeri
3258 1808 3508 1889 pbssunt,
3534 1823 3597 1870 ut
3634 1823 3690 1871 et
3718 1813 3788 1869 li-

2197 1914 2388 1969 berum
2418 1912 2705 1968 arbitrium
2720 1926 2844 1967 cum
2874 1909 3014 1965 dono
3035 1907 3244 1982 gratiae
3260 1908 3463 1974 sint,et
3486 1904 3789 1977 praedesti-

2198 2004 2432 2060 nationis
2457 2003 2758 2060 necessitas
2786 2016 2894 2057 non
2925 2000 3030 2067 sit;
3061 1996 3241 2055 aufert
3261 1996 3408 2054 enim
3442 1997 3605 2069 plane
3623 1995 3790 2053 liber-

2199 2076 2723 2167 tas‘captivilatcm.
2793 2092 2853 2149 Si
2904 2106 3082 2164 ergo,
3143 2091 3239 2147 ubi
3290 2089 3516 2146 libertas
3574 2087 3790 2144 arbitrii

2197 2206 2321 2245 cum
2366 2192 2508 2244 dono
2566 2186 2777 2259 gratiae
2820 2194 2972 2251 sunt,
3016 2183 3088 2241 ibi
3132 2181 3641 2256 praedestinationis
3697 2194 3793 2243 με·
3870 2172 3877 2179 ’

2198 2278 2427 2335 cessitas
2470 2290 2723 2334 essenon
2768 2282 2971 2349 potest,
3026 2272 3332 2331 conversion
3376 2270 3648 2343 sequitur,
3695 2268 3788 2327 ubi

2197 2368 2705 2443 praedestinationis
2747 2368 3052 2423 necessitas
3102 2374 3207 2433 est,
3258 2365 3334 2422 ibi
3399 2379 3505 2421 nec
3557 2364 3789 2420 liberum

2199 2460 2505 2524 arbitrimn,
2521 2474 2617 2514 nec
2636 2458 2846 2531 gratiae
2872 2464 3054 2528 potest
3076 2471 3199 2531 esse
3223 2454 3448 2520 donum.
3466 2453 3790 2510 [lectissime

2200 2556 2380 2607 autem
2410 2552 2702 2614 credimus,
2723 2557 2776 2607 et
2805 2548 3136 2607 lucidissime
3165 2548 3457 2615 sentimus,
3479 2556 3535 2603 et
3558 2534 3787 2613 liberum

2201 2640 2507 2705 arbitrium,
2533 2650 2591 2696 et
2615 2639 2824 2710 gratiae
2850 2639 3052 2695 donum
3096 2639 3152 2694 in
3194 2638 3413 2696 homine
3447 2653 3609 2710 posse
3645 2649 3785 2693 esse.

2186 2732 2541 2789 .Firniissimc
2563 2731 2728 2805 igitur
2745 2730 3127 2804 intelligamus,
3152 2728 3603 2787 necessitudinem
3630 2742 3788 2799 prac-

2202 2824 2579 2881 destiuationis
2598 2824 2651 2879 in
2681 2822 2901 2879 homine
2934 2837 3042 2882 non
3064 2836 3225 2893 posse
3252 2836 3393 2878 esse.
3431 2819 3593 2877 Omni
3636 2835 3788 2876 nam-

2204 2932 2308 2987 que
2338 2915 2541 2984 homini
2575 2915 2796 2971 libcrtas
2819 2915 2943 2971 data
2992 2923 3078 2970 est
3102 2914 3353 2985 propriae
3375 2912 3668 2969 voluntatis
3684 2926 3786 2982 ge-

2203 3015 2478 3079 neraliter,
2507 3008 2603 3068 sed
2624 3028 2730 3068 non
2769 3012 2824 3067 in
2854 3011 3126 3077 oumibus,
3157 3010 3253 3067 sed
3288 3018 3493 3064 tantum
3524 3007 3579 3063 in
3626 3020 3787 3078 prae-

2199 3106 2485 3162 destinatis
2510 3104 2651 3160 dono
2663 3099 2871 3176 gratiae
2883 3109 3260 3174 praeparatur,
3277 3097 3583 3169 adiuvatur.
3607 3105 3788 3152 custo-

2198 3200 2364 3263 ditur,
2389 3198 2596 3264 iiuitur,
2627 3205 2942 3253 coronatur.
2973 3197 3031 3250 ιη
3056 3195 3203 3250 nullo
3237 3202 3417 3250 autem
3458 3191 3787 3262 generaliter

2196 3291 2374 3348 divina
2431 3290 2924 3361 praedesliustionc
2972 3297 3241 3360 urgetur,
3301 3285 3638 3357 captivatur,
3688 3281 3785 3337 sed

2193 3391 2421 3455 peccato
2446 3393 2504 3438 et
2531 3381 2782 3454 originali
2830 3390 2889 3435 et
2933 3381 3151 3452 proprio
3191 3379 3502 3450 impeditur,
3548 3374 3781 3440 occulto,

2181 3474 2331 3542 )usto
2358 3486 2539 3526 tamen
2573 3470 2666 3526 Dei
2696 3468 2921 3539 judicio.

2261 3579 2326 3638 Υ.
2360 3582 2615 3645 Pmimle,
2642 3591 2702 3636 ut
2728 3580 2796 3636 ad
2824 3593 3008 3634 veram
3061 3574 3612 3650 praedestinationem
3655 3575 3781 3627 red-

2187 3692 2376 3731 eamus
2396 3674 2438 3740 ³,
2460 3674 2600 3730 duce
2619 3672 2732 3744 ipsa
2774 3669 3082 3726 ﬁrmissime
3101 3668 3393 3731 credimus,
3415 3661 3781 3736 apertissime.

2188 3783 2295 3838 que
2322 3767 2589 3830 videmus,
2616 3780 2737 3821 eam
2767 3778 2891 3820 esse
2940 3777 3103 3819 uuam
3138 3759 3419 3828 solamque
3441 3754 3775 3836 substantia-

2190 3860 2317 3913 lem.
2353 3859 2492 3912 Deus
2521 3866 2604 3912 est
2625 3856 2771 3911 enim
2802 3868 2984 3916 verus,
3033 3867 3161 3907 vera
3191 3851 3287 3911 Dei
3330 3844 3774 3919 praedestinatio,

2189 3965 2329 4021 quae
2358 3957 2648 4017 antequam
2674 3944 3092 4007 omnia’tierent,
3140 3957 3280 4012 quae
3309 3940 3381 3995 ab
3410 3939 3552 4011 ipsa,
3597 3946 3653 3992 et
3681 3950 3779 4007 per

2192 4033 2385 4115 ipsam,
2409 4042 2539 4097 etin
2584 4040 2696 4110 ipsa
2728 4038 2869 4095 facta
2900 4047 3044 4099 sunt,
3078 4039 3131 4090 in
3161 4050 3415 4091 mensura
3446 4042 3501 4091 et
3551 4044 3777 4086 numero

2189 4146 2243 4191 et
2274 4135 2509 4206 pondere
2542 4128 2785 4184 facienda
2833 4125 3121 4199 praevidit,
3151 4136 3205 4179 et
3244 4122 3454 4179 factura
3488 4119 3773 4192 disposuit.

2188 4230 2282 4289 Est
2306 4226 2450 4281 enim
2490 4224 2733 4281 omnium
2766 4231 3136 4277 creaturarum
3164 4231 3329 4272 causa
3368 4212 3695 4277 voluntaria,
3718 4220 3776 4266 et

503 4302 809 4364 (texturam,
839 4318 939 4359 nec
978 4305 1047 4359 ad
1071 4303 1348 4361 sinistram
1403 4307 1797 4374 divertendum,
1847 4314 1951 4369 hoc
1979 4324 2082 4381 est,
2113 4331 2163 4391 ι)
2190 4323 2439 4377 volumus
2466 4318 2763 4375 causativa.
2793 4317 3091 4386 lutet-quas
3120 4312 3435 4367 rationalem
3466 4298 3775 4365 creaturam

502 4408 574 4450 ne
622 4392 700 4448 sie
748 4391 1072 4451 defendatur
1113 4396 1343 4453 liberum
1402 4400 1711 4465 arbitrium,
1762 4414 1822 4458 ut
1868 4405 1916 4460 ci
1942 4404 2082 4462 bona

503 4499 667 4554 opera
694 4487 812 4541 sine
833 4488 925 4542 Dei
959 4489 1133 4560 gratia
1166 4488 1493 4557 tribuantur,
1533 4507 1634 4549 nec
1657 4493 1737 4548 sic
1766 4495 2087 4553 defendatur

504 4579 701 4650 gratia,
734 4590 793 4633 ut
817 4580 970 4649 quasi
993 4582 1059 4636 dc
1089 4581 1177 4635 illa
1209 4582 1384 4637 securi
1415 4583 1554 4638 mala
1576 4591 1746 4656 opera
1770 4587 2089 4659 diligantur.

577 4671 662 4725 iV.
697 4672 831 4726 lluie
855 4687 982 4729 vero
1001 4674 1189 4729 tertiae
1210 4673 1446 4740 haeresi,
1472 4690 1633 4745 quam
1649 4693 1899 4749 perversa
1924 4679 2087 4735 Gete-

505 4762 670 4841 scalci
700 4763 952 4834 cogitatio
1006 4763 1302 4834 inspirante
1332 4766 1544 4822 diabolo
1596 4768 1821 4833 addidit,
1864 4786 2082 4840 respon-

507 4855 765 4907 deudtnn.
815 4854 948 4908 Mira
990 4854 1253 4925 siquidem
1288 4856 1551 4913 diabolica
1598 4860 1889 4916 subtilitate
1922 4862 2035 4934 [ex]
2065 4863 2081 4895 ¹

506 4944 716 5001 duabus
729 4946 1015 5013 praedictis
1030 4946 1339 5002 haeresibus
1361 4963 1580 5003 manare
1610 4966 1713 5005 non
1737 4963 1819 5006 est
1840 4953 2083 5019 dubium,

510 5035 635 5087 dum
681 5052 866 5089 earum
910 5026 1153 5091 videatur
1198 5037 1391 5109 partim
1419 5054 1539 5094 esse
1571 5042 1836 5112 negativa,
1886 5047 2082 5115 partim

510 5126 814 5181 rmafessiva
849 5129 889 5179 ¹.
946 5128 1158 5183 Illarum
1208 5144 1458 5200 namque,
1503 5142 1561 5186 ut
1598 5134 1800 5190 dictum
1836 5149 1941 5201 est,
1977 5156 2079 5195 una

2187 4411 2429 4468 condidit
2460 4410 2482 4440 ‘
2509 4406 2576 4463 ad
2615 4423 2674 4464 se
2729 4405 3151 4478 intelligendam,
3177 4413 3237 4456 ut
3262 4415 3475 4457 summo
3504 4401 3586 4456 sui
3610 4401 3775 4464 bono,

2188 4504 2293 4560 hoc
2319 4513 2421 4567 cst,
2470 4498 2928 4569 contemplatione
2968 4495 3249 4551 creatriris
3275 4508 3407 4549 suae
3441 4492 3543 4548 l'rui
3571 4502 3774 4562 posset,

2186 4592 2425 4663 largiens
2453 4591 2503 4646 ei
2533 4604 2690 4644 suum
2725 4588 2948 4652 donum,
2993 4585 3044 4640 id
3064 4584 3281 4655 quidem
3327 4598 3458 4638 suae
3485 4581 3780 4638 voluntatis

2187 4681 2417 4736 liberum
2434 4679 2739 4741 arbitrium,
2759 4690 2814 4737 ut
2831 4693 2897 4733 eo
2918 4691 3140 4731 munere
3154 4676 3291 4731 bene
3310 4675 3532 4738 utendo,
3552 4673 3653 4728 hoc
3667 4682 3747 4728 est
3760 4715 3774 4739 ,

2190 4772 2469 4828 Creatoris
2495 4772 2581 4827 sui
2604 4780 2894 4842 praecepto
2921 4768 3008 4840 pie
3027 4766 3415 4835 humiliterque
3450 4763 3773 4827 ubediendo,

2183 4865 2332 4936 juste
2381 4875 2543 4936 atque
2589 4865 2747 4920 beate
2793 4876 3007 4931 semper
3059 4860 3287 4914 viveret.
3330 4856 3390 4912 Si
3421 4873 3551 4911 vero
3584 4857 3778 4911 eodem

2193 4973 2417 5013 munere
2446 4956 2582 5012 male
2613 4964 2878 5016 uteretur,
2917 4952 3058 5021 quod
3106 4958 3187 5004 est
3238 4963 3510 5003 summum
3550 4944 3777 5011 bonum,

2191 5050 2506 5104 Creatorem
2534 5046 2784 5102 videlicet
2812 5059 2968 5099 suum
2998 5042 3269 5099 deserere.
3309 5037 3779 5107 corruptibilibus-

2192 5153 2298 5210 que
2331 5138 2485 5192 bouis
2509 5135 2784 5190 voluntate
2821 5146 3074 5204 perversa
3120 5129 3427 5192 inhaerere,
3458 5127 3638 5183 debita
3671 5126 3780 5181 nti-

1753 5247 2006 5305 VABIAE
2040 5252 2441 5328 LECTIONES.
3053 5292 3084 5328 tt

586 5326 691 5378 ’92:
718 5342 824 5380 om.
860 5328 1003 5384 cod.
1030 5330 1151 5384 add.
1187 5328 1255 5384 Μ.

513 5397 612 5450 Cod
647 5438 656 5452 .
691 5397 759 5450 Μ.
804 5400 1030 5453 redeam.
1108 5400 1129 5432 ε
1166 5400 1255 5460 Sic
1291 5406 1436 5465 cod,
1492 5404 1561 5461 Μ.
1592 5397 1776 5463 (didm

586 5592 608 5618 ο
653 5581 757 5633 Tit.
795 5581 854 5648 ll,
885 5585 968 5637 tl.

1332 5334 1351 5363 2
1378 5333 1725 5411 ,C‘Jd;_"°”_fa
1746 5340 1885 5397 "sine.
1956 5354 1978 5384 ³
2025 5348 2180 5403 Carr.
2224 5345 2295 5400 bl.
2340 5323 2459 5402 eod.
2502 5343 2606 5398 hic.
2709 5340 2732 5374 ‘
2772 5338 2900 5406 Cod.
2926 5323 3150 5411 possint,
3176 5333 3244 5388 lll.
3285 5332 3483 5405 possint

3617 5333 3639 5365 '
3684 5331 3775 5390 Sic

2018 5505 2262 5564 NOTAE.

4166 968 4167 989 1

4166 1036 4167 1051 1

4166 1110 4167 1129 1

4166 1136 4167 1149 1

4166 1220 4167 1229 1

4166 1268 4167 1277 1

4166 1296 4167 1325 1

4166 1340 4167 1371 1

4166 1386 4167 1401 1

4166 1456 4167 1485 1

4166 1622 4167 1635 1

4166 1748 4167 1769 1

4165 2690 4167 2705 4

4166 2782 4167 2811 1

4166 2912 4167 2943 1

4166 2988 4167 3015 1
