4236 6072
1731 119 1780 151 ό]

523 232 631 304 3Ἱὸ

1897 217 2181 294 mmsis
2219 235 2415 292 scen

3671 237 3778 296 576

521 350 748 414 luxerit,
798 366 902 405 non
947 350 1124 406 solum
1174 363 1387 408 noctem
1433 362 1777 423 peccatorum
1835 354 2098 417 omnium,
2129 358 2176 416 Α
2203 365 2342 422 quae
2366 350 2563 417 fecisti,
2609 352 3050 420 meministi,nec
3075 363 3275 422 tamen,
3305 333 3442 428 quae
3462 355 3777 422 meministi.

524 453 821 508 comitique
870 450 1078 495 reatum
1134 441 1411 505 destruit,
1460 441 1553 498 sed
1619 441 1784 496 etiam
1853 442 2101 498 obtutum

517 530 773 589 infirmae
802 533 1092 588 voluntatis
1118 535 1360 590 sanando
1389 535 1578 604 aperit,
1602 544 1656 588 et
1683 535 1750 588 ad
1773 549 1832 589 se
1857 543 2100 590 eontem-

526 627 779 695 plaudum
802 625 956 683 bonis
977 625 1230 696 operibus
1251 627 1530 705 purgando
1554 625 1800 680 idoneam
1827 623 1971 680 facit.
1998 624 2105 679 Sed

521 713 632 785 jam
660 727 871 787 tempus
898 726 982 772 est
1009 717 1075 772 ad
1103 717 1437 788 propositum
1467 716 1659 772 redire.

1057 873 1452 930 CAPITULUM
1493 871 1557 928 V.

425 990 428 992 ⁷
519 985 602 1044 lle
636 1003 698 1044 eo
716 987 856 1056 quod
884 987 1227 1059 proﬁcientia
1251 1000 1297 1042 et
1339 989 1813 1059 praedestinatiune
1835 988 1932 1043 Dei
1955 1006 2103 1044 nemo

685 1105 690 1108 .
758 1058 1106 1129 compellitur,
1131 1075 1220 1112 seu
1248 1057 1374 1113 bene
1395 1075 1483 1113 seu
1506 1059 1644 1113 male
1673 1057 1864 1128 facere.

596 1174 640 1230 ι.
673 1167 824 1238 Quae
844 1184 968 1224 cunt
1001 1168 1074 1224 ita
1107 1167 1234 1233 sint,
1267 1169 1399 1224 ordo
1428 1183 1635 1232 rerum,
1670 1183 1806 1238 quas
1833 1183 2106 1240 exequen-

523 1262 626 1319 das
658 1275 778 1315 esse
819 1259 1122 1330 praesentis
1155 1254 1356 1315 causae
1385 1257 1592 1329 ﬂagitat
1634 1257 1859 1324 utilitas,
1911 1274 2106 1315 conse-

521 1367 754 1423 quenter
801 1351 1056 1424 postulat,
1094 1362 1174 1418 ut,
1224 1351 1476 1422 quoniam
1531 1352 1794 1408 malorum
1842 1352 2104 1419 omnium,

520 1463 753 1522 quorum
781 1444 923 1501 Deus
950 1455 1143 1502 auctor
1167 1460 1272 1501 non
1300 1455 1384 1501 est
1408 1486 1422 1510 ,
1451 1443 1569 1514 ejus
1597 1460 1810 1517 quoque
1855 1460 2106 1501 necessa—

522 1552 608 1592 rio
647 1535 948 1592 eﬂectivam
983 1551 1202 1592 causam
1233 1552 1337 1592 non
1367 1552 1487 1591 esse
1532 1537 2104 1606 praedestinatiouem,

523 1636 719 1711 aperte.
741 1626 964 1682 rationis
1012 1627 1230 1699 regulis,
1269 1637 1327 1681 ut
1364 1627 1558 1697 opinor
1581 1668 1597 1693 ,
1646 1625 1952 1682 confectum
1978 1666 1993 1690 ,
2036 1642 2103 1680 ex

2204 442 2386 495 omnia
2424 442 2623 505 fecisti,
2651 443 2726 496 ita
2767 443 2911 498 Deus
2939 443 3144 505 omnia.
3181 459 3410 516 quorum
3447 446 3563 518 ipse
3591 454 3781 505 auctor

2203 539 2307 594 est,
2331 532 2717 601 praescit.’ncc
2733 543 2910 588 tamen
2941 534 3201 599 omnium,
3227 552 3366 607 quae
3394 537 3647 606 praescit,
3665 537 3782 610 ipse

2205 634 2394 677 auctor
2420 632 2524 678 est.
2561 623 2800 690 Quorum
2830 634 3008 708 aptent
3047 640 3154 682 non
3191 635 3277 682 est
3305 628 3478 684 malus
3517 628 3539 661 ³
3569 640 3779 695 auctor,

2199 713 2380 784 justus
2408 724 2492 769 est
2515 715 2676 770 ultor.
2704 715 2839 771 Hinc
2863 732 2992 788 ergo
3013 716 3128 784 jam
3159 719 3418 792 intellige,
3449 735 3553 790 qua
3570 719 3783 789 iustitia

2205 805 2348 862 Deus
2393 818 2616 877 peccata
2656 797 2861 878 puniat,
2893 807 3041 880 quia,
3080 825 3222 880 quae
3243 813 3392 867 novit
3421 812 3622 876 futura,
3671 825 3782 870 non

2205 897 2352 953 facit.
2384 897 2516 953 Nam
2547 899 2591 954 si
2623 910 2906 970 propterea
2936 916 3041 956 non
3065 901 3223 957 debet
3258 902 3556 957 retribuere
3587 901 3781 981 suppli-

2204 991 2346 1044 cium
2401 991 2768 1060 peccantibus,
2811 993 2938 1061 quia
2993 993 3274 1064 praevidet
3316 1003 3655 1064 peceaturus,
3684 1008 3787 1056 nec

2207 1089 2353 1138 recte
2401 1081 2724 1138 facientibus
2751 1083 2908 1139 debet
2942 1085 3180 1156 praemia
3227 1087 3549 1152 retribuere,
3575 1084 3702 1155 quia
3726 1091 3791 1142 α

2205 1186 2352 1233 recte
2365 1176 2602 1235 facturos
2614 1178 2962 1236 nihilominus
2972 1180 3274 1253 praevidet,
3291 1180 3456 1236 immo
3470 1195 3600 1235 vero
3613 1178 3786 1234 fatea-

2205 1286 2349 1335 mur,
2401 1279 2457 1326 et
2491 1272 2559 1328 ad
2613 1272 3026 1342 praescientiam
3068 1273 3188 1345 ejus
3233 1273 3528 1343 pertinere,
3558 1287 3627 1328 ne
3653 1271 3785 1343 quid

2205 1375 2328 1415 eum
2357 1360 2521 1416 lateat
2546 1360 2867 1428 futurorum,
2901 1373 2956 1420 et
2984 1364 3051 1420 ad
3065 1365 3354 1436 justitiam,
3386 1373 3445 1419 ut
3479 1373 3780 1435 peccatum,

2204 1451 2332 1520 quia
2358 1449 2630 1507 voluntate
2655 1453 3032 1520 committitur,
3075 1455 3148 1510 ita
3180 1451 3386 1524 judicio
3414 1455 3531 1526 ejus
3568 1455 3784 1524 impune

2204 1558 2310 1597 non
2329 1542 2444 1610 flat,
2467 1543 2606 1604 sicut
2621 1547 2979 1616 praescientia
3005 1563 3113 1604 non
3135 1549 3347 1619 cogitur
3361 1548 3477 1605 fieri
3505 1561 3531 1590 α
3569 1568 3612 1603 ι.
3637 1547 3785 1616 Quae

2207 1651 2330 1692 cum
2357 1636 2433 1692 ita
2488 1651 2549 1693 se
2597 1638 2863 1704 habeant,
2912 1647 3122 1696 tantum
3154 1641 3309 1697 abest
3363 1657 3393 1696 a
3446 1655 3596 1704 vero,
3638 1639 3787 1710 quod

523 1705 883 1788 praesciuit-ia
918 1717 1008 1772 Dei
1039 1715 1346 1772 firmissima
1372 1732 1648 1772 sumamus
1673 1715 2014 1787 argumenta,
2041 1731 2104 1771 ea
2141 1705 2182 1762 Β
2209 1725 2455 1782 creatori
2486 1727 2788 1798 deputanda
2819 1725 3197 1785 e‘isiimanmr
3221 1738 3442 1801 peculia
3477 1705 3782 1794 ﬂeam-rae,

525 1807 735 1864 scilicet
783 1809 1132 1864 munstraturi
1182 1809 1358 1880 primo
1407 1823 1422 1862 :
1467 1807 1921 1880 quemadmodum
1951 1821 2105 1879 prae—

525 1901 870 1981 sctcntiaDei
909 1909 1150 1971 peccata,
1187 1916 1326 1971 quae
1350 1900 1583 1972 praescit
1604 1942 1618 1965 ,
1659 1899 1774 1955 fieri
1806 1915 1912 1955 non
1937 1899 2128 1970 cogit,

525 1995 601 2050 ita
630 1992 747 2062 eius
774 1995 1196 2064 praedestinatio
1220 2003 1464 2067 peccata,
1485 2011 1625 2065 quae
1645 2011 1918 2069 nunquam
1949 2009 2104 2066 prae-

525 2085 778 2147 destinat,
803 2086 935 2150 fieri
965 2101 1071 2140 non
1099 2085 1282 2141 ellicit.
1331 2083 1388 2141 Si
1431 2085 1575 2141 enim
1601 2086 1958 2158 praescientia
1999 2102 2106 2142 non

525 2178 726 2242 omnia,
745 2193 884 2249 quae
899 2178 1213 2249 praescivit,
1229 2178 1374 2244 fecit,
1391 2194 1498 2249 quo
1511 2187 1670 2249 pacto
1683 2178 2108 2248 praedestinatio

524 2272 735 2338 omnia,
759 2289 908 2343 quae
955 2288 1060 2329 non
1091 2273 1530 2343 praedestinavit,
1563 2272 1726 2328 eﬂicit
1747 2272 1772 2328 '.'
1795 2271 2110 2328 Praescien-

528 2364 602 2422 tia
672 2378 768 2420 sua
816 2364 956 2420 Deus
1001 2361 1283 2419 malefacta
1334 2363 1611 2419 hominum
1667 2363 1850 2421 futura
1898 2365 2110 2435 praevi-

526 2457 626 2521 dit,
659 2473 766 2513 non
812 2459 989 2512 tamen
1018 2469 1205 2512 eorum
1249 2465 1334 2512 est
1379 2456 1581 2524 factor;
1620 2458 2112 2528 praedestinatione

525 2562 625 2604 sua
665 2547 947 2606 malefacta
994 2549 1276 2604 hominum
1323 2547 1505 2605 futura
1554 2549 1796 2606 creditur
1820 2566 1926 2606 non
1956 2566 2112 2623 prae-

527 2638 830 2695 destinasse
861 2680 876 2707 ,
938 2641 1209 2710 quomodo
1255 2655 1388 2713 ergo
1435 2652 1656 2712 putatur
1701 2643 1916 2700 facere?
1971 2644 2112 2713 Quid

527 2733 712 2789 euim?
738 2730 992 2801 Nunquid
1023 2732 1290 2789 dementis
1319 2740 1402 2788 est
1431 2733 1630 2799 dicere,
1677 2732 1750 2798 id,
1797 2735 1940 2804 quod
1972 2734 2112 2790 Deus

528 2823 766 2897 praescit
810 2833 863 2879 et
887 2837 995 2879 non
1017 2821 1166 2888 facit,
1192 2823 1793 2894 praedestinationesua
1821 2823 1958 2890 fieri,
1989 2839 2112 2878 cum

529 2916 662 2974 illud
687 2931 792 2972 non
823 2913 1222 2986 praedestinat?
1247 2913 1303 2970 Si
1335 2913 1499 2986 igitur
1517 2923 1570 2969 et
1599 2914 1918 2971 auctoritate
1939 2915 2114 2972 credi-

531 3018 624 3078 tar
670 3007 728 3063 et
773 3007 981 3062 ratione
1031 3005 1245 3062 videtur
1308 3005 1449 3061 Deus
1497 3006 1676 3062 omnia
1703 3014 1924 3076 peccata
1956 3021 2114 3079 prae-

528 3101 720 3158 sciisse
745 3093 782 3166 ,⁷
808 3114 915 3158 non
961 3098 1158 3156 fecisse
1199 3130 1270 3140 —
1293 3100 1563 3169 quomodo
1590 3099 1733 3154 enim
1764 3109 1944 3170 potest
1988 3115 2111 3157 esse

531 3199 876 3264 peccatorum
920 3189 1128 3255 factor,
1154 3189 1248 3262 qui
1277 3199 1361 3246 est
1391 3205 1576 3246 eorum
1603 3199 1657 3246 et
1701 3193 2008 3248 destruetur
2055 3202 2111 3248 et

529 3283 713 3359 ultor?
747 3313 818 3324 -—
846 3281 1048 3338 nullum
1099 3290 1278 3337 autem
1333 3291 1608 3353 peccatum
1642 3285 2063 3354 praedestinavit
2095 3304 2108 3337 :

533 3391 640 3446 qua
676 3373 972 3445 impudenti
1000 3362 1264 3437 ’stnltitia,
1318 3373 1483 3427 inuno
1527 3375 1761 3443 nequitia
1792 3375 2113 3432 aestimatur

529 3452 1026 3542 praedestinatione
1051 3481 1148 3521 sua
1167 3480 1380 3536 cogere,
1414 3476 1472 3541 ut
1497 3467 1624 3531 sint,
1651 3483 1790 3538 quae
1817 3487 1920 3524 non
1953 3487 2110 3542 prae-

531 3560 841 3620 destinavit,
897 3573 1017 3612 cum
1068 3557 1255 3612 eadem
1307 3559 1662 3629 praescieutia
1715 3576 1810 3618 sua
1836 3562 1953 3620 ﬁeri
2003 3580 2111 3620 non

529 3653 697 3725 cogit,
730 3653 825 3707 sed
854 3651 1151 3720 permittit?

601 3746 662 3800 ll.
700 3745 919 3807 Deinde,
951 3741 994 3798 si
1025 3743 1317 3798 auctoritas
1333 3744 1629 3813 quaeritur,
1653 3762 1794 3819 quae
1808 3748 1972 3804 Deum
1996 3765 2112 3805 om-

529 3837 680 3894 nium
705 3835 998 3900 malorum,
1021 3849 1160 3903 quae
1176 3835 1321 3889 abeo
1345 3851 1448 3889 non
1473 3846 1616 3901 sunt,
1639 3852 1759 3893 esse
1781 3841 2110 3910 praescium,

531 3945 748 3984 causam
783 3942 909 3982 vero
939 3943 1127 3982 eorum
1151 3927 1474 3982 ellicientem
1521 3929 1764 3986 adstruat
1817 3949 1923 3988 non
1965 3949 2111 4000 esse,

529 4021 692 4076 unius
723 4019 898 4073 Patris
918 4011 1200 4088 Augustini
1229 4018 1373 4073 dicta
1397 4017 1674 4075 sufficiunt
1701 4037 1767 4076 ex
1787 4022 1926 4078 libro
1952 4025 2113 4078 tertio

529 4111 600 4166 de
646 4112 818 4166 libero
849 4109 1077 4164 arbitrio
1114 4126 1126 4162 :
1183 4129 1200 4160 ι
1243 4107 1356 4164 Nisi
1412 4109 1588 4176 fallor,
1620 4128 1724 4166 non
1769 4115 2027 4171 continuo
2058 4125 2112 4171 tu

529 4217 756 4276 peccare
788 4215 1032 4268 cogeres,
1059 4214 1222 4276 quem
1260 4211 1606 4268 peecaturmn
1647 4218 1768 4259 esse
1792 4207 2113 4275 praescir'es,

530 4275 706 4362 neque
748 4292 858 4361 ipsa
900 4275 1252 4359 praesciemia
1295 4301 1386 4345 tua
1433 4306 1661 4361 peccare
1710 4309 1832 4351 eum
1877 4306 2113 4368 cogeret,

2207 1816 2456 1887 quamvis
2471 1832 2692 1873 necesse
2717 1827 2798 1874 est
2819 1817 2970 1884 (iant,
2985 1834 3126 1890 quae
3143 1820 3256 1891 ipse
3269 1819 3446 1876 futura
3469 1819 3783 1891 praescivit.

2207 1916 2431 1972 ut,cum
2456 1916 2509 1962 tu
2536 1907 2760 1975 dixeris,
2783 1925 2889 1964 non
2919 1917 2973 1966 te
3000 1909 3265 1975 invenire,
3296 1910 3564 1980 quomodo
3596 1924 3702 1964 non
3733 1905 3806 1982 ei

2207 1997 2512 2069 deputetur,
2554 2001 2810 2072 quicquid
2860 2001 2912 2056 in
2953 2001 3072 2071 ejus
3105 2011 3353 2059 creatura
3389 2002 3504 2059 fieri
3557 2015 3820 2078 necesse

2207 2097 2312 2152 est,
2349 2103 2450 2159 ego
2472 2098 2659 2144 contra
2682 2106 2789 2146 non
2836 2089 3105 2146 inveniam
3135 2092 3378 2157 modum,
3411 2106 3588 2162 neque
3635 2091 3786 2148 inve-

2209 2179 2312 2234 niri
2343 2194 2523 2251 posse,
2557 2189 2718 2250 atque
2746 2181 2969 2236 omnino
3008 2196 3116 2236 non
3145 2195 3267 2238 esse
3313 2181 3652 2248 confirmem,
3677 2197 3786 2252 quo

2209 2272 2257 2326 ei
2287 2271 2592 2341 deputetur,
2630 2272 2889 2344 quicquid
2913 2273 2967 2328 in
2997 2272 3113 2341 ejus
3137 2283 3386 2329 creatura
3429 2274 3503 2328 ita
3543 2273 3658 2329 fieri
3692 2289 3786 2332 ne-

2210 2378 2361 2419 cesse
2387 2373 2492 2430 est,
2515 2374 2572 2418 ut
2595 2364 2868 2422 voluntate
2897 2365 3241 2436 peccantium
3284 2364 3394 2420 fiat.
3427 2363 3661 2423 Omnino
3689 2366 3788 2436 igi-

2212 2466 2300 2511 tur
2318 2473 2424 2511 non
2448 2441 2692 2522 invenio,
2731 2472 2832 2512 nec
2870 2457 3098 2513 inveniri
3127 2471 3309 2528 posse,
3338 2467 3392 2512 et
3427 2472 3651 2528 prorsus
3678 2471 3784 2514 non

2209 2562 2330 2602 esse
2364 2547 2650 2612 confirmo,
2695 2548 2963 2616 quomodo
2993 2547 3301 2602 tribuantur
3340 2557 3564 2618 peccata
3599 2557 3789 2605 nostra

2208 2636 2454 2693 Creatori
2479 2648 2665 2692 nostro
2695 2639 2836 2703 Deo,
2873 2639 3088 2710 quando
3111 2647 3165 2694 et
3195 2639 3248 2693 in
3288 2639 3418 2708 ipsis
3454 2654 3576 2694 eum
3602 2637 3808 2694 lauda--

2211 2729 2372 2784 bilem
2400 2729 2640 2797 invenio,
2673 2746 2778 2786 non
2801 2730 2974 2786 solum
2997 2728 3143 2799 quod
3172 2745 3238 2786 ea
3281 2731 3456 2800 punit,
3501 2731 3596 2787 sed
3621 2730 3786 2787 etiam

2213 2821 2356 2893 quod
2407 2829 2535 2876 tunc
2582 2818 2747 2886 (lunt,
2810 2834 2934 2876 cum
2986 2819 3054 2876 ab
3107 2817 3226 2890 ejus
3285 2820 3512 2879 veritate
3578 2820 3782 2883 recedi-

2217 2920 2304 2966 tttr
2329 2911 2371 2966 ⁵.

2286 3005 2369 3059 lll.
2410 3002 2677 3072 Quocirca
2707 3002 3018 3060 firmissime
3041 3000 3315 3059 fatendum
3353 3011 3458 3069 est,
3487 3003 3647 3060 simul
3673 3003 3786 3060 fieri

2217 3113 2325 3154 non
2368 3113 2547 3168 posse,
2573 3109 2943 3169 peccatorum,
2973 3113 3115 3168 quae
3144 3095 3286 3152 Deus
3315 3097 3368 3152 in
3394 3105 3646 3153 creatura
3692 3110 3787 3151 sua

2215 3191 2498 3261 permittit,
2529 3190 2940 3262 praescientiam
2959 3187 3092 3260 ejus.
3115 3205 3222 3259 qua
3240 3204 3304 3245 ea
3327 3189 3634 3260 praescii-it,
3657 3204 3787 3244 cau-

2213 3298 2330 3338 sam
2361 3283 2382 3315 ³
2424 3299 2530 3338 non
2560 3297 2702 3346 esse.
2725 3283 3271 3351 praedestinationem
3305 3297 3434 3337 vero
3463 3280 3601 3350 ejus,
3650 3296 3790 3352 quae

2213 3392 2278 3430 ea
2312 3391 2417 3430 non
2458 3374 2894 3445 praedestinavit,
2933 3389 3153 3429 causam
3193 3369 3346 3428 esse.
3382 3370 3651 3442 Quicquid
3689 3386 3789 3425 au-

2215 3476 2325 3522 tem
2347 3466 2414 3520 de
2439 3477 2664 3538 peccato
2709 3465 2791 3521 vel
2820 3465 3080 3536 generali,
3112 3463 3196 3518 vel
3225 3463 3444 3534 speciali
3485 3461 3791 3529 conficitur,

2215 3575 2439 3617 necesse
2493 3569 2577 3614 est
2608 3562 2673 3614 de
2701 3559 2819 3630 ejus
2847 3575 3060 3630 quoque
3099 3574 3272 3630 poena
3298 3559 3579 3612 sentiatur.
3613 3558 3794 3614 Poena

2213 3653 2423 3725 peccati
2454 3669 2600 3708 mors
2629 3663 2734 3708 est.
2758 3653 3024 3724 Quicquid
3065 3667 3195 3723 ergo
3221 3651 3290 3707 de
3325 3659 3548 3722 peccato
3572 3650 3791 3719 dicitur,

2215 3758 2434 3801 necesse
2470 3753 2552 3799 est
2609 3745 2675 3798 de
2719 3752 2892 3798 morte
2942 3742 3173 3797 dicatur.
3222 3740 3341 3796 Non
3386 3741 3507 3798 dico
3536 3741 3604 3797 de
3647 3741 3793 3797 omni

2215 3847 2410 3901 morte,
2449 3837 2543 3892 sed
2568 3845 2772 3890 tantum
2805 3834 2872 3889 de
2898 3833 3006 3894 illa.
3040 3847 3180 3903 quae
3205 3832 3450 3902 sequitur
3488 3844 3792 3904 peccatum.

2215 3927 2456 3984 Dicimus
2483 3928 2651 3991 enim,
2685 3925 2949 3981 morimur
2971 3931 3214 3996 peccato,
3247 3923 3299 3978 id
3319 3932 3423 3988 est,
3453 3923 3646 3979 merito
3671 3939 3797 3992 pec-
3823 3932 3828 3938 '

2215 4019 2324 4076 cati
2353 4019 2636 4074 morimur.
2665 4016 2797 4073 item
2825 4016 3090 4072 morimur
3122 4024 3346 4086 peccato
3382 4016 3632 4081 dicimus,
3665 4017 3792 4072 dum
3841 4038 3844 4041 ·

2219 4112 2429 4168 liberati
2476 4119 2776 4182 {peccato
2800 4107 3048 4177 justitiae
3073 4107 3324 4162 vivimus.
3355 4105 3412 4163 Si
3453 4113 3584 4180 ergo
3621 4106 3797 4174 omnis

2217 4205 2426 4277 peccati
2471 4218 2634 4259 causa
2663 4217 2762 4257 nec
2805 4202 2861 4256 in
2900 4199 3259 4272 praescientia
3299 4198 3415 4264 Dei,
3449 4215 3550 4254 nec
3594 4199 3661 4254 in-
3679 4199 3797 4270 ejus

2219 4277 2710 4370 praedestinatione
2725 4293 2796 4349 sit
2822 4293 3114 4350 constituta
3128 4292 3170 4357 ',
3199 4291 3601 4347 evidentissime
3621 4291 3797 4346 omnis

531 4383 779 4456 quamvis
798 4382 915 4438 sine
940 4383 1100 4437 dubio
1121 4373 1445 4453 peccaturus
1489 4393 1649 4440 esset.
1683 4386 1799 4442 Non
1841 4388 1984 4456 enim
2016 4388 2114 4444 ali-
2143 4419 2190 4480 Β
2223 4393 2436 4455 mortis,
2469 4373 2608 4459 quae
2636 4388 2880 4457 sequitur
2908 4395 3210 4457 peccatum.
3247 4385 3387 4441 sicut
3417 4385 3470 4439 in
3500 4385 3594 4440 Dei
3637 4399 3796 4454 prae-

532 4487 616 4534 ter
645 4476 696 4531 id
724 4475 968 4530 futurum
993 4490 1112 4530 esse
1142 4477 1466 4546 praescires.
1498 4475 1649 4532 Sicut
1673 4479 1856 4551 itaque
1883 4495 1986 4536 nou
2009 4481 2113 4538 sibi

533 4571 890 4625 adversantur
915 4569 1050 4625 haec
1080 4568 1282 4635 duo,ut
1306 4581 1359 4624 tu
1381 4571 1736 4640 praescientia
1767 4583 1853 4628 tua
1875 4576 2112 4644 noveris,

534 4663 678 4735 quod
701 4660 836 4718 alius
861 4677 958 4717 sua
989 4661 1287 4720 voluntate-
1307 4661 1550 4720 facturus
1585 4674 1688 4730 est,
1725 4665 1800 4721 ita
1849 4668 1992 4725 Deus
2019 4684 2116 4726 ne-

534 4756 736 4812 minem
785 4753 855 4809 ad
900 4752 1233 4824 peccandum
1285 4754 1302 4785 ¹
1347 4767 1569 4826 cogens,
1611 4758 1890 4825 praevidet
1933 4769 2115 4819 tamen

539 4851 660 4899 eos,
685 4838 776 4908 qui
814 4841 1032 4908 propria
1061 4838 1339 4894 voluntate
1361 4842 1688 4908 peccabuut.
1713 4842 1828 4898 Cur
1853 4859 1984 4917 ergo
2013 4845 2121 4900 non

543 4929 784 4985 vindicet
807 4933 1012 5001 justus,
1044 4947 1185 5003 quae
1208 4933 1323 4989 ﬁeri
1347 4949 1456 4990 non
1475 4939 1617 5005 cegit
1635 4938 2118 5005 praescius..Sicut

543 5028 692 5081 enim
727 5037 780 5082 tu
823 5029 1088 5083 memoria
1139 5041 1228 5083 tua
1282 5045 1392 5084 non
1423 5032 1572 5101 cogis
1632 5031 1772 5086 facta
1805 5047 1949 5096 esse,
1976 5047 2118 5100 quae

547 5121 967 5188 praeterierunt,
995 5123 1078 5178 sic
1114 5123 1259 5178 Deus
1280 5123 1644 5194 praescientia
1671 5141 1768 5180 sua
1827 5141 1938 5179 non
1961 5126 2121 5197 cogit

547 5212 816 5280 facienda,
848 5230 984 5282 quae
1011 5216 1190 5270 futura
1214 5214 1392 5288 [sunt]
1424 5220 1468 5272 ³.
1499 5217 1563 5273 Et
1587 5218 1728 5274 siem
1752 5229 1804 5272 tu
1830 5221 2120 5288 quaedam,

1840 5335 2071 5390 VARI/li
2113 5335 2515 5391 LECTIONES.

630 5433 644 5462 ³
688 5432 759 5482 al.
795 5434 862 5481 ad
893 5438 1181 5499 penatum.
1263 5433 1282 5461 ²
1310 5445 1428 5482 sum
1463 5445 1572 5484 om.
1609 5431 1755 5490 cod..
1797 5433 1925 5486 add.
1964 5431 2033 5484 Μ.

548 5505 668 5554 Cod.
705 5518 887 5554 Cttttstt.

2112 5433 2132 5462 ³
2151 5433 2219 5484 al.
2256 5433 2427 5485 malm
2455 5448 2562 5486 om.

963 5509 982 5528 "
1017 5501 1102 5554 Sic
1141 5503 1286 5567 cod,
1325 5517 1422 5571 pro
1450 5504 1512 5555 sit
1546 5514 1825 5555 t‘tJnstttutu
1859 5503 1926 5556 Μ.
1956 5505 2026 5554 sic
2055 5512 2128 5554 est
2159 5500 2362 5568 futura.

2219 4482 2445 4541 scientia
2477 4495 2637 4536 causa
2671 4495 2774 4534 non
2803 4487 2908 4542 est,
2934 4477 2987 4531 in
3014 4475 3131 4544 ejus
3161 4475 3411 4530 similiter
3431 4474 3800 4546 praedestina-

2221 4575 2367 4632 tioae
2392 4590 2497 4630 non
2519 4589 2640 4630 esse
2670 4571 3030 4640 certissimum
3061 4580 3162 4626 est.
3193 4568 3450 4637 Quamvis
3489 4568 3662 4626 sancti
3699 4584 3800 4624 au-

2219 4676 2400 4725 ctores
2452 4666 2612 4722 modo
2670 4664 2902 4735 quodam
2943 4662 3199 4718 abusivae
3259 4661 3545 4718 locutionis
3591 4660 3801 4718 soleant

2222 4760 2406 4816 dicere
2441 4757 2874 4830 praedestinatos
2895 4755 2962 4808 ad
2991 4764 3242 4817 mortem,
3273 4754 3356 4809 vel
3388 4754 3686 4824 interitum,
3714 4753 3798 4810 vel

2229 4860 2482 4916 poenam,
2507 4845 2576 4900 de
2607 4859 2718 4915 quo
2747 4853 2956 4915 postea,
2990 4851 3156 4914 prout
3186 4841 3453 4899 Dominus
3489 4845 3788 4913 aperuerit,

2220 4937 2487 4994 dicemus.
3281 4975 3303 4994 .
3622 4923 3628 4927 ⁷

2297 5033 2390 5088 lV.
2427 5033 2583 5088 Nunc
2632 5033 2852 5088 interim
2893 5033 3242 5089 considerare
3275 5032 3558 5098 debemus,
3590 5044 3799 5097 utrum,

2227 5130 2370 5182 sicut
2393 5128 2534 5183 Deus
2554 5143 2652 5182 nec
2674 5128 3165 5197 praescientia,nec
3186 5125 3682 5194 praedestinatione
3703 5139 3805 5178 sua

2232 5220 2504 5276 nemiuem
2531 5219 2810 5290 compellit
2834 5231 3087 5290 peccare,
3113 5219 3185 5270 ita
3211 5218 3486 5272 neminem
3512 5217 3804 5286 compellat

2643 5432 2838 5486 ‘Corr.
2881 5429 2978 5498 Μ..
3023 5433 3138 5490 cod.
3172 5436 3384 5491 recedit.
3462 5435 3482 5466 ⁸
3524 5431 3682 5489 Corr.
3719 5431 3796 5491 Μ.

2050 5597 2299 5654 NOTAE.

627 5702 654 5732 ι
691 5697 807 5762 Aug
867 5705 928 5749 de
960 5696 1120 5750 libero
1153 5671 1377 5752 arbitrio
1403 5697 1484 5756 lil,
1522 5700 1578 5754 4.
