4236 6072
482 284 584 342 377

1568 283 1770 343 LIBER
1808 286 1898 343 DE
1936 287 2643 345 PRAEDESTINATIONE.

3636 292 3742 349 378

487 396 572 466 pic
601 396 779 453 vivere
805 404 853 452 ⁸.
876 393 991 453 Ubi
1008 399 1523 464 inuendendtttn‘est.
1548 403 1749 459 nullius
1775 404 2069 460 voluntatis
2097 445 2108 468 ε

2171 401 2319 471 Quae
2348 419 2598 474 perversa
2648 404 2830 473 Opinio
2866 402 3125 460 refellitur
3166 404 3321 461 facile
3368 408 3619 464 consulta
3650 426 3743 464 ra-

486 500 604 540 esse
635 501 815 542 vetam
840 488 1166 555 libertatem,
1191 493 1235 547 si
1262 494 1439 564 aliqua
1465 509 1625 551 causa
1658 511 1778 550 eam
1800 497 2058 567 coegerit.

392 624 397 627 _
484 575 652 647 igitur
683 578 729 634 si
751 581 1038 637 humanam
1068 584 1398 641 voluntatem
1430 586 1609 659 aliqua
1637 604 1798 645 causa
1839 604 2062 661 praece-

485 674 586 738 dit,
619 690 761 745 quae
807 692 926 732 eam
959 678 1179 736 invitam
1210 692 1532 754 extorqueat
1560 684 1629 741 ad
1678 687 1817 742 bona
1853 688 2063 743 malave

484 764 569 820 vel
591 768 895 837 cogitanda,
927 770 1010 825 vel
1038 773 1266 843 agenda,
1317 777 1581 846 sequitur,
1619 793 1727 833 non
1776 793 1896 835 esse
1938 795 2058 835 eam

483 868 612 911 vere
641 856 887 921 liberam,
916 860 1010 914 sed
1042 862 1254 930 penitus
1281 879 1399 919 eam
1432 881 1536 923 non
1558 882 1681 923 esse
1708 869 1755 924 δ.
1780 864 1882 927 Ubi
1917 872 2061 927 enim

485 954 739 1001 estcausa
775 964 914 1018 quae
930 952 1726 1022 compellit,ibinonestnatura
1763 938 1902 1030 quae
1917 962 2063 1017 velit.

483 1038 645 1109 Atqui
672 1039 910 1096 humana
961 1055 1153 1099 natura
1200 1062 1306 1103 non
1355 1049 1530 1107 solum
1558 1052 1808 1111 voluntas
1834 1062 1937 1120 est,
1969 1055 2064 1111 sed

483 1139 539 1185 et
563 1129 752 1197 libera;
780 1147 879 1187 nec
905 1132 1024 1205 ejus
1053 1135 1272 1193 libertas
1290 1137 1457 1206 falsa,
1487 1144 1581 1197 sed
1601 1158 1729 1198 vera
1749 1151 1852 1208 est,
1876 1161 2066 1216 quam-
2112 1160 2121 1168 ·

485 1221 567 1277 vis
596 1222 709 1292 ipsa
730 1222 950 1279 libertas
978 1235 1098 1295 post
1123 1239 1399 1297 peccatum
1430 1231 1484 1285 itt
1515 1244 1722 1288 tantum
1751 1236 1937 1290 vitiata
1971 1237 2063 1302 sit,

484 1321 544 1368 ut
571 1328 741 1382 poena
769 1314 888 1385 ejus
910 1316 1251 1399 impediatur,
1280 1336 1350 1376 ne
1371 1332 1466 1377 aut
1510 1334 1655 1380 recte
1692 1326 1873 1382 vivere
1902 1326 2064 1393 velit,

486 1402 581 1461 aut
608 1407 651 1462 si
681 1406 830 1472 velit,
861 1425 966 1463 non
994 1411 1182 1480 possit.
1215 1411 1290 1468 De
1314 1429 1419 1483 qua
1450 1416 1667 1470 miseria
1692 1416 1977 1485 liberatur,
2007 1427 2067 1473 ut

485 1495 561 1551 ait
584 1497 890 1567 Apostolus,
919 1500 1090 1569 gratia
1119 1502 1217 1567 Dei
1243 1520 1336 1572 per
1360 1503 1542 1559 Iesum
1575 1505 1841 1563 Christum
1877 1519 1926 1575 α,
1952 1525 2068 1565 ma-

486 1596 647 1643 nente
671 1597 850 1645 tamen
888 1590 1066 1647 adhuc
1093 1594 1328 1650 naturali
1354 1595 1624 1663 libertate,
1650 1614 1787 1668 quae
1815 1600 2067 1673 intelligi-

488 1673 575 1734 tu'r
607 1680 960 1739 beatitudinis
1008 1682 1273 1755 appetitu,
1327 1687 1421 1757 qui
1456 1686 1507 1743 ei
1551 1690 1873 1746 naturaliter
1926 1692 2064 1749 iusi-

488 1780 574 1826 tus
602 1779 706 1830 est.

558 1860 620 1917 ν.
657 1863 771 1919 Non
799 1880 931 1937 ergo
976 1867 1084 1924 ullo
1135 1870 1295 1926 modo
1342 1872 1778 1939 concedendum,
1828 1874 2065 1945 aliquam

487 1971 710 2011 causam
740 1960 1209 2029 compulsativam,
1256 1964 1372 2019 sive
1414 1964 1633 2041 bonam,
1676 1966 1793 2022 sive
1831 1968 2064 2035 malam,

486 2046 813 2115 praecedere
850 2049 1181 2107 voluntatem
1218 2053 1471 2119 hominis,
1500 2070 1593 2110 seu
1640 2058 1867 2113 alterius
1898 2061 2068 2114 ratio-

486 2137 622 2193 nalis
648 2149 896 2206 naturae,
921 2158 987 2198 ne
1009 2143 1077 2200 ab
1100 2160 1163 2201 ea
1182 2148 1431 2203 meritum
1462 2163 1592 2205 suae
1621 2149 1891 2208 libertatis
1920 2152 2069 2210 aufe-

488 2237 662 2294 ratur,
693 2230 809 2284 sive
831 2232 1051 2297 bonum,
1085 2234 1131 2289 si
1157 2235 1296 2291 bene
1316 2236 1512 2291 vixerit
1532 2250 1858 2308 cooperante
1883 2243 2066 2298 divina

486 2322 679 2392 gratia,
716 2321 833 2376 sive
861 2322 1083 2389 malum,
1120 2325 1165 2379 si
1215 2326 1357 2380 male
1384 2327 1581 2384 vixerit
1627 2345 1726 2385 suo
1752 2341 1901 2387 motu
1932 2332 2069 2387 irra-

488 2409 728 2466 tionabili
771 2426 1153 2483 pet-versoque.
1179 2412 1412 2471 Proinde
1434 2417 1576 2472 nulla
1607 2435 1769 2476 causa
1798 2424 2069 2479 constrin-

487 2502 567 2574 git
587 2503 883 2570 hominem,
914 2520 1008 2561 seu
1036 2507 1194 2573 bene,
1220 2522 1315 2563 seu
1356 2509 1498 2564 male
1526 2511 1731 2567 vivere.
1771 2512 1888 2570 Non
1919 2517 2065 2572 enim

489 2592 634 2652 Deus
658 2596 903 2652 eundum
937 2598 1204 2655 bonorum
1240 2617 1404 2658 causa
1451 2612 1537 2660 est
1564 2607 1891 2674 necessaria,
1926 2608 2069 2665 sicut

490 2686 631 2758 ignis
658 2689 905 2764 ardendi.
940 2690 1021 2747 sol
1042 2690 1417 2759 calefaciendi,
1456 2692 1819 2763 illuminandi,
1850 2707 1944 2753 aut
1981 2713 2071 2754 co-

489 2780 690 2845 activa,
731 2791 793 2836 ut
818 2795 1023 2849 sensus
1048 2782 1369 2845 dormiendi,
1413 2784 1534 2839 sitis
1572 2786 1813 2854 bibendi,
1857 2787 1955 2843 sed
1982 2797 2070 2844 est

487 2868 814 2936 voluntaria,
873 2881 933 2926 ut
970 2873 1235 2944 sapientia
1286 2873 1568 2946 sapientis,
1614 2875 1762 2931 visus
1809 2876 2065 2945 videntis,

489 2963 632 3019 ratio
662 2962 1052 3029 ratiocinantis,
1098 2963 1370 3022 similiter.
1400 2965 1507 3021 Sed
1543 2980 1575 3022 e
1616 2960 1912 3034 contrario,
1943 2984 2067 3024 cum
2138 3012 2141 3016 ι

490 3054 559 3111 sit
584 3054 824 3112 omnium
850 3056 1122 3111 malorum
1145 3070 1306 3111 causa
1335 3070 1626 3126 perversos
1672 3065 1851 3113 motus
1896 3058 2060 3113 ratio-

2164 496 2329 550 tione.
2376 494 2747 564 interrogandi
2792 496 3012 565 quidem
3060 505 3232 552 sunt:
3278 497 3384 552 Vos
3413 509 3618 560 autem.
3648 500 3744 569 qui

2161 594 2504 654 peccatorum
2517 596 2628 639 vest
2641 600 2697 640 ro
2706 600 2820 638 rum
2845 585 3223 641 auctoritatem
3234 586 3476 645 Creatori
3498 588 3744 645 omnium

2161 673 2367 730 referre
2396 690 2503 729 non
2546 676 2950 744 pertimescitis,
2979 670 3077 732 cur
3102 693 3332 749 peccare
3380 678 3618 736 timetis?
3649 680 3738 743 An

2161 766 2288 835 quia
2318 776 2547 820 mortem
2576 781 2682 821 non
2714 759 3180 838 vultislNunquid
3204 768 3346 825 Deus
3375 768 3609 841 injustas
3630 779 3739 836 est,

2161 854 2306 923 quod
2328 855 2487 918 absit,
2518 855 2736 925 quando
2770 868 2989 925 peccata
3018 860 3192 927 punit,
3233 873 3461 928 quorum
3498 860 3743 917 occasio-

2162 963 2288 1001 nem
2312 947 2492 1002 dedit?
2518 946 2633 1002 Non
2662 954 2746 1002 est
2771 947 2934 1016 igitur
2964 947 3192 1002 liberum
3220 944 3505 1007 arbitrium
3545 965 3749 1024 pecca-

2164 1048 2340 1093 torum
2368 1053 2553 1103 causa,
2584 1052 2704 1092 cum
2737 1040 2807 1092 sit
2832 1039 2923 1092 Dei
2948 1039 3170 1093 donum.

2238 1127 2344 1182 γιι.
2402 1128 2534 1182 ltetn
2574 1128 2940 1199 interrogandi
2994 1145 3009 1182 :
3052 1128 3162 1184 Cur
3203 1129 3339 1201 mori
3383 1129 3618 1189 timetis?
3650 1126 3740 1189 Αιι

2163 1222 2290 1292 quia
2333 1223 2513 1277 vivere
2541 1222 2747 1278 vultis?
2771 1223 2853 1277 Ub
2899 1223 3001 1278 hoc
3043 1224 3188 1278 enim
3218 1225 3453 1287 maxime
3481 1241 3627 1282 mors
3673 1228 3746 1282 ti-

2164 1299 2378 1379 menda,
2408 1314 2550 1385 quod
2580 1312 2746 1369 vitam
2777 1300 2988 1369 auferat
3039 1316 3154 1370 sive
3180 1316 3449 1386 corporis,
3474 1317 3589 1373 sive
3629 1321 3750 1375 ani-

2166 1418 2308 1468 mae,
2342 1420 2438 1461 seu
2468 1406 2772 1474 utriusque.
2808 1404 2865 1461 Si
2905 1415 3088 1461 autem
3125 1405 3310 1461 vivere
3338 1408 3516 1469 vultis.
3561 1409 3745 1471 dicite,

2166 1501 2355 1548 utrum
2380 1494 2558 1556 beate,
2579 1510 2647 1547 an
2680 1492 2915 1547 misere?
2937 1491 3127 1548 Nullus
3148 1502 3253 1556 est,
3270 1493 3365 1562 qui
3396 1493 3562 1548 vitam
3585 1494 3749 1551 mise-

2168 1602 2286 1641 ram
2323 1586 2472 1648 velit,
2497 1585 2939 1655 quandoquidem
2966 1585 3151 1640 nullus
3178 1594 3282 1646 est,
3308 1588 3399 1654 qui
3425 1584 3591 1640 vitam
3621 1585 3749 1640 bea-

2168 1688 2277 1732 tam
2308 1694 2415 1729 non
2439 1685 2681 1747 appetat.
2708 1674 2861 1742 Quae
2886 1685 3066 1729 tamen
3092 1676 3240 1730 nulla
3262 1685 3365 1738 est,
3387 1675 3434 1730 si
3457 1675 3541 1730 vel
3560 1685 3750 1729 coacta

2098 1756 2141 1816 Β
2166 1770 2448 1824 voluntate
2480 1769 2809 1838 adquiritur,
2836 1770 2918 1823 vel
2950 1769 3069 1824 sine
3094 1769 3349 1824 libertate
3377 1769 3750 1838 possideatur.

2164 1866 2272 1919 Aut
2292 1883 2304 1917 :
2327 1864 2383 1917 Si
2410 1862 2548 1918 Deus
2568 1863 2799 1916 liberum
2820 1862 3104 1917 arbitrium
3127 1860 3336 1917 homini
3357 1878 3463 1916 non
3482 1861 3749 1927 dedisset,

2166 1970 2277 2026 quo
2301 1955 2692 2009 beatitudinem
2720 1953 3077 2013 desideraret,
3106 1964 3472 2024 purgaretque
3499 1969 3559 2007 se
3590 1933 3765 2009 bonis.

2164 2052 2445 2119 cperibus,
2470 2046 2672 2115 quibus
2693 2062 2808 2099 eam
2839 2046 3035 2100 merito
3062 2046 3391 2102 retribuet-et
3416 2047 3438 2099 ?
3461 2045 3748 2112 Quomodo

2158 2140 2314 2213 juste
2338 2154 2464 2191 eum
2492 2139 2681 2191 beatae
2706 2138 2849 2192 vitae
2877 2137 3048 2208 gloria
3076 2138 3489 2209 coronaret,qui
3520 2137 3624 2193 sibi
3649 2151 3752 2194 sua

2167 2218 2381 2290 propria
2404 2217 2679 2276 veluntate
2707 2221 2912 2277 servire
2935 2236 3041 2276 non
3064 2221 3292 2292 posset?

2241 2307 2370 2365 Vill.
2404 2308 2462 2362 Si
2489 2324 2617 2363 vero
2648 2310 2914 2375 dixeritis,
2941 2325 3039 2366 cur
3064 2310 3207 2366 Deus
3235 2311 3444 2365 homini
3481 2311 3584 2365 tale
3612 2310 3748 2365 libe-

2167 2415 2286 2455 rum
2313 2396 2597 2453 arbitrium
2624 2413 2729 2453 non
2772 2399 2943 2464 dedit,
2974 2414 3097 2455 cum
3130 2400 3322 2470 potuit,
3360 2417 3468 2471 quo
3498 2416 3602 2455 non
3646 2401 3750 2454 nisi

2167 2490 2255 2560 pie
2290 2490 2541 2561 justeque
2583 2489 2765 2546 vivere
2792 2490 2973 2553 vellet,
3012 2505 3115 2546 nec
3156 2491 3315 2545 aliter
3359 2491 3499 2547 velle
3547 2504 3749 2563 posset,

2166 2581 2330 2652 impie
2360 2595 2487 2635 vero
2518 2581 2819 2652 injusteque
2847 2581 3029 2635 vivere
3058 2596 3157 2637 nec
3182 2580 3360 2645 vellet,
3399 2597 3500 2637 nec
3524 2592 3743 2651 posset,

2168 2674 2426 2729 continuo
2466 2674 2620 2729 vobis
2668 2672 3121 2746 reSpundebitdr:
3157 2673 3214 2729 Si
3246 2675 3389 2729 Deus
3419 2675 3472 2728 in
3524 2675 3747 2730 homine

2170 2764 2328 2819 talem
2364 2764 2696 2821 voluntatem
2727 2765 3076 2829 condidisset,
3124 2781 3265 2837 quae
3305 2782 3411 2821 non
3442 2768 3756 2826 omnimodo

2168 2872 2387 2913 movere
2414 2870 2474 2913 se
2520 2867 2739 2928 posset,
2790 2857 2907 2913 sive
2956 2849 3119 2924 recte,
3152 2859 3265 2914 sive
3312 2844 3591 2930 perverse,
3641 2876 3753 2916 non

2167 2946 2480 3002 omnimodo
2505 2947 2675 3003 libera
2701 2955 2867 3010 esset,
2898 2948 2993 3002 sed
3017 2958 3163 3005 esset
3185 2964 3252 3003 ex
3283 2959 3435 3019 parte
3469 2949 3653 3013 libera,
3683 2966 3754 3007 ex

2167 3048 2324 3109 parte
2350 3054 2456 3095 non
2487 3040 2687 3105 libera;
2720 3038 2891 3095 libera
2938 3041 3156 3110 quidem
3194 3037 3365 3109 juste,
3414 3057 3521 3095 non
3571 3052 3754 3098 autem

491 3145 633 3201 nalis
653 3144 985 3223 substantiae
1008 3144 1181 3202 libero
1207 3110 1499 3202 voluntatis
1521 3160 1656 3203 suae
1674 3146 1901 3203 arbitrio
1927 3149 2070 3203 male
2095 3110 2141 3174 ο
2172 3131 2343 3189 “bern
2374 3131 2569 3201 illius“?
2596 3135 2793 3188 γίνεται
2841 3131 2898 3187 εί
2930 3148 3078 3223 ἐπ’Εο
3115 3143 3261 3188 θεεει
3291 3133 3473 3203 aliqua
3502 3149 3569 3189 εκ
3602 3149 3757 3205 Pam

490 3242 713 3309 utentis,
740 3255 804 3297 ea
835 3251 1015 3299 tamen
1056 3256 1165 3299 non
1207 3250 1293 3299 est
1317 3243 1648 3308 necessaria,
1697 3250 1757 3298 ut
1787 3253 2072 3314 peccatum

490 3336 705 3401 mortis,
737 3349 886 3393 mors
920 3334 1197 3400 miseriae,
1225 3348 1325 3391 nec
1353 3334 1617 3400 coactiva,
1639 3342 1699 3389 ut
1711 3334 1895 3405 passio
1920 3333 2073 3389 dolo-

491 3427 588 3493 ris,
611 3426 767 3483 dolor
793 3426 1066 3494 tristitiae,
1092 3425 1188 3483 sed
1209 3433 1295 3483 est
1315 3422 1643 3492 voluntaria,
1665 3434 1725 3481 ut
1751 3416 2075 3485 libitlmava-

492 3516 675 3580 ritiae,
711 3518 938 3573 avaritia
965 3516 1193 3573 fraudis.

564 3608 649 3665 γι.
685 3608 745 3663 ln
765 3624 875 3681 quo
903 3609 1022 3665 loco
1056 3607 1491 3678 respondendum
1512 3616 1597 3665 est
1624 3607 1734 3675 bis,
1764 3608 1856 3678 qui
1885 3606 2073 3665 nolen-

493 3706 598 3765 tes,
624 3698 789 3755 immo
809 3706 1128 3769 spernentes
1149 3713 1245 3753 sua
1269 3708 1491 3770 peccata
1509 3701 1801 3771 corrigere,
1822 3690 1919 3756 sed
1942 3712 2075 3772 que-

495 3801 679 3850 rentes
694 3791 710 3823 ⁸
733 3791 986 3847 dedivina
1001 3792 1333 3863 operatione,
1350 3792 1653 3862 procaciter
1666 3791 1845 3847 dicere
1858 3791 2031 3847 solent
2055 3808 2069 3846 :

492 3899 599 3941 cur
634 3886 777 3940 Deus
806 3885 955 3941 dedit
982 3884 1187 3941 homini
1216 3884 1445 3940 liberum
1474 3884 1779 3950 arbitrium,
1809 3898 1918 3955 quo
1955 3884 2072 3940 solo

493 3990 721 4046 peccare
745 3975 1120 4032 convincitur?
1146 3975 1336 4032 Nonne
1365 3976 1558 4032 melius
1585 3986 1723 4041 erat,
1758 3976 1803 4033 si
1835 3966 1961 4032 eum
1998 3976 2075 4031 ita

495 4056 720 4133 faceret,
758 4076 818 4121 ut
843 4082 1070 4138 peccare
1117 4081 1226 4123 non
1251 4068 1476 4139 posset?
1500 4067 1655 4137 Quod
1683 4068 1847 4124 etiam
1874 4083 2078 4123 conan-

497 4166 587 4213 tur
627 4156 920 4214 l'alsissimo
957 4158 1315 4231 paralogismo
1357 4159 1714 4226 concludere,
1770 4175 2077 4231 proponen-

499 4259 580 4307 tes
608 4268 623 4305 ;
657 4250 716 4306 Si
741 4250 966 4306 liberum
993 4250 1277 4305 arbitrium
1303 4250 1501 4304 donum
1534 4249 1627 4304 Dei
1650 4261 1765 4316 est;
1797 4235 1960 4306 omne
1979 4265 2077 4306 au-

499 4328 607 4398 tem
636 4343 838 4398 donum
882 4342 1085 4397 bonum
1114 4346 1219 4407 est;
1267 4353 1429 4395 omne
1465 4339 1664 4395 bonum
1718 4356 1826 4395 non
1874 4332 2072 4407 nocet:

500 4435 729 4489 liberum
776 4441 802 4473 ο
863 4432 1029 4505 igitur
1078 4431 1364 4486 arbitrium
1408 4444 1516 4485 non
1562 4439 1739 4486 nocet.
1796 4429 2077 4499 Quomodo

503 4534 679 4607 autem
733 4540 840 4580 non
891 4532 1085 4579 noceat
1134 4524 1363 4579 liberum
1408 4521 1720 4586 arbitrimn,
1746 4522 1963 4593 quando
2006 4537 2073 4578 eo

501 4615 822 4689 peccamus?
870 4616 977 4669 Aut
1025 4613 1295 4683 quomodo
1340 4612 1550 4668 videtur
1591 4625 1713 4668 esse
1750 4613 1843 4667 Dei
1875 4614 2074 4669 donum

502 4703 757 4777 peccandi
789 4700 1039 4757 occasio?
1071 4700 1213 4755 Deus
1237 4694 1417 4754 autem
1445 4699 1644 4754 nullam
1691 4702 1881 4757 mortis
1912 4717 2075 4757 occa-

502 4795 709 4851 sionem
738 4795 869 4850 dare
896 4792 1097 4848 debuit.
1127 4790 1454 4861 Oportuerat
1478 4790 1676 4862 quippe
1704 4791 1869 4846 Deum
1897 4790 2078 4848 facere

508 4884 798 4948 hominem,
840 4882 932 4952 qui
968 4898 1073 4936 non
1119 4889 1392 4952 peccaret,
1422 4878 1547 4949 quia
1598 4880 1775 4949 potuit
1802 4880 1961 4937 talem
2008 4884 2080 4937 l'a-

506 4990 644 5032 cere.
684 4973 873 5030 Melius
893 4983 975 5028 est
1012 4972 1157 5028 enim
1188 4986 1295 5027 non
1328 4985 1473 5037 esse,
1502 4985 1665 5041 quam
1697 4970 1896 5029 misere
1936 4990 2076 5030 esse.

2170 3224 2485 3290 necessitas,
2513 3240 2619 3280 non
2649 3233 2796 3280 esset
2822 3221 3060 3294 perlecta
3086 3224 3330 3279 libertas.
3353 3226 3461 3280 Aut
3482 3226 3754 3296 quomodo

2172 3314 2242 3371 de
2270 3314 2462 3370 eadem
2512 3313 2791 3371 voluntate
2842 3321 3026 3386 posset
3068 3314 3228 3373 simul
3276 3317 3407 3384 dici,
3438 3317 3606 3373 libera
3649 3330 3757 3383 est,

2172 3408 2345 3466 libera
2380 3424 2485 3466 non
2519 3416 2633 3476 est;
2667 3409 2801 3466 haec
2830 3409 2976 3465 enim
3022 3410 3439 3467 contradictorie
3479 3410 3757 3477 dicuntur,

2170 3503 2299 3573 quia
2328 3502 2488 3558 simul
2543 3501 2660 3556 ﬁeri
2706 3517 2810 3556 non
2863 3509 3109 3572 possunt.
3160 3499 3218 3555 Si
3247 3500 3391 3555 enim
3426 3516 3612 3556 verum
3650 3512 3756 3565 est,

2170 3594 2339 3651 libera
2369 3606 2473 3659 est,
2504 3594 2702 3651 falsum
2730 3605 2837 3665 est,
2879 3594 3045 3648 libera
3078 3609 3183 3648 non
3213 3602 3342 3659 est;
3372 3593 3417 3647 si
3448 3603 3627 3647 autem
3661 3605 3757 3645 ve-

2171 3696 2427 3765 rum_est,
2457 3687 2627 3742 libera
2656 3701 2762 3741 non
2809 3695 2909 3750 est,
2959 3682 3151 3740 falsum
3182 3696 3285 3751 est,
3326 3686 3500 3741 libera
3548 3695 3649 3740 cst.
3678 3688 3757 3743 Ac

2171 3794 2269 3852 per
2314 3779 2417 3834 hoc
2459 3777 2687 3834 liberum
2719 3776 3001 3833 arbitrium
3025 3777 3169 3833 nullo
3201 3779 3360 3834 modo
3402 3786 3590 3842 staret,
3631 3778 3676 3833 si
3703 3779 3756 3834 iu

2174 3872 2356 3943 aliquo
2387 3870 2736 3925 claudicat-et.
2767 3867 2825 3924 Si
2864 3868 3151 3924 dixeritis:
3193 3866 3332 3934 Quid
3369 3867 3573 3923 homini
3602 3884 3764 3923 noce-

2176 3973 2281 4030 ret,
2316 3964 2363 4021 si
2392 3962 2623 4034 libertuu
2645 3977 2800 4017 suum
2827 3961 3113 4017 arbitrium
3142 3971 3298 4031 parte
3326 3962 3505 4031 aliqua
3554 3959 3757 4015 claudi-

2173 4063 2347 4120 caret,
2376 4053 2432 4110 id
2461 4063 2564 4120 cst,
2605 4070 2673 4110 eo
2695 4054 2834 4110 male
2862 4055 2942 4109 uti
2970 4071 3076 4110 non
3125 4064 3326 4124 posset,
3370 4064 3577 4109 tantmu
3610 4062 3668 4107 ut
3692 4068 3762 4107 eo

2174 4147 2317 4203 bene
2340 4148 2539 4203 utendo
2565 4147 2635 4203 ad
2676 4147 2838 4201 vitam
2888 4147 3196 4219 perveniret
3223 4146 3539 4201 aeternam?
3566 4145 3762 4201 melius

2175 4248 2261 4295 est
2313 4239 2485 4306 enim,
2529 4240 2688 4296 beate
2741 4240 2949 4306 vivere,
2987 4256 3150 4313 quam
3204 4240 3419 4312 plenam
3465 4241 3688 4297 volunta
3717 4240 3768 4293 is

2177 4330 2482 4387 libertatem
2505 4331 2741 4388 habere:
2768 4333 3010 4388 miranda
3036 4342 3118 4387 est
3134 4342 3311 4389 vestra
3336 4334 3574 4399 coeeitas
3598 4338 3686 4401 atq
3697 4349 3763 4387 ue

2105 4460 2154 4523 υ
2180 4423 2361 4493 potius
2385 4422 2711 4478 miseranda.
2737 4424 2821 4477 An
2856 4410 3101 4487 neScitis,
3131 4423 3260 4492 quid
3285 4423 3357 4478 sit
3375 4422 3622 4493 justitia?
3650 4422 3762 4478 Ut.-

2180 4531 2287 4589 que
2310 4515 2549 4571 nescitis.
2587 4513 2647 4570 Si
2670 4515 2815 4569 enim
2852 4514 3069 4571 sciretis
3094 4515 3420 4578 certissime,
3459 4514 3762 4570 certissime

2184 4607 2456 4663 taceretis.
2494 4606 2690 4661 Audite
2716 4622 2865 4678 ergo,
2896 4607 3024 4678 quid
3060 4607 3130 4661 sit
3162 4606 3393 4676 justitia.
3422 4606 3501 4662 lta
3530 4620 3769 4676 namque

2183 4699 2469 4757 delinitur.
2500 4695 2720 4756 Iustitia
2757 4707 2839 4753 est
2882 4714 2979 4753 sua
3016 4698 3211 4768 cuique
3257 4699 3511 4752 tribuere.
3546 4698 3601 4752 Si
3634 4712 3767 4768 ergo

2175 4792 2448 4864 justitiam
2480 4791 2574 4847 Dei
2624 4805 2783 4846 nemo
2821 4798 3000 4861 potest
3036 4791 3269 4854 auferre,
3312 4791 3473 4844 sinite
3500 4790 3524 4822 ⁸
3573 4801 3763 4845 contra

2183 4900 2301 4941 eam
2330 4884 2550 4938 latrare.
2582 4881 2860 4950 Quomodo
2880 4882 3079 4954 quippe
3110 4881 3248 4936 Deus
3272 4881 3438 4950 judex
3458 4878 3637 4947 justus
3665 4894 3760 4936 co-

2186 4990 2387 5048 ronam
2407 4975 2548 5030 vitae
2578 4975 2669 5028 dat
2695 4972 2922 5038 homini,
2961 4971 3063 5027 nisi
3086 4971 3174 5043 pie
3197 4970 3298 5027 sibi
3321 4962 3611 5025 servienti?
3632 4964 3771 5035 Quis

1780 5088 2032 5145 VARIAE
2075 5089 2473 5148 LECTIONES.

578 5202 596 5234 ‘
623 5202 941 5273 Ceaj.,cod.
972 5209 1272 5271 querentur.
1345 5200 1366 5230 ²
1393 5197 1485 5254 Sic
1517 5199 1663 5265 cod.,
1704 5197 1775 5252 Μ.
1810 5211 1856 5253 et
1888 5200 2110 5253 libet-uin

2216 5202 2237 5232 ⁸
2276 5201 2366 5254 Sic.
2394 5202 2539 5265 cod.,
2569 5201 2637 5254 Μ.
2669 5201 2906 5256 desinite.

2033 5292 2287 5354 NOTAE.

596 5418 625 5483 ἢ
665 5407 809 5483 Deus
827 5423 1020 5483 reapse
1044 5411 1317 5483 neminem
1341 5411 1623 5483 compellit
1648 5413 1717 5468 ad
1743 5412 2104 5482 peccandum,

529 5479 625 5552 sed
649 5482 714 5552 ad
751 5482 890 5533 bene
920 5482 1211 5537 vivendum
1248 5487 1431 5536 multis
1455 5479 1866 5552 correptionum
1892 5488 2131 5551 generi-‘

531 5550 637 5625 bus
668 5550 886 5608 invitat.
910 5562 1078 5625 Immo
1105 5555 1408 5625 compellit,
1435 5554 1555 5623 ipso
1586 5550 1801 5610 dicente
1836 5571 1851 5609 ;
1882 5550 2103 5607 Faciam

531 5629 586 5691 ξιι
612 5621 666 5672 δη
688 5624 977 5688 Praemium
1027 5624 1152 5677 meis
1187 5621 1490 5689 ambulat},
1520 5636 1575 5679 et
1638 5634 1804 5679 item:
1839 5626 2109 5691 (.‘ontpclle

531 5689 750 5742 iterare.
786 5692 948 5744 tato.

2286 5413 2314 5453 δ
2353 5411 2550 5473 Probe,
2596 5426 2821 5482 quaead.
2858 5410 3286 5482 animadvertas,
3321 5408 3651 5461 voluntatem
3698 5423 3774 5482 re-

2216 5500 2343 5537 vera
2371 5481 2853 5549 praeredi’dioersis
2884 5481 3057 5533 (ausis
3089 5482 3356 5533 medentis
3387 5490 3441 5531 et
3475 5481 3785 5533 miserentur

2217 5555 2336 5615 llet,
2357 5554 2537 5621 adma
2562 5569 2590 5605 a
2624 5570 2755 5606 vero
2788 5552 3100 5621 nutlishntsi
3134 5556 3384 5617 propriae
3413 5550 3785 5617 pervcrsitatis

2218 5618 2435 5679 meritis
2458 5624 2819 5690 exigentbus.
2852 5621 2931 5675 Cf.
2973 5618 3137 5674 Pnuu.

2290 5706 2309 5731 ε
2359 5693 2513 5746 llom.
2556 5696 2661 5758 Vlt,
2686 5694 2774 5745 εδ.
