4236 6072
476 204 583 263 579

1832 206 2119 267 JOANNIS
2150 207 2357 268 800'"

3637 213 3745 271 380

475 331 652 377 autem
680 319 790 377 Deo
813 322 898 393 pie
923 322 1109 390 servit,
1129 322 1236 379 nisi
1258 324 1350 395 qui
1374 324 1492 395 ejus
1512 329 1765 382 mandata
1787 326 2063 383 custodit?
2089 337 2145 393 Α
2165 338 2374 395 catum,
2411 328 2458 384 si
2502 342 2609 383 non
2660 328 2733 385 sit
2779 328 3137 405 voluntarium
3157 370 3173 394 ,
3213 341 3274 386 et
3301 333 3404 388 hoc
3429 332 3645 404 quidem
3675 335 3752 393 ita

473 415 544 473 Et
570 415 693 485 quis
736 414 984 470 mandata
1019 410 1375 473 Dci'custodit
1406 418 1507 474 nisi
1534 419 1639 482 ille,
1670 419 1761 489 qui
1790 434 1877 483 ea,
1922 435 2065 490 quae

477 508 591 577 ipse
618 508 887 578 prohibet,
911 509 1188 597 abhorret,
1221 526 1290 564 ne
1311 509 1497 575 faciat,
1523 521 1577 565 et
1603 526 1688 572 ea.
1719 525 1860 581 quae
1881 511 2057 580 jubet,

478 596 770 660 desiderat,
815 605 871 651 et
899 598 1211 660 c0ntendit.‘
1235 608 1295 654 ut
1341 599 1526 664 faciat,
1557 599 1846 669 adiuvante
1886 601 2061 671 gratia

476 687 610 756 ejus,
641 689 759 747 sine
780 702 887 757 qua
915 687 1048 742 nihil
1066 688 1191 742 boni
1220 691 1396 759 potest
1419 688 1618 745 facere.
1650 690 1758 745 Sed
1786 691 1913 761 quid
1936 705 2079 761 pro-7

477 777 643 841 nibet,
679 775 780 831 nisi
808 786 1170 844 peecare,aot
1190 778 1318 847 quid
1340 776 1517 846 jubet,
1547 779 1647 834 nisi
1672 793 1777 834 non
1804 779 2065 850 peccare?

475 869 827 941 Supervacua
852 872 1031 927 autem
1072 873 1454 943 prohiberetur
1488 876 1505 904 ⁸
1539 874 1722 936 homo,
1771 888 1838 928 ne
1867 889 2065 944 pecca-

477 972 587 1018 tum
616 963 1004 1026 committeret,
1046 964 1089 1041 si
1124 963 1243 1034 ejus
1281 965 1654 1022 committendi
1698 965 1925 1020 liberam
1962 980 2060 1036 po-

476 1062 720 1108 testatem
776 1070 885 1109 non
920 1055 1161 1111 haberet.
1194 1054 1311 1110 Non
1346 1056 1506 1110 'enitn
1545 1057 1887 1127 prohibetur,
1918 1055 2063 1125 quod

474 1162 578 1201 non
606 1155 783 1217 potest
817 1161 961 1202 esse.
1000 1150 1105 1202 Aut
1159 1160 1266 1219 qua
1296 1149 1507 1203 ratione
1541 1147 1823 1219 juberetur
1852 1136 1917 1204 ei
1951 1163 2062 1203 non

474 1252 726 1309 peccare,
769 1239 818 1295 si
873 1239 1187 1296 nullomodo
1231 1249 1414 1309 posset
1436 1242 1704 1311 peccare?
1733 1239 1864 1294 Illud
1916 1239 2062 1301 enim

470 1327 617 1384 licus
645 1329 831 1385 debuit
852 1329 1065 1409 jubere,
1095 1332 1240 1401 quod
1278 1320 1464 1401 posset
1488 1331 1654 1386 homo
1677 1329 1878 1387 facere.
1908 1329 2063 1412 Quod

474 1430 652 1474 autem
683 1434 789 1476 non
817 1430 998 1492 posset
1046 1422 1207 1475 homo
1236 1421 1439 1487 facere,
1470 1424 1744 1493 quomodo
1790 1422 1934 1478 Deus
1977 1438 2066 1478 vo-

473 1508 564 1562 luit
590 1511 808 1583 jubere,
841 1529 947 1571 non
988 1505 1164 1569 video.
1191 1512 1500 1586 Siquidem,
1526 1526 1587 1571 ut
1614 1514 1798 1581 vultis,
1832 1514 1881 1572 si
1921 1515 2068 1573 Deus

481 1600 589 1656 tale
627 1602 856 1660 liberum
908 1605 1193 1661 arbitrium
1244 1607 1296 1662 iu
1339 1606 1559 1664 homine
1606 1616 1854 1675 crearet,
1897 1618 1955 1663 ut
1995 1623 2064 1664 eo

2167 422 2520 482 manifestum
2545 431 2657 486 est,
2688 424 2921 479 utnulla
2969 424 3095 479 hinc
3135 425 3419 480 doctorum
3467 428 3747 498 paucitas,

2163 512 2310 567 nulla
2340 513 2681 569 indoctorum
2715 513 2873 569 turba
2903 514 3208 570 dissentiat.
3233 515 3415 584 Quare
3439 526 3533 573 aut
3555 534 3755 591 negan-

2164 605 2293 660 dum
2319 615 2401 660 est
2427 617 2714 676 peccatum
2741 606 3008 661 committi
3028 649 3043 671 ,
3073 614 3167 661 aut
3208 606 3485 663 fatendum
3515 622 3626 673 est,
3654 625 3754 663 vo-

2162 682 2682 751 luntatemnuuitti.
2731 694 2849 753 Non
2884 707 3066 752 autem
3103 705 3251 753 recte
3286 708 3450 770 negat
3495 714 3755 769 peccasse

2160 787 2436 852 animam,
2465 788 2555 857 qui
2583 797 2639 844 et
2661 789 2990 859 pocuitendo
3015 805 3137 845 eam
3165 792 3366 863 corrigi
3390 792 3414 823 ⁸
3441 792 3672 857 fatetur,
3699 803 3756 848 et

2164 875 2375 931 veniam
2409 876 2708 945 poenitenti
2732 877 2869 941 dari,
2889 885 2943 931 et
2966 890 3405 948 perseverantem
3431 880 3485 936 in
3515 884 3754 952 peccatis

2155 963 2307 1036 justa
2329 966 2424 1022 Dei
2449 965 2565 1038 lege
2596 966 2618 996 ‘
2639 967 2906 1022 damnari.
2931 967 3235 1036 Postremo,
3262 970 3308 1025 si
3336 987 3444 1027 non
3474 971 3756 1032 voluntate

2164 1054 2306 1111 male
2335 1054 2587 1124 facimus,
2618 1073 2778 1114 nemo
2817 1057 3186 1131 objurgandus
3210 1062 3464 1131 omnino,
3509 1074 3605 1120 aut
3632 1081 3756 1121 tuo-

2162 1145 2375 1203 nendus
2402 1155 2520 1214 est;
2547 1148 2747 1218 quibus
2770 1149 2998 1206 sublatis
3026 1150 3337 1215 Christiana
3389 1154 3473 1210 lex
3502 1166 3559 1212 et
3586 1157 3754 1213 disci-

2147 1233 2309 1305 plina
2331 1238 2510 1301 omnis
2539 1238 2815 1309 religionis
2847 1239 3128 1297 auferatur
3151 1258 3377 1324 necesse
3408 1255 3516 1300 est.
3546 1245 3755 1304 Volun-

2166 1334 2281 1383 tate
2301 1342 2434 1398 ergo
2460 1340 2743 1398 peccatur,
2769 1339 2826 1385 et
2854 1331 3111 1400 quoniam
3145 1336 3363 1402 peccati
3389 1351 3498 1392 non
3529 1335 3754 1391 dubium

2162 1426 2268 1482 est,
2299 1433 2401 1474 nec
2432 1418 2534 1473 hoc
2563 1419 2780 1489 quidem
2807 1422 3162 1478 dubitandum
3196 1423 3374 1492 video,
3411 1426 3614 1482 habere
3636 1430 3754 1481 ani—

2164 1523 2282 1566 mas
2305 1508 2534 1567 liberum
2563 1510 2858 1567 voluntatis
2879 1512 3202 1580 arbitrium;
3235 1508 3369 1593 tales
3390 1517 3538 1572 enim
3566 1532 3756 1573 servos

2163 1616 2295 1660 suos
2338 1601 2589 1657 meliores
2631 1603 2925 1660 esse-Deus
2964 1604 3249 1674 judicavit,
3291 1607 3338 1662 si
3386 1608 3435 1662 ei
3484 1609 3757 1665 servirent

479 1705 685 1752 tantum
711 1714 815 1751 nou
843 1712 1070 1768 peccare
1095 1709 1296 1769 posset,
1319 1712 1387 1754 eo
1412 1713 1539 1756 vero
1563 1708 1793 1770 peccare
1819 1715 1923 1756 non
1945 1716 2066 1772 pos-
2096 1690 2141 1752 Β
2166 1692 2498 1760 liberaliter;
2526 1696 2671 1766 quod
2701 1684 2847 1751 nullo
2876 1701 3036 1753 modo
3063 1698 3178 1753 fieri
3202 1708 3409 1770 posset,
3440 1702 3487 1758 si
3515 1717 3625 1758 non
3655 1718 3751 1758 voc

416 1812 421 1815 >
470 1801 578 1850 set,
638 1789 911 1857 quomodo
967 1804 1133 1844 unum
1189 1790 1489 1861 prohibuit,
1554 1790 1609 1846 id
1653 1800 1760 1857 est,
1810 1785 2061 1863 peccare,

471 1891 623 1945 oms,
656 1878 759 1933 etsi
804 1894 910 1933 non
946 1878 1353 1949 prohiberetur,
1386 1896 1493 1935 non
1548 1889 1718 1946 esset,
1766 1882 1912 1953 quod
1942 1875 2065 1938 esse

473 1964 592 2031 lege
623 1979 851 2025 naturae
881 1985 987 2025 nou
1038 1970 1249 2027 sinente
1288 1986 1394 2027 non
1425 1980 1630 2042 posset,
1660 1972 1893 2047 alterum
1933 1987 2064 2029 vero

472 2058 744 2127 quomodo
778 2060 943 2129 jussit
991 2060 1045 2141 ⁸,,
1089 2060 1189 2116 hoc
1220 2068 1321 2122 est.
1373 2076 1479 2115 non
1523 2076 1769 2131 peccare,
1813 2062 2061 2133 quando-

473 2149 710 2217 quidem.
742 2154 785 2208 si
823 2167 927 2206 non
959 2150 1266 2221 juberctur,
1295 2158 1357 2206 ut
1381 2152 1557 2219 tieret,
1581 2152 1894 2209 necessario
1931 2152 2061 2209 fuis-

473 2240 591 2295 set?
619 2238 673 2295 Si
706 2256 848 2296 enim
876 2255 1102 2311 peccare
1126 2257 1231 2297 non
1258 2254 1442 2313 posset
1462 2243 1702 2300 naturali
1729 2244 1779 2299 vi
1811 2252 2061 2317 cogente,

471 2349 581 2405 quo
609 2347 766 2407 pacto
791 2337 1087 2407 peccat-etv?

544 2425 638 2482 tx.
666 2425 762 2484 His
782 2441 911 2497 ergo
934 2412 1236 2485 rationibus
1254 2428 1557 2485 confectum
1579 2439 1682 2495 est,
1697 2432 1863 2486 Deum
1885 2430 2064 2500 primo

476 2515 681 2572 homini
718 2515 875 2571 talem
920 2518 1250 2573 voluntatem
1294 2528 1351 2573 et
1380 2517 1634 2584 dedisse,
1664 2527 1720 2573 et
1763 2517 1816 2574 in
1853 2533 1920 2574 eo
1940 2532 2061 2573 eam

476 2608 788 2668 condidisse
840 2609 892 2665 in
937 2618 1145 2664 tantum
1190 2608 1442 2677 liberam,
1486 2596 1549 2664 ut
1595 2624 1695 2681 per
1728 2624 1848 2664 eam
1878 2617 2063 2681 posset

477 2717 724 2773 peccare,
758 2713 933 2772 posset
966 2719 1072 2759 non
1102 2684 1351 2774 peccare,
1385 2705 1528 2759 sicut
1554 2704 1726 2775 potuit
1755 2704 1933 2768 mori,
1959 2718 2061 2776 po-

479 2792 577 2847 tuit
610 2809 712 2846 non
746 2794 900 2847 mori.
934 2792 1166 2851 Proinde
1192 2794 1425 2863 primum
1459 2794 1772 2849 mandatum
1803 2793 1856 2848 in
1883 2794 2063 2849 medio

476 2887 827 2939 constitutum
860 2898 944 2940 est
975 2886 1114 2940 inter
1134 2886 1467 2957 peccandum
1489 2898 1543 2942 et
1565 2902 1672 2941 non
1704 2885 2057 2957 peccandum.

2164 1785 2400 1854 luntate,
2428 1787 2522 1844 sed
2549 1799 2875 1847 necessitate
2904 1791 3173 1846 servirent
3203 1812 3221 1844 ι
3250 1805 3300 1845 ι.

2703 1943 3096 2025 εΑιριιιῑιιυιι
3137 1948 3221 2005 vi.
3307 1951 3313 1957 ’

2162 2060 2242 2117 De
2259 2076 2320 2119 eo
2341 2059 2481 2133 quod
2506 2078 2604 2114 non
2638 2060 2850 2133 aliunde
2872 2061 2937 2133 sit
2970 2078 3118 2114 omne
3141 2065 3407 2133 percarum
3428 2104 3442 2128 ,
3466 2065 3567 2117 nisi
3588 2062 3753 2119 libero

2541 2132 2785 2203 propriae
2813 2132 3094 2186 uoluntatis
3129 2132 3372 2187 arbitrio.
3728 2137 3733 2141 ’

2233 2242 2275 2299 1.
2299 2242 2636 2299 Fimiissime
2674 2243 2837 2312 igitur
2863 2244 3178 2308 tenendum,
3211 2244 3416 2299 nullum
3443 2256 3744 2315 peccatum.

2162 2333 2267 2390 hoc
2304 2342 2388 2389 est
2423 2318 2791 2399 malefactum,
2810 2332 3117 2404 nullamque
3143 2334 3259 2404 ejus
3285 2349 3512 2404 poenam
3536 2335 3752 2393 aliunde

2161 2426 2332 2491 nasci,
2366 2425 2469 2482 nisi
2510 2427 2728 2496 ptopria
2768 2426 3006 2483 hominis
3049 2427 3356 2493 voluntate,
3391 2429 3560 2484 libero
3609 2431 3750 2486 male
3816 2478 3821 2482 .

2161 2522 2364 2576 utentis
2389 2520 2614 2575 arbitrio
2639 2520 2685 2573 δ.
2728 2519 2911 2590 Neque
2938 2520 3084 2574 enim
3118 2520 3273 2575 aliter
3301 2520 3416 2577 fieri
3449 2536 3576 2577 vera
3610 2528 3751 2579 ratio

2161 2608 2597 2679 inveuil.,(lujus
2638 2611 2715 2664 rei
2759 2611 3131 2667 ostendendae
3170 2626 3333 2665 causa
3380 2612 3639 2667 utendum
3664 2623 3752 2669 est

2161 2717 2230 2758 eo
2252 2710 2601 2772 argumento,
2634 2700 2778 2771 quod
2825 2701 3060 2758 sumitur
3088 2717 3118 2779 ιι
3162 2700 3574 2772 comparatione
3601 2702 3647 2758 '.
3688 2701 3749 2760 Si

2161 2793 2397 2851 humana
2427 2794 2679 2849 voluntas
2704 2805 2787 2848 εει
2827 2793 3124 2848 secundum
3159 2803 3409 2848 naturam
3432 2836 3445 2858 ,
3479 2795 3621 2850 unde
3651 2782 3751 2850 du«

2161 2884 2339 2941 bitare
2382 2884 2801 2952 stultissimum,
2852 2883 2982 2939 nulli
3027 2884 3268 2947 dubium,
3312 2900 3433 2940 eam
3481 2903 3587 2942 non
3626 2902 3749 2944 esse

481 2974 657 3032 Unum
682 2976 836 3041 enim
866 2977 1177 3047 prohibuit,
1224 2977 1367 3051 quod
1399 2977 1513 3034 fieri
1547 2967 1801 3035 libertate
1830 2986 2060 3032 naturae
2102 3046 2129 3051 Δ
2162 2991 2431 3032 summam
2480 2978 2722 3032 omnium
2774 2977 3142 3041 voluntatem,
3192 2993 3258 3033 eo
3307 2980 3544 3035 maxime
3589 2995 3749 3051 argu-

477 3068 683 3138 potuit;
718 3046 948 3123 alterum
973 3067 1153 3137 jussit,
1186 3046 1330 3139 quod
1360 3067 1478 3124 fieri
1516 3078 1572 3121 et
1610 3078 1827 3135 natura,
1852 3077 1907 3123 et
1934 3082 2058 3140 δι’δι-
2086 3046 2133 3109 Cv
2164 3076 2371 3131 mento,
2398 3066 2540 3135 quod
2571 3066 2846 3122 mutabilis
2870 3065 2960 3125 sit.
2992 3067 3049 3121 Si
3084 3066 3229 3122 enim
3262 3084 3473 3124 summa
3505 3046 3746 3125 omnium

479 3158 551 3212 tia
581 3152 684 3214 nun
715 3158 948 3227 negavit,
982 3157 1062 3224 u't,
1091 3159 1138 3214 si
1178 3159 1228 3215 ei
1269 3159 1491 3214 obedire
1532 3159 1712 3226 vellet,
1737 3160 1883 3243 juste
1931 3158 1955 3192 ³
1982 3159 2060 3213 vi-

478 3260 589 3308 tam
620 3250 838 3305 beatam
870 3250 1158 3321 reciperet,
1202 3249 1285 3305 sin
1334 3266 1464 3306 vero
1490 3249 1621 3306 illud
1647 3259 2058 3315 contemneret,

472 3353 617 3416 jnsle
642 3342 881 3396 debitam
905 3350 1134 3397 mortem
1164 3340 1500 3423 subindeque
1530 3341 1808 3397 miseriam
1830 3342 2058 3399 subiret.

395 3440 401 3446 ‘
477 3435 626 3502 Quae
655 3450 780 3491 cum
820 3435 895 3490 ita
937 3435 1081 3500 sint,
1113 3435 1295 3489 nullus
1337 3434 1771 3491 Christianorum
1810 3435 2063 3493 dubitare

476 3525 657 3589 debet,
688 3526 855 3582 Deum
908 3526 1278 3612 uuiversrtatis
1320 3527 1655 3583 conditorem
1701 3527 1921 3584 dedisse
1958 3529 2061 3584 lio-

480 3618 608 3676 mini
632 3618 857 3677 liberum
887 3618 1192 3685 arbitrium,
1218 3618 1269 3673 id
1294 3628 1398 3685 est,
1421 3619 1741 3676 electionem
1772 3619 1888 3676 sive
1910 3620 2058 3691 boni,

479 3714 592 3769 sive
623 3711 772 3778 mali,
802 3726 900 3765 nec
921 3710 1079 3765 aliter
1100 3725 1223 3765 eum
1255 3709 1386 3765 dare
1410 3709 1682 3778 debuisse,
1716 3711 1817 3766 nisi
1841 3711 2064 3768 omnino

480 3802 731 3867 liberum,
765 3818 830 3856 eo
858 3800 1064 3859 scilicet
1101 3807 1157 3856 et
1201 3809 1637 3867 monstraturus,
1685 3802 1816 3873 quid
1866 3802 1923 3859 iu
1972 3805 2065 3860 ho-

480 3896 624 3951 mine
670 3893 1007 3964 praevaleret
1044 3902 1238 3949 natura
1284 3895 1402 3950 sine
1448 3892 1834 3967 gratia,-quid
1880 3897 2058 3966 gratia

478 3994 661 4058 pesset
701 3985 752 4040 in
786 3995 1000 4051 natura,
1035 3984 1163 4056 quid
1182 3983 1435 4053 ~ju5titiae
1471 3986 1748 4051 meritum,
1778 3986 1910 4057 quid
1935 4002 2061 4058 pec-

481 4076 609 4141 cati,
634 4076 763 4147 quid
810 4075 1003 4130 deinde
1044 4089 1176 4131 suae
1207 4074 1495 4130 ineti’abiiis
1537 4075 1807 4146 largitatis
1833 4076 2061 4145 donum,

482 4168 535 4223 in
566 4177 799 4228 tantum,
829 4175 886 4221 ut
916 4165 1164 4237 quisquis
1184 4165 1421 4221 libertati
1448 4166 1658 4221 arbitrii
1687 4169 1931 4239 deroget,
1967 4181 2061 4224 aut

482 4259 807 4322 minuendo.
838 4265 931 4314 aut
957 4258 1172 4329 penitus
1198 4256 1495 4313 auferendo
1515 4298 1528 4321 ,
1559 4266 1653 4312 aut
1682 4257 2065 4329 blaspheman-

482 4351 550 4405 do
570 4350 623 4415 ‘,
652 4348 796 4404 cum'
816 4352 980 4405 totius
1002 4348 1347 4405 Christianae
1370 4347 1683 4420 disciplinae
1705 4348 2062 4419 proculdubio

2163 3167 2330 3224 esset,
2370 3155 2639 3227 quomodo
2685 3156 2959 3212 mutabilis
2999 3171 3120 3214 esse
3161 3162 3376 3229 posset?
3421 3161 3535 3217 Non
3587 3166 3750 3235 igitur

2164 3264 2401 3307 summa.
2425 3248 2691 3318 Quoniam
2718 3262 2846 3304 vero
2866 3265 2985 3305 eam
3012 3250 3241 3306 rationis
3266 3267 3512 3309 summae
3529 3256 3745 3326 partici-

2162 3358 2287 3417 pem
2316 3333 2437 3400 esSe
2460 3342 2736 3407 videmus,
2783 3327 3030 3398 dubitare
3076 3359 3183 3400 non
3232 3358 3539 3415 possumus,
3575 3348 3750 3418 ipsam

2165 3431 2489 3490 rationalem
2534 3430 2893 3489 substantiam
2929 3447 3068 3489 esse.
3111 3432 3343 3502 Deinde,
3390 3437 3434 3492 si
3470 3438 3752 3496 rationalis

2165 3536 2365 3583 natura
2411 3523 2780 3587 irratiouaicm
2826 3526 3021 3581 merito
3044 3528 3365 3597 praecedit,
3395 3530 3661 3600 sequitur,
3694 3540 3752 3586 ut

2166 3617 2450 3677 rationalis
2480 3603 2679 3673 natura
2709 3615 2986 3673 mutabilis
3036 3618 3216 3674 minor
3260 3620 3331 3675 sit
3377 3606 3626 3676 rationali
3670 3622 3755 3678 in-

2166 3710 2535 3769 commutabili
2564 3710 2618 3775 '.,
2650 3708 2822 3779 major
2852 3725 2983 3766 vero
3029 3709 3329 3766 irrationali
3376 3708 3750 3783 mutabilique.

2167 3802 2447 3861 Summam
2476 3802 2640 3874 igitur
2664 3802 2906 3859 onmium
2946 3802 3183 3858 divinam
3217 3806 3548 3861 voluntatem
3586 3804 3757 3861 nullo.

2165 3893 2330 3952 modo
2354 3890 2620 3949 voluntati
2650 3890 2927 3958 rationali,
2957 3907 3119 3962 quam
3151 3895 3376 3960 creavit,
3404 3895 3488 3951 vel
3517 3899 3757 3955 suasisse

2165 3999 2420 4059 peccare,
2461 3983 2546 4038 vel
2586 3997 2707 4039 eam
2747 3982 2991 4055 coegisse
3034 3984 3103 4037 ad
3147 3985 3501 4054 peccandum,
3529 3987 3756 4043 credent

2165 4076 2446 4135 debemus.
2490 4072 2828 4130 irrationalis
2860 4089 2989 4131 vero
3019 4073 3266 4131 voluntas
3288 4116 3303 4141 ,
3345 4075 3488 4132 sicut
3530 4088 3610 4134 est
3642 4084 3759 4135 ani-
3806 4118 3807 4121 η

2167 4167 2408 4233 malium,
2436 4165 2708 4240 quomodo
2729 4164 3007 4221 meliorem
3037 4180 3095 4220 se
3127 4164 3456 4222 voluntatem
3494 4168 3753 4239 vinceret,

2166 4259 2491 4332 praesertim
2530 4273 2652 4314 cum
2699 4259 2814 4328 ipsa
2843 4270 3070 4327 peccare
3099 4271 3209 4312 non
3238 4258 3408 4327 possit
3437 4274 3631 4316 carens
3671 4278 3759 4317 ra-

2171 4350 2356 4409 tione?
2382 4348 2665 4419 Quomodo
2705 4347 2881 4417 potuit
2908 4354 2999 4401 aut
3041 4348 3300 4413 suadere,
3332 4361 3426 4403 aut
3465 4364 3661 4422 cogere
3689 4352 3759 4408 ad

485 4447 762 4500 innuit-um
799 4452 856 4499 et
880 4442 1063 4498 divina
1097 4452 1153 4498 et
1176 4442 1410 4498 humana
1440 4441 1727 4497 cenvincat
1746 4442 2061 4499 auctoritas.
2091 4428 2143 4488 Ῑ)
2170 4442 2506 4518 peccandum
2537 4440 2819 4497 fortiorem
2849 4455 2907 4494 se
2938 4438 3297 4506 voinntatem,
3328 4442 3538 4497 ratione
3558 4445 3761 4516 quippe

485 4534 620 4592 Hinc
646 4536 979 4606 Augustinus
1008 4534 1062 4590 in
1090 4534 1228 4590 libm
1253 4534 1321 4589 de
1357 4549 1483 4589 vera
1522 4533 1820 4606 religione:
1855 4554 1874 4587 ι
1910 4535 2067 4591 Defe-

484 4629 945 4685 cmsautemistex
1004 4627 1099 4695 ait,
1123 4646 1142 4681 ι
1162 4626 1254 4699 qui
1286 4635 1565 4697 peccatum
1590 4636 1834 4693 vocatur,
1865 4627 1911 4683 si
1942 4637 2063 4683 tau-

486 4733 645 4790 quam
675 4718 842 4774 febris
871 4717 1098 4773 invitum
1130 4732 1425 4787 occuparet
1451 4758 1464 4780 ,
1494 4727 1641 4772 recte
1671 4717 1865 4786 iujdsm
1893 4732 2067 4788 poena

487 4812 781 4879 videretur,
829 4824 971 4882 quae
1021 4798 1337 4880 peccantem
1393 4808 1774 4879 consequitur,
1821 4820 1879 4863 ct
1926 4823 2070 4880 quae

487 4901 757 4959 rlaitinstio
783 4908 1148 4970 nuncupatur.
1178 4898 1332 4954 Nunc
1357 4912 1487 4955 vero
1515 4912 1687 4970 usque
1710 4898 1842 4954 adeo
1874 4914 2068 4968 pecco-

490 5000 601 5045 tum
630 4991 992 5047 voluntarium
1020 4988 1222 5044 malum
1247 4997 1343 5054 est,
1381 4996 1438 5043 ut
1468 4986 1616 5044 nullo
1642 4986 1803 5045 modo
1834 4985 1907 5043 sit
1934 4999 2067 5060 pec-

2173 4530 2453 4591 uteutemi
2481 4531 2670 4587 Restat
2694 4546 2796 4601 par
2816 4529 2934 4599 ejus
2963 4530 3210 4587 voluntas
3229 4570 3245 4596 ,
3293 4518 3455 4601 quae,
3485 4533 3532 4589 si
3576 4533 3757 4605 aliqua

2170 4634 2277 4691 est,
2299 4633 2395 4679 aut
2421 4614 2556 4678 vitio
2580 4631 2751 4687 caret,
2776 4631 2869 4676 aut
2900 4621 3087 4676 vitiata
3121 4634 3222 4676 ρει.
3268 4623 3373 4678 Sed
3414 4624 3459 4678 si
3502 4625 3634 4680 vitio
3659 4639 3757 4681 ca-

2172 4725 2311 4783 reat,
2329 4713 2602 4786 quomodo
2626 4713 2708 4768 vel
2732 4704 2981 4778 suadere,
3003 4712 3087 4767 vel
3119 4700 3312 4783 cog'ere
3341 4723 3543 4784 potest,
3568 4718 3760 4774 vitium

2172 4806 2292 4863 ﬁeri
2335 4805 2393 4861 in
2440 4819 2535 4861 sua
2575 4804 2695 4881 pari
2738 4803 3052 4859 voluntate?
3093 4800 3248 4857 Nulla
3294 4805 3441 4859 enim
3485 4806 3758 4873 voluntas,

2173 4910 2371 4954 carens
2402 4888 2554 4962 vitio,
2584 4894 2647 4950 in
2675 4893 2780 4948 alia
2810 4893 3086 4949 voluntate
3113 4892 3299 4950 vitium
3325 4895 3507 4950 cilicii.
3542 4896 3600 4951 Si
3633 4912 3760 4954 vero
3858 4932 3869 4940 -

2171 4984 2366 5043 vitiata
2397 4992 2518 5054 est,
2552 4999 2662 5041 non
2689 4990 2808 5040 erat
2840 4998 2942 5057 par
2984 4984 3255 5047 humanae
3295 4984 3595 5042 voluntatis
3631 4997 3759 5045 ante

1795 5113 2024 5172 VAlllAE
2051 5109 2458 5171 LECTIONES.

562 5216 591 5287 ‘_
603 5211 703 5287 Sic
718 5213 819 5268 cod
852 5251 865 5274 ,
890 5210 955 5287 at
981 5211 1307 5287 prohibetur.
1385 5215 1406 5246 ³
1428 5210 1747 5287 (ξοδ-.-ἰωῆς
1772 5224 1855 5287 sm
1882 5223 2120 5279 semper.
2172 5195 2220 5287 7‘
2238 5207 2331 5287 Sic
2352 5206 2501 5274 cod.,
2613 5216 2663 5260 et
2686 5205 2850 5287 iuste.
2925 5209 2947 5239 ⁵
3128 5203 3558 5287 blaquentando:
3612 5204 3752 5287 '__Sic
3776 5208 3779 5211 λ

490 5283 618 5339 cod.
660 5282 730 5336 M.
766 5284 956 5354 corrigi
978 5275 1124 5354 me
1180 5283 1218 5354 θ’
1245 5283 1336 5354 δίς
1361 5282 1506 5342 cod..
1535 5281 1606 5335 Μ.
1628 5282 1768 5349 infra
1798 5275 2185 5354 Dlt‘leg'ﬂlttei
2206 5278 2275 5333 ad
2302 5293 2476 5350 marg.
2499 5278 2681 5332 adscr.
2705 5276 2779 5332 al.
2802 5277 2943 5332 iusta
2968 5275 3064 5331 Dei
3085 5278 3211 5347 lege.
3289 5281 3308 5312 τ
3329 5278 3423 5334 Sic
3447 5278 3564 5333 cod.
3582 5318 3599 5345 ,
3624 5277 3696 5333 Μ.
3718 5294 3752 5335 a

494 5356 571 5406 ι·ιί
599 5368 696 5404 con
725 5349 1031 5423 paratione.
1106 5351 1129 5386 ⁸
1157 5353 1287 5409 Cod.
1317 5353 1747 5407 incoiitmotubiii.
1784 5367 1862 5407 sic
1892 5349 2009 5406 fere
2042 5350 2268 5420 ubique.

2033 5447 2284 5505 NOTAE.

561 5558 582 5585 ι
628 5548 970 5613 Augustinus
1000 5546 1065 5598 de
1101 5560 1221 5599 uera
1264 5545 1414 5614 relig.
1441 5585 1455 5604 .
1496 5558 1617 5614 cap.
1659 5544 1746 5603 Η,
1806 5570 1809 5573 -

565 5620 586 5654 δ
629 5615 1323 5686 Anmadvertas,pvrc.itum
1347 5618 1568 5682 qudem
1594 5617 1810 5687 propria
1830 5615 2066 5670 hominis

2174 5544 2454 5614 voluntate
2477 5541 2885 5614 nasri,poenam
2916 5557 2970 5597 ve
2984 5557 3044 5596 ru
3066 5541 3179 5611 ejus
3207 5558 3238 5597 ιι
3265 5538 3373 5597 Deo
3395 5541 3541 5612 justo
3562 5540 3759 5614 judice

2172 5613 2425 5686 irrogari.
2452 5613 2523 5668 Cf
2578 5613 2742 5668 Prud.
3182 5638 3191 5645 -
