4236 6072
552 290 741 354 381·

1651 303 1855 363 LIBER
1876 307 1975 364 “DF.
2010 303 2735 365 PRAEDESTlNATlONE.

3705 304 3815 362 382

554 430 865 486 peccatum.
893 417 1083 477 Melior
1109 432 1192 476 est
1234 423 1380 478 enim
1414 425 1593 499 omnis
1621 430 1876 484 voluntas
1935 445 2130 484 corru-
2159 432 2206 489 Δ
2234 428 2369 485 mihi
2394 430 2767 487 videnturhoc
2795 446 2904 487 uno
2923 444 3122 504 genere
3140 429 3563 492 contineri,cum
3577 431 3817 502 quisque

544 508 742 581 ptiono
768 528 964 570 carens
999 530 1063 570 ea
1112 532 1231 572 non.
1272 527 1519 574 carente.
1547 505 1908 578 Cat-cluditur
1952 522 2135 579 omnis

521 625 525 629 '
560 612 834 669 matetaeti
873 611 1110 678 occasio,
1149 612 1434 682 poenaque
1457 608 1575 681 ejus
1600 610 1809 679 omnis,
1840 610 1897 666 in
1919 623 2138 682 propria

560 708 797 764 hominis
824 707 1124 766 voluntate.
1252 738 1255 741 -
1905 690 1910 696 ’

626 796 690 854 II.
720 798 857 854 llinc
878 796 1210 869 Augustinus
1231 797 1286 853 in
1314 797 1488 868 primo
1515 796 1656 852 libro
1702 795 1961 854 delibero
1989 797 2137 854 arbi-

556 890 693 947 trio:
720 910 741 942 ι
768 891 917 963 Ergo
939 889 1285 961 relinquitur,
1310 899 1391 957 ut,
1420 890 1674 960 quoniam
1701 889 1943 961 regnanti
1968 888 2135 944 menti

555 980 899 1052 competique
926 981 1145 1037 virtutis
1168 979 1424 1050 quicquid
1449 996 1570 1051 par,
1594 989 1685 1033 aut
1711 979 2007 1051 praelatum
2028 985 2130 1046 est,

479 1064 497 1076 ί
552 1087 661 1129 non
699 1085 823 1128 eaut
870 1070 1002 1127 facit
1051 1085 1262 1127 servam
1297 1071 1535 1129 libidinis
1578 1079 1799 1141 propter
1833 1069 2147 1142 justitiam,

555 1162 809 1234 quicquid
851 1173 1033 1218 autem
1079 1161 1309 1218 inferius
1346 1171 1455 1228 est,
1486 1176 1592 1217 non
1622 1160 1795 1232 possit
1820 1161 1922 1218 hoc
1952 1159 2133 1217 facere

547 1261 773 1326 propter
796 1250 1190 1319 inﬁrmitatem,
1235 1254 1377 1311 sicut
1402 1267 1487 1316 ea,
1520 1267 1660 1324 quae
1699 1253 1843 1309 inter
1872 1265 1971 1307 nos
1998 1266 2133 1307 cou-

553 1343 829 1411 stiterunt,
856 1343 1075 1410 docent,
1106 1341 1252 1399 nulla
1296 1357 1385 1399 res
1419 1342 1525 1398 alia
1556 1350 1788 1398 mentem
1819 1340 2134 1412 copitlitatis

456 1426 459 1429 ’
552 1434 808 1491 comitem
846 1432 1044 1500 faciat,
1086 1448 1248 1504 quam
1276 1431 1494 1504 propria
1534 1431 1781 1488 voluntas
1817 1441 1872 1489 et
1900 1432 2131 1489 liberant

544 1522 857 1590 arbitrium,
892 1514 1147 1596 justeque
1187 1521 1336 1577 illam
1371 1537 1472 1593 pro
1499 1530 1722 1593 peccato
1752 1529 1901 1579 tanto
1928 1536 2130 1594 poenas

546 1612 804 1686 pendere.
832 1611 973 1682 Quid
1000 1610 1188 1669 enim?
1225 1609 1363 1667 Num
1390 1611 1505 1683 ipsa
1530 1626 1703 1682 poena
1742 1626 1909 1689 parva
1944 1610 2132 1667 existi-

524 1702 742 1760 manda
765 1709 870 1769 est,
895 1701 1038 1773 quod
1069 1701 1120 1758 ei
1145 1699 1311 1758 libido
1337 1701 1662 1769 dominatur,
1694 1701 2128 1773 expoliatamque

546 1794 763 1851 virtutis
802 1787 1081 1875 opulentia
1124 1808 1224 1865 per
1264 1793 1475 1850 diversa
1517 1793 1751 1868 inopem,
1783 1805 1947 1862 atque
1988 1794 2128 1851 iudi-

542 1897 760 1960 gentem
792 1887 999 1955 trahit,
1039 1902 1183 1943 nunc
1225 1885 1361 1944 falsa
1406 1904 1508 1959 pro
1534 1887 1676 1943 veris
1714 1888 2124 1958 approbantem,

543 1996 688 2036 nunc
714 1978 881 2036 etiam
902 1978 1342 2044 defensitantem,
1366 1994 1509 2034 nunc
1538 1979 1953 2050 improbantem,
1985 1993 2126 2049 quae

541 2082 698 2129 antea
745 2071 1115 2144 probavisset,
1157 2079 1216 2127 et
1265 2070 1687 2127 nihilominus‘
1732 2070 1787 2126 in
1836 2070 1941 2126 alia
1974 2069 2123 2127 falsa

468 2168 471 2171 '
539 2160 875 2229 irruentem,
898 2176 1046 2222 nunc
1085 2162 1452 2221 assensionem
1480 2149 1905 2231 suspendentem
1946 2175 2121 2227 suam,

494 2258 497 2265 λ
538 2262 596 2313 et
617 2253 942 2324 plerumque
983 2251 1298 2324 perspicuas
1342 2249 1785 2307 ratiocinationes
1827 2248 2124 2306 formidan-

477 2361 481 2365 ‘
540 2356 670 2413 tem,
698 2362 843 2402 nunc
867 2346 1248 2418 desperantem
1279 2344 1347 2401 de
1370 2350 1483 2400 tota
1511 2342 1825 2425 inventione
1849 2333 2119 2407 veritatis,

528 2445 592 2494 et
636 2436 901 2494 stultitiae
947 2435 1190 2493 tenebris
1240 2434 1457 2507 penitus
1509 2430 1918 2499 inhaerentem,
1975 2448 2120 2490 nunc

530 2540 827 2587 conantem
874 2527 1148 2585 in'lueem
1192 2525 1546 2598 intelligendi,
1578 2540 1876 2596 rursusque
1921 2525 2117 2598 fatiga-

530 2622 685 2682 tione
735 2620 1106 2699 decidentem,
1152 2634 1274 2675 cum
1328 2617 1535 2675 interea
1582 2617 1940 2689 cupiditatum
1981 2608 2118 2672 illud

463 2781 472 2792 ,
532 2729 761 2788 regnum
809 2712 1091 2786 tyrannica
1130 2710 1370 2778 saeviat,
1420 2718 1474 2773 et
1500 2710 1670 2766 variis
1718 2708 2119 2779 contrariisque

523 2805 951 2879 tempestatibus
964 2813 1137 2862 totum
1160 2804 1392 2861 hominis
1412 2803 1650 2860 animum
1668 2844 1685 2869 ,
1710 2804 1981 2874 vitamque
2001 2819 2118 2873 per-

533 2896 754 2954 turbet?
780 2896 918 2951 [line
945 2894 1156 2961 timore,
1186 2893 1311 2951 inde
1335 2892 1633 2960 desiderio,
1655 2891 1785 2949 hinc
1813 2892 2110 2959 anxietate,

530 2986 657 3046 inde
678 2985 828 3043 inani
850 2981 1097 3055 falsaque
1121 2981 1367 3050 laetitia,
1402 2982 1533 3039 hinc
1562 2981 1810 3040 cruciatu
1836 2981 1915 3038 rei
1942 2984 2112 3039 amis-

529 3091 652 3144 sae,
697 3091 841 3150 quae
888 3075 1237 3150 diligebatur,
1276 3075 1408 3134 inde
1450 3073 1647 3132 ardore
1698 3073 2109 3146 adipiscendae,

529 3182 672 3243 quae
698 3166 817 3224 non
840 3167 1163 3233 habebatur,
1192 3166 1323 3223 hinc
1347 3173 1618 3237 acceptae
1642 3162 1873 3235 injuriae
1908 3164 2111 3221 dolori-

516 3259 649 3327 bus,
678 3259 807 3316 inde
830 3257 1044 3332 facibus
1067 3257 1443 3325 vindicandae,
1474 3271 1907 3329 quaquaversum
1933 3265 2112 3329 potest

534 3358 791 3408 coartare
815 3350 837 3381 '
876 3347 1129 3416 avaritia,
1179 3346 1448 3420 dissipare
1477 3345 1498 3380 ³
1518 3345 1765 3412 luxuria,
1816 3343 2053 3416 adjicere
2084 3341 2108 3376 ‘

526 3442 755 3499 ambitio
772 3481 789 3509 ,
815 3439 1006 3497 inﬂare
1034 3437 1289 3511 superbia
1305 3478 1324 3505 ,
1353 3447 1606 3510 torquere
1636 3437 1869 3501 invidia,
1903 3436 2109 3494 desidia

524 3530 778 3606 sepelire,
806 3530 1113 3603 pervicacia
1137 3529 1432 3596 concitare,
1460 3524 1718 3588 aﬂiietare
1747 3530 2029 3602 subjectis,
2054 3538 2110 3587 et

524 3639 881 3699 quaecunque
897 3621 1001 3680 alia
1020 3620 1434 3680 innumerabilia
1455 3635 1683 3695 regnum
1708 3622 1852 3681 illius
1871 3623 2109 3680 libidinis

2238 522 2510 577 avertitur
2533 538 2561 576 a
2591 523 2797 579 divinis
2818 538 3059 592 vereque
3074 523 3507 590 manentibus,et
3540 519 3607 578 ad
3636 534 3812 579 mula-

2216 610 2368 679 _bilia
2392 621 2557 682 atque
2587 613 2796 670 incerta
2826 614 3190 690 convertitur.
3218 614 3370 683 Quae
3392 630 3725 689 quamquam
3755 615 3812 669 in

2233 704 2426 759 ordine
2456 720 2558 759 suo
2588 714 2738 762 recte
2763 708 2939 763 locata
2957 707 3090 773 sint,
3116 694 3339 764 etsuam
3363 710 3659 778 quamdam
3690 707 3813 781 pul-

2233 795 2601 852 chritudinem
2635 807 2916 871 peragant,
2957 802 3202 869 perversi
3232 809 3412 856 tamen
3444 801 3614 855 animi
3644 812 3727 854 est
3757 808 3813 855 et

2232 888 2552 955 inordinati;
2580 890 2660 947 eis
2707 892 3005 961 sequendis
3037 892 3256 964 subjici,
3286 891 3487 962 quibus
3515 892 3582 946 ad
3616 904 3810 946 notum

2229 995 2388 1036 suum
2406 981 2672 1039 ducendis
2690 984 2877 1055 potius
2897 983 3085 1050 divino
3102 983 3295 1057 ordine
3313 1002 3377 1041 ac
3393 985 3516 1058 jure
3534 985 3812 1057 praelatus

2222 1082 2335 1132 est.
3367 1066 3373 1071 ’

2745 1166 3142 1237 CAPITULUM
3174 1166 3290 1231 ΥΠ.

2228 1281 2383 1349 Quod
2414 1283 2636 1338 liberant
2668 1282 2957 1344 voluntatis
2979 1284 3259 1347 arbitrium
3314 1284 3704 1341 numerandum
3739 1285 3808 1337 sit

2296 1357 2432 1424 inter
2463 1353 2597 1407 bona
2625 1370 2761 1424 quae
2796 1348 2931 1407 Delta
2967 1356 3166 1409 homini
3196 1354 3449 1424 largitur,
3474 1357 3712 1424 quorum
3743 1370 3803 1407 eo

2286 1423 2436 1477 male
2460 1423 2664 1481 utatur.
2687 1423 2835 1488 Quae
2863 1438 2936 1478 cst
2970 1441 3132 1478 causa
3162 1423 3366 1495 peccati
3400 1435 3450 1477 et
3475 1423 3789 1493 peccatum.

2214 1588 2224 1596 .
2296 1537 2335 1593 Ι.
2367 1537 2486 1601 Non
2508 1551 2639 1608 ergo
2663 1537 2896 1593 liberum
2925 1534 3211 1603 arbitrium
3243 1539 3567 1606 tnalumjest.
3593 1554 3716 1595 cum
3739 1556 3808 1595 eo

2196 1628 2462 1697 quisque
2492 1628 2642 1684 male
2693 1638 2901 1694 utatur,
2934 1630 3027 1682 sed
3079 1640 3164 1685 est
3228 1631 3629 1686 tmmeraadum
3663 1633 3809 1688 inter

2223 1721 2363 1775 bona
2389 1732 2529 1792 quae
2555 1720 2764 1778 homini
2789 1722 2972 1776 divitia
2990 1722 3235 1793 largitate
3259 1724 3458 1778 donata
3478 1733 3627 1789 sunt,
3645 1737 3809 1793 prae-

2188 1810 2193 1813 ’
2222 1809 2416 1866 sertim
2442 1825 2565 1866 cum
2586 1812 2767 1882 potius
2787 1815 2853 1867 ad
2874 1812 3012 1868 bene
3036 1815 3295 1869 utendum
3321 1829 3387 1870 eo
3413 1816 3598 1868 datum
3622 1817 3713 1869 sit.
3748 1816 3805 1870 lu

2223 1901 2331 1958 hoc
2355 1903 2507 1958 enim
2543 1905 2777 1958 maxime
2809 1907 3053 1975 arguitur
3088 1905 3322 1959 humana
3358 1906 3625 1971 voluntas,
3656 1906 3806 1975 quod

2222 2010 2288 2064 eo
2318 1994 2489 2062 dono,
2517 1990 2664 2065 quod
2694 1997 2745 2049 ci
2774 1996 2963 2051 datum
2993 2007 3076 2050 eat
3102 1994 3166 2049 ad
3200 2006 3351 2051 recte
3379 1997 3661 2060 utendum,
3691 2012 3805 2065 ma-

2220 2086 2601 2158 luitperverse
2620 2087 2717 2141 uti.
2749 2088 2853 2140 Sed
2882 2086 3079 2141 merito
3106 2089 3410 2156 quaeritur,
3439 2102 3540 2161 cur
3563 2101 3633 2141 eo
3661 2090 3804 2142 male

2226 2180 2302 2233 uti
2335 2180 2533 2250 potuit.
2586 2180 2986 2249 llesrioudetur,
3009 2180 3137 2249 quia
3170 2188 3395 2251 nonest
3417 2191 3672 2249 maguum
3701 2180 3804 2237 bu-

2226 2285 2382 2337 num,
2414 2287 2525 2342 quo
2553 2286 2718 2327 nemo
2759 2272 2897 2327 male
2926 2274 3006 2325 uti
3038 2280 3238 2340 potest.
3273 2269 3413 2326 Sunt
3435 2274 3579 2326 enim
3605 2286 3802 2340 magna

2226 2363 2392 2431 bona,
2430 2378 2571 2433 quae
2603 2378 2633 2418 a
2666 2362 2778 2418 Deo
2814 2363 3025 2419 homini
3057 2363 3075 2395 ⁷
3111 2362 3406 2428 donantur,
3439 2374 3568 2418 sunt
3595 2347 3799 2429 media,

2225 2464 2356 2511 sunt
2386 2455 2726 2523 mininta._l£t
2747 2456 2966 2527 quidem
2995 2456 3205 2528 magnis
3227 2456 3417 2533 nullus
3441 2461 3577 2512 male
3607 2459 3795 2512 utitur.

2225 2546 2359 2621 Quis
2385 2547 2532 2603 enim
2551 2548 2859 2617 prudentia,
2884 2551 3265 2619 temperantia,
3287 2551 3799 2621 fortitudinejnsti-

2221 2625 2294 2679 tia
2324 2625 2466 2681 male
2504 2627 2584 2681 uti
2619 2628 2832 2700 potest?
2860 2628 3052 2685 Mediis
3081 2645 3211 2687 vero
3240 2632 3427 2695 bouis.
3457 2632 3806 2704 minimisque

2218 2730 2318 2787 pro
2346 2717 2574 2775 arbitrio
2606 2722 2806 2778 utentis
2847 2731 2919 2778 et
2951 2732 3099 2779 recte
3127 2725 3328 2780 vivitur
3368 2721 3391 2755 ⁸
3434 2736 3488 2799 et
3532 2741 3803 2796 perverse.

2218 2805 2405 2864 Potest
2430 2810 2573 2865 enim
2596 2811 2793 2881 aliquis
2814 2813 2864 2868 in
2891 2814 3198 2884 disciplina,
3227 2816 3377 2873 verbi
3410 2832 3596 2881 causa,
3622 2818 3804 2888 dispu-

2219 2901 2388 2967 tandi,
2434 2917 2573 2973 quae
2619 2905 2817 2960 dicitur
2864 2907 3178 2971 dialectica,
3206 2909 3608 2981 peritus,.quae
3656 2909 3803 2963 nullo

2216 2993 2496 3052 dubitante
2525 3010 2556 3051 a
2598 2997 2708 3051 Deo
2751 2997 2954 3055 homini
3003 2999 3255 3065 donatur,
3286 3000 3331 3054 si
3372 2992 3634 3065 voluerit,
3664 3005 3802 3071 bene
3893 3060 3901 3071 ,

2214 3084 2313 3151 ttti,
2342 3084 2597 3155 quoniam
2641 3087 2708 3141 ad
2754 3088 2859 3143 hoc
2902 3088 3205 3145 certissime
3249 3090 3370 3146 data
3412 3101 3529 3157 est,
3560 3092 3687 3147 dum
3718 3062 3800 3148 .ea
3886 3073 3892 3078 ’

2213 3174 2528 3246 ignorantes
2553 3190 2674 3230 eam
2703 3176 2899 3239 erudit,
2929 3193 3054 3249 vera
3088 3179 3332 3251 falsaque
3358 3179 3639 3241 discernit,
3663 3198 3795 3236 con-

2212 3265 2331 3322 lusa
2358 3265 2568 3331 dividit,
2598 3277 2847 3337 separata
2872 3268 3112 3341 colligit,
3145 3270 3202 3327 in
3227 3270 3482 3327 onmibus
3513 3273 3797 3328 veritatem

2210 3356 2454 3427 inquirit.
2485 3357 2668 3414 Potest
2699 3372 2731 3412 e
2779 3348 3056 3415 contrario
3087 3360 3393 3431 perniciose
3435 3361 3619 3418 vivere
3650 3361 3694 3426 ',
3726 3363 3797 3418 ad

2208 3450 2353 3519 quod
2379 3466 2484 3504 non
2511 3450 2770 3514 estdata,
2801 3449 2927 3505 dum
2956 3450 3090 3506 falsa
3125 3465 3227 3521 pro
3262 3452 3406 3508 veris
3444 3455 3750 3523 approbatis
3774 3494 3791 3520 ,

2208 3537 2345 3595 alios
2367 3539 2420 3594 iu
2448 3553 2693 3595 errorem
2733 3539 2942 3605 mittat,
2990 3540 3249 3613 falsisque
3290 3539 3794 3598 ratiocinationibus

2207 3629 2532 3701 simplicium
2552 3644 2743 3686 sensus
2763 3629 3080 3699 confundat,
3107 3630 3487 3689 confundenda
3511 3630 3788 3705 ealiginat,

522 3718 911 3792 froqueutant'
938 3728 993 3775 et
1016 3725 1294 3775 exercent.
1330 3715 1697 3774 Possumusne
1740 3716 1955 3774 tandem
1988 3717 2109 3772 nul-
2157 3744 2184 3759 ι
2208 3738 2278 3778 ne
2318 3731 2508 3775 eorum
2550 3718 2742 3774 oculos
2784 3718 3028 3783 interior,
3056 3720 3148 3790 qui
3177 3731 3261 3776 est
3286 3721 3523 3787 artiums,
3557 3724 3795 3779 ad-noti-
3875 3742 3878 3745 '

520 3816 631 3873 lam
657 3814 817 3870 istam
844 3825 1073 3886 poenam
1111 3818 1325 3882 putare,
1351 3824 1515 3882 quam
1534 3849 1550 3877 ,
1577 3817 1636 3866 ut
1668 3810 1867 3877 cernis,
1891 3826 2106 3877 omnes.

520 3893 613 3987 gul
638 3905 798 3983 [non]
819 3906 1102 3963 inhaerent
1128 3904 1151 3938 ⁶
1178 3904 1503 3977 sapientiae,
1534 3919 1761 3962 necesse
1783 3915 1867 3963 est
1907 3921 2099 3978 perpe-

484 4002 644 4058 ‘ti-2
670 4021 690 4054 ›
726 4000 867 4069 Quid
884 4006 1066 4056 autem
1094 3998 1324 4071 quisque
1346 3998 1663 4058 sectandum
1692 4010 1746 4056 et
1774 3999 2105 4070 amplecten-

520 4096 649 4150 dum
668 4091 851 4164 eligat,
880 4084 940 4149 in
967 4091 1248 4169 voluntate
1271 4105 1392 4148 esse
1417 4091 1651 4163 positum
1679 4092 1960 4158 constitit,
1986 4093 2103 4149 nul-

517 4184 679 4256 laque
709 4198 766 4241 re
789 4183 856 4240 de
875 4198 1001 4239 arce
1021 4181 1332 4239 dominandi
1359 4193 1615 4252 rectoque
1640 4182 1831 4239 ordine
1861 4191 2099 4240 mentem

518 4275 736 4347 deponi,
765 4275 866 4331 nisi
908 4272 1212 4338 voluntate,
1241 4281 1298 4328 et
1330 4281 1416 4329 est
1447 4272 1817 4338 manifestum,
1845 4288 1952 4329 non
1983 4289 2096 4330 rem

517 4365 705 4430 ullam,
740 4379 866 4422 cum
888 4378 954 4421 ea
982 4363 1214 4442 quisque
1244 4361 1384 4420 male
1408 4362 1598 4430 utitur,
1630 4363 1727 4419 sed
1754 4363 1931 4435 ipsum
1959 4363 2098 4431 male

506 4466 759 4520 utentem
790 4470 912 4513 esse
931 4455 1288 4526 arguentium.
1327 4442 1330 4445 ’
1808 4449 1811 4453 ’

528 4534 534 4538 ’
585 4546 672 4604 ιιι.
703 4545 970 4622 Quocirca
993 4545 1123 4601 licet
1150 4534 1293 4601 nunc
1316 4545 1746 4603 animadvertere
1772 4553 1830 4601 et
1848 4546 2095 4604 conside—

515 4653 664 4704 rare,
698 4646 882 4694 utrum
926 4636 1000 4693 sit
1038 4634 1185 4691 aliud
1218 4636 1360 4693 male
1387 4635 1599 4701 facere,
1627 4652 1790 4708 quam
1828 4624 2096 4710 neglectis

516 4730 680 4786 rebus
708 4726 965 4792 aeternis,
1007 4725 1205 4797 quibus
1247 4740 1344 4797 per
1376 4740 1438 4783 se
1483 4726 1653 4796 ipsam
1688 4741 1843 4782 mens
1869 4725 2093 4794 fruitur,

514 4828 573 4878 et
598 4836 699 4893 per
723 4834 784 4877 se
821 4819 995 4890 ipsam
1022 4816 1285 4889 percipit,
1330 4822 1390 4873 et
1430 4831 1568 4888 quae
1610 4831 1802 4874 amans
1840 4817 2094 4874 amittere

516 4923 627 4968 non
661 4918 843 4980 potest
865 4907 1217 4980 temporalia,
1244 4913 1303 4963 et
1328 4921 1578 4979 quaeque
1614 4919 1714 4977 per
1752 4921 1950 4978 corpus
1972 4923 2094 4978 par-

523 4991 633 5038 tem
650 4985 894 5061 homiuis
915 4986 1237 5042 vilissimum
1253 4989 1961 5062 sentiuntur,etnumquam
1981 5006 2108 5048 esse

519 5080 673 5130 certa
700 5088 951 5147 possunt,
974 5079 1131 5149 quasi
1155 5094 1351 5152 magna
1363 5092 1420 5137 et
1446 5082 1697 5139 miranda
1720 5086 1936 5157 sectari.
1968 5082 2101 5139 Nam

521 5169 627 5231 hoc
651 5187 764 5231 uno
818 5187 1024 5245 genere
1047 5173 1233 5231 omnia
1293 5175 1603 5244 malefacta,
1636 5176 1689 5232 id
1747 5187 1852 5241 est,
1878 5190 2098 5249 peccata

2211 3809 2351 3874 tiam.
2385 3808 2773 3887 puraeipsiUS
2818 3808 3063 3865 veritatis
3111 3811 3407 3881 perveniat.
3460 3809 3616 3867 Sicut
3659 3826 3793 3886 ergo

2209 3899 2323 3973 ipsa
2351 3889 2632 3979 disciplina
2654 3939 2670 3964 ,
2697 3899 2743 3954 si
2774 3898 2919 3955 inter
2961 3915 3155 3973 magna
3199 3892 3339 3958 bona
3389 3914 3789 3971 numeraretur,

2206 3991 2387 4048 nullus
2420 4005 2484 4047 ea
2515 3990 2754 4054 falleret,
2804 3991 2982 4047 nullus
3013 3991 3311 4068 falleretur,
3342 3994 3440 4060 ita,
3469 3993 3514 4051 si
3555 3993 3788 4069 liberum

2206 4082 2491 4153 arbitrium
2511 4081 2576 4151 in
2599 4097 2827 4139 numero
2850 4084 3173 4155 magnorum
3201 4084 3466 4149 bonorum
3489 4085 3787 4147 collocare-

2206 4182 2315 4240 tur,
2346 4172 2525 4230 nullus
2566 4165 2820 4232 eo‘male
2863 4185 3023 4232 utens
3066 4177 3241 4246 primo
3286 4177 3580 4255 laberetur,
3610 4179 3790 4236 nullus

2202 4280 2602 4339 consequenter
2647 4269 2789 4325 male
2831 4270 3032 4326 utendo
3074 4265 3379 4341 puniretur.
3427 4271 3560 4340 Quis
3605 4284 3787 4330 autem

2203 4372 2312 4414 non
2342 4357 2523 4414 videat
2547 4360 2987 4431 lrequeutissime
3010 4362 3258 4418 homines
3284 4363 3422 4419 male
3449 4371 3660 4420 utentes
3680 4366 3785 4420 tui-

2125 4491 2181 4557 Β
2202 4448 2366 4504 nimis
2389 4448 2577 4514 bonis,
2603 4466 2633 4503 a
2665 4450 2774 4506 Deo
2806 4461 2984 4506 tamen
3016 4452 3355 4521 cornitiissis,
3389 4463 3445 4509 ut
3490 4463 3616 4509 sunt
3655 4471 3780 4526 spe-

2200 4537 2315 4594 cies
2357 4552 2650 4609 corporeae
2675 4580 2690 4605 ,
2719 4554 3016 4611 earumque
3068 4543 3497 4613 pulchritudines
3519 4584 3536 4609 ,
3590 4546 3787 4614 quibus

2200 4617 2437 4687 maxima
2461 4632 2745 4687 hominum
2776 4632 3063 4689 multitudo
3092 4635 3161 4689 ad
3186 4635 3367 4693 varias
3387 4650 3576 4691 eorum
3605 4635 3782 4690 libidi-

2198 4735 2299 4776 nes
2336 4720 2631 4792 explendas
2672 4721 2951 4779 mortifere
3000 4724 3190 4790 utitur,
3236 4740 3358 4779 cum
3401 4724 3605 4780 eisdem
3650 4725 3781 4795 ipsis

2197 4813 2308 4887 pie,
2344 4814 2509 4884 justo,
2542 4823 2797 4885 recteque
2836 4824 3120 4876 uterentur
3161 4815 3229 4871 ad
3268 4815 3518 4870 meritum
3548 4816 3782 4872 beatitu-

2199 4904 2341 4962 dinis
2367 4919 2517 4971 suae,
2545 4905 2591 4960 si
2620 4920 2715 4961 eas
2739 4905 2806 4960 ad
2834 4904 3045 4961 laudem
3068 4904 3343 4962 Creatoris
3370 4907 3669 4960 referrent?

2286 4996 2352 5050 ll.
2381 4995 2488 5052 Sed
2520 5004 2578 5070 ut
2602 4996 2736 5055 haec
2750 4997 3395 5069 apertiusapprobemus,
3419 5002 3592 5057 sancti
3615 5001 3793 5058 Patris

2208 5087 2500 5157 Augustini
2532 5090 2853 5160 suaviloqua
2882 5089 3044 5145 verba
3074 5093 3323 5159 ponenda
3348 5086 3500 5146 sunt.
3531 5092 3618 5145 Ait
3641 5092 3788 5145 enim

2207 5180 2264 5235 in
2298 5179 2440 5237 libro
2474 5183 2716 5240 secundo
2736 5184 2803 5240 de
2823 5183 2997 5240 libero
3012 5171 3241 5241 arbitrio
3272 5202 3328 5241 τι
3357 5183 3617 5241 Constitit
3645 5187 3791 5240 inter

1804 5272 2057 5330 VARIAE
2099 5274 2502 5340 LECTIONES.

594 5358 782 5442 ‘nCod.
810 5362 1272 5442 ιιὶέιξζηιιοιιιὶηιιε.Δ
1315 5370 1338 5401 ³
1371 5365 1444 5421 Μ.
1478 5378 1767 5425 coarctare.
1795 5369 1865 5442 “3
1890 5370 2020 5437 Cod.
2052 5373 2314 5442 duipare.
2392 5376 2415 5406 ⁸
2451 5374 2542 5431 Sic
2566 5376 2718 5442 cod.,
2751 5375 2820 5430 Μ.
2858 5377 3083 5431 adurere
3109 5386 3161 5432 et
3187 5380 3253 5431 ad
3282 5390 3453 5442 marg.
3484 5376 3667 5433 adscr.
3704 5375 3780 5435 at,

523 5431 800 5531 gdgffeig"
859 5433 1216 5531 ’ἐστὶςᾷ
1242 5435 1661 5531 fr'equentpn‘mr.
1723 5442 1760 5531 J'
1782 5438 1903 5531 A‘gn
2068 5431 2215 5531 coda;
2237 5444 2304 5531 gl.
2333 5431 2771 5531 mandaueram,
2793 5462 2848 5502 et
2870 5450 2935 5503 ad
2960 5431 3137 5519 marg.
3161 5450 3340 5504 adscr.
3364 5431 3438 5501 at
3474 5431 3773 5500 inhaerent.

582 5502 675 5557 Sic
699 5502 850 5570 cod.,
879 5503 950 5561 Il.
984 5505 1186 5561 homini
1210 5502 1399 5564 a'Déo.
1475 5510 1496 5542 ⁸
1530 5510 1623 5565 Sic
1648 5511 1797 5578 cod.,
1820 5509 1890 5567 Μ.
1918 5513 2106 5569 utitur.
2183 5517 2204 5547 ⁹
2237 5510 2331 5570 Sic
2366 5519 2519 5583 cod.,
2554 5517 2624 5572 Μ.
2655 5522 2757 5573 uti.‘

2026 5602 2276 5661 NOTAE.

598 5680 629 5712 ι
664 5673 951 5744 Augustin.
989 5673 1221 5731 “libero
1238 5676 1456 5733 arbitrio
1487 5678 1527 5747 Ι,
1566 5681 1654 5735 ll.
